3818 6216
364 282 466 337 687
1497 282 1555 339 S.
1602 280 1970 337 BARNABAS
2012 274 2443 333 APOSTOLUS.
3535 274 3665 329 668

437 400 570 464 Quas
630 400 695 453 de
752 416 903 469 opere
948 402 1061 471 ipso
1110 402 1336 457 dicenda
1377 413 1691 473 supersunt,
1736 413 1791 455 ut
1844 403 1942 455 viri
1973 407 2019 461 Α
2046 397 2207 449 stolos
2234 412 2356 448 suos
2390 394 2627 464 elegisset
2655 390 2967 463 Jesus,qui
2982 398 3135 445 erant
3158 391 3302 445 omni
3331 389 3661 459 iniquitate

364 491 541 557 magni
585 492 850 545 memoria:
886 492 1032 545 litem
1053 532 1068 555 ,
1103 495 1269 546 verbis
1312 495 1664 548 illustrissimi
1694 494 1937 563 primatis
2038 489 2345 557 iniquiores.
2374 484 2474 539 Ubi
2500 485 2829 540 Catholicam
2859 485 2999 540 hanc
3027 484 3269 554 appellat
3286 484 3603 552 epistulam
3630 524 3654 545 ,

362 580 640 645 prwdicti,
671 598 789 651 qua:
823 584 1066 650 ﬂammas
1093 596 1397 649 evaserant,
1423 585 1690 639 exhibebo.
2038 581 2182 649 quod
2232 580 2363 632 nulli
2414 577 2728 647 particulari
2782 577 2863 632 vel
2919 592 3193 646 personat,
3234 576 3315 629 vel
3358 574 3654 628 Ecclesia:

360 724 541 761 JACOBI
576 726 879 764 ARIACBANI
902 727 967 763 DE
1000 728 1248 765 ΒΛΗΝΑΒΔΕ
1286 730 1543 767 EPISTULA
1571 729 1932 767 PILEIONITIO.

439 843 455 873 ι
482 822 767 895 Polycarpi
796 826 861 878 ad
886 824 1258 895 Philippenscs
1284 826 1603 896 Epistolam,
1632 829 1785 897 longe
1807 844 1935 897 pro-

362 916 610 969 lixiorem
657 917 745 970 illa
794 934 915 985 qum
963 919 1194 971 habetur
1239 924 1381 988 typis
1408 936 1641 985 excusa,
1690 920 1829 988 apud
1878 936 1934 973 se

359 1004 545 1060 Graece
601 1007 860 1075 scriptam
904 1008 1209 1072 exstitisse,
1264 1008 1543 1061 Bamnio'
1589 1018 1934 1077 persuaserat

359 1094 684 1149 Franciscus
737 1094 1074 1162 Turrianus,
1120 1096 1407 1151 Societatis
1461 1098 1589 1153 .lcsu
1630 1100 1927 1169 presbyter.

358 1186 462 1239 Sed
510 1188 803 1256 exemplari
850 1188 995 1242 illius
1038 1188 1354 1257 diligentius
1402 1190 1678 1258 insz-cto,
1725 1198 1929 1257 partem

356 1277 525 1346 ipsius
558 1279 851 1332 maximam
883 1279 949 1331 ad
978 1280 1303 1347 epistolam,
1349 1296 1469 1349 quae
1501 1280 1763 1334 Barnabw
1799 1297 1930 1350 apo-

353 1367 473 1421 stoli
505 1367 781 1423 ferebatur
805 1369 933 1422 olim
968 1370 1186 1423 nomine
1208 1412 1221 1435 ,
1248 1372 1601 1439 pertinuisse,
1626 1372 1927 1439 deprehen-

351 1458 431 1511 dit
460 1468 646 1526 postea
683 1457 919 1513 Jacobus
961 1459 1320 1525 Sirmondus,
1351 1461 1593 1529 ejusdem
1641 1461 1928 1515 Soeietatis

352 1549 655 1619 theologus.
706 1549 891 1621 Neque
932 1552 1088 1605 aliter
1137 1553 1431 1619 habuisse,
1465 1554 1546 1606 vel
1589 1554 1929 1608 bibliotheca:

352 1639 659 1709 Vaticana,
686 1644 768 1697 vel
798 1644 1091 1698 cardinalis
1132 1644 1427 1698 Columnaei
1460 1645 1678 1699 codices
1700 1686 1713 1710 ,
1738 1654 1924 1699 osten-

348 1729 429 1784 dit
456 1729 647 1787 Petrus
678 1731 980 1788 llalloixius
1000 1734 1041 1800 ³,
1076 1742 1130 1787 et
1160 1735 1273 1802 ipse
1304 1734 1525 1804 jesuita.

424 1862 445 1897 s
468 1842 670 1916 Nempe
698 1847 751 1900 in
777 1847 953 1917 primo
978 1849 1273 1918 exemplari
1296 1891 1311 1914 ,
1342 1865 1407 1903 ex
1440 1865 1550 1919 quo
1578 1850 1927 1905 Columnaaus

349 1935 439 1989 ille
482 1938 650 1991 codex
691 1939 805 2009 (qui
844 1940 1086 1993 omnium
1129 1950 1351 2009 putatur
1392 1942 1835 2011 antiquissimusl
1874 1952 1927 1997 et

347 2028 541 2098 reliqui
568 2030 659 2099 qui
692 2041 985 2099 supersunt
1012 2032 1172 2087 hodie
1205 2042 1333 2087 sunt
1359 2034 1648 2103 descripti,
1676 2034 1926 2088 librario-

346 2134 467 2172 rum
506 2120 637 2174 vitio
682 2122 967 2190 quaternio
1019 2123 1101 2176 vel
1141 2125 1381 2179 omissus
1425 2125 1509 2177 vel
1563 2127 1925 2196 transpositus

343 2217 430 2263 est
457 2228 471 2263 :
505 2211 663 2279 cujus
688 2211 899 2267 defectu
941 2214 1144 2268 factum
1176 2224 1260 2268 est
1280 2256 1295 2279 ,
1327 2226 1388 2269 ut
1418 2216 1469 2269 in
1500 2215 1705 2271 Graecis
1731 2232 1923 2286 super-

344 2303 564 2358 stitibus
594 2315 648 2358 et
678 2305 837 2359 liuent
867 2307 1111 2376 epistolae
1140 2306 1425 2378 Polycarpi
1453 2307 1849 2375 desideremus,
1869 2319 1925 2363 et

343 2393 673 2463 principium
706 2395 991 2454 Barnabaz.

418 2503 437 2537 ι
468 2484 602 2539 Nam
632 2487 787 2558 longe
813 2490 1217 2559 antiquioribus
1246 2492 1410 2546 etiam
1437 2493 1794 2561 temporibus,
1814 2508 1922 2547 non

343 2573 533 2647 lgnatii
566 2580 741 2634 solum
772 2580 979 2636 litteras
1009 2582 1137 2637 huic
1166 2581 1451 2652 Polycarpi
1477 2581 1734 2652 Epistolaz
1758 2583 1922 2652 (quod

341 2683 407 2721 ex
450 2668 556 2723 [hic
594 2670 763 2738 ipsius
812 2671 1003 2741 liquet)
1057 2673 1330 2741 subjectas
1367 2672 1573 2737 fuisse,
1618 2673 1711 2726 sed
1759 2672 1922 2727 simul

340 2773 465 2810 cum
503 2760 583 2813 eis
607 2770 655 2813 et
683 2760 841 2814 istam
875 2758 1137 2815 Barnabas
1163 2780 1175 2815 :
1202 2778 1267 2815 ex
1293 2763 1384 2815 illo
1415 2760 1732 2832 Hieronymi
1777 2762 1918 2827 loco,

342 2848 395 2900 in
422 2848 561 2904 libro
605 2866 666 2903 ιιι
713 2849 959 2906 adversus
1004 2852 1348 2924 Pelagianos,
1376 2854 1687 2908 blandiente
1734 2854 1922 2922 conje-

340 2948 528 3003 ctura.
567 2951 625 2994 ut
655 2942 962 3007 crederem,
998 2944 1405 3013 peneinductus
1436 2960 1557 2999 sum
1589 2962 1602 2998 :
1635 2942 1880 3015 Ignatius
1901 2985 1916 3008 ,

339 3033 422 3086 tir
457 3033 776 3102 apostolicus
822 3044 869 3089 et
915 3044 1138 3106 martyr,
1174 3036 1358 3089 scribit
1403 3036 1657 3090 audacter
1688 3052 1707 3091 :
1746 3036 1921 3107 Elegit

2039 672 2299 738 inscripta
2348 685 2411 722 ea
2468 678 2653 734 esset,
2712 668 2807 722 sed
2856 667 3293 721 Christianorum
3342 663 3647 728 fratrum,

2038 761 2352 828 ubicunque
2380 758 2691 828 degentium
2715 797 2729 818 .
2761 757 2860 825 ipsi
2886 756 3247 810 universitati.
3274 753 3457 824 Neque
3486 767 3647 807 vero

2037 853 2345 917 mirabitur,
2400 850 2590 921 lgnatii
2658 858 2879 903 nomine
2933 850 3254 918 productum
3310 847 3483 901 fuisse
3559 847 3644 903 ab

2035 942 2385 1014 Hieronymo,
2410 943 2553 1012 quod
2576 951 2694 995 erat
2718 941 2975 995 Barnaba:
3000 958 3015 1005 ;
3044 940 3137 1009 qui
3162 938 3423 992 Barnabas
3443 939 3639 993 etiam

2034 1037 2192 1091 titulo
2248 1053 2278 1090 a
2325 1035 2602 1089 Clemente
2634 1032 3001 1087 Alexandrino
3045 1031 3323 1085 laudatum
3360 1030 3641 1094 animad-

2031 1129 2289 1194 verterit,
2322 1128 2468 1197 quod
2510 1128 2759 1181 Romano
2810 1125 3079 1180 Clementi
3120 1124 3296 1178 fuerat
3324 1122 3636 1177 ascriben-

2030 1221 2181 1275 dum.
2209 1219 2258 1274 ls
2280 1221 2423 1274 enim
2457 1220 2622 1273 citato
2650 1220 2769 1273 loco
2819 1217 3014 1287 psalmi
3067 1216 3301 1287 (Aperite
3326 1215 3455 1267 mihi
3487 1230 3632 1282 por-

2032 1321 2113 1363 tas
2144 1310 2408 1378 justitite,
2448 1311 2500 1363 in
2535 1312 2679 1376 ipsas
2723 1310 2988 1377 ingressus
3026 1305 3313 1374 conﬁtebor
3350 1304 3631 1366 Domino;

2029 1401 2138 1454 hau:
2173 1410 2248 1454 est
2292 1410 2447 1469 porta
2490 1400 2737 1465 Domini,
2761 1400 2900 1467 justi
2948 1397 3249 1451 transibunt
3280 1413 3371 1465 per
3399 1413 3525 1449 eam
3552 1396 3629 1463 ‘),

2028 1493 2306 1560 propheta:
2328 1493 2532 1545 dictum
2560 1492 2661 1546 hoc
2682 1507 2713 1545 a
2737 1490 2985 1545 Barnaba
3006 1491 3085 1545 sic
3106 1488 3413 1558 expositum
3440 1486 3631 1541 fuisse

2027 1581 2135 1635 ait:
2164 1581 2379 1633 Πολλῶν
2434 1581 2615 1633 πυλῶν
2662 1580 3003 1651 ἁνεῳγυιῶν,
3051 1582 3084 1651 ἡ
3128 1576 3256 1651 [ὲν]
3295 1577 3627 1649 δικαιοσύνῃ

2028 1669 2168 1741 αὕτη
2222 1673 2435 1743 ἐστὶνὴ
2489 1674 2545 1727 ὲν
2574 1672 2824 1744 Χριστῷ,
2860 1665 2977 1744 ἐνῇ
3011 1672 3269 1742 μακάριοι
3314 1670 3515 1733 πάντες
3568 1670 3625 1720 οἱ

1957 1781 1998 1836 Β
2026 1761 2372 1825 εἰσελθόντες.
2418 1764 2551 1817 Cum
2598 1765 2779 1817 multa!
2829 1773 2995 1833 portat
3041 1765 3148 1817 sint
3210 1772 3442 1832 apertte;
3489 1777 3626 1831 qua:

2025 1863 2102 1908 est
2123 1854 2389 1924 justitiae,
2426 1872 2489 1908 ea
2521 1865 2596 1909 est
2629 1858 2685 1908 in
2728 1856 2939 1911 Christo
2966 1870 2985 1907 :
3020 1873 3076 1909 in
3109 1872 3263 1925 quam
3309 1855 3449 1907 beati
3484 1863 3625 1906 sunt

2025 1960 2201 1998 omnes
2242 1948 2332 2014 qui
2376 1956 2497 1999 sunt
2530 1946 2773 2016 ingressi.
2814 1946 2945 2012 Quae
2980 1947 3196 2016 quidem
3220 1987 3235 2012 ,
3266 1947 3318 1999 in
3359 1945 3623 1999 Barnaba

2027 2033 2233 2087 frustra
2282 2034 2546 2103 quaesita,
2603 2036 2656 2088 in
2712 2036 2893 2104 priore
2934 2036 3229 2090 Clementis
3281 2034 3524 2104 Epistola
3562 2038 3625 2100 (a

2024 2124 2343 2178 doctissimo
2366 2124 2603 2181 Patricio
2622 2125 2787 2181 Junio
2816 2144 2923 2181 non
2953 2127 3027 2181 ita
3049 2127 3256 2197 pridem
3282 2129 3451 2197 edita)
3481 2128 3623 2181 toti-

2024 2212 2146 2267 dem
2178 2213 2357 2268 verbis
2386 2230 2642 2283 expressa
2672 2216 3003 2271 invenimus.

2106 2322 2126 2355 ι
2158 2302 2329 2358 Porro
2358 2304 2494 2359 duas
2527 2305 2691 2359 hasce
2728 2304 3074 2374 imperfectas
3096 2304 3379 2376 Polycarpi
3402 2315 3458 2359 et
3480 2303 3622 2357 Bar-

2024 2398 2179 2453 nabas
2209 2398 2425 2455 Grmcas
2456 2402 2714 2470 epistolas
2734 2443 2749 2468 ,
2785 2417 2851 2456 ex
2883 2402 3113 2457 Andreae
3142 2402 3350 2457 Schotti
3375 2418 3619 2473 apogra-

2024 2490 2132 2559 pho
2162 2506 2262 2545 sua
2306 2508 2469 2545 manu
2513 2493 2815 2562 descriptas
2847 2494 2931 2547 vir
2969 2495 3312 2549 clarissimus
3341 2496 3618 2549 Claudius

2025 2581 2359 2648 Salinasius,
2392 2600 2499 2638 una
2539 2594 2665 2638 cum
2695 2586 2918 2655 antiqua
2959 2585 3149 2640 Latina
3178 2586 3439 2641 Barnabas
3483 2604 3616 2640 ver-

2023 2674 2178 2729 sione
2203 2717 2217 2741 ,
2259 2692 2325 2729 ex
2348 2687 2529 2731 vetere
2567 2676 2914 2735 Corbeiensis
2957 2679 3299 2734 bibliothecae
3342 2680 3530 2734 codice
3583 2695 3619 2733 a

2021 2764 2235 2819 Joanne
2263 2764 2530 2821 Cordesio
2556 2768 2826 2837 exscripta
2851 2809 2865 2833 ,
2896 2766 3084 2822 Isaaco
3115 2767 3337 2834 Vossio,
3363 2768 3616 2822 celeber-

2022 2856 2149 2909 rimi
2196 2857 2343 2911 illius
2377 2857 2603 2911 Gerardi
2644 2858 2755 2911 lilio
2778 2900 2793 2923 ,
2827 2874 3055 2913 summa:
3086 2860 3199 2928 spei
3233 2859 3420 2929 juveni
3444 2900 3459 2923 ,
3492 2870 3615 2913 tra-

2023 2948 2202 3005 didit:
2266 2966 2430 3020 qnam
2475 2966 2599 3004 cum
2647 2950 2836 3005 Graeco
2881 2950 3141 3006 Barnabas
3180 2961 3327 3006 textu
3374 2952 3614 3021 conjun-

2022 3050 2200 3107 ctam,
2251 3042 2447 3097 additis
2490 3042 2653 3096 etiam
2679 3042 2907 3097 eruditis
2944 3042 3206 3109 notis,ad
3252 3044 3462 3112 prelum
3512 3042 3607 3095 ille

339 3122 597 3177 Dominus
627 3126 890 3194 apostolos
912 3166 925 3189 ,
952 3127 1043 3196 qui
1077 3142 1234 3195 super
1261 3143 1437 3179 onmes
1468 3127 1701 3180 homines
1736 3144 1919 3196 pecca-
1946 3121 1990 3182 C
2022 3134 2323 3204 apparavit.
2352 3131 2422 3187 Ut
2456 3133 2620 3204 igitur
2662 3133 2714 3186 in
2754 3132 2998 3205 Sylloges
3034 3134 3198 3203 hujus
3227 3133 3383 3187 initio
3403 3174 3418 3199 ,
3452 3132 3611 3187 Cra:-

340 3224 477 3269 tores
525 3228 697 3270 erant.
749 3214 819 3271 Ut
874 3216 1019 3270 enim
1066 3219 1118 3271 in
1169 3220 1472 3287 posteriore
1516 3218 1919 3289 lgnatianarum

338 3304 705 3377 Epistolarum
733 3309 1054 3364 collectione
1074 3352 1087 3375 ,
1107 3326 1233 3365 cum
1270 3311 1495 3380 reliquis
1516 3312 1753 3381 praeﬁxa:
1782 3310 1921 3367 fuis-

338 3409 462 3455 sent
506 3398 689 3455 Μαι-ἦξε
725 3399 1073 3456 Castabalita:
1112 3402 1332 3457 nomine
1380 3404 1653 3473 inscripta:
1696 3405 1918 3471 littera,

336 3508 432 3548 eas
455 3493 621 3548 etiam
654 3494 829 3565 ipsius
859 3492 1051 3563 lgnatii
1084 3494 1347 3566 inscripto
1378 3496 1569 3563 titulo,
1610 3497 1664 3549 in
1697 3496 1919 3552 Antonii

339 3585 604 3641 Ilelissa‘
657 3587 951 3656 productas
1021 3587 1193 3643 fuisse
1240 3589 1728 3644 animadvertimus
1776 3608 1789 3643 :
1846 3588 1918 3643 ita

336 3680 502 3735 etiam
532 3681 585 3735 in
623 3682 803 3751 priore
838 3682 961 3748 illa,
986 3698 1111 3737 cum
1145 3682 1287 3737 inter
1319 3681 1604 3752 Polycarpi
1641 3691 1695 3737 et
1728 3681 1917 3752 lgnatii

336 3772 513 3828 eidem
541 3773 863 3844 subjunetas
890 3775 1183 3844 epistolas,
1208 3774 1371 3830 etiam
1412 3775 1502 3828 illa
1543 3773 1809 3828 Barnabas
1837 3775 1919 3827 in-

340 3864 602 3932 terposita
666 3864 977 3935 legeretur;
1035 3882 1142 3920 non
1200 3866 1399 3919 mirum
1459 3865 1505 3919 si
1559 3865 1916 3936 ἁμαρτήματι

339 3954 655 4025 μνημονικῷ
690 3955 1004 4022 consimili,
1051 3964 1105 4009 et
1155 3956 1346 4009 eodem
1396 3955 1557 4009 modo
1581 3953 1915 4021 excusabili,

337 4044 527 4117 lgnatii
558 4048 781 4103 nomine
809 4049 1057 4103 citaverit
1095 4047 1457 4119 Hieronymus
1476 4087 1492 4115 ,
1524 4048 1671 4117 quod
1701 4047 1917 4117 proprie

335 4149 455 4192 erat
481 4139 828 4193 tribuendum
858 4139 1139 4193 Barnabas.

413 4248 433 4281 ι
458 4228 515 4283 1η
551 4246 613 4285 ea
643 4230 824 4296 enim,
847 4246 1012 4299 quam
1051 4246 1197 4285 nunc
1222 4230 1448 4296 damus,
1479 4229 1627 4285 illius
1648 4228 1914 4300 Epistola,

337 4324 605 4378 sententia
652 4324 768 4379 haec
795 4332 1008 4393 reperta
1041 4323 1325 4385 εειεΤοὺς
1373 4322 1534 4386 ἰδίους
1590 4323 1915 4387 ἀποστόλους

334 4417 459 4480 τοὺς
495 4416 784 4487 μέλλοντας
815 4415 1110 4487 κηρύσσειν
1141 4414 1201 4467 τὸ
1218 4412 1543 4483 Εὐαγγέλιον
1568 4415 1732 4467 αὐτοῦ
1756 4456 1769 4481 ,
1801 4415 1917 4481 ἐξε-

335 4507 526 4575 λέξατο
563 4510 721 4573 ὃντας
769 4509 909 4580 ὑπὲρ
960 4509 1137 4560 πᾶσαν
1179 4508 1448 4578 ἁμαρτίαν
1513 4508 1908 4580 άνομωτέρους.

335 4606 508 4672 Quam
528 4616 579 4660 et
598 4616 722 4660 ante
736 4604 1046 4674 Hieronymi
1066 4613 1309 4672 tempora
1332 4602 1383 4654 in
1406 4601 1594 4655 eadem
1620 4602 1917 4668 exstitisse,

334 4700 497 4752 verba
545 4700 631 4752 illa
666 4697 917 4767 Origenis
943 4697 963 4727 ⁵
992 4696 1148 4749 [idem
1181 4694 1387 4747 faciunt
1417 4711 1428 4745 :
1476 4710 1492 4742 ι
1518 4693 1829 4763 Γέγραπται
1861 4693 1916 4745 δὲ

335 4794 392 4845 ὲν
415 4795 479 4862 τῇ
504 4792 754 4863 Βαρνάϐα
776 4788 1049 4858 ΚαΟολικῇ
1078 4786 1336 4857 ἐπιστολῇ
1373 4784 1513 4853 (ὅθεν
1537 4786 1564 4837 ὁ
1589 4784 1792 4848 Κέλσος
1819 4785 1915 4837 λα-

335 4883 442 4939 ϐὼν
475 4887 615 4955 τάχα
645 4881 817 4945 εἶπεν,
852 4879 987 4934 εἶναι
1016 4882 1345 4951 ὲπιρῤήτους
1379 4878 1471 4929 καὶ
1516 4877 1915 4947 πονηροτάτους

335 4981 459 5042 τοὺς
510 4975 977 5044 ἀποστόλο’δς),ὅτι
1010 4972 1289 5038 ἐξελέξατο
1316 4972 1441 5027 τοὺς
1472 4968 1632 5031 ἰδίους
1688 4967 1916 5020 ἀποστό-

334 5072 459 5135 λους
499 5068 702 5139 Ἰησοῦς
750 5067 908 5129 ὄντας
961 5065 1101 5135 ὑπὲρ
1146 5066 1324 5117 πᾶσαν
1363 5060 1590 5131 ἀνομίαν
1639 5060 1912 5130 ἀνομωτέ-

336 5180 512 5234 pauc.»
533 5159 804 5227 Scriptum
847 5166 924 5209 est
975 5172 1099 5209 sane
1132 5156 1183 5207 in
1206 5153 1471 5207 Barnaba:
1503 5149 1780 5204 Catholica
1803 5152 1914 5219 cpi--

334 5255 473 5307 stola
539 5250 699 5322 (unde
734 5250 961 5319 fortasse
993 5247 1176 5303 Celsus
1205 5247 1533 5299 occasionem
1560 5243 1818 5312 arripuit,
1854 5256 1910 5297 ut

334 5342 602 5412 apostolos
636 5341 859 5411 infames
888 5350 934 5393 et
968 5337 1310 5407 nequissimos
1340 5336 1592 5407 diceret),
1617 5334 1755 5405 quod
1784 5352 1912 5403 apo-

407 5487 427 5517 ²
452 5485 676 5546 Baron.,
700 5480 884 5534 Natat.
922 5479 975 5531 in
999 5478 1344 5548 Jlartyrolog.
1384 5478 1529 5531 Rom.
1552 5475 1777 5531 Januar.
1811 5477 1900 5548 26.

392 5555 593 5610 Meliss.
623 5553 716 5605 lib.
747 5568 803 5614 ιι,
835 5566 999 5604 scrin.
1064 5551 1148 5604 19.

2024 3238 2150 3275 cum
2197 3221 2555 3294 Polycarpum
2576 3264 2591 3289 ,
2624 3224 2923 3292 posteriore
2971 3223 3055 3277 sui
3099 3232 3252 3293 parte
3282 3239 3345 3277 ex
3380 3224 3611 3293 antiqua

2027 3316 2280 3370 versione
2318 3314 2509 3368 Latina
2543 3314 2850 3383 suppletum
2873 3356 2887 3381 ,
2922 3314 3268 3368 exhibuimus
3296 3332 3308 3367 :
3345 3315 3417 3366 ita
3450 3323 3506 3367 et
3540 3314 3610 3366 ad

2022 3408 2142 3478 ejus
2180 3406 2343 3461 ﬁnem
2384 3405 2695 3460 Barnabam
2720 3446 2734 3473 ,
2774 3405 2955 3474 priore
2984 3406 3068 3460 sui
3100 3414 3253 3475 parte
3281 3420 3346 3459 ex
3375 3405 3487 3458 alia
3515 3420 3609 3459 ve-

2022 3509 2137 3554 tere
2192 3498 2642 3569 interpretatione
2687 3497 2936 3553 similiter
2980 3496 3406 3567 redintegratum
3460 3498 3605 3564 (non

2022 3593 2141 3646 sine
2185 3590 2565 3645 humanissimi
2610 3588 2791 3645 Vossii
2829 3590 3150 3657 consensu)
3215 3598 3608 3658 reprasentare

2020 3684 2199 3740 visum
2250 3682 2373 3737 fuit.
2409 3680 2486 3735 Er.
2532 3681 2691 3751 cujus
2737 3681 3027 3751 utriusque
3069 3680 3361 3736 collatione
3413 3690 3606 3735 mutua

2018 3782 2101 3829 est
2122 3772 2543 3844 deprehensum,
2574 3788 2681 3825 non
2708 3771 2885 3825 solum
2919 3773 3153 3841 primam
3186 3770 3441 3840 Epistolas
3479 3786 3604 3839 par-

2020 3876 2129 3922 tem
2157 3866 2210 3920 in
2241 3865 2542 3936 exemplari
2567 3863 2761 3918 Latino
2795 3862 2966 3918 fuisse
2992 3874 3369 3918 conservatam
3390 3906 3405 3929 ,
3438 3878 3602 3932 quam

2019 3957 2258 4014 defuisse
2299 3957 2542 4011 diximus
2585 3957 2639 4009 in
2672 3955 2895 4022 Graeco;
2940 3956 3031 4009 sed
3070 3956 3232 4009 etiam
3273 3964 3603 4024 postremam

2018 4050 2138 4104 vice
2163 4064 2319 4103 versa
2350 4056 2615 4102 retentam
2646 4045 2815 4101 fuisse
2865 4046 2917 4098 in
2949 4045 3171 4109 Graeco,
3202 4061 3322 4115 quae
3356 4046 3543 4099 aberat
3571 4062 3604 4099 a

2018 4140 2210 4195 Latino
2229 4180 2244 4204 ,
2277 4148 2439 4209 atque
2466 4140 2519 4192 in
2546 4137 2885 4192 intermediis
2912 4147 3195 4207 praeterea,
3220 4137 3479 4191 nonnulla
3507 4137 3604 4191 ha-

2019 4232 2145 4287 bere
2185 4231 2432 4287 Graecum
2470 4246 2591 4299 quas
2627 4229 2826 4283 desunt
2865 4229 2919 4282 in
2963 4229 3155 4283 Latino
3179 4230 3221 4294 ⁷,
3260 4237 3314 4283 et
3349 4227 3601 4284 Latinum

2020 4338 2215 4378 rursus
2246 4338 2368 4391 quae
2403 4335 2510 4373 non
2541 4320 2888 4389 reperiuntur
2916 4319 2968 4372 in
2994 4319 3219 4386 Graeco;
3258 4320 3416 4388 cujus
3440 4338 3600 4389 gene-

2022 4416 2097 4469 ris
2137 4430 2199 4468 ea
2234 4422 2400 4479 sunt,
2438 4427 2560 4481 qua:
2591 4411 2647 4464 in
2680 4419 2914 4480 utroque
2946 4420 3204 4465 contextu
3240 4414 3395 4466 uncis
3434 4413 3603 4465 inciu-

2024 4505 2198 4559 denda
2236 4506 2571 4559 curavimus.

2098 4616 2116 4646 s
2148 4596 2227 4651 Ex
2257 4597 2473 4651 duobus
2500 4607 2681 4651 autem
2719 4597 3008 4667 prmeipuis
3050 4596 3310 4650 membris
3342 4603 3451 4648 tota
3490 4595 3599 4650 hzec

2021 4696 2233 4743 constat
2269 4684 2548 4755 Epistula:
2583 4703 2707 4757 qua:
2752 4687 2803 4739 in
2839 4698 3091 4740 contextu
3119 4685 3308 4740 Graeco
3337 4686 3438 4739 hac
3464 4686 3600 4740 inter

2019 4798 2077 4836 se
2108 4785 2429 4839 transitione
2456 4799 2701 4838 connexa
2732 4784 3001 4837 videmus.
3038 4782 3225 4835 Ταῦτα
3248 4780 3363 4850 μὲν
3391 4780 3594 4845 οὕτως.

2018 4876 2451 4945 Μεταλάὅωμεν
2481 4876 2548 4929 δὲ
2584 4876 2682 4928 καὶ
2722 4875 2819 4927 ἐπὶ
2862 4873 3071 4941 ἑτέραν
3108 4871 3333 4941 γνῶσιν
3371 4870 3470 4923 καὶ
3514 4871 3595 4923 δι-

2017 4965 2237 5034 δαχήνο
2279 4967 2370 5021 ubi
2410 4983 2509 5036 pro
2545 4965 3000 5036 μεταλάϐωμεν,
3035 4965 3124 5017 alii
3159 4963 3591 5032 μεῖναὸἲὶιῑιιιμει·ν

2016 5056 2285 5113 Patricius
2311 5058 2506 5114 Junius
2552 5068 2738 5114 noster
2769 5057 3111 5126 μεταϐῶμεν
3155 5058 3440 5126 legendum
3471 5072 3595 5109 con-

2009 5152 2150 5219 jicit.
2179 5151 2233 5204 In
2259 5152 2438 5221 priore
2471 5161 2655 5205 autem
2689 5159 2842 5220 parte
2864 5150 3133 5204 sententia
3160 5151 3273 5202 hac
3302 5149 3595 5218 Iongeante

2014 5252 2367 5312 prmcesscrat
2418 5261 2431 5297 :
2480 5244 2664 5312 Ἔχεις
2722 5244 2816 5295 καὶ
2854 5243 2912 5295 ὲν
2972 5242 3146 5313 τούτῳ
3176 5240 3272 5311 τὴν
3310 5239 3467 5302 δόξαν
3506 5239 3590 5292 τοῦ

2025 5333 2233 5403 Ἰησοῦ,
2281 5335 2361 5387 ὅτι
2397 5335 2454 5386 ὲν
2497 5332 2643 5402 αὐτῷ
2684 5333 2896 5397 πάντα,
2944 5334 3034 5385 καὶ
3062 5336 3142 5396 εἰς
3189 5331 3382 5394 αὐτόν,
3434 5346 3588 5399 quam

1980 5478 1999 5507 ³
2028 5476 2087 5529 Ρ.
2115 5476 2348 5533 [lalloix.
2369 5477 2558 5532 Notat.
2585 5479 2636 5531 in
2656 5475 2759 5530 Vit.
2793 5474 3098 5545 Polycarpi,
3125 5488 3245 5543 cap.
3280 5472 3365 5535 16,
3395 5471 3481 5545 Π,
3508 5470 3585 5545 εξ.

1262 5539 1538 5617 σνυιυίςοιι.
1569 5558 1751 5619 contra
1795 5547 2026 5619 Celsum,
2053 5549 2147 5601 lib.
2186 5566 2224 5615 I,
2254 5566 2305 5619 p.
2339 5549 2428 5603 50.
2506 5551 2526 5578 "
2558 5539 2942 5619 Psal._cxvui.
2982 5539 3060 5619 al.
3096 5539 3237 5619 exvit
3264 5583 3279 5604 ,
3304 5560 3353 5619 υ.
3388 5541 3479 5607 19,
3503 5539 3585 5619 ξι).

398 5625 693 5693 lutei-qum
738 5611 800 5677 ρι’
847 5620 1017 5685 illul,
1089 5638 1117 5674 a
1179 5611 1457 5676 Clemente
1507 5618 1801 5673 Alexandr.
1865 5635 1890 5670 v

2030 5611 2218 5673 ὀηιαιί
2254 5611 2502 5675 ὀἰιιιιυιιι
2540 5638 2551 5673 :
2603 5616 2994 5688 Ἀτςλούστερον
3039 5616 3168 5685 ὑμῖν
3229 5613 3463 5683 γράφω,
3510 5611 3588 5665 ἵνα

348 5696 589 5765 συνῐητε.
