3818 6216
134 323 235 380 €69

136 539 286 604 tulit,
312 538 479 593 totius
518 536 773 606 Epistula:
831 539 1103 609 epilogum
1142 539 1286 594 hunc
1324 540 1458 594 satis
1506 542 1695 593 incon-

132 630 346 686 cinnum
374 638 641 685 statuens.
669 629 799 684 Haec
827 642 1003 684 autem
1025 632 1101 685 sic
1130 641 1271 685 sunt.
1303 631 1519 685 Habetis
1556 632 1692 685 intc-

132 723 228 776 rim
249 722 312 776 de
336 724 612 792 majestate
638 724 838 778 Christi
858 766 870 785 .
904 726 1162 794 quomodo
1201 728 1377 778 omnia
1418 727 1473 778 in
1509 725 1692 791 illum,

129 822 177 868 et
205 831 295 882 per
317 813 472 868 illum
496 816 639 885 facta
662 826 805 871 sunt.
834 817 936 872 Cui
965 819 1034 870 sit
1058 818 1243 883 honor,
1275 819 1460 883 virtus,
1500 816 1691 887 gloria,

119 920 262 959 nunc
306 915 359 959 et
406 906 461 959 in
504 907 699 962 saecula
743 908 1075 963 saeculorum.
1130 908 1379 963 Secunda
1439 908 1695 979 Epistola:

130 1002 274 1064 parte
310 996 529 1063 penitus
571 998 936 1066 praetermissa
964 1016 976 1051 :
1004 1014 1169 1068 quam
1217 998 1452 1065 ideirco,
1506 998 1695 1052 Latina

129 1086 481 1142 eruditissimi
529 1088 1089 1161 GerardiLangbaini
1142 1093 1428 1158 versione,
1480 1092 1535 1146 in
1594 1092 1695 1147 hac

130 1176 356 1232 editione
380 1179 816 1248 locupletandam
847 1183 1180 1239 curavimus.

200 1287 218 1319 ι
246 1268 326 1321 Ab
362 1269 469 1325 hac
511 1286 639 1325 vero
673 1273 899 1326 duarum
926 1274 1129 1327 viarum
1171 1276 1519 1332 distinctione
1569 1294 1696 1347 pars

130 1359 227 1414 ista
265 1360 417 1415 ducit
460 1363 790 1418 exordium:
850 1365 986 1418 Ὁδοὶ
1043 1365 1136 1419 δύο
1189 1368 1295 1420 εἰσὶ
1342 1368 1560 1439 διδαχῆς
1605 1367 1698 1421 καὶ

129 1448 395 1515 ἐξουσίας·
432 1454 469 1523 ἦ
501 1471 559 1506 τε
591 1453 684 1507 τοῦ
720 1456 894 1523 φωτὸς
916 1497 930 1520 ,
978 1458 1124 1529 καὶὴ
1170 1458 1261 1510 τοῦ
1302 1460 1541 1523 σκότους.
1572 1462 1699 1514 Δια-

130 1541 263 1613 φορὰ
280 1542 335 1596 δὲ
365 1544 536 1616 πολλὴ
567 1546 673 1599 τῶν
694 1546 785 1600 δύο
801 1546 954 1602 ὁδῶΨ
984 1550 1067 1617 ἐφ’
1081 1543 1149 1619 ἧς
1168 1550 1266 1620 μὲν
1280 1551 1388 1622 γάρ
1404 1554 1507 1604 εἰσι
1539 1568 1697 1604 τετα-

131 1635 309 1705 γμένοι
339 1641 664 1707 φωταγωγοὶ
690 1639 907 1709 ἄγγελοι
939 1641 1034 1694 τοῦ
1059 1642 1215 1709 Θεοῦ,
1245 1644 1328 1714 ἐφ’
1358 1638 1426 1715 ἦς
1440 1645 1497 1697 δὲ
1530 1643 1697 1712 ἄγγε-

128 1727 201 1782 λοι
230 1728 321 1782 τοῦ
351 1731 586 1785 Σατανᾶ.
620 1732 700 1787 Ad
721 1748 843 1802 qua:
888 1735 1052 1791 verba
1085 1738 1389 1807 respexisse
1406 1736 1694 1807 Origenem

1462 324 1994 381 PROLEGOMENA.

138 454 285 501 vetus
307 443 532 501 Latinus
565 443 833 515 interpres
869 461 970 501 suo
999 447 1120 503 loco
1145 456 1346 502 motam
1385 448 1491 503 huc
1510 459 1691 503 trans-

1802 449 1995 503 τούτων
2059 450 2390 515 ἐπιϐούλους.

3266 333 3368 389 670

2466 454 2707 524 Ἀτάπης
2769 453 2935 507 τέκνα
2996 454 3089 507 καὶ
3150 457 3370 527 εἰρήνης

1796 544 2109 609 γνωπικῶς
2171 544 2596 617 προσηγόρευσε.
2653 544 2757 600 Ubi
2797 558 3068 615 postrema
3115 546 3248 607 illa,
3301 564 3367 601 ex

1795 631 2054 689 Barnabas:
2076 636 2247 692 nostri
2278 645 2533 692 contextu
2555 680 2569 703 ,
2594 639 2667 692 ita
2691 647 2818 693 sunt
2841 637 3169 693 restituenda
3191 657 3202 691 :
3239 640 3372 693 "Ira

1795 720 2023 789 σωθῆτε
2064 726 2132 779 ἐν
2178 728 2367 797 ἡμέρᾳ
2417 731 2685 797 κρίσεως.
2741 732 2967 783 Τούτων
3015 731 3371 798 ἐπιϐούλους

1798 817 1904 885 (vel
1932 817 2249 884 ἐπιϐόλους
2272 862 2286 884 ,
2322 831 2380 875 ut
2417 823 2669 876 emendat
2706 822 3094 893 Sylburgius,)
3134 822 3373 891 ἀγάπης

1797 908 1977 961 τέκνα
1992 908 2087 961 καὶ
2111 909 2354 976 εἰρήνης
2369 912 2706 978 γνωστικῶς
2729 913 3200 981 προσηγόρευσε,
3226 914 3368 967 idem

1798 1014 1875 1054 sc.
1909 998 2224 1065 Barnabas;
2259 1000 2361 1054 sub
2385 999 2556 1070 ipsius
2582 1000 2835 1069 Epistolze
2856 1002 3178 1064 clausulam,
3206 1001 3371 1072 paulo

1798 1096 1954 1156 post,
2000 1104 2095 1144 eos
2127 1090 2193 1143 ad
2224 1104 2362 1158 quos
2398 1089 2615 1156 scribit,
2649 1090 2724 1143 ita
2753 1093 2999 1147 salutans
3026 1110 3039 1146 :
3072 1089 3370 1159 σώζεσθε,

1796 1177 2031 1247 ἀγάπης
2059 1180 2238 1233 τέκνα
2265 1180 2361 1233 καὶ
2389 1180 2651 1249 εἰρήνης.
2681 1181 2751 1237 Ut
2797 1194 2910 1238 tum
2952 1200 3017 1238 ex
3068 1184 3365 1254 principio,

1799 1277 1911 1323 tum
1942 1286 2007 1323 ex
2042 1271 2147 1325 [ine
2172 1270 2457 1326 manifeste
2487 1273 2883 1341 deprehensum
2920 1284 3208 1343 appareat,
3265 1291 3365 1344 po-

1798 1360 1999 1415 sterius
2024 1363 2327 1417 membrum
2353 1364 2456 1417 hoc
2486 1366 2784 1433 (utcunque
2803 1380 2833 1418 a
2856 1364 3050 1419 Latino
3076 1367 3368 1435 interprete

1798 1454 2015 1508 silentio
2064 1458 2538 1528 praetermissum),
2578 1460 2825 1529 ejusdem
2866 1461 3113 1529 corporis
3158 1471 3367 1531 partem

1798 1562 1917 1602 esse
1937 1591 1950 1612 ,
1982 1548 2139 1617 cujus
2173 1559 2225 1603 et
2255 1549 2514 1618 primum.

1876 1659 1894 1690 ι
1928 1641 2006 1694 Ad
2040 1641 2204 1696 totius
2226 1657 2356 1695 vero
2387 1642 2642 1711 Epistola:
2677 1650 2954 1697 auctorem
2990 1650 3045 1697 et
3073 1640 3370 1694 auctorita-

1799 1741 1905 1787 tem
1936 1732 2079 1802 quod
2108 1734 2297 1788 attinet
2320 1774 2339 1801 ,
2368 1735 2509 1789 idem
2534 1734 2623 1789 ille
2643 1732 2993 1804 Clemens(ut
3009 1733 3075 1788 de
3099 1731 3369 1801 discipulo

129 1836 230 1875 non
260 1831 345 1877 est
366 1823 594 1878 dubium
616 1866 630 1888 ,
665 1824 719 1878 in
750 1825 889 1880 libro
929 1842 992 1880 ιιι
1041 1826 1181 1896 Περὶ
1211 1826 1432 1896 ἀρχῶν,
1465 1844 1584 1897 cap.
1624 1827 1690 1894 2,
1727 1810 1769 1865 Β
1798 1822 1970 1893 ipsius
1996 1822 2229 1893 Origene
2260 1825 2397 1879 nihil
2427 1826 2629 1892 dicam)
2662 1835 2717 1881 et
2738 1826 2978 1881 auctoris
3004 1824 3285 1889 Barnabaa,
3316 1830 3371 1876 et

128 1911 195 1966 ita
218 1914 545 1969 scribentem
574 1934 586 1969 :
617 1915 813 1971 Eadem
837 1936 1039 1989 quoque
1060 1919 1338 1973 Barnabas
1368 1922 1421 1973 in
1450 1920 1693 1989 Epistola

129 2021 217 2058 sua
245 2006 522 2073 declarat,
558 2025 676 2062 cum
702 2011 836 2065 duas
867 2013 978 2064 vias
1005 2030 1114 2067 esse
1145 2013 1307 2077 dicit,
1338 2029 1499 2066 unam
1522 2012 1655 2067 lucis
1675 2054 1691 2079 ,

128 2096 340 2149 alteram
374 2098 746 2164 tenebrarum;
786 2101 972 2170 quibus
998 2110 1047 2155 et
1080 2118 1300 2169 prwesse
1339 2111 1507 2173 certos
1537 2118 1695 2171 quos-

128 2203 216 2256 que
247 2188 460 2258 angelos
495 2190 664 2243 dicit:
693 2192 789 2245 via:
823 2193 1034 2262 quidem
1078 2192 1213 2246 lucis
1239 2233 1252 2257 ,
1284 2194 1493 2262 angelos
1526 2193 1689 2255 lucis,

130 2279 450 2331 tenebrarum
481 2290 657 2333 autem
690 2282 832 2348 viae,
870 2282 1081 2352 angelos
1120 2282 1358 2337 Saturne.
1397 2282 1511 2337 Etsi
1546 2283 1691 2337 enim

130 2366 178 2420 in
228 2369 407 2438 priore
460 2387 680 2442 quoque
730 2371 984 2442 Epistolas
1037 2385 1187 2445 parte
1250 2376 1372 2444 (uti
1423 2376 1586 2429 etiam
1638 2375 1691 2428 in

130 2461 717 2527 pseudo-Clementinis
750 2465 1249 2522 Constitutionibus
1264 2467 1307 2534 ⁸,
1331 2483 1561 2537 quarum
1597 2483 1695 2520 au-

130 2560 318 2605 ctorem
342 2594 356 2618 ,
388 2561 447 2606 ut
480 2569 548 2609 ex
579 2552 828 2611 Romano
856 2555 1160 2625 Clemente,
1195 2557 1439 2629 Ignatio,
1476 2569 1529 2613 et
1570 2559 1691 2613 aliis

131 2644 258 2710 alia,
286 2644 357 2697 ita
389 2661 515 2715 qum
551 2646 618 2700 de
651 2646 864 2703 duabus
898 2650 1023 2704 vitae
1051 2651 1353 2721 mortisque
1387 2652 1491 2706 viis
1518 2651 1693 2707 fusius

130 2745 365 2803 enarrat,
388 2753 455 2792 ex
485 2737 588 2792 hac
612 2738 728 2807 ipsa
751 2739 1012 2796 Barnabas
1039 2742 1265 2812 epistola
1303 2744 1690 2809 intervertisse,

134 2828 207 2880 vel
234 2828 405 2896 prima
450 2828 595 2883 facie
644 2829 840 2902 legenti
880 2832 1189 2902 constabit)
1221 2834 1447 2887 duarum
1491 2837 1692 2888 viarum

134 2914 260 2972 facta
287 2920 355 2974 sit
390 2920 598 2975 mentio
618 2964 633 2987 ,
667 2920 770 2977 hoc
799 2931 977 2976 tamen
1008 2931 1216 2978 tantum
1244 2922 1297 2977 in
1332 2925 1451 2979 loco
1471 2967 1485 2990 ,
1525 2941 1693 2996 ange-

134 3011 295 3066 lorum
320 3013 461 3069 lucis
486 3022 542 3068 et
566 3011 781 3070 Satanae
799 3056 815 3081 ,
846 3014 1034 3070 iisdem
1056 3015 1435 3086 praefectorum
1456 3058 1471 3082 ,
1496 3034 1693 3072 occur-

134 3102 196 3156 rit
221 3105 685 3160 commemoratio.
714 3106 866 3162 Adde
887 3108 1033 3177 quod
1062 3116 1116 3162 et
1138 3105 1355 3164 Satanae
1383 3109 1561 3180 ipsum
1588 3126 1691 3166 no-
1719 3142 1761 3200 ο

134 3210 243 3249 men
287 3196 355 3251 ab
394 3194 763 3269 Hieronymo,
811 3199 866 3253 in
914 3200 1021 3255 ﬁne
1067 3198 1234 3254 libelli
1274 3199 1351 3254 De
1394 3202 1690 3257 nominibus

138 3285 427 3354 Hebraicis,
478 3291 622 3345 inter
660 3306 723 3345 ea
784 3300 1110 3359 recensetur,
1153 3309 1275 3362 qua:
1328 3309 1395 3349 ex
1448 3293 1688 3364 Epistula

136 3379 381 3438 Barnabae
420 3390 555 3438 sunt
582 3381 813 3451 selecta,
852 3399 953 3439 nec
996 3384 1052 3438 in
1102 3386 1284 3454 priore
1312 3394 1492 3442 tamen
1528 3388 1692 3456 hujus

137 3468 371 3540 Epistolas
398 3482 555 3543 parte
584 3473 794 3543 uspiam
816 3484 1022 3542 exstat,
1056 3475 1108 3530 in
1141 3492 1248 3548 qua
1271 3478 1477 3548 reliqua
1510 3480 1693 3535 omnia

138 3573 253 3620 sunt
294 3579 505 3637 reperta
557 3586 571 3621 :
618 3568 663 3624 si
712 3570 877 3625 modo
919 3568 1068 3625 Nave
1115 3571 1248 3641 (quo
1285 3573 1506 3627 nomine
1530 3570 1690 3638 Jesu,

138 3654 242 3709 sive
274 3654 439 3714 Josue
476 3667 686 3729 patrem
745 3658 917 3715 αι·ωοί
961 3660 1288 3731 indigitant)
1337 3677 1438 3731 pro
1480 3661 1695 3716 Nahum

138 3753 459 3820 reposueris;
485 3768 649 3822 quem
691 3753 899 3807 librarii
941 3755 1245 3809 temeritate
1278 3754 1367 3809 hic
1392 3754 1562 3811 fuisse
1606 3755 1696 3810 in-

139 3837 319 3895 iultum
338 3881 353 3907 ,
381 3842 633 3912 germinis
667 3842 925 3912 adjuncta
972 3845 1347 3913 interpretatio
1377 3845 1510 3901 satis
1533 3844 1693 3900 evin-

140 3933 221 3987 cit.
250 3932 381 3988 Cum
417 3934 634 3989 Nahum
667 3936 737 3990 sit
768 3936 1089 4003 consolator,
1119 3936 1264 3991 Nave
1295 3953 1422 3991 vero
1442 3979 1457 4002 ,
1486 3954 1656 3992 semen
1680 3980 1695 4003 ,

141 4042 331 4093 germen
352 4028 435 4083 vel
477 4028 816 4096 pulchritudo
844 4043 862 4080 :
892 4030 969 4083 uti
1025 4031 1136 4097 jam
1188 4028 1340 4100 prius
1403 4029 1456 4083 in
1504 4030 1694 4084 eodeni

140 4116 269 4173 libro
294 4129 627 4190 exposuerat
657 4120 772 4189 ipse
800 4118 1163 4192 Hieronymus
1193 4122 1233 4175 ’³.

209 4226 227 4261 ι
263 4210 589 4282 Longiorem
651 4227 874 4282 quoque
932 4212 1075 4267 hanc
1131 4212 1303 4267 fuisse
1359 4211 1694 4281 Epistolam',

147 4300 494 4375 Στιχομετρία
539 4302 629 4356 illa
653 4303 786 4357 satis
828 4302 1249 4372 indicat,quam
1295 4302 1507 4357 Latinis
1550 4304 1698 4369 (naut

88 4458 97 4465 ί
144 4390 313 4447 (ἔπεσε
335 4395 501 4449 editio
535 4394 623 4449 hic
650 4403 732 4449 est
760 4393 985 4461 mutila)
1022 4410 1087 4448 ex
1145 4392 1433 4463 Nicephori
1470 4392 1701 4461 patriar—

1796 1915 2141 1971 auctoritatis
2163 1917 2473 1985 apostolica:
2490 1956 2506 1983 ,
2528 1933 2650 1972 eam
2685 1918 2855 1972 fuisse
2876 1917 3123 1973 credidit.
3147 1915 3205 1969 In
3230 1915 3372 1969 libro

1795 2006 1939 2060 enim
1973 2006 2066 2062 illo
2096 2023 2135 2060 ιι
2165 2006 2495 2062 Stromatum
2517 2053 2531 2075 ,
2560 2009 2664 2063 alia
2682 2018 2869 2078 postea
2893 2009 3201 2063 testimonia
3224 2023 3289 2062 ex
3306 2020 3371 2060 ea

1794 2097 2103 2166 producens
2126 2139 2140 2162 ,
2173 2097 2276 2152 hac
2304 2099 2476 2151 utitur
2503 2096 2817 2168 prarfatione
2849 2116 2864 2152 :
2893 2099 3077 2160 Ὅπως
3118 2096 3162 2149 δ’
3211 2097 3372 2166 ἡμεῖς

1794 2188 1888 2241 τοῦ
1932 2188 2173 2242 διαϐόλου
2223 2190 2322 2253 τὰς
2378 2191 2653 2262 ἐνεργείας
2708 2192 2799 2243 καὶ
2858 2188 3254 2259 τὰ’πνεύματα
3302 2186 3373 2241 τὰ

1796 2280 2080 2353 ἀκάθαρτα
2114 2282 2193 2345 εἰς
2225 2282 2322 2352 τὴν
2354 2281 2448 2335 τοῦ
2481 2282 2804 2353 ἀμαρτωλοῦ
2838 2282 3013 2353 ψυχὴν
3036 2280 3373 2351 ὲπισπείρειν

1796 2374 1994 2444 φαμὲν,
2019 2372 2078 2427 οὗ
2097 2391 2182 2446 μοι
2197 2376 2279 2428 δεῖ
2290 2375 2546 2428 πλειόνων
2561 2376 2752 2444 λόγων,
2778 2376 3137 2448 παραθεμένῳ
3162 2374 3371 2447 μάρτυν

1794 2463 1884 2516 τὸν
1913 2465 2264 2519 ἀποστολικδν
2288 2466 2569 2537 Βαρνάϐαν
2602 2466 2720 2538 (ὁδὲ
2746 2467 2854 2521 τῶν
2886 2467 3250 2538 ἐϐδομήκοντα
3278 2461 3368 2536 ἦν,

1796 2555 1890 2609 καὶ
1942 2556 2198 2628 συνεργὸς
2252 2556 2346 2609 τοῦ
2412 2558 2669 2629 Παύλου)
2724 2558 2864 2612 κατὰ
2895 2558 3063 2625 ζλέξιν
3111 2550 3212 2611 ὧδέ
3255 2573 3372 2619 πως

1793 2649 2037 2717 λέγοντα.
2095 2650 2368 2715 Quomodo
2408 2662 2582 2706 autem
2632 2669 2725 2706 nos
2780 2652 2983 2705 diaboli
3009 2653 3369 2722 operationes,

1794 2751 1842 2796 et
1869 2742 2087 2807 spiritus
2120 2744 2418 2797 immundos
2450 2745 2501 2797 in
2530 2745 2821 2813 peccatoris
2848 2747 3080 2797 animam
3113 2744 3372 2797 seminare

1795 2831 2037 2883 dicamus
2058 2873 2071 2897 ,
2122 2848 2227 2885 non
2267 2833 2396 2885 mihi
2431 2834 2673 2902 pluribus
2704 2833 2870 2888 verbis
2899 2851 3028 2904 opus
3059 2842 3165 2901 est,
3197 2833 3243 2885 si
3271 2832 3372 2884 ad-

1794 2918 1995 2971 duxero
2030 2928 2210 2973 testem
2244 2920 2555 2974 Barnabam
2583 2924 2928 2990 apostolicum
2955 2922 3089 2991 (erat
3124 2932 3297 2974 autem
3326 2922 3371 2973 is

1794 3026 1859 3065 ex
1903 3009 2296 3082 Septuaginta,
2335 3021 2385 3067 et
2422 3012 2586 3067 Pauli
2618 3013 2837 3084 adjutor
2869 3014 2934 3085 ‘°)
2981 3015 3062 3068 his
3102 3014 3266 3067 verbis
3295 3013 3373 3065 sic

1796 3103 2073 3157 dicentem.
2106 3102 2169 3157 Et
2197 3104 2253 3158 in
2286 3120 2318 3159 v
2349 3123 2364 3159 :
2403 3104 2718 3177 Βαρνάϐας,
2760 3108 2789 3160 b
2820 3107 2914 3159 καὶ¹
2953 3106 3120 3169 αὐτὸς
3174 3121 3374 3174 συγκη-

1796 3191 1963 3264 ρύξας
1997 3193 2075 3264 τῷ
2121 3194 2425 3265 Ἀποστόλῳ
2461 3194 2600 3248 κατὰ
2635 3195 2733 3265 τὴν
2765 3194 3037 3248 διακονίαν
3070 3192 3176 3247 τῶν
3205 3191 3374 3247 ἐθνῶν

1793 3288 1885 3343 τὸν
1918 3290 2099 3359 λόγον.
2155 3289 2473 3357 Barnabas,
2530 3293 2621 3362 qui
2662 3293 2771 3361 ipse
2813 3308 3013 3362 quoque
3052 3292 3107 3344 in
3141 3292 3373 3361 gentium

1795 3381 2087 3436 ministerio
2108 3382 2415 3452 praedicavit
2437 3382 2647 3438 verbum
2665 3399 2769 3436 una
2786 3399 2903 3436 cum
2919 3381 3155 3451 apostolo
3177 3380 3368 3435 Paulo.

1793 3473 1979 3544 Neque
2002 3475 2279 3545 apostolici
2307 3476 2485 3531 solum
2502 3515 2517 3540 ,
2543 3476 2636 3531 sed
2663 3476 2827 3529 etiam
2855 3473 3080 3544 apostoli
3107 3472 3373 3527 Barnaba:

1796 3564 2017 3620 nomine
2038 3605 2052 3631 ,
2087 3566 2139 3619 in
2170 3582 2209 3621 ιι
2261 3564 2587 3621 Stromatum
2610 3566 2748 3620 libro
2768 3607 2783 3632 ,
2810 3564 3056 3620 eamdem
3087 3562 3371 3633 epistolam

1797 3655 1982 3712 laudat
2014 3676 2027 3711 :
2064 3658 2454 3729 ejusdemque,
2488 3676 2595 3714 non
2629 3660 2811 3714 minus
2833 3675 2995 3728 quam
3038 3658 3372 3727 reliquarum

1799 3746 2208 3819 Scripturarum
2239 3752 2633 3807 canonicarum
2654 3794 2669 3819 ,
2700 3752 2753 3805 in
2784 3752 2940 3808 libris
2966 3748 3373 3822 Hypotgposeon

1798 3849 2103 3895 contractas
2131 3842 2521 3911 explicationes
2554 3844 2799 3898 exhibuit
2825 3843 2889 3899 “.

1876 3951 1895 3983 ι
1938 3932 2214 3986 Barnabas
2246 3930 2494 4001 Cyprius,
2530 3933 2619 4003 qui
2659 3942 2708 3986 et
2743 3932 2934 4003 Ioseph
2982 3932 3203 3999 Levites,
3254 3948 3370 3985 cum

1800 4023 1971 4077 Paulo
1993 4026 2225 4094 gentium
2253 4026 2521 4094 apostolus
2548 4026 2849 4088 ordinatus,
2886 4042 3046 4078 unam
3082 4026 3151 4078 ad
3198 4026 3371 4093 (edifi-

1801 4120 2062 4171 cationem
2114 4117 2365 4172 Ecclesia
2426 4118 2765 4187 pertinentem
2804 4117 3098 4188 Epistolam
3157 4134 3371 4186 compo-

1802 4212 1933 4275 suit,
1967 4227 2083 4279 qua’
2122 4212 2260 4264 inter
2284 4211 2614 4281 apocryphas
2644 4212 2937 4280 scripturas
2968 4211 3181 4281 legitur,
3214 4210 3287 4265 ait
3318 4212 3374 4264 in

1815 4300 2305 4357 Ecclesiasticorum
2378 4304 2691 4371 scriptorum
2766 4301 3016 4373 Catalogo
3064 4304 3124 4358 Β.
3183 4301 3374 4356 Hiero-

1804 4408 2025 4462 nymus,
2075 4401 2129 4446 et
2161 4393 2299 4446 libro
2330 4409 2429 4446 xm
2489 4392 3000 4447 Commentariorum
3029 4394 3085 4446 in
3110 4392 3374 4456 Ezechiel,

146 4482 250 4537 chze
308 4484 900 4556 Constantinopolitani
954 4482 1404 4553 Chronographia.
1477 4484 1703 4539 tradidit
1738 4476 1777 4530 ι)
1804 4498 1923 4551 cap.
1954 4483 2023 4535 45
2057 4500 2070 4533 :
2114 4482 2372 4549 Vitulum,
2408 4482 2604 4553 inquit,
2636 4485 2726 4554 qui
2754 4500 2849 4553 pro
2878 4482 3022 4539 nobis
3071 4484 3375 4537 immolatus

145 4576 489 4645 Anastasius,
540 4578 799 4633 Romanae
833 4578 1085 4632 Ecclesiae
1131 4577 1598 4632 bibliothecarius.
1643 4575 1699 4630 In

147 4681 274 4735 qua,
302 4679 360 4723 ut
389 4680 598 4739 septem
645 4669 941 4725 Catholicae
978 4666 1121 4739 (qute
1150 4669 1434 4737 vocantur)
1475 4666 1700 4731 Jacobi,

148 4758 276 4815 Petri
296 4804 309 4827 ,
332 4762 558 4818 Joannis
587 4772 641 4817 et
667 4762 820 4817 Iuda:
848 4762 1101 4831 Epistula:
1119 4801 1132 4825 ,
1160 4759 1297 4813 1500
1319 4760 1567 4815 versibus
1586 4800 1602 4825 ,
1631 4759 1702 4812 ita

149 4860 197 4905 et
222 4853 331 4909 inec
366 4855 661 4921 Barnabaa,
694 4854 833 4910 1506
857 4853 1246 4921 comprehensa
1281 4850 1448 4906 fuisse
1480 4851 1701 4905 dicitur.

150 4939 203 4995 In
246 4947 543 5012 posteriore
583 4946 820 5015 denique
860 4943 1119 5013 Epistolte
1161 4952 1313 5012 parte
1351 4951 1565 5010 reperta
1602 4943 1703 4996 ista

151 5047 299 5104 sunt,
346 5056 374 5093 a
420 5038 700 5095 Clemente
730 5038 1132 5101 Alexandrino,
1178 5037 1232 5090 in
1292 5036 1432 5090 libro
1477 5052 1514 5089 ιι
1553 5034 1705 5089 δῖνοι

154 5139 369 5199 rnatum,
401 5148 464 5187 ex
495 5133 743 5187 Barnaba
775 5133 935 5186 citata
992 5150 1004 5185 :
1061 5132 1116 5184 Ὀ
1152 5130 1207 5183 δὲ
1238 5130 1415 5193 Θεὸςὸ
1444 5128 1536 5182 τοῦ
1572 5146 1706 5181 παν-

152 5218 233 5282 τὸς
255 5222 451 5294 κόσμου
486 5223 775 5296 γυριεύων,
809 5223 916 5294 δῴη
943 5221 1036 5276 καὶ
1065 5224 1191 5293 ὑμῖν
1220 5221 1410 5292 σοφίαν
1434 5222 1525 5274 καὶ
1555 5220 1706 5274 σύνε-

156 5328 249 5377 σιν,
273 5317 456 5389 ὲπιστή
467 5333 592 5388 μην,
608 5315 806 5385 γνῶσιν
829 5314 936 5367 τῶν
962 5314 1341 5385 δικαιωμάτων
1362 5312 1546 5375 αὑτοῦ,
1572 5314 1706 5365 ὑπο-

159 5407 331 5477 μονήν.
348 5409 562 5461 Γίνεσθε
588 5403 680 5461 οὖν
707 5407 1047 5471 Θεοδίδακτοι,
1065 5405 1417 5477 ὲκζητοῦντες
1440 5405 1492 5457 τε
1520 5405 1710 5475 ζητείό

158 5494 343 5566 Κύριος
361 5501 449 5570 ἀφ’
470 5501 642 5570 ὑμῶν.
676 5501 796 5553 Ἵνα
822 5498 1017 5571 εὕρητε
1034 5499 1090 5551 ὲν
1114 5498 1295 5568 ἡμέρᾳ
1328 5496 1559 5566 κρίσεως
1585 5496 1711 5559 τοὺς

1806 4585 1903 4640 est,
1936 4584 1987 4629 et
2016 4575 2184 4628 multa
2236 4574 2638 4644 Scripturarum
2679 4575 2819 4641 loca,
2850 4584 2901 4629 et
2938 4576 3199 4645 pracipue
3232 4575 3375 4628 Bar-

1808 4667 1958 4720 naba:
1992 4666 2254 4735 Epistola,
2287 4682 2403 4736 qua:
2452 4666 2674 4720 habetur
2715 4669 2855 4723 inter
2898 4667 3203 4737 Scripturas
3250 4684 3377 4737 apo-

1809 4759 2054 4827 cryphas,
2088 4758 2348 4811 nominat.
2387 4756 2578 4811 Utrum
2606 4774 2735 4813 vero
2757 4776 2818 4813 ex
2848 4760 3065 4830 propria
3097 4767 3277 4813 mente
3309 4759 3378 4812 ab

1811 4851 2048 4921 apostolo
2070 4850 2138 4903 ad
2160 4850 2565 4919 aediﬁcationem
2600 4850 2851 4906 Ecclesia:
2872 4854 3214 4921 compositam
3239 4852 3380 4906 hanc

1811 4944 1982 4998 fuisse
2040 4942 2335 5012 Epistulam
2400 4943 2489 4997 ille
2539 4943 2757 5010 dixerit,
2802 4960 2868 4998 ex
2919 4946 3149 4999 aliorum
3197 4953 3376 4999 autem

1812 5052 1978 5091 sensu
2006 5036 2060 5089 in
2101 5036 2539 5105 apocrypborum
2568 5036 2797 5090 classem
2830 5035 3143 5104 conjeccrit,
3188 5036 3380 5106 exqui-

1810 5137 1933 5182 rant
1955 5129 2046 5182 alii
2076 5146 2088 5181 :
2116 5129 2170 5182 in
2192 5144 2311 5182 eam
2332 5136 2479 5183 certe
2505 5128 2827 5182 sententiam
2853 5129 3206 5197 prependisse
3226 5129 3381 5185 illum

1813 5222 2127 5291 aliquando,
2154 5238 2220 5275 ex
2248 5220 2542 5275 Nominum
2570 5218 2959 5274 Hebraicorum
2990 5221 3170 5276 libello
3198 5222 3380 5293 colligi

1814 5330 1976 5384 posse
2024 5314 2301 5379 videatur;
2334 5314 2388 5366 in
2418 5329 2550 5382 quo,
2583 5328 2707 5367 cum
2762 5312 2989 5383 reliquis
3018 5311 3151 5366 Novi
3187 5312 3380 5367 Testa-

1818 5407 1985 5462 menti
2013 5406 2331 5477 Scripturis,
2364 5406 2529 5459 etiam
2571 5404 2833 5459 Barnabm
2885 5406 3043 5460 istam
3084 5404 3378 5474 Epistolam

1816 5498 2164 5568 conjunctam
2189 5497 2258 5551 ab
2285 5512 2350 5551 eo
2374 5494 2547 5551 fuisse
2564 5496 2861 5551 cernimus.

222 5607 561 5681 1E_Constitut.
619 5613 894 5681 apostolic.
935 5611 1027 5665 lib.
1062 5628 1158 5676 vn,
1209 5626 1329 5681 cap.
1368 5610 1420 5675 1,
1451 5610 1507 5675 ‘2,
1565 5620 1618 5664 et
1673 5611 1965 5681 deinceps;
2025 5610 2046 5641 θ
2074 5606 2299 5681 Hieron.
2343 5605 2705 5681 Denominib.
2757 5604 3138 5681 lieb_raic_._,_in
3164 5603 3375 5658 Exodo.

164 5673 203 5705 ¹⁹
231 5675 365 5734 idem
409 5683 570 5738 etiam
606 5673 835 5737 allirmat
882 5683 933 5735 in
981 5682 1118 5735 libro
1146 5673 1225 5734 vn

1320 5691 1669 5749 ypotyposcon

1802 5675 1889 5733 md
1925 5678 2148 5747 Euseb.,
2203 5679 2298 5735 lib.
2334 5693 2371 5732 ll
2426 5676 2607 5744 Hist.,
2645 5693 2769 5748 κεφ.
2815 5678 2904 5747 α’).
2986 5677 3025 5707 “
3057 5675 3377 5745 Ἐπιτενμη-

168 5744 317 5813 μένας
350 5754 633 5827 πεποίηται
657 5755 951 5828 διηγήσεις.
982 5752 1207 5822 Euseb,
1240 5744 1429 5808 111ιῖνί
1445 5744 1621 5821 Hist,
1650 5768 1695 5804 x:

1813 5757 1899 5819 ιγ’,
1928 5750 2003 5804 ιδ’.
