3818 6216
402 276 497 330 671

1470 280 1527 334 8.
1571 279 1940 336 ΒΛΠΝΑΒΑΞ
1979 282 2409 343 APOSTOLUS.

3554 292 3672 345 673

470 409 487 439 ι
527 388 585 443 ln
627 390 715 445 illa
764 390 1056 463 Nicephori
1088 396 1690 471 Constantinopolitani
1747 403 1981 471 patriar-
2009 411 2055 463 Α
2085 421 2270 458 nomen
2310 406 2610 475 appositum
2639 422 2655 457 :
2684 417 2797 473 aut,
2846 409 2894 461 si
2931 408 3115 475 libeat,
3161 408 3462 478 Epistolam
3518 411 3669 463 hanc

391 482 510 535 clue
547 482 931 557 Στιχομετρεᾳ,
966 505 1129 557 quam
1178 488 1391 545 Latinis
1452 494 1803 548 Anastasium
1856 494 1970 549 Ro-

393 588 569 627 mana:
597 573 853 631 Ecclesiae
883 579 1361 637 hihliothccarium
1386 585 1675 640 tradidisse
1704 587 1965 648 diximus,

392 680 421 715 a
451 662 586 719 Novi
618 666 954 724 Testamenti
1000 676 1327 745 apocryphis
1363 678 1584 746 quidem
1635 678 1852 746 scriptis
1878 694 1965 733 se—

392 766 639 824 paratur,
686 761 779 813 sed
828 763 968 817 inter
1010 780 1073 818 ea
1108 767 1297 834 quibus
1342 769 1730 820 contradicitur
1783 772 1868 837 (ut
1915 779 1968 823 et

391 847 749 919 A'poealypsis
795 851 1046 924 Joannis)
1097 869 1429 912 recensctur.
1490 858 1547 911 In
1612 862 1784 915 altero
1832 878 1963 915 vero

394 936 661 1004 lndiculo,
698 960 860 1011 quem
903 951 1178 1003 Anastasii
1217 948 1418 1003 Niczeni
1448 952 1500 1004 in
1529 950 1586 1006 S.
1623 952 1964 1022 Scripturam

393 1030 801 1093 chstionibus
857 1038 1162 1106 subjectum
1222 1042 1477 1109 vidimus,
1509 1060 1613 1097 una
1647 1062 1770 1098 cum
1832 1063 1966 1116 apo-

392 1124 612 1191 cryphis
659 1126 981 1195 simpliciter
1009 1130 1405 1187 adnumeratur
1434 1154 1446 1188 :
1471 1144 1527 1189 ct
1558 1136 1730 1205 ipsius
1777 1138 1968 1192 lliero-

393 1214 541 1306 nymi
586 1215 653 1306 'in
714 1216 944 1290 Prologo
994 1222 1202 1291 galeato
1252 1226 1511 1295 suffragio
1565 1229 1877 1295 accedente,
1915 1240 1968 1285 ct

393 1304 719 1362 universalis
756 1308 1015 1367 Ecclesia:
1064 1315 1229 1368 simul
1277 1318 1507 1386 judicio,
1545 1336 1666 1387 qua:
1702 1320 1966 1375 Barnaba:

392 1396 656 1464 scriptum
692 1400 900 1454 nullum
936 1403 989 1455 in
1048 1420 1263 1458 sacrum
1294 1408 1573 1461 CaanIClll
1607 1426 1844 1478 unquam
1872 1412 1963 1463 ad-

393 1486 608 1541 misisse
634 1503 910 1559 comperta
936 1504 1035 1547 est.
1067 1495 1308 1551 Montani
1346 1502 1489 1553 enim
1519 1504 1718 1569 Spiritu
1752 1504 1965 1557 alllatus

393 1575 494 1630 fuit
518 1577 890 1637 Tertullianus
917 1586 976 1649 ”,
1004 1602 1126 1639 cum
1156 1589 1401 1657 epistula:
1434 1592 1498 1644 ad
1544 1591 1801 1645 llehricos
1831 1592 1963 1645 Βίης

393 1672 546 1724 nabat
593 1674 761 1727 allixit
812 1676 1027 1730 titulum
1055 1694 1067 1729 :
1100 1689 1152 1733 et
1208 1682 1377 1734 altera
1434 1683 1567 1749 hare,
1598 1686 1633 1751 ἠ
1666 1685 1963 1754 φερομένη

2074 498 2484 551 consolatoriam
2526 501 2663 569 (qum
2712 500 2902 568 swpius
2936 501 3137 554 dicitur
3185 503 3301 556 ideo
3339 504 3567 571 scripta,
3596 514 3664 556 ut

2072 586 2294 640 lectores
2366 588 2519 642 lectos
2545 588 2793 658 faceret),
2823 605 2887 642 ea:
2916 591 3213 658 argumenti
3258 591 3664 661 designatione,

2068 677 2134 727 ab
2168 687 2381 729 auctore
2411 678 2543 745 ipso,
2576 676 2875 741 Barnabas,
2906 681 3011 731 sive
3042 681 3372 746 consolator,
3400 682 3661 750 appella-

2070 778 2217 832 tam;
2247 786 2305 822 eo
2336 770 2443 837 fere
2489 770 2643 823 modo
2700 788 2801 840 quo
2834 772 2967 825 liber
3011 770 3311 825 Salomonis
3354 773 3661 843 Cohelcth,

2068 859 2174 910 sive
2208 858 2587 924 Ecclesiastes,
2622 861 2851 925 dicitur;
2882 871 2974 914 aut
3008 860 3221 916 Herma:
3267 878 3393 930 opus
3440 862 3659 919 Pastor

2068 948 2397 1002 inscribitur.
2453 952 2726 1019 Quidquid
2758 952 2849 1017 sit,
2883 969 3086 1006 necesse
3117 962 3192 1005 est
3244 965 3297 1005 ut
3348 954 3655 1022 fateamur,

2069 1041 2266 1107 optima
2289 1041 2393 1109 ﬁde
2428 1042 2740 1110 scriptorem
2770 1042 2907 1095 hunc
2951 1060 3104 1095 usum
3151 1043 3342 1111 fuisse;
3375 1059 3477 1095 non
3503 1043 3655 1095 alie-

2069 1149 2185 1197 nos,
2229 1134 2334 1185 into
2377 1150 2475 1186 non
2527 1134 2756 1202 aliquos,
2796 1136 3091 1203 captavisse
3122 1135 3336 1199 titulos;
3380 1135 3476 1187 hoc
3522 1151 3657 1187 vero

2069 1224 2240 1276 solum
2290 1225 2389 1278 sibi
2439 1242 2738 1294 arrogasse,
2784 1236 2839 1278 ut
2873 1244 2963 1279 ceu
2990 1244 3015 1279 e
3041 1227 3278 1296 ﬁdelium
3306 1244 3455 1297 grege
3488 1228 3656 1278 mini-

2071 1332 2184 1368 mus
2212 1316 2427 1385 aliquis,
2458 1334 2589 1369 unus
2618 1333 2681 1369 eo:
2708 1318 2839 1383 illis,
2872 1319 3038 1386 frater
3063 1318 3321 1386 fratribus
3372 1318 3654 1371 salutaria

2070 1408 2270 1459 monita
2296 1418 2625 1476 proponeret,
2655 1424 2745 1477 per
2776 1410 2951 1461 omnia
2976 1409 3297 1462 orthodoxus
3342 1417 3390 1462 et
3423 1419 3653 1476 aposto-

2070 1501 2266 1568 lorum,
2297 1505 2591 1571 pra'sertim
2626 1502 2682 1557 S.
2717 1502 2897 1569 Pauli,
2926 1501 3157 1574 vestigiis
3199 1504 3445 1557 insistens
3469 1518 3488 1555 :
3510 1514 3570 1555 ut
3600 1503 3654 1555 si

2070 1610 2172 1647 non
2203 1596 2442 1648 laborum
2468 1605 2515 1649 et
2547 1596 2819 1662 itinerum,
2850 1595 3036 1648 saltem
3070 1597 3375 1665 dogmatum
3418 1595 3654 1663 partici-

2069 1704 2183 1755 pem
2214 1687 2403 1756 ubique
2431 1704 2798 1757 agnoscamus.
2841 1686 3053 1741 Interea
3095 1686 3651 1751 animadvertendum,

392 1766 667 1829 Βαρνάϐα
690 1770 1000 1836 ἐπιστολή,
1028 1774 1095 1825 ab
1128 1774 1360 1829 liuscbio
1381 1777 1422 1806 ¹³
1448 1794 1556 1830 non
1589 1780 1765 1831 solum
1820 1779 1959 1831 inter

2070 1780 2361 1833 Historiam
2392 1779 2536 1846 Jobi,
2591 1779 2755 1847 Ruth,
2797 1780 3055 1844 Est/teris,
3092 1790 3139 1833 et
3171 1779 3647 1848 Paralipomenon,

393 1859 693 1926 scripturas
725 1862 911 1930 quibus
936 1866 1344 1932 contradicitur,
1380 1870 1472 1922 sed
1501 1870 1665 1923 etiam
1698 1872 1837 1924 inter
1869 1888 1964 1924 no-

397 1950 515 2002 thas
545 1953 866 2007 collocatur.
901 1954 964 2009 Ut
1012 1957 1099 2011 hic
1145 1962 1306 2014 etiam
1340 1962 1517 2015 locum
1571 1963 1787 2025 habeat,
1817 1964 1961 2032 quod

392 2044 457 2093 de
487 2042 609 2097 aliis
625 2045 866 2112 ejusdem
896 2050 1109 2117 generis
1135 2052 1203 2103 ab
1230 2052 1538 2121 Augustino
1558 2055 1599 2084 “
1620 2067 1703 2108 est
1732 2057 1959 2109 dictum.

394 2129 522 2184 llwc
551 2138 748 2205 scripta
776 2144 999 2194 castitas
1029 2142 1261 2195 (Ῐαηυηίε
1288 2162 1390 2196 non
1422 2147 1611 2212 recepit
1645 2167 1663 2200 .’
1688 2164 1791 2199 non
1825 2148 1962 2216 quod

389 2241 570 2277 eorum
630 2229 919 2295 hominum,
981 2235 1070 2301 qui
1121 2234 1227 2286 Deo
1274 2236 1610 2304 placuerunt,
1660 2238 1966 2306 reprobetur

392 2319 724 2382 auctoritas;
782 2322 870 2373 sed
925 2322 1063 2391 quod
1100 2325 1204 2376 ista
1260 2341 1363 2378 non
1412 2327 1698 2380 credantur
1729 2330 1963 2396 ipsorum

389 2426 518 2461 0880.

466 2518 483 2549 ι
523 2500 845 2571 Quanquam
869 2522 973 2558 non
1009 2508 1165 2575 longe
1191 2520 1312 2576 post
1336 2510 1505 2576 ipsius
1540 2511 1799 2566 llu'naba:
1828 2523 1963 2567 tem-

390 2606 521 2658 pora
558 2603 839 2645 exaratam
898 2595 1067 2649 fuisse
1115 2598 1255 2650 hanc
1314 2597 1637 2666 Epistulam,
1688 2612 1764 2655 tot
1814 2605 1902 2656 illa
1933 2622 1962 2658 a

386 2684 667 2737 Clemente
699 2686 1072 2740 Alexandrino
1119 2691 1234 2758 (qui
1279 2693 1530 2758 proximo
1571 2704 1695 2761 post
1745 2705 1962 2763 aposto-

392 2776 471 2827 los
496 2776 694 2829 sacculo
720 2778 935 2847 claruit)
974 2794 1039 2831 ex
1083 2796 1167 2844 ea,
1205 2783 1255 2832 in
1288 2782 1615 2835 Stromatunt
1640 2786 1812 2850 libris,
1846 2788 1964 2840 lau-

390 2868 517 2919 data
548 2868 883 2933 testimonia,
916 2870 1074 2923 tidem
1105 2871 1330 2926 faciunt.
1352 2876 1565 2938 Quibus
1600 2885 1653 2929 et
1691 2877 1780 2930 illa
1810 2878 1960 2946 ejus-

390 2960 511 3011 dem
535 2959 587 3010 in
614 2958 933 3028 Predagogo,
964 2963 1055 3014 lib.
1086 2981 1145 3028 Il,
1173 2981 1290 3033 cap.
1320 2967 1405 3030 10,
1435 2968 1733 3036 adjungere
1759 2970 1918 3022 liceat
1946 2988 1958 3022 :

392 3054 499 3105 Kal.
556 3054 644 3106 τὸν
689 3056 783 3124 μὲν
843 3056 1020 3125 λαγὼν
1042 3060 1159 3112 κατ’
1188 3060 1303 3123 ἔτος
1334 3061 1673 3114 πλεονεκτεῖν
1703 3080 1831 3130 φασι
1862 3066 1960 3133 τὴν

388 3145 691 3211 ἁφόδευσιν,
728 3149 806 3210 εἰς
832 3149 1095 3219 ἀριθμοὺς
1121 3138 1200 3213 οἷς
1231 3150 1490 3220 βεϐίωκεν
1524 3153 1698 3206 ἔτεσιν
1746 3154 1961 3223 ἴσχοντα

388 3238 617 3305 τροπάς.
646 3238 775 3303 Qua:
808 3257 869 3292 es
910 3241 1027 3294 istis
1048 3243 1298 3311 Epistulae
1323 3245 1485 3313 hujus
1512 3254 1818 3298 mutuatum
1836 3261 1958 3299 eum

392 3326 583 3394 fuisse,
611 3332 815 3384 monuit
847 3349 931 3387 mc
949 3333 1008 3387 Ι).
1036 3334 1546 3402 I’ctrusTurnerus,
1578 3337 1883 3393 Savilianns
1906 3339 1958 3391 in

390 3420 679 3473 Academia
696 3422 990 3479 Oxoniensi
1014 3430 1322 3482 matheseos
1342 3429 1622 3497 professor
1646 3430 1960 3484 eruditissi-

392 3530 555 3568 mus:
602 3516 721 3568 ’Ὁτι
753 3519 783 3587 ἡ
812 3517 1019 3587 λαγῶος
1059 3521 1178 3574 κατ’
1232 3522 1472 3574 ἐνιαυτὸν
1514 3522 1825 3577 πλεονεκτεῖ
1864 3524 1961 3594 τὴν

390 3607 704 3674 ἁᾳόδευσιν·
738 3610 836 3661 ὅσα
878 3612 983 3682 γὰρ
1010 3612 1102 3682 ἔτη
1129 3614 1215 3684 ζῇ,
1261 3614 1524 3679 τοσαύτας
1572 3616 1684 3686 ἔχει
1731 3620 1958 3688 τρυπάς.

393 3702 497 3754 Sed
528 3714 580 3755 et
622 3703 862 3772 aliquam
899 3706 987 3758 hic
1018 3707 1314 3774 praeferunt
1363 3712 1647 3764 vetustatis
1701 3713 1958 3781 speciem,

391 3795 633 3863 ipsarum
666 3798 1104 3867 apocrypharum
1146 3803 1567 3870 scripturarum,
1598 3806 1958 3874 quarumjam

390 3888 482 3941 diu
516 3887 568 3941 in
604 3886 841 3942 Ecclesia
896 3890 1165 3944 obsolevit
1212 3895 1496 3959 memoria,
1532 3898 1819 3952 citationcs
1853 3915 1958 3953 non

390 3995 578 4049 paucas
610 3998 621 4031 :
650 3980 790 4032 inter
820 3996 957 4049 quas
989 3992 1042 4035 ct
1074 3983 1219 4036 illam
1268 3983 1500 4040 fortasse
1542 3988 1669 4056 quis
1697 4004 1961 4043 annume-

390 4072 621 4126 ravcrit:
656 4071 833 4142 Regna
860 4075 911 4125 in
943 4077 1095 4127 terris
1128 4081 1302 4129 decem
1334 4079 1666 4147 regnabant:
1700 4090 1748 4134 et
1787 4098 1960 4135 resur-

387 4176 469 4235 get
502 4175 640 4217 retro
686 4165 936 4233 pusillus,
984 4168 1075 4236 qui
1124 4168 1345 4237 deponet
1377 4180 1479 4223 tres
1515 4174 1569 4223 in
1613 4190 1806 4238 unum;
1837 4175 1961 4228 licet

385 4271 449 4311 ea
482 4256 723 4311 Danielis
754 4256 993 4325 capitulo
1023 4273 1118 4324 vn,
1145 4260 1221 4312 uti
1268 4260 1397 4313 olim
1434 4262 1485 4313 in
1516 4261 1654 4314 LXX
1691 4262 1961 4333 Interpre-

389 4355 503 4400 tum
540 4349 777 4402 editione
815 4349 1115 4417 legebatur,
1146 4352 1487 4421 desumptam
1520 4356 1690 4409 fuisse
1713 4372 1813 4424 ego
1839 4358 1959 4426 qui—

2066 1872 2301 1941 aliosque
2339 1887 2402 1925 e1:
2442 1870 2591 1923 libris
2640 1873 2691 1923 in
2746 1870 3063 1923 Hebraicum
3095 1868 3357 1922 Canonem
3384 1868 3646 1936 receptis,

2065 1971 2202 2035 quod
2246 1966 2448 2033 pariter
2477 1964 2671 2017 obtinet
2698 1966 2749 2017 in
2786 1963 3029 2032 Epistula
3060 1962 3128 2015 ad
3162 1960 3434 2026 Hebrazos,
3460 1971 3654 2013 aucto-

2068 2074 2182 2109 rum
2214 2058 2428 2108 nomina
2460 2056 2673 2108 minime
2695 2057 2967 2124 prwferre,
2991 2066 3037 2108 et
3079 2065 3254 2108 tamen
3305 2054 3368 2106 de
3422 2053 3651 2105 illorum

2065 2147 2168 2214 fide
2214 2148 2363 2201 nulla
2408 2157 2484 2201 est
2542 2150 2922 2201 controversia.
2983 2145 3206 2199 Interim
3254 2145 3651 2213 dispiciendum

2066 2238 2291 2303 videtur,
2320 2257 2389 2291 an
2419 2257 2512 2292 nos
2563 2240 2663 2291 hac
2717 2247 3019 2307 tempestate
3064 2239 3252 2290 rectius
3285 2238 3349 2289 de
3381 2235 3651 2304 Epistolis

2065 2330 2222 2398 hujus
2277 2340 2490 2383 auctore
2539 2332 2799 2400 possimus
2855 2331 3121 2397 judicare,
3167 2346 3321 2399 quam
3372 2329 3468 2397 qui
3522 2345 3653 2396 pro-

2062 2422 2207 2473 ximo
2239 2424 2461 2475 vixerint
2513 2423 2726 2485 swculo,
2756 2422 2989 2476 Clemens
3036 2422 3453 2485 Alexandrinus,
3490 2433 3654 2488 atque

2067 2513 2337 2583 Origenes,
2390 2516 2480 2585 qui
2521 2514 2578 2569 S.
2611 2514 2875 2569 Barnaba:
2922 2516 3227 2583 ascripsere.
3272 2512 3447 2566 Porro
3479 2513 3653 2565 adno-

2065 2608 2306 2671 tandum,
2340 2610 2533 2674 scripto
2582 2608 2744 2660 alicui
2794 2624 2897 2660 non
2935 2608 3050 2660 ideo
3099 2608 3279 2659 statim
3330 2606 3494 2673 fidem
3526 2624 3649 2659 ont-

2064 2716 2178 2751 ncm
2215 2699 2482 2767 abrogari,
2526 2701 2572 2751 si
2625 2700 2688 2752 de
2740 2700 2855 2767 ejus
2904 2710 3119 2751 auctore
3150 2698 3443 2767 aliquando
3481 2698 3651 2765 fuerit

2064 2790 2392 2851 dubitatum,
2424 2801 2516 2841 aut
2557 2791 2601 2842 si
2650 2792 2819 2857 ipsum
2874 2806 2965 2856 per
2994 2788 3208 2856 aliquod
3257 2797 3461 2855 tempus
3512 2787 3653 2839 deli-

2066 2884 2245 2934 tuerit.
2280 2880 2493 2934 Norant
2542 2881 2739 2934 eruditi
2772 2881 2881 2935 hac
2922 2882 3037 2947 ipsa
3075 2880 3287 2948 scriptis
3319 2879 3653 2947 quibusdam

2064 2976 2117 3026 in
2148 2974 2411 3026 Canonem
2442 2989 2581 3026 nunc
2616 2982 2665 3025 et
2693 2972 2821 3023 olint
2870 2971 3087 3039 receptis
3128 2970 3419 3033 accidisse;
3454 2980 3501 3023 et
3527 2987 3652 3039 qua:

2063 3065 2127 3116 de
2157 3065 2213 3118 S.
2246 3065 2507 3117 Barnaba:
2530 3063 2754 3129 epistola
2786 3061 2942 3130 refert
2985 3061 3265 3126 Eusebius,
3300 3061 3489 3113 eadem
3523 3078 3652 3113 eum

2067 3174 2167 3211 non
2210 3156 2361 3207 modo
2404 3157 2466 3208 de
2513 3156 2567 3207 δ.
2613 3153 2839 3206 Joannis
2875 3153 3197 3221 Apocalypsi
3228 3163 3273 3205 et
3313 3150 3371 3206 S.
3401 3151 3569 3205 Juda:
3599 3165 3648 3205 et

2065 3248 2341 3303 catholicis
2398 3245 2638 3299 omnibus
2690 3244 2967 3313 Epistolis,
3019 3246 3109 3297 sed
3155 3246 3317 3297 etiam
3354 3246 3417 3296 de
3452 3245 3549 3297 illa
3578 3246 3649 3297 ad

2070 3341 2341 3397 llebrteos.
2377 3355 2495 3408 qua:
2537 3354 2675 3391 nunc
2707 3335 2765 3390 S.
2798 3336 2971 3389 Paulo
3010 3336 3321 3397 ascribitur,
3356 3336 3479 3388 licet
3516 3337 3651 3389 olim

2067 3432 2123 3485 S.
2170 3429 2432 3484 Barnabas
2467 3431 2846 3497 imputaretur,
2882 3426 3141 3479 retulisse.

2136 3523 2355 3577 Constat
2384 3519 2678 3589 Epistulam
2692 3519 2847 3585 hanc,
2871 3536 2988 3588 qua:
3004 3520 3110 3587 fere
3138 3528 3250 3572 tota
3277 3530 3354 3572 est
3399 3520 3453 3571 in
3499 3518 3650 3589 Syn-

2070 3632 2251 3686 agoga:
2285 3615 2495 3677 ritibus,
2537 3623 2585 3666 et
2626 3622 2933 3666 sanctarum
2968 3611 3370 3681 Scripturarum
3403 3616 3651 3682 mysticis

2075 3708 2311 3761 sensibus
2356 3705 2673 3770 evolvendis,
2707 3705 2775 3757 ad
2822 3706 2971 3758 rudis
3022 3706 3165 3773 vulgi
3215 3715 3429 3773 captum
3467 3707 3648 3759 minus

2066 3798 2543 3862 accommodatam,
2571 3807 2619 3849 et
2674 3796 2893 3863 proinde
2942 3796 3225 3849 verisimile
3250 3807 3324 3849 est
3356 3816 3386 3849 a
3417 3797 3647 3851 lectione

2063 3891 2175 3959 ejus
2215 3889 2428 3959 publica
2480 3888 2777 3941 Ecclesiam
2809 3900 2927 3957 post
2958 3898 3159 3957 tempus
3212 3890 3430 3958 aliquod
3472 3890 3648 3943 absti-

2062 3984 2280 4036 nuisse:
2318 3980 2455 4051 quod
2497 3991 2547 4034 et
2588 3981 2742 4034 hodie
2784 3982 2985 4049 factunt
3039 3981 3103 4033 de
3160 3980 3432 4033 nonnullis
3460 3998 3650 4034 recon-

2063 4074 2274 4127 ditioris
2320 4072 2619 4142 argumenti
2663 4069 2927 4139 periochis
2976 4085 3093 4138 quae
3142 4069 3200 4121 in
3244 4086 3399 4121 sacro
3424 4068 3647 4123 Canone

2062 4167 2419 4219 continentur.
2459 4162 2573 4225 Hoc
2616 4179 2735 4217 vero
2786 4162 3009 4230 ﬁdenter
3044 4161 3294 4225 dixerim,
3338 4159 3647 4228 Epistolam

2062 4261 2196 4313 hanc
2221 4275 2321 4329 quo
2353 4258 2579 4326 penitius
2619 4255 2967 4324 intelligetur,
3018 4270 3077 4309 eo
3104 4255 3451 4323 acceptiorem
3486 4255 3645 4323 futu-

2065 4369 2199 4418 ram,
2229 4362 2278 4407 et
2309 4351 2377 4404 ad
2414 4365 2692 4404 sacrarum
2717 4347 3074 4414 Litterarum,
3102 4364 3197 4401 nec
3230 4364 3333 4402 nou
3364 4349 3649 4417 antiquis-

385 4437 507 4491 dem
532 4440 956 4493 existimaverim
988 4458 1001 4493 :
1029 4456 1151 4493 cum
1203 4440 1591 4498 Thcodotionis
1633 4445 1957 4513 interpreta-
1992 4443 2032 4496 D
2063 4449 2317 4498 simorum
2364 4441 2593 4497 Patrum
2645 4442 2996 4509 cognitionem
3023 4439 3314 4508 plurimum
3346 4440 3647 4508 facturam.

387 4530 485 4591 tio,
518 4546 682 4599 quam
718 4531 771 4583 in
809 4529 1047 4593 Daniele,
1077 4531 1245 4583 altera
1277 4531 1362 4584 illa
1412 4534 1739 4601 posthabita,
1773 4534 1959 4589 Eccle-

386 4623 523 4676 siam
574 4631 763 4690 postea
819 4622 1094 4689 recepisse
1150 4623 1439 4677 conﬁrmat
1497 4623 1954 4696 Hieronymus”,

388 4717 529 4769 hanc
556 4718 715 4771 nobis
749 4717 909 4770 hodie
938 4716 1225 4771 lectionem
1265 4718 1521 4772 exhibeat
1550 4737 1563 4771 :
1588 4718 1738 4773 Δέκα
1770 4721 1956 4784 ,Βασι-

382 4806 511 4871 ⁵ιιεῖς
537 4806 1007 4873 ἀναστήσονται,
1040 4807 1137 4860 καὶ
1167 4809 1473 4864 dalata"...
1504 4830 1525 4861 ι

455 4898 674 4967 Reliqua
702 4900 1105 4952 desiderantur:
1136 4901 1265 4968 quid
1318 4912 1494 4954 autem
1534 4903 1952 4970 eruditissimus,

388 4990 658 5043 Hibernia:
695 4991 858 5059 juxta
909 5001 958 5045 et
996 4993 1226 5046 melioris
1267 4994 1591 5049 litteratura:
1636 4998 1857 5063 primas.
1889 4999 1954 5051 de

382 5080 618 5147 epistola:
661 5082 817 5149 hujus
863 5091 1076 5135 auctore
1123 5084 1364 5148 senserit,
1398 5100 1699 5154 quanquam
1756 5103 1857 5141 non
1889 5105 1954 5141 ea:

383 5176 542 5226 dictis
602 5173 803 5243 liquido
854 5186 1126 5244 appareat,
1172 5177 1371 5229 indicia
1420 5187 1592 5230 tamen
1641 5188 1765 5231 sunt
1816 5181 1953 5233 satis

384 5264 532 5317 clara
561 5280 677 5334 qua:
719 5266 876 5333 fidem
925 5267 1152 5334 faciant,
1193 5269 1531 5336 propendisse
1560 5286 1678 5321 eum
1716 5270 1772 5322 in
1822 5270 1955 5324 hanc

383 5359 718 5421 sententiam,
768 5365 826 5409 ut
873 5358 1111 5424 crederet
1165 5375 1292 5427 apus
1333 5360 1427 5411 hoc
1483 5361 1733 5429 scriptori
1781 5363 1956 5430 ignoto

383 5448 578 5501 deberi.
609 5447 737 5502 Esto
758 5465 879 5519 ergo
907 5450 1029 5502 huic
1053 5452 1195 5519 operi
1220 5452 1392 5505 aliena
1422 5470 1579 5505 manu
1606 5453 1663 5506 S.
1694 5452 1957 5509 Barnaba:

459 5567 501 5596 “
532 5563 849 5643 Tertulliani.
882 5566 953 5643 De
982 5570 1237 5643 pudicitia
1258 5610 1272 5632 ,
1302 5587 1423 5643 cap.
1447 5570 1536 5643 ‘20,
1558 5581 1613 5643 et
1637 5587 1699 5626 ex
1719 5588 1802 5629 eo.
1839 5570 2176 5643 llieronym.,
2200 5570 2444 5639 Catalog.
2466 5569 2646 5643 script.
2670 5566 3031 5643 eccles_iast._in
3064 5565 3253 5643 Paulo.

387 5635 559 5711 Iiblyt
598 5633 801 5711 Iltstor.
832 5633 1152 5711 cccleSiast.,
1187 5658 1307 5707 κεφ.
1354 5633 1437 5694 εἷλ’.
1470 5633 1547 5693 ιδί.
1582 5642 1657 5695 hl.
1688 5643 1838 5709 ibid.,
1872 5642 1906 5697 ι.
1937 5658 1951 5696 ι

2070 5633 2173 5711 ίεφξ
2213 5649 2308 5695 κε’.

387 5723 431 5759 c.
464 5706 545 5761 58.
630 5704 670 5736 ¹⁵
732 5704 955 5773 l’ra'fat.
992 5711 1042 5762 in
1100 5704 1305 5763 Daniel.

2066 4535 2383 4605 Quanquam
2420 4536 2559 4586 enim
2605 4543 2887 4603 perpetuus
2934 4532 3135 4586 Veteris
3177 4531 3537 4586 lnstrumenti
3575 4534 3648 4586 ad

2064 4626 2316 4680 Messiam
2368 4635 2630 4694 respectus
2672 4624 2823 4678 nobis
2879 4626 3035 4693 quasi
3063 4640 3157 4691 per
3185 4634 3534 4676 transennam
3579 4641 3649 4677 ea;

2062 4718 2307 4772 Chaldwi
2332 4717 2720 4786 Paraphrastis
2745 4716 3036 4782 stricturis,
3064 4717 3389 4783 scriptorum
3418 4715 3649 4770 Talmu-

2060 4810 2320 4874 dicorum,
2356 4807 2814 4877 Rabbinorumque
2852 4806 3101 4875 malignis
3152 4808 3648 4874 interpretamentis

2058 4910 2413 4970 compareat:
2437 4899 2565 4952 olim
2605 4908 2780 4952 tamen
2824 4899 3035 4967 quando
3080 4899 3133 4950 in
3181 4900 3325 4951 omni
3356 4896 3649 4968 Synagoga

2060 4992 2489 5046 hebdomadatim
2527 5007 2633 5044 non
2678 4992 2829 5044 lecta:
2858 5000 3100 5057 tantum,
3131 4991 3222 5044 sed
3273 5000 3327 5046 at
3373 5002 3650 5046 enarrata:

2058 5095 2207 5141 erant
2240 5084 2564 5152 Scriptum;
2586 5081 2858 5137 Midrasch
2876 5082 2973 5135 iste
2989 5083 3265 5151 mysticus,
3281 5082 3391 5136 sive
3413 5100 3645 5153 evange-

2059 5181 2192 5232 licus
2220 5176 2424 5231 Veteris
2458 5174 2811 5228 Instrumenti
2824 5190 3153 5239 sensus,nou
3172 5174 3345 5227 minus
3395 5176 3646 5229 omnibus

2058 5269 2465 5337 inuotuitquam
2508 5266 2617 5335 ipse
2644 5281 2793 5319 sacer
2829 5274 3003 5320 textus
3029 5280 3048 5318 :
3074 5276 3127 5317 et
3148 5265 3368 5333 proinde
3403 5282 3509 5317 non
3538 5269 3645 5319 mi-

2060 5378 2157 5414 nus
2190 5362 2381 5413 idonea
2412 5357 2782 5426 suppeditabat
2820 5366 3135 5425 argumenta
3158 5357 3228 5409 ad
3254 5357 3644 5411 convincendos

2060 5452 2300 5518 Judwos,
2319 5467 2477 5521 quam
2491 5466 2552 5503 ea
2569 5464 2686 5512 qua:
2698 5463 2761 5502 ea:
2774 5447 3144 5507 disertissimis
3170 5464 3448 5501 sacrarum
3467 5446 3643 5502 Litte-

3335 5566 3377 5595 ³³
3412 5564 3639 5629 Euseb.,

2392 5635 2433 5673 ίδ
2464 5638 2777 5707 Augustin,
2814 5635 2885 5689 De
2932 5637 3133 5693 civitat.
3188 5635 3304 5701 Dei,
3353 5635 3449 5689 lib.
3476 5651 3640 5699 mu,
