3818 6216
142 302 271 360 67".

1529 277 2061 337 I‘ROLEGOMENA.

3313 272 3417 325 G74

150 434 349 473 rarum
405 414 615 469 vocibus
661 412 885 480 fuissem
930 408 1177 462 deducta.
1224 404 1361 458 Hinc
1411 402 1612 470 factum
1637 411 1734 461 est,
1767 402 1809 449 Α
1839 397 2020 465 fuerit,
2051 394 2307 447 invidiam
2336 393 2540 462 facere;
2572 407 2634 445 ne
2659 390 2899 458 iniquum
2918 387 3165 457 petendo,
3189 401 3248 439 eo
3274 385 3413 455 quod

150 509 304 580 quod
362 507 618 559 Dominus
674 516 851 556 noster
893 509 943 553 et
993 499 1105 567 ejus
1134 494 1510 565 apostoli,]ere
1536 490 1737 558 passim

145 605 415 655 adversus
465 598 683 651 Judwos
724 594 913 649 exinde
959 597 1266 660 argumenta
1289 583 1736 654 deprompserint;

144 706 201 748 et
234 696 285 746 si
314 694 451 763 forte
502 690 683 759 aliqua
707 686 847 757 apud
885 693 1152 737 auctorem
1184 688 1420 732 nostrum
1450 681 1735 727 occurrant

145 802 281 855 qua:
316 784 524 853 longius
571 778 738 849 petita
781 775 1043 836 videntur,
1098 768 1195 823 illa
1226 769 1369 836 ipsa,
1414 771 1507 815 aut
1556 775 1735 813 eorum

147 852 355 930 saltem
380 852 598 939 vestigia
624 868 679 920 in
704 863 960 933 Epistolis
985 859 1229 913 Paulinis
1270 856 1387 926 quis
1425 852 1618 922 poterit
1649 867 1735 903 re-

147 969 351 1038 perire.

226 1060 335 1116 Sed
372 1058 612 1111 nolumus
660 1050 919 1124 pertinaci
967 1048 1124 1099 nimis
1172 1041 1470 1113 patrocinio
1502 1036 1559 1091 S.
1589 1035 1732 1088 Bar-

149 1156 335 1218 nabaz,
370 1163 460 1206 aut
503 1151 792 1221 quicunque
820 1139 1074 1212 Epistola:
1103 1137 1261 1205 hujus
1304 1142 1491 1186 auctor
1526 1129 1732 1182 demum

1843 501 2047 555 a’quum
2085 493 2161 536 est
2217 482 2550 535 excidamus.
2608 480 2824 533 Modica
2881 487 3004 530 sunt
3051 492 3169 546 qua:
3218 476 3270 527 in
3300 474 3414 541 ejus

1842 578 2071 648 gratiam
2112 576 2399 643 poscimus,
2447 590 2561 637 nec,
2608 582 2667 625 ut
2714 580 2864 641 puto,
2896 569 3056 639 facile
3083 566 3415 621 recusanda:

1843 677 1899 720 ut
1932 667 2185 719 nimirum
2214 666 2260 717 si
2294 681 2395 717 non
2424 664 2548 732 ipsi,
2572 662 2762 715 saltem
2793 661 2947 713 annis
2977 661 3091 727 ejus
3121 660 3286 711 honos
3315 657 3416 710 ha-

1844 760 2029 813 beatur
2055 772 2073 810 :
2096 757 2142 810 si
2190 772 2292 809 non
2345 754 2643 825 apostolum
2698 768 3065 823 agnoscamus,
3096 767 3214 803 eum
3243 760 3420 802 tamen

1844 867 1933 903 ceu
1963 849 2183 902 Patrem
2207 865 2535 902 revereamur
2563 863 2581 900 :
2603 857 2652 901 et
2694 848 2927 907 demum,
2957 846 3003 897 si
3027 860 3128 897 non
3156 845 3211 895 in
3243 842 3422 895 Cano-

1844 959 1959 996 nem
1986 942 2142 995 illum
2188 941 2542 1010 recipiendum
2577 942 2855 1003 ducamus,
2875 938 3063 992 saltem
3092 939 3148 991 in
3177 938 3419 991 classicis

1844 1034 2212 1102 scriptoribus,
2245 1050 2340 1103 pro
2370 1034 2631 1103 dignitate
2662 1047 2827 1101 quam
2856 1031 2985 1085 olim
3013 1030 3242 1083 obtinuit
3275 1028 3416 1097 apud

1845 1125 2095 1179 Ecclesia:
2114 1126 2396 1193 scriptores
2428 1125 2848 1195 antiquissimos,
2882 1139 3234 1178 numeremus.

162 1242 3405 1301 MM

1734 1360 1852 1448 V.‘

240 1564 369 1645 (D.
430 1564 530 1623 LE
563 1554 913 1627 NOURRY,
965 1551 1329 1628 Apparatus
1394 1542 1476 1603 ad

593 1809 983 1867 ARTICULUS
1021 1807 1229 1861 PRIMU
1242 1805 1300 1861 S.

483 1929 729 1998 Analysis
758 1925 1013 1995 Epistola:
1045 1922 1102 1977 S.
1130 1918 1415 1974 Barnabw.

233 2051 441 2105 Auctor
470 2044 635 2115 hujus
665 2042 919 2112 Epistolas
937 2081 952 2106 ,
978 2036 1262 2107 praemissa
1286 2044 1476 2086 eorum
1504 2028 1569 2081 ad
1597 2039 1737 2095 quos

158 2144 358 2201 scribit
394 2139 547 2195 brevi
605 2135 974 2196 salutatione,
1032 2128 1221 2183 laudat
1269 2125 1487 2178 illorum
1542 2120 1735 2183 ﬁdem,

155 2238 490 2293 charitatem
512 2275 527 2297 ,
560 2230 798 2299 aliaque,
828 2224 1032 2296 quibus
1061 2218 1254 2289 repleti
1286 2222 1462 2277 erant,
1501 2210 1739 2279 Spiritus

158 2328 341 2385 sancti
370 2326 536 2380 dona.
580 2321 738 2375 Nulla
762 2332 892 2373 vero
922 2315 1029 2369 alia
1062 2314 1276 2367 ratione
1307 2307 1550 2362 animum
1585 2318 1641 2356 se
1671 2300 1738 2354 ad

162 2419 520 2478 scribendum
551 2414 827 2485 appulisse
861 2408 1165 2479 proﬁtetur,
1199 2403 1315 2457 nisi
1338 2408 1398 2454 ut
1424 2398 1583 2452 ﬁdem
1621 2396 1742 2449 illo—

161 2529 292 2569 rum
335 2509 713 2580 perfectiorem
772 2503 1055 2565 redderet,
1101 2494 1516 2561 ostenderetque
1570 2489 1738 2543 Deum

165 2608 291 2662 ideo
317 2603 610 2674 prophetas
650 2612 751 2653 suo
799 2594 999 2664 Spiritu
1048 2591 1296 2653 atllasse,
1330 2594 1391 2639 ut
1421 2583 1597 2639 fmdus
1642 2596 1742 2635 no-

167 2712 298 2750 vum
325 2735 340 2759 ,
384 2691 766 2746 lncarnatione
813 2686 934 2740 Filii
988 2685 1075 2739 sui
1111 2680 1445 2741 ineundum,
1485 2676 1742 2731 omnibus

166 2785 620 2858 praenuntiarenl.
672 2778 811 2833 Hinc
858 2779 946 2831 ille
997 2782 1382 2845 argumentum
1437 2784 1596 2823 suum
1651 2783 1744 2836 ag.

167 2894 415 2951 gressus,
445 2892 512 2931 ex
545 2873 863 2929 eorumdem
896 2867 1291 2938 prophetarum
1317 2860 1555 2916 oraculis
1581 2857 1742 2911 Clui-

167 2979 316 3026 stum
361 2966 651 3019 Dominum
700 2962 822 3031 jure
888 2958 1084 3013 merito
1140 2954 1274 3022 legis
1344 2951 1596 3006 Mosaicae
1650 2948 1744 3000 ab-

166 3074 398 3132 rogasse
425 3055 692 3112 sacriﬁcia
715 3094 728 3119 ,
759 3051 1020 3120 nullaque
1049 3047 1152 3101 alia
1177 3088 1192 3111 ,
1232 3059 1397 3114 quam
1431 3040 1656 3110 spiritus
1692 3045 1746 3089 et

168 3129 355 3209 cordis
383 3149 661 3221 postulare
695 3146 1052 3199 demonstrat.
1078 3137 1442 3204 Quamobrem
1483 3134 1606 3186 illos
1631 3129 1743 3184 sol-

169 3248 317 3300 licite
345 3243 620 3300 admonet,
650 3236 717 3290 ab
746 3235 811 3288 iis
833 3239 1097 3294 caveant,
1120 3228 1213 3297 qui
1256 3226 1426 3295 legem
1455 3221 1657 3292 Moysis
1691 3228 1745 3273 et

168 3336 379 3391 Christi
402 3332 566 3388 simul
594 3326 989 3385 observandam
1008 3336 1130 3376 esse
1153 3320 1433 3373 docerent.
1467 3314 1593 3367 Ideo
1617 3326 1744 3367 vero

168 3431 321 3484 illam
368 3425 657 3481 rescissam
704 3433 824 3475 esse
869 3415 1063 3480 probat
1094 3431 1106 3466 :
1135 3420 1192 3464 ut
1221 3409 1430 3462 dilectio
1458 3406 1587 3459 Jesu
1621 3420 1747 3457 con-

172 3524 409 3592 signetur
443 3518 497 3571 in
529 3513 775 3569 cordibus
802 3509 988 3565 vestris
1013 3507 1069 3559 in
1095 3520 1236 3573 spem
1271 3501 1393 3571 ﬁdei
1417 3499 1600 3563 illius;
1634 3498 1747 3551 his-

170 3631 282 3685 que
304 3613 481 3667 tribus
509 3606 801 3662 virtutibus
826 3643 841 3668 ,
866 3599 1182 3653 meditemur
1229 3596 1469 3648 timorem
1515 3592 1609 3644 Dei
1632 3632 1647 3657 ,
1696 3600 1745 3643 et

172 3683 537 3761 custodiamus
565 3699 820 3753 mandata
864 3695 1030 3750 illius.
1082 3690 1324 3745 Subinde
1355 3687 1477 3740 aliis
1514 3683 1741 3754 prophe-

174 3809 353 3853 tarum
403 3795 540 3848 locis
596 3791 813 3861 planum
865 3787 1051 3856 utique
1099 3782 1230 3836 facit
1277 3779 1562 3834 Christum
1625 3774 1747 3827 ideo

176 3904 397 3944 carnem
451 3883 695 3939 induisse
718 3921 732 3944 ,
781 3886 1125 3946 mortemque
1156 3872 1358 3927 obiisse
1378 3913 1392 3937 ,
1424 3878 1516 3931 ut,
1556 3867 1748 3922 mortis

178 3982 407 4052 imperio
433 3980 734 4039 destructo,
763 3972 1023 4026 mundum
1058 3966 1325 4037 sanguine
1356 3977 1458 4017 sno
1510 3961 1747 4015 redime-

179 4081 282 4130 ret.
306 4072 464 4139 Quod
497 4069 669 4124 Judaei
696 4083 819 4122 cum
858 4065 1079 4120 credere
1110 4062 1419 4123 noluerint,
1446 4056 1622 4109 voluit
1659 4053 1748 4107 ille

180 4165 533 4234 Evangelium
578 4176 737 4216 suum
771 4158 1032 4214 omnibus
1079 4155 1334 4226 gentibus
1380 4152 1449 4205 ab
1485 4146 1749 4219 apostolis

180 4256 487 4329 praedicari.
515 4253 679 4308 Addit
705 4252 990 4306 Christum
1022 4249 1126 4303 etsi
1148 4261 1216 4300 ex
1246 4243 1424 4298 Patris
1454 4248 1747 4311 praecepto,

183 4349 343 4405 sicuti
372 4346 688 4417 praedictum
722 4344 921 4407 luerat,
949 4342 1143 4396 lubens
1172 4346 1422 4391 mortuus
1450 4335 1544 4399 sit,
1569 4334 1749 4402 ipsum

1528 1534 1981 1597 Bibliothecam
2042 1534 2382 1594 maximam
2434 1546 2554 1597 vet.
2616 1534 2824 1611 Patr.,
2888 1536 3083 1597 Paris.
3160 1537 3314 1598 1703

1512 1615 1752 1686 in—fol.,
1791 1630 1854 1691 p.
1894 1612 2022 1691 38.)
2364 1586 2380 1594 '
3162 1586 3335 1612 “""

1768 1776 1810 1829 B
1838 1784 1957 1822 rum
1986 1769 2165 1823 locum
2195 1769 2440 1838 adoptati
2478 1768 2778 1823 Christiani
2816 1770 3272 1832 subrogarentur.
3304 1766 3411 1820 De-

1843 1860 2005 1927 nique
2045 1868 2332 1928 postquam
2358 1860 2424 1912 de
2453 1858 2675 1913 Sabbati
2709 1861 3097 1923 celebratione,
3124 1860 3423 1913 Dominieae

1840 1950 1946 2004 diei
2000 1951 2376 2017 institutione,
2424 1952 2610 2021 templi
2664 1951 3144 2022 llierosolymitani
3201 1953 3420 2005 destru-

1840 2042 2038 2106 ctione,
2072 2041 2278 2110 Deique
2324 2041 2378 2094 in
2419 2043 2681 2097 cordibus
2708 2043 2913 2096 nostris
2939 2042 3279 2096 habitatione
3306 2042 3423 2095 dis-

1840 2135 2033 2196 seruit,
2057 2134 2289 2202 primam
2314 2134 2519 2187 claudit
2541 2134 2795 2202 Epistohe
2823 2143 3055 2203 partem.

1913 2223 1970 2278 In
2017 2227 2292 2291 secunda,
2338 2242 2462 2296 quae
2498 2226 2717 2280 brevior
2744 2235 2856 2290 est,
2900 2227 3099 2297 stylum
3137 2226 3203 2279 ad
3252 2225 3425 2279 infor-

1841 2320 2071 2373 mandos
2111 2320 2551 2374 Christianorum
2599 2333 2781 2373 mores
2816 2319 3126 2384 convertit;
3177 2319 3425 2386 duasque

1842 2420 2132 2480 eapropter
2198 2412 2539 2467 demonstrat
2615 2425 2735 2464 esse
2791 2410 3078 2462 hominum
3142 2410 3283 2463 vias.
3357 2407 3427 2463 Et

1843 2506 2077 2571 priorem
2118 2504 2337 2573 quidem
2364 2547 2377 2569 ,
2410 2504 2495 2558 cui
2525 2502 2701 2571 angeli
2743 2510 3020 2570 praesunt,
3064 2516 3294 2569 qumque
3339 2502 3424 2555 via

1846 2596 1979 2649 lucis
2020 2596 2220 2650 dicitur
2245 2638 2259 2663 ,
2307 2612 2431 2651 cum
2477 2596 2749 2664 explicat,
2785 2594 2860 2647 ibi
2898 2594 3028 2662 quid
3073 2592 3425 2647 Christianus

1845 2704 2024 2759 agere,
2058 2690 2185 2758 quid
2214 2688 2403 2758 fugere
2428 2688 2645 2750 debeat,
2690 2686 2936 2739 omnium
2965 2684 3141 2738 oculis
3176 2683 3422 2752 subjicit.

1844 2782 2208 2837 Posteriorem
2243 2798 2406 2847 vero,
2433 2797 2554 2849 qua:
2600 2784 2778 2832 subest
2824 2777 3026 2847 angelis
3073 2775 3326 2836 Satanae.
3375 2783 3425 2827 et

1846 2878 1929 2929 ria
1961 2878 2292 2929 tenebrarum
2346 2873 2800 2943 cognominatur,
2857 2870 3201 2938 explanando
3246 2868 3425 2937 palam

1848 2968 1936 3021 ille
1967 2966 2099 3021 facit
2125 2982 2246 3036 quae
2280 2968 2391 3020 sint
2418 2966 2570 3028 vitia,
2611 2973 2666 3018 et
2709 2963 2851 3017 mala
2877 2976 3076 3031 Opera,
3111 2961 3311 3032 quibus
3343 2960 3428 3012 in—

1849 3058 2071 3126 quinata
2126 3057 2309 3110 anima
2343 3056 2521 3125 poenis
2553 3054 2752 3109 inferni
2801 3053 3096 3107 addicitur.
3133 3050 3427 3105 Postremo

1851 3159 1907 3203 ut
1948 3149 2231 3218 imperatis
2273 3147 2474 3201 divinis
2537 3161 2745 3199 morem
2798 3153 3027 3213 gerant.
3080 3142 3426 3205 adhortatur,

1845 3249 2337 3311 comprecaturque
2387 3248 2447 3292 ut
2498 3240 2581 3293 sui
2628 3236 2977 3291 meminerint
3034 3232 3179 3302 apud
3230 3231 3425 3293 Deum,

1846 3329 2005 3399 cujus
2053 3329 2108 3382 in
2154 3330 2329 3399 gratia
2366 3337 2427 3382 ut
2475 3344 2691 3397 semper
2744 3331 3038 3390 maneant,
3083 3322 3425 3391 expetendo,

1847 3420 2104 3490 Epistolas
2134 3421 2452 3475 coronidem
2486 3418 2736 3487 imponit.

2374 3528 2771 3585 ARTICULUS
2812 3528 2873 3584 ll.

1852 3627 2004 3680 Hanc
2036 3625 2313 3695 epistolam
2346 3623 2579 3695 eumdem
2610 3639 2740 3695 esse,
2770 3636 2910 3695 ιμιίε¹
2934 3618 2996 3670 (ιὸ
3039 3615 3428 3686 antiquissimis

2218 3694 2473 3748 Ecclesia:
2502 3693 2756 3745 Palribus
2784 3689 3061 3743 laudatur.

1919 3788 2150 3843 Constat
2180 3785 2478 3855 Epistolam
2526 3783 2667 3837 hanc
2700 3781 2946 3835 eamdem
2976 3792 3097 3833 esse
3117 3817 3132 3840 ,
3162 3792 3324 3846 quam
3358 3776 3431 3828 ab

1852 3878 2365 3949 antiquissimorum
2392 3874 2651 3928 Ecclesiae
2681 3882 2988 3939 temporum
3014 3866 3271 3920 Patribus
3292 3863 3429 3917 Bar-

1852 3976 2005 4028 nabae
2036 3970 2258 4025 nomine
2286 3967 2511 4022 citatam
2542 3964 2714 4017 fuisse
2739 3978 2804 4016 ex
2832 3960 3152 4015 eorumdem
3185 3956 3435 4011 testimo-

1852 4066 1957 4119 niis
1986 4063 2208 4133 planum
2254 4061 2331 4113 lit.
2373 4058 2432 4111 Id
2476 4065 2659 4110 autem
2716 4053 2798 4106 vel
2847 4067 2912 4104 ex
2963 4051 3079 4103 sola
3132 4046 3431 4102 Clementis

1852 4152 2207 4209 Alexandrini
2241 4147 2569 4204 auctoritate
2602 4143 2966 4198 invictissime
2996 4141 3428 4194 demonstratur.

1852 4247 2002 4313 Quos
2030 4245 2173 4301 enim
2203 4259 2269 4297 ex
2292 4258 2355 4297 ca
2380 4242 2531 4294 locos
2562 4235 2812 4302 protulit,
2848 4235 2882 4288 ii
2927 4249 2995 4287 ex
3026 4230 3284 4300 Epistula:
3322 4227 3429 4280 ini-

1854 4341 1952 4401 tio,
1996 4338 2089 4392 ubi
2135 4335 2322 4391 Graeca
2348 4332 2511 4387 verba
2552 4329 2763 4393 deleta,
2796 4334 2959 4394 atque
3003 4338 3071 4377 ex
3101 4320 3318 4385 medio,
3366 4332 3434 4372 ac

183 4454 365 4497 “me”
389 4455 575 4495 "erum
604 4453 726 4493 esse
750 4436 840 4491 Dei
872 4435 1094 4489 Filium-
1116 4432 1363 4501 Explicat
1391 4428 1587 4483 demde
1609 4439 1749 4494 (Ιυο-
1780 4439 1829 4498 ι)
1854 4434 2072 4488 tandem
2100 4444 2166 4482 ex
2191 4428 2296 4480 ﬁne
2321 4467 2334 4490 ,
2360 4423 2451 4477 ubi
2478 4420 2671 4475 Latina
2704 4414 3076 4484 interpretatio
3103 4411 3305 4471 deﬁcit,
3335 4424 3434 4462 ex-

185 4534 345 4589 modo
394 4531 674 4601 prophetae
717 4538 771 4583 et
810 4526 994 4581 verbis
1041 4533 1095 4577 et
1144 4521 1334 4591 ﬁguris
1387 4516 1750 4587 signiﬁcarint

182 4628 463 4682 Christum
492 4626 546 4677 in
576 4622 829 4693 passione
859 4628 1015 4674 aceto
1037 4626 1090 4672 et
1116 4615 1236 4670 felle
1268 4611 1588 4683 potandum,
1622 4622 1753 4677 pur-

184 4734 321 4791 pura
368 4717 735 4779 induendum,
783 4711 957 4781 spinis
1012 4705 1428 4768 eorouandum;
1484 4701 1579 4755 sed
1638 4699 1754 4751 haec

187 4809 366 4863 omnia
413 4807 595 4862 surdis
630 4803 941 4859 Iudaeorum
989 4799 1216 4853 auribus
1263 4796 1573 4849 decantata.
1627 4784 1757 4839 Inde

186 4909 370 4957 autem
407 4898 612 4967 colligit
639 4911 801 4950 aures
828 4893 1009 4949 cordis
1040 4884 1532 4947 circumcidendas,
1568 4881 1756 4935 docet-

187 5011 291 5066 que
314 4991 787 5049 circumcisionem
810 4985 1123 5041 Iudaeorum
1163 4980 1526 5046 antiquatam,
1554 4970 1755 5026 Mosai—

189 5101 389 5156 easque
426 5086 593 5155 leges,
631 5082 834 5152 quibus
864 5078 967 5133 cibi
1020 5071 1269 5129 nonnulli
1299 5066 1751 5139 prohibebantur,

188 5154 460 5248 spirituali
488 5154 655 5229 sensu
679 5168 1080 5240 intelligendas.
1108 5165 1240 5219 Post
1274 5164 1391 5216 haec
1420 5154 1663 5213 ostendit
1686 5154 1755 5206 ab

193 5270 382 5324 iisdem
424 5265 703 5339 prophetis
772 5264 996 5331 insuper
1058 5255 1481 5328 prmnuntiatum
1525 5249 1641 5303 fore
1700 5253 1759 5297 ut

192 5362 360 5421 Judaei
407 5378 507 5416 nec
533 5358 737 5416 Christi
766 5356 1037 5425 baptismo
1072 5350 1421 5404 ahluerentur
1440 5386 1456 5411 ,
1502 5358 1604 5397 nec
1631 5357 1759 5396 cru-

196 5473 313 5515 cem
344 5458 463 5527 ejus
484 5458 860 5525 agnoscerent,
884 5456 1048 5517 atque
1069 5446 1140 5501 ob
1164 5442 1407 5513 ejusdem
1440 5433 1645 5493 Christi
1677 5432 1746 5485 ab

198 5553 302 5609 illis
331 5552 593 5624 ejuratam
623 5546 959 5602 divinitatem
998 5535 1310 5597 exharedes
1346 5532 1472 5588 facti
1502 5569 1516 5595 ,
1557 5529 1610 5583 in
1656 5539 1750 5581 eo-

266 5743 316 5814 .“
329 5738 487 5796 Varia
518 5753 690 5793 sacra.

1857 4531 2073 4592 eerptos
2109 4536 2232 4574 esse
2280 4512 2793 4571 manifestissimum
2841 4516 2945 4561 est.
2992 4504 3207 4558 Erravit
3263 4501 3434 4570 igitur

1858 4591 2109 4684 Moj'nius
2136 4612 2199 4675 ‘8,
2228 4606 2561 4664 Calvinianae
2604 4612 2764 4655 secta:
2791 4598 2921 4652 olim
2970 4593 3296 4661 Rothomagi
3329 4591 3435 4643 mi-

1862 4711 2028 4763 nister
2047 4749 2061 4771 ,
2088 4706 2183 4775 qui
2214 4701 2573 4773 posteriorem
2618 4696 2783 4765 hujus
2814 4690 3067 4762 Epistula:
3094 4695 3300 4758 partem
3332 4698 3436 4738 nec

1862 4798 2107 4871 ejusdem
2142 4793 2457 4864 scriptoris,
2492 4806 2593 4843 nec
2621 4786 2866 4856 ejusdem
2916 4781 3044 4852 styli
3097 4794 3161 4832 ac
3194 4777 3432 4847 priorem

1861 4891 2034 4947 videri
2065 4888 2363 4944 arbitratus
2394 4892 2496 4938 est.
2542 4879 2694 4933 Hanc
2725 4876 2925 4946 quippe
2976 4874 3148 4940 ipsam
3184 4875 3393 4937 partem
3413 4905 3435 4932 ,

1862 4992 2058 5055 prmter
2083 4985 2444 5033 memoratum
2491 4972 2824 5027 Clementem
2857 4965 2926 5018 ab
2959 4963 3190 5030 Origene
3230 4957 3437 5025 Grego-

1864 5077 2055 5143 rioque
2082 5071 2432 5126 Nazianzeno
2458 5066 2649 5118 eodem
2676 5058 2942 5114 Barnahze
2966 5052 3188 5107 nomine
3210 5050 3435 5105 citatam

1863 5169 2117 5238 legimus.

2379 5243 2776 5304 ARTICULUS
2816 5241 2908 5296 Ill.

1864 5355 1942 5410 De
1988 5360 2203 5406 auctore
2240 5331 2396 5414 hujus
2443 5339 2680 5423 epistola:
2728 5336 3064 5403 antiquorum
3114 5335 3434 5393 scriptorum

2494 5424 2792 5479 opiniones.

1936 5518 2073 5573 Tota
2119 5513 2285 5585 igitur
2312 5510 2377 5565 de
2407 5507 2509 5562 hac
2542 5501 2777 5573 Epistola
2816 5495 3105 5552 dilﬁcultas
3138 5492 3193 5545 in
3216 5501 3283 5546 eo
3314 5495 3437 5540 var-
