3818 6216
462 285 569 340 67-5

1529 285 1584 338 S.
1626 284 1996 340 BARNABAS
2034 285 2393 343 APOSTOLU
2406 289 2463 343 S.

3598 293 3725 345 εἷἹὸ

463 412 647 469 satur,
700 411 884 457 utrum
934 418 964 457 a
1005 392 1253 457 Barnaba
1308 398 1587 467 apostolo,
1618 397 1775 466 cujus
1812 396 2105 466 pracfertA
2137 402 2290 455 naba:
2346 402 2559 470 penitus
2602 386 2952 469 abiudicant,
3003 409 3058 455 et
3110 402 3478 471 apocrypham
3536 411 3723 472 atque

462 509 681 559 nomen,
716 510 842 549 vere
875 493 1116 564 profecta
1163 492 1253 545 sit.
1280 489 1395 543 Non
1435 504 1542 542 una
1573 488 1839 557 siquidem
1863 504 1927 541 ea
1962 490 2030 543 de

462 603 522 641 re
570 588 919 658 antiquorum
974 584 1231 640 Ecclesia:
1270 582 1494 636 Patrum
1558 580 1662 635 fuit
1732 581 2023 635 sententia.

460 678 800 735 Posteriores
837 694 969 732 vero
998 676 1291 745 scriptores
1323 675 1376 726 in
1407 673 1592 742 plures
1633 672 1917 741 magisque
1945 672 2029 725 di-

458 787 645 827 versas
677 772 961 842 opiniones
983 769 1251 822 abierunt.
1284 765 1536 819 Clemens
1562 765 1761 818 etenim
1792 764 2029 817 Alexan-

457 864 651 918 drinus
684 863 867 917 nullus
894 874 1134 929 unquam
1162 856 1431 912 dubitavit
1458 871 1577 910 eam
1613 870 1802 910 verum
1836 854 2024 925 genui-

459 972 702 1025 numque
743 954 912 1008 fetum
968 966 1089 1006 esse
1130 949 1433 1013 Barnabas,
1479 964 1638 1017 quem
1671 948 1979 1017 apostolum
2006 989 2021 1011 ,

454 1048 633 1103 virum
667 1046 1047 1115 apostolicum,
1079 1056 1246 1096 unum
1273 1056 1340 1094 ex
1389 1040 1751 1109 septuaginta,
1786 1050 1841 1094 ct
1871 1039 2023 1094 Pauli

456 1138 757 1207 adiutorem
787 1135 1042 1205 appellat.
1070 1132 1194 1186 Haec
1220 1131 1401 1184 videre
1426 1139 1508 1185 est
1538 1130 1590 1184 in
1616 1130 1763 1186 illius
1782 1130 2025 1185 Stroma-

456 1241 567 1284 tum
600 1229 753 1283 libris
784 1227 1063 1291 secundo,
1116 1224 1308 1293 quinto
1354 1231 1408 1276 et
1454 1230 1608 1275 sexto
1634 1223 1698 1275 "'.
1751 1222 2019 1278 Clementi

453 1330 633 1375 autem
702 1316 1019 1388 pratccptori
1065 1330 1167 1370 suo
1213 1315 1545 1383 subscripsit
1598 1312 1857 1384 Origenes
1902 1332 1912 1365 :
1960 1331 2023 1369 ac

451 1420 639 1483 postea
664 1410 961 1479 Gregorius
982 1406 1359 1461 Nazianzenus
1384 1405 1634 1474 Origenis
1666 1406 1836 1474 ipsius
1859 1407 2019 1459 verba

450 1502 887 1566 transcribendo,
914 1500 966 1553 in
993 1499 1183 1553 eadem
1226 1512 1447 1567 quoque
1476 1497 1732 1565 opinione
1765 1512 1821 1551 se
1852 1497 2022 1551 fuisse

451 1594 597 1650 haud
622 1594 855 1648 obscure
883 1589 1235 1661 signitlcavit.

526 1686 723 1741 Verum
756 1684 1017 1739 adversus
1040 1680 1374 1736 Clementem
1408 1696 1649 1751 pugnare
1678 1682 1889 1736 videtur
1918 1682 2019 1737 Eu-

450 1776 730 1840 sebius“;
760 1772 1202 1845 quandoquidem
1239 1772 1331 1825 ubi
1359 1772 1426 1826 de
1450 1772 1697 1841 ejusdem
1723 1773 2020 1828 Clementis

449 1867 717 1937 Operibus
764 1878 1072 1921 sermonem
1119 1862 1399 1917 instituit:
1440 1860 1505 1915 In
1549 1862 1773 1929 iisdem,
1814 1865 2023 1935 inquit,

451 1960 601 2014 libris
623 1959 777 2027 affert
804 1957 1102 2017 testimonia
1132 1955 1551 2025 Scripturarum,
1570 1971 1686 2025 qute
1704 1974 1735 2009 a
1760 1958 2025 2010 nonnullis

450 2052 819 2121 repudiantur,
846 2066 1024 2120 nempe
1045 2064 1110 2105 ea:
1135 2047 1413 2118 Sapientia
1448 2049 1773 2115 Salomonis,
1809 2050 1934 2103 item
1961 2066 2026 2103 ex

452 2142 695 2214 Epistola
738 2142 1022 2198 Clementis
1073 2158 1135 2194 ac
1164 2140 1451 2196 Barnabte.
1490 2140 1555 2195 Et
1595 2142 1758 2211 paulo
1802 2142 2020 2211 post”:

451 2238 603 2292 Idem
628 2238 683 2290 in
714 2235 863 2290 libris
904 2232 1339 2288 Ὑποτυπώπων
1363 2234 1621 2297 omnium,
1657 2243 1715 2286 ut
1744 2250 1849 2287 uno
1875 2234 2026 2288 verba

448 2333 626 2387 dicunt
651 2371 667 2397 ,
698 2330 971 2400 utriusque
1018 2324 1340 2380 Testamenti
1369 2326 1759 2395 scripturarum
1778 2342 2024 2395 compen-

448 2426 653 2478 diosam
678 2421 901 2475 instruit
933 2419 1318 2483 narrationem,
1345 2433 1408 2471 ne
1428 2416 1542 2471 illis
1568 2418 1778 2488 quidem
1806 2426 2027 2487 praeter-

448 2516 622 2571 missis
650 2513 953 2583 scripturis,
987 2510 1050 2564 de
1073 2510 1266 2580 quibus
1302 2510 1441 2562 inter
1478 2508 1672 2563 multos
1714 2509 2021 2579 ambigitur,

446 2608 607 2661 Jutlte
634 2606 925 2675 Epistolam
946 2645 960 2667 ,
978 2616 1031 2657 et
1062 2603 1343 2667 Barnabw,
1381 2618 1443 2654 ac
1478 2601 1708 2670 reliquas
1732 2600 2021 2654 catholicas

450 2699 720 2769 Epistolas
770 2697 1028 2767 intelligo.
1088 2694 1227 2749 Tum
1273 2694 1513 2764 denique
1543 2708 1611 2748 ex
1651 2708 1750 2746 sua
1788 2693 1869 2747 sic
1908 2693 2023 2761 ipse

449 2791 715 2847 sententia
766 2790 1084 2859 pronuntiat
1106 2788 1191 2841 '°:
1229 2787 1337 2839 Pro
1387 2787 1585 2855 spuriis
1632 2783 1860 2838 habendi
1900 2795 2021 2837 sunt

444 2886 607 2940 etiam
644 2882 808 2936 Actus
849 2879 1080 2933 Pauli...
1112 2878 1377 2941 Barnabw
1400 2878 1527 2929 item
1570 2875 1835 2945 Epistola.
1869 2874 2022 2931 Unde

446 2974 718 3044 intelligas
749 2970 1043 3026 Eusebium
1069 3009 1087 3035 ,
1118 2968 1484 3038 quormndam
1514 2968 1886 3037 antiquiorum
1932 2984 2021 3022 ve-

2132 492 2535 560 supposititiam
2583 507 2705 548 esse
2753 494 3111 548 contendunt.
3157 494 3356 548 Contra
3397 509 3533 549 vero
3583 493 3717 548 Ha-

2132 587 2699 653 mondus,\’ossius,
2746 587 2930 641 Bullus
2982 597 3038 642 et
3086 587 3350 657 Dupinius
3398 603 3522 643 eam
3587 604 3718 644 non

2130 680 2296 732 alium
2337 696 2500 749 quam
2555 679 2860 735 Barnabam
2916 690 3194 736 auctorem
3239 683 3441 738 habere
3484 698 3721 753 propu-

2129 778 2313 832 gnanL

2652 882 3050 938 ARTICULUS
3092 883 3153 938 V.

2378 972 2621 1026 Primum
2662 986 3027 1043 argumentum
3064 978 3419 1031 examinatum

2198 1064 2301 1132 Qui
2341 1065 2637 1136 Epistolam
2670 1069 2809 1122 hanc
2835 1068 3095 1122 Barnabas
3126 1068 3456 1138 abjudicant,
3486 1069 3581 1123 bis
3611 1070 3715 1122 ni-

2128 1169 2315 1214 tuntur
2345 1159 2701 1229 argumentis.
2734 1158 2797 1212 Et
2821 1160 2997 1229 primo
3031 1161 3249 1229 quidem
3282 1160 3318 1213 ii
3362 1159 3591 1215 Eusebii
3615 1170 3714 1214 at-

2124 1266 2230 1319 que
2279 1249 2634 1322 Hieronymi,
2681 1253 2773 1321 qui
2823 1268 2940 1306 eam
2986 1252 3050 1306 ad
3085 1251 3389 1322 apocrypha
3417 1261 3471 1305 et
3505 1253 3708 1321 spuria

2124 1338 2379 1411 ablegant
2402 1385 2415 1406 ,
2462 1343 2786 1396 auctoritate
2814 1356 2843 1394 a
2870 1341 3028 1394 nobis
3055 1343 3309 1410 superius
3331 1342 3489 1395 allata
3522 1351 3709 1396 utun-

2125 1441 2231 1486 tur.
2272 1432 2439 1487 Docet
2480 1434 2678 1503 quippe
2714 1434 2854 1487 idem
2887 1432 3249 1505 Hieronymus
3266 1436 3312 1465 ’³
3338 1451 3350 1485 :
3376 1435 3711 1504 Apocrypha

2121 1541 2301 1578 eorum
2344 1542 2443 1579 non
2471 1543 2581 1581 esse
2614 1543 2835 1597 quorum
2864 1526 3035 1581 titulis
3061 1537 3463 1596 prtcnotantur:
3494 1527 3606 1593 vel,
3638 1535 3708 1581 ut

2123 1619 2276 1674 addit
2300 1620 2550 1674 Gelasius
2584 1635 2746 1689 papa,
2782 1621 2967 1690 aliquo
2999 1620 3315 1675 inliciuntur
3342 1636 3553 1676 errore.
3588 1623 3703 1676 Alii

2052 1740 2093 1794 Β
2122 1719 2301 1766 tamen
2346 1720 2543 1782 negant
2586 1710 2803 1767 Euvaii
2843 1711 3262 1782 llieronymique
3312 1711 3378 1765 de
3424 1710 3708 1767 Barnabas

2127 1803 2365 1874 Epistola
2412 1803 2575 1857 verba
2607 1803 2802 1857 debere
2834 1803 3094 1857 alterutro
3138 1818 3299 1856 sensu
3333 1801 3702 1871 accipiuNon

2127 1896 2343 1965 quidem
2371 1894 2567 1963 primo,
2602 1910 2724 1949 cum
2774 1892 3066 1961 Epistolam
3111 1893 3252 1946 hanc
3292 1891 3561 1945 Barnabas
3599 1908 3704 1945 no—

2128 1987 2273 2041 mine
2305 1986 2528 2040 inscribi
2562 2002 2668 2039 non
2708 1985 3035 2048 inticientur,
3087 2000 3151 2038 ac
3179 1983 3545 2054 Hieronymus
3574 1999 3698 2037 eam

2128 2094 2157 2133 a
2202 2077 2451 2133 Barnaba
2494 2078 2855 2147 compositam
2899 2091 3021 2130 esse
3073 2075 3321 2129 allirmet.
3374 2074 3564 2144 Neque
3610 2092 3700 2130 se.

2126 2169 2324 2235 cundo,
2353 2186 2475 2224 cum
2508 2170 2653 2223 illam
2682 2185 2787 2222 non
2839 2176 3042 2222 tantum
3072 2168 3250 2221 omnis
3274 2168 3477 2221 erroris
3500 2182 3693 2236 exper-

2128 2270 2258 2325 tem,
2291 2261 2383 2314 sed
2410 2262 2597 2323 etiam,
2627 2270 2686 2314 ut
2720 2260 2796 2313 ait
2823 2258 3181 2329 Hieronymus
3201 2258 3266 2324 “,
3292 2258 3361 2310 ad
3384 2258 3699 2324 aediﬁcatio-

2127 2369 2243 2407 nem
2267 2352 2518 2407 Ecclesia:
2543 2354 2884 2422 pertinentem
2904 2360 3211 2421 agnoscant.
3235 2349 3313 2404 Eo
3333 2350 3501 2422 igitur
3520 2366 3698 2406 sensu

2126 2463 2245 2502 eam
2295 2456 2524 2517 uterque
2569 2448 2811 2515 spuriam
2857 2452 2913 2498 et
2959 2444 3319 2514 apocrypham
3364 2457 3490 2497 esse
3529 2442 3697 2510 dixit,

2127 2539 2271 2606 quod
2299 2539 2439 2593 inter
2468 2537 2766 2592 canonicos
2795 2536 2993 2590 divina:
3030 2534 3325 2604 Scriptum:
3371 2533 3542 2588 libros
3581 2548 3698 2588 non

2126 2632 2531 2685 adnumerctur.

2198 2721 2399 2775 Verum
2438 2737 2501 2774 ex
2539 2721 2712 2790 posita
2755 2721 2883 2773 olim
2926 2719 2993 2772 ab
3028 2718 3329 2788 Augustino
3366 2715 3552 2786 regula
3598 2732 3698 2770 ur-

2126 2820 2460 2883 gcntcorum
2494 2811 2827 2875 adversarii;
2874 2825 2937 2862 ea
2984 2824 3211 2877 quaeque
3251 2806 3451 2874 scripta
3492 2807 3563 2858 ab
3596 2805 3700 2859 Ec-

2124 2903 2287 2959 clesia
2315 2902 2479 2971 recipi
2514 2901 2787 2965 debuisse,
2819 2916 2941 2969 qua:
2963 2916 2991 2955 a
3016 2899 3259 2971 quolibet
3285 2898 3535 2968 apostolo
3566 2914 3698 2969 pro-

2124 2996 2292 3051 diisse
2321 2995 2649 3050 constiterit.
2689 2993 2818 3047 lude
2859 2995 3058 3063 quippe
3105 3000 3328 3048 sanctus
3368 2992 3459 3045 ille
3497 2991 3697 3044 doctor

447 3065 623 3156 “ign?
665 3060 1011 3156 inhfrendo’
1060 3058 1659 3156 Episw'aIT‘.Pa"“‘_"‘e
1691 3074 1789 3156 pf"
1820 3059 2017 3156 ,θνητὴ
2045 3088 2087 3146 C
2120 3098 2312 3144 contra
2349 3087 2720 3143 adversarium
2754 3058 2914 3156 Legi-s
3048 3084 3445 3154 Prophetarum
3494 3084 3694 3147 libros,

446 3154 724 3210 habuisse.
754 3152 1117 3223 Hieronymus
1148 3166 1276 3205 vero
1298 3150 1340 3179 “
1372 3149 1521 3203 illam
1564 3149 1696 3203 inter
1715 3151 2017 3219 Scripturas

444 3248 774 3318 apocryphas
833 3245 1107 3300 amandat.
1159 3242 1401 3313 Uterque
1448 3258 1613 3312 porro
1660 3241 2019 3312 Nicephorus,

445 3339 1085 3409 Constantinopolitauus
1134 3337 1348 3392 scilicet
1398 3346 1562 3405 atque
1594 3335 1863 3399 Calixtus,
1908 3333 2020 3388 Eu-

447 3435 581 3489 sebii
627 3434 786 3488 verba
831 3446 1162 3501 sensumque
1191 3428 1503 3500 expressit:
1535 3428 1629 3482 sed
1661 3443 1912 3497 quzenam
1951 3428 2022 3481 sit

446 3524 666 3580 Eusebii
702 3541 766 3579 ac
792 3522 1103 3593 Hieronymi
1133 3522 1199 3576 de
1226 3519 1663 3590 apocryphorum
1698 3518 2022 3573 delinitione

446 3618 633 3687 opinio
651 3658 666 3685 ,
698 3617 879 3673 adhuc
903 3624 987 3671 est
1017 3614 1071 3668 in
1100 3613 1492 3669 controversia.

968 3727 1367 3783 ARTICULUS
1402 3725 1494 3783 IV.

909 3823 1177 3878 Sententia
1209 3821 1573 3875 recentiorum.

522 3941 793 4009 Quantum
822 3939 887 3993 ad
913 3939 1243 3993 recentiores
1266 3979 1277 4000 ,
1307 3933 1462 4004 Hugo
1486 3932 1779 3987 Menardus
1799 3972 1813 3995 .
1847 3931 2020 3985 Bene.

450 4035 669 4089 dictina:
700 4033 875 4103 gentis
902 4030 1239 4093 monachus,
1271 4029 1337 4081 de
1375 4028 1475 4081 hac
1508 4024 1753 4096 Epistola
1780 4026 1859 4079 sic
1891 4039 2017 4077 scn-

454 4128 518 4182 tit
538 4124 795 4189 “:Jure,
843 4122 1057 4192 inquit,
1098 4123 1237 4174 inter
1282 4120 1571 4187 scripturas
1622 4115 1947 4186 apocryplms
1990 4130 2022 4165 (ι

451 4220 629 4273 citatis
670 4214 974 4270 auctoribus
1005 4220 1452 4277 connumeratur;
1486 4218 1596 4261 tum
1627 4208 1753 4278 quia
1779 4223 1847 4260 an
1876 4205 2021 4260 Bar-

454 4313 603 4366 naba:
627 4311 717 4377 sit,
748 4309 1003 4362 incertum
1026 4314 1141 4369 est;
1192 4314 1301 4357 tum
1323 4303 1448 4372 quia
1485 4301 1727 4371 qutedam
1754 4300 2022 4370 reperiun-

453 4415 708 4473 ειη-,ηυδε
737 4399 1042 4469 di/ﬁcultate
1085 4396 1299 4449 minime
1342 4401 1559 4456 carent;
1591 4390 1847 4461 siquidem
1892 4405 2022 4441 non-

453 4495 613 4549 nulla:
660 4500 780 4545 sunt
824 4492 879 4544 in
917 4506 979 4543 ea
1028 4488 1282 4551 salebrte,
1335 4484 1403 4536 ad
1464 4498 1596 4553 quas
1652 4483 1824 4533 minus
1872 4482 2019 4533 cauti

453 4586 712 4655 o/fenderc
748 4583 968 4652 possint.
1001 4578 1111 4632 Nec
1146 4578 1259 4642 ulli,
1307 4574 1508 4639 subdit,
1544 4573 1739 4627 mirum
1772 4584 1895 4623 esse
1921 4569 2017 4623 de-

453 4680 562 4745 bet,
590 4676 735 4747 quod
761 4675 849 4728 illa
882 4688 983 4726 nec
1012 4687 1041 4725 a
1072 4670 1373 4732 Clemente,
1398 4681 1498 4719 nec
1523 4664 1591 4718 ab
1622 4661 1858 4730 Origene
1886 4676 2019 4730 apo-

454 4772 658 4842 crypha
726 4775 1054 4832 censeatur,
1122 4762 1381 4834 siquidem
1438 4757 1737 4823 hujusntodi
1782 4764 2019 4809 auctores

455 4872 676 4917 utuntur
726 4858 1061 4929 apocryphis.
1133 4854 1387 4908 Fluctuat
1446 4850 1629 4905 animo
1681 4846 2019 4910 Cotelerius,

455 4950 797 5017 summisque
842 4961 900 5000 se
942 4946 1018 4999 ait
1044 4942 1455 4997 dillicultatibus
1488 4937 1771 5009 pncpediri
1801 4934 2020 5004 quomi-

454 5057 560 5096 nus
589 5039 848 5093 Barnabse
874 5052 994 5091 eam
1038 5035 1320 5095 attribuat,
1365 5048 1529 5102 quam
1562 5040 1743 5083 tamen
1790 5029 1865 5081 illi
1898 5043 2020 5081 om-

454 5135 587 5190 nino
617 5134 881 5201 abrogare
918 5145 1026 5182 non
1070 5129 1252 5182 audet.
1306 5125 1383 5179 Re
1414 5132 1592 5179 autem
1625 5137 1917 5192 perpensa,
1965 5120 2017 5174 in

457 5229 602 5281 hunc
633 5222 910 5277 concludit
940 5219 1161 5275 modum
1193 5236 1205 5270 :
1238 5216 1349 5286 Ego
1374 5216 1538 5283 magis
1578 5214 1795 5277 inclina,
1818 5221 1877 5264 ut
1900 5226 2021 5264 cen-

453 5333 595 5370 seam
638 5330 740 5367 non
768 5329 878 5366 esse
917 5309 1178 5380 apostoli;
1211 5310 1605 5377 prolitcturque
1634 5320 1693 5359 se
1724 5305 1923 5374 gratias
1954 5301 2020 5355 iis

454 5406 801 5469 habiturum,
826 5402 922 5471 qui
942 5399 1217 5452 voluerint
1242 5398 1470 5450 certiora
1510 5394 1764 5465 proferre.
1811 5389 2019 5445 Natalis

453 5512 583 5550 vero
608 5493 934 5556 Alexander,
968 5498 1412 5556 memoratusque
1442 5485 1692 5556 Moynius
1716 5484 1863 5538 illam
1884 5483 2017 5537 Barv

524 5607 565 5637 ”
606 5604 740 5659 Vide
797 5618 959 5671 supra
1012 5599 1332 5653 Testimonia
1356 5607 1633 5671 _vete_rnm.

1740 5595 1783 5626 ‘3
1821 5593 1937 5647 Lib.
1998 5607 2049 5645 v1
2118 5589 2287 5650 Hist.,
2319 5602 2439 5654 cap.
2496 5583 2581 5637 1'5.

456 5677 544 5730 M.
620 5649 770 5727 ίιψῦε
1266 5649 1326 5700 ’ί
1356 5649 1572 5740 Prodat.
1598 5666 1651 5718 in
1677 5663 2150 5740 Epist._Barn_ab.n
2189 5660 2235 5691 ²³
2265 5649 2430 5740 Epist.
2461 5654 2545 5740 ,7.τ
2576 5652 2640 5740 ad
2673 5651 2897 5740 laetam.
2973 5654 3040 5740 ἒξ
3055 5650 3142 5740 De.
3158 5649 3303 5740 sfrip

2121 3181 2350 3236 Andreas
2376 3188 2429 3234 et
2455 3179 2682 3234 Joannis
2711 3193 2908 3232 nomen
2944 3176 3313 3247 praeferentes,
3346 3174 3694 3244 apocrypbos

2121 3288 2243 3328 esse
2263 3274 2457 3341 probat
2477 3273 2543 3338 ",
2574 3274 2700 3343 quia
2729 3272 2775 3325 si
2806 3270 3023 3324 illorum
3052 3279 3243 3335 essent,
3288 3268 3480 3335 recepti
3519 3275 3695 3319 essent

2123 3367 2186 3419 ab
2215 3365 2472 3418 Ecclesia.
2496 3363 2647 3430 Quod
2677 3363 2722 3417 si
2750 3363 3085 3430 respondeas
3114 3360 3382 3431 quosdam
3407 3359 3697 3429 putavisse

2126 3460 2265 3513 banc
2300 3456 2597 3527 Epistolam
2630 3456 2769 3510 inter
2801 3454 3115 3524 Scripturas
3142 3452 3435 3508 eanonicas
3475 3449 3542 3503 ab
3565 3448 3696 3502 Ori-

2125 3568 2259 3620 gene
2294 3549 2636 3619 computari,
2679 3558 2844 3617 atque
2886 3562 2953 3601 eo
2999 3546 3053 3599 in
3087 3558 3315 3599 numero
3350 3543 3407 3597 in
3452 3540 3697 3611 antiquis

2124 3644 2443 3700 earumdem
2486 3640 2894 3712 Scripturarum
2926 3638 3193 3705 catologis
3220 3635 3443 3706 reperiri
3475 3653 3487 3687 :
3518 3635 3699 3689 insta-

2124 3736 2262 3791 bunt
2306 3735 2499 3790 iisdem
2533 3733 2588 3787 in
2625 3729 2889 3799 catalogis
2936 3728 3075 3783 alios
3104 3726 3287 3781 itidem
3334 3724 3505 3778 libros
3536 3738 3698 3793 repe-

2124 3828 2246 3893 riri,
2281 3828 2374 3897 qui
2404 3841 2503 3897 pro
2538 3823 2819 3879 canonicis
2845 3835 3130 3890 nunquam
3157 3816 3328 3872 habiti
3350 3825 3497 3882 sunt;
3528 3824 3697 3884 atque

2123 3920 2372 3991 Origenis
2418 3917 2600 3971 verbis
2646 3914 2697 3970 id
2740 3914 2885 3984 quod
2928 3914 3123 3978 aiunt,
3182 3909 3331 3964 nullo
3391 3909 3695 3977 signiﬁcari

2124 4012 2287 4066 modo
2310 4010 2655 4065 contendent.

2192 4100 2540 4173 Respondent
2567 4101 2749 4169 itaque
2782 4097 2872 4151 alii
2898 4094 3197 4151 secundum
3226 4089 3517 4161 Augustini
3540 4105 3696 4145 men-

2126 4206 2231 4252 tem
2258 4238 2273 4261 ,
2317 4210 2424 4250 non
2470 4191 2657 4247 omnia
2694 4189 2920 4245 omnino
2963 4186 3365 4256 apostolorum,
3398 4183 3482 4236 vel
3511 4182 3695 4251 potius

2126 4287 2549 4358 apostolicorum
2580 4284 2853 4344 virorum,
2878 4279 3037 4334 sicuti
3067 4276 3326 4330 Barnabas
3353 4314 3367 4337 ,
3398 4274 3606 4343 scripta
3640 4275 3691 4327 in

2128 4378 2516 4434 canonicorum
2542 4387 2828 4428 numerum
2858 4386 2979 4425 esse
3003 4369 3318 4433 referenda;
3347 4367 3695 4436 quandoqui—

2053 4447 2097 4503 D
2125 4472 2247 4527 dem
2280 4480 2333 4525 et
2355 4470 2490 4523 liber
2517 4466 2732 4521 Hermae
2749 4506 2765 4530 ,
2790 4472 2846 4518 et
2871 4461 3167 4516 Clementis
3193 4458 3425 4514 Romani
3455 4458 3695 4528 Epistola

2126 4565 2273 4619 hunc
2342 4562 2398 4616 in
2460 4573 2749 4615 numerum
2814 4556 3040 4609 minime
3085 4551 3418 4607 referuntur.
3474 4551 3695 4607 Addunt

2126 4665 2384 4726 prmterea
2411 4668 2520 4707 non
2547 4666 2612 4705 eo
2634 4652 2753 4720 ipso
2781 4649 3045 4715 scriptum
3068 4643 3285 4714 aliquod
3303 4658 3402 4712 pro
3424 4645 3691 4698 canonico

2128 4749 2436 4803 habendum
2467 4786 2483 4811 ,
2511 4744 2655 4814 quod
2689 4744 2756 4797 ab
2780 4740 3028 4810 apostolo
3057 4737 3315 4807 quopiam
3342 4736 3553 4790 editum
3586 4736 3687 4801 sit,

2128 4842 2220 4896 sed
2256 4841 2307 4895 id
2341 4841 2565 4908 insuper
2610 4835 2869 4889 Ecclesim
2901 4830 3215 4886 deﬁnitione
3257 4828 3564 4882 renuntiari
3598 4827 3691 4881 de-

2124 4930 2256 4987 bere
2285 4934 2618 4984 asseverant.

2195 5022 2305 5077 Nos
2335 5031 2515 5075 autem
2554 5017 2845 5087 Augustini
2894 5022 3127 5067 mentem
3158 5026 3222 5064 ex
3266 5008 3395 5073 alia,
3422 5024 3591 5077 quam
3632 5008 3693 5062 de

2128 5116 2283 5170 libris
2313 5110 2640 5183 apocryphis
2679 5108 2890 5168 statuit,
2925 5101 3146 5159 certiori
3188 5100 3376 5168 regula
3409 5099 3692 5167 explican-

2127 5210 2250 5264 dam
2273 5222 2393 5261 esse
2422 5218 2731 5259 censemus.
2758 5200 2895 5255 Cum
2933 5198 3077 5252 enim
3112 5195 3227 5264 ipse
3263 5192 3578 5246 accuratius
3606 5192 3694 5244 de-

2128 5296 2395 5365 ﬁnitquis
2431 5293 2568 5347 liber
2613 5288 2877 5344 dicendus
2928 5285 3000 5340 sit
3046 5278 3499 5351 apocryphus":
3552 5274 3695 5329 Scri-

2123 5398 2293 5457 pturte
2341 5382 2685 5452 apocrypha,
2737 5377 2948 5447 inquit,
3000 5378 3397 5438 nuncupantur,
3444 5384 3505 5420 eo
3559 5366 3693 5437 quod

2123 5478 2333 5533 occulta
2378 5489 2559 5529 earum
2591 5473 2738 5540 origo
2769 5485 2870 5522 non
2901 5465 3097 5519 claruit
3127 5459 3405 5524 Patribus,
3447 5475 3481 5510 a
3510 5457 3692 5528 quibus

2662 5582 2703 5612 ¹⁹
2739 5579 2837 5634 lib.
2884 5595 2978 5645 ιιι,
3023 5595 3141 5648 cap.
3196 5577 3287 5630 25.
3364 5576 3413 5607 ¹⁶
3452 5573 3569 5648 Ibid
3601 5589 3688 5648 ,c.

3310 5656 3349 5703 t.
3378 5644 3568 5700 eccles.
3645 5644 3687 5675 "

607 5761 644 5808 ι,
675 5718 1271 5807 c3562;{insiliens
1296 5748 1343 5791 et
1366 5718 1654 5805 hisp/nt,
1688 5718 1804 5803 cap.
1835 5718 1923 5788 9.0.
2004 5736 2049 5764 ²⁶
2073 5732 2192 5787 Lib.
2229 5718 2402 5782 κγ’ορ
2425 5726 2634 5778 civitate
2668 5722 2798 5788 Dei,
2827 5736 2946 5790 cap.
2974 5721 3046 5775 ‘23
3072 5762 3086 5787 ,
3118 5718 3146 5791 §
3172 5719 3226 5773 4.
