3818 6216
171 286 281 343 6⁵17

1563 282 2092 339 PROLEGOMENA.
3325 280 3430 337 078

172 423 345 477 usque
375 405 444 461 ad
466 424 559 462 nos
592 407 888 461 auctoritas
916 402 1182 460 veracium
1206 398 1609 470 Scripturarum
1645 412 1756 449 cer-
1788 399 1832 454 Α
1860 393 2152 447 contraria:
2178 372 2463 447 sontentiai
2494 402 2929 466 propugnatores
2961 410 3027 453 ac
3070 398 3286 467 patroni
3337 415 3427 455 re-

172 503 387 556 tissima
412 513 460 555 et
488 503 765 556 notissima
800 501 1128 554 successione
1154 494 1404 566 pervenit.
1430 491 1508 544 Ex
1534 491 1634 544 hac
1660 504 1754 542 au-

1860 484 2153 551 spondent,
2182 484 2297 537 hare
2329 484 2493 538 verba
2509 500 2626 538 non
2651 487 2878 551 omnino
2904 488 2969 543 ad
3016 489 3248 543 litteram
3275 529 3290 553 ,
3334 490 3428 545 sed

172 600 284 649 tem
334 594 466 648 libri
526 595 820 666 apocryphi
875 592 1193 648 deﬁnitione
1240 598 1387 643 recte
1436 582 1751 640 adversario
1852 574 2142 645 benignius
2173 576 2512 645 accipienda,
2553 577 2803 649 nihilque
2838 579 2985 635 aliud
3028 596 3227 636 sonare
3262 597 3427 651 quam

170 701 300 753 suo,
324 686 501 742 libros
528 686 760 742 Andreas
784 693 838 741 et
858 683 1085 739 Joannis
1109 679 1412 750 objicienti,
1431 674 1745 746 respondet,

168 793 269 833 eos
300 777 460 847 plane
488 793 611 834 esse
656 777 1030 849 apocryphos;
1071 775 1198 844 quia
1229 773 1274 827 si
1316 772 1384 826 ab
1417 770 1484 824 iis
1510 782 1744 838 quorum

168 876 325 923 tanta
376 878 492 923 erat
534 868 677 939 apud
723 867 1022 923 Ecclesiam
1072 863 1398 929 auctoritas,
1451 875 1577 914 vere
1620 872 1749 928 pro-

166 961 425 1029 diissent,
460 961 514 1016 id
538 971 593 1016 et
644 960 897 1015 Patribus
926 967 1294 1029 perspectum,
1319 964 1372 1011 et
1406 954 1474 1009 ab
1504 951 1743 1007 Ecclesia

166 1054 369 1109 fuisset
421 1059 722 1123 receptum.
792 1050 1135 1120 Quapropter
1192 1063 1315 1103 cum
1387 1062 1419 1101 e
1467 1043 1744 1100 contrario

165 1145 326 1215 origo
370 1144 619 1214 epistolae
674 1142 938 1198 Barnabze
980 1140 1264 1203 Patribus,
1311 1137 1571 1192 nimirum
1619 1135 1742 1189 Cle—

168 1235 375 1301 menti,
420 1233 640 1305 Origeni
682 1241 847 1303 atque
874 1232 997 1286 aliis
1029 1230 1309 1296 claruerit,
1340 1244 1408 1283 ex
1438 1228 1601 1282 allata
1633 1227 1744 1280 Au-

166 1328 374 1396 gustini
402 1327 720 1382 deﬁnitione
757 1326 900 1381 inter
927 1324 1272 1395 apocryphas
1313 1322 1614 1392 scripturas
1644 1335 1743 1374 an-

158 1420 447 1475 numerari
478 1433 587 1474 non
616 1418 792 1474 debet.

694 1548 1094 1605 ARTlCULUS
1133 1548 1221 1603 Vl.

418 1664 719 1722 Secundum
749 1675 1120 1737 argumentum
1150 1662 1482 1733 expenditur.

1852 669 2130 738 apostolos
2150 708 2165 734 ,
2190 669 2337 739 quod
2360 670 2579 739 quidem
2611 686 2798 726 verum
2832 681 2936 738 est,
2966 682 3091 729 ante
3114 676 3428 729 conversio-

1849 776 1971 815 nem
2005 776 2159 815 suam
2193 762 2364 817 multa
2390 778 2696 835 magnaque
2722 780 2997 835 peccasse.

1918 851 2030 907 Nos
2059 868 2189 907 vero
2223 854 2327 911 hoc
2364 855 2505 909 idem
2536 865 2917 926 argumentum
2948 857 3017 911 ab
3046 855 3277 927 Origene
3309 856 3423 927 jam

1848 944 1975 999 olim
2008 944 2178 1000 fuisse
2205 945 2439 1001 dilutum
2478 950 2876 1018 respondemus
2895 951 2962 1004 ’⁷.
2992 950 3127 1005 Cum
3149 951 3293 1004 enim
3318 951 3428 1020 fork

1848 1045 1985 1089 tasse
2009 1034 2203 1092 Celsus
2240 1053 2307 1092 ex
2335 1038 2527 1093 iisdem
2563 1041 2806 1096 auctoris
2837 1043 3010 1097 nostri
3041 1044 3223 1098 verbis
3263 1059 3423 1099 occa-

1844 1127 2065 1191 sionem,
2101 1128 2220 1198 ipso
2248 1139 2384 1184 teste
2414 1129 2667 1201 Origene,
2699 1134 3035 1201 arripuisset,
3063 1143 3121 1188 ut
3153 1133 3420 1203 apostolos

1843 1217 2070 1287 infames
2090 1228 2138 1272 et
2163 1222 2507 1289 nequissimos
2532 1223 2749 1289 diceret,
2772 1222 2803 1276 J
2811 1240 2957 1277 esum
2981 1225 3048 1277 ad
3072 1226 3419 1293 apostolicam

1844 1310 2163 1378 functionem
2191 1311 2407 1381 elegisse
2446 1312 2681 1368 homines
2706 1316 2852 1368 omni
2880 1317 3163 1387 iniquitate
3193 1317 3422 1386 iniquio-

1846 1419 1959 1467 res;
1988 1403 2071 1458 sic
2097 1403 2275 1466 illum,
2304 1412 2358 1458 et
2385 1406 2607 1475 quidem
2639 1407 2888 1476 apposite
2922 1408 2988 1463 ad
3015 1423 3129 1463 rem
3173 1420 3417 1467 nostram

1842 1492 2090 1548 conftttat
2115 1512 2128 1548 :
2159 1494 2302 1559 Quid
2332 1495 2500 1565 igitur
2515 1496 2755 1563 absurdi,
2784 1499 2831 1551 si
2860 1497 3014 1552 Iesus
3036 1500 3305 1555 ostendere
3330 1517 3421 1556 vo-

1840 1588 1951 1642 lens
1980 1587 2211 1641 humano
2255 1591 2431 1659 generi
2469 1601 2727 1660 quantum
2771 1592 2886 1661 ejus
2934 1595 3194 1653 medicina
3232 1606 3420 1651 contra

1839 1688 2008 1746 pestes
2043 1679 2346 1733 animarum
2370 1681 2589 1750 polleat,
2613 1683 2840 1751 infames
2864 1693 2914 1739 et
2943 1687 3286 1755 nequissimos
3313 1687 3420 1743 ele-

226 1760 553 1816 Secundum
600 1769 981 1832 argumentum
1008 1801 1021 1825 ν
1050 1774 1160 1828 quo
1187 1758 1303 1812 ba’c
1327 1755 1568 1847 Epistola
1592 1754 1735 1847 βίη·
1765 1750 1809 1805 Β
1837 1770 1936 1838 git,
1974 1779 2032 1823 ut
2064 1786 2268 1823 morum
2307 1750 2716 1840 purissimorum
2750 1750 3043 1842 exemplum
3075 1779 3259 1847 fierent
3301 1796 3419 1833 am-

150 1853 318 1907 nabae
346 1852 711 1922 abjudicetur,
729 1850 854 1905 inde
881 1850 1233 1920 desumptum
1257 1856 1361 1913 est,
1379 1846 1523 1916 quod
1553 1845 1736 1899 videa-

157 1954 252 1998 tur
277 1942 596 1998 incredibile
639 1940 948 2011 apostolum
980 1955 1073 1994 eas
1111 1939 1433 2009 scripsisse,
1481 1953 1620 2007 quas
1660 1935 1733 1990 ibi

148 2035 415 2104 legimus,
444 2041 664 2089 coactas
696 2032 957 2087 nimirum
989 2029 1278 2100 allegorias
1298 2072 1312 2094 ,
1356 2026 1734 2082 enarrationes

157 2122 569 2194 Scripturarum
587 2119 1418 2187 minusverisimiles,anilesque
1435 2118 1502 2173 de
1516 2117 1731 2172 anima-

153 2214 301 2269 libus
317 2213 553 2269 labulas.
570 2210 1236 2284 RespondetHamondus,
1259 2208 1557 2273 Gnosticos,
1586 2206 1733 2262 Scri-

150 2317 328 2376 ptura:
366 2324 535 2362 sacra:
567 2308 787 2378 mystice
826 2305 1237 2376 interpretanda?
1278 2302 1589 2374 facultatem
1629 2301 1731 2355 sibi

151 2400 662 2472 arrogantes,multa
679 2397 872 2453 Veteris
895 2397 1216 2453 Testamenti
1234 2395 1535 2449 testimonia
1554 2393 1623 2447 ad
1636 2395 1734 2447 im-

146 2510 312 2563 puros
338 2509 463 2547 usus
487 2492 978 2545 accommodasse...
992 2527 1029 2543 ..
1048 2487 1189 2541 Hinc
1206 2485 1488 2540 Barnabas
1507 2485 1605 2538 hac
1623 2485 1730 2553 fere

148 2588 396 2641 universa
419 2583 661 2654 Epistola
691 2599 791 2636 sua
814 2580 1011 2635 Veteris
1035 2578 1387 2634 Instrumenti
1406 2577 1525 2631 loca
1545 2592 1727 2647 quam-

145 2680 385 2749 plurima
414 2677 666 2747 mystice,
696 2675 856 2728 etiam
885 2673 1191 2728 cabalistice
1218 2671 1477 2742 exposita,
1509 2668 1728 2724 Cnosti-

145 2788 335 2826 corum
367 2770 625 2823 doctrinis
659 2769 894 2837 opponit.

222 2860 578 2932 Respondent
609 2859 701 2914 alii
750 2858 1088 2913 Clementem
1117 2856 1569 2921 Alexandrinum,
1600 2853 1726 2909 Ori-

144 2968 342 3024 genem
371 2994 385 3019 ,
416 2951 666 3020 aliosque
711 2949 805 3019 qui
849 2949 991 3003 hanc
1012 2946 1317 3017 Epistolam
1343 2945 1607 3001 Barnabte
1631 2944 1728 2998 ad-

138 3044 413 3115 judicant,
438 3041 572 3095 nihil
607 3049 856 3106 coactum
890 3039 944 3093 in
977 3039 1097 3109 ejus
1128 3036 1423 3107 allegoriis,
1449 3035 1584 3090 nihil
1613 3049 1724 3088 non

138 3135 445 3190 verisimile
481 3135 536 3188 in
585 3131 1053 3195 enarrationibus,
1085 3130 1221 3185 nihil
1247 3129 1481 3199 denique
1506 3127 1721 3182 fabulo-

140 3244 271 3291 sum
321 3228 378 3282 in
418 3241 483 3281 ea
519 3226 824 3296 reperisse;
866 3224 977 3279 imo
1009 3223 1145 3278 nihil
1187 3223 1336 3293 quod
1366 3236 1474 3278 non
1502 3228 1724 3291 aposto-

138 3319 314 3375 licum
357 3318 559 3380 virum,
608 3315 748 3370 nihil
796 3314 945 3385 quod
982 3328 1013 3368 a
1065 3312 1330 3371 Barnabas
1374 3310 1548 3381 ipsius
1583 3310 1723 3381 stylo

141 3413 386 3467 alienum
417 3408 658 3479 aliquid,
693 3415 789 3462 aut
833 3407 928 3461 illo
974 3405 1257 3477 indignum
1294 3419 1406 3475 pra:
1460 3417 1520 3459 se
1561 3401 1717 3457 ferat.

142 3505 490 3575 Quapropter
512 3500 777 3571 quosdam
800 3508 1005 3554 nostrae
1032 3497 1207 3552 aetatis
1230 3495 1380 3551 viros
1402 3493 1724 3550 temeritatis

141 3599 408 3655 audacter
438 3595 715 3659 incusant,
746 3592 840 3663 qui
872 3591 939 3646 de
971 3590 1113 3663 stylo
1135 3587 1562 3660 apostolieorum
1587 3585 1724 3641 scri-

140 3700 371 3761 ptorum
407 3687 605 3743 melius
634 3700 799 3756 quam
845 3683 1163 3739 eorumdem
1195 3679 1447 3750 discipuli
1475 3721 1491 3745 ,
1523 3678 1725 3748 aliique

138 3795 434 3852 suppares,
466 3786 563 3834 aut
583 3775 830 3847 ejusdem
876 3775 1053 3829 aetatis
1084 3773 1356 3840 homines,
1384 3786 1444 3826 se
1477 3770 1725 3841 judicare

138 3884 313 3942 posse
354 3867 659 3924 conﬁdunt.
694 3863 791 3919 His
821 3863 1089 3934 adjiciunt
1120 3862 1253 3917 illud
1287 3861 1460 3917 fuisse
1505 3861 1720 3916 Judazo-

140 3978 273 4017 rum
319 3961 387 4016 ad
426 3958 800 4015 Christianam
849 3957 1040 4021 ﬁdem,
1076 3956 1219 4010 sicut
1261 3954 1378 4024 ipse
1422 3953 1722 4018 Barnabas,

140 4053 364 4107 naviter
391 4065 784 4107 conversorum
826 4046 1134 4117 ingenium;
1188 4055 1246 4099 ttt
1279 4045 1591 4115 Scripturas
1637 4060 1725 4099 sa-

143 4160 273 4199 cras
304 4142 579 4213 allegoriis
606 4157 670 4197 ac
724 4141 970 4213 mysticis
1000 4137 1439 4193 enarrationibus
1467 4137 1725 4205 interpre-

141 4246 397 4292 tarentur
417 4278 431 4302 ,
459 4235 740 4305 multaque
773 4233 825 4288 in
860 4231 1183 4286 animalium
1240 4229 1595 4299 proprietates
1624 4228 1722 4281 ob-

144 4338 452 4387 servarent.

1837 1862 2178 1930 plectentibus
2221 1863 2337 1932 ejus
2381 1863 2747 1935 Evangelium.
2791 1864 2938 1921 Nihil
2983 1884 3115 1939 ergo
3162 1870 3414 1935 absurdi,

1836 1951 1975 2006 nihil
2019 1950 2268 2008 Barnaba
2314 1955 2544 2025 indigni,
2596 1972 2698 2012 nec
2730 1958 2961 2014 nimium
2993 1960 3326 2031 hyperbolici
3360 1964 3416 2019 in

1836 2042 1921 2099 his
1945 2043 2128 2099 verbis
2156 2059 2279 2099 esse
2311 2046 2394 2099 vir
2421 2061 2654 2102 summa:
2675 2048 3004 2105 eruditionis
3034 2048 3298 2122 Origenes
3316 2069 3411 2109 ar-

1836 2132 2073 2189 bitratus
2098 2143 2184 2190 est
2213 2153 2226 2188 :
2260 2133 2631 2208 Hieronymus
2678 2146 2861 2193 autem
2895 2139 3039 2195 hanc
3085 2144 3414 2199 sententiam

1834 2225 1952 2280 viro
1986 2227 2286 2296 apostolico
2316 2228 2390 2282 ita
2419 2228 2638 2297 dignam
2669 2230 2923 2296 credidit,
2951 2241 3011 2287 ut
3033 2232 3088 2287 in
3114 2234 3255 2290 libro
3278 2251 3415 2291 cou-

1837 2324 1919 2370 tra
1962 2314 2285 2388 Pelagianos
2332 2320 2571 2389 scripto,
2619 2322 2869 2378 eamdem
2920 2321 3117 2395 lgnatii
3157 2327 3415 2398 martyris

1834 2410 2056 2465 nomine
2086 2411 2310 2466 laudare
2340 2426 2449 2465 non
2482 2413 2832 2468 dubitaverit.

2338 2522 2737 2580 ARTICULUS
2773 2526 2908 2582 Vlll.

2140 2615 2344 2685 Moynii
2376 2617 2689 2686 conjectures
2715 2618 3099 2675 discutiuntur.

1900 2706 2150 2778 Moynius
2180 2709 2304 2763 aliis
2334 2710 2664 2779 quibusdam
2696 2719 2893 2766 contra
2921 2713 3168 2768 eamdem
3198 2713 3404 2784 episto-

1831 2809 1939 2856 lam
1971 2812 2176 2873 pugnat
2201 2804 2534 2872 coniecturis
2564 2820 2578 2859 ς
2611 2820 2733 2873 qua:
2761 2802 2985 2874 quidem
3017 2807 3275 2874 quamvis
3303 2807 3414 2864 sint

1829 2893 2141 2959 levissimm,
2176 2903 2357 2948 tamen
2390 2910 2513 2949 cum
2564 2895 2751 2949 nullus
2779 2895 3049 2952 hactenus
3080 2897 3150 2953 iis
3182 2914 3414 2969 respon-

1828 2983 1976 3036 disse
2005 2982 2243 3052 legatur',
2272 2996 2371 3051 pro
2402 2998 2554 3037 more
2582 2993 2792 3051 nostro,
2843 3000 2908 3040 ne
2949 2986 3080 3055 quid
3130 2988 3412 3058 relinqua-

1752 3089 1796 3149 ε
1829 3089 1954 3129 mus
1980 3075 2269 3141 intactum,
2300 3073 2421 3134 illas
2457 3075 2777 3145 singillatim
2813 3079 3273 3135 examinabimus.
3320 3081 3414 3135 Ait

1825 3164 2011 3236 itaque
2039 3184 2051 3220 ε
2083 3185 2102 3217 ‹
2133 3165 2259 3221 Haec
2286 3167 2515 3237 epistola
2541 3169 2586 3223 si
2614 3174 2760 3224 esset
2787 3167 3084 3237 Barnabae,
3116 3171 3264 3226 illam
3296 3188 3409 3227 non

1824 3274 1986 3315 secus
2028 3273 2094 3313 ac
2125 3257 2482 3328 Evangelium
2536 3258 2771 3314 Μαιηιωί
2820 3261 3037 3314 tumulo
3088 3277 3190 3316 suo
3235 3263 3400 3317 condi

1820 3351 2098 3422 jussisset.
2133 3368 2153 3402 ›
2190 3348 2396 3405 Verum
2424 3352 2550 3421 quis
2571 3350 2790 3422 Moynio
2818 3352 3124 3406 Barnabam
3154 3352 3413 3423 Epistolas

1825 3458 1941 3499 suae
1982 3441 2262 3513 exemplar
2306 3458 2542 3512 semper,
2599 3453 2696 3497 aut
2727 3444 2944 3511 saltem,
2995 3460 3121 3499 cum
3175 3455 3407 3501 mortem

1824 3535 1980 3601 obiit,
2024 3549 2212 3591 secum
2245 3550 2559 3590 asservassc
2598 3534 2896 3605 patefecit?
2930 3536 3072 3591 Num
3110 3537 3284 3593 moris
3323 3546 3412 3594 est

1826 3627 1970 3698 apud
1994 3628 2243 3682 homines
2267 3628 2625 3697 epistolarunt
2656 3644 2882 3684 suarum
2914 3632 2995 3685 sic
3017 3629 3161 3699 apud
3190 3646 3251 3686 se
3286 3647 3406 3686 ser-

1824 3736 1955 3775 vare
1998 3720 2372 3790 exemplaria?
2410 3720 2614 3776 Demus
2646 3730 2826 3776 tamen
2857 3721 3075 3794 Moynio
3103 3738 3267 3793 penes
3292 3739 3410 3779 mo-

1825 3812 2053 3866 rientem
2088 3810 2399 3865 Barnabam
2430 3809 2603 3865 fuisse
2632 3810 2894 3881 Epistolas
2937 3828 3051 3868 suae
3083 3814 3361 3884 exemplar
3389 3832 3405 3870 :

1825 3901 2069 3972 nunquid
2105 3916 2235 3971 ergo
2274 3900 2712 3955 lucubrationem
2742 3917 2897 3956 suam
2937 3903 3022 3956 vir
3065 3903 3409 3959 modestissi-

1826 4010 1949 4049 mus
1974 3992 2165 4047 eodem
2195 3991 2249 4045 in
2282 3992 2459 4061 pretio
2486 4007 2550 4045 ac
2586 3991 2826 4046 Matthaai
2860 3990 3213 4063 Evangelium
3243 3994 3409 4048 habe-

1825 4083 1952 4137 bat?
1998 4081 2053 4135 Si
2090 4082 2141 4135 id
2189 4082 2487 4137 contendat
2532 4081 2815 4153 Moynius,
2844 4082 3091 4139 dicemus
3124 4099 3249 4138 eum
3282 4084 3407 4139 ideo

1825 4191 1948 4230 cum
1985 4176 2091 4229 hoc
2120 4174 2437 4244 Evangelio,
2470 4190 2578 4228 non
2609 4183 2790 4229 autem
2824 4191 2947 4230 cum
2980 4192 3078 4230 sua
3126 4172 3404 4245 Epistola,

1826 4266 2041 4336 sepeliri
2070 4267 2344 4330 voluisse;
2376 4268 2504 4335 quia
2532 4267 2666 4322 illud
2696 4269 2981 4323 historiam
3016 4270 3159 4337 vitae,
3186 4270 3401 4337 mortis,

1827 4374 1891 4412 ac
1928 4358 2320 4414 miraculorum
2364 4360 2593 4426 Christi,
2625 4376 2791 4431 quam
2825 4377 3042 4431 semper
3077 4377 3188 4431 pra:
3228 4362 3403 4418 oculis

218 4422 518 4487 Addemus.
558 4435 661 4476 n05
705 4420 862 4489 Ρθυιο
908 4415 1538 4520 Ροδίβ⁰¹η⁰¹¹δί¹ῖ³ίω⁰⁵
1584 4413 1725 4516 ΨΜ
1755 4428 1803 4487 Ῑ)
1831 4451 2117 4516 habuerat,
2148 4413 2635 4522 complectebatur.

145 4515 448 4585 Epistolam
490 4514 537 4568 si
567 4512 829 4566 Barnabas
876 4526 986 4565 non
1020 4509 1111 4573 sit,
1146 4507 1388 4562 auctoris
1416 4521 1539 4561 esse
1568 4506 1719 4574 ejus—

142 4609 271 4664 dem
306 4623 430 4661 cum
482 4606 596 4671 illo,
632 4613 726 4658 aut
773 4610 940 4657 certat
970 4600 1231 4671 proxima:
1278 4599 1472 4653 aetatis.
1507 4596 1720 4651 Nemini

144 4705 331 4754 autem
380 4711 512 4751 vero
555 4694 830 4750 videbitur
878 4692 1058 4747 simile
1112 4691 1430 4760 scriptorem
1481 4689 1630 4759 pium
1670 4695 1723 4741 et

146 4792 394 4855 doctum,
423 4787 557 4842 viris
583 4784 895 4857 apostolicis
923 4798 1185 4849 coaevum,
1215 4783 1420 4853 quique
1443 4780 1721 4850 quomodo

144 4882 382 4954 apostoli
430 4880 743 4949 Scripturas
785 4883 1140 4947 exponerent,
1193 4875 1437 4945 apprime
1475 4880 1720 4933 noverat.

148 4968 219 5021 ab
252 4976 443 5020 eorum
478 4964 647 5034 stylo,
690 4970 744 5015 et
772 4964 1044 5019 scribendi
1078 4962 1577 5032 interpretandique
1610 4976 1728 5015 me-

150 5058 320 5114 tbodo
344 5057 445 5111 hac
474 5056 527 5109 in
563 5055 803 5126 Epistola
834 5057 1049 5126 penitus
1074 5054 1389 5112 descivisse.

664 5189 1064 5246 ARTlCULUS
1103 5189 1215 5244 Vll.

437 5282 670 5337 Tertium
698 5295 1069 5354 argumentum
1105 5283 1457 5337 examinatur.

218 5371 463 5428 Tertium
496 5384 878 5445 argumentum
909 5384 1011 5441 est,
1063 5374 1362 5428 Barnabam
1406 5371 1568 5425 modo
1611 5379 1722 5425 tam

146 5463 506 5535 hyperbolico
532 5480 640 5519 non
669 5474 991 5522 vocaturum
1027 5466 1301 5536 apostolos
1345 5463 1723 5534 iniquissimos

146 5559 461 5626 hominum,
485 5568 540 5616 et
570 5576 733 5631 super
766 5576 929 5617 omne
953 5569 1237 5632 peccatum
1275 5568 1612 5632 peccatores.
1655 5557 1724 5612 At

214 5727 265 5763 τ’
295 5725 418 5787 Lib.
453 5738 589 5784 cont.
630 5727 861 5784 Celsum.
940 5730 985 5762 ³⁸
1014 5728 1132 5785 Lib.
1164 5730 1255 5784 cit.

1897 4541 2070 4597 instat
2108 4551 2285 4597 tamen
2325 4543 2577 4615 Moynius
2604 4545 2946 4615 apocryphos
2986 4545 3158 4600 libros
3186 4546 3255 4600 ab
3299 4562 3400 4601 au—

1828 4643 1976 4687 ctore
2005 4644 2194 4687 nostro
2222 4634 2398 4688 citari.
2431 4634 2568 4700 Quid
2604 4634 2767 4690 inde?
2800 4634 2992 4689 Nonne
3017 4645 3070 4691 et
3098 4636 3403 4691 doctissimi

1825 4725 1927 4779 viri
1950 4724 2178 4779 Paulum
2207 4723 2467 4779 ctJudam
2498 4726 2667 4781 libros
2698 4727 2883 4781 itidem
2914 4729 3259 4799 apocryphos
3282 4729 3404 4783 lau-

1826 4815 2041 4870 davisse
2096 4815 2369 4869 l'atentur?
2426 4813 2618 4870 Nonne
2668 4828 2723 4871 et
2773 4815 2978 4871 Paulus
3025 4817 3159 4886 ,ipse
3218 4818 3402 4872 ethni-

1828 4924 2042 4974 corum,
2080 4925 2219 4980 quos
2254 4909 2582 4979 apocryphis
2629 4909 2698 4962 ab
2728 4922 2952 4965 auctore
2996 4918 3185 4964 nostro
3219 4911 3403 4967 citatis

1832 5009 2091 5069 praestare
2119 5014 2278 5053 nemo
2309 4998 2529 5062 dixerit,
2559 5000 2737 5052 attulit
2769 5001 3182 5054 auctoritatem?

1904 5089 2069 5161 Urget
2117 5090 2357 5144 adhuc'8
2388 5088 2694 5144 Barnabam
2728 5088 2984 5161 Episwlse
3012 5091 3079 5145 ad
3108 5090 3365 5145 Hehrmos
3385 5133 3401 5159 ,

1833 5183 2052 5236 nomine
2084 5180 2237 5235 Pauli
2266 5189 2603 5251 praenotatze,
2651 5181 2822 5237 fuisse
2854 5191 3155 5237 auctorem.
3200 5184 3400 5253 Atqui,

1830 5275 2007 5346 inquit
2035 5275 2143 5339 ille,
2190 5291 2293 5328 non
2318 5273 2466 5327 video
2493 5290 2655 5343 quare
2677 5275 2920 5326 secundis
2950 5275 3092 5326 curis
3117 5291 3401 5345 argumen-

1830 5378 1942 5422 tum
1980 5365 2125 5420 istud
2164 5368 2355 5420 iterum
2401 5374 2773 5435 pertractasset
2806 5382 2924 5418 cum
2956 5367 3187 5436 quadam
3214 5366 3402 5435 prima

1829 5459 2167 5524 delibatione,
2207 5458 2360 5527 quasi
2402 5456 2712 5526 inEpistola
2742 5455 2812 5509 ad
2846 5455 3097 5511 Hebrazos
3122 5456 3400 5510 materiam

1827 5556 1991 5610 istam
2033 5554 2193 5612 nimis
2241 5550 2627 5623 perfunctorie,
2676 5554 2949 5625 minusque
2996 5551 3220 5623 feliciter
3264 5558 3399 5605 esset
