3818 6216
442 248 553 307 679

1632 248 1686 304 S.
1732 248 2098 303 BAHNABAS
2137 248 2565 305 APOSTOLL’S.

3617 258 3722 313 689

433 377 760 439 prosecutus.
786 366 972 439 Neque
1018 370 1125 425 hoc
1151 380 1534 443 argumentum
1575 373 1757 442 priore
1784 373 2019 427 validius
2046 375 2094 431 Α
2122 382 2319 425 verunt
2347 373 2665 443 diligentius
2735 375 2793 427 hi
2843 359 3350 446 ingenue-fatentur
3382 376 3535 445 apud
3571 378 3725 429 anti-

432 470 535 516 est.
566 460 752 515 Primo
776 462 977 533 quippe
1005 461 1205 517 falsum
1248 472 1332 520 est
1390 463 1699 518 Barnabain
1771 464 1913 518 hanc
1953 462 2019 517 ad

433 550 694 609 Hebraeos
742 556 1032 625 scripsisse
1069 555 1394 626 Epistolam.
1434 556 1660 623 Deinde,
1706 566 1845 619 esto,
1884 572 2022 611 scrt-

432 647 623 715 pserit.
658 645 917 717 Nunquid
956 664 1063 701 non
1106 650 1287 717 potuit
1318 649 1459 703 idem
1491 658 1682 704 auctor
1715 650 1928 703 duabus
1952 649 2019 703 ad

431 738 681 793 diversos
727 740 957 793 diversa:
1008 740 1250 808 regionis
1305 740 1579 803 homines,
1631 756 1773 809 quos
1822 741 2017 795 iisdem

425 832 699 886 doctrinis
744 841 801 886 et
832 832 1119 901 prmceptis
1170 832 1415 885 imbuere
1445 833 1682 896 volebat,
1716 833 1859 887 datis
1899 833 2018 901 epi-

426 924 611 987 stolis,
643 924 781 977 idem
814 931 1051 978 tractare
1082 926 1505 992 argumentum?
1540 924 1785 994 Denique
1830 939 2015 977 nonne

428 1015 573 1068 idem
603 1022 796 1067 auctor
839 1014 1025 1082 plures
1049 1015 1115 1068 de
1148 1031 1206 1068 re
1240 1016 1430 1069 eadem
1490 1016 1699 1069 litteras
1731 1016 1974 1069 scribere
1998 1057 2013 1079 ,

429 1109 730 1177 eademque
759 1107 813 1161 in
844 1107 953 1162 illis
999 1117 1241 1177 repetere
1272 1118 1324 1163 ct
1369 1109 1648 1163 inculcare
1685 1109 2016 1179 quandoque

430 1200 682 1267 cogitur?

507 1292 673 1360 Urget
721 1292 921 1346 iterum
956 1291 1209 1363 Moynius
1252 1292 1395 1346 hanc
1440 1290 1743 1361 Epistolam
1778 1308 1808 1346 a
1852 1292 2012 1362 primi

428 1394 483 1439 et
524 1384 748 1437 secundi
781 1385 963 1438 sreeuli
1009 1384 1393 1452 scriptoribus,
1436 1393 1565 1452 puta
1599 1384 1880 1438 Clemente
1910 1384 2015 1438 Ro-

430 1492 615 1541 mano,
661 1475 981 1545 Polycarpo,
1029 1475 1238 1544 lgnatio
1279 1476 1443 1529 etiam
1490 1475 1544 1528 in
1594 1477 1709 1530 suis
1754 1478 2015 1531 adversus

427 1567 647 1623 Jud:eos
702 1568 1167 1636 disputationibus
1217 1568 1409 1622 nullibi
1464 1567 1761 1623 laudatam.
1813 1568 2012 1624 Verum

429 1676 569 1728 quas
617 1660 753 1713 alias
800 1660 963 1712 iidem
1022 1660 1323 1729 scriptores
1376 1659 1607 1713 aliorum
1654 1661 1913 1729 epistolas
1963 1674 2016 1716 et

430 1751 633 1818 scripta
682 1749 1000 1811 citaverint,
1048 1750 1101 1803 in
1147 1752 1386 1803 medium
1433 1749 1681 1820 proferre
1728 1750 2012 1805 debuerat.

429 1840 572 1907 Quid
621 1858 773 1901 vero,
819 1842 863 1894 si
915 1843 1029 1895 hiec
1064 1840 1305 1911 Epistola
1342 1843 1394 1895 in
1429 1857 1621 1897 eorum
1666 1858 1863 1898 manus
1906 1860 2012 1897 non

430 1932 676 1986 venerit?
729 1932 835 1986 Sed
885 1932 1220 1999 conjecturis
1277 1949 1383 1986 non
1438 1944 1522 1989 est
1571 1951 1744 2003 opus;
1806 1945 2013 1988 certum

429 2025 628 2094 quippe
656 2034 740 2078 est
770 2025 914 2079 hanc
946 2024 1244 2093 Epistolam
1274 2042 1303 2080 a
1336 2026 1614 2081 Clemente
1640 2029 2015 2084 Alexandrino

428 2118 615 2171 δεῖευιί
665 2118 891 2171 secundi
939 2128 1185 2181 auctore,
1220 2129 1279 2172 ut
1326 2136 1490 2188 supra
1524 2121 1784 2185 vidimus,
1816 2123 2011 2189 citari;

428 2207 574 2276 quod
602 2207 668 2260 ad
700 2222 895 2261 vanam
942 2207 1305 2275 objectionem
1340 2208 1499 2277 plane
1526 2207 1840 2263 diluendam
1880 2210 2015 2264 satis

428 2313 703 2368 superque
731 2300 935 2352 dictttm
972 2299 1060 2353 sit.

500 2390 669 2443 Instat
691 2390 927 2459 denique
953 2390 1095 2444 hanc
1118 2389 1415 2458 Epistolam
1445 2406 1474 2443 a
1501 2389 1768 2455 Barnaba,
1792 2392 1885 2460 qui
1911 2391 2014 2446 sub

428 2477 641 2534 Nerone
672 2482 992 2551 martyrium
1025 2497 1222 2549 passus
1261 2490 1367 2545 est,
1398 2483 1558 2535 scribi
1586 2498 1693 2535 non
1732 2484 2010 2552 potuisse;

428 2573 629 2641 quippe
656 2588 778 2642 qure
804 2584 925 2642 post
950 2589 1195 2627 eversam
1227 2588 1253 2625 a
1281 2572 1404 2627 Tito
1430 2572 1861 2644 Hierosolymam
1888 2574 2011 2628 data

428 2661 614 2716 fuerit.
646 2665 821 2731 Atque
853 2664 955 2717 hoc
981 2664 1108 2717 illud
1137 2673 1221 2717 est
1256 2666 1397 2733 quod
1426 2666 1477 2717 in
1507 2664 1649 2719 notis
1679 2672 1730 2719 et
1755 2666 2014 2719 observa-

427 2754 670 2808 tionibus
700 2754 816 2807 suis
847 2763 1229 2825 argumentum
1278 2756 1684 2808 invictissimum
1724 2766 1771 2809 et
1800 2758 2007 2810 eviden-

431 2845 695 2898 tissimum
714 2847 967 2914 appellat.
995 2845 1052 2898 ld
1081 2848 1262 2915 itaque
1286 2847 1450 2915 paulo
1474 2847 1759 2916 prolixiori
1790 2864 2013 2918 respon-

430 2936 588 2991 sione
622 2936 943 2990 solvendum
974 2945 1079 2990 est.

962 3027 1357 3082 AHTICULUS
1396 3029 1486 3083 lX.

657 3119 1006 3184 Quandonam
1046 3122 1154 3174 liwc
1179 3121 1403 3189 epistola
1434 3122 1631 3190 scripta
1660 3122 1748 3175 sit.

498 3211 621 3265 Jam
653 3214 796 3266 enim
827 3228 935 3281 quo
965 3221 1206 3281 tempore
1256 3213 1368 3266 lnec
1400 3212 1641 3282 Epistola
1670 3213 1872 3283 scripta
1900 3212 2005 3278 sit,

430 3302 821 3374 indagandum.
870 3302 973 3369 Qui
1004 3320 1123 3359 eam
1170 3303 1432 3359 Barnabae
1478 3306 1743 3368 tribuunt,
1784 3306 1838 3359 hi
1882 3315 2008 3361 ante

429 3397 549 3465 ejus
578 3397 785 3450 obitum
816 3397 996 3449 datam
1028 3412 1148 3450 esse
1178 3396 1401 3450 indubie
1443 3399 1822 3466 pronuntiant.
1874 3397 2007 3465 Qui-

430 3489 535 3543 bus
560 3504 688 3541 vcro
719 3504 807 3543 res
842 3488 894 3541 in
930 3489 1191 3557 ambiguo
1214 3498 1319 3553 est,
1360 3489 1396 3541 ii
1424 3497 1603 3543 tamen
1637 3492 1781 3545 illius
1813 3502 2008 3545 aucto-

432 3597 545 3634 rem
575 3580 911 3649 temporibus
954 3580 1323 3648 apostolorum
1352 3580 1605 3635 ﬁoruisse
1647 3598 1775 3636 vero
1815 3591 2007 3652 putant

428 3674 687 3727 similius.
723 3672 963 3741 Denique
987 3673 1078 3742 qui
1116 3688 1145 3725 a
1178 3671 1422 3726 Barnaba
1457 3673 1752 3742 profectam
1781 3686 2003 3745 negant,

431 3781 551 3818 eam
584 3774 707 3834 post
736 3765 1007 3819 excidium
1043 3763 1620 3836 Hierosolymitanum,
1669 3767 1761 3819 sed
1788 3779 1912 3821 ante
1939 3769 2005 3821 ﬁ—

430 3871 554 3909 nctn
594 3855 817 3910 secundi
846 3855 1027 3909 saeculi
1059 3856 1320 3924 scriptam
1354 3872 1475 3910 esse
1509 3862 1825 3926 opinantur.
1856 3857 2005 3929 Moy-

431 3949 558 4000 nius
589 3947 673 4001 his
707 3947 853 4003 addit
886 3948 1031 4001 illam
1065 3957 1191 4017 post
1234 3963 1420 4001 necem
1451 3946 1673 4008 Justini,
1720 3950 1813 4019 qui
1858 3965 2003 4006 anno

431 4040 536 4093 162
568 4049 663 4095 aut
705 4041 807 4094 165
849 4048 1057 4105 martyr
1090 4040 1368 4101 occubuit,
1426 4050 1480 4096 et
1521 4049 1647 4093 ante
1677 4038 2002 4095 Tertulliani

428 4142 687 4197 mortem,
718 4147 840 4202 quze
871 4131 1019 4185 circa
1050 4146 1254 4184 annum
1302 4129 1408 4183 215
1454 4130 1698 4200 contigit,
1747 4131 2004 4201 obsigna-

427 4236 538 4281 tam
572 4226 759 4279 fuisse.
785 4223 971 4294 Neque
994 4234 1173 4277 tamen
1205 4223 1291 4277 ille
1317 4222 1421 4276 alia
1451 4223 1663 4278 ratione
1691 4224 2001 4293 opinionem

429 4332 585 4371 suam
622 4318 928 4379 conﬁrmat,
961 4330 1123 4384 quam
1153 4314 1298 4384 quod
1329 4314 1605 4367 nonnullae
1628 4315 1694 4368 de
1714 4314 2003 4368 emissario

2124 481 2265 535 quos
2296 467 2594 536 scriptores
2626 466 2762 519 nihil
2800 483 3145 533 succurrere,
3178 467 3323 521 unde
3352 468 3724 536 quandonam

2123 556 2401 612 Barnabas
2423 559 2493 613 ab
2534 558 2714 630 Cypro
2748 560 2926 615 insula
2968 559 3212 624 redierit,
3246 560 3531 627 vitamque
3571 574 3722 611 mar-

2123 649 2264 719 tyrio
2296 650 2560 718 posuerit,
2604 660 2756 705 certo
2798 650 3113 704 deﬁniatur.
3146 648 3369 703 Constat
3405 659 3597 702 autem
3661 648 3726 702 il-

2120 741 2231 795 lum
2264 752 2383 811 post
2414 740 2844 803 Hierosolymam
2874 757 3019 798 anno
3051 741 3139 805 7‘2,
3171 751 3265 793 aut
3297 741 3454 809 juxta
3485 740 3722 793 doctio-

2119 846 2207 884 res
2254 832 2620 902 chronologos
2660 831 2727 883 70
2776 847 2805 884 a
2848 830 2968 885 Tito
3000 831 3358 895 destructam,
3402 830 3576 883 vitam
3612 846 3723 899 po-

2121 924 2291 978 tuisse
2328 925 2651 992 producere.
2689 923 2881 978 Petrus
2922 924 3189 993 siquidem
3225 932 3278 977 et
3311 921 3525 976 Paulus
3556 937 3720 975 anno

2118 1025 2331 1069 tantum
2364 1016 2454 1079 66,
2484 1016 2535 1068 id
2571 1026 2653 1069 est
2680 1030 2790 1068 uno
2818 1023 2913 1068 aut
2938 1015 3110 1068 tribus
3136 1023 3255 1083 post
3277 1014 3557 1067 excidium
3584 1012 3724 1067 Hie-

2119 1116 2571 1187 rosolymitanum
2606 1115 2786 1178 annis,
2812 1114 3057 1185 martyrii
3083 1114 3316 1183 palmam
3337 1114 3521 1183 adepti
3553 1125 3718 1168 sunt.

2116 1210 2262 1263 Nihil
2292 1222 2421 1277 ergo
2452 1216 2599 1261 vetat
2626 1207 2921 1276 quominus
2945 1205 3224 1261 Barnabas
3255 1206 3307 1258 in
3333 1204 3584 1274 Epistola
3609 1222 3719 1261 sua

2119 1300 2345 1367 hujusce
2377 1298 2573 1352 excidii
2602 1297 2792 1351 fecerit
2820 1297 3173 1352 mentionem.

2188 1392 2350 1446 Certo
2379 1399 2561 1444 autem
2593 1390 2799 1443 certius
2831 1398 2915 1443 est
2946 1389 3086 1445 hanc
3110 1389 3354 1442 eamdem
3386 1387 3707 1457 Epistolam

2118 1500 2227 1538 non
2267 1484 2443 1537 solum
2471 1483 2539 1536 ab
2564 1479 2802 1552 Origene
2832 1480 3011 1546 citari,
3050 1481 3142 1535 sed
3172 1481 3334 1534 etiam
3362 1496 3391 1533 a
3420 1464 3718 1535 Clemente

2120 1576 2511 1639 Alexandrino,
2545 1574 2662 1643 qui,
2693 1583 2747 1627 ut
2775 1572 2852 1627 ait
2881 1572 3170 1635 Eusebius,
3204 1572 3394 1641 primis
3422 1574 3714 1640 apostolo-

2120 1684 2239 1721 rum
2272 1666 2613 1736 temporibus
2639 1666 2948 1735 proximum
2983 1681 3041 1720 sc
3063 1665 3236 1719 fuisse
3265 1673 3515 1719 testatur.
3546 1661 3714 1719 Unde

2124 1759 2411 1814 conﬁcitur
2453 1757 2809 1823 Clementem,
2847 1757 2942 1827 qui
2972 1756 3271 1826 Epistolam
3318 1756 3482 1821 hanc,
3541 1755 3709 1810 sicuti

2119 1864 2186 1902 ex
2230 1846 2694 1916 frequentioribus
2735 1846 2856 1914 ejus
2891 1846 3247 1901 citationibus
3278 1843 3469 1912 liquet,
3518 1844 3710 1913 magni

2120 1942 2391 1997 aestimare
2422 1940 2727 2006 videbatur,
2760 1940 2827 1992 ab
2855 1938 3172 2008 apostolicis
3197 1936 3349 2002 viris,
3377 1935 3507 2004 quis
3540 1951 3709 1989 verus

2119 2036 2264 2089 illius
2287 2042 2477 2087 auctor
2503 2032 2789 2093 exstiterit,
2821 2031 3094 2087 curiosius
3122 2029 3436 2098 indagasse,
3461 2042 3568 2080 nec
3590 2026 3701 2079 dif—

2122 2125 2334 2180 ﬁciliter
2376 2123 2651 2177 didicisse.
2702 2122 2901 2175 Deinde
2944 2121 3083 2175 idem
3130 2118 3383 2172 Clemens
3411 2116 3566 2170 circa
3599 2131 3707 2171 an-

2119 2234 2247 2271 num
2277 2216 2381 2269 200
2416 2214 2527 2267 fato
2560 2214 2779 2267 functus
2808 2221 2912 2276 est,
2952 2210 3283 2280 proindeque
3315 2208 3487 2261 libros
3531 2222 3666 2260 suos
3688 2249 3702 2267 ,

2123 2310 2215 2364 ubi
2268 2310 2406 2361 hanc
2434 2306 2734 2377 Epistolam
2772 2305 3033 2367 laudavit,
3064 2304 3116 2356 in
3148 2302 3321 2356 lucem
3355 2301 3510 2369 prius
3566 2300 3705 2352 emi-

2119 2412 2282 2457 serat.
2311 2401 2476 2471 Atqui
2506 2402 2651 2454 illam
2679 2414 2787 2453 non
2816 2408 2875 2452 ut
2898 2413 3089 2451 recens
3122 2395 3364 2464 aliquod,
3400 2393 3496 2448 sed
3554 2394 3705 2446 anti-

2118 2513 2240 2568 qua:
2290 2494 2632 2551 auctoritatis
2682 2492 2946 2561 scriptum
2988 2488 3195 2554 laudat,
3246 2488 3478 2555 ideoque
3529 2500 3703 2553 quam

2119 2590 2341 2660 putabat
2398 2588 2660 2658 martyrio
2717 2584 2905 2655 lgnatii
2949 2582 3334 2651 antiquiorem.
3384 2577 3535 2643 Quin
3590 2578 3706 2630 imo

2116 2682 2318 2751 ubique
2365 2696 2464 2750 pro
2497 2689 2647 2734 certo
2696 2678 2851 2747 ponit
2904 2676 3050 2728 illam
3098 2689 3128 2727 a
3161 2670 3408 2725 Barnaba
3444 2670 3705 2738 apostolo

2114 2774 2394 2841 scriptam,
2432 2770 2772 2837 nullumque,
2824 2780 2988 2835 quem
3024 2770 3227 2822 nosset,
3284 2759 3413 2812 huic
3444 2754 3704 2825 opinioni

2114 2857 2396 2925 refragari.
2434 2855 2589 2908 Tanti
2635 2854 2737 2906 viri
2768 2861 3039 2920 tantaeque
3083 2846 3429 2907 eruditionis,
3463 2860 3529 2898 ac
3564 2853 3706 2897 tem-

2116 2950 2341 3018 poribus
2371 2945 2684 3016 apostolicis
2718 2944 2855 2998 adeo
2900 2941 3064 2995 vieini
3098 2939 3415 3002 auctoritas,
3467 2937 3704 2990 maximi

2114 3048 2260 3092 certe
2289 3038 2430 3107 apud
2464 3051 2653 3091 omnes
2683 3036 2843 3091 debet
2869 3049 2991 3089 esse
3020 3032 3312 3103 ponderis;
3344 3046 3470 3085 cum
3496 3030 3553 3082 in
3578 3030 3696 3097 pri-

2114 3130 2218 3182 mis
2248 3128 2393 3181 nulla
2424 3127 2578 3180 ﬁrma
2608 3126 2882 3180 rationum
2919 3131 3264 3192 argumenta,
3300 3120 3550 3189 nihilque
3583 3119 3698 3183 illi,

2109 3220 2217 3274 nisi
2249 3219 2563 3287 conjectura
2594 3218 2865 3287 quaedam,
2908 3232 3101 3285 parum
3142 3213 3317 3267 valida
3356 3221 3699 3281 opponatur.

2107 3309 2374 3364 Cancrum
2408 3307 2759 3378 quantumvis
2790 3305 3042 3359 Clemens
3084 3306 3136 3358 in
3170 3304 3426 3373 Epistolas
3452 3305 3703 3357 auctoris

2108 3399 2330 3453 nomine
2357 3413 2571 3451 errasse
2596 3398 2891 3462 diceretur,
2916 3411 2983 3449 ex
3008 3394 3127 3464 ejus
3153 3406 3334 3448 tamen
3359 3394 3701 3447 auctoritate

2108 3489 2475 3543 invictissime
2504 3489 2914 3543 demonstratur
2946 3487 3093 3541 illam
3122 3486 3205 3539 vel
3234 3485 3302 3538 ab
3332 3499 3442 3539 uno
3465 3499 3532 3538 ex
3555 3499 3699 3552 apo-

2108 3581 2283 3646 stolis,
2331 3580 2414 3635 vel
2464 3580 2656 3635 saltem
2688 3581 2756 3635 ab
2812 3581 2997 3648 aliquo
3049 3594 3115 3632 ex
3163 3576 3434 3647 proximis
3495 3590 3699 3629 eorum

2108 3672 2518 3726 successoribus
2548 3671 2719 3725 fuisse
2748 3682 3051 3725 exaratam.

2178 3764 2234 3819 id
2268 3764 2485 3833 quidem
2533 3778 2599 3817 ex
2650 3762 3050 3831 manuscriptis
3093 3759 3372 3815 codicibus
3402 3755 3612 3812 Grzecis
3642 3766 3702 3811 et

2106 3855 2318 3910 Latinis
2355 3853 2663 3909 conﬁrmari
2706 3853 2993 3923 potuisset,
3048 3852 3094 3906 si
3127 3851 3221 3920 qui
3252 3849 3475 3903 omnino
3506 3848 3701 3902 incor-

2107 3948 2274 4017 rupti,
2320 3960 2384 3999 ac
2434 3960 2621 3999 verum
2657 3943 2914 4013 Epistola:
2963 3942 3179 3996 titulum
3224 3940 3583 4009 przeferentes
3627 3939 3697 3992 ad

2108 4053 2209 4093 nos
2239 4037 2631 4106 pervenissent.
2665 4035 2734 4089 At
2762 4035 2815 4087 in
2851 4034 3054 4088 Grtecis
3081 4033 3362 4087 codicibus
3388 4040 3555 4098 caput
3572 4030 3698 4098 ejus

2107 4138 2446 4199 amputatum
2494 4134 2599 4191 est,
2649 4136 2705 4181 et
2740 4127 2931 4179 titulus
2975 4126 3070 4194 qui
3110 4125 3163 4178 in
3210 4124 3395 4177 Graeca
3443 4121 3695 4175 Menardi

2106 4223 2344 4277 editione
2370 4222 2586 4292 legitur,
2619 4236 2685 4274 ex
2712 4219 2949 4275 Eusebio
2975 4220 3187 4274 videtur
3214 4218 3561 4285 desumptus.
3589 4215 3698 4271 La-

2106 4314 2256 4369 tinus
2292 4328 2423 4367 vero
2460 4312 2802 4366 bibliothecae
2846 4320 3049 4365 nostra:
3080 4308 3275 4373 codex,
3315 4307 3407 4377 qui
3435 4308 3691 4361 omnium

428 4405 736 4459 Jndzeorum
767 4405 920 4458 hirco
950 4402 1291 4457 czeremoniaa
1319 4401 1371 4454 in
1397 4402 1499 4454 hac
1528 4400 1767 4469 Epistola
1797 4414 2004 4453 memo-
2035 4420 2083 4478 ι)
2110 4403 2300 4473 procul
2342 4402 2509 4456 dubio
2551 4409 2635 4457 est
2671 4400 3115 4470 antiquissimus,
3164 4400 3267 4453 hac
3307 4407 3523 4453 tantum
3574 4399 3693 4467 epi-

434 4504 641 4559 rentur,
674 4511 812 4565 quas
838 4493 981 4548 sicut
1007 4492 1148 4560 apud
1180 4490 1483 4555 Justinum,
1522 4491 1650 4545 licet
1684 4491 1752 4545 de
1794 4490 1861 4544 iis
1888 4491 2004 4544 dis-

432 4594 598 4651 serat,
626 4584 828 4638 frustra
856 4582 1163 4653 quaesieris,
1190 4581 1263 4635 ita
1290 4580 1435 4650 apud
1461 4578 1859 4633 Tertullianum
1886 4591 2005 4633 tan-

430 4676 715 4731 tummodo
752 4675 1019 4729 invenias.
1065 4671 1269 4727 Verum
1312 4687 1343 4726 a
1385 4688 1495 4742 quo
1532 4671 1722 4725 didicit
1750 4670 2004 4741 Moynius

430 4770 571 4825 hanc
622 4769 920 4839 Epistolam
976 4781 1143 4836 penes
1192 4764 1469 4820 Iustinum
1520 4780 1760 4833 unquam
1810 4763 2002 4828 fuisse,

427 4860 719 4929 ipsumque
747 4874 868 4913 eam
890 4857 1127 4927 legisse?
1155 4854 1265 4910 Fac
1297 4863 1477 4909 tamen
1503 4865 1554 4909 et
1578 4853 1831 4909 habuerit
1853 4864 1905 4908 et
1928 4854 2006 4908 le-

429 4951 587 5021 gerit,
618 4950 863 5020 nunquid
894 4950 1014 5003 ideo
1043 4964 1235 5003 omnes
1263 4947 1400 5001 hirci
1431 4947 1705 5000 emissarii
1735 4962 2000 5001 cmremo—

428 5044 572 5106 nias,
612 5057 681 5096 ne
706 5041 775 5095 iis
813 5040 1055 5109 quidem,
1086 5054 1208 5108 qua:
1244 5038 1297 5091 in
1330 5037 1573 5107 Epistola
1606 5036 1867 5091 Barnab:e
1906 5052 2002 5090 oc-

429 5141 680 5200 currunt,
702 5132 1112 5203 praetermissis,
1144 5129 1333 5184 debuit
1357 5128 1827 5183 commemorare?
1856 5127 2002 5181 Nihil

431 5227 595 5297 igitur
623 5226 726 5280 hac
755 5224 1004 5295 negativa
1037 5222 1353 5292 conjectura
1387 5220 1563 5289 magis
1592 5219 1871 5283 frivolum,
1902 5221 2003 5273 mi-

431 5332 645 5388 nusque
674 5315 743 5372 ad
770 5331 885 5370 rem
909 5315 1148 5384 aliquam
1181 5313 1531 5369 asserendam
1561 5312 1839 5367 idoneum.

501 5409 623 5478 Quo
667 5423 835 5479 porro
882 5415 1127 5476 tempore
1153 5406 1435 5461 Barnabas
1478 5405 1695 5471 obierit,
1728 5405 2000 5460 incertum

429 5511 533 5557 est.
570 5499 724 5555 Unde
752 5497 939 5553 nescio
968 5496 1099 5566 quid
1136 5496 1242 5551 sibi
1288 5495 1420 5550 velit
1445 5493 1714 5566 Moynius,
1766 5509 1894 5548 cum
1933 5508 2000 5547 ex

430 5589 790 5649 communiori
831 5589 1087 5659 opinione
1131 5596 1411 5644 asseverat
1450 5586 1605 5640 illum
1637 5587 1739 5641 sub
1770 5586 2001 5655 imper-io

430 5682 660 5741 Phanis
681 5682 940 5755 martyrio
972 5679 1225 5736 affectum
1289 5677 1586 5746 Qui’enim
1620 5678 1671 5732 id
1700 5678 1996 5746 investiga-

2108 4496 2311 4566 graphe
2340 4494 2659 4549 inscribitur
2693 4513 2704 4547 :
2740 4494 2937 4561 Incipit
2962 4494 3186 4562 epistola
3220 4493 3487 4546 Barnaba:
3516 4494 3694 4561 felici-

2110 4597 2207 4651 ter,
2236 4594 2400 4656 atque
2434 4587 2653 4640 demum
2682 4586 2735 4638 in
2772 4586 2879 4640 ﬁne
2905 4585 2985 4639 sic
3024 4585 3414 4640 concluditur:
3451 4583 3693 4652 Explica

2107 4677 2332 4749 epistola
2361 4676 2643 4731 Barnabte.

2638 4766 3034 4821 ARTlCULUS
3071 4767 3140 4821 Χ.

2409 4854 2492 4910 Ad
2522 4872 2650 4925 quos
2678 4856 2787 4908 Iiwc
2816 4856 3038 4925 epistola
3068 4857 3268 4925 scripta
3296 4857 3389 4911 sit.

2105 4946 2136 4977 -"
2176 4946 2374 5016 integri
2402 4954 2584 5000 autem
2618 4946 2664 5000 si
2708 4956 2987 5001 exstarent
3017 4947 3379 5016 manuscripti
3416 4949 3499 5003 illi
3529 4950 3691 5005 codi-

2107 5053 2218 5103 ces,
2242 5038 2402 5091 nobis
2429 5038 2616 5106 utique
2647 5053 2754 5091 non
2784 5038 2948 5092 modo
2973 5037 3233 5107 Epistola:
3267 5039 3434 5108 hujus
3466 5042 3690 5095 titulum

2106 5130 2465 5192 iudicassent,
2497 5129 2589 5182 sed
2629 5144 2725 5183 eos
2757 5130 2922 5182 etiam
2956 5130 3023 5183 ad
3052 5145 3194 5199 quos
3224 5130 3315 5185 illa
3346 5131 3557 5187 directa
3581 5144 3686 5188 est.

2105 5217 2161 5271 Id
2192 5218 2337 5271 enim
2367 5233 2465 5272 sua
2497 5233 2605 5271 non
2634 5228 2784 5272 caret
2811 5219 3149 5275 diﬂicultate.
3184 5220 3385 5274 Putant
3408 5223 3689 5291 siquidem

2106 5310 2361 5363 nonnulli
2401 5326 2467 5363 ex
2499 5318 2617 5364 tota
2664 5311 2931 5365 orationis
2975 5312 3116 5366 serie
3145 5313 3345 5382 conjici
3370 5329 3536 5383 posse
3564 5332 3693 5370 eam

2106 5400 2172 5454 ad
2207 5399 2549 5455 Christianos
2580 5401 2806 5457 missam
2838 5400 3121 5470 Hebraeos,
3172 5413 3389 5459 tenaces
3419 5406 3693 5461 nimirum

2105 5492 2345 5560 antiquae
2366 5492 2521 5561 legis,
2553 5506 2608 5547 et
2643 5494 2708 5548 ad
2746 5494 3004 5550 Hebraeos
3028 5510 3151 5551 esse
3175 5496 3524 5566 inscriptam.
3579 5498 3690 5552 Ve—

2103 5598 2227 5636 rum
2266 5584 2350 5637 vel
2392 5600 2457 5639 ex
2489 5585 2605 5655 ipsa
2639 5587 2808 5641 totius
2842 5586 3117 5656 Epistolre,
3152 5603 3182 5642 a
3227 5588 3386 5642 nobis
3428 5592 3688 5658 superius

2107 5679 2247 5735 taeta
2271 5680 2511 5749 synopsi,
2528 5678 2876 5751 exploratum
2906 5680 2984 5745 ﬁt,
3016 5680 3139 5736 ideo
3156 5680 3437 5751 prmcipuc
3462 5685 3687 5753 adeam
