  <div class='ocr_page' id='page_1' title='image "/cluster/home/n/w/nwhite01/storage/ocr_20150623/2/nnc1.0114695790/401.png"; bbox 0 0 3818 6216; ppageno 0'>
   <div class='ocr_carea' id='block_1_1' title="bbox 450 278 555 338">
    <p class='ocr_par' dir='ltr' id='par_1_1' title="bbox 450 278 555 338">
     <span class='ocr_line' id='line_1_1' title="bbox 450 278 555 338; baseline 0.019 -3"><span class='ocrx_word' id='word_1_1' title='bbox 450 278 555 338; x_wconf 78' lang='lat'><strong>683</strong></span> 
     </span>
    </p>
   </div>
   <div class='ocr_carea' id='block_1_2' title="bbox 1519 276 2457 340">
    <p class='ocr_par' dir='ltr' id='par_1_2' title="bbox 1519 276 2457 340">
     <span class='ocr_line' id='line_1_2' title="bbox 1519 276 2457 340; baseline 0.005 -5"><span class='ocrx_word' id='word_1_2' title='bbox 1519 279 1576 337; x_wconf 82' lang='lat' dir='ltr'><strong>S.</strong></span> <span class='ocrx_word' id='word_1_3' title='bbox 1620 277 1985 334; x_wconf 77' lang='lat' dir='ltr'><strong>BARNABAS</strong></span> <span class='ocrx_word' id='word_1_4' title='bbox 2024 276 2457 340; x_wconf 76' lang='lat' dir='ltr'><strong>APOSTOLUS.</strong></span> 
     </span>
    </p>
   </div>
   <div class='ocr_carea' id='block_1_3' title="bbox 3606 290 3713 346">
    <p class='ocr_par' dir='ltr' id='par_1_3' title="bbox 3606 290 3713 346">
     <span class='ocr_line' id='line_1_3' title="bbox 3606 290 3713 346; baseline 0 0"><span class='ocrx_word' id='word_1_5' title='bbox 3606 290 3713 346; x_wconf 65' lang='grc' dir='ltr'><strong>κει</strong></span> 
     </span>
    </p>
   </div>
   <div class='ocr_carea' id='block_1_4' title="bbox 445 399 3722 484">
    <p class='ocr_par' dir='ltr' id='par_1_4' title="bbox 445 399 3722 484">
     <span class='ocr_line' id='line_1_4' title="bbox 445 399 3722 484; baseline 0.003 -24"><span class='ocrx_word' id='word_1_6' title='bbox 445 421 567 463; x_wconf 87' lang='lat' dir='ltr'><strong>esse</strong></span> <span class='ocrx_word' id='word_1_7' title='bbox 590 403 875 477; x_wconf 72' lang='lat' dir='ltr'><strong>apostolici</strong></span> <span class='ocrx_word' id='word_1_8' title='bbox 895 403 1181 474; x_wconf 73' lang='lat' dir='ltr'><strong>probetur.</strong></span> <span class='ocrx_word' id='word_1_9' title='bbox 1226 399 1570 459; x_wconf 78' lang='lat' dir='ltr'><strong>conducunt.</strong></span> <span class='ocrx_word' id='word_1_10' title='bbox 1604 399 1906 459; x_wconf 89' lang='lat' dir='ltr'><strong>Nonnullas</strong></span> <span class='ocrx_word' id='word_1_11' title='bbox 1937 410 2018 456; x_wconf 87' lang='lat' dir='ltr'><strong>ta—</strong></span> <span class='ocrx_word' id='word_1_12' title='bbox 2048 403 2096 460; x_wconf 75' lang='grc' dir='ltr'><strong>Α</strong></span> <span class='ocrx_word' id='word_1_13' title='bbox 2122 416 2370 461; x_wconf 88' lang='lat' dir='ltr'><strong>ruerunt.</strong></span> <span class='ocrx_word' id='word_1_14' title='bbox 2396 406 2509 462; x_wconf 77' lang='lat' dir='ltr'><strong>Cur</strong></span> <span class='ocrx_word' id='word_1_15' title='bbox 2530 423 2661 480; x_wconf 86' lang='lat' dir='ltr'><strong>ergo</strong></span> <span class='ocrx_word' id='word_1_16' title='bbox 2679 408 2736 465; x_wconf 91' lang='lat' dir='ltr'><strong>in</strong></span> <span class='ocrx_word' id='word_1_17' title='bbox 2763 404 3064 483; x_wconf 82' lang='lat' dir='ltr'><strong>Scrlpturis</strong></span> <span class='ocrx_word' id='word_1_18' title='bbox 3093 412 3289 481; x_wconf 83' lang='lat' dir='ltr'><strong>sacris,</strong></span> <span class='ocrx_word' id='word_1_19' title='bbox 3317 412 3526 484; x_wconf 83' lang='lat' dir='ltr'><strong>quibus</strong></span> <span class='ocrx_word' id='word_1_20' title='bbox 3551 413 3722 469; x_wconf 79' lang='lat' dir='ltr'><strong>Chri-</strong></span> 
     </span>
    </p>
   </div>
   <div class='ocr_carea' id='block_1_5' title="bbox 446 494 2018 570">
    <p class='ocr_par' dir='ltr' id='par_1_5' title="bbox 446 494 2018 570">
     <span class='ocr_line' id='line_1_5' title="bbox 446 494 2018 570; baseline -0.003 -19"><span class='ocrx_word' id='word_1_21' title='bbox 446 513 571 553; x_wconf 90' lang='lat' dir='ltr'><strong>men</strong></span> <span class='ocrx_word' id='word_1_22' title='bbox 598 497 931 570; x_wconf 84' lang='lat' dir='ltr'><strong>quandoque</strong></span> <span class='ocrx_word' id='word_1_23' title='bbox 952 495 1220 551; x_wconf 88' lang='lat' dir='ltr'><strong>admiscet</strong></span> <span class='ocrx_word' id='word_1_24' title='bbox 1244 494 1572 549; x_wconf 73' lang='lat' dir='ltr'><strong>eruditionis</strong></span> <span class='ocrx_word' id='word_1_25' title='bbox 1603 509 1715 549; x_wconf 73' lang='lat' dir='ltr'><strong>suae</strong></span> <span class='ocrx_word' id='word_1_26' title='bbox 1736 503 1922 559; x_wconf 89' lang='lat' dir='ltr'><strong>testes,</strong></span> <span class='ocrx_word' id='word_1_27' title='bbox 1952 509 2018 549; x_wconf 79' lang='lat' dir='ltr'><strong>ex</strong></span> 
     </span>
    </p>
   </div>
   <div class='ocr_carea' id='block_1_6' title="bbox 446 588 2022 663">
    <p class='ocr_par' dir='ltr' id='par_1_6' title="bbox 446 588 2022 663">
     <span class='ocr_line' id='line_1_6' title="bbox 446 588 2022 663; baseline -0.003 -16"><span class='ocrx_word' id='word_1_28' title='bbox 446 593 648 663; x_wconf 83' lang='lat' dir='ltr'><strong>quibus</strong></span> <span class='ocrx_word' id='word_1_29' title='bbox 673 589 831 647; x_wconf 85' lang='lat' dir='ltr'><strong>facile</strong></span> <span class='ocrx_word' id='word_1_30' title='bbox 860 589 1133 660; x_wconf 80' lang='lat' dir='ltr'><strong>intelligas</strong></span> <span class='ocrx_word' id='word_1_31' title='bbox 1160 589 1333 643; x_wconf 83' lang='lat' dir='ltr'><strong>multo</strong></span> <span class='ocrx_word' id='word_1_32' title='bbox 1360 588 1738 659; x_wconf 89' lang='lat' dir='ltr'><strong>perfectiorem</strong></span> <span class='ocrx_word' id='word_1_33' title='bbox 1778 588 2022 643; x_wconf 83' lang='lat' dir='ltr'><strong>futuram</strong></span> 
     </span>
    </p>
   </div>
   <div class='ocr_carea' id='block_1_7' title="bbox 447 683 2023 756">
    <p class='ocr_par' dir='ltr' id='par_1_7' title="bbox 447 683 2023 756">
     <span class='ocr_line' id='line_1_7' title="bbox 447 683 2023 756; baseline -0.004 -13"><span class='ocrx_word' id='word_1_34' title='bbox 447 687 622 743; x_wconf 88' lang='lat' dir='ltr'><strong>fuisse</strong></span> <span class='ocrx_word' id='word_1_35' title='bbox 652 686 773 756; x_wconf 89' lang='lat' dir='ltr'><strong>ejus</strong></span> <span class='ocrx_word' id='word_1_36' title='bbox 797 684 1114 747; x_wconf 88' lang='lat' dir='ltr'><strong>editionem,</strong></span> <span class='ocrx_word' id='word_1_37' title='bbox 1131 683 1176 738; x_wconf 88' lang='lat' dir='ltr'><strong>si</strong></span> <span class='ocrx_word' id='word_1_38' title='bbox 1200 694 1297 754; x_wconf 87' lang='lat' dir='ltr'><strong>per</strong></span> <span class='ocrx_word' id='word_1_39' title='bbox 1327 692 1558 738; x_wconf 82' lang='lat' dir='ltr'><strong>mortem</strong></span> <span class='ocrx_word' id='word_1_40' title='bbox 1580 683 1699 738; x_wconf 93' lang='lat' dir='ltr'><strong>viro</strong></span> <span class='ocrx_word' id='word_1_41' title='bbox 1721 692 1831 738; x_wconf 82' lang='lat' dir='ltr'><strong>tam</strong></span> <span class='ocrx_word' id='word_1_42' title='bbox 1862 683 2023 739; x_wconf 89' lang='lat' dir='ltr'><strong>docto</strong></span> 
     </span>
    </p>
   </div>
   <div class='ocr_carea' id='block_1_8' title="bbox 449 776 1660 847">
    <p class='ocr_par' dir='ltr' id='par_1_8' title="bbox 449 776 1660 847">
     <span class='ocr_line' id='line_1_8' title="bbox 449 776 1660 847; baseline 0 -14"><span class='ocrx_word' id='word_1_43' title='bbox 449 781 516 835; x_wconf 86' lang='lat' dir='ltr'><strong>ad</strong></span> <span class='ocrx_word' id='word_1_44' title='bbox 548 779 865 834; x_wconf 90' lang='lat' dir='ltr'><strong>umbilicum</strong></span> <span class='ocrx_word' id='word_1_45' title='bbox 897 777 1043 832; x_wconf 82' lang='lat' dir='ltr'><strong>illam</strong></span> <span class='ocrx_word' id='word_1_46' title='bbox 1071 776 1369 847; x_wconf 88' lang='lat' dir='ltr'><strong>perducere</strong></span> <span class='ocrx_word' id='word_1_47' title='bbox 1398 776 1660 833; x_wconf 75' lang='lat' dir='ltr'><strong>licuisset.</strong></span> 
     </span>
    </p>
   </div>
   <div class='ocr_carea' id='block_1_9' title="bbox 519 864 2025 937">
    <p class='ocr_par' dir='ltr' id='par_1_9' title="bbox 519 864 2025 937">
     <span class='ocr_line' id='line_1_9' title="bbox 519 864 2025 937; baseline 0 -15"><span class='ocrx_word' id='word_1_48' title='bbox 519 868 711 924; x_wconf 91' lang='lat' dir='ltr'><strong>Nullus</strong></span> <span class='ocrx_word' id='word_1_49' title='bbox 772 866 966 923; x_wconf 84' lang='lat' dir='ltr'><strong>Vossio</strong></span> <span class='ocrx_word' id='word_1_50' title='bbox 1006 867 1295 937; x_wconf 84' lang='lat' dir='ltr'><strong>pauciores</strong></span> <span class='ocrx_word' id='word_1_51' title='bbox 1337 864 1729 937; x_wconf 86' lang='lat' dir='ltr'><strong>brevioresque</strong></span> <span class='ocrx_word' id='word_1_52' title='bbox 1779 866 1833 920; x_wconf 91' lang='lat' dir='ltr'><strong>in</strong></span> <span class='ocrx_word' id='word_1_53' title='bbox 1880 866 2025 922; x_wconf 89' lang='lat' dir='ltr'><strong>hanc</strong></span> 
     </span>
    </p>
   </div>
   <div class='ocr_carea' id='block_1_10' title="bbox 448 956 2027 1029">
    <p class='ocr_par' dir='ltr' id='par_1_10' title="bbox 448 956 2027 1029">
     <span class='ocr_line' id='line_1_10' title="bbox 448 956 2027 1029; baseline -0.002 -16"><span class='ocrx_word' id='word_1_54' title='bbox 448 960 747 1029; x_wconf 82' lang='lat' dir='ltr'><strong>Epistolam</strong></span> <span class='ocrx_word' id='word_1_55' title='bbox 773 958 1154 1013; x_wconf 84' lang='lat' dir='ltr'><strong>adnotationes</strong></span> <span class='ocrx_word' id='word_1_56' title='bbox 1183 956 1505 1020; x_wconf 87' lang='lat' dir='ltr'><strong>edidit;nec</strong></span> <span class='ocrx_word' id='word_1_57' title='bbox 1528 956 1616 1011; x_wconf 87' lang='lat' dir='ltr'><strong>ille</strong></span> <span class='ocrx_word' id='word_1_58' title='bbox 1643 958 1863 1027; x_wconf 89' lang='lat' dir='ltr'><strong>quidem</strong></span> <span class='ocrx_word' id='word_1_59' title='bbox 1896 971 2027 1027; x_wconf 87' lang='lat' dir='ltr'><strong>pro-</strong></span> 
     </span>
    </p>
   </div>
   <div class='ocr_carea' id='block_1_11' title="bbox 448 1047 2024 1107">
    <p class='ocr_par' dir='ltr' id='par_1_11' title="bbox 448 1047 2024 1107">
     <span class='ocr_line' id='line_1_11' title="bbox 448 1047 2024 1107; baseline -0.001 -2"><span class='ocrx_word' id='word_1_60' title='bbox 448 1052 673 1107; x_wconf 80' lang='lat' dir='ltr'><strong>lixiores</strong></span> <span class='ocrx_word' id='word_1_61' title='bbox 701 1049 879 1105; x_wconf 88' lang='lat' dir='ltr'><strong>facere</strong></span> <span class='ocrx_word' id='word_1_62' title='bbox 901 1057 1276 1105; x_wconf 81' lang='lat' dir='ltr'><strong>consueverat.</strong></span> <span class='ocrx_word' id='word_1_63' title='bbox 1330 1047 1535 1104; x_wconf 91' lang='lat' dir='ltr'><strong>Omnes</strong></span> <span class='ocrx_word' id='word_1_64' title='bbox 1583 1048 1696 1104; x_wconf 88' lang='lat' dir='ltr'><strong>fere</strong></span> <span class='ocrx_word' id='word_1_65' title='bbox 1726 1050 2024 1104; x_wconf 62' lang='lat' dir='ltr'><strong>correctioa-</strong></span> 
     </span>
    </p>
   </div>
   <div class='ocr_carea' id='block_1_12' title="bbox 448 1138 2021 1212">
    <p class='ocr_par' dir='ltr' id='par_1_12' title="bbox 448 1138 2021 1212">
     <span class='ocr_line' id='line_1_12' title="bbox 448 1138 2021 1212; baseline -0.001 -15"><span class='ocrx_word' id='word_1_66' title='bbox 448 1158 572 1197; x_wconf 92' lang='lat' dir='ltr'><strong>nem</strong></span> <span class='ocrx_word' id='word_1_67' title='bbox 626 1151 807 1197; x_wconf 80' lang='lat' dir='ltr'><strong>textus</strong></span> <span class='ocrx_word' id='word_1_68' title='bbox 855 1148 1123 1212; x_wconf 92' lang='lat' dir='ltr'><strong>spectant.</strong></span> <span class='ocrx_word' id='word_1_69' title='bbox 1172 1138 1455 1207; x_wconf 68' lang='lat' dir='ltr'><strong>Quaedam,</strong></span> <span class='ocrx_word' id='word_1_70' title='bbox 1504 1140 1598 1196; x_wconf 86' lang='lat' dir='ltr'><strong>sed</strong></span> <span class='ocrx_word' id='word_1_71' title='bbox 1654 1141 2021 1210; x_wconf 65' lang='lat' dir='ltr'><strong>paucissimae,</strong></span> 
     </span>
    </p>
   </div>
   <div class='ocr_carea' id='block_1_13' title="bbox 447 1232 2023 1306">
    <p class='ocr_par' dir='ltr' id='par_1_13' title="bbox 447 1232 2023 1306">
     <span class='ocr_line' id='line_1_13' title="bbox 447 1232 2023 1306; baseline -0.001 -17"><span class='ocrx_word' id='word_1_72' title='bbox 447 1235 712 1306; x_wconf 87' lang='lat' dir='ltr'><strong>quosdam</strong></span> <span class='ocrx_word' id='word_1_73' title='bbox 750 1234 1018 1291; x_wconf 88' lang='lat' dir='ltr'><strong>obscuros</strong></span> <span class='ocrx_word' id='word_1_74' title='bbox 1048 1232 1202 1287; x_wconf 88' lang='lat' dir='ltr'><strong>locos</strong></span> <span class='ocrx_word' id='word_1_75' title='bbox 1247 1232 1560 1301; x_wconf 80' lang='lat' dir='ltr'><strong>explicant;</strong></span> <span class='ocrx_word' id='word_1_76' title='bbox 1612 1242 1775 1303; x_wconf 89' lang='lat' dir='ltr'><strong>atque</strong></span> <span class='ocrx_word' id='word_1_77' title='bbox 1818 1234 1871 1287; x_wconf 88' lang='lat' dir='ltr'><strong>iu</strong></span> <span class='ocrx_word' id='word_1_78' title='bbox 1903 1233 2023 1287; x_wconf 84' lang='lat' dir='ltr'><strong>illa-</strong></span> 
     </span>
    </p>
   </div>
   <div class='ocr_carea' id='block_1_14' title="bbox 448 1324 2023 1399">
    <p class='ocr_par' dir='ltr' id='par_1_14' title="bbox 448 1324 2023 1399">
     <span class='ocr_line' id='line_1_14' title="bbox 448 1324 2023 1399; baseline -0.003 -16"><span class='ocrx_word' id='word_1_79' title='bbox 448 1344 571 1383; x_wconf 88' lang='lat' dir='ltr'><strong>rum</strong></span> <span class='ocrx_word' id='word_1_80' title='bbox 624 1328 899 1399; x_wconf 69' lang='lat' dir='ltr'><strong>praecipua</strong></span> <span class='ocrx_word' id='word_1_81' title='bbox 929 1325 1314 1381; x_wconf 90' lang='lat' dir='ltr'><strong>observatione</strong></span> <span class='ocrx_word' id='word_1_82' title='bbox 1362 1324 1695 1394; x_wconf 88' lang='lat' dir='ltr'><strong>disputatur,</strong></span> <span class='ocrx_word' id='word_1_83' title='bbox 1744 1340 1854 1394; x_wconf 90' lang='lat' dir='ltr'><strong>quo</strong></span> <span class='ocrx_word' id='word_1_84' title='bbox 1904 1326 2023 1396; x_wconf 84' lang='lat' dir='ltr'><strong>spi—</strong></span> 
     </span>
    </p>
   </div>
   <div class='ocr_carea' id='block_1_15' title="bbox 449 1417 2019 1492">
    <p class='ocr_par' dir='ltr' id='par_1_15' title="bbox 449 1417 2019 1492">
     <span class='ocr_line' id='line_1_15' title="bbox 449 1417 2019 1492; baseline -0.002 -16"><span class='ocrx_word' id='word_1_85' title='bbox 449 1437 645 1476; x_wconf 88' lang='lat' dir='ltr'><strong>narum</strong></span> <span class='ocrx_word' id='word_1_86' title='bbox 695 1434 895 1492; x_wconf 78' lang='lat' dir='ltr'><strong>genere</strong></span> <span class='ocrx_word' id='word_1_87' title='bbox 926 1433 1131 1473; x_wconf 86' lang='lat' dir='ltr'><strong>corona</strong></span> <span class='ocrx_word' id='word_1_88' title='bbox 1160 1417 1366 1474; x_wconf 87' lang='lat' dir='ltr'><strong>Christi</strong></span> <span class='ocrx_word' id='word_1_89' title='bbox 1416 1417 1675 1488; x_wconf 87' lang='lat' dir='ltr'><strong>patientis</strong></span> <span class='ocrx_word' id='word_1_90' title='bbox 1729 1428 2019 1489; x_wconf 88' lang='lat' dir='ltr'><strong>compacta</strong></span> 
     </span>
    </p>
   </div>
   <div class='ocr_carea' id='block_1_16' title="bbox 447 1513 631 1569">
    <p class='ocr_par' dir='ltr' id='par_1_16' title="bbox 447 1513 631 1569">
     <span class='ocr_line' id='line_1_16' title="bbox 447 1513 631 1569; baseline 0 -1"><span class='ocrx_word' id='word_1_91' title='bbox 447 1513 631 1569; x_wconf 79' lang='lat' dir='ltr'><strong>fuerit.</strong></span> 
     </span>
    </p>
   </div>
   <div class='ocr_carea' id='block_1_17' title="bbox 518 1600 2026 1673">
    <p class='ocr_par' dir='ltr' id='par_1_17' title="bbox 518 1600 2026 1673">
     <span class='ocr_line' id='line_1_17' title="bbox 518 1600 2026 1673; baseline -0.001 -16"><span class='ocrx_word' id='word_1_92' title='bbox 518 1603 616 1660; x_wconf 88' lang='lat' dir='ltr'><strong>His</strong></span> <span class='ocrx_word' id='word_1_93' title='bbox 652 1603 824 1659; x_wconf 90' lang='lat' dir='ltr'><strong>multo</strong></span> <span class='ocrx_word' id='word_1_94' title='bbox 863 1602 1047 1673; x_wconf 86' lang='lat' dir='ltr'><strong>plures</strong></span> <span class='ocrx_word' id='word_1_95' title='bbox 1086 1600 1472 1671; x_wconf 86' lang='lat' dir='ltr'><strong>longioresque</strong></span> <span class='ocrx_word' id='word_1_96' title='bbox 1516 1602 1569 1657; x_wconf 93' lang='lat' dir='ltr'><strong>in</strong></span> <span class='ocrx_word' id='word_1_97' title='bbox 1621 1600 1764 1657; x_wconf 89' lang='lat' dir='ltr'><strong>hanc</strong></span> <span class='ocrx_word' id='word_1_98' title='bbox 1816 1600 2026 1673; x_wconf 87' lang='lat' dir='ltr'><strong>Episto-</strong></span> 
     </span>
    </p>
   </div>
   <div class='ocr_carea' id='block_1_18' title="bbox 449 1692 2021 1764">
    <p class='ocr_par' dir='ltr' id='par_1_18' title="bbox 449 1692 2021 1764">
     <span class='ocr_line' id='line_1_18' title="bbox 449 1692 2021 1764; baseline -0.002 -12"><span class='ocrx_word' id='word_1_99' title='bbox 449 1700 557 1753; x_wconf 92' lang='lat' dir='ltr'><strong>lam</strong></span> <span class='ocrx_word' id='word_1_100' title='bbox 602 1695 1106 1758; x_wconf 84' lang='lat' dir='ltr'><strong>animadversiones</strong></span> <span class='ocrx_word' id='word_1_101' title='bbox 1146 1709 1176 1748; x_wconf 91' lang='lat' dir='ltr'><strong>a</strong></span> <span class='ocrx_word' id='word_1_102' title='bbox 1205 1692 1477 1748; x_wconf 90' lang='lat' dir='ltr'><strong>Cotelerio</strong></span> <span class='ocrx_word' id='word_1_103' title='bbox 1507 1693 1829 1764; x_wconf 67' lang='lat' dir='ltr'><strong>composita:</strong></span> <span class='ocrx_word' id='word_1_104' title='bbox 1869 1703 2021 1750; x_wconf 91' lang='lat' dir='ltr'><strong>sunt.</strong></span> 
     </span>
    </p>
   </div>
   <div class='ocr_carea' id='block_1_19' title="bbox 449 1785 2019 1858">
    <p class='ocr_par' dir='ltr' id='par_1_19' title="bbox 449 1785 2019 1858">
     <span class='ocr_line' id='line_1_19' title="bbox 449 1785 2019 1858; baseline -0.002 -14"><span class='ocrx_word' id='word_1_105' title='bbox 449 1788 559 1844; x_wconf 88' lang='lat' dir='ltr'><strong>Sed</strong></span> <span class='ocrx_word' id='word_1_106' title='bbox 589 1787 886 1858; x_wconf 87' lang='lat' dir='ltr'><strong>optandum</strong></span> <span class='ocrx_word' id='word_1_107' title='bbox 916 1802 1067 1851; x_wconf 87' lang='lat' dir='ltr'><strong>sane,</strong></span> <span class='ocrx_word' id='word_1_108' title='bbox 1101 1795 1162 1840; x_wconf 92' lang='lat' dir='ltr'><strong>ut</strong></span> <span class='ocrx_word' id='word_1_109' title='bbox 1192 1786 1245 1839; x_wconf 90' lang='lat' dir='ltr'><strong>in</strong></span> <span class='ocrx_word' id='word_1_110' title='bbox 1275 1785 1343 1841; x_wconf 91' lang='lat' dir='ltr'><strong>iis</strong></span> <span class='ocrx_word' id='word_1_111' title='bbox 1369 1800 1491 1856; x_wconf 69' lang='lat' dir='ltr'><strong>quae</strong></span> <span class='ocrx_word' id='word_1_112' title='bbox 1511 1800 1619 1840; x_wconf 91' lang='lat' dir='ltr'><strong>non</strong></span> <span class='ocrx_word' id='word_1_113' title='bbox 1643 1785 1827 1841; x_wconf 89' lang='lat' dir='ltr'><strong>minus</strong></span> <span class='ocrx_word' id='word_1_114' title='bbox 1852 1802 2019 1857; x_wconf 89' lang='lat' dir='ltr'><strong>quam</strong></span> 
     </span>
    </p>
   </div>
   <div class='ocr_carea' id='block_1_20' title="bbox 448 1878 2020 1951">
    <p class='ocr_par' dir='ltr' id='par_1_20' title="bbox 448 1878 2020 1951">
     <span class='ocr_line' id='line_1_20' title="bbox 448 1878 2020 1951; baseline -0.001 -15"><span class='ocrx_word' id='word_1_115' title='bbox 448 1890 657 1951; x_wconf 88' lang='lat' dir='ltr'><strong>septem</strong></span> <span class='ocrx_word' id='word_1_116' title='bbox 693 1895 859 1950; x_wconf 90' lang='lat' dir='ltr'><strong>supra</strong></span> <span class='ocrx_word' id='word_1_117' title='bbox 882 1879 1104 1950; x_wconf 87' lang='lat' dir='ltr'><strong>triginta</strong></span> <span class='ocrx_word' id='word_1_118' title='bbox 1129 1891 1509 1945; x_wconf 86' lang='lat' dir='ltr'><strong>numerantur,</strong></span> <span class='ocrx_word' id='word_1_119' title='bbox 1534 1878 1616 1933; x_wconf 89' lang='lat' dir='ltr'><strong>vir</strong></span> <span class='ocrx_word' id='word_1_120' title='bbox 1644 1879 1734 1934; x_wconf 91' lang='lat' dir='ltr'><strong>ille</strong></span> <span class='ocrx_word' id='word_1_121' title='bbox 1768 1878 2020 1935; x_wconf 87' lang='lat' dir='ltr'><strong>eruditus</strong></span> 
     </span>
    </p>
   </div>
   <div class='ocr_carea' id='block_1_21' title="bbox 448 1969 2020 2044">
    <p class='ocr_par' dir='ltr' id='par_1_21' title="bbox 448 1969 2020 2044">
     <span class='ocr_line' id='line_1_21' title="bbox 448 1969 2020 2044; baseline -0.003 -13"><span class='ocrx_word' id='word_1_122' title='bbox 448 1977 517 2032; x_wconf 92' lang='lat' dir='ltr'><strong>ab</strong></span> <span class='ocrx_word' id='word_1_123' title='bbox 548 1975 792 2031; x_wconf 87' lang='lat' dir='ltr'><strong>auctoris</strong></span> <span class='ocrx_word' id='word_1_124' title='bbox 835 1988 1006 2044; x_wconf 90' lang='lat' dir='ltr'><strong>scopo</strong></span> <span class='ocrx_word' id='word_1_125' title='bbox 1033 1988 1143 2027; x_wconf 90' lang='lat' dir='ltr'><strong>non</strong></span> <span class='ocrx_word' id='word_1_126' title='bbox 1176 1973 1251 2027; x_wconf 88' lang='lat' dir='ltr'><strong>ita</strong></span> <span class='ocrx_word' id='word_1_127' title='bbox 1296 1985 1440 2041; x_wconf 83' lang='lat' dir='ltr'><strong>saepe</strong></span> <span class='ocrx_word' id='word_1_128' title='bbox 1474 1970 1758 2041; x_wconf 84' lang='lat' dir='ltr'><strong>digressus</strong></span> <span class='ocrx_word' id='word_1_129' title='bbox 1785 1969 2020 2040; x_wconf 89' lang='lat' dir='ltr'><strong>fuisset,</strong></span> 
     </span>
    </p>
   </div>
   <div class='ocr_carea' id='block_1_22' title="bbox 446 2065 1877 2139">
    <p class='ocr_par' dir='ltr' id='par_1_22' title="bbox 446 2065 1877 2139">
     <span class='ocr_line' id='line_1_22' title="bbox 446 2065 1877 2139; baseline -0.003 -14"><span class='ocrx_word' id='word_1_130' title='bbox 446 2069 674 2139; x_wconf 80' lang='lat' dir='ltr'><strong>suisque</strong></span> <span class='ocrx_word' id='word_1_131' title='bbox 703 2084 812 2123; x_wconf 92' lang='lat' dir='ltr'><strong>non</strong></span> <span class='ocrx_word' id='word_1_132' title='bbox 845 2076 955 2121; x_wconf 91' lang='lat' dir='ltr'><strong>tam</strong></span> <span class='ocrx_word' id='word_1_133' title='bbox 978 2065 1139 2122; x_wconf 82' lang='lat' dir='ltr'><strong>facile</strong></span> <span class='ocrx_word' id='word_1_134' title='bbox 1177 2065 1497 2121; x_wconf 84' lang='lat' dir='ltr'><strong>indulsisset</strong></span> <span class='ocrx_word' id='word_1_135' title='bbox 1521 2065 1877 2136; x_wconf 87' lang='lat' dir='ltr'><strong>conjecturis.</strong></span> 
     </span>
    </p>
   </div>
   <div class='ocr_carea' id='block_1_23' title="bbox 516 2155 2023 2231">
    <p class='ocr_par' dir='ltr' id='par_1_23' title="bbox 516 2155 2023 2231">
     <span class='ocr_line' id='line_1_23' title="bbox 516 2155 2023 2231; baseline -0.001 -18"><span class='ocrx_word' id='word_1_136' title='bbox 516 2158 770 2231; x_wconf 82' lang='lat' dir='ltr'><strong>Moynius</strong></span> <span class='ocrx_word' id='word_1_137' title='bbox 821 2168 1136 2229; x_wconf 84' lang='lat' dir='ltr'><strong>postremus</strong></span> <span class='ocrx_word' id='word_1_138' title='bbox 1184 2158 1434 2213; x_wconf 92' lang='lat' dir='ltr'><strong>omnium</strong></span> <span class='ocrx_word' id='word_1_139' title='bbox 1474 2166 1634 2211; x_wconf 88' lang='lat' dir='ltr'><strong>notas</strong></span> <span class='ocrx_word' id='word_1_140' title='bbox 1676 2155 2023 2212; x_wconf 88' lang='lat' dir='ltr'><strong>observatio-</strong></span> 
     </span>
    </p>
   </div>
   <div class='ocr_carea' id='block_1_24' title="bbox 446 2247 2024 2321">
    <p class='ocr_par' dir='ltr' id='par_1_24' title="bbox 446 2247 2024 2321">
     <span class='ocr_line' id='line_1_24' title="bbox 446 2247 2024 2321; baseline -0.002 -16"><span class='ocrx_word' id='word_1_141' title='bbox 446 2265 655 2321; x_wconf 90' lang='lat' dir='ltr'><strong>nesque</strong></span> <span class='ocrx_word' id='word_1_142' title='bbox 684 2249 985 2320; x_wconf 88' lang='lat' dir='ltr'><strong>divulgavit</strong></span> <span class='ocrx_word' id='word_1_143' title='bbox 1011 2248 1065 2304; x_wconf 86' lang='lat' dir='ltr'><strong>in</strong></span> <span class='ocrx_word' id='word_1_144' title='bbox 1099 2250 1240 2305; x_wconf 91' lang='lat' dir='ltr'><strong>hanc</strong></span> <span class='ocrx_word' id='word_1_145' title='bbox 1290 2248 1617 2320; x_wconf 77' lang='lat' dir='ltr'><strong>Epistolam,</strong></span> <span class='ocrx_word' id='word_1_146' title='bbox 1658 2247 1873 2303; x_wconf 78' lang='lat' dir='ltr'><strong>caeteris</strong></span> <span class='ocrx_word' id='word_1_147' title='bbox 1903 2262 2024 2303; x_wconf 90' lang='lat' dir='ltr'><strong>om-</strong></span> 
     </span>
    </p>
   </div>
   <div class='ocr_carea' id='block_1_25' title="bbox 443 2338 2022 2414">
    <p class='ocr_par' dir='ltr' id='par_1_25' title="bbox 443 2338 2022 2414">
     <span class='ocr_line' id='line_1_25' title="bbox 443 2338 2022 2414; baseline -0.002 -18"><span class='ocrx_word' id='word_1_148' title='bbox 443 2341 608 2398; x_wconf 85' lang='lat' dir='ltr'><strong>nibus</strong></span> <span class='ocrx_word' id='word_1_149' title='bbox 638 2342 798 2414; x_wconf 90' lang='lat' dir='ltr'><strong>longe</strong></span> <span class='ocrx_word' id='word_1_150' title='bbox 823 2341 1155 2408; x_wconf 78' lang='lat' dir='ltr'><strong>diil&#39;usinres,</strong></span> <span class='ocrx_word' id='word_1_151' title='bbox 1190 2349 1464 2410; x_wconf 64' lang='lat' dir='ltr'><strong>tantaeque</strong></span> <span class='ocrx_word' id='word_1_152' title='bbox 1489 2339 1840 2410; x_wconf 80' lang='lat' dir='ltr'><strong>prolixitatis,</strong></span> <span class='ocrx_word' id='word_1_153' title='bbox 1871 2348 1931 2394; x_wconf 94' lang='lat' dir='ltr'><strong>ut</strong></span> <span class='ocrx_word' id='word_1_154' title='bbox 1954 2338 2022 2393; x_wconf 91' lang='lat' dir='ltr'><strong>ad</strong></span> 
     </span>
    </p>
   </div>
   <div class='ocr_carea' id='block_1_26' title="bbox 445 2429 2023 2503">
    <p class='ocr_par' dir='ltr' id='par_1_26' title="bbox 445 2429 2023 2503">
     <span class='ocr_line' id='line_1_26' title="bbox 445 2429 2023 2503; baseline -0.003 -12"><span class='ocrx_word' id='word_1_155' title='bbox 445 2435 618 2491; x_wconf 86' lang='lat' dir='ltr'><strong>solam</strong></span> <span class='ocrx_word' id='word_1_156' title='bbox 648 2433 978 2490; x_wconf 87' lang='lat' dir='ltr'><strong>eruditionis</strong></span> <span class='ocrx_word' id='word_1_157' title='bbox 1007 2448 1141 2499; x_wconf 73' lang='lat' dir='ltr'><strong>suae,</strong></span> <span class='ocrx_word' id='word_1_158' title='bbox 1168 2434 1468 2503; x_wconf 65' lang='lat' dir='ltr'><strong>praesertim</strong></span> <span class='ocrx_word' id='word_1_159' title='bbox 1502 2429 1804 2497; x_wconf 77' lang='lat' dir='ltr'><strong>Hebraicae,</strong></span> <span class='ocrx_word' id='word_1_160' title='bbox 1837 2442 2023 2487; x_wconf 90' lang='lat' dir='ltr'><strong>osten-</strong></span> 
     </span>
    </p>
   </div>
   <div class='ocr_carea' id='block_1_27' title="bbox 447 2522 2023 2597">
    <p class='ocr_par' dir='ltr' id='par_1_27' title="bbox 447 2522 2023 2597">
     <span class='ocr_line' id='line_1_27' title="bbox 447 2522 2023 2597; baseline -0.004 -13"><span class='ocrx_word' id='word_1_161' title='bbox 447 2529 710 2584; x_wconf 76' lang='lat' dir='ltr'><strong>tationem</strong></span> <span class='ocrx_word' id='word_1_162' title='bbox 769 2526 1085 2597; x_wconf 68' lang='lat' dir='ltr'><strong>compositat</strong></span> <span class='ocrx_word' id='word_1_163' title='bbox 1130 2526 1439 2580; x_wconf 87' lang='lat' dir='ltr'><strong>videantur.</strong></span> <span class='ocrx_word' id='word_1_164' title='bbox 1490 2522 1649 2579; x_wconf 88' lang='lat' dir='ltr'><strong>Nulla</strong></span> <span class='ocrx_word' id='word_1_165' title='bbox 1698 2524 1901 2593; x_wconf 90' lang='lat' dir='ltr'><strong>quippe</strong></span> <span class='ocrx_word' id='word_1_166' title='bbox 1938 2532 2023 2578; x_wconf 90' lang='lat' dir='ltr'><strong>est</strong></span> 
     </span>
    </p>
   </div>
   <div class='ocr_carea' id='block_1_28' title="bbox 448 2614 2018 2685">
    <p class='ocr_par' dir='ltr' id='par_1_28' title="bbox 448 2614 2018 2685">
     <span class='ocr_line' id='line_1_28' title="bbox 448 2614 2018 2685; baseline -0.004 -10"><span class='ocrx_word' id='word_1_167' title='bbox 448 2619 780 2685; x_wconf 90' lang='lat' dir='ltr'><strong>observatio,</strong></span> <span class='ocrx_word' id='word_1_168' title='bbox 814 2617 907 2671; x_wconf 91' lang='lat' dir='ltr'><strong>ubi</strong></span> <span class='ocrx_word' id='word_1_169' title='bbox 940 2633 1050 2671; x_wconf 91' lang='lat' dir='ltr'><strong>non</strong></span> <span class='ocrx_word' id='word_1_170' title='bbox 1087 2617 1201 2671; x_wconf 90' lang='lat' dir='ltr'><strong>sint</strong></span> <span class='ocrx_word' id='word_1_171' title='bbox 1244 2614 1638 2685; x_wconf 89' lang='lat' dir='ltr'><strong>digressiones,</strong></span> <span class='ocrx_word' id='word_1_172' title='bbox 1670 2622 1725 2668; x_wconf 91' lang='lat' dir='ltr'><strong>et</strong></span> <span class='ocrx_word' id='word_1_173' title='bbox 1777 2629 1921 2683; x_wconf 80' lang='lat' dir='ltr'><strong>saepe</strong></span> <span class='ocrx_word' id='word_1_174' title='bbox 1950 2629 2018 2669; x_wconf 79' lang='lat' dir='ltr'><strong>ex</strong></span> 
     </span>
    </p>
   </div>
   <div class='ocr_carea' id='block_1_29' title="bbox 442 2704 2019 2779">
    <p class='ocr_par' dir='ltr' id='par_1_29' title="bbox 442 2704 2019 2779">
     <span class='ocr_line' id='line_1_29' title="bbox 442 2704 2019 2779; baseline -0.003 -15"><span class='ocrx_word' id='word_1_175' title='bbox 442 2710 578 2779; x_wconf 87' lang='lat' dir='ltr'><strong>ipsis</strong></span> <span class='ocrx_word' id='word_1_176' title='bbox 620 2706 1056 2778; x_wconf 84' lang='lat' dir='ltr'><strong>digressionibus</strong></span> <span class='ocrx_word' id='word_1_177' title='bbox 1088 2706 1141 2759; x_wconf 93' lang='lat' dir='ltr'><strong>in</strong></span> <span class='ocrx_word' id='word_1_178' title='bbox 1168 2706 1273 2760; x_wconf 90' lang='lat' dir='ltr'><strong>alia</strong></span> <span class='ocrx_word' id='word_1_179' title='bbox 1305 2704 1364 2759; x_wconf 81' lang='lat' dir='ltr'><strong>ﬁt</strong></span> <span class='ocrx_word' id='word_1_180' title='bbox 1386 2704 1584 2759; x_wconf 86' lang='lat' dir='ltr'><strong>iterum</strong></span> <span class='ocrx_word' id='word_1_181' title='bbox 1612 2704 1916 2775; x_wconf 89' lang='lat' dir='ltr'><strong>digressus,</strong></span> <span class='ocrx_word' id='word_1_182' title='bbox 1944 2706 2019 2761; x_wconf 86' lang='lat' dir='ltr'><strong>ita</strong></span> 
     </span>
    </p>
   </div>
   <div class='ocr_carea' id='block_1_30' title="bbox 443 2797 2020 2865">
    <p class='ocr_par' dir='ltr' id='par_1_30' title="bbox 443 2797 2020 2865">
     <span class='ocr_line' id='line_1_30' title="bbox 443 2797 2020 2865; baseline -0.001 -9"><span class='ocrx_word' id='word_1_183' title='bbox 443 2809 505 2856; x_wconf 92' lang='lat' dir='ltr'><strong>ut</strong></span> <span class='ocrx_word' id='word_1_184' title='bbox 536 2808 716 2856; x_wconf 81' lang='lat' dir='ltr'><strong>textus</strong></span> <span class='ocrx_word' id='word_1_185' title='bbox 743 2799 1008 2863; x_wconf 87' lang='lat' dir='ltr'><strong>auctoris,</strong></span> <span class='ocrx_word' id='word_1_186' title='bbox 1042 2798 1184 2853; x_wconf 90' lang='lat' dir='ltr'><strong>notis</strong></span> <span class='ocrx_word' id='word_1_187' title='bbox 1215 2797 1467 2865; x_wconf 89' lang='lat' dir='ltr'><strong>obrutus,</strong></span> <span class='ocrx_word' id='word_1_188' title='bbox 1515 2798 1789 2854; x_wconf 90' lang='lat' dir='ltr'><strong>lectorum</strong></span> <span class='ocrx_word' id='word_1_189' title='bbox 1843 2798 2020 2854; x_wconf 87' lang='lat' dir='ltr'><strong>oculis</strong></span> 
     </span>
    </p>
   </div>
   <div class='ocr_carea' id='block_1_31' title="bbox 442 2888 2022 2960">
    <p class='ocr_par' dir='ltr' id='par_1_31' title="bbox 442 2888 2022 2960">
     <span class='ocr_line' id='line_1_31' title="bbox 442 2888 2022 2960; baseline -0.003 -12"><span class='ocrx_word' id='word_1_190' title='bbox 442 2899 755 2949; x_wconf 83' lang='lat' dir='ltr'><strong>evanescat.</strong></span> <span class='ocrx_word' id='word_1_191' title='bbox 782 2889 891 2946; x_wconf 67' lang='lat' dir='ltr'><strong>Nec</strong></span> <span class='ocrx_word' id='word_1_192' title='bbox 934 2890 1024 2945; x_wconf 91' lang='lat' dir='ltr'><strong>ille</strong></span> <span class='ocrx_word' id='word_1_193' title='bbox 1054 2889 1277 2960; x_wconf 90' lang='lat' dir='ltr'><strong>quidem</strong></span> <span class='ocrx_word' id='word_1_194' title='bbox 1308 2888 1416 2945; x_wconf 90' lang='lat' dir='ltr'><strong>alia</strong></span> <span class='ocrx_word' id='word_1_195' title='bbox 1447 2889 1660 2945; x_wconf 90' lang='lat' dir='ltr'><strong>ratione</strong></span> <span class='ocrx_word' id='word_1_196' title='bbox 1681 2904 1741 2945; x_wconf 94' lang='lat' dir='ltr'><strong>se</strong></span> <span class='ocrx_word' id='word_1_197' title='bbox 1770 2900 1850 2945; x_wconf 85' lang='lat' dir='ltr'><strong>tet</strong></span> <span class='ocrx_word' id='word_1_198' title='bbox 1879 2900 2022 2944; x_wconf 85' lang='lat' dir='ltr'><strong>tam-</strong></span> 
     </span>
    </p>
   </div>
   <div class='ocr_carea' id='block_1_32' title="bbox 443 2981 2018 3055">
    <p class='ocr_par' dir='ltr' id='par_1_32' title="bbox 443 2981 2018 3055">
     <span class='ocr_line' id='line_1_32' title="bbox 443 2981 2018 3055; baseline -0.001 -17"><span class='ocrx_word' id='word_1_199' title='bbox 443 2999 552 3055; x_wconf 85' lang='lat' dir='ltr'><strong>que</strong></span> <span class='ocrx_word' id='word_1_200' title='bbox 594 2983 822 3039; x_wconf 86' lang='lat' dir='ltr'><strong>diffusas</strong></span> <span class='ocrx_word' id='word_1_201' title='bbox 876 2981 1381 3038; x_wconf 84' lang='lat' dir='ltr'><strong>animadversiones</strong></span> <span class='ocrx_word' id='word_1_202' title='bbox 1432 2982 1746 3053; x_wconf 90' lang='lat' dir='ltr'><strong>publicasse</strong></span> <span class='ocrx_word' id='word_1_203' title='bbox 1802 2983 2018 3048; x_wconf 88' lang='lat' dir='ltr'><strong>innuit;</strong></span> 
     </span>
    </p>
   </div>
   <div class='ocr_carea' id='block_1_33' title="bbox 2124 500 3721 576">
    <p class='ocr_par' dir='ltr' id='par_1_33' title="bbox 2124 500 3721 576">
     <span class='ocr_line' id='line_1_33' title="bbox 2124 500 3721 576; baseline 0.008 -25"><span class='ocrx_word' id='word_1_204' title='bbox 2124 507 2243 553; x_wconf 90' lang='lat' dir='ltr'><strong>stus</strong></span> <span class='ocrx_word' id='word_1_205' title='bbox 2273 500 2695 570; x_wconf 61' lang='lat' dir='ltr'><strong>praedicabatur,</strong></span> <span class='ocrx_word' id='word_1_206' title='bbox 2727 506 3067 575; x_wconf 78' lang='lat' dir='ltr'><strong>exponendis</strong></span> <span class='ocrx_word' id='word_1_207' title='bbox 3089 515 3199 561; x_wconf 90' lang='lat' dir='ltr'><strong>tam</strong></span> <span class='ocrx_word' id='word_1_208' title='bbox 3230 506 3461 576; x_wconf 84' lang='lat' dir='ltr'><strong>turpiter</strong></span> <span class='ocrx_word' id='word_1_209' title='bbox 3490 520 3721 563; x_wconf 83' lang='lat' dir='ltr'><strong>errasse</strong></span> 
     </span>
    </p>
   </div>
   <div class='ocr_carea' id='block_1_34' title="bbox 2123 591 3720 665">
    <p class='ocr_par' dir='ltr' id='par_1_34' title="bbox 2123 591 3720 665">
     <span class='ocr_line' id='line_1_34' title="bbox 2123 591 3720 665; baseline 0.006 -21"><span class='ocrx_word' id='word_1_210' title='bbox 2123 591 2528 648; x_wconf 85' lang='lat' dir='ltr'><strong>criminantur?</strong></span> <span class='ocrx_word' id='word_1_211' title='bbox 2561 592 2818 665; x_wconf 87' lang='lat' dir='ltr'><strong>Nunquid</strong></span> <span class='ocrx_word' id='word_1_212' title='bbox 2846 597 3053 651; x_wconf 68' lang='lat' dir='ltr'><strong>ultima:</strong></span> <span class='ocrx_word' id='word_1_213' title='bbox 3081 606 3283 653; x_wconf 65' lang='lat' dir='ltr'><strong>nostrae</strong></span> <span class='ocrx_word' id='word_1_214' title='bbox 3316 597 3493 654; x_wconf 72' lang='lat' dir='ltr'><strong>aetatis</strong></span> <span class='ocrx_word' id='word_1_215' title='bbox 3530 598 3720 653; x_wconf 87' lang='lat' dir='ltr'><strong>homi-</strong></span> 
     </span>
    </p>
   </div>
   <div class='ocr_carea' id='block_1_35' title="bbox 2124 684 3703 757">
    <p class='ocr_par' dir='ltr' id='par_1_35' title="bbox 2124 684 3703 757">
     <span class='ocr_line' id='line_1_35' title="bbox 2124 684 3703 757; baseline 0.005 -20"><span class='ocrx_word' id='word_1_216' title='bbox 2124 699 2223 739; x_wconf 87' lang='lat' dir='ltr'><strong>nes</strong></span> <span class='ocrx_word' id='word_1_217' title='bbox 2271 684 2326 739; x_wconf 93' lang='lat' dir='ltr'><strong>in</strong></span> <span class='ocrx_word' id='word_1_218' title='bbox 2356 685 2423 740; x_wconf 89' lang='lat' dir='ltr'><strong>iis</strong></span> <span class='ocrx_word' id='word_1_219' title='bbox 2452 686 2790 757; x_wconf 76' lang='lat' dir='ltr'><strong>explicandis</strong></span> <span class='ocrx_word' id='word_1_220' title='bbox 2821 689 3097 744; x_wconf 90' lang='lat' dir='ltr'><strong>doctiores</strong></span> <span class='ocrx_word' id='word_1_221' title='bbox 3127 700 3255 744; x_wconf 89' lang='lat' dir='ltr'><strong>sunt</strong></span> <span class='ocrx_word' id='word_1_222' title='bbox 3284 699 3337 745; x_wconf 90' lang='lat' dir='ltr'><strong>et</strong></span> <span class='ocrx_word' id='word_1_223' title='bbox 3385 690 3703 754; x_wconf 79' lang='lat' dir='ltr'><strong>acutiores,</strong></span> 
     </span>
    </p>
   </div>
   <div class='ocr_carea' id='block_1_36' title="bbox 2123 777 3719 853">
    <p class='ocr_par' dir='ltr' id='par_1_36' title="bbox 2123 777 3719 853">
     <span class='ocr_line' id='line_1_36' title="bbox 2123 777 3719 853; baseline 0.006 -24"><span class='ocrx_word' id='word_1_224' title='bbox 2123 792 2289 845; x_wconf 91' lang='lat' dir='ltr'><strong>quam</strong></span> <span class='ocrx_word' id='word_1_225' title='bbox 2324 777 2400 831; x_wconf 90' lang='lat' dir='ltr'><strong>illi</strong></span> <span class='ocrx_word' id='word_1_226' title='bbox 2432 778 2525 850; x_wconf 90' lang='lat' dir='ltr'><strong>qui</strong></span> <span class='ocrx_word' id='word_1_227' title='bbox 2558 781 2627 833; x_wconf 90' lang='lat' dir='ltr'><strong>ab</strong></span> <span class='ocrx_word' id='word_1_228' title='bbox 2654 782 2917 850; x_wconf 88' lang='lat' dir='ltr'><strong>apostolis</strong></span> <span class='ocrx_word' id='word_1_229' title='bbox 2948 782 3032 837; x_wconf 86' lang='lat' dir='ltr'><strong>vel</strong></span> <span class='ocrx_word' id='word_1_230' title='bbox 3080 782 3151 837; x_wconf 86' lang='lat' dir='ltr'><strong>ab</strong></span> <span class='ocrx_word' id='word_1_231' title='bbox 3177 797 3369 837; x_wconf 85' lang='lat' dir='ltr'><strong>eorum</strong></span> <span class='ocrx_word' id='word_1_232' title='bbox 3416 783 3719 853; x_wconf 82' lang='lat' dir='ltr'><strong>discipulis</strong></span> 
     </span>
    </p>
   </div>
   <div class='ocr_carea' id='block_1_37' title="bbox 2125 870 3721 939">
    <p class='ocr_par' dir='ltr' id='par_1_37' title="bbox 2125 870 3721 939">
     <span class='ocr_line' id='line_1_37' title="bbox 2125 870 3721 939; baseline 0.005 -17"><span class='ocrx_word' id='word_1_233' title='bbox 2125 870 2361 939; x_wconf 91' lang='lat' dir='ltr'><strong>suscepti</strong></span> <span class='ocrx_word' id='word_1_234' title='bbox 2392 880 2445 925; x_wconf 92' lang='lat' dir='ltr'><strong>et</strong></span> <span class='ocrx_word' id='word_1_235' title='bbox 2467 870 2704 933; x_wconf 89' lang='lat' dir='ltr'><strong>educati.</strong></span> <span class='ocrx_word' id='word_1_236' title='bbox 2735 873 2789 927; x_wconf 91' lang='lat' dir='ltr'><strong>in</strong></span> <span class='ocrx_word' id='word_1_237' title='bbox 2813 889 3005 928; x_wconf 91' lang='lat' dir='ltr'><strong>eorum</strong></span> <span class='ocrx_word' id='word_1_238' title='bbox 3038 876 3229 929; x_wconf 89' lang='lat' dir='ltr'><strong>schola</strong></span> <span class='ocrx_word' id='word_1_239' title='bbox 3249 875 3537 929; x_wconf 89' lang='lat' dir='ltr'><strong>scientiam</strong></span> <span class='ocrx_word' id='word_1_240' title='bbox 3568 876 3721 931; x_wconf 85' lang='lat' dir='ltr'><strong>Scri-</strong></span> 
     </span>
    </p>
   </div>
   <div class='ocr_carea' id='block_1_38' title="bbox 2124 962 3717 1030">
    <p class='ocr_par' dir='ltr' id='par_1_38' title="bbox 2124 962 3717 1030">
     <span class='ocr_line' id='line_1_38' title="bbox 2124 962 3717 1030; baseline 0.005 -15"><span class='ocrx_word' id='word_1_241' title='bbox 2124 972 2410 1030; x_wconf 87' lang='lat' dir='ltr'><strong>pturarum</strong></span> <span class='ocrx_word' id='word_1_242' title='bbox 2429 962 2775 1018; x_wconf 86' lang='lat' dir='ltr'><strong>didicerunt?</strong></span> <span class='ocrx_word' id='word_1_243' title='bbox 2799 965 3039 1019; x_wconf 86' lang='lat' dir='ltr'><strong>Caveant</strong></span> <span class='ocrx_word' id='word_1_244' title='bbox 3064 965 3451 1022; x_wconf 85' lang='lat' dir='ltr'><strong>inconsiderati</strong></span> <span class='ocrx_word' id='word_1_245' title='bbox 3479 966 3717 1023; x_wconf 88' lang='lat' dir='ltr'><strong>Patrum</strong></span> 
     </span>
    </p>
   </div>
   <div class='ocr_carea' id='block_1_39' title="bbox 2124 1056 3721 1127">
    <p class='ocr_par' dir='ltr' id='par_1_39' title="bbox 2124 1056 3721 1127">
     <span class='ocr_line' id='line_1_39' title="bbox 2124 1056 3721 1127; baseline 0.003 -21"><span class='ocrx_word' id='word_1_246' title='bbox 2124 1062 2493 1120; x_wconf 88' lang='lat' dir='ltr'><strong>accusatores,</strong></span> <span class='ocrx_word' id='word_1_247' title='bbox 2526 1070 2593 1109; x_wconf 91' lang='lat' dir='ltr'><strong>ne</strong></span> <span class='ocrx_word' id='word_1_248' title='bbox 2620 1070 2763 1109; x_wconf 88' lang='lat' dir='ltr'><strong>vano</strong></span> <span class='ocrx_word' id='word_1_249' title='bbox 2788 1056 3039 1111; x_wconf 90' lang='lat' dir='ltr'><strong>litteralis</strong></span> <span class='ocrx_word' id='word_1_250' title='bbox 3061 1072 3278 1121; x_wconf 88' lang='lat' dir='ltr'><strong>sensus,</strong></span> <span class='ocrx_word' id='word_1_251' title='bbox 3305 1072 3465 1127; x_wconf 89' lang='lat' dir='ltr'><strong>quem</strong></span> <span class='ocrx_word' id='word_1_252' title='bbox 3504 1058 3721 1127; x_wconf 89' lang='lat' dir='ltr'><strong>ubique</strong></span> 
     </span>
    </p>
   </div>
   <div class='ocr_carea' id='block_1_40' title="bbox 2126 1146 3715 1218">
    <p class='ocr_par' dir='ltr' id='par_1_40' title="bbox 2126 1146 3715 1218">
     <span class='ocr_line' id='line_1_40' title="bbox 2126 1146 3715 1218; baseline 0.002 -19"><span class='ocrx_word' id='word_1_253' title='bbox 2126 1146 2430 1208; x_wconf 86' lang='lat' dir='ltr'><strong>venditant,</strong></span> <span class='ocrx_word' id='word_1_254' title='bbox 2485 1156 2773 1215; x_wconf 69' lang='lat' dir='ltr'><strong>praetextu,</strong></span> <span class='ocrx_word' id='word_1_255' title='bbox 2816 1163 2847 1202; x_wconf 88' lang='lat' dir='ltr'><strong>a</strong></span> <span class='ocrx_word' id='word_1_256' title='bbox 2894 1148 3072 1203; x_wconf 87' lang='lat' dir='ltr'><strong>littera</strong></span> <span class='ocrx_word' id='word_1_257' title='bbox 3113 1149 3397 1204; x_wconf 89' lang='lat' dir='ltr'><strong>occidente</strong></span> <span class='ocrx_word' id='word_1_258' title='bbox 3429 1150 3715 1218; x_wconf 76' lang='lat' dir='ltr'><strong>percussi,</strong></span> 
     </span>
    </p>
   </div>
   <div class='ocr_carea' id='block_1_41' title="bbox 2126 1235 3716 1308">
    <p class='ocr_par' dir='ltr' id='par_1_41' title="bbox 2126 1235 3716 1308">
     <span class='ocr_line' id='line_1_41' title="bbox 2126 1235 3716 1308; baseline 0.004 -20"><span class='ocrx_word' id='word_1_259' title='bbox 2126 1235 2181 1288; x_wconf 93' lang='lat' dir='ltr'><strong>in</strong></span> <span class='ocrx_word' id='word_1_260' title='bbox 2214 1235 2475 1291; x_wconf 63' lang='lat' dir='ltr'><strong>caecitatis</strong></span> <span class='ocrx_word' id='word_1_261' title='bbox 2524 1252 2793 1304; x_wconf 88' lang='lat' dir='ltr'><strong>errorem,</strong></span> <span class='ocrx_word' id='word_1_262' title='bbox 2824 1253 2990 1308; x_wconf 86' lang='lat' dir='ltr'><strong>quem</strong></span> <span class='ocrx_word' id='word_1_263' title='bbox 3039 1238 3165 1294; x_wconf 87' lang='lat' dir='ltr'><strong>aliis</strong></span> <span class='ocrx_word' id='word_1_264' title='bbox 3219 1247 3422 1295; x_wconf 89' lang='lat' dir='ltr'><strong>temere</strong></span> <span class='ocrx_word' id='word_1_265' title='bbox 3453 1240 3716 1307; x_wconf 83' lang='lat' dir='ltr'><strong>inurunt,</strong></span> 
     </span>
    </p>
   </div>
   <div class='ocr_carea' id='block_1_42' title="bbox 2125 1326 2745 1398">
    <p class='ocr_par' dir='ltr' id='par_1_42' title="bbox 2125 1326 2745 1398">
     <span class='ocr_line' id='line_1_42' title="bbox 2125 1326 2745 1398; baseline 0.01 -18"><span class='ocrx_word' id='word_1_266' title='bbox 2125 1326 2345 1396; x_wconf 90' lang='lat' dir='ltr'><strong>ipsimet</strong></span> <span class='ocrx_word' id='word_1_267' title='bbox 2367 1327 2745 1398; x_wconf 85' lang='lat' dir='ltr'><strong>prolabantur.</strong></span> 
     </span>
    </p>
   </div>
   <div class='ocr_carea' id='block_1_43' title="bbox 2194 1418 3714 1493">
    <p class='ocr_par' dir='ltr' id='par_1_43' title="bbox 2194 1418 3714 1493">
     <span class='ocr_line' id='line_1_43' title="bbox 2194 1418 3714 1493; baseline 0.003 -20"><span class='ocrx_word' id='word_1_268' title='bbox 2194 1418 2609 1474; x_wconf 89' lang='lat' dir='ltr'><strong>Observandum</strong></span> <span class='ocrx_word' id='word_1_269' title='bbox 2650 1428 2911 1490; x_wconf 63' lang='lat' dir='ltr'><strong>pragterea</strong></span> <span class='ocrx_word' id='word_1_270' title='bbox 2949 1432 3229 1477; x_wconf 90' lang='lat' dir='ltr'><strong>auctorem</strong></span> <span class='ocrx_word' id='word_1_271' title='bbox 3273 1431 3527 1477; x_wconf 88' lang='lat' dir='ltr'><strong>nostrum</strong></span> <span class='ocrx_word' id='word_1_272' title='bbox 3554 1439 3714 1493; x_wconf 72' lang='lat' dir='ltr'><strong>quae-</strong></span> 
     </span>
    </p>
   </div>
   <div class='ocr_carea' id='block_1_44' title="bbox 2124 1509 3714 1586">
    <p class='ocr_par' dir='ltr' id='par_1_44' title="bbox 2124 1509 3714 1586">
     <span class='ocr_line' id='line_1_44' title="bbox 2124 1509 3714 1586; baseline 0.004 -22"><span class='ocrx_word' id='word_1_273' title='bbox 2124 1510 2250 1565; x_wconf 89' lang='lat' dir='ltr'><strong>dam</strong></span> <span class='ocrx_word' id='word_1_274' title='bbox 2282 1510 2573 1581; x_wconf 87' lang='lat' dir='ltr'><strong>utriusque</strong></span> <span class='ocrx_word' id='word_1_275' title='bbox 2595 1509 2935 1567; x_wconf 89' lang='lat' dir='ltr'><strong>Testamenti</strong></span> <span class='ocrx_word' id='word_1_276' title='bbox 2957 1513 3160 1569; x_wconf 85' lang='lat' dir='ltr'><strong>citasse</strong></span> <span class='ocrx_word' id='word_1_277' title='bbox 3208 1515 3551 1582; x_wconf 87' lang='lat' dir='ltr'><strong>testimonia,</strong></span> <span class='ocrx_word' id='word_1_278' title='bbox 3586 1532 3714 1586; x_wconf 66' lang='lat' dir='ltr'><strong>quae</strong></span> 
     </span>
    </p>
   </div>
   <div class='ocr_carea' id='block_1_45' title="bbox 2125 1601 3714 1677">
    <p class='ocr_par' dir='ltr' id='par_1_45' title="bbox 2125 1601 3714 1677">
     <span class='ocr_line' id='line_1_45' title="bbox 2125 1601 3714 1677; baseline 0.004 -20"><span class='ocrx_word' id='word_1_279' title='bbox 2125 1618 2250 1657; x_wconf 91' lang='lat' dir='ltr'><strong>cum</strong></span> <span class='ocrx_word' id='word_1_280' title='bbox 2284 1603 2337 1657; x_wconf 92' lang='lat' dir='ltr'><strong>in</strong></span> <span class='ocrx_word' id='word_1_281' title='bbox 2376 1605 2548 1660; x_wconf 87' lang='lat' dir='ltr'><strong>sacris</strong></span> <span class='ocrx_word' id='word_1_282' title='bbox 2574 1606 2729 1661; x_wconf 86' lang='lat' dir='ltr'><strong>libris</strong></span> <span class='ocrx_word' id='word_1_283' title='bbox 2767 1623 2874 1661; x_wconf 93' lang='lat' dir='ltr'><strong>non</strong></span> <span class='ocrx_word' id='word_1_284' title='bbox 2899 1601 3262 1677; x_wconf 86' lang='lat' dir='ltr'><strong>reperiantur,</strong></span> <span class='ocrx_word' id='word_1_285' title='bbox 3292 1607 3382 1662; x_wconf 90' lang='lat' dir='ltr'><strong>illa</strong></span> <span class='ocrx_word' id='word_1_286' title='bbox 3425 1623 3454 1661; x_wconf 91' lang='lat' dir='ltr'><strong>a</strong></span> <span class='ocrx_word' id='word_1_287' title='bbox 3482 1607 3714 1663; x_wconf 63' lang='lat' dir='ltr'><strong>Iudaeo-</strong></span> 
     </span>
    </p>
   </div>
   <div class='ocr_carea' id='block_1_46' title="bbox 2129 1697 3713 1773">
    <p class='ocr_par' dir='ltr' id='par_1_46' title="bbox 2129 1697 3713 1773">
     <span class='ocr_line' id='line_1_46' title="bbox 2129 1697 3713 1773; baseline 0.004 -23"><span class='ocrx_word' id='word_1_288' title='bbox 2129 1713 2247 1751; x_wconf 91' lang='lat' dir='ltr'><strong>rum</strong></span> <span class='ocrx_word' id='word_1_289' title='bbox 2302 1697 2858 1771; x_wconf 87' lang='lat' dir='ltr'><strong>Christianorumque</strong></span> <span class='ocrx_word' id='word_1_290' title='bbox 2912 1702 3299 1758; x_wconf 89' lang='lat' dir='ltr'><strong>traditionibus</strong></span> <span class='ocrx_word' id='word_1_291' title='bbox 3327 1703 3713 1773; x_wconf 79' lang='lat' dir='ltr'><strong>desumpsisse</strong></span> 
     </span>
    </p>
   </div>
   <div class='ocr_carea' id='block_1_47' title="bbox 2124 1789 3713 1864">
    <p class='ocr_par' dir='ltr' id='par_1_47' title="bbox 2124 1789 3713 1864">
     <span class='ocr_line' id='line_1_47' title="bbox 2124 1789 3713 1864; baseline 0.003 -21"><span class='ocrx_word' id='word_1_292' title='bbox 2124 1789 2550 1845; x_wconf 80' lang='lat' dir='ltr'><strong>existimandum</strong></span> <span class='ocrx_word' id='word_1_293' title='bbox 2590 1801 2693 1847; x_wconf 90' lang='lat' dir='ltr'><strong>est.</strong></span> <span class='ocrx_word' id='word_1_294' title='bbox 2744 1792 3005 1859; x_wconf 65' lang='lat' dir='ltr'><strong>Quaedam</strong></span> <span class='ocrx_word' id='word_1_295' title='bbox 3038 1809 3169 1849; x_wconf 89' lang='lat' dir='ltr'><strong>vero</strong></span> <span class='ocrx_word' id='word_1_296' title='bbox 3212 1810 3279 1849; x_wconf 76' lang='lat' dir='ltr'><strong>ex</strong></span> <span class='ocrx_word' id='word_1_297' title='bbox 3326 1804 3528 1864; x_wconf 90' lang='lat' dir='ltr'><strong>quarto</strong></span> <span class='ocrx_word' id='word_1_298' title='bbox 3571 1795 3713 1849; x_wconf 86' lang='lat' dir='ltr'><strong>libro</strong></span> 
     </span>
    </p>
   </div>
   <div class='ocr_carea' id='block_1_48' title="bbox 2126 1882 3710 1958">
    <p class='ocr_par' dir='ltr' id='par_1_48' title="bbox 2126 1882 3710 1958">
     <span class='ocr_line' id='line_1_48' title="bbox 2126 1882 3710 1958; baseline 0.003 -21"><span class='ocrx_word' id='word_1_299' title='bbox 2126 1882 2312 1938; x_wconf 73' lang='lat' dir='ltr'><strong>Esdrae</strong></span> <span class='ocrx_word' id='word_1_300' title='bbox 2356 1884 2627 1953; x_wconf 86' lang='lat' dir='ltr'><strong>protulit:</strong></span> <span class='ocrx_word' id='word_1_301' title='bbox 2665 1885 2759 1940; x_wconf 86' lang='lat' dir='ltr'><strong>sed</strong></span> <span class='ocrx_word' id='word_1_302' title='bbox 2808 1885 2961 1940; x_wconf 91' lang='lat' dir='ltr'><strong>illum</strong></span> <span class='ocrx_word' id='word_1_303' title='bbox 3008 1888 3262 1942; x_wconf 90' lang='lat' dir='ltr'><strong>censoria</strong></span> <span class='ocrx_word' id='word_1_304' title='bbox 3312 1886 3520 1958; x_wconf 79' lang='lat' dir='ltr'><strong>Moynii</strong></span> <span class='ocrx_word' id='word_1_305' title='bbox 3581 1898 3710 1943; x_wconf 86' lang='lat' dir='ltr'><strong>nota</strong></span> 
     </span>
    </p>
   </div>
   <div class='ocr_carea' id='block_1_49' title="bbox 2125 1974 3708 2049">
    <p class='ocr_par' dir='ltr' id='par_1_49' title="bbox 2125 1974 3708 2049">
     <span class='ocr_line' id='line_1_49' title="bbox 2125 1974 3708 2049; baseline 0.004 -20"><span class='ocrx_word' id='word_1_306' title='bbox 2125 1974 2268 2030; x_wconf 89' lang='lat' dir='ltr'><strong>male</strong></span> <span class='ocrx_word' id='word_1_307' title='bbox 2290 1976 2534 2031; x_wconf 90' lang='lat' dir='ltr'><strong>inustum</strong></span> <span class='ocrx_word' id='word_1_308' title='bbox 2575 1992 2643 2032; x_wconf 79' lang='lat' dir='ltr'><strong>ex</strong></span> <span class='ocrx_word' id='word_1_309' title='bbox 2678 1977 2788 2045; x_wconf 91' lang='lat' dir='ltr'><strong>his,</strong></span> <span class='ocrx_word' id='word_1_310' title='bbox 2815 1994 2936 2049; x_wconf 73' lang='lat' dir='ltr'><strong>quae</strong></span> <span class='ocrx_word' id='word_1_311' title='bbox 2960 1978 3027 2033; x_wconf 90' lang='lat' dir='ltr'><strong>de</strong></span> <span class='ocrx_word' id='word_1_312' title='bbox 3054 1980 3159 2034; x_wconf 90' lang='lat' dir='ltr'><strong>hoc</strong></span> <span class='ocrx_word' id='word_1_313' title='bbox 3186 1980 3393 2049; x_wconf 91' lang='lat' dir='ltr'><strong>scripto</strong></span> <span class='ocrx_word' id='word_1_314' title='bbox 3417 1981 3472 2035; x_wconf 90' lang='lat' dir='ltr'><strong>in</strong></span> <span class='ocrx_word' id='word_1_315' title='bbox 3500 1981 3708 2035; x_wconf 89' lang='lat' dir='ltr'><strong>nostris</strong></span> 
     </span>
    </p>
   </div>
   <div class='ocr_carea' id='block_1_50' title="bbox 2124 2066 3713 2141">
    <p class='ocr_par' dir='ltr' id='par_1_50' title="bbox 2124 2066 3713 2141">
     <span class='ocr_line' id='line_1_50' title="bbox 2124 2066 3713 2141; baseline 0.003 -20"><span class='ocrx_word' id='word_1_316' title='bbox 2124 2066 2193 2121; x_wconf 90' lang='lat' dir='ltr'><strong>ad</strong></span> <span class='ocrx_word' id='word_1_317' title='bbox 2225 2067 2500 2123; x_wconf 85' lang='lat' dir='ltr'><strong>Ambrosii</strong></span> <span class='ocrx_word' id='word_1_318' title='bbox 2523 2066 2701 2139; x_wconf 86' lang='lat' dir='ltr'><strong>Opera</strong></span> <span class='ocrx_word' id='word_1_319' title='bbox 2727 2069 3201 2125; x_wconf 88' lang='lat' dir='ltr'><strong>admonitionibus</strong></span> <span class='ocrx_word' id='word_1_320' title='bbox 3225 2070 3271 2102; x_wconf 81' lang='grc'>³⁸</span> <span class='ocrx_word' id='word_1_321' title='bbox 3299 2070 3713 2141; x_wconf 75' lang='lat' dir='ltr'><strong>disputavimus</strong></span> 
     </span>
    </p>
   </div>
   <div class='ocr_carea' id='block_1_51' title="bbox 2124 2157 2818 2232">
    <p class='ocr_par' dir='ltr' id='par_1_51' title="bbox 2124 2157 2818 2232">
     <span class='ocr_line' id='line_1_51' title="bbox 2124 2157 2818 2232; baseline 0.006 -20"><span class='ocrx_word' id='word_1_322' title='bbox 2124 2159 2304 2230; x_wconf 89' lang='lat' dir='ltr'><strong>quivis</strong></span> <span class='ocrx_word' id='word_1_323' title='bbox 2344 2157 2503 2215; x_wconf 90' lang='lat' dir='ltr'><strong>facile</strong></span> <span class='ocrx_word' id='word_1_324' title='bbox 2529 2160 2818 2232; x_wconf 84' lang='lat' dir='ltr'><strong>intelligat.</strong></span> 
     </span>
    </p>
   </div>
   <div class='ocr_carea' id='block_1_52' title="bbox 2194 2250 3713 2325">
    <p class='ocr_par' dir='ltr' id='par_1_52' title="bbox 2194 2250 3713 2325">
     <span class='ocr_line' id='line_1_52' title="bbox 2194 2250 3713 2325; baseline 0.001 -20"><span class='ocrx_word' id='word_1_325' title='bbox 2194 2250 2581 2306; x_wconf 84' lang='lat' dir='ltr'><strong>Adnotandum</strong></span> <span class='ocrx_word' id='word_1_326' title='bbox 2611 2264 2833 2322; x_wconf 89' lang='lat' dir='ltr'><strong>quoque</strong></span> <span class='ocrx_word' id='word_1_327' title='bbox 2865 2251 2935 2307; x_wconf 88' lang='lat' dir='ltr'><strong>ab</strong></span> <span class='ocrx_word' id='word_1_328' title='bbox 2957 2260 3184 2308; x_wconf 90' lang='lat' dir='ltr'><strong>auctore</strong></span> <span class='ocrx_word' id='word_1_329' title='bbox 3225 2261 3421 2308; x_wconf 92' lang='lat' dir='ltr'><strong>nostro</strong></span> <span class='ocrx_word' id='word_1_330' title='bbox 3448 2253 3713 2325; x_wconf 82' lang='lat' dir='ltr'><strong>antiquos</strong></span> 
     </span>
    </p>
   </div>
   <div class='ocr_carea' id='block_1_53' title="bbox 2124 2343 3711 2413">
    <p class='ocr_par' dir='ltr' id='par_1_53' title="bbox 2124 2343 3711 2413">
     <span class='ocr_line' id='line_1_53' title="bbox 2124 2343 3711 2413; baseline 0 -15"><span class='ocrx_word' id='word_1_331' title='bbox 2124 2358 2231 2399; x_wconf 92' lang='lat' dir='ltr'><strong>non</strong></span> <span class='ocrx_word' id='word_1_332' title='bbox 2263 2352 2478 2398; x_wconf 87' lang='lat' dir='ltr'><strong>tantum</strong></span> <span class='ocrx_word' id='word_1_333' title='bbox 2510 2343 2798 2399; x_wconf 64' lang='lat' dir='ltr'><strong>haereticos</strong></span> <span class='ocrx_word' id='word_1_334' title='bbox 2830 2343 3154 2413; x_wconf 78' lang='lat' dir='ltr'><strong>expugnari,</strong></span> <span class='ocrx_word' id='word_1_335' title='bbox 3185 2343 3280 2398; x_wconf 88' lang='lat' dir='ltr'><strong>sed</strong></span> <span class='ocrx_word' id='word_1_336' title='bbox 3310 2343 3480 2397; x_wconf 89' lang='lat' dir='ltr'><strong>etiam</strong></span> <span class='ocrx_word' id='word_1_337' title='bbox 3513 2344 3711 2413; x_wconf 82' lang='lat' dir='ltr'><strong>impios</strong></span> 
     </span>
    </p>
   </div>
   <div class='ocr_carea' id='block_1_54' title="bbox 2123 2431 3709 2502">
    <p class='ocr_par' dir='ltr' id='par_1_54' title="bbox 2123 2431 3709 2502">
     <span class='ocr_line' id='line_1_54' title="bbox 2123 2431 3709 2502; baseline 0.001 -14"><span class='ocrx_word' id='word_1_338' title='bbox 2123 2433 2296 2489; x_wconf 88' lang='lat' dir='ltr'><strong>nostri</strong></span> <span class='ocrx_word' id='word_1_339' title='bbox 2320 2432 2505 2487; x_wconf 68' lang='lat' dir='ltr'><strong>saeculi</strong></span> <span class='ocrx_word' id='word_1_340' title='bbox 2540 2431 2888 2496; x_wconf 82' lang='lat' dir='ltr'><strong>Socinianos,</strong></span> <span class='ocrx_word' id='word_1_341' title='bbox 2922 2441 3115 2488; x_wconf 87' lang='lat' dir='ltr'><strong>contra</strong></span> <span class='ocrx_word' id='word_1_342' title='bbox 3160 2447 3299 2502; x_wconf 92' lang='lat' dir='ltr'><strong>quos</strong></span> <span class='ocrx_word' id='word_1_343' title='bbox 3320 2432 3536 2489; x_wconf 89' lang='lat' dir='ltr'><strong>Christi</strong></span> <span class='ocrx_word' id='word_1_344' title='bbox 3569 2436 3709 2489; x_wconf 85' lang='lat' dir='ltr'><strong>divi-</strong></span> 
     </span>
    </p>
   </div>
   <div class='ocr_carea' id='block_1_55' title="bbox 2122 2522 3476 2591">
    <p class='ocr_par' dir='ltr' id='par_1_55' title="bbox 2122 2522 3476 2591">
     <span class='ocr_line' id='line_1_55' title="bbox 2122 2522 3476 2591; baseline 0.003 -15"><span class='ocrx_word' id='word_1_345' title='bbox 2122 2524 2270 2577; x_wconf 88' lang='lat' dir='ltr'><strong>nitas</strong></span> <span class='ocrx_word' id='word_1_346' title='bbox 2298 2524 2354 2576; x_wconf 90' lang='lat' dir='ltr'><strong>in</strong></span> <span class='ocrx_word' id='word_1_347' title='bbox 2378 2525 2482 2577; x_wconf 84' lang='lat' dir='ltr'><strong>hac</strong></span> <span class='ocrx_word' id='word_1_348' title='bbox 2509 2522 2755 2591; x_wconf 87' lang='lat' dir='ltr'><strong>Epistola</strong></span> <span class='ocrx_word' id='word_1_349' title='bbox 2785 2522 3149 2577; x_wconf 81' lang='lat' dir='ltr'><strong>invictissime</strong></span> <span class='ocrx_word' id='word_1_350' title='bbox 3182 2524 3476 2580; x_wconf 90' lang='lat' dir='ltr'><strong>asseritur.</strong></span> 
     </span>
    </p>
   </div>
   <div class='ocr_carea' id='block_1_56' title="bbox 2195 2611 3709 2685">
    <p class='ocr_par' dir='ltr' id='par_1_56' title="bbox 2195 2611 3709 2685">
     <span class='ocr_line' id='line_1_56' title="bbox 2195 2611 3709 2685; baseline 0.004 -19"><span class='ocrx_word' id='word_1_351' title='bbox 2195 2611 2389 2668; x_wconf 85' lang='lat' dir='ltr'><strong>Nonne</strong></span> <span class='ocrx_word' id='word_1_352' title='bbox 2416 2613 2563 2667; x_wconf 91' lang='lat' dir='ltr'><strong>enim</strong></span> <span class='ocrx_word' id='word_1_353' title='bbox 2588 2613 2666 2668; x_wconf 90' lang='lat' dir='ltr'><strong>ibi</strong></span> <span class='ocrx_word' id='word_1_354' title='bbox 2707 2612 2987 2669; x_wconf 89' lang='lat' dir='ltr'><strong>Barnabas</strong></span> <span class='ocrx_word' id='word_1_355' title='bbox 3017 2614 3170 2669; x_wconf 92' lang='lat' dir='ltr'><strong>illum</strong></span> <span class='ocrx_word' id='word_1_356' title='bbox 3215 2625 3403 2685; x_wconf 85' lang='lat' dir='ltr'><strong>aperte</strong></span> <span class='ocrx_word' id='word_1_357' title='bbox 3436 2626 3709 2672; x_wconf 86' lang='lat' dir='ltr'><strong>terrarum</strong></span> 
     </span>
    </p>
   </div>
   <div class='ocr_carea' id='block_1_57' title="bbox 2125 2705 3715 2777">
    <p class='ocr_par' dir='ltr' id='par_1_57' title="bbox 2125 2705 3715 2777">
     <span class='ocr_line' id='line_1_57' title="bbox 2125 2705 3715 2777; baseline 0.003 -17"><span class='ocrx_word' id='word_1_358' title='bbox 2125 2705 2420 2760; x_wconf 90' lang='lat' dir='ltr'><strong>Dominum</strong></span> <span class='ocrx_word' id='word_1_359' title='bbox 2446 2706 2707 2777; x_wconf 88' lang='lat' dir='ltr'><strong>appellat,</strong></span> <span class='ocrx_word' id='word_1_360' title='bbox 2744 2706 3005 2776; x_wconf 86' lang='lat' dir='ltr'><strong>huncque</strong></span> <span class='ocrx_word' id='word_1_361' title='bbox 3051 2706 3347 2776; x_wconf 84' lang='lat' dir='ltr'><strong>ipsummet</strong></span> <span class='ocrx_word' id='word_1_362' title='bbox 3379 2724 3507 2764; x_wconf 89' lang='lat' dir='ltr'><strong>esse</strong></span> <span class='ocrx_word' id='word_1_363' title='bbox 3544 2719 3715 2766; x_wconf 86' lang='lat' dir='ltr'><strong>testa—</strong></span> 
     </span>
    </p>
   </div>
   <div class='ocr_carea' id='block_1_58' title="bbox 2123 2795 3713 2864">
    <p class='ocr_par' dir='ltr' id='par_1_58' title="bbox 2123 2795 3713 2864">
     <span class='ocr_line' id='line_1_58' title="bbox 2123 2795 3713 2864; baseline 0.001 -12"><span class='ocrx_word' id='word_1_364' title='bbox 2123 2806 2234 2864; x_wconf 91' lang='lat' dir='ltr'><strong>tur,</strong></span> <span class='ocrx_word' id='word_1_365' title='bbox 2267 2796 2354 2851; x_wconf 90' lang='lat' dir='ltr'><strong>cui</strong></span> <span class='ocrx_word' id='word_1_366' title='bbox 2387 2812 2417 2850; x_wconf 91' lang='lat' dir='ltr'><strong>a</strong></span> <span class='ocrx_word' id='word_1_367' title='bbox 2448 2795 2607 2851; x_wconf 85' lang='lat' dir='ltr'><strong>Patre</strong></span> <span class='ocrx_word' id='word_1_368' title='bbox 2637 2812 2740 2852; x_wconf 92' lang='lat' dir='ltr'><strong>suo</strong></span> <span class='ocrx_word' id='word_1_369' title='bbox 2766 2805 2972 2852; x_wconf 75' lang='lat' dir='ltr'><strong>aeterno</strong></span> <span class='ocrx_word' id='word_1_370' title='bbox 3002 2805 3128 2852; x_wconf 90' lang='lat' dir='ltr'><strong>ante</strong></span> <span class='ocrx_word' id='word_1_371' title='bbox 3152 2799 3341 2853; x_wconf 86' lang='lat' dir='ltr'><strong>mundi</strong></span> <span class='ocrx_word' id='word_1_372' title='bbox 3364 2800 3713 2856; x_wconf 87' lang='lat' dir='ltr'><strong>creationem</strong></span> 
     </span>
    </p>
   </div>
   <div class='ocr_carea' id='block_1_59' title="bbox 2123 2886 3714 2961">
    <p class='ocr_par' dir='ltr' id='par_1_59' title="bbox 2123 2886 3714 2961">
     <span class='ocr_line' id='line_1_59' title="bbox 2123 2886 3714 2961; baseline 0.001 -18"><span class='ocrx_word' id='word_1_373' title='bbox 2123 2888 2329 2943; x_wconf 89' lang='lat' dir='ltr'><strong>dictum</strong></span> <span class='ocrx_word' id='word_1_374' title='bbox 2360 2895 2444 2945; x_wconf 88' lang='lat' dir='ltr'><strong>est</strong></span> <span class='ocrx_word' id='word_1_375' title='bbox 2472 2906 2485 2942; x_wconf 89' lang='lat'><strong>:</strong></span> <span class='ocrx_word' id='word_1_376' title='bbox 2520 2886 2810 2943; x_wconf 78' lang='lat' dir='ltr'><strong>Faciamus</strong></span> <span class='ocrx_word' id='word_1_377' title='bbox 2838 2888 3101 2944; x_wconf 73' lang='lat' dir='ltr'><strong>hominem</strong></span> <span class='ocrx_word' id='word_1_378' title='bbox 3131 2890 3201 2943; x_wconf 88' lang='lat' dir='ltr'><strong>ad</strong></span> <span class='ocrx_word' id='word_1_379' title='bbox 3223 2890 3512 2961; x_wconf 79' lang='lat' dir='ltr'><strong>imaginem</strong></span> <span class='ocrx_word' id='word_1_380' title='bbox 3559 2903 3611 2946; x_wconf 92' lang='lat' dir='ltr'><strong>et</strong></span> <span class='ocrx_word' id='word_1_381' title='bbox 3637 2894 3714 2945; x_wconf 82' lang='lat' dir='ltr'><strong>si-</strong></span> 
     </span>
    </p>
   </div>
   <div class='ocr_carea' id='block_1_60' title="bbox 2124 2978 3715 3050">
    <p class='ocr_par' dir='ltr' id='par_1_60' title="bbox 2124 2978 3715 3050">
     <span class='ocr_line' id='line_1_60' title="bbox 2124 2978 3715 3050; baseline 0.003 -16"><span class='ocrx_word' id='word_1_382' title='bbox 2124 2980 2477 3034; x_wconf 85' lang='lat' dir='ltr'><strong>militudinem</strong></span> <span class='ocrx_word' id='word_1_383' title='bbox 2499 2988 2735 3035; x_wconf 85' lang='lat' dir='ltr'><strong>nostram</strong></span> <span class='ocrx_word' id='word_1_384' title='bbox 2758 2981 2784 3034; x_wconf 82' lang='lat'><strong>.’</strong></span> <span class='ocrx_word' id='word_1_385' title='bbox 2807 2978 2913 3035; x_wconf 91' lang='lat' dir='ltr'><strong>Sed</strong></span> <span class='ocrx_word' id='word_1_386' title='bbox 2943 2990 3165 3050; x_wconf 64' lang='lat' dir='ltr'><strong>pratstat</strong></span> <span class='ocrx_word' id='word_1_387' title='bbox 3188 2996 3314 3035; x_wconf 92' lang='lat' dir='ltr'><strong>eum</strong></span> <span class='ocrx_word' id='word_1_388' title='bbox 3360 2982 3549 3037; x_wconf 89' lang='lat' dir='ltr'><strong>verbis</strong></span> <span class='ocrx_word' id='word_1_389' title='bbox 3594 2985 3715 3039; x_wconf 85' lang='lat' dir='ltr'><strong>suis</strong></span> 
     </span>
    </p>
   </div>
   <div class='ocr_carea' id='block_1_61' title="bbox 444 3071 3713 3146">
    <p class='ocr_par' dir='ltr' id='par_1_61' title="bbox 444 3071 3713 3146">
     <span class='ocr_line' id='line_1_61' title="bbox 444 3071 3713 3146; baseline 0 -17"><span class='ocrx_word' id='word_1_390' title='bbox 444 3074 548 3130; x_wconf 92' lang='lat' dir='ltr'><strong>nisi</strong></span> <span class='ocrx_word' id='word_1_391' title='bbox 580 3074 710 3145; x_wconf 90' lang='lat' dir='ltr'><strong>quia</strong></span> <span class='ocrx_word' id='word_1_392' title='bbox 754 3082 1019 3145; x_wconf 66' lang='lat' dir='ltr'><strong>praerepta</strong></span> <span class='ocrx_word' id='word_1_393' title='bbox 1052 3072 1155 3130; x_wconf 89' lang='lat' dir='ltr'><strong>sibi</strong></span> <span class='ocrx_word' id='word_1_394' title='bbox 1188 3076 1481 3130; x_wconf 90' lang='lat' dir='ltr'><strong>occasione</strong></span> <span class='ocrx_word' id='word_1_395' title='bbox 1529 3072 1673 3146; x_wconf 81' lang='lat' dir='ltr'><strong>typis</strong></span> <span class='ocrx_word' id='word_1_396' title='bbox 1719 3072 2017 3129; x_wconf 88' lang='lat' dir='ltr'><strong>mandandi</strong></span> <span class='ocrx_word' id='word_1_397' title='bbox 2048 3080 2097 3146; x_wconf 74' lang='grc' dir='ltr'>α</span> <span class='ocrx_word' id='word_1_398' title='bbox 2124 3074 2434 3145; x_wconf 86' lang='lat' dir='ltr'><strong>loquentem</strong></span> <span class='ocrx_word' id='word_1_399' title='bbox 2465 3074 2685 3128; x_wconf 89' lang='lat' dir='ltr'><strong>audire:</strong></span> <span class='ocrx_word' id='word_1_400' title='bbox 2714 3071 2784 3127; x_wconf 86' lang='lat' dir='ltr'><strong>Et</strong></span> <span class='ocrx_word' id='word_1_401' title='bbox 2809 3072 2879 3127; x_wconf 86' lang='lat' dir='ltr'><strong>ad</strong></span> <span class='ocrx_word' id='word_1_402' title='bbox 2902 3073 2998 3126; x_wconf 79' lang='lat' dir='ltr'><strong>hoc</strong></span> <span class='ocrx_word' id='word_1_403' title='bbox 3026 3072 3282 3127; x_wconf 88' lang='lat' dir='ltr'><strong>Dominus</strong></span> <span class='ocrx_word' id='word_1_404' title='bbox 3312 3075 3577 3128; x_wconf 74' lang='lat' dir='ltr'><strong>sustinuit</strong></span> <span class='ocrx_word' id='word_1_405' title='bbox 3598 3076 3713 3145; x_wconf 80' lang='lat' dir='ltr'><strong>pati</strong></span> 
     </span>
    </p>
   </div>
   <div class='ocr_carea' id='block_1_62' title="bbox 442 3164 2022 3239">
    <p class='ocr_par' dir='ltr' id='par_1_62' title="bbox 442 3164 2022 3239">
     <span class='ocr_line' id='line_1_62' title="bbox 442 3164 2022 3239; baseline 0.001 -17"><span class='ocrx_word' id='word_1_406' title='bbox 442 3181 642 3222; x_wconf 87' lang='lat' dir='ltr'><strong>novam</strong></span> <span class='ocrx_word' id='word_1_407' title='bbox 668 3166 904 3237; x_wconf 87' lang='lat' dir='ltr'><strong>Operum</strong></span> <span class='ocrx_word' id='word_1_408' title='bbox 928 3164 1170 3236; x_wconf 75' lang='lat' dir='ltr'><strong>Iosephi,</strong></span> <span class='ocrx_word' id='word_1_409' title='bbox 1201 3182 1365 3238; x_wconf 84' lang='lat' dir='ltr'><strong>quant</strong></span> <span class='ocrx_word' id='word_1_410' title='bbox 1389 3182 1419 3223; x_wconf 90' lang='lat' dir='ltr'><strong>a</strong></span> <span class='ocrx_word' id='word_1_411' title='bbox 1442 3167 1607 3239; x_wconf 93' lang='lat' dir='ltr'><strong>longo</strong></span> <span class='ocrx_word' id='word_1_412' title='bbox 1630 3175 1874 3238; x_wconf 88' lang='lat' dir='ltr'><strong>tempore</strong></span> <span class='ocrx_word' id='word_1_413' title='bbox 1901 3182 2022 3223; x_wconf 94' lang='lat' dir='ltr'><strong>mo-</strong></span> 
     </span>
    </p>
   </div>
   <div class='ocr_carea' id='block_1_63' title="bbox 443 3258 2016 3331">
    <p class='ocr_par' dir='ltr' id='par_1_63' title="bbox 443 3258 2016 3331">
     <span class='ocr_line' id='line_1_63' title="bbox 443 3258 2016 3331; baseline 0.001 -17"><span class='ocrx_word' id='word_1_414' title='bbox 443 3260 678 3315; x_wconf 90' lang='lat' dir='ltr'><strong>liebatur</strong></span> <span class='ocrx_word' id='word_1_415' title='bbox 710 3258 1028 3326; x_wconf 91' lang='lat' dir='ltr'><strong>editionem,</strong></span> <span class='ocrx_word' id='word_1_416' title='bbox 1053 3258 1318 3330; x_wconf 90' lang='lat' dir='ltr'><strong>quidquid</strong></span> <span class='ocrx_word' id='word_1_417' title='bbox 1354 3259 1528 3331; x_wconf 85' lang='lat' dir='ltr'><strong>magis</strong></span> <span class='ocrx_word' id='word_1_418' title='bbox 1555 3260 1855 3326; x_wconf 88' lang='lat' dir='ltr'><strong>eruditum,</strong></span> <span class='ocrx_word' id='word_1_419' title='bbox 1901 3275 2016 3316; x_wconf 87' lang='lat' dir='ltr'><strong>ma-</strong></span> 
     </span>
    </p>
   </div>
   <div class='ocr_carea' id='block_1_64' title="bbox 442 3350 2018 3423">
    <p class='ocr_par' dir='ltr' id='par_1_64' title="bbox 442 3350 2018 3423">
     <span class='ocr_line' id='line_1_64' title="bbox 442 3350 2018 3423; baseline 0 -15"><span class='ocrx_word' id='word_1_420' title='bbox 442 3352 637 3423; x_wconf 87' lang='lat' dir='ltr'><strong>gisque</strong></span> <span class='ocrx_word' id='word_1_421' title='bbox 659 3351 943 3407; x_wconf 89' lang='lat' dir='ltr'><strong>curiosum</strong></span> <span class='ocrx_word' id='word_1_422' title='bbox 965 3350 1032 3406; x_wconf 88' lang='lat' dir='ltr'><strong>ad</strong></span> <span class='ocrx_word' id='word_1_423' title='bbox 1064 3366 1185 3407; x_wconf 91' lang='lat' dir='ltr'><strong>eam</strong></span> <span class='ocrx_word' id='word_1_424' title='bbox 1236 3351 1620 3422; x_wconf 79' lang='lat' dir='ltr'><strong>perficiendam</strong></span> <span class='ocrx_word' id='word_1_425' title='bbox 1677 3368 2018 3423; x_wconf 59' lang='lat' dir='ltr'><strong>praeparave-</strong></span> 
     </span>
    </p>
   </div>
   <div class='ocr_carea' id='block_1_65' title="bbox 440 3444 2019 3518">
    <p class='ocr_par' dir='ltr' id='par_1_65' title="bbox 440 3444 2019 3518">
     <span class='ocr_line' id='line_1_65' title="bbox 440 3444 2019 3518; baseline 0.001 -18"><span class='ocrx_word' id='word_1_426' title='bbox 440 3455 549 3510; x_wconf 85' lang='lat' dir='ltr'><strong>rat,</strong></span> <span class='ocrx_word' id='word_1_427' title='bbox 575 3446 681 3501; x_wconf 90' lang='lat' dir='ltr'><strong>hoc</strong></span> <span class='ocrx_word' id='word_1_428' title='bbox 708 3445 763 3499; x_wconf 93' lang='lat' dir='ltr'><strong>in</strong></span> <span class='ocrx_word' id='word_1_429' title='bbox 796 3452 956 3500; x_wconf 90' lang='lat' dir='ltr'><strong>notas</strong></span> <span class='ocrx_word' id='word_1_430' title='bbox 983 3444 1506 3517; x_wconf 88' lang='lat' dir='ltr'><strong>observationesque</strong></span> <span class='ocrx_word' id='word_1_431' title='bbox 1539 3461 1667 3502; x_wconf 90' lang='lat' dir='ltr'><strong>suas</strong></span> <span class='ocrx_word' id='word_1_432' title='bbox 1718 3461 2019 3518; x_wconf 75' lang='lat' dir='ltr'><strong>congeren—</strong></span> 
     </span>
    </p>
   </div>
   <div class='ocr_carea' id='block_1_66' title="bbox 440 3533 2017 3607">
    <p class='ocr_par' dir='ltr' id='par_1_66' title="bbox 440 3533 2017 3607">
     <span class='ocr_line' id='line_1_66' title="bbox 440 3533 2017 3607; baseline 0.001 -16"><span class='ocrx_word' id='word_1_433' title='bbox 440 3536 573 3591; x_wconf 88' lang='lat' dir='ltr'><strong>dum</strong></span> <span class='ocrx_word' id='word_1_434' title='bbox 621 3551 745 3592; x_wconf 91' lang='lat' dir='ltr'><strong>esse</strong></span> <span class='ocrx_word' id='word_1_435' title='bbox 784 3535 1077 3607; x_wconf 86' lang='lat' dir='ltr'><strong>putaverit.</strong></span> <span class='ocrx_word' id='word_1_436' title='bbox 1112 3533 1229 3591; x_wconf 87' lang='lat' dir='ltr'><strong>Non</strong></span> <span class='ocrx_word' id='word_1_437' title='bbox 1258 3538 1666 3594; x_wconf 90' lang='lat' dir='ltr'><strong>contemnimus</strong></span> <span class='ocrx_word' id='word_1_438' title='bbox 1717 3538 1821 3593; x_wconf 89' lang='lat' dir='ltr'><strong>viri</strong></span> <span class='ocrx_word' id='word_1_439' title='bbox 1870 3537 2017 3593; x_wconf 89' lang='lat' dir='ltr'><strong>docti</strong></span> 
     </span>
    </p>
   </div>
   <div class='ocr_carea' id='block_1_67' title="bbox 442 3627 2019 3701">
    <p class='ocr_par' dir='ltr' id='par_1_67' title="bbox 442 3627 2019 3701">
     <span class='ocr_line' id='line_1_67' title="bbox 442 3627 2019 3701; baseline 0.001 -18"><span class='ocrx_word' id='word_1_440' title='bbox 442 3628 828 3693; x_wconf 88' lang='lat' dir='ltr'><strong>eruditionem,</strong></span> <span class='ocrx_word' id='word_1_441' title='bbox 858 3627 954 3683; x_wconf 91' lang='lat' dir='ltr'><strong>sed</strong></span> <span class='ocrx_word' id='word_1_442' title='bbox 991 3627 1330 3698; x_wconf 88' lang='lat' dir='ltr'><strong>prudentiori</strong></span> <span class='ocrx_word' id='word_1_443' title='bbox 1357 3628 1568 3699; x_wconf 88' lang='lat' dir='ltr'><strong>judicio</strong></span> <span class='ocrx_word' id='word_1_444' title='bbox 1593 3645 1658 3686; x_wconf 93' lang='lat' dir='ltr'><strong>ac</strong></span> <span class='ocrx_word' id='word_1_445' title='bbox 1684 3630 1819 3687; x_wconf 86' lang='lat' dir='ltr'><strong>locis</strong></span> <span class='ocrx_word' id='word_1_446' title='bbox 1842 3631 2019 3701; x_wconf 82' lang='lat' dir='ltr'><strong>aptio-</strong></span> 
     </span>
    </p>
   </div>
   <div class='ocr_carea' id='block_1_68' title="bbox 442 3719 1105 3776">
    <p class='ocr_par' dir='ltr' id='par_1_68' title="bbox 442 3719 1105 3776">
     <span class='ocr_line' id='line_1_68' title="bbox 442 3719 1105 3776; baseline -0.003 -1"><span class='ocrx_word' id='word_1_447' title='bbox 442 3720 597 3776; x_wconf 84' lang='lat' dir='ltr'><strong>ribus</strong></span> <span class='ocrx_word' id='word_1_448' title='bbox 619 3719 940 3775; x_wconf 89' lang='lat' dir='ltr'><strong>collocanda</strong></span> <span class='ocrx_word' id='word_1_449' title='bbox 967 3728 1105 3774; x_wconf 87' lang='lat' dir='ltr'><strong>erat.</strong></span> 
     </span>
    </p>
   </div>
   <div class='ocr_carea' id='block_1_69' title="bbox 943 3856 1519 3917">
    <p class='ocr_par' dir='ltr' id='par_1_69' title="bbox 943 3856 1519 3917">
     <span class='ocr_line' id='line_1_69' title="bbox 943 3856 1519 3917; baseline -0.007 0"><span class='ocrx_word' id='word_1_450' title='bbox 943 3856 1343 3917; x_wconf 80' lang='lat' dir='ltr'><strong>ARTICULUS</strong></span> <span class='ocrx_word' id='word_1_451' title='bbox 1381 3857 1519 3913; x_wconf 81' lang='lat' dir='ltr'><strong>XIII.</strong></span> 
     </span>
    </p>
   </div>
   <div class='ocr_carea' id='block_1_70' title="bbox 652 3970 1801 4043">
    <p class='ocr_par' dir='ltr' id='par_1_70' title="bbox 652 3970 1801 4043">
     <span class='ocr_line' id='line_1_70' title="bbox 652 3970 1801 4043; baseline 0.003 -18"><span class='ocrx_word' id='word_1_452' title='bbox 652 3970 817 4027; x_wconf 76' lang='grc' dir='ltr'><strong>Νουιε</strong></span> <span class='ocrx_word' id='word_1_453' title='bbox 838 3971 1221 4027; x_wconf 84' lang='lat' dir='ltr'><strong>observationes</strong></span> <span class='ocrx_word' id='word_1_454' title='bbox 1248 3975 1302 4028; x_wconf 86' lang='lat' dir='ltr'><strong>in</strong></span> <span class='ocrx_word' id='word_1_455' title='bbox 1327 3973 1463 4028; x_wconf 82' lang='lat' dir='ltr'><strong>hanc</strong></span> <span class='ocrx_word' id='word_1_456' title='bbox 1486 3972 1801 4043; x_wconf 82' lang='lat' dir='ltr'><strong>Epistolam.</strong></span> 
     </span>
    </p>
   </div>
   <div class='ocr_carea' id='block_1_71' title="bbox 514 4088 2013 4160">
    <p class='ocr_par' dir='ltr' id='par_1_71' title="bbox 514 4088 2013 4160">
     <span class='ocr_line' id='line_1_71' title="bbox 514 4088 2013 4160; baseline 0.002 -17"><span class='ocrx_word' id='word_1_457' title='bbox 514 4088 573 4144; x_wconf 89' lang='lat' dir='ltr'><strong>Si</strong></span> <span class='ocrx_word' id='word_1_458' title='bbox 611 4090 742 4160; x_wconf 87' lang='lat' dir='ltr'><strong>quid</strong></span> <span class='ocrx_word' id='word_1_459' title='bbox 777 4089 939 4145; x_wconf 89' lang='lat' dir='ltr'><strong>nobis</strong></span> <span class='ocrx_word' id='word_1_460' title='bbox 973 4098 1053 4144; x_wconf 91' lang='lat' dir='ltr'><strong>tot</strong></span> <span class='ocrx_word' id='word_1_461' title='bbox 1080 4099 1301 4160; x_wconf 89' lang='lat' dir='ltr'><strong>tamque</strong></span> <span class='ocrx_word' id='word_1_462' title='bbox 1345 4090 1578 4146; x_wconf 88' lang='lat' dir='ltr'><strong>diversis</strong></span> <span class='ocrx_word' id='word_1_463' title='bbox 1612 4091 2013 4146; x_wconf 87' lang='lat' dir='ltr'><strong>observationi-</strong></span> 
     </span>
    </p>
   </div>
   <div class='ocr_carea' id='block_1_72' title="bbox 443 4181 2015 4252">
    <p class='ocr_par' dir='ltr' id='par_1_72' title="bbox 443 4181 2015 4252">
     <span class='ocr_line' id='line_1_72' title="bbox 443 4181 2015 4252; baseline 0.001 -16"><span class='ocrx_word' id='word_1_464' title='bbox 443 4182 544 4238; x_wconf 90' lang='lat' dir='ltr'><strong>bus</strong></span> <span class='ocrx_word' id='word_1_465' title='bbox 570 4182 879 4237; x_wconf 88' lang='lat' dir='ltr'><strong>addendum</strong></span> <span class='ocrx_word' id='word_1_466' title='bbox 907 4192 1238 4252; x_wconf 87' lang='lat' dir='ltr'><strong>superesset,</strong></span> <span class='ocrx_word' id='word_1_467' title='bbox 1275 4181 1588 4239; x_wconf 89' lang='lat' dir='ltr'><strong>Christiana</strong></span> <span class='ocrx_word' id='word_1_468' title='bbox 1623 4183 1872 4238; x_wconf 85' lang='lat' dir='ltr'><strong>libertate</strong></span> <span class='ocrx_word' id='word_1_469' title='bbox 1889 4198 2015 4238; x_wconf 90' lang='lat' dir='ltr'><strong>cum</strong></span> 
     </span>
    </p>
   </div>
   <div class='ocr_carea' id='block_1_73' title="bbox 439 4272 2016 4344">
    <p class='ocr_par' dir='ltr' id='par_1_73' title="bbox 439 4272 2016 4344">
     <span class='ocr_line' id='line_1_73' title="bbox 439 4272 2016 4344; baseline 0.002 -17"><span class='ocrx_word' id='word_1_470' title='bbox 439 4272 660 4344; x_wconf 82' lang='lat' dir='ltr'><strong>Moynlo</strong></span> <span class='ocrx_word' id='word_1_471' title='bbox 688 4272 925 4342; x_wconf 90' lang='lat' dir='ltr'><strong>aliisque</strong></span> <span class='ocrx_word' id='word_1_472' title='bbox 954 4272 1234 4328; x_wconf 89' lang='lat' dir='ltr'><strong>nonnullis</strong></span> <span class='ocrx_word' id='word_1_473' title='bbox 1257 4274 1324 4329; x_wconf 92' lang='lat' dir='ltr'><strong>de</strong></span> <span class='ocrx_word' id='word_1_474' title='bbox 1348 4287 1538 4329; x_wconf 89' lang='lat' dir='ltr'><strong>eorum</strong></span> <span class='ocrx_word' id='word_1_475' title='bbox 1562 4274 1891 4330; x_wconf 80' lang='lat' dir='ltr'><strong>conﬁdentia</strong></span> <span class='ocrx_word' id='word_1_476' title='bbox 1920 4290 2016 4330; x_wconf 78' lang='lat' dir='ltr'><strong>ex-</strong></span> 
     </span>
    </p>
   </div>
   <div class='ocr_carea' id='block_1_74' title="bbox 439 4366 2015 4436">
    <p class='ocr_par' dir='ltr' id='par_1_74' title="bbox 439 4366 2015 4436">
     <span class='ocr_line' id='line_1_74' title="bbox 439 4366 2015 4436; baseline 0.001 -16"><span class='ocrx_word' id='word_1_477' title='bbox 439 4366 869 4436; x_wconf 89' lang='lat' dir='ltr'><strong>postularemus,</strong></span> <span class='ocrx_word' id='word_1_478' title='bbox 902 4380 1011 4436; x_wconf 90' lang='lat' dir='ltr'><strong>qua</strong></span> <span class='ocrx_word' id='word_1_479' title='bbox 1050 4375 1106 4419; x_wconf 91' lang='lat' dir='ltr'><strong>et</strong></span> <span class='ocrx_word' id='word_1_480' title='bbox 1152 4374 1431 4421; x_wconf 88' lang='lat' dir='ltr'><strong>auctorem</strong></span> <span class='ocrx_word' id='word_1_481' title='bbox 1480 4376 1729 4422; x_wconf 91' lang='lat' dir='ltr'><strong>nostrum</strong></span> <span class='ocrx_word' id='word_1_482' title='bbox 1772 4377 1826 4423; x_wconf 91' lang='lat' dir='ltr'><strong>et</strong></span> <span class='ocrx_word' id='word_1_483' title='bbox 1872 4368 2015 4422; x_wconf 81' lang='lat' dir='ltr'><strong>anti-</strong></span> 
     </span>
    </p>
   </div>
   <div class='ocr_carea' id='block_1_75' title="bbox 436 4429 2090 4526">
    <p class='ocr_par' dir='ltr' id='par_1_75' title="bbox 436 4429 2090 4526">
     <span class='ocr_line' id='line_1_75' title="bbox 436 4429 2090 4526; baseline -0.001 -15"><span class='ocrx_word' id='word_1_484' title='bbox 436 4454 734 4526; x_wconf 79' lang='lat' dir='ltr'><strong>quissimos</strong></span> <span class='ocrx_word' id='word_1_485' title='bbox 760 4452 1017 4509; x_wconf 74' lang='lat' dir='ltr'><strong>Ecclesize</strong></span> <span class='ocrx_word' id='word_1_486' title='bbox 1042 4454 1336 4523; x_wconf 89' lang='lat' dir='ltr'><strong>scriptores</strong></span> <span class='ocrx_word' id='word_1_487' title='bbox 1363 4468 1428 4508; x_wconf 89' lang='lat' dir='ltr'><strong>eo</strong></span> <span class='ocrx_word' id='word_1_488' title='bbox 1449 4463 1705 4526; x_wconf 87' lang='lat' dir='ltr'><strong>arguunt,</strong></span> <span class='ocrx_word' id='word_1_489' title='bbox 1739 4455 1867 4525; x_wconf 90' lang='lat' dir='ltr'><strong>quia</strong></span> <span class='ocrx_word' id='word_1_490' title='bbox 1894 4455 2017 4525; x_wconf 87' lang='lat' dir='ltr'><strong>plu-</strong></span> <span class='ocrx_word' id='word_1_491' title='bbox 2044 4429 2090 4486; x_wconf 79' lang='grc' dir='ltr'><strong>Ῑ)</strong></span> 
     </span>
    </p>
   </div>
   <div class='ocr_carea' id='block_1_76' title="bbox 437 4543 2013 4616">
    <p class='ocr_par' dir='ltr' id='par_1_76' title="bbox 437 4543 2013 4616">
     <span class='ocr_line' id='line_1_76' title="bbox 437 4543 2013 4616; baseline -0.001 -13"><span class='ocrx_word' id='word_1_492' title='bbox 437 4562 528 4603; x_wconf 80' lang='lat' dir='ltr'><strong>res</strong></span> <span class='ocrx_word' id='word_1_493' title='bbox 556 4544 768 4602; x_wconf 79' lang='lat' dir='ltr'><strong>Veteris</strong></span> <span class='ocrx_word' id='word_1_494' title='bbox 793 4543 1129 4601; x_wconf 87' lang='lat' dir='ltr'><strong>Testamenti</strong></span> <span class='ocrx_word' id='word_1_495' title='bbox 1158 4545 1310 4600; x_wconf 92' lang='lat' dir='ltr'><strong>locos</strong></span> <span class='ocrx_word' id='word_1_496' title='bbox 1333 4543 1400 4601; x_wconf 89' lang='lat' dir='ltr'><strong>de</strong></span> <span class='ocrx_word' id='word_1_497' title='bbox 1437 4543 1631 4601; x_wconf 83' lang='lat' dir='ltr'><strong>Messia</strong></span> <span class='ocrx_word' id='word_1_498' title='bbox 1670 4545 2013 4616; x_wconf 85' lang='lat' dir='ltr'><strong>interpretati</strong></span> 
     </span>
    </p>
   </div>
   <div class='ocr_carea' id='block_1_77' title="bbox 438 4635 2014 4708">
    <p class='ocr_par' dir='ltr' id='par_1_77' title="bbox 438 4635 2014 4708">
     <span class='ocr_line' id='line_1_77' title="bbox 438 4635 2014 4708; baseline 0 -14"><span class='ocrx_word' id='word_1_499' title='bbox 438 4640 570 4705; x_wconf 88' lang='lat' dir='ltr'><strong>sint,</strong></span> <span class='ocrx_word' id='word_1_500' title='bbox 605 4652 746 4708; x_wconf 89' lang='lat' dir='ltr'><strong>quos</strong></span> <span class='ocrx_word' id='word_1_501' title='bbox 799 4636 877 4691; x_wconf 92' lang='lat' dir='ltr'><strong>illi</strong></span> <span class='ocrx_word' id='word_1_502' title='bbox 924 4635 990 4691; x_wconf 89' lang='lat' dir='ltr'><strong>ad</strong></span> <span class='ocrx_word' id='word_1_503' title='bbox 1039 4650 1166 4691; x_wconf 90' lang='lat' dir='ltr'><strong>eum</strong></span> <span class='ocrx_word' id='word_1_504' title='bbox 1216 4635 1447 4691; x_wconf 90' lang='lat' dir='ltr'><strong>minime</strong></span> <span class='ocrx_word' id='word_1_505' title='bbox 1474 4636 1749 4707; x_wconf 89' lang='lat' dir='ltr'><strong>respicere</strong></span> <span class='ocrx_word' id='word_1_506' title='bbox 1776 4638 2014 4694; x_wconf 90' lang='lat' dir='ltr'><strong>arbitra-</strong></span> 
     </span>
    </p>
   </div>
   <div class='ocr_carea' id='block_1_78' title="bbox 436 4726 2013 4786">
    <p class='ocr_par' dir='ltr' id='par_1_78' title="bbox 436 4726 2013 4786">
     <span class='ocr_line' id='line_1_78' title="bbox 436 4726 2013 4786; baseline 0.001 -2"><span class='ocrx_word' id='word_1_507' title='bbox 436 4730 659 4784; x_wconf 87' lang='lat' dir='ltr'><strong>bantur.</strong></span> <span class='ocrx_word' id='word_1_508' title='bbox 700 4727 847 4782; x_wconf 86' lang='lat' dir='ltr'><strong>Nihil</strong></span> <span class='ocrx_word' id='word_1_509' title='bbox 887 4727 1035 4782; x_wconf 86' lang='lat' dir='ltr'><strong>enim</strong></span> <span class='ocrx_word' id='word_1_510' title='bbox 1065 4726 1167 4783; x_wconf 86' lang='lat' dir='ltr'><strong>hac</strong></span> <span class='ocrx_word' id='word_1_511' title='bbox 1202 4728 1556 4784; x_wconf 88' lang='lat' dir='ltr'><strong>accusatione</strong></span> <span class='ocrx_word' id='word_1_512' title='bbox 1598 4729 1757 4785; x_wconf 90' lang='lat' dir='ltr'><strong>nobis</strong></span> <span class='ocrx_word' id='word_1_513' title='bbox 1794 4731 2013 4786; x_wconf 89' lang='lat' dir='ltr'><strong>videtur</strong></span> 
     </span>
    </p>
   </div>
   <div class='ocr_carea' id='block_1_79' title="bbox 438 4820 2011 4894">
    <p class='ocr_par' dir='ltr' id='par_1_79' title="bbox 438 4820 2011 4894">
     <span class='ocr_line' id='line_1_79' title="bbox 438 4820 2011 4894; baseline 0.005 -20"><span class='ocrx_word' id='word_1_514' title='bbox 438 4821 707 4890; x_wconf 88' lang='lat' dir='ltr'><strong>iniquius,</strong></span> <span class='ocrx_word' id='word_1_515' title='bbox 749 4820 887 4875; x_wconf 90' lang='lat' dir='ltr'><strong>nihil</strong></span> <span class='ocrx_word' id='word_1_516' title='bbox 918 4820 1079 4890; x_wconf 87' lang='lat' dir='ltr'><strong>plane</strong></span> <span class='ocrx_word' id='word_1_517' title='bbox 1118 4820 1435 4877; x_wconf 89' lang='lat' dir='ltr'><strong>absurdius.</strong></span> <span class='ocrx_word' id='word_1_518' title='bbox 1469 4822 1700 4878; x_wconf 88' lang='lat' dir='ltr'><strong>Constat</strong></span> <span class='ocrx_word' id='word_1_519' title='bbox 1732 4823 2011 4894; x_wconf 83' lang='lat' dir='ltr'><strong>Siquidem</strong></span> 
     </span>
    </p>
   </div>
   <div class='ocr_carea' id='block_1_80' title="bbox 435 4900 2015 4984">
    <p class='ocr_par' dir='ltr' id='par_1_80' title="bbox 435 4900 2015 4984">
     <span class='ocr_line' id='line_1_80' title="bbox 435 4900 2015 4984; baseline 0.004 -17"><span class='ocrx_word' id='word_1_520' title='bbox 435 4912 718 4968; x_wconf 88' lang='lat' dir='ltr'><strong>Christum</strong></span> <span class='ocrx_word' id='word_1_521' title='bbox 743 4911 1009 4981; x_wconf 89' lang='lat' dir='ltr'><strong>apostolis</strong></span> <span class='ocrx_word' id='word_1_522' title='bbox 1035 4920 1091 4967; x_wconf 91' lang='lat' dir='ltr'><strong>et</strong></span> <span class='ocrx_word' id='word_1_523' title='bbox 1111 4912 1397 4983; x_wconf 91' lang='lat' dir='ltr'><strong>discipulis</strong></span> <span class='ocrx_word' id='word_1_524' title='bbox 1421 4915 1536 4970; x_wconf 91' lang='lat' dir='ltr'><strong>suis</strong></span> <span class='ocrx_word' id='word_1_525' title='bbox 1569 4900 1816 4984; x_wconf 78' lang='lat' dir='ltr'><strong>sensum,</strong></span> <span class='ocrx_word' id='word_1_526' title='bbox 1856 4927 1917 4973; x_wconf 92' lang='lat' dir='ltr'><strong>ut</strong></span> <span class='ocrx_word' id='word_1_527' title='bbox 1939 4921 2015 4975; x_wconf 91' lang='lat' dir='ltr'><strong>ait</strong></span> 
     </span>
    </p>
   </div>
   <div class='ocr_carea' id='block_1_81' title="bbox 439 5003 2013 5081">
    <p class='ocr_par' dir='ltr' id='par_1_81' title="bbox 439 5003 2013 5081">
     <span class='ocr_line' id='line_1_81' title="bbox 439 5003 2013 5081; baseline 0.004 -22"><span class='ocrx_word' id='word_1_528' title='bbox 439 5003 722 5075; x_wconf 87' lang='lat' dir='ltr'><strong>Scriptura</strong></span> <span class='ocrx_word' id='word_1_529' title='bbox 751 5005 891 5075; x_wconf 89' lang='lat' dir='ltr'><strong>ipsa,</strong></span> <span class='ocrx_word' id='word_1_530' title='bbox 917 5006 1221 5074; x_wconf 83' lang='lat' dir='ltr'><strong>aperuisse,</strong></span> <span class='ocrx_word' id='word_1_531' title='bbox 1264 5017 1322 5061; x_wconf 85' lang='lat' dir='ltr'><strong>ut</strong></span> <span class='ocrx_word' id='word_1_532' title='bbox 1372 5007 1723 5079; x_wconf 77' lang='lat' dir='ltr'><strong>intelligerent</strong></span> <span class='ocrx_word' id='word_1_533' title='bbox 1770 5009 2013 5081; x_wconf 84' lang='lat' dir='ltr'><strong>Scriptu-</strong></span> 
     </span>
    </p>
   </div>
   <div class='ocr_carea' id='block_1_82' title="bbox 437 5097 2010 5172">
    <p class='ocr_par' dir='ltr' id='par_1_82' title="bbox 437 5097 2010 5172">
     <span class='ocr_line' id='line_1_82' title="bbox 437 5097 2010 5172; baseline 0.005 -21"><span class='ocrx_word' id='word_1_534' title='bbox 437 5115 525 5153; x_wconf 90' lang='lat' dir='ltr'><strong>ras</strong></span> <span class='ocrx_word' id='word_1_535' title='bbox 550 5098 618 5165; x_wconf 82' lang='lat'><strong>“,</strong></span> <span class='ocrx_word' id='word_1_536' title='bbox 643 5098 879 5153; x_wconf 82' lang='lat' dir='ltr'><strong>maxime</strong></span> <span class='ocrx_word' id='word_1_537' title='bbox 903 5112 1034 5152; x_wconf 91' lang='lat' dir='ltr'><strong>vero</strong></span> <span class='ocrx_word' id='word_1_538' title='bbox 1058 5097 1182 5154; x_wconf 92' lang='lat' dir='ltr'><strong>illos</strong></span> <span class='ocrx_word' id='word_1_539' title='bbox 1207 5097 1453 5169; x_wconf 89' lang='lat' dir='ltr'><strong>ejusdem</strong></span> <span class='ocrx_word' id='word_1_540' title='bbox 1486 5098 1782 5172; x_wconf 58' lang='lat' dir='ltr'><strong>Scriptura:</strong></span> <span class='ocrx_word' id='word_1_541' title='bbox 1835 5103 2010 5172; x_wconf 90' lang='lat' dir='ltr'><strong>locos,</strong></span> 
     </span>
    </p>
   </div>
   <div class='ocr_carea' id='block_1_83' title="bbox 436 5189 2012 5263">
    <p class='ocr_par' dir='ltr' id='par_1_83' title="bbox 436 5189 2012 5263">
     <span class='ocr_line' id='line_1_83' title="bbox 436 5189 2012 5263; baseline 0.005 -19"><span class='ocrx_word' id='word_1_542' title='bbox 436 5191 529 5259; x_wconf 91' lang='lat' dir='ltr'><strong>qui</strong></span> <span class='ocrx_word' id='word_1_543' title='bbox 562 5189 853 5244; x_wconf 90' lang='lat' dir='ltr'><strong>adventum</strong></span> <span class='ocrx_word' id='word_1_544' title='bbox 879 5190 1022 5260; x_wconf 85' lang='lat' dir='ltr'><strong>ejus,</strong></span> <span class='ocrx_word' id='word_1_545' title='bbox 1062 5196 1317 5256; x_wconf 86' lang='lat' dir='ltr'><strong>mortem,</strong></span> <span class='ocrx_word' id='word_1_546' title='bbox 1342 5202 1648 5263; x_wconf 69' lang='lat' dir='ltr'><strong>caeteraque</strong></span> <span class='ocrx_word' id='word_1_547' title='bbox 1676 5194 1849 5263; x_wconf 83' lang='lat' dir='ltr'><strong>ipsius</strong></span> <span class='ocrx_word' id='word_1_548' title='bbox 1872 5194 2012 5252; x_wconf 87' lang='lat' dir='ltr'><strong>facta</strong></span> 
     </span>
    </p>
   </div>
   <div class='ocr_carea' id='block_1_84' title="bbox 435 5278 2010 5355">
    <p class='ocr_par' dir='ltr' id='par_1_84' title="bbox 435 5278 2010 5355">
     <span class='ocr_line' id='line_1_84' title="bbox 435 5278 2010 5355; baseline 0.006 -21"><span class='ocrx_word' id='word_1_549' title='bbox 435 5278 896 5351; x_wconf 69' lang='lat' dir='ltr'><strong>prenuntiabant.</strong></span> <span class='ocrx_word' id='word_1_550' title='bbox 926 5280 1094 5351; x_wconf 79' lang='lat' dir='ltr'><strong>Atqui</strong></span> <span class='ocrx_word' id='word_1_551' title='bbox 1143 5283 1375 5352; x_wconf 90' lang='lat' dir='ltr'><strong>apostoli</strong></span> <span class='ocrx_word' id='word_1_552' title='bbox 1404 5292 1461 5339; x_wconf 90' lang='lat' dir='ltr'><strong>et</strong></span> <span class='ocrx_word' id='word_1_553' title='bbox 1493 5284 1754 5355; x_wconf 89' lang='lat' dir='ltr'><strong>discipuli</strong></span> <span class='ocrx_word' id='word_1_554' title='bbox 1799 5285 2010 5343; x_wconf 92' lang='lat' dir='ltr'><strong>Christi</strong></span> 
     </span>
    </p>
   </div>
   <div class='ocr_carea' id='block_1_85' title="bbox 434 5370 2010 5450">
    <p class='ocr_par' dir='ltr' id='par_1_85' title="bbox 434 5370 2010 5450">
     <span class='ocr_line' id='line_1_85' title="bbox 434 5370 2010 5450; baseline 0.007 -26"><span class='ocrx_word' id='word_1_555' title='bbox 434 5371 657 5427; x_wconf 85' lang='lat' dir='ltr'><strong>eosdem</strong></span> <span class='ocrx_word' id='word_1_556' title='bbox 686 5370 983 5442; x_wconf 79' lang='lat' dir='ltr'><strong>Scripturae</strong></span> <span class='ocrx_word' id='word_1_557' title='bbox 1008 5387 1226 5439; x_wconf 90' lang='lat' dir='ltr'><strong>sensus,</strong></span> <span class='ocrx_word' id='word_1_558' title='bbox 1253 5389 1392 5449; x_wconf 81' lang='lat' dir='ltr'><strong>quos</strong></span> <span class='ocrx_word' id='word_1_559' title='bbox 1418 5392 1448 5430; x_wconf 94' lang='lat' dir='ltr'><strong>a</strong></span> <span class='ocrx_word' id='word_1_560' title='bbox 1466 5376 1653 5433; x_wconf 89' lang='lat' dir='ltr'><strong>divino</strong></span> <span class='ocrx_word' id='word_1_561' title='bbox 1676 5389 2010 5450; x_wconf 77' lang='lat' dir='ltr'><strong>praeceptore</strong></span> 
     </span>
    </p>
   </div>
   <div class='ocr_carea' id='block_1_86' title="bbox 436 5466 2010 5538">
    <p class='ocr_par' dir='ltr' id='par_1_86' title="bbox 436 5466 2010 5538">
     <span class='ocr_line' id='line_1_86' title="bbox 436 5466 2010 5538; baseline 0.007 -20"><span class='ocrx_word' id='word_1_562' title='bbox 436 5479 539 5520; x_wconf 92' lang='lat' dir='ltr'><strong>suo</strong></span> <span class='ocrx_word' id='word_1_563' title='bbox 562 5474 907 5534; x_wconf 85' lang='lat' dir='ltr'><strong>acceperant,</strong></span> <span class='ocrx_word' id='word_1_564' title='bbox 941 5466 1057 5520; x_wconf 89' lang='lat' dir='ltr'><strong>suis</strong></span> <span class='ocrx_word' id='word_1_565' title='bbox 1096 5482 1317 5537; x_wconf 89' lang='lat' dir='ltr'><strong>quoque</strong></span> <span class='ocrx_word' id='word_1_566' title='bbox 1359 5468 1667 5538; x_wconf 89' lang='lat' dir='ltr'><strong>discipulis,</strong></span> <span class='ocrx_word' id='word_1_567' title='bbox 1710 5471 1766 5526; x_wconf 88' lang='lat' dir='ltr'><strong>id</strong></span> <span class='ocrx_word' id='word_1_568' title='bbox 1797 5485 1881 5528; x_wconf 92' lang='lat' dir='ltr'><strong>est</strong></span> <span class='ocrx_word' id='word_1_569' title='bbox 1909 5488 2010 5528; x_wconf 89' lang='lat' dir='ltr'><strong>au-</strong></span> 
     </span>
    </p>
   </div>
   <div class='ocr_carea' id='block_1_87' title="bbox 437 5556 2010 5639">
    <p class='ocr_par' dir='ltr' id='par_1_87' title="bbox 437 5556 2010 5639">
     <span class='ocr_line' id='line_1_87' title="bbox 437 5556 2010 5639; baseline 0.008 -28"><span class='ocrx_word' id='word_1_570' title='bbox 437 5556 572 5611; x_wconf 88' lang='lat' dir='ltr'><strong>ctori</strong></span> <span class='ocrx_word' id='word_1_571' title='bbox 596 5566 807 5624; x_wconf 90' lang='lat' dir='ltr'><strong>nostro,</strong></span> <span class='ocrx_word' id='word_1_572' title='bbox 838 5557 1070 5628; x_wconf 89' lang='lat' dir='ltr'><strong>aliisque</strong></span> <span class='ocrx_word' id='word_1_573' title='bbox 1099 5559 1343 5629; x_wconf 89' lang='lat' dir='ltr'><strong>ejusdem</strong></span> <span class='ocrx_word' id='word_1_574' title='bbox 1369 5563 1469 5618; x_wconf 64' lang='lat' dir='ltr'><strong>aevi</strong></span> <span class='ocrx_word' id='word_1_575' title='bbox 1491 5564 1851 5634; x_wconf 91' lang='lat' dir='ltr'><strong>scriptoribus</strong></span> <span class='ocrx_word' id='word_1_576' title='bbox 1881 5582 2010 5639; x_wconf 88' lang='lat' dir='ltr'><strong>ape-</strong></span> 
     </span>
    </p>
   </div>
   <div class='ocr_carea' id='block_1_88' title="bbox 2125 3165 3715 3236">
    <p class='ocr_par' dir='ltr' id='par_1_88' title="bbox 2125 3165 3715 3236">
     <span class='ocr_line' id='line_1_88' title="bbox 2125 3165 3715 3236; baseline 0 -17"><span class='ocrx_word' id='word_1_577' title='bbox 2125 3182 2221 3236; x_wconf 85' lang='lat' dir='ltr'><strong>pro</strong></span> <span class='ocrx_word' id='word_1_578' title='bbox 2276 3165 2459 3219; x_wconf 84' lang='lat' dir='ltr'><strong>anima</strong></span> <span class='ocrx_word' id='word_1_579' title='bbox 2530 3172 2749 3228; x_wconf 85' lang='lat' dir='ltr'><strong>nostra,</strong></span> <span class='ocrx_word' id='word_1_580' title='bbox 2800 3178 2920 3217; x_wconf 84' lang='lat' dir='ltr'><strong>cum</strong></span> <span class='ocrx_word' id='word_1_581' title='bbox 2965 3166 3037 3218; x_wconf 80' lang='lat' dir='ltr'><strong>sit</strong></span> <span class='ocrx_word' id='word_1_582' title='bbox 3090 3165 3232 3218; x_wconf 80' lang='lat' dir='ltr'><strong>orbis</strong></span> <span class='ocrx_word' id='word_1_583' title='bbox 3286 3172 3556 3218; x_wconf 84' lang='lat' dir='ltr'><strong>terrarum</strong></span> <span class='ocrx_word' id='word_1_584' title='bbox 3598 3165 3715 3219; x_wconf 76' lang='lat' dir='ltr'><strong>Do-</strong></span> 
     </span>
    </p>
   </div>
   <div class='ocr_carea' id='block_1_89' title="bbox 2124 3256 3716 3325">
    <p class='ocr_par' dir='ltr' id='par_1_89' title="bbox 2124 3256 3716 3325">
     <span class='ocr_line' id='line_1_89' title="bbox 2124 3256 3716 3325; baseline -0.001 -12"><span class='ocrx_word' id='word_1_585' title='bbox 2124 3261 2319 3325; x_wconf 88' lang='lat' dir='ltr'><strong>minus,</strong></span> <span class='ocrx_word' id='word_1_586' title='bbox 2345 3256 2431 3311; x_wconf 84' lang='lat' dir='ltr'><strong>cui</strong></span> <span class='ocrx_word' id='word_1_587' title='bbox 2469 3257 2610 3311; x_wconf 73' lang='lat' dir='ltr'><strong>dixit</strong></span> <span class='ocrx_word' id='word_1_588' title='bbox 2632 3256 2718 3311; x_wconf 86' lang='lat' dir='ltr'><strong>die</strong></span> <span class='ocrx_word' id='word_1_589' title='bbox 2737 3264 2858 3310; x_wconf 83' lang='lat' dir='ltr'><strong>ante</strong></span> <span class='ocrx_word' id='word_1_590' title='bbox 2881 3256 3312 3310; x_wconf 80' lang='lat' dir='ltr'><strong>constitutionem</strong></span> <span class='ocrx_word' id='word_1_591' title='bbox 3334 3259 3521 3311; x_wconf 68' lang='lat' dir='ltr'><strong>saeculi</strong></span> <span class='ocrx_word' id='word_1_592' title='bbox 3534 3276 3585 3313; x_wconf 71' lang='grc' dir='ltr'><strong>ει</strong></span> <span class='ocrx_word' id='word_1_593' title='bbox 3600 3258 3716 3311; x_wconf 78' lang='lat' dir='ltr'><strong>Fa-</strong></span> 
     </span>
    </p>
   </div>
   <div class='ocr_carea' id='block_1_90' title="bbox 2124 3347 3717 3418">
    <p class='ocr_par' dir='ltr' id='par_1_90' title="bbox 2124 3347 3717 3418">
     <span class='ocr_line' id='line_1_90' title="bbox 2124 3347 3717 3418; baseline -0.001 -12"><span class='ocrx_word' id='word_1_594' title='bbox 2124 3352 2328 3406; x_wconf 83' lang='lat' dir='ltr'><strong>ciamus</strong></span> <span class='ocrx_word' id='word_1_595' title='bbox 2376 3350 2639 3403; x_wconf 85' lang='lat' dir='ltr'><strong>hominem</strong></span> <span class='ocrx_word' id='word_1_596' title='bbox 2662 3348 2731 3402; x_wconf 88' lang='lat' dir='ltr'><strong>ad</strong></span> <span class='ocrx_word' id='word_1_597' title='bbox 2761 3347 3046 3418; x_wconf 86' lang='lat' dir='ltr'><strong>imaginem</strong></span> <span class='ocrx_word' id='word_1_598' title='bbox 3082 3355 3133 3401; x_wconf 88' lang='lat' dir='ltr'><strong>et</strong></span> <span class='ocrx_word' id='word_1_599' title='bbox 3164 3347 3577 3403; x_wconf 78' lang='lat' dir='ltr'><strong>similitudinem</strong></span> <span class='ocrx_word' id='word_1_600' title='bbox 3612 3365 3717 3404; x_wconf 70' lang='lat' dir='ltr'><strong>no-</strong></span> 
     </span>
    </p>
   </div>
   <div class='ocr_carea' id='block_1_91' title="bbox 2122 3452 2348 3498">
    <p class='ocr_par' dir='ltr' id='par_1_91' title="bbox 2122 3452 2348 3498">
     <span class='ocr_line' id='line_1_91' title="bbox 2122 3452 2348 3498; baseline -0.018 0"><span class='ocrx_word' id='word_1_601' title='bbox 2122 3452 2312 3498; x_wconf 88' lang='lat' dir='ltr'><strong>stram.</strong></span> <span class='ocrx_word' id='word_1_602' title='bbox 2330 3460 2348 3494; x_wconf 77' lang='grc' dir='ltr'><strong>Ι</strong></span> 
     </span>
    </p>
   </div>
   <div class='ocr_carea' id='block_1_92' title="bbox 2194 3531 3715 3604">
    <p class='ocr_par' dir='ltr' id='par_1_92' title="bbox 2194 3531 3715 3604">
     <span class='ocr_line' id='line_1_92' title="bbox 2194 3531 3715 3604; baseline -0.003 -14"><span class='ocrx_word' id='word_1_603' title='bbox 2194 3534 2335 3601; x_wconf 87' lang='lat' dir='ltr'><strong>Quid</strong></span> <span class='ocrx_word' id='word_1_604' title='bbox 2364 3548 2495 3590; x_wconf 88' lang='lat' dir='ltr'><strong>vero</strong></span> <span class='ocrx_word' id='word_1_605' title='bbox 2534 3533 2679 3604; x_wconf 90' lang='lat' dir='ltr'><strong>quod</strong></span> <span class='ocrx_word' id='word_1_606' title='bbox 2713 3533 2855 3588; x_wconf 88' lang='lat' dir='ltr'><strong>idem</strong></span> <span class='ocrx_word' id='word_1_607' title='bbox 2907 3539 3105 3586; x_wconf 89' lang='lat' dir='ltr'><strong>auctor</strong></span> <span class='ocrx_word' id='word_1_608' title='bbox 3146 3541 3337 3586; x_wconf 89' lang='lat' dir='ltr'><strong>noster</strong></span> <span class='ocrx_word' id='word_1_609' title='bbox 3378 3547 3490 3586; x_wconf 90' lang='lat' dir='ltr'><strong>non</strong></span> <span class='ocrx_word' id='word_1_610' title='bbox 3540 3531 3715 3587; x_wconf 83' lang='lat' dir='ltr'><strong>modo</strong></span> 
     </span>
    </p>
   </div>
   <div class='ocr_carea' id='block_1_93' title="bbox 2121 3624 3710 3697">
    <p class='ocr_par' dir='ltr' id='par_1_93' title="bbox 2121 3624 3710 3697">
     <span class='ocr_line' id='line_1_93' title="bbox 2121 3624 3710 3697; baseline -0.006 -11"><span class='ocrx_word' id='word_1_611' title='bbox 2121 3629 2290 3686; x_wconf 87' lang='lat' dir='ltr'><strong>solem</strong></span> <span class='ocrx_word' id='word_1_612' title='bbox 2317 3640 2445 3697; x_wconf 84' lang='lat' dir='ltr'><strong>opus</strong></span> <span class='ocrx_word' id='word_1_613' title='bbox 2475 3639 2730 3680; x_wconf 85' lang='lat' dir='ltr'><strong>manuum</strong></span> <span class='ocrx_word' id='word_1_614' title='bbox 2768 3626 2904 3696; x_wconf 89' lang='lat' dir='ltr'><strong>ejus,</strong></span> <span class='ocrx_word' id='word_1_615' title='bbox 2939 3627 3149 3681; x_wconf 88' lang='lat' dir='ltr'><strong>scilicet</strong></span> <span class='ocrx_word' id='word_1_616' title='bbox 3175 3624 3411 3683; x_wconf 87' lang='lat' dir='ltr'><strong>Christi.</strong></span> <span class='ocrx_word' id='word_1_617' title='bbox 3457 3624 3665 3678; x_wconf 87' lang='lat' dir='ltr'><strong>asserit</strong></span> <span class='ocrx_word' id='word_1_618' title='bbox 3694 3640 3710 3677; x_wconf 93' lang='lat'><strong>:</strong></span> 
     </span>
    </p>
   </div>
   <div class='ocr_carea' id='block_1_94' title="bbox 2122 3715 3715 3792">
    <p class='ocr_par' dir='ltr' id='par_1_94' title="bbox 2122 3715 3715 3792">
     <span class='ocr_line' id='line_1_94' title="bbox 2122 3715 3715 3792; baseline -0.007 -13"><span class='ocrx_word' id='word_1_619' title='bbox 2122 3722 2214 3779; x_wconf 87' lang='lat' dir='ltr'><strong>sed</strong></span> <span class='ocrx_word' id='word_1_620' title='bbox 2244 3722 2296 3776; x_wconf 91' lang='lat' dir='ltr'><strong>in</strong></span> <span class='ocrx_word' id='word_1_621' title='bbox 2329 3721 2451 3792; x_wconf 91' lang='lat' dir='ltr'><strong>ipso</strong></span> <span class='ocrx_word' id='word_1_622' title='bbox 2473 3728 2528 3775; x_wconf 91' lang='lat' dir='ltr'><strong>et</strong></span> <span class='ocrx_word' id='word_1_623' title='bbox 2549 3726 2771 3790; x_wconf 86' lang='lat' dir='ltr'><strong>propter</strong></span> <span class='ocrx_word' id='word_1_624' title='bbox 2792 3720 2971 3789; x_wconf 90' lang='lat' dir='ltr'><strong>ipsum</strong></span> <span class='ocrx_word' id='word_1_625' title='bbox 2989 3734 3111 3774; x_wconf 91' lang='lat' dir='ltr'><strong>esse</strong></span> <span class='ocrx_word' id='word_1_626' title='bbox 3135 3717 3318 3773; x_wconf 89' lang='lat' dir='ltr'><strong>omnia</strong></span> <span class='ocrx_word' id='word_1_627' title='bbox 3351 3715 3560 3770; x_wconf 88' lang='lat' dir='ltr'><strong>diserte</strong></span> <span class='ocrx_word' id='word_1_628' title='bbox 3579 3730 3715 3784; x_wconf 84' lang='lat' dir='ltr'><strong>pro-</strong></span> 
     </span>
    </p>
   </div>
   <div class='ocr_carea' id='block_1_95' title="bbox 2120 3805 3709 3878">
    <p class='ocr_par' dir='ltr' id='par_1_95' title="bbox 2120 3805 3709 3878">
     <span class='ocr_line' id='line_1_95' title="bbox 2120 3805 3709 3878; baseline -0.005 -11"><span class='ocrx_word' id='word_1_629' title='bbox 2120 3811 2376 3867; x_wconf 88' lang='lat' dir='ltr'><strong>nuntiat:</strong></span> <span class='ocrx_word' id='word_1_630' title='bbox 2411 3807 2589 3864; x_wconf 85' lang='lat' dir='ltr'><strong>Habes</strong></span> <span class='ocrx_word' id='word_1_631' title='bbox 2621 3811 2804 3873; x_wconf 84' lang='lat' dir='ltr'><strong>etiam,</strong></span> <span class='ocrx_word' id='word_1_632' title='bbox 2853 3807 3052 3878; x_wconf 88' lang='lat' dir='ltr'><strong>inquit,</strong></span> <span class='ocrx_word' id='word_1_633' title='bbox 3093 3808 3149 3861; x_wconf 85' lang='lat' dir='ltr'><strong>in</strong></span> <span class='ocrx_word' id='word_1_634' title='bbox 3175 3808 3271 3861; x_wconf 86' lang='lat' dir='ltr'><strong>hoc</strong></span> <span class='ocrx_word' id='word_1_635' title='bbox 3289 3805 3517 3877; x_wconf 82' lang='lat' dir='ltr'><strong>gloriam</strong></span> <span class='ocrx_word' id='word_1_636' title='bbox 3546 3805 3709 3873; x_wconf 68' lang='lat' dir='ltr'><strong>Iesu,</strong></span> 
     </span>
    </p>
   </div>
   <div class='ocr_carea' id='block_1_96' title="bbox 2121 3899 3238 3975">
    <p class='ocr_par' dir='ltr' id='par_1_96' title="bbox 2121 3899 3238 3975">
     <span class='ocr_line' id='line_1_96' title="bbox 2121 3899 3238 3975; baseline -0.004 -17"><span class='ocrx_word' id='word_1_637' title='bbox 2121 3903 2259 3975; x_wconf 78' lang='lat' dir='ltr'><strong>quod</strong></span> <span class='ocrx_word' id='word_1_638' title='bbox 2296 3904 2351 3957; x_wconf 86' lang='lat' dir='ltr'><strong>in</strong></span> <span class='ocrx_word' id='word_1_639' title='bbox 2378 3903 2492 3972; x_wconf 87' lang='lat' dir='ltr'><strong>ipso</strong></span> <span class='ocrx_word' id='word_1_640' title='bbox 2523 3912 2646 3956; x_wconf 85' lang='lat' dir='ltr'><strong>sunt</strong></span> <span class='ocrx_word' id='word_1_641' title='bbox 2669 3901 2871 3967; x_wconf 80' lang='lat' dir='ltr'><strong>omnia,</strong></span> <span class='ocrx_word' id='word_1_642' title='bbox 2894 3908 2942 3953; x_wconf 86' lang='lat' dir='ltr'><strong>et</strong></span> <span class='ocrx_word' id='word_1_643' title='bbox 2965 3901 3019 3953; x_wconf 86' lang='lat' dir='ltr'><strong>in</strong></span> <span class='ocrx_word' id='word_1_644' title='bbox 3041 3899 3238 3969; x_wconf 85' lang='lat' dir='ltr'><strong>ipsum.</strong></span> 
     </span>
    </p>
   </div>
   <div class='ocr_carea' id='block_1_97' title="bbox 2193 3988 3712 4065">
    <p class='ocr_par' dir='ltr' id='par_1_97' title="bbox 2193 3988 3712 4065">
     <span class='ocr_line' id='line_1_97' title="bbox 2193 3988 3712 4065; baseline -0.003 -16"><span class='ocrx_word' id='word_1_645' title='bbox 2193 3996 2439 4065; x_wconf 90' lang='lat' dir='ltr'><strong>Denique</strong></span> <span class='ocrx_word' id='word_1_646' title='bbox 2464 4008 2533 4049; x_wconf 91' lang='lat' dir='ltr'><strong>ne</strong></span> <span class='ocrx_word' id='word_1_647' title='bbox 2563 3993 2720 4063; x_wconf 86' lang='lat' dir='ltr'><strong>plura</strong></span> <span class='ocrx_word' id='word_1_648' title='bbox 2772 3992 2878 4047; x_wconf 89' lang='lat' dir='ltr'><strong>alia</strong></span> <span class='ocrx_word' id='word_1_649' title='bbox 2918 3991 3123 4061; x_wconf 88' lang='lat' dir='ltr'><strong>passim</strong></span> <span class='ocrx_word' id='word_1_650' title='bbox 3157 3991 3214 4045; x_wconf 91' lang='lat' dir='ltr'><strong>in</strong></span> <span class='ocrx_word' id='word_1_651' title='bbox 3243 3990 3413 4046; x_wconf 83' lang='lat' dir='ltr'><strong>haece</strong></span> <span class='ocrx_word' id='word_1_652' title='bbox 3453 3988 3712 4060; x_wconf 81' lang='lat' dir='ltr'><strong>Epistola</strong></span> 
     </span>
    </p>
   </div>
   <div class='ocr_carea' id='block_1_98' title="bbox 2120 4083 3713 4154">
    <p class='ocr_par' dir='ltr' id='par_1_98' title="bbox 2120 4083 3713 4154">
     <span class='ocr_line' id='line_1_98' title="bbox 2120 4083 3713 4154; baseline -0.004 -10"><span class='ocrx_word' id='word_1_653' title='bbox 2120 4087 2287 4144; x_wconf 90' lang='lat' dir='ltr'><strong>simili</strong></span> <span class='ocrx_word' id='word_1_654' title='bbox 2319 4085 2483 4142; x_wconf 91' lang='lat' dir='ltr'><strong>modo</strong></span> <span class='ocrx_word' id='word_1_655' title='bbox 2515 4085 2719 4142; x_wconf 88' lang='lat' dir='ltr'><strong>dictata</strong></span> <span class='ocrx_word' id='word_1_656' title='bbox 2762 4096 3148 4154; x_wconf 90' lang='lat' dir='ltr'><strong>congeramus,</strong></span> <span class='ocrx_word' id='word_1_657' title='bbox 3194 4084 3248 4138; x_wconf 93' lang='lat' dir='ltr'><strong>id</strong></span> <span class='ocrx_word' id='word_1_658' title='bbox 3276 4091 3491 4137; x_wconf 87' lang='lat' dir='ltr'><strong>tantum</strong></span> <span class='ocrx_word' id='word_1_659' title='bbox 3545 4083 3713 4154; x_wconf 86' lang='lat' dir='ltr'><strong>juvat</strong></span> 
     </span>
    </p>
   </div>
   <div class='ocr_carea' id='block_1_99' title="bbox 2118 4174 3712 4250">
    <p class='ocr_par' dir='ltr' id='par_1_99' title="bbox 2118 4174 3712 4250">
     <span class='ocr_line' id='line_1_99' title="bbox 2118 4174 3712 4250; baseline -0.003 -16"><span class='ocrx_word' id='word_1_660' title='bbox 2118 4178 2476 4250; x_wconf 87' lang='lat' dir='ltr'><strong>subjungere,</strong></span> <span class='ocrx_word' id='word_1_661' title='bbox 2505 4192 2615 4248; x_wconf 92' lang='lat' dir='ltr'><strong>quo</strong></span> <span class='ocrx_word' id='word_1_662' title='bbox 2639 4177 2895 4232; x_wconf 88' lang='lat' dir='ltr'><strong>Christus</strong></span> <span class='ocrx_word' id='word_1_663' title='bbox 2938 4175 2994 4229; x_wconf 92' lang='lat' dir='ltr'><strong>in</strong></span> <span class='ocrx_word' id='word_1_664' title='bbox 3022 4174 3283 4231; x_wconf 85' lang='lat' dir='ltr'><strong>cordibus</strong></span> <span class='ocrx_word' id='word_1_665' title='bbox 3312 4174 3545 4241; x_wconf 82' lang='lat' dir='ltr'><strong>nostris,</strong></span> <span class='ocrx_word' id='word_1_666' title='bbox 3581 4184 3712 4230; x_wconf 84' lang='lat' dir='ltr'><strong>tan-</strong></span> 
     </span>
    </p>
   </div>
   <div class='ocr_carea' id='block_1_100' title="bbox 2117 4266 3708 4343">
    <p class='ocr_par' dir='ltr' id='par_1_100' title="bbox 2117 4266 3708 4343">
     <span class='ocr_line' id='line_1_100' title="bbox 2117 4266 3708 4343; baseline -0.004 -16"><span class='ocrx_word' id='word_1_667' title='bbox 2117 4287 2285 4343; x_wconf 85' lang='lat' dir='ltr'><strong>quam</strong></span> <span class='ocrx_word' id='word_1_668' title='bbox 2327 4271 2383 4326; x_wconf 89' lang='lat' dir='ltr'><strong>in</strong></span> <span class='ocrx_word' id='word_1_669' title='bbox 2413 4269 2632 4340; x_wconf 90' lang='lat' dir='ltr'><strong>templis</strong></span> <span class='ocrx_word' id='word_1_670' title='bbox 2654 4266 2767 4325; x_wconf 88' lang='lat' dir='ltr'><strong>Deo</strong></span> <span class='ocrx_word' id='word_1_671' title='bbox 2794 4267 3133 4323; x_wconf 89' lang='lat' dir='ltr'><strong>consecratis</strong></span> <span class='ocrx_word' id='word_1_672' title='bbox 3164 4267 3409 4322; x_wconf 88' lang='lat' dir='ltr'><strong>habitare</strong></span> <span class='ocrx_word' id='word_1_673' title='bbox 3444 4266 3661 4322; x_wconf 84' lang='lat' dir='ltr'><strong>dicitur</strong></span> <span class='ocrx_word' id='word_1_674' title='bbox 3694 4287 3708 4321; x_wconf 95' lang='lat'><strong>:</strong></span> 
     </span>
    </p>
   </div>
   <div class='ocr_carea' id='block_1_101' title="bbox 2120 4358 3711 4433">
    <p class='ocr_par' dir='ltr' id='par_1_101' title="bbox 2120 4358 3711 4433">
     <span class='ocr_line' id='line_1_101' title="bbox 2120 4358 3711 4433; baseline -0.003 -15"><span class='ocrx_word' id='word_1_675' title='bbox 2120 4363 2262 4430; x_wconf 83' lang='lat' dir='ltr'><strong>Quia</strong></span> <span class='ocrx_word' id='word_1_676' title='bbox 2286 4364 2558 4433; x_wconf 84' lang='lat' dir='ltr'><strong>oportebat</strong></span> <span class='ocrx_word' id='word_1_677' title='bbox 2587 4378 2707 4417; x_wconf 88' lang='lat' dir='ltr'><strong>eum</strong></span> <span class='ocrx_word' id='word_1_678' title='bbox 2737 4360 2792 4415; x_wconf 87' lang='lat' dir='ltr'><strong>in</strong></span> <span class='ocrx_word' id='word_1_679' title='bbox 2824 4370 2983 4415; x_wconf 72' lang='lat' dir='ltr'><strong>carne</strong></span> <span class='ocrx_word' id='word_1_680' title='bbox 3013 4372 3288 4430; x_wconf 85' lang='lat' dir='ltr'><strong>apparere,</strong></span> <span class='ocrx_word' id='word_1_681' title='bbox 3304 4366 3355 4413; x_wconf 88' lang='lat' dir='ltr'><strong>et</strong></span> <span class='ocrx_word' id='word_1_682' title='bbox 3376 4358 3629 4415; x_wconf 78' lang='lat' dir='ltr'><strong>habitare</strong></span> <span class='ocrx_word' id='word_1_683' title='bbox 3650 4363 3711 4414; x_wconf 79' lang='lat' dir='ltr'><strong>in</strong></span> 
     </span>
    </p>
   </div>
   <div class='ocr_carea' id='block_1_102' title="bbox 2118 4450 3709 4524">
    <p class='ocr_par' dir='ltr' id='par_1_102' title="bbox 2118 4450 3709 4524">
     <span class='ocr_line' id='line_1_102' title="bbox 2118 4450 3709 4524; baseline -0.003 -12"><span class='ocrx_word' id='word_1_684' title='bbox 2118 4456 2309 4522; x_wconf 85' lang='lat' dir='ltr'><strong>nobis;</strong></span> <span class='ocrx_word' id='word_1_685' title='bbox 2342 4455 2593 4524; x_wconf 88' lang='lat' dir='ltr'><strong>templum</strong></span> <span class='ocrx_word' id='word_1_686' title='bbox 2626 4455 2766 4508; x_wconf 83' lang='lat' dir='ltr'><strong>enim</strong></span> <span class='ocrx_word' id='word_1_687' title='bbox 2786 4462 3053 4519; x_wconf 85' lang='lat' dir='ltr'><strong>sanctum,</strong></span> <span class='ocrx_word' id='word_1_688' title='bbox 3084 4452 3279 4521; x_wconf 81' lang='lat' dir='ltr'><strong>fratres</strong></span> <span class='ocrx_word' id='word_1_689' title='bbox 3312 4452 3437 4518; x_wconf 86' lang='lat' dir='ltr'><strong>mei,</strong></span> <span class='ocrx_word' id='word_1_690' title='bbox 3467 4450 3709 4507; x_wconf 78' lang='lat' dir='ltr'><strong>Domino</strong></span> 
     </span>
    </p>
   </div>
   <div class='ocr_carea' id='block_1_103' title="bbox 2117 4547 2901 4606">
    <p class='ocr_par' dir='ltr' id='par_1_103' title="bbox 2117 4547 2901 4606">
     <span class='ocr_line' id='line_1_103' title="bbox 2117 4547 2901 4606; baseline -0.008 -1"><span class='ocrx_word' id='word_1_691' title='bbox 2117 4560 2196 4606; x_wconf 85' lang='lat' dir='ltr'><strong>est</strong></span> <span class='ocrx_word' id='word_1_692' title='bbox 2222 4550 2480 4605; x_wconf 81' lang='lat' dir='ltr'><strong>habitatio</strong></span> <span class='ocrx_word' id='word_1_693' title='bbox 2510 4548 2684 4602; x_wconf 90' lang='lat' dir='ltr'><strong>cordis</strong></span> <span class='ocrx_word' id='word_1_694' title='bbox 2713 4547 2901 4601; x_wconf 89' lang='lat' dir='ltr'><strong>nostri.</strong></span> 
     </span>
    </p>
   </div>
   <div class='ocr_carea' id='block_1_104' title="bbox 2190 4632 3709 4710">
    <p class='ocr_par' dir='ltr' id='par_1_104' title="bbox 2190 4632 3709 4710">
     <span class='ocr_line' id='line_1_104' title="bbox 2190 4632 3709 4710; baseline -0.003 -14"><span class='ocrx_word' id='word_1_695' title='bbox 2190 4641 2326 4710; x_wconf 86' lang='lat' dir='ltr'><strong>Quis</strong></span> <span class='ocrx_word' id='word_1_696' title='bbox 2345 4650 2555 4707; x_wconf 90' lang='lat' dir='ltr'><strong>autem,</strong></span> <span class='ocrx_word' id='word_1_697' title='bbox 2578 4639 2775 4694; x_wconf 88' lang='lat' dir='ltr'><strong>amabo</strong></span> <span class='ocrx_word' id='word_1_698' title='bbox 2803 4648 2875 4703; x_wconf 89' lang='lat' dir='ltr'><strong>te,</strong></span> <span class='ocrx_word' id='word_1_699' title='bbox 2912 4637 3016 4693; x_wconf 92' lang='lat' dir='ltr'><strong>nisi</strong></span> <span class='ocrx_word' id='word_1_700' title='bbox 3044 4635 3158 4707; x_wconf 91' lang='lat' dir='ltr'><strong>jam</strong></span> <span class='ocrx_word' id='word_1_701' title='bbox 3192 4632 3551 4705; x_wconf 68' lang='lat' dir='ltr'><strong>praeiudicata</strong></span> <span class='ocrx_word' id='word_1_702' title='bbox 3579 4635 3709 4707; x_wconf 79' lang='lat' dir='ltr'><strong>opi-</strong></span> 
     </span>
    </p>
   </div>
   <div class='ocr_carea' id='block_1_105' title="bbox 2117 4729 3708 4807">
    <p class='ocr_par' dir='ltr' id='par_1_105' title="bbox 2117 4729 3708 4807">
     <span class='ocr_line' id='line_1_105' title="bbox 2117 4729 3708 4807; baseline -0.004 -16"><span class='ocrx_word' id='word_1_703' title='bbox 2117 4737 2284 4791; x_wconf 91' lang='lat' dir='ltr'><strong>nione</strong></span> <span class='ocrx_word' id='word_1_704' title='bbox 2326 4735 2489 4807; x_wconf 89' lang='lat' dir='ltr'><strong>plane</strong></span> <span class='ocrx_word' id='word_1_705' title='bbox 2523 4734 2831 4789; x_wconf 71' lang='lat' dir='ltr'><strong>obcaecatus</strong></span> <span class='ocrx_word' id='word_1_706' title='bbox 2870 4733 3059 4795; x_wconf 90' lang='lat' dir='ltr'><strong>homo,</strong></span> <span class='ocrx_word' id='word_1_707' title='bbox 3111 4744 3313 4800; x_wconf 83' lang='lat' dir='ltr'><strong>negare</strong></span> <span class='ocrx_word' id='word_1_708' title='bbox 3343 4729 3550 4785; x_wconf 87' lang='lat' dir='ltr'><strong>audeat</strong></span> <span class='ocrx_word' id='word_1_709' title='bbox 3588 4730 3708 4785; x_wconf 60' lang='lat' dir='ltr'><strong>hac</strong></span> 
     </span>
    </p>
   </div>
   <div class='ocr_carea' id='block_1_106' title="bbox 2119 4820 3707 4892">
    <p class='ocr_par' dir='ltr' id='par_1_106' title="bbox 2119 4820 3707 4892">
     <span class='ocr_line' id='line_1_106' title="bbox 2119 4820 3707 4892; baseline -0.004 -8"><span class='ocrx_word' id='word_1_710' title='bbox 2119 4828 2305 4884; x_wconf 92' lang='lat' dir='ltr'><strong>omnia</strong></span> <span class='ocrx_word' id='word_1_711' title='bbox 2328 4828 2396 4883; x_wconf 93' lang='lat' dir='ltr'><strong>ab</strong></span> <span class='ocrx_word' id='word_1_712' title='bbox 2420 4836 2646 4883; x_wconf 81' lang='lat' dir='ltr'><strong>auctore</strong></span> <span class='ocrx_word' id='word_1_713' title='bbox 2675 4834 2866 4881; x_wconf 90' lang='lat' dir='ltr'><strong>nostro</strong></span> <span class='ocrx_word' id='word_1_714' title='bbox 2883 4837 2993 4877; x_wconf 91' lang='lat' dir='ltr'><strong>non</strong></span> <span class='ocrx_word' id='word_1_715' title='bbox 3019 4822 3087 4876; x_wconf 89' lang='lat' dir='ltr'><strong>de</strong></span> <span class='ocrx_word' id='word_1_716' title='bbox 3112 4821 3223 4876; x_wconf 90' lang='lat' dir='ltr'><strong>alio</strong></span> <span class='ocrx_word' id='word_1_717' title='bbox 3253 4820 3422 4876; x_wconf 92' lang='lat' dir='ltr'><strong>scribi</strong></span> <span class='ocrx_word' id='word_1_718' title='bbox 3455 4834 3707 4892; x_wconf 80' lang='lat' dir='ltr'><strong>unquam</strong></span> 
     </span>
    </p>
   </div>
   <div class='ocr_carea' id='block_1_107' title="bbox 2116 4913 3706 4992">
    <p class='ocr_par' dir='ltr' id='par_1_107' title="bbox 2116 4913 3706 4992">
     <span class='ocr_line' id='line_1_107' title="bbox 2116 4913 3706 4992; baseline -0.005 -16"><span class='ocrx_word' id='word_1_719' title='bbox 2116 4921 2384 4992; x_wconf 89' lang='lat' dir='ltr'><strong>potuisse,</strong></span> <span class='ocrx_word' id='word_1_720' title='bbox 2418 4920 2524 4975; x_wconf 86' lang='lat' dir='ltr'><strong>nisi</strong></span> <span class='ocrx_word' id='word_1_721' title='bbox 2558 4919 2625 4975; x_wconf 91' lang='lat' dir='ltr'><strong>de</strong></span> <span class='ocrx_word' id='word_1_722' title='bbox 2654 4932 2786 4973; x_wconf 88' lang='lat' dir='ltr'><strong>vero</strong></span> <span class='ocrx_word' id='word_1_723' title='bbox 2836 4928 3208 4988; x_wconf 90' lang='lat' dir='ltr'><strong>germanoque</strong></span> <span class='ocrx_word' id='word_1_724' title='bbox 3242 4914 3337 4970; x_wconf 87' lang='lat' dir='ltr'><strong>Dei</strong></span> <span class='ocrx_word' id='word_1_725' title='bbox 3388 4913 3558 4981; x_wconf 84' lang='lat' dir='ltr'><strong>Filio,</strong></span> <span class='ocrx_word' id='word_1_726' title='bbox 3610 4915 3706 4984; x_wconf 91' lang='lat' dir='ltr'><strong>qui</strong></span> 
     </span>
    </p>
   </div>
   <div class='ocr_carea' id='block_1_108' title="bbox 2116 5008 3707 5085">
    <p class='ocr_par' dir='ltr' id='par_1_108' title="bbox 2116 5008 3707 5085">
     <span class='ocr_line' id='line_1_108' title="bbox 2116 5008 3707 5085; baseline -0.006 -12"><span class='ocrx_word' id='word_1_727' title='bbox 2116 5015 2362 5085; x_wconf 90' lang='lat' dir='ltr'><strong>ejusdem</strong></span> <span class='ocrx_word' id='word_1_728' title='bbox 2392 5012 2617 5068; x_wconf 88' lang='lat' dir='ltr'><strong>omnino</strong></span> <span class='ocrx_word' id='word_1_729' title='bbox 2648 5027 2774 5067; x_wconf 90' lang='lat' dir='ltr'><strong>cum</strong></span> <span class='ocrx_word' id='word_1_730' title='bbox 2802 5008 2965 5065; x_wconf 88' lang='lat' dir='ltr'><strong>Patre</strong></span> <span class='ocrx_word' id='word_1_731' title='bbox 2991 5024 3092 5063; x_wconf 91' lang='lat' dir='ltr'><strong>suo</strong></span> <span class='ocrx_word' id='word_1_732' title='bbox 3139 5009 3211 5063; x_wconf 92' lang='lat' dir='ltr'><strong>sit</strong></span> <span class='ocrx_word' id='word_1_733' title='bbox 3239 5016 3451 5061; x_wconf 59' lang='lat' dir='ltr'><strong>natura;</strong></span> <span class='ocrx_word' id='word_1_734' title='bbox 3480 5016 3539 5062; x_wconf 92' lang='lat' dir='ltr'><strong>et</strong></span> <span class='ocrx_word' id='word_1_735' title='bbox 3568 5009 3707 5063; x_wconf 56' lang='lat' dir='ltr'><strong>sub-</strong></span> 
     </span>
    </p>
   </div>
   <div class='ocr_carea' id='block_1_109' title="bbox 2117 5098 3525 5177">
    <p class='ocr_par' dir='ltr' id='par_1_109' title="bbox 2117 5098 3525 5177">
     <span class='ocr_line' id='line_1_109' title="bbox 2117 5098 3525 5177; baseline -0.009 -13"><span class='ocrx_word' id='word_1_736' title='bbox 2117 5107 2353 5173; x_wconf 85' lang='lat' dir='ltr'><strong>stantiae,</strong></span> <span class='ocrx_word' id='word_1_737' title='bbox 2373 5105 2587 5177; x_wconf 90' lang='lat' dir='ltr'><strong>ipsique</strong></span> <span class='ocrx_word' id='word_1_738' title='bbox 2616 5102 2854 5175; x_wconf 87' lang='lat' dir='ltr'><strong>perfecte</strong></span> <span class='ocrx_word' id='word_1_739' title='bbox 2880 5101 3155 5171; x_wconf 85' lang='lat' dir='ltr'><strong>planeque</strong></span> <span class='ocrx_word' id='word_1_740' title='bbox 3178 5098 3525 5154; x_wconf 84' lang='lat' dir='ltr'><strong>coaeternus?</strong></span> 
     </span>
    </p>
   </div>
   <div class='ocr_carea' id='block_1_110' title="bbox 2187 5190 3707 5263">
    <p class='ocr_par' dir='ltr' id='par_1_110' title="bbox 2187 5190 3707 5263">
     <span class='ocr_line' id='line_1_110' title="bbox 2187 5190 3707 5263; baseline -0.007 -8"><span class='ocrx_word' id='word_1_741' title='bbox 2187 5196 2749 5255; x_wconf 83' lang='lat' dir='ltr'><strong>Animadvertendum</strong></span> <span class='ocrx_word' id='word_1_742' title='bbox 2793 5193 3032 5263; x_wconf 87' lang='lat' dir='ltr'><strong>denique</strong></span> <span class='ocrx_word' id='word_1_743' title='bbox 3080 5192 3224 5245; x_wconf 89' lang='lat' dir='ltr'><strong>hanc</strong></span> <span class='ocrx_word' id='word_1_744' title='bbox 3245 5190 3492 5247; x_wconf 89' lang='lat' dir='ltr'><strong>auctoris</strong></span> <span class='ocrx_word' id='word_1_745' title='bbox 3522 5191 3707 5246; x_wconf 86' lang='lat' dir='ltr'><strong>nostri</strong></span> 
     </span>
    </p>
   </div>
   <div class='ocr_carea' id='block_1_111' title="bbox 2118 5280 3704 5361">
    <p class='ocr_par' dir='ltr' id='par_1_111' title="bbox 2118 5280 3704 5361">
     <span class='ocr_line' id='line_1_111' title="bbox 2118 5280 3704 5361; baseline -0.007 -15"><span class='ocrx_word' id='word_1_746' title='bbox 2118 5290 2421 5361; x_wconf 89' lang='lat' dir='ltr'><strong>Epistolam</strong></span> <span class='ocrx_word' id='word_1_747' title='bbox 2444 5289 2511 5343; x_wconf 90' lang='lat' dir='ltr'><strong>ad</strong></span> <span class='ocrx_word' id='word_1_748' title='bbox 2524 5302 2627 5343; x_wconf 90' lang='lat' dir='ltr'><strong>nos</strong></span> <span class='ocrx_word' id='word_1_749' title='bbox 2642 5286 2906 5355; x_wconf 85' lang='lat' dir='ltr'><strong>integram</strong></span> <span class='ocrx_word' id='word_1_750' title='bbox 2923 5298 3030 5338; x_wconf 89' lang='lat' dir='ltr'><strong>non</strong></span> <span class='ocrx_word' id='word_1_751' title='bbox 3049 5282 3395 5353; x_wconf 89' lang='lat' dir='ltr'><strong>pervenisse:</strong></span> <span class='ocrx_word' id='word_1_752' title='bbox 3423 5280 3704 5350; x_wconf 89' lang='lat' dir='ltr'><strong>siquidem</strong></span> 
     </span>
    </p>
   </div>
   <div class='ocr_carea' id='block_1_112' title="bbox 2119 5368 3703 5445">
    <p class='ocr_par' dir='ltr' id='par_1_112' title="bbox 2119 5368 3703 5445">
     <span class='ocr_line' id='line_1_112' title="bbox 2119 5368 3703 5445; baseline -0.011 -8"><span class='ocrx_word' id='word_1_753' title='bbox 2119 5381 2289 5437; x_wconf 60' lang='lat' dir='ltr'><strong>Graeci</strong></span> <span class='ocrx_word' id='word_1_754' title='bbox 2309 5380 2528 5436; x_wconf 90' lang='lat' dir='ltr'><strong>codices</strong></span> <span class='ocrx_word' id='word_1_755' title='bbox 2545 5373 2909 5445; x_wconf 86' lang='lat' dir='ltr'><strong>manuscripti</strong></span> <span class='ocrx_word' id='word_1_756' title='bbox 2935 5371 3091 5428; x_wconf 90' lang='lat' dir='ltr'><strong>titulo</strong></span> <span class='ocrx_word' id='word_1_757' title='bbox 3106 5378 3162 5425; x_wconf 91' lang='lat' dir='ltr'><strong>et</strong></span> <span class='ocrx_word' id='word_1_758' title='bbox 3182 5368 3458 5439; x_wconf 87' lang='lat' dir='ltr'><strong>principio</strong></span> <span class='ocrx_word' id='word_1_759' title='bbox 3483 5377 3703 5430; x_wconf 89' lang='lat' dir='ltr'><strong>carent,</strong></span> 
     </span>
    </p>
   </div>
   <div class='ocr_carea' id='block_1_113' title="bbox 2115 5460 3705 5548">
    <p class='ocr_par' dir='ltr' id='par_1_113' title="bbox 2115 5460 3705 5548">
     <span class='ocr_line' id='line_1_113' title="bbox 2115 5460 3705 5548; baseline -0.011 -17"><span class='ocrx_word' id='word_1_760' title='bbox 2115 5475 2476 5548; x_wconf 89' lang='lat' dir='ltr'><strong>pluribusque</strong></span> <span class='ocrx_word' id='word_1_761' title='bbox 2506 5477 2721 5527; x_wconf 86' lang='lat' dir='ltr'><strong>scatent</strong></span> <span class='ocrx_word' id='word_1_762' title='bbox 2760 5466 2978 5533; x_wconf 86' lang='lat' dir='ltr'><strong>erratis,</strong></span> <span class='ocrx_word' id='word_1_763' title='bbox 3011 5476 3135 5535; x_wconf 71' lang='lat' dir='ltr'><strong>qua:</strong></span> <span class='ocrx_word' id='word_1_764' title='bbox 3156 5462 3265 5517; x_wconf 92' lang='lat' dir='ltr'><strong>nisi</strong></span> <span class='ocrx_word' id='word_1_765' title='bbox 3313 5460 3555 5515; x_wconf 88' lang='lat' dir='ltr'><strong>aliorum</strong></span> <span class='ocrx_word' id='word_1_766' title='bbox 3599 5476 3705 5530; x_wconf 91' lang='lat' dir='ltr'><strong>ope</strong></span> 
     </span>
    </p>
   </div>
   <div class='ocr_carea' id='block_1_114' title="bbox 2115 5551 3704 5630">
    <p class='ocr_par' dir='ltr' id='par_1_114' title="bbox 2115 5551 3704 5630">
     <span class='ocr_line' id='line_1_114' title="bbox 2115 5551 3704 5630; baseline -0.012 -4"><span class='ocrx_word' id='word_1_767' title='bbox 2115 5567 2367 5625; x_wconf 89' lang='lat' dir='ltr'><strong>codicum</strong></span> <span class='ocrx_word' id='word_1_768' title='bbox 2412 5562 2693 5622; x_wconf 87' lang='lat' dir='ltr'><strong>emendari</strong></span> <span class='ocrx_word' id='word_1_769' title='bbox 2744 5575 2857 5618; x_wconf 90' lang='lat' dir='ltr'><strong>non</strong></span> <span class='ocrx_word' id='word_1_770' title='bbox 2904 5563 3133 5630; x_wconf 89' lang='lat' dir='ltr'><strong>queunt.</strong></span> <span class='ocrx_word' id='word_1_771' title='bbox 3170 5553 3231 5611; x_wconf 86' lang='lat' dir='ltr'><strong>In</strong></span> <span class='ocrx_word' id='word_1_772' title='bbox 3275 5553 3468 5611; x_wconf 88' lang='lat' dir='ltr'><strong>codice</strong></span> <span class='ocrx_word' id='word_1_773' title='bbox 3497 5551 3704 5610; x_wconf 82' lang='lat' dir='ltr'><strong>Latino</strong></span> 
     </span>
    </p>
   </div>
   <div class='ocr_carea' id='block_1_115' title="bbox 505 5713 2482 5784">
    <p class='ocr_par' dir='ltr' id='par_1_115' title="bbox 505 5713 2482 5784">
     <span class='ocr_line' id='line_1_115' title="bbox 505 5713 2482 5784; baseline 0.005 -15"><span class='ocrx_word' id='word_1_774' title='bbox 505 5717 552 5749; x_wconf 74' lang='lat'><strong>”</strong></span> <span class='ocrx_word' id='word_1_775' title='bbox 580 5713 710 5771; x_wconf 91' lang='lat' dir='ltr'><strong>Luc.</strong></span> <span class='ocrx_word' id='word_1_776' title='bbox 744 5732 893 5784; x_wconf 71' lang='lat' dir='ltr'><strong>xxxv,</strong></span> <span class='ocrx_word' id='word_1_777' title='bbox 917 5716 1008 5773; x_wconf 71' lang='grc' dir='ltr'><strong>ιδ.</strong></span> <span class='ocrx_word' id='word_1_778' title='bbox 1086 5716 1131 5752; x_wconf 80' lang='grc' dir='ltr'><strong>³ο</strong></span> <span class='ocrx_word' id='word_1_779' title='bbox 1167 5716 1445 5776; x_wconf 79' lang='lat' dir='ltr'><strong>Admonit.</strong></span> <span class='ocrx_word' id='word_1_780' title='bbox 1471 5721 1527 5780; x_wconf 86' lang='lat' dir='ltr'><strong>in</strong></span> <span class='ocrx_word' id='word_1_781' title='bbox 1554 5722 1647 5779; x_wconf 87' lang='lat' dir='ltr'><strong>lib.</strong></span> <span class='ocrx_word' id='word_1_782' title='bbox 1680 5721 1738 5780; x_wconf 89' lang='lat' dir='ltr'><strong>S.</strong></span> <span class='ocrx_word' id='word_1_783' title='bbox 1769 5724 2023 5784; x_wconf 84' lang='lat' dir='ltr'><strong>Ambros.</strong></span> <span class='ocrx_word' id='word_1_784' title='bbox 2055 5724 2133 5784; x_wconf 74' lang='lat' dir='ltr'><strong>De</strong></span> <span class='ocrx_word' id='word_1_785' title='bbox 2161 5724 2281 5782; x_wconf 90' lang='lat' dir='ltr'><strong>bon.</strong></span> <span class='ocrx_word' id='word_1_786' title='bbox 2323 5734 2482 5779; x_wconf 89' lang='lat' dir='ltr'><strong>mort.</strong></span> 
     </span>
    </p>
   </div>
  </div>
