3818 6216
179 289 297 343 68%

1545 276 2079 336 PROLEGOMENA.

3359 282 3464 337 636

179 389 591 469 secunda'pars
619 396 880 469 Epistulae
909 397 1122 465 deﬁcit;
1175 398 1368 468 primae
1394 411 1527 452 vero
1552 396 1774 452 additus
1803 405 1850 461 Α
1879 398 2070 453 Grzecu
2122 396 2414 465 habemur,
2463 398 2534 454 ab
2572 398 2692 471 ipso
2716 402 3086 472 prattermissa
3133 403 3464 471 sun‘t’f-Qua-

176 500 270 545 est
299 490 447 556 finis,
471 489 632 559 quasi
667 490 801 543 nihil
831 489 1070 559 amplius
1094 488 1455 543 desideretur.
1471 485 1642 542 Vetus
1669 503 1771 541 au-

176 590 294 637 tem
328 581 602 651 interpres
634 580 864 637 Latinus
921 596 1032 635 non
1085 579 1271 634 omnia
1325 578 1569 633 auctoris
1600 578 1768 633 verba

176 673 448 741 reddidit,
506 682 563 730 et
593 675 859 729 nonnulla
907 673 1188 742 aliquibus
1230 677 1282 726 in
1333 671 1492 738 locis,
1542 687 1665 742 qua:
1708 672 1763 726 in

190 862 509 883 #-

1878 492 2097 554 prupter
2124 484 2216 539 ille
2244 486 2328 540 vel
2348 487 2400 540 in
2420 487 2677 543 mutilum
2702 491 2948 547 codicem
2981 493 3198 561 incidit,
3221 494 3309 549 vel
3340 495 3465 549 data

1874 595 2041 648 upera
2072 580 2323 649 quadam
2345 581 2553 648 omisit,
2580 584 2664 638 vel
2694 583 2930 657 denique
2956 589 3201 645 auctoris
3223 589 3310 645 sui
3348 580 3469 645 sen-

1871 685 1993 725 sum
2023 685 2130 724 non
2166 681 2451 728 assecutus
2471 681 2572 727 est.

516 860 3449 886 WW

1750 978 1920 1069 VI.

292 1150 850 1235 (GALLANDIUS,
893 1157 1020 1218 Vet.
1048 1156 1230 1218 Patr.
1264 1154 1689 1232 Bibliotheca,
1726 1162 1770 1216 t.
1803 1156 1856 1231 Ι,
1894 1156 2213 1231 Venetiis,
2248 1159 2424 1231 1765,
2461 1159 2715 1235 in-foI.-,
2751 1170 3027 1245 Proleg.-,
3070 1176 3129 1248 ρ.
3173 1172 3375 1250 xxxx.)

692 1316 924 1375 CAPUT
964 1316 1258 1375 PRIMUM.

180 1441 335 1505 Num
452 1451 729 1525 Barnabas
762 1464 951 1508 auctor
980 1456 1048 1509 sit
1080 1454 1340 1525 Epistolis
1381 1469 1499 1523 qua:
1536 1452 1632 1505 sub
1656 1452 1771 1522 ejus

255 1522 468 1594 numine
512 1523 911 1594 circumfertur.
972 1522 1213 1580 Clemens
1262 1522 1658 1579 Alexandrinus
1720 1532 1771 1576 et

258 1592 510 1664 Origenes
530 1610 647 1653 eam
672 1592 934 1650 Barnabaz
958 1607 1219 1651 asserunt.
1244 1594 1599 1664 Hieronymus
1623 1594 1768 1664 item,

256 1663 411 1737 cujus
438 1667 1133 1737 testimoniumredisseritur
1157 1677 1313 1737 atque
1332 1662 1619 1721 astruitar.
1652 1662 1767 1716 Eu-

258 1735 393 1787 sebii
424 1733 771 1791 Caesariensis
797 1736 945 1791 locus
976 1733 1256 1807 expensus.

255 1867 405 1924 Inter
437 1870 809 1929 vetustissima
871 1872 1058 1927 saeculi
1096 1888 1112 1926 ι
1151 1874 1525 1928 ecclesiastica
1574 1887 1772 1927 monu-

181 1970 394 2028 menta,
427 1962 650 2028 tertium
702 1965 883 2018 locum
938 1972 1174 2034 occupat
1218 1964 1461 2033 Epistula
1499 1980 1622 2034 quae
1670 1964 1774 2019 sub

181 2052 247 2108 S.
282 2053 549 2110 Barnabaa
571 2056 793 2111 nomine
824 2055 1229 2111 circumfertur.
1265 2056 1341 2112 De
1375 2065 1601 2111 auctore
1623 2055 1770 2110 haud

180 2161 296 2201 una
325 2154 413 2203 est
444 2147 776 2218 scriptorum
807 2156 922 2203 tum
961 2156 1210 2204 veterum
1251 2156 1366 2202 tum
1407 2146 1771 2202 recentiorum

182 2240 484 2294 sententia.

260 2329 333 2386 Ut
362 2340 545 2388 autem
574 2333 704 2390 hinc
742 2333 1098 2389 exordiamur
1120 2375 1136 2401 ,
1167 2333 1369 2389 saeculo
1411 2349 1449 2387 ιι
1492 2333 1776 2388 desinente

179 2423 442 2479 Clemens
468 2424 874 2482 Alexandrinus
902 2426 1179 2496 plerisque
1210 2426 1263 2480 in
1304 2425 1460 2491 locis,
1491 2441 1658 2496 supra
1688 2425 1776 2480 in-

182 2524 273 2571 ter
292 2525 540 2571 veterum
568 2517 884 2572 testimonia
912 2518 1124 2584 relatis,
1149 2517 1293 2571 hanc
1316 2516 1616 2585 Epistulam
1642 2531 1776 2572 eun—

181 2614 395 2662 stanter
440 2606 705 2663 Barnabas
743 2607 1010 2671 attribuit,
1034 2614 1088 2661 et
1115 2605 1335 2675 quidem
1366 2603 1625 2673 apostolo,
1655 2604 1775 2658 tc‘sti

182 2699 511 2766 apostolico,
543 2700 637 2753 uni
689 2714 753 2753 ea:
799 2715 903 2753 Lxx
949 2696 1165 2750 Domini
1204 2694 1485 2766 discipulis
1529 2704 1584 2751 et
1610 2694 1775 2749 Pauli

183 2786 455 2857 adjutori,
484 2797 547 2843 ut
574 2790 806 2859 ipsemet
836 2803 962 2844 eum
994 2788 1252 2859 appellat.
1284 2786 1428 2854 Quin
1453 2796 1507 2843 et
1537 2786 1596 2842 in
1620 2787 1775 2843 libris

196 2879 653 2944 'rmmbcam,
698 2878 936 2934 Eusebio
978 2888 1116 2934 teste
1150 2878 1298 2945 ³¹-³⁹,
1329 2877 1773 2947 compendiosam

181 2970 326 3026 Novi
352 2970 687 3027 Testamenti
728 2969 1136 3040 Scripturarum
1158 2969 1563 3025 enarrationem
1614 2968 1774 3025 insti-

1883 1317 2008 1370 viris
2041 1316 2340 1371 illustribus
2372 1319 2561 1385 edidit,
2589 1320 2657 1375 de
2685 1320 2805 1389 ejus
2828 1317 3084 1387 Epistula:
3106 1317 3456 1383 auctoritate,

1881 1425 1992 1464 non
2020 1425 2202 1465 autem
2224 1412 2291 1466 de
2319 1422 2565 1478 auctore,
2592 1412 2751 1467 aliter
2776 1411 3057 1467 censuisse
3086 1409 3453 1465 existimatur.

1882 1502 1974 1559 Sic
2002 1505 2149 1559 enim
2199 1505 2273 1560 ibi
2297 1507 2380 1560 ":
2420 1506 2699 1563 Barnabas
2747 1506 2997 1578 Cyprius,
3037 1506 3130 1577 qui
3168 1514 3219 1559 et
3262 1504 3457 1568 Ioseph

1878 1596 2117 1663 Levites,
2172 1614 2292 1653 cum
2340 1599 2514 1655 Paulo
2557 1602 2791 1671 gentium
2829 1600 3098 1669 apostolus
3135 1598 3412 1653 ordinatus
3437 1639 3456 1666 ,

1804 1732 1846 1787 Β
1876 1709 2039 1746 unam
2081 1694 2151 1747 ad
2193 1695 2602 1763 ludiﬁcationem
2638 1695 2893 1751 Ecclesia:
2941 1696 3283 1765 pertinentem
3320 1693 3455 1764 Epi-

1875 1791 2072 1838 stolam
2121 1788 2438 1855 composuit,
2472 1804 2588 1857 qua:
2615 1789 2754 1842 inter
2794 1787 3122 1858 apocryphas
3160 1787 3456 1856 scripturas

1875 1877 2091 1948 legitur.
2124 1879 2296 1945 Quem
2330 1879 2385 1932 in
2415 1880 2598 1933 locum
2630 1881 2765 1935 scite
2794 1878 3189 1934 Pcarsonius“
3218 1896 3233 1932 :
3264 1896 3283 1929 ι
3314 1877 3455 1932 Bar-

1877 1970 2028 2024 naba:
2056 1969 2356 2040 Epistulam
2382 1970 2554 2027 fuisse
2585 1971 2752 2025 tradit
2782 1969 2879 2036 (S.
2908 1969 3308 2041 Hieronymus)
3340 1986 3454 2025 non

1876 2060 1982 2129 ipsi
2017 2060 2446 2130 supposititiam,
2480 2070 2576 2116 aut
2610 2062 2883 2132 spuriam;
2934 2062 3004 2115 ad
3047 2061 3456 2131 aediﬁcationem

1877 2149 2130 2206 Ecclesia:
2166 2153 2483 2222 pertinuisse
2513 2154 2747 2220 asserit;
2779 2168 2889 2208 non
2929 2152 3114 2223 itaque
3141 2153 3453 2208 haereticam

1875 2244 2133 2313 putavit:
2171 2242 2361 2297 lectam
2390 2253 2571 2299 tamen
2610 2246 2749 2299 inter
2787 2245 3117 2315 apocryphas
3159 2246 3454 2316 scripturas

1876 2334 2055 2401 docet,
2088 2350 2188 2389 uec
2218 2334 2288 2388 ab
2316 2334 2563 2390 Ecclesia
2591 2337 2932 2405 repudiatam
2959 2337 3160 2392 innuit.
3188 2354 3208 2389 ι

1947 2424 2106 2491 Quod
2143 2433 2325 2480 autem
2361 2424 2726 2498 Hieronymus
2758 2426 3057 2498 Epistulam
3096 2428 3361 2485 Barnabas
3389 2429 3454 2483 ad

1877 2518 2223 2588 apocryphas
2250 2518 2553 2587 scripturas
2604 2520 2895 2585 amandct,
2948 2536 3059 2576 non
3112 2536 3288 2590 usque
3316 2521 3456 2576 adeo

1877 2610 2156 2678 negotium
2188 2609 2464 2664 facessere
2484 2611 2666 2676 debet,
2692 2621 2751 2666 ut
2774 2613 2962 2667 statim
2995 2613 3299 2668 adulterina
3322 2629 3454 2668 ceu-

1876 2700 2046 2756 senda
2101 2701 2206 2767 sit,
2263 2701 2480 2773 ipsique
2537 2704 2789 2773 apostolo
2836 2704 3236 2775 ahjudicanda;
3288 2720 3454 2774 quam

1876 2801 2069 2848 contra
2115 2791 2290 2849 fuisse
2314 2795 2384 2849 ab
2432 2809 2498 2850 eo
2553 2795 2915 2866 compositam
2958 2796 3248 2866 perspicue
3291 2796 3458 2851 tradit

1877 2891 2103 2940 sanctus
2163 2884 2376 2941 doctor.
2426 2884 2594 2956 quue
2637 2894 2697 2941 ut
2752 2885 2953 2942 clarius
3000 2886 3181 2942 adhuc
3232 2896 3455 2957 pateat,

1876 2977 2128 3047 exemplo
2150 2977 2458 3035 illustrabo.
2481 2977 2705 3050 Legitur
2729 2979 2783 3034 in
2812 2979 3041 3035 Decreto
3064 2979 3355 3037 Gelasiano
3370 2980 3414 3013 "
3438 2999 3455 3035 :

184 3076 351 3120 tuens
369 3064 510 3120 idem
532 3064 807 3130 Clemens,
827 3063 1090 3119 Barnabas
1114 3063 1241 3118 item
1262 3062 1559 3133 Epistulam
1582 3076 1676 3118 eas
1692 3062 1777 3117 in-
1802 3068 1848 3131 C
1881 3069 2126 3125 Historia
2144 3071 2361 3126 Eusebii
2380 3072 2651 3143 Pamphili
2668 3074 2990 3144 apocrypha.
3009 3074 3176 3141 Cedo;
3195 3074 3458 3130 statuitne

184 3166 272 3213 ter
294 3158 588 3214 recensuit.
613 3156 827 3211 Alicubi
853 3168 1032 3211 tamen
1060 3156 1341 3227 presbyter
1367 3153 1774 3210 Alexandrinus

183 3251 482 3307 consilium
516 3258 761 3306 mutasse
806 3251 1066 3304 videtur:
1109 3249 1240 3303 dum
1273 3248 1419 3304 enim
1462 3264 1531 3303 ex
1580 3248 1772 3303 eadem

186 3345 436 3415 Epistula
493 3343 753 3399 nonnulla
797 3343 1095 3410 delibat”,
1126 3341 1393 3397 Barnabas
1441 3340 1770 3397 sententiam

184 3437 467 3493 interdum
519 3435 766 3506 respuit;
815 3435 1070 3505 quamvis
1119 3435 1255 3488 tanti
1305 3433 1409 3487 viri
1469 3431 1772 3488 reverentia

184 3539 392 3597 tactus,
419 3530 541 3601 ejus
565 3529 773 3585 nomini
794 3537 1006 3599 parcat,
1030 3537 1091 3582 ut
1120 3536 1246 3600 post
1264 3526 1598 3583 Cotelerium
1636 3525 1771 3581 Pot-

183 3630 345 3680 terus
375 3622 684 3678 admonuit.

260 3718 601 3771 Clementem
653 3715 1090 3771 Alexandrinum
1153 3722 1542 3784 prmceptorem
1609 3727 1770 3768 suum

186 3819 418 3863 secutus
464 3806 766 3877 Origenes,
812 3807 960 3861 circa
1008 3807 1247 3860 medium
1296 3804 1485 3860 saeculi
1530 3820 1627 3869 ιιι,
1661 3818 1770 3857 ηοιι

187 3901 369 3955 solum
394 3915 425 3955 a
449 3899 698 3954 Barnaba
727 3898 987 3969 scriptam
1012 3899 1222 3968 putavit
1239 3897 1557 3967 Epistulam,
1582 3911 1770 3951 verum

184 3991 356 4047 etiam
405 3991 726 4045 catholicam
770 3990 1077 4055 vocitavit,
1110 3998 1165 4044 et
1198 3987 1493 4059 Scriptura:
1547 3988 1773 4044 nomine

186 4084 473 4154 insignivit
493 4084 559 4138 ³⁸.
590 4082 747 4149 Sunt,
782 4082 983 4151 inquit,
1018 4092 1272 4152 prwterea
1318 4081 1477 4150 (sicut
1504 4081 1561 4133 in
1590 4079 1772 4133 multis

188 4178 485 4250 Scriptum
539 4177 669 4232 locis
716 4176 1231 4246 invenimus)etiam
1279 4175 1554 4245 utriusque
1598 4172 1770 4244 partis

184 4272 267 4327 uel
299 4272 574 4341 utriusque
618 4270 716 4324 via:
748 4269 983 4339 {autores
1006 4268 1227 4337 quidam
1268 4277 1318 4321 et
1353 4267 1624 4336 adjutores
1675 4287 1772 4323 aus

186 4365 315 4437 geli,
346 4372 454 4419 etc.
485 4362 703 4429 Quibus
743 4363 1005 4415 nimirum
1037 4361 1219 4415 verbis
1260 4360 1330 4415 ad
1375 4360 1636 4430 Epistulae
1666 4376 1770 4416 noé

1877 3160 1965 3217 his
1996 3162 2178 3218 verbis
2207 3172 2433 3219 sanctus
2471 3162 2720 3233 pontifex
2762 3164 3059 3219 Historiam
3100 3164 3322 3221 Eusebii
3359 3182 3453 3221 ec-

1875 3253 2233 3309 clesiasticam
2270 3256 2530 3325 episcopo
2562 3256 2640 3311 illi
2670 3256 2996 3312 Cmsariensi
3028 3256 3202 3314 fuisse
3244 3271 3454 3328 suppo-

1876 3344 2077 3400 sitam?
2103 3345 2328 3403 Minime
2362 3351 2609 3404 omnium
2638 3369 2651 3405 :
2679 3362 2736 3406 at
2778 3352 2832 3407 id
2861 3350 3212 3406 solummodo
3239 3350 3455 3405 edicere

1877 3439 2049 3494 voluit
2079 3438 2353 3509 Gelasius,
2383 3441 2602 3499 Eusebii
2628 3442 2925 3499 Historiam
2950 3458 3057 3498 non
3086 3457 3211 3498 esse
3238 3442 3454 3512 publice

1875 3527 1930 3581 in
1959 3526 2202 3584 Ecclesia
2241 3530 2547 3601 legendam,
2581 3533 2711 3588 dum
2743 3533 3101 3605 apocrypham
3129 3532 3449 3589 declaravit.

1874 3617 2144 3675 Nimirum
2178 3622 2343 3692 hujus
2376 3624 2527 3678 vocis
2559 3624 2880 3695 ἀπόκρυφα
2909 3627 2991 3681 vis
3026 3637 3081 3681 et
3110 3626 3259 3680 notio
3285 3626 3454 3695 probe

1878 3713 2130 3779 tenenda,
2160 3720 2221 3767 ut
2262 3730 2349 3770 res
2384 3714 2717 3783 ejusccmudi
2763 3717 2866 3773 rite
2897 3717 3279 3787 expediantur.
3307 3716 3454 3772 Con-

1876 3812 1985 3859 stat
2027 3804 2175 3859 enim
2225 3806 2369 3861 inter
2400 3808 2680 3877 eruditos,
2734 3826 2921 3865 vocem
2967 3810 3125 3867 istam
3181 3827 3291 3866 non
3341 3828 3453 3866 uno

1876 3912 2043 3951 sensu
2072 3896 2470 3967 accipiendam.
2496 3899 2629 3955 Rem
2664 3901 2786 3957 fuse
2815 3911 3107 3971 pertractat
3142 3904 3284 3958 inter
3314 3902 3453 3958 alius

1877 3986 2132 4045 Svicerus
2160 3990 2204 4028 ³⁸
2232 4009 2246 4059 ;
2280 3993 2374 4047 sed
2426 3993 2647 4049 brevius
2681 3996 3039 4065 exactiusque
3086 3995 3155 4051 cl.
3190 3994 3453 4051 Funtani-

1875 4095 1980 4135 nus
2004 4079 2091 4136 ":
2132 4099 2151 4132 ι
2189 4080 2349 4152 Apud
2398 4092 2609 4141 veteres
2651 4084 2862 4149 Patres,
2905 4087 3115 4157 inquit,
3149 4089 3452 4159 apocrypha

1872 4187 1936 4228 ea
1965 4187 2092 4228 vere
2123 4182 2275 4243 sunt,
2308 4191 2431 4245 quae
2460 4177 2731 4231 canonicis
2767 4188 3138 4248 opponuntur.
3166 4177 3305 4235 llinc
3331 4179 3451 4234 An-

1873 4261 2083 4317 nalium
2140 4278 2337 4333 parens
2388 4264 2658 4322 Baronius
2691 4266 2759 4332 ⁸ο,
2817 4269 3118 4339 apocrypha
3173 4286 3282 4324 esse
3328 4271 3448 4339 ait,

1872 4356 2024 4424 quasi
2052 4372 2155 4411 non
2186 4357 2585 4429 hagiographa;
2617 4376 2721 4414 non
2752 4368 2946 4427 tamen,
2977 4370 3037 4415 ut
3063 4380 3124 4417 ea
3154 4362 3447 4433 (Gelasius)

186 4468 319 4515 strae
346 4466 510 4527 caput
540 4455 608 4509 l8
637 4455 870 4526 digitum
896 4455 1196 4510 intendisse
1222 4454 1510 4525 Origenem
1536 4455 1728 4524 liquet.
1800 4445 1846 4500 D
1876 4448 1940 4501 ab
1972 4448 2214 4504 Ecclesia
2245 4452 2457 4505 omnino
2490 4455 2808 4523 proscribat.
2853 4456 3195 4527 Augustinus
3219 4456 3383 4511 tradit
3402 4456 3447 4489 “

260 4547 318 4601 In
335 4547 582 4602 eamdem
608 4560 772 4616 porro
788 4545 1118 4600 sententiam
1149 4544 1216 4598 de
1239 4544 1490 4598 Barnaba
1505 4542 1765 4614 Epistulae

184 4647 412 4694 auctore
461 4637 628 4692 ivisse
667 4648 888 4707 quoque
936 4633 993 4688 S.
1032 4632 1427 4704 Hieronymum
1471 4633 1595 4704 jure
1639 4632 1764 4702 quis

184 4728 407 4793 dixerit,
438 4727 739 4784 Clementis
781 4725 1018 4781 fortasse
1065 4725 1422 4779 Alexandrini
1464 4725 1551 4779 vel
1585 4726 1767 4794 potius

182 4823 440 4895 Origenis
486 4807 604 4875 sive
638 4817 971 4873 auctoritate
1009 4816 1123 4872 sive
1154 4818 1404 4887 exemplo
1431 4826 1763 4887 permotum.

184 4915 470 4987 Siquidem
497 4912 554 4967 in
588 4924 755 4980 opere
782 4909 855 4962 De
883 4908 1322 4978 interpretatione
1352 4908 1623 4961 nominum
1652 4906 1769 4963 Ηε-Δ

1872 4555 1933 4594 ea
1975 4540 2225 4596 denotari
2262 4544 2467 4596 nomine
2497 4546 2939 4616 apocryphorum,
2966 4563 3082 4618 qua:
3118 4546 3181 4600 ab
3206 4549 3448 4601 auctori.

1876 4638 1983 4683 tate
2043 4633 2301 4685 canonica
2348 4631 2595 4703 diligenti
2622 4638 3011 4691 examinatione
3055 4645 3258 4691 remota
3299 4646 3445 4693 sunt.

1872 4717 2078 4788 Duplex
2110 4721 2257 4774 enim
2309 4730 2427 4776 erat
2481 4725 2795 4794 scriptura:
2832 4728 3107 4795 canonica,
3141 4728 3300 4798 cujus
3350 4745 3450 4782 au-

1871 4817 1990 4866 ctor
2036 4810 2276 4882 Spiritus
2304 4824 2564 4883 sanctus;
2597 4828 2652 4871 et
2699 4819 3022 4888 apocrypha,
3063 4820 3224 4890 cujus
3256 4830 3450 4876 auctor

1872 4903 2037 4959 homo
2066 4908 2242 4966 solus.
2271 4908 2365 4965 llla
2394 4912 2610 4980 publice
2643 4914 2698 4968 in
2725 4913 2967 4971 Ecclesia
2994 4934 3009 4982 ;
3053 4916 3170 4973 hzec
3204 4932 3315 4973 non
3350 4918 3448 4986 ita,

182 5011 519 5071 braicorum,
569 5004 717 5058 inter
750 4998 887 5055 Novi
918 4999 1253 5055 Testamenti
1294 5000 1466 5055 libros
1503 4999 1766 5070 Epistula;
1866 4996 1973 5067 legi
2004 5008 2237 5069 poterat.
2270 5002 2450 5069 Quare
2481 5006 2680 5062 librum
2713 5013 3070 5081 apocryphum
3104 5027 3249 5081 esse,
3302 5014 3445 5070 idem

181 5116 405 5174 quoque
448 5096 713 5152 Barnabas
758 5093 939 5150 locum
988 5092 1105 5163 ipse
1142 5092 1360 5147 dedisse
1406 5093 1762 5162 comperitur.

182 5196 336 5266 Opus
386 5189 521 5246 illud
566 5186 846 5243 scribebat
886 5185 1078 5240 doctor
1129 5185 1405 5240 maximus
1448 5200 1594 5239 anno
1635 5185 1762 5240 588.

182 5283 453 5351 Deinceps
486 5289 642 5342 vero,
698 5288 848 5329 anno
877 5272 1088 5329 scilicet
1134 5273 1262 5342 592,
1294 5290 1404 5344 quo
1435 5274 1643 5329 librum
1686 5274 1765 5331 De

186 5482 349 5539 l7l5.

1871 5102 2127 5183 «natusetur
2166 5104 2335 5164 atque
2388 5100 2717 5156 auctoritate
2762 5119 2972 5173 carere,
3010 5126 3118 5181 qua
3149 5113 3359 5183 publice
3390 5114 3448 5166 in

1871 5181 2135 5277 Ecclesia,
2168 5196 2228 5241 ut
2254 5190 2510 5243 canonica
2542 5191 2817 5264 leguntur,
2850 5197 2952 5267 legi
2984 5181 3179 5271 possit.
3203 5205 3446 5277 Duplicis

1870 5275 2016 5332 enim
2052 5279 2267 5350 generis
2302 5284 2613 5355 apocrypha
2645 5284 2894 5347 Gelasius
2921 5280 3239 5362 enumerat,
3265 5275 3446 5360 ortho-

247 5411 370 5518 ςιιὲυ
393 5400 790 5518 etiamsi“.
817 5421 1034 5518 etcf-he}:
1045 5421 1396 5518 Rhl/1,0239:
1420 5408 1509 5518 is;
1544 5423 1919 5518 D::Clen;e‘nt.
1949 5424 2399 5518 θεὴ-φάη..
2429 5430 2523 5512 lib.
2547 5448 2609 5518 η,
2633 5448 2753 5518 cap.
2784 5435 2870 5501 ιο,
2898 5438 3067 5518 p32:
3083 5440 3243 5518 ,erlit.
3264 5441 3444 5497 Ox'bn.

477 5491 499 5523 ι
527 5486 749 5560 Origen.
780 5531 797 5557 ,
822 5490 1115 5561 Explanat.
1150 5492 1209 5546 in
1232 5486 1409 5563 Epist.
1439 5494 1508 5548 ad
1536 5493 1691 5551 Rom.
1720 5510 1759 5562 ι,
1782 5495 1875 5557 24.
1953 5497 1997 5529 ³⁵
2032 5486 2280 5561 nierum,

2362 5517 2388 5576 ς
2412 5502 2513 5576 uir.
2540 5502 2764 5576 illustri,
2795 5502 2915 5575 cap.
2950 5509 3002 5562 6.
3082 5502 3126 5541 ³⁸
3152 5510 3439 5576 Pearson.,

196 5551 887 5644 ramu._lg§g¢_.:pa_5igl,
908 5551 1126 5644 ’φρ-,4,
1152 5551 1425 5644 pasees.
1462 5564 1546 5644 ηδτ
1575 5551 1780 5644 quasi,
1804 5554 1986 5644 Decr.,
2009 5578 2148 5644 φρ.
2175 5568 2230 5644 ι.
2269 5551 2315 5599 ³³
2349 5551 2764 5644 δνῇξέπῗῆέέῖ
2790 5551 3030 5644 ἱὲᾶἶξξν.

187 5632 323 5700 tum.
358 5623 399 5691 Ι,
425 5623 641 5700 ρῙ-ιιὸἶέ
673 5623 690 5630 ’
729 5623 773 5663 ³³
802 5623 1117 5700 ΕΟἰιιίιῆἰη..

185 5693 230 5725 ⁸⁸
259 5693 441 5767 Λυδῷ
471 5697 549 5754 De
580 5698 740 5757 Civil.
772 5702 887 5773 Dei,
908 5704 1004 5759 lib.
1030 5693 1123 5772 xv,
1149 5705 1386 5775 cap..25.

1204 5632 1515 5713 ist.A_.‘_lquil.
1537 5676 1553 5705 ,
1608 5632 1705 5693 lib.
1740 5635 1794 5707 ν,
1827 5637 1948 5709 cap.
1973 5632 1979 5635 ’
2000 5632 2153 5709 Ηίς
2174 5638 2228 5709 8,
2259 5654 2383 5713 pag.
2410 5642 2537 5700 554.

3282 5598 3435 5644 υφος.

2647 5598 2749 5629 uas.
2790 5598 2945 5644 εδει,
2977 5598 3030 5633 ν.
3087 5598 3240 5633 Λποκ
3282 5598 3312 5633 υ
3357 5598 3435 5644 ος.

2647 5645 2693 5677 ⁸ο
2724 5645 2948 5717 Baron.,
2981 5649 3049 5707 ad
3077 5666 3168 5706 an.
3201 5598 3291 5721 δῖ,
3317 5599 3354 5727 ξ
3382 5652 3435 5709 9.
