3818 6216
382 269 486 330 68⁸2

1540 271 1597 327 8.
1638 272 1721 328 BA
1732 271 2002 327 RNABAS
2038 270 2468 331 APOSTOLUS.

3534 278 3655 333 688

380 393 637 446 doxorum
664 394 718 445 e’t
743 390 1132 446 Ita’reticorum.
1160 388 1284 446 llaec
1309 390 1535 445 omnino
1582 389 1902 460 rejiciuntur
1931 409 1945 446 :
1979 400 2022 453 Α
2056 390 2109 444 ἰη
2161 390 2487 461 prmcedenti
2537 390 2714 461 capite
2764 400 3015 447 recenset
3047 390 3347 463 Epistolam
3387 391 3549 449 Iuda:
3593 404 3655 449 et

382 486 473 539 illa
501 484 786 540 canonicis
816 491 1188 553 opponuntur,
1222 491 1277 537 et
1320 482 1540 551 publica
1584 490 1796 536 tantum
1819 523 1834 548 ,
1883 482 1954 537 oh

380 591 564 631 traevos
596 576 861 646 quosdam
889 617 904 642 ,
948 575 1003 630 in
1051 574 1296 629 Ecclesia
1329 574 1560 629 lectione
1600 573 1900 643 privamur.
1929 593 1949 626 ι

381 668 658 725 "actenus
712 667 797 724 vir
847 668 1119 722 eruditus.
1177 665 1365 736 Itaque
1417 665 1547 719 dum
1591 664 1955 737 llieronymus

379 762 677 834 Epistolam
728 760 900 817 fuisse
951 774 980 813 a
1034 758 1280 813 Barnaba
1339 756 1699 826 compositam
1742 756 1952 823 scribit,

376 872 494 925 qua!
527 856 665 908 inter
686 854 1007 924 apocryphas
1038 853 1327 921 scripturas
1356 850 1549 919 legitur
1568 892 1583 914 ,
1630 849 1750 918 ejus
1790 849 1953 903 verba

376 949 459 1003 sic
484 957 612 1003 sunt
639 948 975 1017 accipienda,
1008 955 1068 1000 ut
1101 961 1227 999 vere
1254 960 1282 997 a
1309 942 1554 997 Barnaba
1589 942 1953 1011 compositam

374 1040 673 1109 Epistolam
716 1048 1012 1105 asseveret,
1064 1054 1187 1109 quae
1234 1046 1416 1091 tamen
1466 1035 1609 1089 inter
1654 1034 1953 1089 canonicas

374 1133 677 1203 scripturas
707 1133 932 1187 minime
972 1132 1381 1187 aduumeretur.
1425 1128 1649 1185 Frdstra
1687 1128 1831 1183 enim
1870 1136 1953 1181 est

374 1222 769 1293 Basnagius“,
816 1223 947 1277 dum
1002 1222 1159 1277 nobis
1210 1222 1440 1277 suadere
1467 1229 1700 1276 conatur
1756 1218 1951 1273 lliero-

376 1330 599 1387 nymum
649 1314 992 1386 populariter
1018 1312 1191 1368 fuisse
1222 1313 1463 1367 locutum
1498 1322 1551 1367 et
1593 1311 1735 1366 tituli
1767 1310 1951 1365 habita

376 1406 615 1469 ratione,
649 1422 758 1459 non
794 1421 897 1475 pro
933 1406 1010 1459 rei
1034 1405 1285 1471 veritate,
1314 1406 1443 1460 dum
1479 1403 1783 1459 Barnabam
1810 1419 1952 1457 com-

371 1500 609 1568 posuisse
639 1499 782 1554 hanc
810 1498 1109 1569 Epistolam
1147 1498 1343 1554 litteris
1373 1498 1616 1554 tradidit.

445 1588 700 1645 Veterum
747 1592 1080 1647 testimoniis
1110 1591 1217 1646 huc
1245 1604 1418 1661 usque
1459 1592 1638 1646 allatis
1675 1592 1950 1647 contraire

2059 484 2299 554 reliquas
2326 484 2465 539 alias
2494 485 2815 551 catholicas,
2848 486 2975 539 item
3005 484 3306 555 Epistolam
3329 486 3651 553 Barnahm;

2056 592 2195 645 quas
2228 586 2410 631 tamen
2438 591 2599 630 nemo
2633 576 2774 631 inter
2808 578 3147 649 apocryphas
3182 579 3489 649 scripturas
3516 595 3653 633 me-

2056 668 2162 721 rito
2190 670 2547 723 recensuerit.
2580 688 2598 719 ι

2126 756 2244 811 Non
2268 767 2352 812 est
2378 758 2560 828 itaque
2583 774 2682 812 cur
2703 756 2918 813 Eusebii
2946 761 3325 815 auctoritatem
3350 770 3653 831 tantopere

2056 854 2287 915 urgeant
2314 848 2563 901 nonnulli
2594 850 2927 905 recentiores
2965 852 3162 917 critici,
3189 868 3299 922 quo
3328 852 3649 922 Epistolam

2056 945 2303 990 nostram
2330 934 2594 995 Barnaba:
2626 939 2964 1009 abjudicent.
3007 940 3241 996 Tantum
3287 944 3432 997 enim
3478 945 3651 998 abest

2056 1035 2115 1080 ut
2143 1027 2288 1081 illam
2326 1026 2597 1083 Eusebius
2626 1030 2869 1098 spuriam
2895 1073 2909 1098 ,
2949 1030 3333 1097 adulterinam,
3376 1034 3650 1103 supposi-

2054 1119 2229 1173 titiam
2258 1134 2380 1173 esse
2405 1120 2757 1185 existimarit,
2788 1131 2846 1176 ut
2875 1123 3112 1176 maxime
3146 1124 3313 1177 etiam
3359 1124 3643 1191 integram

2054 1209 2436 1280 sinceramque
2477 1213 2767 1281 agnovisse
2818 1213 3085 1269 dicendus
3127 1214 3239 1281 sit;
3292 1216 3496 1286 quippe
3537 1217 3643 1287 qui

2052 1317 2171 1357 eam
2208 1314 2490 1360 recenseat
2517 1306 2656 1360 inter
2690 1306 2856 1363 libros
2895 1306 3365 1379 ὰντιλεγομένους,
3400 1311 3453 1364 in
3491 1328 3647 1381 quo-

2053 1410 2174 1449 rum
2200 1395 2325 1451 albo
2353 1396 2521 1453 refert
2548 1398 2713 1453 etiam
2742 1399 2786 1433 "
2823 1400 3124 1470 Epistolam
3154 1419 3271 1473 quae
3305 1403 3506 1456 dicitur
3536 1403 3645 1457 Ja-

2052 1488 2188 1553 cobi,
2215 1499 2261 1543 et
2295 1505 2413 1560 qua:
2433 1488 2612 1555 Judw,
2638 1502 2687 1545 et
2709 1492 2994 1546 secundam
3025 1493 3199 1560 Petri;
3233 1493 3457 1549 Joannis
3502 1496 3638 1549 item

2051 1580 2278 1635 alteram
2305 1590 2356 1635 et
2386 1584 2598 1637 tertiam
2618 1624 2633 1648 ,
2664 1600 2755 1637 nec
2784 1601 2886 1639 non
2918 1584 3214 1656 Epistolam
3259 1588 3328 1641 ad
3371 1587 3635 1642 Hebra'os

371 1683 590 1737 videtur
645 1680 948 1751 Eusebius,
980 1684 1075 1755 qui
1125 1682 1387 1739 Barnabas
1434 1683 1729 1754 Epistolam
1772 1677 1937 1749 νόθοις

2048 1682 2098 1727 et
2144 1673 2539 1745 Apocalypsim.
2585 1674 2707 1731 Uno
2758 1678 2956 1743 verbo,
3004 1680 3071 1733 de
3104 1678 3356 1749 Epistola:
3408 1688 3634 1735 tantum

371 1784 624 1833 accenset
646 1777 710 1831 “.
747 1776 947 1832 Verum
984 1797 1001 1829 ι
1054 1778 1348 1848 ἱῐηριόρι·ἰθ
1369 1821 1383 1845 ,
1433 1778 1611 1849 inquit
1656 1778 1943 1845 valesius,
1977 1778 2019 1833 Β
2049 1768 2394 1837 auctoritate,
2428 1785 2558 1825 num
2591 1770 2799 1826 scilicet
2827 1772 2881 1826 in
2905 1786 3186 1827 sacrarum
3214 1771 3632 1842 Seripturarum

371 1870 475 1925 hoc
502 1884 701 1923 nomen
727 1880 957 1939 usurpat
984 1868 1276 1937 Eusebius,
1302 1886 1400 1938 pro
1432 1870 1584 1925 libris
1615 1872 1821 1927 scilicet
1848 1872 1942 1943 qui
2045 1874 2253 1915 εθηοηθ
2282 1862 2594 1931 reponenda
2642 1871 2823 1930 03591,
2871 1879 2995 1918 cum
3048 1866 3327 1921 nonmlms
3370 1876 3627 1923 νθιετυηι

370 1962 640 2033 ambigua:
670 1972 798 2018 sunt
823 1964 1166 2019 auctoritatis
1191 1982 1206 2032 ;
1252 1980 1377 2019 cum
1404 1960 1546 2018 νόθοι
1576 1965 1682 2021 dici
1712 1964 1944 2021 debeant

369 2054 492 2108 libri
534 2054 847 2122 adulteriui,
878 2064 932 2109 et
970 2054 1039 2109 ab
1081 2056 1351 2112 haereticis
1399 2057 1637 2112 conﬁcti.
1689 2056 1845 2123 Quod
1886 2067 1945 2113 ut

368 2146 715 2203 manifestius
738 2159 1016 2219 appareat,
1042 2150 1449 2221 intelligendum
1480 2160 1567 2207 est
1596 2160 1704 2209 tres
1731 2154 1942 2223 species

366 2254 487 2294 esse
512 2238 774 2294 librorum
808 2256 1113 2295 sacrorum.
1140 2241 1247 2296 Alii
1278 2251 1408 2298 sunt
1442 2252 1593 2299 extra
1619 2254 1941 2301 controver—

368 2331 504 2385 siam
539 2331 653 2385 veri
701 2345 713 2385 :
763 2332 857 2386 alii
895 2339 1047 2387 extra
1098 2334 1527 2389 controversiam
1583 2334 1747 2389 falsi:
1799 2336 1941 2391 tertii

365 2430 492 2476 sunt
536 2420 603 2475 de
644 2420 845 2489 quibus
893 2421 1034 2475 inter
1072 2422 1330 2491 antiquos
1369 2420 1686 2491 ambigitur.
1741 2419 1806 2475 lli
1842 2437 1940 2492 po-

363 2512 550 2566 stremi
581 2512 723 2565 νόθοι
759 2512 867 2567 dici
897 2527 1005 2567 non
1038 2522 1291 2582 possunt,
1326 2527 1451 2567 cum
1488 2528 1518 2567 a
1550 2513 1740 2568 multis
1769 2513 1938 2568 habiti

362 2603 473 2657 sint
512 2616 612 2672 pro
654 2603 818 2657 veris.
863 2602 1052 2657 Restat
1080 2603 1280 2672 igitur,
1322 2612 1383 2656 ut
1432 2603 1658 2657 secundi
1687 2604 1941 2657 dicantur

360 2695 502 2748 νόθοι
550 2694 664 2748 sive
709 2693 1023 2748 adulterini.
1064 2712 1083 2745 ι
1136 2692 1260 2749 Haec
1313 2694 1395 2749 vir
1424 2694 1515 2749 ille
1558 2694 1937 2751 doctissimus.

362 2783 654 2839 Enimvero
700 2793 993 2854 postquam
1045 2785 1102 2838 ὲν
1148 2787 1260 2849 τοῖς
1316 2785 1492 2849 νόθοις
1542 2784 1713 2840 Actus
1761 2784 1937 2853 Pauli,

360 2875 624 2931 Barnabas
679 2873 981 2945 Epistolam
1061 2876 1279 2946 aliaque
1350 2877 1612 2931 nonnulla
1661 2878 1941 2934 retulisset

363 2967 669 3031 Eusebius,
723 2968 907 3021 statim
959 2968 1184 3023 subdit:
1221 2968 1321 3022 llis
1367 2969 1627 3041 adjunge,
1668 2972 1715 3024 si
1760 2971 1936 3038 lubet,

356 3060 584 3114 Joannis
614 3059 1021 3125 Revelationem,
1052 3077 1211 3131 quant
1255 3063 1496 3115 nonnulli
1532 3078 1597 3116 ea:
1635 3062 1754 3118 albo
1786 3063 1937 3118 Scri-

357 3164 637 3225 pturarum
673 3163 1016 3223 expungunt;
1044 3154 1141 3207 alii
1181 3170 1298 3208 vero
1324 3154 1460 3209 inter
1497 3152 1659 3209 libros
1701 3157 1935 3210 omnium

359 3263 610 3302 consensu
658 3242 907 3315 probatos
951 3246 1320 3300 adnumerant.
1386 3245 1768 3303 Verumtamen
1816 3263 1936 3303 cer-

357 3350 474 3395 tum
506 3347 609 3403 est,
639 3338 829 3393 eodem
859 3336 1098 3393 Eusebio
1132 3346 1265 3394 teste
1292 3372 1310 3405 ,
1386 3338 1766 3410 Apocalypsim
1792 3355 1935 3394 nun-

355 3446 522 3501 quam
552 3430 696 3484 inter
716 3430 888 3485 libros
914 3426 1103 3494 νόθους
1133 3430 1247 3485 sive
1276 3430 1615 3486 adulterinos
1642 3430 1815 3487 fuisse
1847 3447 1934 3487 re-

359 3521 545 3588 latam,
577 3517 673 3577 seil
704 3529 916 3575 tantum
946 3518 1088 3576 inter
1113 3535 1210 3576 eos
1237 3521 1331 3591 qui
1370 3521 1776 3593 ἀντιλεγόμενοι
1819 3522 1934 3578 sive

353 3614 507 3669 dubii
532 3613 895 3668 habebantur.
919 3612 1058 3667 Cum
1085 3612 1250 3683 igitur
1273 3613 1605 3685 ἀκυρολογίᾳ
1634 3614 1724 3670 hic
1748 3623 1934 3670 utatur

354 3706 646 3775 episcopus
673 3704 1060 3771 Caesariensis,
1104 3704 1324 3759 aliunde
1368 3706 1637 3761 sententia
1683 3706 1931 3777 ejusdem

352 3801 438 3848 est
463 3792 775 3863 repetenda.
804 3791 946 3857 Quid
973 3791 1168 3861 plura?
1195 3790 1467 3847 Eusebius
1496 3793 1754 3864 deinceps
1782 3796 1929 3866 seip-

354 3900 477 3940 sum
506 3885 799 3939 emendat:
835 3883 1083 3939 eamdem
1116 3884 1263 3938 enim
1305 3882 1571 3939 Barnabae
1605 3883 1929 3955 Epistolam,

353 3989 517 4042 quam
547 3974 712 4027 modo
744 3973 978 4029 vidimus
1020 3974 1089 4028 ab
1118 3989 1184 4027 eo
1217 3973 1393 4036 νόθοις
1425 3975 1770 4042 attributam,
1801 3992 1928 4031 mox

351 4064 787 4137 ἀντιλεγομένοις
832 4064 1081 4135 adjungit
1126 4065 1179 4117 in
1234 4066 1350 4120 haec
1391 4066 1555 4120 verba
1575 4066 1658 4121 “z
1711 4068 1927 4139 Κέχρη-

349 4174 439 4210 ται
467 4159 510 4212 δ’
533 4159 589 4211 ὲν
618 4158 799 4221 αὐτοῖς
824 4158 918 4210 καὶ
940 4159 1058 4220 ταῖς
1082 4154 1189 4209 ἀπὸ
1210 4156 1317 4210 τῶν
1341 4157 1765 4229 ἀντιλεγομένων
1792 4176 1929 4231 γρα-

351 4250 465 4320 φῶν
497 4249 855 4322 μαρτυρίαις·
884 4249 984 4319 τῆς
1018 4266 1077 4301 τε
1110 4248 1410 4320 λεγομένης
1449 4251 1793 4322 Σολομῶντος
1827 4252 1926 4305 Σο-

351 4338 509 4408 φίας,
568 4339 659 4392 καὶ
710 4338 816 4408 τῆς
854 4336 1030 4409 Ἰησοῦ
1081 4337 1176 4391 τοῦ
1230 4339 1430 4410 Σιράχ·
1484 4341 1580 4393 καὶ
1637 4340 1739 4411 τῆς
1791 4342 1926 4414 πρὸς

2045 1952 2354 2024 ambigebat
2387 1953 2679 2022 Eusebius,
2710 1964 2772 2011 ut
2802 1956 3052 2027 pluribus
3078 1958 3281 2013 evincit
3324 1957 3633 2015 Tillemon-

2049 2048 2157 2103 tius
2178 2046 2245 2101 “.
2296 2046 2508 2114 Quibus
2565 2049 2733 2105 addas
2776 2050 2976 2116 velim,
3006 2051 3074 2105 ab
3123 2062 3345 2107 auctore
3401 2067 3633 2124 quoque

2046 2139 2447 2196 Sticltometriae
2483 2157 2603 2212 quae
2648 2138 2957 2212 Nicephoro
2995 2141 3102 2197 (ΣΡ.
3148 2143 3445 2209 tribuitur,
3482 2147 3632 2201 inter

2043 2248 2139 2289 eas
2168 2235 2473 2304 scripturas
2516 2250 2639 2305 qua:
2675 2235 3077 2304 ἀντιλέγονται,
3107 2234 3370 2291 Baruabae
3400 2236 3629 2306 Episto-

2043 2324 2151 2379 lam
2199 2326 2496 2381 recenseri.
2548 2324 2691 2392 Quin
2742 2335 2799 2381 et
2835 2327 2889 2381 in
2953 2327 3177 2396 antiqua
3228 2326 3627 2383 Stiehometria

2045 2414 2239 2469 Latina
2268 2456 2283 2482 ,
2316 2414 2369 2469 in
2428 2414 2750 2486 przefatione
2797 2415 2865 2470 ad
2909 2416 3213 2470 Barnabam
3271 2431 3302 2470 a
3350 2416 3630 2472 Cotelerio

2042 2508 2206 2572 edita,
2233 2507 2425 2563 eadem
2477 2506 2719 2575 Epistola
2764 2516 2888 2576 post
2930 2506 3228 2576 Epistolam
3261 2506 3417 2563 Judae
3458 2523 3628 2580 atque

2044 2609 2170 2659 ante
2216 2598 2449 2654 Joannis
2492 2597 2901 2654 Revelationem
2930 2609 2982 2654 et
3036 2599 3205 2655 Actus
3241 2602 3626 2671 apostolorum

2042 2690 2214 2745 relata
2241 2690 2602 2761 conspicitur.

2112 2781 2250 2837 Cum
2282 2782 2449 2853 igitur
2469 2798 2535 2837 ex
2575 2782 3074 2839 vetustissimorum
3106 2781 3332 2838 Patrum
3362 2785 3624 2840 testimo—

2041 2874 2149 2931 niis
2173 2884 2409 2943 constet,
2437 2874 2697 2945 Epistolze
2734 2884 2936 2931 nostra:
2963 2884 3241 2931 auctorem
3279 2875 3450 2931 fuisse
3479 2875 3627 2931 Bar-

2041 2968 2238 3022 nabam
2279 2966 2539 3040 Cyprium
2565 3010 2579 3035 ,
2605 2968 2935 3039 apostolum,
2982 2976 3173 3023 testem
3207 2969 3576 3037 apostolicum
3606 3011 3624 3036 ,

2042 3074 2210 3113 unum
2240 3074 2306 3115 ex
2334 3074 2441 3113 ιιι
2463 3058 2679 3114 Domini
2704 3060 2991 3130 discipulis
3022 3069 3076 3115 et
3096 3059 3250 3116 Pauli
3278 3061 3623 3131 adjutorem;

2042 3150 2094 3204 in
2132 3149 2364 3205 nihilum
2387 3150 2501 3204 abit
2528 3150 2829 3205 Christiani
2865 3149 3124 3205 Sehotani
3144 3150 3485 3222 figmentum,
3521 3154 3619 3221 qui

2038 3242 2177 3298 duos
2208 3240 2486 3297 Barnabas
2508 3242 2797 3312 distinguit
2818 3241 2900 3308 ";
2947 3257 3180 3311 quorum
3219 3260 3236 3291 ι
3282 3242 3419 3297 alter
3448 3242 3625 3298 fuerit

2036 3347 2103 3387 ex
2126 3332 2479 3403 evangelistis
2508 3343 2561 3389 et
2583 3334 2877 3389 comitibus
2907 3334 3300 3404 apostolorum,
3326 3333 3462 3388 alter
3481 3349 3622 3388 vero

2035 3438 2067 3479 e
2097 3424 2513 3480 sublimioribus
2540 3426 2823 3496 apostolis,
2869 3425 2922 3480 id
2953 3434 3037 3480 est
3065 3426 3281 3496 proprie
3319 3424 3392 3479 ita
3426 3426 3621 3496 appel-

2036 3516 2183 3572 latis.
2220 3535 2240 3570 ι
2281 3516 2383 3572 Cui
2410 3517 2630 3587 quidem
2664 3518 2882 3573 erudito
2909 3518 3030 3572 viro
3065 3518 3180 3573 haec
3206 3517 3375 3573 lsaaci
3424 3518 3617 3574 Vossii

2033 3608 2199 3665 verba
2224 3608 2588 3680 regerimus“
2614 3627 2628 3664 :
2666 3628 2687 3662 ι
2714 3608 2867 3665 Unde
2894 3610 3085 3679 habes,
3108 3610 3305 3681 inquit,
3334 3611 3480 3681 quod
3498 3612 3616 3666 duo

2034 3702 2238 3758 fuerint
2276 3702 2541 3757 Bai-nabat
2583 3703 2728 3757 inter
2773 3704 3053 3773 apostolos
3089 3711 3184 3758 aut
3231 3704 3613 3773 apostolorum

2032 3795 2374 3866 discipulos?
2422 3793 2576 3850 Unde
2620 3795 2749 3851 item
2782 3796 2952 3851 habes
2990 3796 3137 3866 quod
3170 3810 3312 3850 unus
3341 3810 3408 3849 ex
3434 3797 3611 3851 subli-

2032 3889 2319 3955 mioribus,
2346 3888 2449 3944 hoc
2473 3898 2557 3943 est
2586 3903 2616 3943 e
2643 3887 2932 3943 duodecim
2974 3886 3138 3942 fuerit
3177 3887 3462 3958 apostolis,
3493 3905 3613 3945 non

2030 3990 2209 4035 autem
2236 3996 2265 4035 e
2300 3996 2407 4033 ιιι
2436 3980 2743 4050 discipulis,
2778 3979 2855 4033 uti
2885 3978 3049 4033 habet
3077 3978 3332 4034 Clemens
3360 3978 3613 4035 Alexan-

2029 4075 2265 4130 drinus?
2300 4073 2411 4144 Ego
2438 4091 2570 4130 vero
2598 4075 2742 4143 quod
2776 4073 2993 4143 scripsi,
3028 4074 3079 4128 id
3110 4075 3287 4144 ipsum
3312 4076 3613 4132 confirmat

2029 4163 2312 4232 inscriptio
2356 4162 2518 4232 hujus
2564 4162 2859 4232 Epistolze,
2910 4163 2965 4217 in
3012 4180 3119 4233 qua
3158 4164 3313 4220 Pauli
3340 4166 3613 4239 συνέκδη-

2030 4271 2130 4327 μος
2153 4254 2491 4323 appellatur:
2520 4255 2811 4310 conﬁrmat
2843 4253 3208 4326 Hieronymus
3253 4256 3307 4310 in
3347 4254 3617 4325 Catalogo

2026 4353 2340 4423 scriptorum
2395 4347 2897 4411 ecclesiasticarum,
2946 4356 3076 4413 etc.,
3108 4357 3167 4403 ut
3192 4348 3358 4402 mirer
3380 4347 3512 4418 quid
3557 4360 3612 4403 te

361 4428 640 4502 Ἐϐραίους
671 4429 956 4500 ἐπιστολῆς
976 4446 989 4459 ο
1024 4431 1123 4501 τῆς
1152 4446 1210 4482 τε
1249 4429 1523 4501 Βαρνάϐα,
1554 4432 1645 4484 καὶ
1673 4432 1924 4505 Κλήμεν-

2041 4440 2281 4508 moverit,
2308 4441 2663 4510 quamobrem
2690 4441 2829 4496 duos
2856 4441 3079 4495 ﬁnxeris
3105 4439 3409 4496 Barnabas.
3449 4458 3468 4492 ι
3498 4439 3610 4496 Ne-

347 4539 457 4585 τος,
488 4523 581 4575 καὶ
607 4521 774 4574 Ἰούδα
807 4540 819 4576 :
852 4521 918 4574 In
943 4522 1128 4575 iisdem
1152 4520 1301 4574 libris
1329 4522 1740 4593 (Στρωμειτέων)
1768 4526 1921 4593 a/fert

348 4615 645 4684 (Clemens)
676 4615 977 4668 testimonia
1002 4613 1414 4683 scripturarum,
1442 4629 1558 4683 qua:
1589 4632 1621 4668 α
1652 4616 1921 4670 nonnullis

348 4708 698 4777 repudiantur
722 4723 739 4761 :
766 4723 950 4778 nempe.
991 4724 1056 4762 ea:
1105 4706 1383 4776 Sapientia
1419 4705 1742 4773 Salomonis,
1780 4719 1829 4762 et
1856 4726 1923 4763 ea:

346 4815 408 4851 ea
432 4814 548 4868 qui:
573 4800 769 4853 dicitur
818 4798 1094 4869 Sapientia
1119 4800 1245 4854 Jesu
1289 4801 1391 4871 ﬁlii
1438 4800 1665 4857 Sirach:
1696 4805 1822 4857 item
1854 4821 1919 4858 ea:

346 4886 591 4957 Epistola
614 4892 682 4942 ad
720 4888 999 4957 Hebrum,
1039 4901 1088 4945 et
1134 4907 1197 4945 ea:
1227 4891 1509 4949 Clementis
1553 4910 1615 4947 ac
1656 4893 1918 4951 Barnabte

345 4982 623 5053 Epistolis.
654 4982 719 5039 Et
748 4985 912 5054 paulo
942 4995 1067 5055 post
1094 4987 1179 5042 his
1204 4988 1416 5058 gemina
1444 4988 1667 5058 profert.
1710 4988 1814 5045 Ubi
1843 4991 1912 5047 cl.

2030 4546 2138 4600 que
2166 4531 2341 4602 magis
2369 4530 2583 4601 proﬁcit
2624 4530 2934 4587 Tentzelius
2955 4534 3035 4598 ἐξ
3067 4532 3161 4601 qui
3206 4529 3489 4586 nonnullis
3528 4531 3605 4586 le.

2027 4625 2190 4679 vibus
2218 4624 2554 4694 conjecturis
2593 4624 2885 4693 adductus,
2913 4624 2966 4679 in
2991 4640 3112 4680 eam
3154 4624 3482 4679 sententiam
3512 4624 3605 4679 de

2026 4715 2199 4781 venit,
2238 4712 2534 4785 Epistolam
2586 4723 2832 4771 nostram
2888 4714 3231 4770 Alexandria:
3265 4714 3322 4768 in
3361 4713 3609 4785 Aigypto

2024 4812 2285 4867 extremis
2307 4809 2532 4865 Adriani
2556 4809 2913 4875 temporibus,
2951 4809 3020 4863 ab
3051 4809 3237 4878 aliquo
3273 4809 3477 4864 schola:
3508 4827 3608 4866 ca-

2023 4905 2302 4962 techetica:
2321 4902 2703 4959 Alexandrina).
2738 4901 2963 4958 doctore
2994 4903 3097 4957 sub
3118 4901 3382 4957 Barnabas
3413 4903 3603 4957 nomi-

2025 5011 2092 5050 ne
2114 4994 2282 5050 fuisse
2310 4994 2597 5049 confictam
2612 4995 2681 5050 ⁸ο.
2716 4994 2996 5065 Moynium
3020 5003 3303 5063 prastereo,
3327 4995 3420 5063 qui
3441 4994 3601 5063 ejus-

346 5075 600 5132 Valesius
627 5077 693 5131 ad
724 5092 839 5131 rem
864 5087 1108 5133 nostram
1136 5079 1251 5134 haec
1269 5079 1529 5136 adnotat:
1562 5100 1580 5133 ι
1605 5081 1747 5138 Inter
1769 5084 1918 5138 ἀντι-
2020 5089 2142 5143 dem
2172 5085 2427 5156 Epistolas
2454 5088 2739 5141 auctorem
2763 5085 2895 5141 facit
2925 5084 2983 5140 S.
3014 5084 3374 5155 Polycarpum
3407 5082 3603 5154 Smyr-

344 5167 639 5239 λεγομένας
670 5170 971 5240 scripturas
1006 5169 1297 5239 Eusebius,
1329 5183 1443 5229 tum
1477 5174 1581 5232 hoc
1618 5176 1763 5244 loco,
1796 5185 1911 5233 tum

414 5353 734 5425 “Basnag.,
764 5353 965 5427 Annal.
998 5353 1150 5424 polit.
1181 5354 1386 5427 eccles.t
1427 5355 1495 5409 ad
1524 5371 1614 5410 an.
1640 5356 1730 5423 50,
1765 5356 1790 5427 ς

2018 5194 2243 5235 nensem
2280 5179 2605 5247 antistitem,
2633 5194 2701 5234 eo
2728 5188 2938 5234 tantum
2963 5179 3183 5234 nomine
3205 5178 3349 5248 quod
3379 5177 3437 5230 in
3476 5193 3603 5231 uta-

1821 5358 1909 5412 54.

2060 5361 2282 5428 Euseb.,
2307 5364 2457 5420 Hist.
2489 5369 2641 5427 eccl.,
2667 5366 2761 5419 lib.
2792 5380 2875 5429 ιιι,
2899 5380 3017 5433 cap.
3045 5362 3138 5416 25.
3215 5360 3265 5433 ’ἦ
3294 5357 3398 5423 ld.,
3433 5359 3596 5433 ibid.,

344 5426 438 5509 lib.
472 5442 586 5509 vta
611 5426 832 5509 caput?»
864 5433 919 5509 et
950 5426 1035 5479 14.
1091 5425 1289 5509 ηξῇΙιΙκ
1322 5425 1452 5509 ξριςί.
1475 5427 1593 5509 lib.
1640 5442 1725 5509 ιιι,
1770 5425 1897 5509 cap.

2078 5435 2249 5509 25,_et
2272 5425 2480 5509 alibi.“
2516 5436 2562 5509 ‘f
2586 5425 2799 5490 Tilletu.
2820 5477 2835 5502 ,
2863 5425 3131 5509 Minucii-1
3159 5430 3310 5509 θεοί.2
3372 5440 3508 5509 tam.
3547 5429 3593 5493 ι,

343 5504 459 5551 not.
490 5499 543 5558 6,
574 5496 629 5549 in
662 5494 980 5558 S.Barnab.,
1051 5534 1064 5547 .
1089 5495 1211 5549 658.
1242 5497 1286 5526 ⁵⁷
1324 5494 1609 5561 Schotan.,
1636 5496 1811 5553 Diatr.
1848 5494 1912 5551 ite

343 5568 579 5617 Armenii.
603 5566 673 5617 ad
697 5566 789 5617 lib.
820 5566 884 5617 de
916 5511 1055 5617 ιλχὲ
1103 5565 1259 5617 lntl..
1304 5580 1356 5617 ι).
1392 5565 1514 5617 ME).
1592 5565 1636 5599 ‘9
1666 5566 1907 5617 Tentzel-

2048 5494 2312 5559 torrVers.
2346 5504 2486 5558 LXX
2517 5504 2677 5568 Intt.,
2711 5494 2832 5575 cap:
2866 5505 2919 5568 4,
2947 5520 2999 5573 p.
3034 5502 3154 5559 HS.
3218 5502 3263 5533 ‘3
3292 5500 3362 5555 Is.
3400 5500 3593 5561 Voss"

2048 5577 2077 5617 ιΙ
2122 5574 2278 5617 Fnhr,
2319 5576 2451 5617 Rihl,
2497 5577 2693 5617 [Ct-clpe,
2728 5593 2760 5617 n
2805 5577 2874 5617 ΜΞ
2926 5576 2952 5617 8
2992 5576 3078 5617 Ill-
3156 5572 3204 5605 5°
3239 5571 3449 5617 Vitlesis
3483 5567 3593 5617 F3.

342 5537 1007 5636 Ἁῆεῆἃξὶὲῑὶίῐῗᾶἷῐὲι

345 5634 504 5703 δάιε..
534 5636 677 5693 Bibl.
708 5636 801 5691 Gr.
836 5678 851 5706 ,
896 5646 1026 5691 lout.
1054 5635 1141 5703 Ill,
1166 5652 1219 5707 υ.
1250 5634 1369 5702 1⁸75,
1400 5636 1519 5690 174.

1103 5565 1268 5648 {Ml-1
1285 5580 1356 5648 ,ξι
1592 5565 1636 5599 ⁸⁸
1666 5566 1907 5637 ΤΘηιΖῡΙ,
1940 5577 2079 5641 apud
2119 5574 2282 5631 Fabr.
2317 5576 2455 5631 Bibl.
2492 5565 2697 5632 Eccles.
2728 5565 2961 5648 p.'42,'§'
2992 5576 3079 5628 w.
3156 5572 3204 5605 ‘°
3239 5571 3449 5627 Videsis
3482 5567 3593 5624 [τίδ’
