3818 6216
148 357 260 413 689

1512 349 2048 409 PROLEGOMENA.

3310 340 3416 395 690

145 471 451 544 nuscriptis
473 470 759 527 codicibus
786 469 875 526 illa
899 462 1429 538 cumPulycarpiana
1450 464 1734 534 jungatur,
1765 463 1812 519 A
1839 457 2327 529 Rabbinorumquc
2369 455 2622 525 malignis
2669 453 3163 525 interpretamentis
3198 468 3388 522 compa

145 582 331 636 neque
358 565 523 635 hujus
554 564 717 619 linem
750 573 846 619 aut
873 562 995 632 ejus
1018 560 1231 615 initium
1257 558 1584 628 exemplaria
1611 570 1735 625 quae

146 667 450 730 supersunt
499 658 812 713 exhibeant.
859 655 1016 723 Quod
1065 656 1284 727 quidem
1352 662 1732 724 argumentum

146 770 318 825 quam
372 752 653 807 inﬁrmum
703 752 776 807 sit
839 766 1114 821 quamque
1162 749 1365 815 inane,
1405 746 1732 817 jamdudum

144 845 603 900 demonstrarunt
631 840 845 898 Caveus
869 883 885 911 ,
917 840 1230 896 Tentzelius
1256 841 1301 873 “
1325 881 1340 905 ,
1372 838 1734 909 Basnagius“

145 936 375 1007 aliique.
427 935 657 1007 Ipseque
701 935 948 1007 proiecto
980 932 1231 1005 Moynius
1275 932 1345 988 ab
1393 946 1461 986 eo
1491 929 1734 1002 urgendo

148 1026 556 1093 abstinuisset,
595 1027 642 1083 si
682 1024 892 1081 Usserii
923 1023 1090 1080 verba
1128 1023 1181 1077 in
1224 1021 1639 1094 praemunitione
1666 1019 1734 1075 de

147 1116 417 1173 Barnabas
446 1115 713 1188 Epistula,
736 1134 767 1174 a
795 1117 1004 1174 Joanne
1033 1115 1181 1171 Fello
1202 1116 1347 1171 edita
1372 1129 1437 1170 eo
1453 1113 1571 1183 ipso
1586 1127 1733 1167 anno

147 1225 264 1281 quo
296 1226 397 1266 sua
430 1210 593 1266 Varia
622 1228 777 1265 sacra
800 1210 1095 1282 evulgavit,
1129 1210 1303 1281 legere
1335 1206 1433 1262 sibi
1464 1206 1729 1262 licuisset:

154 1322 175 1356 ς
212 1300 442 1375 Nempe,
485 1305 665 1375 inquit
698 1305 789 1360 ille
814 1344 828 1368 ,
863 1304 916 1359 in
965 1304 1143 1374 primo
1184 1299 1480 1371 exemplari
1526 1314 1593 1354 ex
1621 1313 1732 1368 quo

147 1396 508 1452 Columnaeus
544 1397 634 1452 ille
668 1397 841 1451 codex
879 1395 997 1466 (qui
1043 1395 1290 1449 omnium
1332 1400 1553 1463 putatur
1592 1390 1735 1445 anti-

147 1490 479 1562 quissimus)
504 1499 558 1545 et
588 1489 787 1560 reliqui
826 1489 919 1559 qui
947 1496 1246 1558 supersunt
1286 1487 1445 1543 hodie
1472 1494 1599 1541 sunt
1637 1484 1733 1541 de—

148 1580 366 1650 scripti,
387 1580 736 1635 librariorum
765 1579 898 1635 vitiu
939 1577 1227 1649 quaternio
1255 1578 1341 1632 vel
1384 1577 1621 1633 omissus
1647 1576 1733 1631 vel

147 1674 521 1742 transpositus
564 1682 649 1728 est
688 1690 703 1725 :
742 1673 902 1743 cujus
940 1670 1157 1727 defectu
1191 1670 1395 1726 factum
1433 1679 1535 1735 est,
1580 1678 1639 1724 ut
1676 1669 1733 1724 in

145 1764 357 1821 Grazcis
386 1766 775 1835 superstitibus
795 1775 849 1820 et
876 1766 1036 1821 linem
1056 1764 1313 1835 Epistula:
1336 1762 1617 1835 Polycarpi
1638 1764 1732 1819 de-

146 1857 457 1913 sideremus
489 1867 543 1913 et
574 1859 905 1929 principium
937 1858 1221 1913 Barnabre.
1254 1877 1273 1910 ι
1306 1856 1461 1925 Quod
1506 1858 1553 1913 si
1599 1872 1728 1913 nec-

144 1950 280 2003 dum
316 1951 583 2005 sententia
612 1951 875 2006 decedere
899 1950 1186 2007 statuissct
1214 1951 1300 2004 vir
1321 1951 1590 2018 eruditus,
1626 1949 1731 2020 ipsi

145 2047 344 2101 saltem
372 2047 917 2104 animadvertendum
963 2060 1102 2115 erat,
1138 2049 1281 2119 apud
1312 2058 1606 2119 utrumque
1635 2065 1729 2103 ve-

147 2146 320 2193 terem
355 2138 703 2209 interpretem
740 2140 1039 2198 etiamnum
1080 2149 1296 2195 exstare
1324 2156 1448 2194 eum
1477 2139 1733 2210 Epistula:

146 2230 558 2303 Pnlycarpianze
607 2232 808 2301 tinem,
861 2241 975 2287 tum
1023 2248 1144 2304 quae
1190 2241 1274 2289 est
1326 2231 1588 2287 Barnabas
1626 2232 1731 2286 ini-

146 2324 303 2385 tium.

784 2432 1013 2491 CAPUT
1042 2432 1107 2492 ll.

144 2548 391 2603 Potiores
442 2549 759 2618 objectiones
798 2549 1118 2617 diluuntur,
1149 2566 1313 2619 eaque
1358 2549 1728 2618 potissimum,

326 2636 433 2690 qua
461 2621 620 2689 hujus
657 2620 915 2690 Epistula:
944 2622 1225 2690 integritas
1257 2621 1555 2689 impetitur.

218 2734 450 2801 Verum,
482 2734 571 2789 his
598 2734 804 2801 missis,
830 2734 961 2804 quid
987 2734 1212 2805 insuper
1249 2734 1492 2789 adversa:
1511 2743 1731 2789 senten-

142 2828 236 2883 tiae
266 2826 484 2898 patroni
510 2827 780 2897 prtecipue
810 2826 1094 2897 objiciant,
1122 2825 1499 2896 inspiciamus.
1532 2825 1599 2879 Et
1621 2825 1733 2895 pri-

144 2936 296 2976 mum
332 2920 552 2990 quidem
584 2919 848 2973 Barnabas
885 2918 1204 2988 abjudicant
1234 2916 1552 2988 Epistolam,
1583 2916 1729 2987 quod

143 3021 339 3067 auctor
364 3012 612 3081 quaedam
639 3011 852 3067 Veteris
879 3009 1215 3066 'l‘estamenti
1242 3010 1362 3066 loca
1392 3010 1578 3065 minus
1608 3017 1731 3079 apte

144 3103 375 3174 allegata
401 3111 456 3157 et
486 3102 717 3174 mystice
756 3102 923 3157 nimis
943 3102 1212 3171 exposita,
1252 3102 1309 3155 in
1346 3101 1582 3156 medium
1606 3117 1731 3171 pro-

144 3197 329 3251 ducat.
358 3194 497 3250 lluic
530 3205 713 3250 autem
734 3194 1030 3267 ohjcctioni
1062 3195 1244 3249 verbis
1276 3192 1603 3249 llammondi
1634 3209 1729 3248 oc-

144 3302 370 3344 currere
399 3288 596 3356 placet,
637 3302 760 3358 qua:
806 3285 887 3342 sic
931 3302 989 3342 se
1032 3284 1294 3341 habent“
1344 3304 1358 3341 :
1420 3303 1441 3338 ι
1480 3283 1728 3355 Apustoli

145 3380 413 3439 Barnabze
459 3394 583 3450 quae
631 3395 739 3435 non
770 3378 843 3434 ita
875 3379 1086 3450 pridem
1127 3378 1328 3450 prodiit
1366 3377 1628 3449 Epistula,
1661 3395 1730 3435 ex

145 3477 251 3531 hoc
280 3490 396 3529 uno
417 3474 805 3530 Gnosticorum
825 3475 1144 3529 charactere
1168 3472 1453 3529 commode
1469 3473 1729 3543 explicari

143 3569 378 3639 poterit;
407 3569 566 3635 alias,
599 3578 657 3622 ut
682 3567 1069 3638 complicatum
1093 3576 1146 3622 et
1175 3567 1446 3639 prolixum
1475 3568 1727 3637 amigtna,

144 3659 512 3714 certissimam
542 3659 837 3713 lectoribus
868 3674 1089 3717 crucem
1122 3657 1352 3713 factura.
1403 3656 1494 3714 [sti
1528 3659 1731 3729 quippe

147 3751 390 3806 Simonis
430 3752 688 3816 asseclze,
728 3751 950 3825 γνῶσιν,
992 3751 1042 3805 id
1084 3759 1197 3818 est,
1229 3750 1529 3822 Scriptura:
1561 3766 1731 3807 sacra;

146 3847 377 3917 mystice
412 3846 831 3915 interpretanda:
873 3844 1185 3900 facultatem
1232 3845 1337 3900 sibi
1386 3854 1729 3916 arrogantes,

147 3940 320 3995 multa
350 3937 563 3993 Veteris
586 3937 917 3995 Testamenti
949 3938 1208 4010 mysteria
1231 3938 1298 3993 ad
1326 3938 1572 4010 impuros
1595 3954 1731 3994 usus

148 4047 284 4087 suos
318 4031 930 4089 accommodabant.....
975 4030 1115 4085 lliuc
1156 4030 1437 4087 Barnabas
1483 4031 1587 4088 hac
1617 4032 1732 4087 fere

150 4126 409 4181 universa
450 4124 692 4194 Epistula
744 4140 880 4191 sua,
942 4124 1153 4181 Veteris
1205 4124 1563 4181 Instrumenti
1612 4127 1730 4183 loca

146 4219 575 4289 quamplurima,
598 4219 823 4288 mySIice
845 4218 1012 4273 etiam
1036 4228 1091 4273 et
1113 4218 1425 4274 cabalistice
1456 4219 1728 4289 exposita,

146 4311 538 4367 Gnostieorum
572 4311 836 4365 doctrinis
865 4312 1110 4381 opponit.
1148 4332 1165 4364 ι
1202 4310 1527 4367 llammondi
1561 4312 1729 4368 vesti-

148 4406 250 4474 giis
279 4404 541 4458 insistens
575 4402 814 4458 Joannes
850 4402 1032 4461 Fellus
1054 4405 1101 4436 “
1139 4421 1154 4459 :
1197 4422 1215 4455 ι
1251 4404 1504 4470 Constat,
1529 4405 1728 4475 inquit,

1837 558 1973 613 reat.
2010 550 2140 605 olim
2165 559 2345 605 tamen
2381 546 2601 618 quando
2635 546 2689 601 in
2719 546 2868 602 omni
2913 560 3186 619 synagoga
3215 544 3418 599 hebdo-

1836 642 2098 698 madatim
2128 657 2237 695 non
2275 640 2427 695 lecta:
2460 648 2693 705 tantum,
2734 637 2830 693 sed
2867 646 2920 693 et
2962 644 3231 694 enarrata:
3261 643 3419 691 erant

1836 736 2141 806 scriptura},
2193 732 2465 789 Midrasch
2497 734 2599 789 iste
2630 732 2894 803 mysticus
2922 730 3037 786 sive
3070 727 3419 800 evangelicus

1837 826 2053 883 Veteris
2073 825 2429 881 Instrumenti
2457 840 2674 891 sensus,
2708 840 2818 879 non
2843 824 3026 878 minus
3054 822 3311 878 omnibus
3337 820 3421 876 in-

1835 919 2019 974 notuit
2048 934 2213 989 quam
2252 901 2371 988 ipse
2402 933 2556 973 sacer
2588 925 2807 985 textus;
2840 926 2893 972 et
2918 915 3147 986 proinde
3174 930 3284 969 non
3310 914 3418 969 mi-

1835 1026 1940 1066 nus
1968 1010 2162 1066 idonea
2206 1010 2588 1080 suppeditabat
2628 1018 2949 1082 argumenta
2991 1008 3058 1063 ad
3088 1006 3422 1063 convincen-

1834 1103 1933 1158 dos
1955 1101 2194 1171 Iudaeos,
2225 1117 2390 1174 quam
2419 1116 2481 1158 ea
2508 1118 2627 1173 quae
2645 1117 2712 1157 ex
2731 1098 3107 1157 disertissimis
3133 1114 3416 1155 sacrarum

1834 1194 2142 1249 litterarum
2194 1194 2420 1250 vocibus
2467 1192 2699 1250 fuissent
2737 1193 3041 1250 deducta...
3086 1190 3154 1249 Et
3185 1191 3231 1247 si
3274 1189 3421 1247 forte

1836 1286 2019 1358 aliqua
2047 1285 2189 1357 apud
2214 1294 2493 1341 auctorem
2535 1293 2787 1341 nostrum
2835 1291 3133 1339 occurrunt
3155 1298 3279 1353 quae
3299 1281 3419 1338 lon-

1835 1379 1957 1449 gius
1986 1378 2153 1448 petita
2181 1377 2456 1444 videntur,
2493 1376 2583 1431 illa
2616 1377 2732 1446 ipsa
2764 1385 2858 1430 aut
2878 1389 3073 1429 eorum
3115 1373 3307 1428 saltem
3335 1387 3421 1428 ve-

1835 1468 1994 1539 stigia
2030 1468 2085 1524 in
2120 1467 2383 1538 Epistolis
2411 1467 2657 1523 Paulinis
2706 1467 2831 1537 quis
2860 1466 3062 1538 poterit
3090 1465 3351 1537 reperire.
3388 1484 3409 1519 ι

1836 1559 2114 1616 llaelenus
2143 1560 2253 1614 ille.
2276 1558 2415 1615 Hinc
2444 1558 2651 1614 factum
2685 1568 2744 1614 ut
2766 1574 2891 1615 cum
2922 1558 3055 1613 viris
3084 1558 3261 1614 doctis
3289 1572 3420 1615 con-

1835 1652 2085 1718 cludam,
2118 1650 2521 1707 vetustissimos
2543 1649 2788 1714 Patrum,
2823 1649 3155 1710 Clementem
3182 1647 3419 1703 Alexan-

1835 1744 2080 1809 drinum,
2114 1744 2425 1815 Origenem,
2454 1752 2681 1799 exteros
2706 1742 2802 1813 qui
2837 1740 3138 1812 Epistulam
3171 1748 3418 1798 nostram

1835 1846 2096 1908 tanquam
2134 1836 2410 1892 sincerum
2453 1833 2717 1890 Barnaba:
2762 1835 2931 1889 fetum
2980 1841 3305 1905 agnoscunt,
3341 1831 3419 1887 ni-

1834 1929 1912 1984 hil
1956 1929 2224 1984 absonum
2260 1929 2314 1983 in
2367 1927 2490 1998 ejus
2523 1926 3004 1994 enarrationibus,
3056 1925 3193 1980 nihil
3238 1926 3419 1981 detor-

1835 2029 1972 2087 tmn,
2002 2031 2254 2075 coactum
2290 2020 2429 2075 nihil
2457 2019 2511 2075 in
2535 2018 2655 2089 ejus
2685 2017 2982 2089 allegoriis,
3019 2018 3156 2072 nihil
3188 2018 3423 2088 denique

1833 2112 1951 2167 viro
1973 2112 2277 2182 apostolico
2315 2111 2602 2183 indignum
2638 2110 2692 2164 in
2723 2126 2787 2165 ea
2823 2109 3133 2177 detexisse;
3166 2110 3420 2180 adeoque

1835 2204 1972 2259 nihil
2002 2206 2148 2275 quod
2180 2206 2300 2274 ejus
2340 2213 2555 2259 mtatem
2600 2217 2709 2256 non
2751 2201 2930 2256 ferat:
2963 2213 3022 2256 ut
3060 2201 3289 2272 proinde
3318 2201 3423 2255 mi-

1836 2298 1983 2352 nime
2017 2297 2275 2352 audiendi
2307 2296 2597 2351 vidcantur
2642 2294 2893 2349 nonnulli
2926 2294 3297 2362 recentiores,
3327 2294 3421 2364 qui

1834 2389 1900 2443 de
1922 2390 2063 2463 stylo
2095 2388 2427 2457 scripturum
2452 2384 2881 2457 apostolicorum
2917 2385 3114 2440 melius
3148 2401 3315 2455 quam
3335 2401 3423 2440 co-

1834 2482 2084 2537 rutndem
2117 2480 2401 2551 discipuli,
2445 2479 2648 2549 aliique
2691 2489 2787 2533 aut
2820 2478 3117 2549 synchroni
3171 2489 3265 2533 aut
3297 2493 3422 2548 sup-

1833 2587 1992 2641 pares
2024 2571 2298 2636 homines,
2331 2586 2390 2625 se
2409 2570 2657 2640 judicare
2688 2583 2852 2639 posse
2883 2570 3185 2623 conlidunt.
3212 2567 3330 2636 Qua
3353 2571 3422 2625 de

1835 2678 1893 2717 re
1936 2661 2093 2733 plura
2128 2664 2264 2717 satis
2308 2660 2554 2732 apposite
2601 2659 2723 2714 aliis
2766 2660 3057 2714 observata
3106 2662 3248 2731 apud
3287 2659 3421 2715 Zor-

1834 2757 1988 2811 nium
2007 2757 2054 2788 "
2087 2756 2350 2827 reperias.

1904 2848 2146 2921 Pergunt
2174 2848 2475 2905 adversarii
2502 2888 2517 2913 ,
2556 2862 2730 2920 eaque
2760 2855 3017 2918 regerunt
3043 2861 3167 2918 quae
3196 2845 3264 2901 de
3288 2860 3424 2916 apo-

1833 2942 1987 2998 stolis
2039 2940 2295 3012 Epistulae
2351 2950 2541 2997 auctor
2595 2940 2683 2995 his
2742 2940 2926 2996 verbis
2983 2937 3419 3011 pronuntiat“:

1836 3033 2060 3099 Quando
2085 3043 2291 3100 autem,
2336 3033 2432 3098 ait,
2483 3032 2751 3103 apostolos
2784 3048 2908 3087 suos
2946 3033 3038 3103 qui
3076 3031 3423 3102 prwdicaturi

1755 3141 1801 3199 (ζ
1832 3136 1983 3183 erant
2014 3126 2163 3181 illius
2201 3125 2548 3197 Evangelium
2573 3124 2751 3195 elegit,
2779 3125 3014 3179 homines
3036 3125 3179 3179 omni
3208 3136 3424 3194 peccato

1831 3214 2161 3285 iniquiores,
2204 3213 2365 3277 ὄντας
2416 3213 2560 3284 ὑπὲρ
2603 3214 2785 3267 πᾶσαν
2839 3214 3112 3286 ἁμαρτίαν
3146 3211 3422 3284 ἀνομωτέ-

1833 3323 1980 3377 ρους,
2008 3316 2068 3359 ut
2108 3306 2399 3361 ostenderet
2431 3305 2569 3376 quod
2602 3321 2707 3358 non
2732 3305 2874 3359 venit
2912 3321 3097 3359 vocare
3120 3304 3301 3375 justas
3329 3303 3419 3358 sed

1830 3409 2126 3471 peccatores
2171 3400 2241 3454 ad
2275 3400 2641 3469 pwnitentiam
2665 3415 2685 3465 ;
2715 3408 2839 3453 tunc
2868 3399 3050 3469 palam
3080 3399 3205 3469 fecit
3226 3415 3281 3453 se
3308 3414 3419 3453 esse

1832 3491 2037 3547 Filium
2070 3491 2187 3546 Dei.
2215 3490 2350 3561 Quis
2385 3499 2567 3546 autem
2590 3491 3087 3561 credat,inquiunt,
3119 3492 3420 3561 apustolus,

1833 3583 2119 3638 hominum
2150 3583 2533 3654 iniquissimus
2550 3591 2605 3637 et
2636 3599 2792 3653 super
2824 3599 2974 3637 orline
3003 3592 3271 3653 peccatum
3300 3598 3419 3652 pec-

1831 3685 2068 3743 catores,
2097 3690 2128 3730 a
2162 3674 2412 3731 Barnaba
2457 3674 2631 3731 fuisse
2668 3675 2933 3730 vocatos?
2966 3674 3255 3746 Simplices
3297 3678 3420 3747 qui-

1831 3769 1977 3836 dem,
2012 3768 2201 3835 rudes,
2232 3768 2518 3838 imperitos
2541 3776 2707 3838 atque
2729 3768 2979 3824 homines
3006 3768 3278 3823 interdum
3310 3785 3420 3824 ma-

1832 3860 1917 3916 los
1945 3858 2123 3918 fuisse
2158 3859 2282 3916 illos
2317 3860 2372 3914 in
2406 3859 2580 3915 sacris
2606 3860 2800 3917 litteris
2831 3860 3106 3932 legimus;
3142 3869 3199 3915 at
3227 3876 3414 3934 pecca-

1834 3962 1980 4009 tores
2010 3952 2256 4008 omnium
2286 3953 2560 4009 maximos
2589 3970 2687 4010 eos
2709 3955 2987 4011 exstitisse
3019 3970 3128 4009 non
3162 3955 3418 4027 legimus.

1904 4044 2117 4111 Quibus
2143 4045 2380 4116 primum
2414 4060 2480 4100 cx
2520 4046 2763 4100 virorum
2802 4046 3247 4102 doctissimorum
3289 4062 3418 4102 sen-

1835 4137 2001 4191 tentia
2028 4138 2369 4207 reponimus,
2387 4138 2524 4193 nihil
2553 4140 2605 4193 in
2630 4138 2930 4207 Scripturis
2951 4154 3242 4195 occurrere
3266 4139 3415 4209 quod

1834 4229 1965 4285 huic
1995 4228 2259 4285 Barnaba:
2285 4231 2432 4286 dicto
2463 4240 2749 4302 repugnet.
2779 4229 2985 4286 Deinde
3013 4247 3144 4287 vero
3165 4232 3296 4302 quid
3321 4233 3420 4287 ub-

1835 4330 1943 4376 stat
1972 4322 2104 4392 quin
2136 4322 2256 4392 ejus
2283 4322 2449 4378 verba
2480 4323 2559 4377 sic
2593 4320 2954 4392 accipiantur,
2988 4332 3047 4378 ut
3091 4324 3227 4377 nihil
3270 4324 3419 4378 aliud

1834 4421 2055 4479 sonent,
2082 4427 2246 4482 quam
2278 4411 2553 4482 apostolos
2578 4420 2870 4481 antequam
2890 4422 3237 4475 vocarentur,
3263 4412 3417 4482 plura

148 4494 450 4566 Epistulam
478 4496 641 4558 hanc,
678 4510 800 4564 qua:
837 4493 950 4549 fere
986 4504 1099 4549 tota
1135 4506 1217 4550 est
1250 4496 1303 4549 in
1334 4494 1633 4567 Synagogae
1657 4497 1730 4551 ri-
1761 4484 1809 4545 ἰ)
1834 4512 1888 4557 ει
1922 4502 2105 4575 gravia
2128 4502 2349 4573 quidem
2378 4503 2677 4571 peccasse?
2711 4500 2767 4556 ld
2794 4517 2927 4557 sane
2946 4502 3014 4557 de
3042 4501 3294 4557 Matthaeo
3319 4520 3419 4573 pu-

149 4591 294 4646 tibus
329 4598 384 4644 et
420 4605 703 4644 sacrarum
750 4588 1156 4659 Scripturarum
1205 4591 1449 4663 mysticis
1475 4593 1730 4649 sensibus

118 4682 481 4747 evolvendis,
519 4683 584 4737 ad
620 4682 776 4737 rudis
820 4683 966 4754 vulgi
1010 4692 1229 4753 captum
1273 4684 1458 4739 minus
1483 4701 1603 4741 esse
1632 4702 1728 4740 ac-

147 4774 586 4840 commodatam;
625 4782 680 4828 et
710 4774 936 4843 proinde
966 4775 1262 4830 verisimile
1290 4787 1392 4842 est,
1421 4793 1451 4832 a
1492 4778 1727 4833 lectione

147 4870 266 4938 ejus
307 4867 526 4938 publica
565 4865 863 4921 Ecclesiam
910 4876 1033 4936 post
1062 4878 1276 4937 tempus
1308 4868 1526 4941 aliquod
1555 4868 1726 4924 absti-

148 4963 400 5016 nuisse...
436 4957 550 5013 Iloc
578 4973 708 5013 vero
738 4958 962 5012 ﬁdenter
984 4960 1235 5027 dixerim,
1262 4959 1559 5031 Epistolatn
1586 4963 1727 5019 hanc

146 5072 254 5125 quo
284 5054 522 5124 penitius
563 5052 929 5122 intelligatur,
959 5068 1024 5107 eo
1060 5054 1422 5123 acceptiorem
1460 5053 1723 5123 futuram,

142 5157 199 5201 et
224 5147 292 5200 ad
317 5160 600 5201 sacrarum
631 5145 936 5199 litterarum
962 5160 1063 5201 nec
1086 5162 1191 5200 nun
1217 5146 1725 5216 antiquiSsimorum

145 5236 369 5293 Patrum
387 5238 753 5309 cognitionem
779 5237 1072 5307 plurimum
1091 5237 1381 5295 facturam.
1401 5238 1722 5309 Quanquam

146 5331 292 5386 enim
325 5339 620 5399 perpetuus
642 5327 856 5385 Veteris
881 5327 1232 5386 Instrumenti
1260 5332 1328 5386 ad
1357 5331 1610 5388 Messiam
1634 5348 1724 5388 re-

148 5434 371 5495 spectus
416 5422 575 5477 nubis
616 5421 776 5492 quasi
820 5437 913 5492 per
975 5431 1327 5478 transennam
1375 5438 1440 5479 ex
1483 5424 1723 5485 Chaldzei

147 5514 528 5586 Paraphrastis
558 5514 833 5570 stricturis
853 5552 870 5581 ,
900 5515 1229 5585 scriptorum
1277 5514 1723 5574 Talmudicorum

1834 4594 2050 4650 blicano
2081 4602 2329 4659 constat;
2376 4594 2427 4647 id
2452 4608 2673 4664 quoque
2703 4593 2770 4648 de
2791 4592 3042 4662 apostolo
3078 4592 3270 4660 Paulo,
3296 4595 3414 4663 qui,

1835 4696 1894 4740 ut
1917 4686 2141 4755 ipsemet
2171 4688 2237 4740 de
2269 4700 2329 4739 se
2352 4684 2633 4752 scribit",
2670 4684 2819 4754 prius
2857 4683 3189 4753 blasphemus
3227 4684 3330 4753 fuit
3365 4693 3415 4738 et

1831 4789 2130 4848 persecutor
2148 4788 2197 4832 et
2222 4777 2663 4842 contumeliosus;
2707 4776 2909 4847 quique
2960 4778 3201 4845 seipsum
3231 4779 3418 4847 appel-

1832 4873 1908 4929 lat
1933 4881 2266 4943 peccatorum
2297 4872 2549 4941 primum,
2596 4871 2677 4926 sic
2708 4870 2961 4940 inquiens
2992 4887 3005 4921 :
3042 4870 3277 4941 Χριστὸς
3314 4871 3416 4941 Ἰη-

1836 4965 1962 5029 σοῦς
2017 4959 2182 5035 ἦλθεν
2214 4966 2294 5027 εἰς
2344 4964 2435 5016 τὸν
2469 4962 2673 5033 κόσμον
2704 4963 3065 5035 ἁμαρτωλοὺς
3096 4962 3290 5027 σῶσαι,
3340 4956 3415 5017 ὧν

1833 5057 2047 5130 πρῶτός
2079 5059 2193 5128 εἰμι
2222 5055 2332 5125 ἐγώ
2360 5073 2373 5085 ·
2406 5070 2516 5127 quo
2548 5054 2687 5110 forte
2710 5056 2762 5109 in
2795 5056 2985 5125 primis
3015 5055 3253 5125 respexit
3282 5054 3418 5110 Bar-

1833 5151 2040 5218 nabas,
2080 5148 2323 5219 ejusdem
2368 5146 2523 5201 Pauli
2567 5147 2923 5219 συνέκδημος,
2973 5146 3103 5202 dum
3136 5148 3415 5219 apostolos

1831 5240 2152 5311 priusquam
2204 5238 2560 5307 eligerentur,
2616 5237 2864 5293 homines
2892 5247 3051 5293 vocat
3078 5237 3238 5303 ὄντας
3270 5237 3413 5309 ὑπὲρ

1833 5335 2011 5388 πᾶσαν
2028 5330 2299 5403 ἁμαρτίαν
2326 5330 2724 5403 ἁνομωτέρους·
2743 5346 2921 5401 neque
2942 5331 3086 5385 enim
3110 5330 3409 5401 quidquam

1832 5442 1935 5483 nos
1965 5426 2131 5497 c0git,
2158 5433 2221 5480 ut
2248 5422 2317 5478 de
2346 5424 2603 5479 omnibus
2624 5432 2678 5479 et
2703 5424 2935 5494 singulis
2965 5423 3226 5494 apostolis
3254 5422 3308 5478 id
3340 5422 3409 5477 ab

1829 5535 1896 5575 co
1944 5518 2151 5574 dictum
2196 5515 2583 5584 intelligamus.
2634 5514 2774 5581 Quid
2801 5516 3041 5585 quaeris?
3074 5514 3222 5569 Duos
3251 5512 3407 5567 lucu-

254 5677 296 5707 ³¹
330 5673 598 5741 Tentzel.,
627 5642 1111 5745 Exercit._se_lect.,
1134 5682 1284 5745 part.
1314 5687 1354 5739 ι,
1376 5687 1438 5745 7p.
1478 5672 1598 5745 152.
1640 5675 1686 5706 ⁸²
1719 5674 1977 5745 Basnag.,
2022 5670 2229 5745 Annal.
2252 5670 2402 5745 polit.
2426 5670 2578 5745 earl,
2611 5669 2675 5725 ad
2703 5669 2916 5745 an.n50,
2953 5668 2978 5738 §
3148 5668 3195 5700 ⁸³
3234 5665 3402 5720 llam-

152 5747 363 5816 mond.,
397 5746 623 5800 Dissert.
656 5760 695 5811 t,
719 5761 841 5816 cap.
880 5742 1183 5816 '1,§§.i,__5,
1217 5760 1340 5815 pag.
1363 5744 1456 5806 ‘22,
1481 5744 1573 5799 23.
1650 5745 1697 5816 ’ξ
1725 5745 1882 5816 ΕΟΙΙ.,

1921 5740 2128 5813 praefat.
2167 5744 2233 5799 ad
2269 5740 2441 5813 Epist.
2473 5740 2639 5797 Baru.
2719 5742 2765 5773 ⁸⁵
2797 5740 2985 5809 Zurn.,
3020 5742 3215 5810 Opuse.
3236 5752 3404 5801 sacr.,

152 5827 284 5873 tum.
319 5815 358 5884 ι,
386 5831 441 5885 p.
470 5817 576 5873 648
607 5832 722 5889 seq.
788 5813 849 5849 ’⁵⁸
886 5813 1049 5873 Baru.
1076 5813 1416 5886 Epist.,cap.
1453 5820 1506 5877 5.
1575 5816 1625 5849 ³⁷
1677 5814 1727 5873 ιι

1842 5854 1866 5873 η.
1898 5832 1941 5881 t,
1982 5813 2178 5879 13,15.
