3818 6216
388 306 483 362 691

1565 311 1621 366 S.
1667 308 1986 363 BARNABA
2001 308 2035 365 Ξ
2075 308 2501 368 APOSTOLlTS.

3561 317 3657 371 ('92

384 432 720 488 lentissimos
766 432 931 503 hujus
960 447 990 487 a
1026 429 1271 485 Barnaba
1307 428 1533 498 prolatae
1563 428 1848 483 sententia:
1878 444 1974 498 pa—
2002 434 2047 491 Α
2078 436 2220 493 rant,
2259 443 2389 483 suas
2433 438 2645 483 tantum
2696 430 3126 499 conjectationes
3173 432 3338 487 nullis
3374 434 3655 490 rationum

384 535 596 589 tronos,
623 525 909 595 Origencm
950 534 1004 579 et
1045 522 1437 591 Hieronymum
1458 561 1473 585 ,
1504 520 1558 574 in
1588 530 1840 589 promptu
1870 519 1967 573 ha-

383 616 600 672 bemus.
626 616 721 671 Ille
750 617 959 672 scilicet
994 623 1181 671 contra
1232 613 1451 668 Celsum
1485 612 1793 682 disputans,
1827 610 1963 665 Bar-

383 710 539 765 nabas
567 709 771 764 dictum
802 708 1036 763 fortasse
1074 706 1445 775 arripientem,
1478 720 1588 774 quo
1618 704 1844 773 infames
1867 704 1963 757 ho-

382 803 547 855 mines
575 801 738 871 fuisse
766 798 1053 870 apostolos,
1077 796 1388 867 publicanos
1412 807 1463 851 et
1488 806 1680 852 nautas
1705 796 1964 865 nequissi-

381 910 494 946 mos
536 894 776 959 diceret,
809 894 924 947 haec
972 890 1241 945 habet":
1292 889 1359 941 Ti
1400 883 1495 942 οὖν
1528 891 1748 951 ἄτοπον,
1788 888 1966 957 βουλό-

384 1002 544 1055 μενον
581 984 931 1058 παραστῆσαι
969 982 1049 1055 τῷ
1080 982 1229 1052 γένει
1260 981 1371 1034 τῶν
1412 979 1715 1052 ἀνθρώπων
1745 980 1839 1032 τὸν
1856 981 1961 1049 Ἰη-

383 1077 529 1142 σοῦν,
566 1078 835 1149 ὁπηλίκην
869 1076 982 1147 ἔχει
1024 1066 1214 1146 ψυχῶν
1263 1074 1535 1146 ἰατρικὴν,
1572 1073 1699 1136 τοὺς
1733 1072 1963 1142 empse,-

376 1187 505 1233 τους
550 1170 644 1222 καὶ
694 1154 1123 1239 πονηροτάτους
1162 1164 1548 1232 ἐπιλέξασθαι,
1599 1164 1694 1217 καὶ
1740 1162 1963 1225 τούτους

377 1264 711 1333 προαγαγεῖν
752 1260 844 1313 ἐπὶ
874 1259 1128 1312 τοσοῦτον
1152 1299 1167 1324 ,
1215 1258 1345 1311 ὥστ’
1388 1258 1585 1320 αὐτοὺς
1619 1255 1965 1325 παράδειγμα

378 1348 517 1428 σῖναι
546 1352 708 1424 ἤθους
738 1351 1127 1425 καθαρωτάτου
1160 1354 1276 1415 τοῖς
1300 1350 1367 1404 δι’
1401 1349 1583 1403 αὐτῶν
1613 1346 1962 1421 προσαγομέ-

376 1462 491 1509 νοις
546 1444 625 1516 τῷ
670 1443 907 1515 Χριστοῦ
958 1443 1309 1514 Εὑαγγελιῳ·
1396 1442 1537 1507 Quid
1584 1457 1705 1513 ergo
1744 1439 1964 1493 absurdi

376 1550 476 1606 est,
510 1540 558 1593 si
589 1537 746 1594 Jesus
787 1539 1059 1591 ostendere
1101 1536 1278 1591 volens
1319 1537 1549 1589 humano
1584 1534 1962 1605 generi,quam

375 1631 609 1701 efﬁcacia
639 1631 744 1684 sint
782 1644 899 1699 quae
922 1627 1117 1691 morbis
1147 1628 1448 1681 animarum
1471 1622 1683 1677 adhibet
1702 1622 1958 1688 remedia,

377 1700 603 1793 infames
632 1732 681 1777 et
702 1721 1048 1792 nequissimos
1070 1719 1303 1790 elegerit,
1323 1718 1545 1788 illosque
1558 1733 1616 1770 eo
1638 1715 1959 1785 provexerit,

377 1824 434 1889 ut
464 1815 762 1887 purissima
803 1815 924 1867 vitta
970 1797 1266 1881 exemplum
1304 1818 1475 1865 essent
1514 1810 1605 1876 iis,
1654 1808 1743 1879 qui
1778 1822 1961 1862 eorum

376 1907 675 1975 ministerio
709 1906 779 1977 ad
810 1904 1151 1979 Evangelium
1176 1901 1375 1958 Christi
1405 1902 1832 1956 adducerentur?
1864 1901 1960 1956 Vi-

374 1998 479 2053 den
510 1998 817 2069 Origenem,
849 1997 1030 2070 virum
1072 1997 1225 2051 illum
1256 1996 1418 2066 longe
1462 1994 1872 2061 doctissimum,
1902 1994 1957 2049 in

376 2107 488 2162 quo
512 2101 662 2145 tanta
684 2091 759 2145 vis
792 2089 1017 2163 ingenii,
1045 2098 1155 2161 tam
1182 2088 1468 2159 profundi,
1503 2098 1612 2142 tam
1639 2088 1780 2141 acris
1801 2129 1817 2155 ,
1849 2096 1957 2141 tam

374 2187 653 2255 elegantis,
700 2195 760 2238 ut
788 2178 964 2238 omnes
1010 2199 1136 2255 pene
1188 2182 1416 2236 multum
1443 2182 1694 2252 longeque
1736 2197 1957 2251 supera-

374 2287 453 2332 ret
476 2278 521 2311 "
551 2294 566 2342 ;
598 2274 909 2346 Origenem,
938 2274 1185 2344 inquam,
1212 2273 1348 2327 nihil
1372 2273 1563 2328 absoni
1595 2272 1721 2326 huic
1741 2281 1958 2328 senten-

375 2370 466 2425 tiae
492 2370 692 2434 inesse,
725 2368 861 2423 nihil
884 2367 1132 2422 Barnaba
1166 2367 1375 2442 indigni
1400 2366 1723 2421 censuisse?

444 2482 631 2554 Neque
661 2481 818 2537 aliter
846 2480 904 2537 S.
950 2479 1339 2551 Hieronymus,
1379 2478 1474 2548 qui
1510 2476 1818 2548 Pelagianis
1854 2476 1957 2532 ob~

368 2575 492 2646 jicit
513 2576 758 2631 eamdem
785 2573 1048 2629 Baruahee
1080 2570 1407 2639 sententiam
1430 2569 1498 2635 ”,
1532 2570 1658 2641 licet
1681 2568 1958 2639 memoria:

373 2668 530 2736 lapsu
587 2666 733 2719 illam
792 2663 1002 2733 lgnatio
1050 2661 1278 2731 martyri
1340 2660 1578 2728 tribuat;
1633 2669 1957 2730 tantumque

372 2758 529 2813 abest
561 2765 621 2811 ut
664 2771 784 2810 eam
821 2754 905 2807 vel
957 2753 1149 2807 leviter
1196 2760 1387 2819 notet,
1418 2762 1479 2806 ut
1509 2751 1748 2822 maxime
1790 2753 1955 2807 etiam

373 2848 548 2919 ipsam
587 2863 653 2902 ex
682 2845 1032 2901 Psalmista“
1065 2846 1421 2911 conﬁrmans,
1467 2844 1549 2899 sic
1583 2845 1801 2899 tandem
1834 2861 1957 2916 gra-

372 2941 517 2996 viter
541 2940 725 2995 statim
775 2938 1106 2994 concludat:
1153 2936 1357 3002 Quibus
1404 2938 1716 2991 testimoniis
1761 2939 1807 2991 si
1850 2954 1955 3007 non

371 3030 536 3085 uteris
562 3028 631 3081 ad
660 3028 1053 3094 auctoritatem,
1084 3036 1227 3081 utere
1252 3026 1438 3083 saltem
1464 3028 1533 3080 ad
1561 3029 1951 3099 antiquitatem,

371 3120 499 3191 quid
534 3136 710 3175 omnes
740 3118 1083 3174 ecclesiastici
1105 3120 1207 3174 viri
1236 3122 1515 3175 senserint.
1554 3119 1725 3176 Porro
1756 3122 1957 3176 utrius-

369 3228 479 3286 que
504 3213 817 3269 testimonio
841 3211 948 3266 vim
980 3212 1178 3268 addere
1206 3214 1418 3268 videtur
1442 3213 1499 3268 S.
1523 3212 1762 3270 Joannes
1779 3214 1953 3287 Chry-

371 3315 681 3374 SOSIOmuS;
716 3304 876 3375 cujus
901 3304 1068 3359 verba
1098 3305 1223 3360 licet
1262 3306 1328 3360 de
1358 3306 1475 3362 solo
1506 3308 1754 3377 apostolo
1780 3307 1952 3364 Paulo

369 3397 684 3464 eﬂ'erantur,
713 3396 851 3451 mire
883 3404 1066 3451 tamen
1101 3397 1168 3451 ad
1216 3406 1453 3452 mentem
1503 3396 1768 3453 Barnabas
1810 3414 1950 3469 qua-

369 3489 551 3565 drare,
588 3504 789 3557 nemo,
836 3500 895 3543 ut
939 3489 1157 3558 Opinor,
1202 3489 1329 3543 ierit
1372 3488 1604 3546 inlicias.
1643 3489 1736 3546 Sic
1785 3491 1951 3562 igitur

369 3583 460 3647 ille
485 3583 529 3615 "
557 3600 571 3636 :
604 3582 701 3652 “Ay
731 3580 910 3634 τοίνυν
941 3580 1077 3654 λέγῃ
1106 3598 1191 3645 τις
1211 3622 1224 3646 ,
1259 3581 1341 3634 ὃτι
1376 3582 1541 3635 πᾶσιν
1585 3582 1802 3651 ἀφεῖναι
1822 3582 1948 3653 βού-

366 3654 518 3743 lerat
549 3671 578 3722 ὁ
604 3668 874 3740 βασιλεὺς,
905 3670 1004 3741 οὐχ
1028 3669 1169 3723 οὕτω
1194 3670 1541 3725 πιστεύσουσι
1566 3673 1642 3739 τῷ
1667 3672 1827 3743 λόγῳ,
1845 3674 1951 3738 ἕως

367 3762 434 3817 ἂν
459 3757 614 3837 τδῳσι,
640 3761 734 3815 τὸν
759 3761 973 3815 πάντων
993 3761 1322 3836 φαυλότερον
1344 3762 1524 3815 αὐτῶν
1545 3762 1734 3816 τούτου
1761 3764 1950 3834 τυχόν-

365 3835 470 3907 ταο
504 3835 613 3934 οὐκ..
644 3854 758 3931 ἐστι
796 3854 905 3926 γὰρ
953 3854 1138 3929 λοιπον
1171 3854 1600 3926 ἀμφισϐήτησις.
1638 3854 1809 3910 Τοῦτο
1854 3857 1948 3910 καὶ

367 3946 579 4018 Παῦλός
616 3965 799 4019 φησιν,
834 3947 915 4000 ὄτι
956 3946 1277 4018 βουλόμενος
1315 3948 1343 3999 ὁ
1372 3948 1505 4010 Θεὸς
1534 3948 1947 4020 πληροφορῆσαι

363 4039 490 4103 τοὺς
523 4038 872 4111 ἀνθρώπους,
895 4039 977 4091 ὅτι
1010 4038 1188 4091 πάντα
1225 4039 1411 4111 αὐτοῖς
1438 4038 1652 4111 ἀφίησι,
1684 4039 1775 4094 τὸν
1809 4041 1948 4095 πάν-

363 4151 471 4188 των
515 4131 965 4205 ἁμαρτωλὸτερον
1022 4131 1215 4184 εἵλετο.
1300 4130 1359 4185 Si
1404 4132 1523 4202 quis
1573 4149 1695 4203 ergo
1747 4134 1947 4189 dixe-rit

364 4222 492 4277 t-elle
520 4237 691 4293 regem
718 4222 957 4275 omnibus
981 4222 1185 4275 veniam
1204 4221 1354 4285 dare,
1377 4238 1484 4276 non
1516 4232 1624 4287 tam
1648 4223 1807 4293 facile
1827 4241 1944 4278 cre-

362 4314 508 4379 dent,
538 4314 701 4367 donec
741 4312 966 4366 viderint
997 4312 1232 4364 omnium
1256 4312 1706 4382 improbissimum
1740 4317 1946 4370 veniam

360 4415 698 4459 consecutum
726 4419 744 4459 .'
777 4404 927 4458 nulla
969 4404 1110 4457 enim
1146 4414 1328 4473 postea
1363 4404 1633 4461 dubitatio
1664 4412 1938 4478 supererit.

365 4493 480 4548 Hoc
504 4505 554 4549 et
594 4493 799 4567 Paulus
828 4493 959 4546 dicit
986 4491 1167 4562 :quod
1195 4508 1376 4561 nempe
1396 4494 1570 4548 volens
1595 4493 1738 4550 Deus
1770 4497 1944 4552 homi-

364 4593 449 4661 nes
483 4582 730 4635 certiores
753 4582 947 4651 facere,
977 4581 1117 4651 quod
1152 4582 1334 4635 omnia
1370 4581 1482 4636 illis
1513 4585 1790 4654 condonet,
1821 4605 1940 4642 eum

366 4675 450 4743 1ui
476 4673 596 4741 plus
629 4689 789 4744 quam
813 4689 990 4750 omnes
1014 4682 1227 4743 peccato
1262 4674 1521 4729 obnoxius
1551 4686 1688 4742 erat,
1721 4678 1935 4749 delegit.

383 4749 391 4760 ’
433 4764 636 4820 Verum
653 4756 724 4819 ad
747 4765 852 4819 alia
878 4749 1257 4842 preperautes,
1284 4782 1448 4820 unam
1472 4766 1651 4823 adhuc
1673 4768 1939 4839 objectio-

362 4873 485 4935 nem
516 4846 997 4937 brevitersollvere
1026 4866 1214 4935 nostra
1247 4857 1495 4924 interest,
1533 4873 1645 4928 qua
1675 4862 1935 4917 nimirum

360 4948 639 5027 impetitur
670 4947 840 5019 hujus,
861 4945 1121 5027 Epistolas
1150 4948 1457 5019 integritas.
1503 4946 1795 5006 Nonnullis
1832 4952 1937 5007 ita-

359 5028 468 5110 que
490 5026 621 5092 viris
638 5037 866 5093 eruditis
890 5028 1304 5113 monumentum
1331 5040 1476 5095 istud
1498 5042 1936 5099 vetustissimum

360 5132 447 5213 vel
470 5131 745 5202 plerisque
777 5131 1132 5213 insitionibus
1154 5116 1441 5208 infectum,
1484 5135 1569 5207 vel
1590 5135 1780 5207 otiosis
1803 5136 1937 5192 laci-

361 5208 470 5282 niis
499 5226 721 5281 aliunde
754 5208 945 5299 ascitis
968 5228 1264 5299 adauctum
1295 5230 1532 5295 videtur.
1568 5229 1627 5285 Si
1660 5243 1843 5288 autem
1867 5232 1937 5289 ab

361 5318 563 5404 iisdem
596 5332 813 5389 quaeras
838 5333 939 5373 cur
972 5317 1191 5394 demum
1216 5319 1531 5398 istiusmodi
1553 5319 1825 5403 judicium
1856 5321 1936 5377 fe-

433 5496 479 5527 ”
508 5493 756 5560 0rigen.,
786 5502 926 5548 cont.
963 5494 1226 5560 Cels.,lih.
1255 5514 1292 5560 I,

1320 5498 1457 5568 §65.
1500 5500 1545 5531 ³⁹
1572 5498 1728 5553 Vinc.
1767 5500 1966 5564 Lirim,
1992 5499 2292 5564 Common.,
2324 5511 2425 5568 cap

2068 519 2367 573 momentis
2420 520 2640 575 innixas
2690 522 2787 576 tibi
2818 522 3140 580 obtrudunt.
3176 522 3235 578 ln
3282 525 3482 595 primis
3532 544 3657 581 vero

2067 610 2423 677 posteriorem
2461 608 2719 680 Epistula:
2751 622 2956 682 partem
2982 618 3389 685 parmueticam,
3416 631 3656 688 quatuor

2067 700 2364 767 postremis
2405 702 2678 770 capitibus
2715 704 2875 758 18-21
2911 716 3252 763 constantem
3276 751 3291 775 ,
3322 710 3486 779 plane
3530 715 3658 765 sub-

2063 788 2296 842 dititiam
2346 804 2469 845 esse
2520 795 2877 848 contendunt.
2931 794 3161 866 Jamque
3207 798 3655 870 interpolameuti

2065 883 2467 951 suspicionem,
2500 899 2531 938 a
2558 886 2765 941 coactis
2795 887 3073 959 allegoriis
3111 890 3345 961 aliisque
3378 894 3656 963 capitibus

2063 975 2307 1045 petitam,
2345 977 2509 1031 modo
2562 980 2696 1034 satis
2729 981 2993 1038 diluimus
3023 1000 3036 1035 :
3074 1001 3219 1040 nunc
3248 1002 3378 1041 vero
3413 988 3486 1041 ad
3522 988 3655 1042 illud

2063 1066 2400 1135 praecipuum
2444 1068 2512 1123 de
2542 1071 2912 1127 additamenta
2941 1075 3088 1144 quod
3133 1077 3413 1147 objicitur,
3442 1079 3653 1149 stylum

2063 1158 2463 1214 convertimus.
2488 1158 2600 1215 Nec
2624 1162 2810 1217 multis
2841 1166 3062 1235 quidem
3087 1182 3245 1238 opus,
3279 1185 3384 1240 qua
3414 1172 3654 1225 evanida

2060 1249 2346 1305 evincatur
2373 1252 2756 1323 interpellatio.
2784 1258 3039 1315 Clemens
3062 1278 3299 1333 namque
3320 1265 3653 1321 Alexandri-

2061 1358 2166 1397 nus
2190 1343 2369 1399 locum
2395 1347 2590 1402 recitat
2613 1364 2677 1403 ex
2711 1349 2968 1419 Epistolas
2996 1364 3195 1409 nostra
3221 1356 3399 1425 capite
3427 1357 3649 1421 ultimo,

2062 1432 2401 1506 descriptum
2470 1439 2620 1494 hisce
2662 1442 2842 1498 verbis
2862 1444 2958 1497 ⁶³ε
3013 1445 3230 1516 Ἀμέλει
3291 1448 3575 1517 μυστικῶς
3621 1453 3653 1502 ὁ

2060 1526 2363 1597 Βαρνάϐας·
2414 1531 2466 1583 '0
2495 1531 2565 1585 δὲ
2596 1535 2739 1602 Θεὸς
2773 1540 2806 1590 ό
2847 1537 2953 1591 τοῦ
2985 1539 3212 1606 παντὸς
3259 1541 3495 1608 κόσμου
3543 1560 3650 1597 κυ-

2052 1616 2271 1682 ριεύων
2292 1659 2307 1685 ,
2345 1636 2499 1691 φησι,
2538 1622 2658 1690 δῴη
2686 1624 2830 1692 ὑμῖν
2862 1629 3087 1696 σοφίαν
3107 1672 3121 1696 ,
3147 1648 3201 1683 κ.
3233 1648 3285 1683 τ.
3319 1631 3370 1685 λ.
3421 1631 3649 1701 Mystice

2060 1708 2292 1779 profecto
2313 1710 2588 1767 Barnabas
2610 1730 2629 1767 :
2664 1736 2681 1767 ι
2704 1715 2845 1771 Deus
2872 1720 2962 1783 qui
2986 1722 3225 1776 universo
3244 1724 3437 1776 mundo
3470 1723 3647 1779 donti—

1992 1849 2035 1903 Β
2060 1812 2245 1865 natur,
2282 1802 2459 1874 inquit
2472 1842 2487 1869 ,
2510 1805 2595 1859 det
2638 1808 2779 1862 vobis
2809 1812 3148 1880 sapientium,
3193 1834 3213 1867 ι
3242 1826 3348 1871 etc.
3381 1817 3645 1887 Origenes

2059 1890 2187 1946 item
2212 1894 2397 1949 verbis
2426 1895 2830 1966 disertissimis,
2862 1910 2918 1955 et
2958 1903 3178 1972 quidem
3212 1906 3427 1961 duobus
3457 1909 3516 1962 in
3559 1910 3641 1964 lo-

2057 1984 2139 2040 cis
2176 1984 2241 2052 “,
2274 1984 2539 2043 Barnabas
2578 1994 2904 2047 sententiam
2937 1994 3123 2051 laudat
3178 1998 3243 2052 de
3285 2000 3493 2055 duabus
3522 2003 3639 2067 riis,
3677 2017 3682 2020 '

2054 2092 2178 2147 quae
2208 2077 2261 2131 in
2303 2078 2424 2148 ejus
2465 2079 2724 2151 Epistulae
2770 2086 2947 2155 capite
2996 2087 3063 2143 l8
3103 2093 3341 2146 occurrit
3387 2110 3399 2144 :
3436 2092 3639 2149 Eadem

2053 2183 2276 2239 quoque,
2310 2170 2524 2241 inquit,
2563 2171 2843 2228 Barnabas
2872 2176 2928 2230 in
2974 2175 3219 2247 Epistola
3249 2198 3346 2235 sua
3368 2184 3634 2252 declarat,

2053 2279 2171 2317 sum
2193 2265 2328 2318 duas
2363 2266 2472 2319 vias
2508 2283 2619 2320 esse
2656 2268 2811 2335 dicit,
2836 2286 2997 2322 unam
3022 2271 3156 2325 lucis
3180 2314 3194 2340 ,
3234 2274 3463 2328 alteram
3502 2286 3638 2331 tene—

2053 2353 2294 2422 brarnnt,
2314 2356 2503 2426 quibus
2546 2367 2594 2410 et
2616 2374 2840 2427 praeesse
2870 2370 3037 2414 certos
3064 2378 3294 2433 quosque
3318 2365 3534 2434 angelos
3555 2370 3636 2420 di-

2053 2446 2145 2499 cit.
2186 2444 2278 2501 Sic
2304 2458 2360 2501 et
2387 2444 2445 2500 S.
2480 2445 2849 2520 Hieronymus
2883 2452 2935 2505 iu
2962 2452 3104 2507 libro
3130 2470 3318 2524 quem,
3345 2454 3630 2513 Philonem

2050 2550 2104 2591 et
2134 2538 2418 2606 Origenem
2449 2538 2716 2607 imitatus,
2742 2540 2818 2596 De
2844 2546 3115 2599 nominum
3148 2545 3533 2603 Hebraicorum
3555 2554 3634 2605 ia-

2054 2631 2428 2697 terpretatione
2457 2632 2791 2701 composuit,
2820 2634 2961 2689 inter
2983 2633 3247 2692 llehraica
3275 2640 3632 2712 nominaque

2053 2719 2105 2773 iu
2134 2718 2397 2776 Barnabas
2419 2719 2660 2791 Epistula
2692 2733 2930 2794 exstant,
2955 2742 3143 2783 vocem
3172 2728 3343 2783 Satan
3367 2744 3631 2801 recenset,

2051 2826 2175 2881 quae
2213 2828 2345 2867 sane
2395 2829 2503 2868 non
2552 2814 2680 2869 alibi
2725 2831 2890 2886 quam
2943 2818 2996 2872 ln
3040 2819 3219 2890 capite
3270 2821 3336 2875 l8
3385 2823 3632 2893 ejusdem

2052 2894 2309 2975 Epistolas
2342 2906 2608 2961 occurrit.
2650 2905 2790 2961 Cum
2820 2908 3007 2979 itaque
3038 2909 3151 2979 jam
3187 2912 3312 2968 inde
3354 2928 3386 2967 ιι
3418 2918 3633 2971 mulis

2052 3011 2112 3057 rt,
2138 3012 2198 3051 ιιι
2223 3006 2276 3051 et
2306 3012 2355 3050 tv
2410 2996 2634 3071 Patrum
2682 3001 3081 3069 vetustissimi,
3110 3003 3364 3059 Clemens
3391 3005 3631 3061 Alexan-

2051 3087 2266 3156 drinus,
2297 3089 2557 3160 Origenes
2587 3101 2750 3161 atque
2780 3090 3175 3165 Hieronymus,
3214 3096 3405 3151 eadem
3439 3112 3505 3152 ac
3531 3114 3633 3154 nos

1979 3195 2027 3258 ο
2051 3180 2350 3251 etiamnum
2391 3182 2445 3236 in
2482 3182 2747 3259 Barnabas
2774 3183 3014 3254 Epistola
3048 3187 3410 3258 perlegerim;
3438 3189 3633 3243 innue-

2047 3270 2155 3324 rito
2196 3271 2477 3326 enimvero
2523 3270 2883 3342 posteriorem
2915 3274 3163 3343 ejusdem
3198 3284 3407 3345 partem
3438 3275 3632 3329 subse-

2048 3363 2190 3417 cutis
2214 3364 2551 3433 temporibus
2581 3363 2751 3419 fuisse
2792 3365 3195 3435 superadditam
3218 3406 3233 3433 ,
3269 3365 3515 3419 nonnulli
3544 3382 3634 3419 re-

2047 3454 2322 3509 Centiores
2371 3455 2744 3524 suspicantur.
2792 3452 2931 3511 lliuc
2960 3471 3090 3511 vero
3122 3456 3348 3525 ipsemet
3391 3457 3633 3511 Dodwel-

2047 3544 2133 3601 lus
2153 3546 2202 3579 "
2232 3556 2474 3600 veterum
2518 3548 2843 3603 auctoritate
2891 3557 3196 3618 permotus,
3226 3558 3467 3617 quatuor
3514 3550 3633 3604 lan-

2048 3638 2175 3693 data
2207 3646 2482 3706 postrema
2526 3640 2702 3709 capita
2734 3640 2998 3695 Barnabaa
3030 3640 3347 3710 ahjudicare
3377 3655 3487 3694 nou
3528 3658 3631 3696 au-

2046 3728 2171 3795 det,
2216 3730 2343 3785 licet
2374 3745 2436 3784 ea
2476 3747 2575 3802 pro
2624 3731 2867 3801 ejusdem
2913 3730 3175 3785 Barnabze
3201 3730 3386 3801 διδαχῇ
3436 3731 3630 3787 haberi

2046 3837 2212 3892 posse
2239 3822 2514 3893 conjiciat.
2555 3823 2659 3879 Sed
2688 3835 2805 3880 esto
2835 3842 2849 3877 :
2886 3824 3109 3897 διδαχῆς
3132 3827 3346 3881 titulum
3374 3826 3634 3896 aliquan-

2045 3916 2119 3971 do
2146 3932 2257 3986 pra:
2295 3931 2354 3971 se
2382 3916 2608 3971 tulerint
2645 3917 2781 3983 ista;
2808 3932 2938 3971 num
2966 3918 3090 3973 ideo
3123 3918 3396 3987 sequioris
3426 3934 3632 3976 manus

2050 4016 2424 4061 assumentum
2454 4021 2578 4061 esse
2609 4006 2736 4075 jure
2770 4006 2897 4076 quis
2927 4006 3174 4061 dixerit?
3202 4026 3220 4057 ι
3252 4005 3547 4076 Nimirum,
3567 4021 3634 4065 ut

2052 4098 2227 4152 verbis
2261 4107 2383 4152 utar
2413 4097 2482 4152 cl.
2526 4096 2741 4163 Felli",
2773 4099 2825 4151 iu
2876 4099 3070 4168 primis
3113 4100 3325 4153 sreculis
3352 4102 3629 4169 nonnulli,

2048 4198 2106 4244 ut
2132 4189 2398 4245 adversus
2434 4189 2671 4244 haereses
2700 4190 3120 4259 praescriberent
3162 4202 3256 4244 aut
3291 4191 3489 4261 placita
3526 4209 3630 4249 sua

2045 4280 2529 4347 commendarent,
2580 4280 2833 4351 dogmata
2887 4282 3316 4351 apostolicorum
3374 4284 3629 4337 virorum

2044 4372 2263 4443 scriptis
2291 4371 2647 4437 mandarunt,
2673 4380 2728 4427 et
2756 4373 2975 4427 illorum
3008 4374 3230 4446 διδαχάς
3256 4376 3626 4445 appellavere.

2046 4463 2219 4534 Hujus
2247 4463 2463 4534 generis
2502 4465 2718 4519 videtur
2752 4464 2926 4520 fuisse
2954 4466 3091 4521 liber
3113 4482 3276 4537 quem
3310 4481 3629 4524 memorant

1974 4532 2018 4587 D
2047 4532 2314 4613 Eusebius
2331 4557 2376 4590 "
2402 4566 2456 4612 et
2501 4558 2836 4614 Athanasius
2861 4560 2927 4623 ⁸⁸,
2959 4560 3116 4629 cujus
3129 4532 3434 4631 epigraphe
3454 4572 3579 4617 erat
3611 4583 3625 4617 :

2051 4652 2152 4704 τῶν
2184 4650 2499 4705 ἀποστόλων
2530 4649 2759 4721 διδαχαί.
2798 4649 2901 4706 Sed
2926 4660 3288 4721 prmterquam
3326 4642 3474 4721 quod
3522 4670 3631 4707 nu-

2046 4757 2233 4797 merus
2251 4756 2534 4806 versuum,
2559 4740 2612 4793 in
2644 4738 3468 4808 Stichometriisantiquissimis
3496 4741 3633 4795 huic

2047 4833 2301 4904 Epistolas
2345 4833 2681 4904 assignatus,
2732 4831 2928 4886 suadet
2973 4831 3117 4887 hanc
3152 4832 3531 4888 accessionem
3559 4838 3630 4889 ad

2044 4924 2163 4994 ejus
2195 4924 2395 4977 molem
2432 4923 2659 4976 omnino
2686 4922 2991 4977 desiderari
3021 4941 3036 4989 ;
3076 4924 3284 4993 pariter
3313 4937 3344 4976 a
3372 4923 3607 4980 Clemeu

2045 5023 2094 5068 te
2116 5013 2487 5069 Alexandrino
2519 5021 2573 5068 et
2601 5013 2853 5083 Origene,
2879 5029 2978 5069 uec
3008 5029 3116 5070 nou
3150 5023 3378 5070 auctore
3404 5014 3639 5070 Consti-

2045 5106 2314 5161 tutionum
2341 5106 2615 5173 laudatur,
2656 5120 2721 5160 ac
2755 5106 2875 5160 ali-ae
2904 5117 3088 5177 partes
3123 5108 3289 5178 hujus
3337 5106 3634 5179 Epistola.

2045 5198 2111 5254 Et
2137 5198 2183 5254 si
2212 5198 2268 5252 in
2308 5197 2515 5254 Latinis
2550 5200 2953 5269 exemplaribus
2982 5201 3280 5256 desiderari
3306 5242 3321 5267 ,
3356 5202 3637 5258 idoneum

2043 5294 2117 5351 sit
2152 5304 2532 5364 argumentum
2568 5292 2711 5348 unde
2746 5294 2948 5349 conﬁci
2983 5294 3193 5364 possit,
3223 5294 3499 5367 quidquid
3549 5299 3641 5353 sic

2431 5495 2562 5572 ..17ζ
2606 5497 2650 5528 ⁶⁶
2690 5496 2935 5572 Hierop_._,
2966 5498 3063 5553 lib.
3110 5508 3171 5572 tu
3197 5497 3637 5572 contrLPelagw

360 5563 467 5639 se.
512 5536 761 5639 νέίῖῖὲἱιίἶ
786 5536 926 5639 "illi
947 5536 1483 5638 ιιῖ“”’έῖ”ἱὲἰι’ἐγὲ‹ἷὲἱῖ,
1522 5536 1737 5623 belli?
1764 5536 2501 5639 ῖῗίἰἒὲἒὲιῗτέἑὶΐῖἓῆιῗῖξὲζ
2521 5536 2663 5637 opp.
2690 5536 3634 5639 igﬁif'i'ii,‘ii3°g."s€51":35623;:

361 5634 542 5699 Alex,
572 5634 769 5705 Strom.
820 5635 914 5690 lib.
943 5651 1002 5699 ιι,
1038 5650 1160 5705 cap.
1208 5634 1376 5705 18,'p.
1410 5639 1534 5693 472.

362 5708 417 5757 at
443 5706 535 5760 lib.
567 5710 589 5760 ι⁷
624 5703 877 5773 Ειιτριαηη
911 5707 964 5759 in
997 5702 1169 5773 Epist.
1202 5702 1270 5760 a'd
1315 5702 1492 5772 Ralm,
1528 5726 1565 5772 ι,
1588 5709 1680 5766 24.

1639 5640 1686 5671 ⁸⁵
1715 5637 1950 5710 Origeu.1

1639 5709 1680 5764 l.
1761 5711 1805 5744 ⁸⁸
1834 5711 1947 5764 Dod

2037 5641 2129 5711 ῗερὶ
2150 5637 2354 5709 ἀρχῶν,
2387 5639 2479 5692 lib.
2516 5653 2599 5702 ιιι,
2624 5654 2744 5708 cap.
2775 5637 2831 5702 2,
2863 5637 3136 5710 ςιιζοιὲι).
3162 5649 3295 5764 ῑοῐὲι.
3319 5637 3363 5705 1,
3394 5657 3449 5710 p.
3490 5642 3637 5704 140,

2037 5751 2046 5764 .
2088 5710 2305 5763 Dissert.
2344 5723 2359 5761 ι
2421 5711 2475 5761 in
2513 5707 2682 5764 Iren..
2710 5708 2737 5764 ξ
2782 5710 2871 5764 51.
2903 5726 2957 5764 D.
2991 5710 3080 5764 56.
3161 5712 3205 5743 ⁵⁸
3274 5711 3367 5764 ell.
3394 5722 3523 5764 not.
3556 5716 3637 5764 ad

1761 5707 2046 5774 “'Dodw.,
2078 5707 2305 5780 'Dissert.
2344 5723 2359 5761 ι
2421 5711 2475 5761 in
2513 5707 2737 5780 lren.,’§
2782 5707 2957 5780 δίξι).
2991 5707 3101 5766 ὅθί
3161 5712 3205 5743 ⁸⁸
3230 5707 3305 5766 Fe

3309 5711 3367 5765 ll.
3394 5722 3523 5785 not.
3556 5716 3641 5782 ad

370 5773 599 5831 Bai-nali.
630 5774 834 5849 Epist,
871 5792 991 5847 cap.
1030 5777 1116 5832 18.
1196 5779 1238 5810 θ’
1267 5777 1489 5848 Euseb,
1527 5778 1672 5837 Hist.
1704 5782 1855 5851 eccl.,
1880 5782 1976 5864 lib.
2006 5773 2090 5860 tu,
2117 5795 2236 5852 cap.
2269 5779 2360 5857 25.
2440 5780 2489 5827 ⁵⁸.
2510 5773 3011 5850 Αιὺιιιιῖερίμίόθ.
