3818 6216
112 269 235 327 695

1486 271 2019 330 PROLEGOMENA.

3289 279 3394 342 θοι

119 383 398 459 μιοῦρον
429 394 538 455 est,
577 386 876 460 genuinum
920 404 1027 446 non
1072 404 1194 446 esse
1240 390 1543 461 scriptum;
1573 390 1715 461 peri-
1744 394 1793 451 A
1820 392 2057 447 maxime
2079 392 2242 449 etiam
2292 393 2541 451 eamdem
2594 396 2819 469 insuper
2848 396 3105 456 habeam.
3156 397 3223 455 Et
3268 401 3394 473 jure

115 478 416 532 clitabitur
442 478 644 549 prioris
668 478 928 551 Epistola:
966 482 1137 552 partis
1183 480 1340 548 ﬁdes,
1372 480 1716 551 quandoqui-

116 569 267 623 dem-
291 568 483 626 Grazce
528 587 637 625 non
683 582 1019 642 compareat.
1057 573 1476 629 Conc.usionem
1505 588 1628 642 qua:
1658 572 1713 627 in

118 658 347 715 Latinis
390 663 801 734 exemplaribus
834 664 1118 719 hodiernis
1146 673 1445 734 comparet,
1476 663 1714 718 librariis

116 749 318 805 deberi
351 749 587 806 libenter
616 752 985 809 concesserim
1012 770 1028 821 ;
1064 752 1335 823 siquidem
1366 752 1405 807 ii
1442 752 1714 807 istiusmo-

115 838 177 893 di
220 839 456 912 epilogis
487 840 657 897 libros
689 856 721 896 a
750 857 811 898 se
839 843 1180 913 conscriptos
1214 842 1344 898 alibi
1386 842 1592 912 passim
1624 858 1715 897 or-

116 941 359 988 narunt.
410 931 518 988 Sed
568 943 624 988 et
674 933 881 990 iterata:
910 935 1224 1005 scriptionis
1264 946 1388 1005 post
1412 935 1713 991 solemnem

114 1023 555 1080 valedictiouem
585 1040 696 1079 non
727 1023 926 1081 desunt
947 1025 1215 1096 exempla.
1248 1024 1341 1081 Sic
1370 1024 1542 1096 Epist.
1575 1022 1617 1077 ll
1645 1022 1713 1077 ad

116 1116 487 1173 Timotheum
510 1158 523 1182 ,
548 1126 672 1187 post
717 1116 1097 1188 doxologiam,
1134 1117 1385 1187 quaadam
1431 1126 1713 1187 resumpto

116 1211 347 1264 calamo
377 1202 797 1275 subnectuntur,
835 1219 896 1264 ut
925 1209 1033 1265 alia
1066 1208 1189 1280 ejus
1233 1209 1449 1281 generis
1492 1217 1713 1278 praeter-

113 1315 271 1355 eam.
303 1319 324 1354 ι
355 1299 481 1357 Haec
506 1300 614 1356 ille.

194 1393 283 1448 Ad
339 1393 581 1464 reliquas
625 1392 847 1449 levioris
875 1394 1138 1450 momenti
1175 1392 1523 1450 difﬁcultates
1562 1394 1711 1464 quod

116 1483 348 1547 attinet,
396 1482 519 1538 illas
543 1483 682 1538 mira
726 1498 860 1539 sane
890 1483 1215 1539 dexteritate
1243 1483 1497 1540 dissolvit
1537 1482 1710 1552 Pape-

117 1574 394 1630 brochius
419 1575 503 1629 vir
531 1574 887 1632 doctissimus
911 1576 977 1643 σθ,
1006 1591 1168 1646 quem
1203 1576 1431 1647 proinde
1452 1577 1712 1631 consule-

117 1681 183 1721 re
216 1676 466 1736 praestat.
499 1664 609 1721 Eas
638 1667 791 1735 item,
828 1675 890 1723 ut
932 1668 1165 1738 tempori
1206 1683 1450 1739 parcam,
1482 1676 1702 1737 przeter-

1820 484 2064 553 quidem.
2097 484 2233 540 Nam
2284 503 2407 556 quae
2448 490 2759 547 communis
2806 488 2982 547 fertur
3030 493 3297 549 sententia
3325 496 3394 551 de

1819 574 2083 631 Barnaba:
2117 577 2221 632 sub
2250 576 2466 635 Nerone
2502 582 2786 654 martyrio,
2822 583 2975 639 nullo
3012 583 3209 641 idoneo
3232 596 3391 653 teste,

1818 667 1969 722 nulla
2022 677 2268 724 veterum
2331 672 2659 728 auctoritate
2720 673 3006 743 ﬁrmatur;
3068 677 3393 748 nullumque

1818 758 1964 828 apud
1996 760 2257 831 antiquos
2283 764 2579 834 scriptores
2615 765 2904 838 vestigium
2948 769 3213 836 occurrit,
3247 771 3391 826 unde

1816 866 1928 920 quo
1987 861 2234 923 tempore
2281 870 2595 925 supremum
2647 856 2791 913 diem
2847 860 3045 916 obierit
3087 859 3387 929 Barnabas,

1816 951 1967 997 certo
1993 952 2287 1001 statuatur.
2314 946 2516 1003 Contra
2538 964 2691 1017 vero,
2730 965 2855 1007 cum
2883 961 3098 1010 constet
3116 970 3184 1011 ex
3215 954 3383 1011 Euse-

1814 1030 1908 1088 hio
1934 1032 1981 1064 ⁷⁸
2011 1042 2066 1089 et
2106 1032 2436 1107 Hieronymo
2461 1037 2531 1104 ",
2558 1040 2839 1109 apostolos
2880 1039 3100 1097 Petrum
3150 1052 3205 1098 et
3244 1042 3391 1098 Pau-

1814 1123 1929 1179 lum
1965 1125 2161 1180 ultimo
2209 1125 2444 1184 Neronis
2467 1144 2633 1198 anno,
2653 1130 2707 1185 id
2727 1140 2811 1187 est
2836 1147 2981 1187 anno
3020 1133 3111 1198 68,
3140 1135 3403 1206 martyrii:

1813 1216 2053 1285 palmam
2079 1215 2252 1273 fuisse
2276 1218 2503 1289 adeptos
2538 1238 2552 1275 :
2588 1222 2780 1291 quidni
2803 1239 2932 1294 ergo
2962 1223 3242 1280 Barnabas
3266 1234 3389 1295 post

1812 1313 2026 1377 captam
2056 1322 2088 1362 a
2119 1306 2243 1362 Tito
2290 1307 2722 1383 Hierosolymam
2766 1329 2913 1369 anno
2942 1314 3031 1381 70,
3063 1316 3271 1386 aliquot
3296 1317 3389 1371 ad-

1812 1397 1921 1454 huc
1949 1414 2124 1455 annos
2147 1400 2216 1455 ab
2250 1415 2439 1457 eorum
2472 1404 2848 1473 apostolorum
2892 1406 3156 1478 martyrio
3184 1407 3389 1464 vixisse

1810 1491 2085 1559 potuerit,
2119 1493 2417 1562 etquidem
2463 1494 2517 1549 in
2566 1494 2759 1565 primis
2787 1512 2913 1551 cum
2947 1498 3062 1567 jam
3118 1514 3150 1554 e
3202 1499 3385 1555 medio

1811 1582 2029 1639 sublato
2082 1582 2318 1652 Nerone,
2366 1588 2679 1657 persecutio
2728 1588 2981 1657 desierit;
3034 1598 3096 1645 ut
3156 1591 3384 1661 proinde

1809 1677 1955 1732 circa
1988 1692 2191 1732 annum
2230 1676 2299 1731 72
2333 1687 2429 1733 aut
2459 1679 2527 1735 75
2549 1679 2849 1751 Epistolam
2875 1681 3198 1753 scripserit?

118 1759 289 1813 mitto
321 1774 445 1829 qua:
480 1773 511 1813 a
557 1757 777 1830 Moynio
819 1760 1058 1828 primum
1118 1760 1391 1825 excitatas,
1439 1758 1636 1816 deinde
1676 1774 1699 1813 a

1880 1790 1952 1845 At
1983 1790 2129 1846 enim
2160 1806 2227 1847 ex
2260 1792 2556 1849 Alexandri
2586 1795 2844 1850 monachi
2878 1794 3057 1866 elogio
3086 1796 3141 1849 in
3167 1793 3225 1850 S.
3252 1794 3386 1850 Bar-

118 1851 433 1918 Tentzelio,
476 1851 749 1923 Basnagio
795 1853 1032 1923 aliisque
1080 1853 1401 1908 instauratae
1452 1852 1704 1919 fuerunt;

114 1958 190 1998 eo
233 1943 319 1998 vel
351 1942 591 1998 maxime
611 1943 760 2014 quod
784 1943 1104 2016 Moynianas
1134 1944 1507 2014 perstringens
1537 1944 1708 2013 potis-

116 2036 332 2092 simum
357 2036 427 2092 cl.
459 2035 728 2093 Nourrius
750 2038 822 2105 ",
851 2038 988 2094 alias
1015 2052 1237 2109 quoque
1267 2038 1495 2094 diluisse
1524 2038 1707 2092 videa-

120 2137 240 2182 tur.
280 2127 579 2194 Creterum,
610 2129 758 2199 quod
779 2129 1035 2184 laudatus
1074 2127 1483 2197 Papebrochius
1515 2143 1579 2181 ex
1606 2129 1705 2182 huc

112 2218 211 2286 jus
244 2215 501 2287 Epistola:
555 2219 731 2288 capite
761 2218 831 2273 15
876 2218 1195 2289 conjecerit,
1255 2218 1407 2273 illam
1459 2217 1603 2273 forte
1633 2219 1703 2273 ab

116 2307 311 2377 aliquo
339 2307 733 2363 Cluiliastarum
763 2318 888 2379 post
911 2324 1115 2364 annum
1152 2310 1223 2366 97
1268 2307 1440 2365 fuisse
1464 2310 1705 2381 perscri-

117 2405 272 2467 ptam
295 2416 309 2464 ;
336 2414 401 2453 ex
430 2413 494 2453 ea
524 2398 746 2469 quidem
795 2400 1111 2469 suspicione
1144 2398 1324 2469 ipsum
1369 2400 1705 2455 exemissent

119 2488 423 2546 Henardus
440 2491 494 2545 in
511 2491 707 2560 primis
737 2501 791 2546 et
817 2490 1147 2558 Cotelerius,
1170 2506 1406 2561 quorum
1437 2492 1703 2549 editiones

121 2582 313 2638 videre
335 2582 441 2637 sibi
471 2582 619 2638 haud
641 2582 938 2653 contigisse
980 2589 1236 2637 testatur.

740 2696 971 2753 CAPUT
1000 2696 1088 2753 lli.

327 2788 447 2854 Quo
480 2796 711 2859 tempore
740 2789 939 2858 scripta
967 2790 1152 2860 fuerit,
1188 2790 1496 2861 inquiritur.

194 2878 305 2935 Sed
337 2880 552 2935 tandem
583 2880 652 2935 ad
675 2888 892 2951 tempus
930 2881 1313 2950 inquirendum
1352 2881 1697 2948 accedamus,

122 2990 236 3045 quo
267 2972 511 3044 Epistola
536 2974 655 3043 ipsa
680 2982 907 3028 exarata
930 2972 1103 3030 fuisse
1125 2974 1492 3029 existimatur.
1529 2972 1702 3029 Nimi-

121 3082 273 3134 runt,
316 3074 377 3121 ut
404 3064 608 3135 optime
630 3063 921 3133 Millius",
958 3065 1122 3134 paulo
1165 3073 1289 3134 post
1330 3079 1535 3119 annum
1582 3079 1702 3119 arra:

121 3159 365 3231 vulgaris
392 3157 479 3225 70,
510 3158 627 3212 sive
653 3172 780 3212 cum
820 3157 935 3227 jam
981 3171 1174 3212 recens
1204 3154 1399 3210 fuisset
1447 3170 1698 3210 eversum

122 3252 411 3321 templum,
444 3251 730 3319 deletaque
774 3251 908 3305 urbs
956 3247 1472 3319 Hierosolymitana.
1529 3247 1598 3303 Et
1646 3248 1701 3304 id

120 3346 343 3415 quidem
370 3361 439 3399 ex
467 3345 658 3399 eadem
707 3342 950 3413 Epistola
1000 3342 1137 3398 satis
1183 3342 1373 3412 liquet.
1425 3339 1516 3396 Sic
1549 3341 1695 3396 enim

120 3438 197 3493 ibi
219 3438 505 3510 ":11é91;
534 3435 667 3507 γοῦν
699 3436 860 3489 πάλιν
887 3435 1053 3504 λέγει’
1083 3453 1102 3487 ι
1141 3434 1271 3488 Ἰδοὺ
1304 3436 1351 3487 οἱ
1370 3434 1687 3498 καθελόντες

122 3531 213 3585 τὸν
232 3530 357 3586 ναὸν
379 3529 588 3592 τοῦτον,
603 3528 756 3583 αὐτοὶ
774 3527 934 3582 αὑτὸν
955 3526 1207 3597 οἰκοδομή
1216 3543 1307 3579 σου
1316 3542 1385 3579 σι.
1404 3526 1698 3579 ΓΙΝΕΤΑΙ.

124 3624 224 3677 Διὰ
262 3622 373 3692 γὰρ
426 3622 488 3675 τὸ
542 3621 799 3692 πολεμεῖν
843 3621 1060 3685 αὐτοὺς,
1105 3618 1383 3693 καθῃρέθη
1428 3618 1533 3672 ὑπὸ
1593 3617 1703 3671 τῶν

124 3714 334 3786 ἐχθρῶν
361 3714 529 3767 ΝΥΝ.
579 3732 597 3764 ι
643 3711 712 3765 Et
769 3712 981 3765 tandem
1025 3728 1209 3765 rursus
1264 3712 1341 3765 ait
1372 3712 1418 3743 ⁷³
1451 3726 1471 3765 :
1505 3730 1523 3762 ‹
1568 3709 1703 3765 Ecce

122 3807 213 3876 qui
236 3806 611 3859 destruxerunt
638 3805 889 3873 templum
916 3804 1033 3867 hoc,
1054 3804 1157 3873 ipsi
1185 3801 1320 3856 illud
1338 3803 1701 3872 wdiﬁcabnnt.

130 3896 296 3967 quue
344 3912 561 3949 ενεΝιτ.
614 3894 758 3949 Ναηι
787 3897 916 3966 quia
970 3896 1163 3949 bellum
1208 3905 1416 3967 gerunt,
1454 3913 1589 3952 nunc
1635 3896 1701 3950 ab

125 3989 363 4041 hostibus
411 3987 739 4041 destructum
790 3997 891 4041 est.
938 4006 957 4039 ›
994 3985 1069 4041 Ita
1101 3987 1246 4041 enim
1279 4004 1403 4041 cum
1449 3987 1599 4043 Fello
1648 3997 1703 4043 et

126 4080 396 4133 Cotelerio
448 4080 501 4132 in
533 4078 680 4133 edito
717 4079 1139 4148 distinguendus
1180 4080 1270 4135 hic
1320 4080 1497 4147 locus,
1531 4081 1703 4135 recla-

127 4178 311 4226 mante
340 4171 467 4225 licet
499 4168 776 4235 Menardo,
815 4170 909 4239 qui
958 4169 1021 4224 τὸ
1062 4170 1179 4224 νῦν
1221 4171 1361 4226 male
1410 4170 1567 4243 jungi
1599 4188 1702 4227 no-

132 4262 262 4316 mini
315 4261 545 4329 ὲχθρῶν
570 4261 911 4316 autumabat.

196 4351 351 4407 Haud
403 4353 660 4423 equidem
704 4353 920 4422 ignoro,
966 4350 1246 4424 Moynium
1286 4362 1338 4409 et
1362 4353 1699 4412 Tentzelium

1808 1882 2007 1937 nabam
2045 1881 2394 1953 perSpicuum
2418 1891 2504 1939 est
2541 1883 2721 1955 ipsum
2748 1884 2963 1941 vivente
3002 1884 3184 1941 adhuc
3212 1884 3387 1941 Paulo

1807 1973 2055 2043 apostolo
2089 1989 2165 2029 ex»
2190 1976 2294 2030 hac
2334 1975 2446 2030 vita
2474 1974 2739 2046 migrasse
2776 1994 2790 2029 :
2818 1976 2983 2047 idque
3024 1987 3171 2046 patet
3205 1992 3273 2031 ex
3303 1979 3385 2034 ul-

1805 2067 1957 2123 timis
1982 2066 2129 2123 illius
2152 2066 2335 2123 verbis
2380 2067 2449 2123 ad
2479 2066 2742 2124 Joannem
2774 2067 3042 2136 Marcum,
3086 2071 3379 2126 consobri-

1805 2174 1937 2213 num
1988 2174 2188 2227 suum,
2234 2174 2357 2229 quae
2411 2159 2492 2214 sic
2546 2174 2606 2215 se
2648 2159 2851 2215 habent
2881 2160 2974 2215 ἠε
3037 2160 3124 2214 Ἐν
3152 2160 3280 2232 τῇδε
3312 2163 3379 2232 τῇ

1804 2252 1988 2324 ἡμέρᾳ
2034 2252 2114 2306 δεῖ
2145 2270 2213 2323 με
2243 2251 2595 2322 τελειωθῆναι
2622 2251 2703 2314 εἰς
2746 2250 2847 2316 τὰς
2875 2253 3067 2323 χεῖρας
3094 2250 3202 2306 τῶν
3232 2251 3384 2304 ἀπει-

1804 2342 2041 2398 θούντων
2077 2342 2361 2397 Ἰουδαίωνο
2412 2342 2477 2395 σὺ
2524 2342 2582 2395 δὲ
2615 2339 2845 2408 ἐξελθὼν
2894 2340 2999 2407 ἔξω
3044 2340 3145 2411 τῆς
3176 2339 3383 2404 πόλεως

1804 2430 1946 2487 κατὰ
1974 2431 2207 2502 δυσμὰς,
2238 2432 2493 2503 εὑρήσεις
2522 2431 2585 2484 τὸ
2617 2430 2778 2503 σῶμά
2805 2449 2928 2503 μου·
2971 2432 3067 2486 καὶ
3096 2432 3254 2487 τοῦτο
3282 2433 3381 2488 θά-

1802 2520 1928 2590 ψας,
1965 2520 2144 2586 ἔξελθε
2176 2521 2286 2574 ἀπὸ
2320 2521 2569 2592 Κύπρου’
2605 2520 2701 2575 καὶ
2734 2520 2966 2593 πορεύου
3001 2522 3082 2586 εἰς
3108 2521 3200 2576 τὸν
3229 2521 3380 2576 Παῦ-

1802 2611 1913 2676 λον,
1947 2614 2040 2666 ita).
2070 2612 2177 2666 ἴσθι
2223 2614 2339 2683 μετ’
2372 2612 2561 2675 αὑτοῦ,
2600 2612 2707 2676 ἕως
2742 2606 2804 2667 οὗ
2851 2614 2881 2667 ὁ
2924 2612 3131 2684 Κύριος
3179 2615 3382 2669 οἰκονο-

1804 2705 1969 2776 μήσει
2018 2703 2089 2758 τὰ
2120 2703 2262 2758 κατὰ
2312 2704 2393 2758 σέ’
2428 2704 2613 2776 μέλλει
2651 2703 2760 2776 γὰρ
2790 2705 2854 2758 τὸ
2885 2704 3058 2777 ὄνομά
3089 2722 3182 2758 σου
3213 2722 3381 2777 μεγα-

1801 2793 2057 2866 λυνθῆναι
2115 2795 2175 2848 ὲν
2222 2794 2322 2868 ὅλῃ
2370 2797 2439 2867 τῇ
2482 2793 2798 2868 οἰκουμένῃ.
2848 2792 3024 2849 Hodie
3083 2795 3380 2865 inﬁdelium

1799 2887 2115 2944 Iudaeorum
2138 2887 2379 2942 manibus
2416 2904 2498 2942 me
2521 2888 2880 2943 consummari
2914 2898 3116 2959 oportet
3154 2904 3174 2945 :
3210 2898 3268 2943 tu
3293 2906 3379 2944 ve-

1802 2996 1861 3033 ro
1908 2988 2060 3034 extra
2089 2980 2380 3044 civitatem,
2421 2979 2955 3035 occidentem‘uersus
3005 2987 3270 3050 egredere,
3324 2990 3377 3036 et

1805 3087 1993 3141 corpus
2037 3086 2209 3124 meum
2246 3071 2473 3125 invenies
2505 3084 2525 3123 :
2564 3070 2702 3140 quod
2742 3088 2863 3125 cum
2903 3071 3190 3142 sepelieris,
3231 3071 3319 3127 exi
3350 3087 3379 3126 ε

1804 3162 2000 3233 Cypro,
2029 3172 2079 3217 et
2122 3161 2193 3216 ad
2238 3160 2471 3216 Paulum
2499 3162 2862 3233 proﬁciscere;
2894 3170 2944 3217 et
2969 3172 3078 3239 esto
3107 3178 3227 3216 cum
3257 3163 3377 3229 illo,

1804 3254 1979 3325 quoad
2006 3253 2263 3310 Dominus
2308 3271 2389 3310 res
2442 3262 2560 3310 tuas
2605 3254 2926 3325 disposuerit
2965 3269 2984 3308 :
3015 3254 3256 3325 futurum
3301 3262 3381 3309 est

1803 3345 1965 3410 enim,
1993 3353 2050 3398 ut
2075 3361 2258 3399 nomen
2284 3355 2430 3399 tuum
2461 3361 2553 3414 per
2576 3353 2741 3398 totum
2770 3354 3034 3399 terrarum
3071 3344 3247 3397 urbem
3294 3343 3382 3397 di-

1803 3436 2066 3507 vulgetur.
2118 3435 2245 3490 Haec
2283 3435 2380 3490 ibi.
2431 3433 2500 3489 Et
2541 3434 2809 3489 Barnaba:
2853 3435 3074 3503 quidem
3135 3433 3379 3490 hortanti

1802 3543 2012 3583 morem
2057 3528 2295 3599 gessisse
2342 3526 2666 3595 Marcum,e
2703 3525 2861 3581 Pauli
2906 3524 3169 3595 Epistolis
3206 3535 3376 3596 patet.

1804 3618 1903 3675 Hic
1948 3620 2095 3674 enim
2145 3620 2214 3676 ad
2264 3618 2623 3677 Colossenses
2670 3618 2917 3675 scribens
2955 3621 3024 3683 ⁷⁷,
3054 3632 3149 3672 eos
3179 3616 3380 3672 salutat

1802 3714 2026 3769 nomine
2075 3713 2251 3768 Marci
2312 3714 2612 3769 consobrini
2665 3711 2965 3777 Barnabw;
3015 3711 3111 3782 qui
3182 3726 3380 3781 nempe

1802 3806 2041 3877 primum
2085 3806 2143 3861 in
2196 3822 2366 3863 causa
2413 3806 2594 3862 fuerat
2648 3820 2749 3861 cur
2806 3803 3011 3858 Paulus
3055 3818 3087 3858 a
3126 3801 3376 3857 Barnaba

1802 3898 2113 3965 secesserit,
2142 3907 2204 3955 ut
2240 3899 2475 3954 habetur
2507 3898 2564 3953 in
2594 3897 2746 3954 Actis
2768 3896 2853 3963 ";
2885 3896 3090 3967 quique
3118 3894 3377 3964 deinceps

1802 3990 1872 4046 ad
1902 3988 2141 4045 oﬁicium
2178 4004 2453 4057 reversus,
2494 3987 2666 4049 Paulo
2712 3987 2853 4043 ﬁdus
2900 4001 3085 4042 comes
3125 3986 3375 4050 adhaesit,

1801 4084 1961 4154 eique
1989 4083 2210 4139 demum
2240 4090 2367 4154 post
2391 4090 2623 4137 mortem
2650 4079 2915 4134 Barnabm
2942 4078 3128 4134 utilem
3152 4093 3373 4148 operam

1802 4178 1858 4232 in
1903 4177 2212 4233 ministerio
2259 4174 2563 4247 apostolico
2595 4174 2867 4245 praestitit,
2915 4183 2973 4227 ut
3003 4172 3069 4228 ad
3102 4162 3377 4226 Philemo-

1802 4279 1926 4318 nem
1950 4264 1997 4296 ⁷⁸
2014 4272 2069 4319 et
2087 4278 2156 4319 ex
2184 4263 2585 4334 posterioribus
2607 4262 2842 4318 vinculis
2866 4262 2933 4316 ad
2958 4260 3305 4317 Timotheum
3329 4261 3376 4292 ⁸⁸

1803 4353 2070 4421 scribens,
2112 4353 2257 4409 idem
2289 4360 2525 4408 testatur
2568 4351 2885 4419 Apostolus.
2919 4351 3082 4420 Atqui
3117 4357 3240 4420 quae
3270 4350 3376 4405 Co-

128 4442 254 4497 hinc
274 4443 461 4513 potius
493 4443 759 4497 Barnabae
781 4442 1131 4514 abiudicandi
1176 4442 1475 4513 Epistolam
1508 4463 1700 4503 ansam
1731 4453 1778 4509 D
1805 4446 2148 4503 lossensibus
2166 4443 2544 4501 etPhilcmoni
2570 4443 2844 4512 inscripta:
2860 4452 3078 4498 exstant
3095 4442 3373 4513 Epistolae,

127 4534 387 4603 arripere,
419 4549 485 4588 eo
516 4534 724 4589 scilicet
748 4535 968 4588 nomine
997 4534 1142 4603 quod
1177 4542 1426 4605 tempora
1470 4538 1698 4595 minime

125 4624 413 4695 quadrent.
455 4623 736 4679 Barnabas
777 4623 949 4692 enim,
995 4622 1273 4693 inquiunt,
1309 4640 1374 4679 ex
1418 4630 1699 4686 communi

127 4716 390 4772 sententia
414 4714 629 4771 Nerone
649 4717 951 4787 imperante
968 4720 1290 4792 martyrium
1322 4720 1508 4786 subiit,
1533 4720 1699 4775 adeo-

126 4824 231 4879 que
270 4817 398 4863 ante
451 4824 617 4878 quam
668 4811 929 4879 templum
982 4810 1534 4887 llicrosolymitanum
1580 4814 1699 4870 solo

127 4908 434 4970 aequaretur
459 4916 473 4953 :
504 4915 668 4970 quam
699 4900 917 4971 quidem
945 4903 1305 4974 objectionem
1330 4907 1465 4960 tanti
1490 4907 1700 4962 ducunt

129 4992 164 5046 ii
192 4992 293 5045 viri
343 4992 541 5057 critici,
572 5001 635 5047 ut
677 4993 939 5049 invictum
991 5006 1372 5066 argumentum
1426 4999 1698 5068 appellare

130 5098 234 5136 non
260 5081 529 5137 dubitent.
560 5085 819 5139 Attamen
858 5094 1067 5141 tantum
1098 5089 1252 5144 abest
1292 5098 1350 5143 ut
1384 5090 1696 5147 istiusmodi

129 5170 423 5227 diﬁicultati
478 5173 588 5228 vim
653 5174 893 5245 aliquam
952 5176 1132 5233 inesse
1186 5178 1277 5233 alii
1330 5191 1590 5236 censeant
1638 5195 1698 5239 ut

208 5310 534 5385 ffgl’apebr,
561 5313 682 5367 Act.
710 5310 991 5385 SS-gilun.
1020 5322 1155 5385 tom.
1182 5314 1245 5380 ll,
1289 5332 1352 5385 pa

1800 4536 1959 4608 juxta
1997 4536 2240 4594 virorum
2295 4532 2636 4588 eruditorum
2665 4531 2710 4562 ⁸⁸
2744 4530 3089 4595 sententiam,
3118 4530 3188 4583 ab
3230 4530 3375 4598 Apo—

1804 4632 1949 4688 stolo
1990 4636 2230 4683 exaratae
2280 4625 2531 4681 feruntur
2566 4638 2710 4677 anno
2753 4621 2857 4687 62;
2901 4636 3021 4690 qua:
3058 4630 3239 4675 autem
3289 4636 3376 4677 se-

1805 4721 1985 4777 cunda
2038 4728 2121 4774 est
2148 4718 2217 4772 ad
2248 4715 2621 4778 Timotheum,
2650 4726 2796 4766 anno
2837 4710 2926 4777 67,
2960 4726 3083 4765 cum
3114 4710 3374 4764 nimirum

1799 4814 2129 4889 jampridem
2159 4827 2191 4868 e
2212 4811 2353 4866 vivis
2379 4807 2710 4864 excessisset
2738 4803 3042 4867 Barnabas,
3067 4803 3226 4872 cujus
3250 4802 3376 4856 hor—

1804 4918 1920 4963 tatu
1963 4904 2207 4960 Joannes
2248 4901 2463 4957 Marcus
2491 4899 2686 4955 exinde
2736 4895 2908 4951 Paulo
2942 4909 3062 4949 sese
3114 4894 3372 4949 comitem

1802 4998 2030 5054 addidit.
2063 4994 2141 5050 Ita
2172 4994 2345 5049 ferme
2374 4989 2689 5045 Tentzclius
2717 4988 2786 5053 3’,
2821 4987 2914 5057 qui
2941 4995 2995 5041 et
3030 4986 3171 5040 hanc
3216 4984 3371 5055 obje»

1803 5092 2043 5146 ctionem
2090 5094 2304 5141 tantum
2356 5080 2612 5154 ponderis
2674 5079 2875 5133 habere
2944 5078 3263 5140 arbitratur,
3314 5088 3375 5131 ut

1803 5180 1980 5237 eidem
2008 5176 2144 5233 nihil
2166 5174 2375 5232 obverti
2404 5186 2566 5244 posse
2588 5177 2863 5225 asseveret
2890 5183 3054 5240 quam
3078 5167 3371 5239 Epistolatn

1459 5318 1586 5384 459,
1619 5316 1729 5389 §75.
1807 5318 1855 5349 ⁷⁸
1882 5314 2083 5389 Nourr.
2117 5314 2253 5389 App.
2279 5314 2348 5367 ad
2383 5312 2526 5367 Bibl.
2699 5324 2875 5389 ,_t_om.
2909 5314 2954 5389 l,
2983 5330 3121 5389 pag.
3148 5314 3218 5369 58
3253 5328 3369 5389 seq.

208 5333 250 5344 -ν
278 5333 534 5382 rapenr.,
561 5333 682 5367 act.
710 5333 836 5369 οδε,
862 5333 991 5369 Jun.
1020 5333 1155 5369 tom.
1185 5333 1245 5380 ιι,
1289 5333 1352 5385 pa
1397 5357 1411 5371 .
1459 5333 1586 5384 4ου,
1619 5333 1648 5389 9
1676 5333 1729 5373 ξ).
1814 5333 1855 5349 ι’
1882 5333 2083 5370 tvourr.
2117 5333 2253 5384 App.
2279 5333 2348 5367 aa
2383 5333 2526 5367 mm.
2554 5333 2672 5369 ιη’.
2699 5355 2713 5382 ,
2741 5333 2875 5373 tom.
2909 5333 2949 5378 ι,
2983 5333 3104 5386 pag.
3149 5333 3218 5369 οδ
3253 5333 3369 5382 seq.

120 5388 161 5419 "
198 5381 353 5445 Mil|.,
382 5382 778 5463 ProlegontLad
810 5384 887 5438 N.
1040 5383 1249 5463 ἐμέ..-
1303 5333 1610 5463 ηῆὶοι-ηιιι)ἶ
1635 5388 1807 5463 Epist.
1838 5386 2081 5463 c_ap.._16.
2141 5385 2205 5463 ’ζ’
2232 5385 2337 5440 lsa.
2369 5399 2518 5463 nix,
2596 5383 2657 5463 7_._
2725 5386 2772 5463 ’ξ
2800 5386 3279 5463 Eusebanhron"
3302 5384 3374 5463 ad

122 5474 209 5511 an.
252 5468 495 5528 Ingxx.
545 5451 888 5528 '_"A'__llier_on_._,
917 5454 1004 5528 _l)e
1045 5451 1151 5509 ivir.
1186 5456 1413 5528 illustr.,
1449 5460 1615 5528 cap.i
1653 5451 1706 5513 et
1728 5460 1781 5512 5.
1860 5451 2099 5528 "'Alex.
2134 5454 2308 5528 Mam,
2361 5453 2504 5522 apud
2530 5454 2816 5528 Bolland,
2849 5458 2988 5528 _Act.
3023 5454 3181 5528 SS,
3203 5452 3370 5528 Junii,

124 5537 259 5605 Enn.
291 5522 353 5588 II,
381 5539 509 5605 pag.
534 5524 664 5605 455i.

125 5596 336 5656 Pears.,
375 5592 429 5645 in
460 5592 658 5647 Annal.
691 5592 874 5661 Paul..

126 5678 250 5724 tom.
286 5664 326 5728 Ι,
357 5680 410 5734 p.
438 5664 565 5728 292,
594 5663 719 5720 595.

754 5523 797 5554 ⁷⁷
835 5525 1049 5579 Coloss.
1091 5540 1164 5589 tv,
1193 5527 1282 5583 10.
1359 5529 1404 5559 ⁷⁸
1434 5521 1555 5582 Aci.
1586 5545 1676 5593 xv,

1805 5529 1892 5584 59.
1972 5529 2017 5559 ⁷⁹
2047 5526 2304 5585 Philem.,
2342 5521 2482 5593 vers.
2518 5525 2608 5579 ‘24.
2686 5526 2732 5557 ⁸ο
2769 5525 2809 5579 ll
2848 5526 2988 5580 Tim.
3051 5541 3127 5593 tv,
3160 5521 3246 5576 11.
3314 5522 3369 5593 γ⁶¹

913 5611 1036 5665 pag.
1071 5596 1166 5671 20,
1322 5597 1559 5671 Mill.,_in
1583 5591 1884 5671 Prolegom.
1920 5599 1988 5652 ad
2013 5597 2097 5671 iV.
2269 5596 2324 5671 ἐς
2346 5592 2435 5659 80,
2469 5594 2729 5671 82η19ε33
2756 5595 2992 5671 Tilletu.)
3031 5591 3189 5649 Mem.
3214 5592 3367 5656 eccl..

800 5665 845 5698 ⁸³
870 5664 1059 5725 Tcntz.
1092 5668 1158 5725 ad
1188 5666 1437 5737 llicron.,
1475 5668 1551 5724 De
1576 5670 1672 5727 vir.
1710 5664 1934 5730 illustr..
1960 5669 2090 5725 edit.
2127 5664 2366 5732 Fabric”
2400 5682 2519 5736 cap.
2551 5666 2605 5733 6,
2637 5666 2665 5739 §
2693 5668 2748 5731 5,
2775 5682 2894 5736 pag.
2921 5667 3008 5721 40.
