3818 6216
445 318 551 374 695
1613 304 1669 360 S.
1706 304 1789 358 BA
1799 299 2070 357 RNABAS

2108 295 2466 355 APOSTOLL'
2478 295 2537 353 S.
3628 295 3747 350 6S6

443 447 726 502 nostram;
760 450 883 505 qua:
912 433 1155 505 quidem,
1195 428 1400 493 subdit,
1440 442 1562 481 cum
1600 424 1669 480 sit
1693 425 1870 495 ipsum
1902 438 2023 493 κρι-
2051 428 2098 486 Α
2126 416 2305 472 tiones
2355 414 2616 485 majorem
2668 421 2874 483 partem
2924 412 3176 482 scriptas,
3207 412 3410 467 alicubi
3466 410 3744 469 forsitan

440 527 687 597 νόμενον,
735 541 843 581 non
887 533 973 581 est
1023 520 1329 593 argumenti
1382 518 1505 572 loco
1564 514 1914 571 assumenda.
1959 510 2017 566 Id

442 633 574 675 sane
601 634 632 673 a
658 618 781 685 viro
808 618 1023 673 erudito
1050 616 1249 671 nollem
1288 612 1517 667 dictum.

511 730 625 800 Age
675 746 823 787 nunc
849 729 1133 785 videamus
1178 742 1307 781 num
1334 724 1471 779 adeo
1506 721 1662 777 ﬁrma
1705 719 1778 775 sit
1822 717 2015 773 istius-

438 820 589 875 modi
643 820 903 890 ohjeetio,
947 827 1007 873 ut
1048 833 1169 873 eam
1204 814 1405 870 nedum
1443 811 1635 877 everti,
1685 808 1778 863 sed
1810 823 1877 862 ne
1905 805 2016 863 ullo

438 911 660 981 quidem
688 921 849 982 pacto
885 908 1129 965 hebetari
1176 908 1359 961 liceat.
1398 903 1552 971 Quod
1581 910 1639 957 ut
1668 909 2011 969 prtestemus,

437 1002 831 1058 advertendum
863 1002 1103 1071 primum
1140 999 1408 1064 omnium,
1442 1004 1609 1052 totam
1641 991 1903 1047 Tentzelii
1926 1006 2014 1044 ar-

438 1100 903 1171 gumentationem
948 1100 1112 1155 unius
1170 1096 1457 1154 Alexandri
1515 1095 1774 1151 monachi
1828 1091 2011 1164 Cyprii

437 1191 754 1246 testimonio
799 1190 1003 1254 fulciri,
1034 1189 1321 1260 scriptoris
1355 1187 1613 1241 nimirum
1654 1186 1873 1242 obscuri
1905 1199 2009 1238 no-

434 1285 601 1341 minis
628 1293 790 1355 atque
832 1284 1007 1339 aetatis
1038 1284 1275 1339 incertze.
1308 1279 1690 1351 Antiquiorem
1729 1277 2009 1332 enimvero

434 1377 634 1433 saeculo
684 1392 741 1431 ts
796 1377 973 1446 ipsum
1006 1390 1114 1430 non
1151 1372 1321 1429 fuisse
1371 1380 1587 1428 constat
1635 1368 1777 1439 apud
1823 1365 2008 1423 erudi-

433 1474 518 1521 tos
545 1466 591 1498 ⁸³
631 1485 643 1520 :
686 1465 884 1521 litteris
930 1479 1169 1533 namque
1198 1462 1554 1533 consignasse
1604 1459 1779 1514 fertur
1826 1456 2002 1511 Vitam

430 1554 747 1629 Nicephori,
781 1556 1108 1627 patriarcha:
1158 1553 1293 1620 CP.,
1320 1553 1413 1624 qui
1472 1551 1663 1607 eodem
1702 1548 1903 1605 szeculo
1949 1564 2003 1602 Ix

430 1650 654 1705 ineunte
703 1649 953 1704 ﬂoruisse
996 1646 1348 1716 comperitur.
1402 1643 1599 1713 Ecqua:
1652 1656 1817 1713 porro
1870 1638 2003 1694 ﬁdes

430 1740 683 1811 scriptori
725 1740 852 1796 huic
882 1739 1211 1801 adhibenda,
1239 1737 1333 1808 qui
1359 1746 1410 1791 et
1440 1736 1777 1791 laudatorem
1816 1732 2000 1804 potius

430 1848 593 1901 quam
652 1832 972 1887 historicum
1022 1832 1153 1901 agit,
1200 1841 1253 1884 et
1302 1830 1391 1884 illa
1437 1844 1558 1899 qua:
1618 1828 1805 1881 multis
1855 1836 2000 1881 retro

431 1924 644 1979 saaculis
690 1932 817 1979 ante
856 1924 1028 1993 ipsius
1078 1939 1251 1978 azvutn
1300 1923 1597 1993 contigere,
1640 1921 1801 1977 nobis
1834 1934 1997 1974 enar-

428 2014 551 2068 rat?
599 2012 784 2083 Neque
833 2022 917 2070 est
965 2017 1109 2084 quod
1179 2017 1303 2086 quis
1359 2023 1607 2085 reponat,
1666 2013 1996 2067 monachum

427 2103 590 2158 istum
624 2106 725 2159 sub
744 2105 1096 2171 Laudationis
1112 2121 1224 2161 sua:
1248 2106 1408 2160 linem
1430 2105 1717 2160 tradidisse
1733 2104 1799 2169 ",
1825 2120 1996 2173 pauca

423 2194 522 2251 illa
552 2212 670 2265 qua:
691 2197 753 2250 de
787 2196 1051 2253 Barnabw
1094 2199 1201 2253 vita
1247 2208 1296 2253 et
1337 2198 1593 2267 martyrio
1624 2196 1890 2267 perhibet,
1926 2196 1994 2249 ab

423 2296 636 2339 auctore
673 2285 1005 2342 Stromatum
1060 2287 1323 2345 Clemente
1374 2288 1703 2359 aliorumque
1763 2297 1992 2342 veterum

422 2378 655 2447 scriptis,
684 2394 714 2432 a
762 2394 822 2435 se
850 2380 1077 2435 collecta
1108 2378 1277 2435 fuisse
1300 2389 1463 2449 atque
1502 2379 1771 2449 exposita.
1807 2377 1993 2448 Siqui-

420 2468 541 2522 dem
570 2468 623 2523 in
661 2480 914 2541 promptu
954 2471 1221 2526 habemus
1244 2487 1365 2541 qua:
1408 2472 1474 2526 de
1502 2470 1747 2525 Barnaba
1785 2469 1992 2539 profert

418 2556 670 2613 Clemens
697 2560 1129 2628 Alexandrinus;
1182 2577 1417 2632 quorum
1456 2571 1640 2616 tamen
1691 2562 1781 2615 vix
1812 2561 1988 2615 ullum

417 2649 705 2720 vestigium
730 2652 871 2721 apud
905 2654 1234 2707 monachum
1265 2653 1524 2722 Cyprium
1555 2653 1817 2721 reperias.
1843 2650 1988 2706 Reli-

417 2754 525 2809 qua
557 2756 684 2795 vero
724 2757 847 2811 qua:
886 2742 976 2796 ille
1023 2742 1136 2797 sive
1163 2758 1191 2797 a
1218 2742 1507 2798 Theodoro
1534 2742 1784 2808 Lectore,
1816 2743 1931 2798 sive
1957 2758 1989 2797 a

414 2827 538 2883 Nilo
569 2828 920 2900 Doxopatrio,
956 2832 1187 2903 aliisque
1227 2832 1367 2887 forte
1391 2833 1666 2903 sequioris
1708 2834 1806 2888 αξνί
1852 2835 1988 2888 scri-

414 2923 665 2994 ptoribus
697 2925 1019 2993 desumpsit,
1050 2926 1289 2980 sublesta
1329 2925 1493 2982 nimis
1542 2927 1646 2981 [ide
1694 2928 1982 2995 laborant;

413 3012 641 3084 perinde
673 3027 739 3069 ac
765 3014 854 3069 illa
883 3014 1145 3070 Barnaba:
1192 3021 1398 3071 monita
1425 3015 1623 3071 Joanni
1658 3018 1840 3074 Marco
1869 3027 1983 3073 tra-

413 3102 549 3168 dita,
578 3118 701 3172 qua:
748 3119 893 3159 unus
924 3105 1153 3174 ipsemet
1181 3106 1485 3162 monachus
1511 3105 1833 3163 Laudationi
1866 3125 1981 3165 suae
2009 3132 2051 3190 ο

412 3192 690 3249 intexuit}:
715 3194 851 3249 adeo
878 3203 936 3249 ut
959 3196 1162 3251 nullam
1199 3196 1425 3251 omnino
1450 3198 1558 3252 vim
1591 3199 1657 3253 ad
1692 3215 1980 3258 assensum

410 3284 845 3354 extorquendum
890 3285 1146 3353 habeant,
1170 3302 1291 3356 qua:
1337 3303 1368 3341 a
1399 3290 1763 3359 scriptoribus
1789 3293 1980 3349 istius-

410 3374 558 3429 modi
609 3374 980 3446 proleruntur.
1007 3377 1254 3433 Graviter
1287 3381 1431 3435 extim
1470 3390 1527 3436 et
1562 3398 1688 3438 vere
1716 3384 1853 3439 dixit
1878 3383 1983 3439 Ba-

411 3466 603 3522 ronius
632 3475 840 3531 noster,
864 3468 949 3522 vir
997 3470 1273 3527 maximus
1302 3471 1348 3502 "
1380 3491 1393 3526 :
1421 3475 1575 3537 Quod
1614 3492 1647 3527 a
1694 3478 1980 3533 recentiore

407 3563 623 3610 auctore
660 3556 716 3610 in
760 3556 911 3611 rebus
961 3559 1193 3629 antiquis
1253 3561 1366 3614 sine
1418 3561 1644 3633 alicujus
1677 3566 1978 3620 retustioris

408 3646 727 3701 auctoritate
790 3648 1078 3717 profertur,
1146 3654 1517 3709 contemnitur.
1571 3654 1706 3710 lllud
1759 3672 1977 3726 quoque

406 3737 638 3804 accedit,
670 3739 877 3794 absona
925 3741 1186 3813 pleraque
1212 3758 1278 3799 ac
1306 3743 1442 3801 falsa
1494 3746 1548 3800 in
1578 3747 1823 3815 ejusdem
1858 3763 1975 3802 mo-

405 3830 566 3884 nachi
616 3830 954 3888 Laudatione
1002 3849 1320 3903 occurrere;
1355 3853 1477 3907 qua:
1516 3854 1648 3893 sane
1688 3841 1755 3894 ad
1804 3840 1975 3910 ipsius

404 3919 566 3975 tidem
614 3920 1017 3978 obtundendam
1057 3925 1487 3997 elevandamque
1539 3944 1647 3983 non
1682 3930 1970 3986 minimum

402 4011 620 4066 valeant
650 4030 663 4066 :
701 4028 807 4081 qua
838 4014 905 4069 de
935 4030 992 4070 re
1038 4016 1092 4070 in
1140 4019 1334 4088 primis
1365 4020 1686 4076 consulendi
1717 4021 1972 4078 laudatus

404 4100 675 4167 llaronius
708 4105 755 4142 "
778 4120 843 4161 ac
872 4106 1253 4164 Tillemontius
1280 4110 1346 4164 °’.

472 4238 567 4296 llis
589 4258 718 4299 vero
738 4244 827 4299 vix
852 4244 980 4300 dum
1008 4246 1080 4301 ita
1110 4251 1402 4316 enarratis,
1433 4250 1501 4304 ad
1526 4265 1722 4306 manus
1752 4261 1977 4321 nostras

398 4334 645 4403 pervenit
670 4337 771 4391 viri
812 4338 1059 4395 doctrina
1086 4350 1139 4395 et
1174 4343 1481 4397 eruditione
1507 4347 1819 4413 praestantis
1843 4361 1971 4417 per-

395 4426 671 4491 eruditum
720 4444 853 4485 sane
877 4430 1325 4489 Commentarium
1359 4435 1412 4488 in
1443 4446 1585 4491 vetus
1613 4453 1967 4494 marmoreum

394 4514 456 4572 S.
484 4517 858 4589 Neapolitana:
898 4522 1130 4577 ecclesiae
1174 4523 1583 4595 Kalendarium,
1612 4530 1705 4599 qui
1734 4531 1963 4586 Alexan-

393 4608 478 4662 dri
507 4610 783 4671 [monachi
832 4627 1052 4669 causam
1111 4614 1508 4679 defendendam
1569 4621 1827 4690 suscepit,
1895 4622 1960 4676 il-

393 4697 615 4769 lumque
675 4702 874 4757 saeculo
933 4720 985 4759 v1
1043 4704 1326 4763 desinente
1407 4708 1660 4766 ﬂoruisse
1734 4722 1959 4767 conten-

390 4789 471 4843 dit
507 4790 573 4844 ⁸⁸.
614 4790 884 4851 Dolemus
925 4796 1203 4852 enimvero
1252 4798 1429 4854 serius
1480 4800 1641 4855 nobis
1688 4800 1959 4858 detectum

390 4896 549 4949 opus,
579 4898 691 4952 quo
734 4884 1000 4953 hactenus
1027 4887 1171 4943 dicta
1207 4897 1489 4960 utcunque
1518 4893 1858 4961 temperandi
1879 4893 1960 4947 fa-

389 4971 565 5028 cultas
616 4974 741 5029 data
786 4986 958 5057 esset.
984 4979 1053 5034 At
1083 4979 1216 5036 illud
1262 4981 1455 5037 saltem
1507 4984 1757 5040 concedit
1799 4984 1864 5039 V.
1892 4984 1955 5041 C.

391 5062 537 5117 hunc
577 5068 903 5123 monachum
934 5068 1216 5141 Cyprium,
1259 5091 1278 5131 t
1322 5088 1433 5128 non
1472 5075 1705 5131 multum
1736 5077 1957 5146 quidem

386 5152 595 5225 judicio
649 5157 909 5226 valuisse,
949 5176 1049 5216 nec
1084 5152 1295 5218 raro‘in
1346 5166 1510 5236 paulo
1555 5166 1958 5237 antiquioribus

390 5243 555 5305 rebus
580 5260 610 5300 a
632 5248 855 5305 veritate
878 5252 1192 5324 aberrasse;
1218 5255 1349 5331 quin
1376 5268 1429 5312 et
1456 5257 1736 5313 insulanas
1764 5275 1957 5314 narra.

2121 524 2217 579 per
2255 524 2351 563 ora
2382 508 2629 570 traditas,
2655 515 2901 561 secutum
2931 520 3055 559 esse
3088 522 3101 557 ε
3142 523 3161 556 ι
3200 514 3259 557 ut
3281 515 3595 574 propterea
3627 506 3745 559 mi-

2120 617 2224 656 nus
2279 601 2384 655 tlde
2412 601 2611 669 dignus
2657 598 2781 668 jure
2824 596 2985 653 nobis
3034 596 3304 665 videatur,
3348 597 3403 651 in
3459 596 3537 653 iis
3600 612 3743 667 qua

2117 690 2498 763 persequimur
2530 688 2938 759 investigandis.

2189 780 2400 850 Itaque,
2428 788 2489 834 ut
2531 779 2617 834 his
2643 778 2862 833 demum
2906 777 3139 833 certiora
3177 776 3573 848 solidioraque
3625 778 3737 833 ob-.

2112 873 2392 944 jiciamus,
2422 886 2544 941 qua:
2585 870 2651 924 ad
2690 871 3012 925 sententiam
3068 880 3312 924 nostram
3346 871 3731 924 conﬁrmau-

2114 968 2238 1021 dam
2272 966 2495 1036 propius
2534 963 2838 1020 accedant:
2880 963 3119 1032 primum
3169 962 3391 1031 quidem
3446 977 3523 1015 ex
3580 976 3733 1030 apo-

2114 1060 2379 1114 smlorum
2402 1056 2553 1112 Actis
2580 1056 2627 1096 ⁸ο
2656 1056 2791 1109 satis
2816 1054 3006 1123 liquet,
3045 1052 3274 1108 Paulum
3305 1054 3455 1108 inter
3490 1062 3554 1108 et
3580 1052 3729 1106 Bar-

2112 1147 2308 1200 naham
2362 1146 2696 1211 dissensum,
2727 1153 2853 1214 post
2880 1160 3049 1199 unum
3086 1144 3390 1199 alterumve
3442 1161 3729 1199 mensem

2110 1252 2139 1291 a
2168 1246 2357 1292 coacto
2390 1236 2884 1309 Hierosolymitano
2929 1237 3164 1292 concilio
3193 1237 3494 1292 accidisse.
3542 1238 3723 1291 Anno

2111 1336 2293 1382 autem
2350 1327 2685 1398 Dionysiano
2726 1328 2789 1382 51
2849 1327 3095 1381 habitum
3152 1326 3323 1382 luisse
3384 1328 3718 1382 concilium

2108 1419 2260 1485 illud,
2280 1428 2393 1474 rata
2413 1429 2496 1475 est
2522 1419 2884 1474 celebriorum
2908 1419 3368 1489 chronologorum
3395 1420 3609 1487 Opinio
3627 1418 3713 1473 ’°:

2108 1512 2351 1582 adeoque
2379 1512 2483 1567 hoc
2531 1512 2651 1582 ipso
2684 1527 2851 1576 anno,
2890 1512 3007 1567 sive
3051 1522 3113 1567 ut
3141 1512 3384 1566 maxime
3437 1512 3560 1567 sub
3594 1512 3714 1566 ini-

2106 1605 2241 1657 tium
2305 1604 2642 1673 inseqnentis
2694 1604 2763 1659 52
2806 1604 3068 1658 Barnabas
3119 1620 3151 1658 a
3191 1603 3363 1659 Paulo
3411 1604 3714 1660 discessio

2104 1695 2402 1764 contigisse
2426 1695 2657 1749 videtur.
2690 1694 2811 1749 1am
2854 1710 2984 1750 vero
3015 1706 3252 1765 quatuor
3291 1704 3387 1749 aut
3436 1696 3709 1765 quinque

2034 1778 2079 1837 Β
2104 1795 2228 1856 post
2255 1800 2430 1841 annos
2455 1786 2523 1841 ab
2554 1802 2619 1841 eo
2640 1786 2897 1851 divortio,
2926 1798 3220 1857 utrumque
3248 1787 3449 1841 iterum
3486 1803 3707 1844 conve-

2102 1879 2271 1943 nisse,
2302 1877 2447 1932 haud
2470 1877 2722 1945 obscure,
2755 1894 2875 1934 meo
2916 1879 3138 1948 quidem
3182 1879 3391 1945 animo,
3425 1894 3460 1933 e
3507 1878 3707 1949 priore

2100 1967 2166 2020 ad
2200 1966 2513 2021 Corinthios
2544 1966 2787 2038 Epistola
2829 1968 3107 2039 colligitur
3136 1968 3203 2021 “.
3226 1966 3302 2021 lbi
3353 1970 3512 2022 enim
3551 1968 3699 2023 Bar-

2099 2060 2255 2114 nabas
2282 2061 2431 2115 velut
2461 2062 2597 2115 socii
2639 2062 2891 2116 tidissimi
2940 2062 3190 2115 meminit
3239 2062 3557 2130 Apostolus
3606 2061 3698 2116 his

2096 2154 2279 2209 verbis
2308 2172 2321 2209 :
2352 2153 2607 2224 Nunquid
2653 2170 2756 2208 non
2784 2154 3029 2207 habemus
3056 2163 3373 2221 potestatem
3399 2153 3695 2206 mulierem

2096 2261 2326 2299 sororem
2364 2246 2812 2309 circumducendi,
2845 2247 2981 2299 sicut
3031 2255 3078 2299 et
3112 2245 3289 2299 cteteri
3336 2246 3605 2313 apostoli,
3640 2253 3697 2298 et

2096 2337 2288 2404 fratres
2319 2334 2555 2398 Domini,
2588 2345 2637 2388 et
2676 2334 2916 2404 Cephas.’
2939 2335 3044 2388 Aut
3076 2350 3170 2403 ego
3199 2332 3342 2386 solus
3373 2343 3422 2385 et
3454 2332 3691 2385 Barna-

2094 2432 2186 2484 bas
2231 2448 2332 2484 non
2380 2431 2627 2483 habemus
2670 2439 2978 2499 potestatem
3014 2429 3110 2481 hoc
3139 2427 3438 2495 operandi?
3487 2424 3692 2479 Enim-

2091 2538 2241 2587 vero,
2274 2531 2369 2576 aut
2401 2538 2501 2590 ego
2531 2521 2767 2575 maxime
2812 2519 2991 2585 fallor,
3040 2528 3133 2573 aut
3177 2518 3462 2574 Barnabas
3501 2517 3690 2577 Paulo

2092 2614 2419 2679 adharebat,
2467 2612 2597 2667 dum
2645 2612 2713 2666 de
2763 2627 2829 2666 eo
2873 2612 2987 2665 haec
3024 2611 3295 2665 scribebat
3344 2611 3681 2679 Apostolus.

2090 2702 2247 2757 Prior
2274 2712 2454 2758 autem
2484 2703 2550 2756 ad
2600 2702 2918 2757 Corinthios
2963 2700 3203 2771 Epistola
3238 2718 3384 2757 anno
3414 2701 3486 2757 56
3521 2702 3680 2757 desi-

2090 2805 2251 2850 nente
2275 2797 2341 2862 ",
2359 2796 2442 2850 vel
2466 2795 2534 2851 57
2569 2796 2790 2849 ineunte
2819 2795 2885 2860 ”,
2913 2795 3117 2864 scripta
3146 2793 3493 2864 perhibetur.
3515 2792 3683 2851 Unde

2088 2903 2322 2957 pronum
2374 2898 2457 2943 est
2504 2902 2736 2957 arguere
2785 2886 3115 2952 Barnabam,
3169 2896 3461 2955 postquam
3530 2901 3594 2941 se
3643 2901 3680 2946 a

2087 2975 2258 3032 Paulo
2289 2977 2625 3047 sejunxerat,
2662 2992 2807 3031 anno
2837 2976 2928 3041 51,
2971 2976 3085 3046 jam
3130 2976 3254 3031 inde
3282 2986 3406 3044 post
3428 2987 3679 3046 quatuor

2088 3068 2169 3122 vel
2194 3069 2436 3139 quinque
2466 3082 2733 3123 annorum
2778 3066 3035 3135 spatium,
3061 3076 3121 3120 ut
3146 3066 3309 3120 modo
3355 3067 3676 3131 innuimus,

2086 3160 2141 3214 in
2171 3159 2291 3228 ejus
2318 3159 2535 3213 demum
2568 3158 2881 3213 societatem
2929 3157 3160 3212 rediisse
3191 3175 3204 3212 :
3238 3167 3299 3211 ut
3326 3158 3565 3226 proinde
3587 3158 3675 3214 nil

2084 3249 2307 3314 mirum,
2350 3247 2397 3303 si
2440 3246 2668 3302 Joannis
2698 3245 2865 3301 Marci
2898 3245 3161 3301 Barnabze
3190 3247 3515 3302 consobrini
3547 3264 3670 3304 me-

2082 3339 2302 3395 minerit
2328 3338 2622 3408 Apostolus
2654 3353 2797 3393 anno
2827 3338 2917 3404 62,
2947 3338 3078 3392 dum
3108 3339 3175 3393 ad
3226 3338 3591 3395 Colossenses
3612 3351 3672 3396 et

2081 3430 2147 3484 ad
2181 3428 2551 3486 Philemonem
2587 3427 2881 3494 scriberet;
2924 3427 3214 3497 ipsumque
3261 3426 3316 3480 in
3351 3428 3553 3497 primis
3578 3444 3667 3483 re-

2079 3529 2300 3576 censeat
2338 3534 2484 3574 anno
2535 3518 2626 3580 67,
2673 3534 2782 3588 quo
2832 3519 3130 3574 secundam
3182 3518 3249 3573 ad
3303 3518 3665 3574 Timotheum

2078 3612 2300 3679 scripsit
2347 3609 2668 3680 Epistolam,
2716 3611 2857 3665 inter
2883 3625 2979 3665 eos
3010 3611 3192 3666 socios
3233 3625 3263 3665 e
3302 3611 3508 3680 quibus
3554 3612 3663 3668 sibi

2076 3702 2460 3757 assistentibus
2496 3710 2859 3772 Opportunum
2892 3701 2945 3755 in
2974 3701 3091 3758 suis
3120 3702 3351 3758 vinculis
3391 3703 3657 3759 solatium

2079 3794 2264 3849 llorna:
2293 3794 2578 3863 reciperet.

2144 3885 2330 3957 Neque
2352 3896 2563 3941 tantum
2596 3886 2879 3941 desinente
2907 3900 3052 3941 anno
3097 3885 3193 3953 56,
3224 3884 3317 3940 sed
3354 3885 3524 3940 etiam
3552 3887 3657 3943 sub

2074 3980 2354 4049 sequentis
2402 3979 2472 4034 57
2524 3978 2686 4033 finem
2739 3978 2822 4033 vel
2868 3976 3105 4033 fortasse
3157 3977 3379 4033 ineunte
3417 3978 3508 4045 58,
3542 3996 3661 4050 quot

2073 4080 2319 4141 tempore
2366 4071 2637 4140 posterior
2673 4069 2936 4138 inscripta
2966 4068 3066 4123 fuit
3097 4068 3401 4124 Corinthiis
3430 4068 3653 4139 Episto-

2073 4164 2131 4217 la.
2182 4164 2249 4228 “,
2284 4163 2447 4217 vitam
2492 4163 2671 4218 adhuc
2714 4161 2890 4229 egisse
2943 4159 3270 4226 Barnabam,
3316 4172 3650 4218 censuerunt

2072 4256 2320 4309 nonnulli
2367 4252 2730 4309 ecclesiastici
2784 4253 3083 4321 scriptores
3137 4251 3349 4306 Joanne
3400 4253 3646 4324 Chryso-

2071 4360 2251 4403 stozno
2277 4347 2639 4417 antiquiores.
2668 4346 2746 4398 Ad
2774 4344 2865 4399 illa
2894 4344 3038 4399 enim
3062 4344 3307 4413 Apostoli
3339 4346 3507 4399 verba
3539 4345 3588 4378 ³³
3620 4366 3637 4402 :

2072 4438 2319 4492 Misimus
2362 4438 2521 4507 etiam
2561 4452 2678 4489 cum
2708 4434 2804 4487 illo
2850 4436 3094 4503 fratrem,
3141 4433 3293 4501 cujus
3330 4434 3450 4488 laus
3482 4445 3559 4489 est
3589 4438 3643 4499 in

2071 4528 2358 4600 Evangelia
2384 4544 2474 4598 per
2496 4544 2672 4581 omnes
2686 4524 2974 4591 Ecclesias,
3013 4524 3127 4578 haec
3150 4523 3377 4578 adnotat
3399 4525 3639 4596 Chryso-

2067 4633 2279 4677 slomus
2316 4620 2401 4674 9‘:
2470 4618 2581 4671 Καὶ
2619 4618 2702 4681 τίς
2755 4611 2909 4680 ὦτός
2954 4618 3103 4669 ἐστιν
3132 4619 3160 4670 ὁ
3192 4616 3454 4686 ἀδελφός
3485 4619 3634 4684 Τινὲ.⁸

2071 4715 2170 4785 μὲν
2201 4714 2291 4769 τὸν
2323 4713 2555 4767 Λθυκᾶν⁸
2592 4711 2685 4764 καί
2726 4727 2856 4779 φασι
2905 4708 2993 4762 διὰ
3038 4708 3135 4779 τὴν
3180 4709 3421 4778 ἱστορίαν
3466 4710 3637 4783 ἥνπερ
3690 4764 3693 4767 λ

2066 4804 2288 4877 ἔγραψε.
2331 4803 2487 4866 Τινὲς
2530 4802 2587 4855 δὲ
2636 4801 2726 4854 τὸν
2773 4800 3074 4871 Βαρνάϐαν·
3132 4800 3227 4853 καὶ
3278 4800 3389 4873 γὰρ
3440 4800 3531 4854 καὶ
3577 4802 3634 4856 τὸ

2067 4897 2313 4967 ἄγραφον
2364 4896 2623 4966 κήρυγμα
2663 4890 2991 4959 Εὐαγγέλιω
3057 4889 3227 4944 καλεῖ.
3292 4890 3357 4943 Et
3398 4892 3631 4961 quisnam

2065 4997 2141 5039 est
2180 4986 2265 5037 hic
2314 4985 2526 5053 frater?
2564 4980 2822 5035 Nonnulli
2849 4980 3055 5050 quidem
3088 4981 3169 5034 Itis
3214 4979 3383 5034 verbis
3437 4980 3629 5039 Lucam

2064 5078 2359 5148 signiﬁcari
2405 5085 2641 5146 putant:
2678 5085 2833 5144 atque
2878 5076 2972 5127 hoc
3033 5074 3216 5127 dicunt
3266 5085 3480 5143 propter
3517 5092 3628 5129 eam

2064 5166 2343 5218 historiam
2377 5180 2535 5234 quam
2582 5162 2774 5216 litteris
2806 5162 3095 5216 mandavit.
3127 5162 3238 5215 Alii
3281 5179 3400 5217 vero
3424 5163 3625 5219 Barna-

2065 5255 2183 5308 bam
2213 5269 2230 5307 :
2258 5256 2449 5308 etenim
2490 5255 2923 5324 prwdicationem
2963 5270 3165 5324 quoque
3213 5270 3318 5307 non
3358 5256 3622 5325 scriptam,

462 5425 515 5507 '3‘
538 5424 778 5507 Fabric.,
812 5427 964 5507 Bibl.
987 5428 1110 5507 G‘r.,_
1134 5442 1267 5495 tom.
1299 5433 1371 5507 X_,
1397 5450 1518 5507 pag.
1551 5433 1684 5507 475.
1705 5436 1751 5507 ξι
1774 5435 1930 5507 Alex.
1955 5437 1983 5489 Α

2089 5478 2126 5501 .,
2155 5437 2295 5504 apud
2336 5436 2581 5502 Bolland.
2614 5436 2648 5489 l.
2681 5452 2756 5497 c.,
2788 5452 2940 5507 num.
2981 5435 3035 5502 8,
3066 5452 3118 5507 p.
3151 5436 3276 5490 458.
3321 5437 3368 5469 ⁸³
3399 5436 3620 5507 Baron.,

388 5495 667 5563 prmlocut.
689 5497 757 5549 ad
788 5499 984 5553 Annal.
1004 5502 1152 5567 eccl.,
1181 5514 1311 5556 tom.
1344 5495 1440 5574 l,'§

388 5580 512 5619 nae.
538 5564 663 5619 412.
695 5566 800 5619 655
824 5578 877 5619 et.
910 5586 1061 5619 sena-
1167 5574 1211 5605 ⁸³
1248 5573 1440 5619 Μςηηρι

387 5580 512 5648 pag.
538 5568 663 5631 412,
695 5568 800 5622 655
824 5578 877 5624 et
910 5586 1061 5641 seqq.
1167 5574 1211 5605 ⁸³
1248 5568 1516 5639 lllaznéh.,
1542 5568 1857 5638 Comment.,
1886 5568 1993 5629 vol.

388 5634 891 5712 item.-_eccl.,_totn.
933 5639 971 5704 l,
996 5657 1117 5712 pag.
1149 5644 1275 5697 διδ.
1353 5646 1395 5676 ⁹¹
1430 5643 1448 5695 l
1487 5643 1612 5697 Cor.
1650 5660 1725 5707 Ix,
1755 5647 1806 5709 5,
1841 5646 1893 5699 6.
1973 5649 2017 5679 ⁹¹

1470 5505 1641 5578 11⁸⁸⁸
1668 5505 1767 5572 ld.,
1800 5506 2160 5578 ibid.,adgan.
2194 5509 2282 5564 bl.
2316 5507 2431 5572 §55
2458 5516 2510 5559 et
2540 5508 2686 5578 alibi.
2728 5505 3024 5578 87Ttllclll"
3061 5506 3545 5578 Mem.e_ccl.,_tont.
3584 5505 3619 5578 l,

1167 5573 1522 5647 filllazochq
1542 5573 1857 5638 Comment.,
1886 5578 1993 5629 vol.
2029 5577 2090 5647 Il,
2124 5594 2244 5645 pag.
2274 5578 2531 5631 555-557.
2573 5578 2616 5609 ⁸9
2656 5577 2773 5631 Act.
2801 5593 2899 5647 xv,
2928 5576 3119 5630 50—56.
3164 5577 3211 5608 9°
3240 5575 3359 5630 νῆα.
3391 5573 3619 5647 Tillem.,

2061 5646 2302 5721 ἸἹΙΙυξῃτ⁷
2326 5648 2366 5721 l._
2386 5663 2472 5721 c.,
2512 5664 2565 5721 pA.
2597 5648 2727 5721 5657.7
2754 5645 3062 5721 __9"_Pears.
3109 5647 3310 5721 Annal.
3332 5647 3538 5721 Paul"
3568 5645 3614 5721 p,

385 5702 678 5791 μ’)ςᾩΜξμη⁸
702 5702 1014 5791 Ρςριςροηξξ
1031 5702 1114 5791 αὖ·
1232 5713 1292 5767 Τ.
1314 5754 1345 5791 ,Α
1360 5713 1503 5791 §_9.A
1539 5713 1595 5773 ’⁸,
1615 5702 1853 5791 ΤίΙΙόιῄς,
1880 5715 2082 5791 Pennis:
2103 5726 2168 5791 et
2195 5702 2324 5772 Mill.
2352 5702 2488 5774 locis
2512 5702 2604 5773 ait.
2684 5720 2728 5751 ³⁵
2753 5715 2796 5770 ll
2835 5716 2961 5771 Cor.
2986 5733 3082 5771 \‘tu
3104 5762 3117 5787 ,
3162 5715 3246 5770 18.
3330 5720 3375 5751 ⁵⁵
3406 5702 3613 5791 Christ;

385 5772 539 5841 hom.
577 5773 636 5843 8,
661 5775 715 5832 in
744 5772 918 5849 Epist.
951 5779 1014 5837 II
1047 5784 1114 5837 ad
1148 5783 1295 5855 Cor.,
1316 5772 1431 5857 θυι,
1465 5783 1601 5856 Opp.
1631 5772 1853 5861 tom.X,
1874 5801 1997 5861 pag.
2018 5786 2143 5855 516i.
