3818 6216
136 312 245 367 697

1484 286 2015 346 PROLEGOMENA.

3294 274 3398 333 698

140 427 493 500 Erangelium
528 430 817 488 nuncupat.
873 416 1029 475 Unde
1090 416 1276 471 videas
1323 413 1719 486 Chrysostomo
1748 414 1795 469 A
1824 417 1928 464 stet
1953 404 2281 471 Barnabam,
2312 395 2854 500 adeoque-Joannem
2889 394 3146 500 Marcum
3176 407 3397 500 Icouso-

138 520 272 574 item
300 514 523 587 probari
540 527 730 568 eorum
756 518 998 566 veterum
1026 508 1352 577 scriptorum
1373 503 1721 567 sententiam,

137 610 235 681 qui
262 606 514 678 Apostoli
544 604 707 659 verba
742 604 809 657 de
840 602 1089 656 Barnaba
1116 600 1335 654 fuerunt
1360 594 1719 665 interpretati.

140 704 350 758 Verum
417 697 761 768 apertissime
803 694 1170 748 Theodoritus
1223 691 1276 744 in
1335 688 1591 744 eumdem
1643 687 1724 741 lo-

136 809 266 850 cum
299 794 346 826 ⁹⁷
377 811 392 846 :
425 792 531 849 Τὸν
576 787 977 862 τρισμακάριον
1026 782 1308 854 Βαρνάϐαν
1343 779 1414 833 τὰ
1459 778 1723 849 εἰρημένα

135 883 560 958 χαρακτηρίζει.
604 880 774 943 Αὐτὸς
806 878 913 949 γὰρ
956 878 1052 931 καὶ
1094 878 1150 929 ὲν
1187 872 1487 942 Ἀντιοχείᾳ
1510 871 1607 924 σὺν
1645 870 1723 941 τῷ

140 977 403 1050 μακαρίῳ
467 975 683 1046 Παύλῳ,
738 974 841 1043 τῆς
897 971 1227 1044 χειροτονίας
1282 968 1569 1037 τετύχηκε,
1625 964 1721 1019 τοῦ

138 1070 283 1123 Θείου
317 1067 642 1137 Πνεὺματος
674 1064 974 1137 εἰρηκότος
1024 1063 1366 1130 Ἀφορίσατε
1388 1058 1461 1125 δή
1490 1076 1592 1127 μοι
1616 1056 1724 1110 τὸν

134 1160 462 1229 Βαρνάϐαν
507 1161 605 1214 καὶ
631 1161 739 1214 τὸν
762 1161 1017 1223 Σαῦλον,
1040 1164 1128 1224 εῑς
1158 1156 1224 1210 τὸ
1252 1159 1428 1225 ἔργον
1457 1154 1488 1209 ὃ
1534 1168 1722 1221 προσ-

138 1250 439 1320 κέκλημαι
460 1252 703 1315 αὐτούς.
727 1249 856 1304 ch
890 1249 1042 1303 verba
1063 1249 1339 1317 designant
1363 1245 1723 1299 beatissimum

137 1344 473 1399 Barnabam.
508 1343 627 1414 Ipse
657 1360 880 1414 namque
902 1344 1197 1397 Antiochia’
1224 1358 1340 1395 cum
1372 1340 1520 1393 beato
1547 1337 1721 1391 Paulo

137 1438 420 1489 ordinatus
457 1444 558 1502 est,
611 1436 815 1489 dicente
852 1436 1029 1489 divino
1085 1434 1289 1503 Spiritu
1323 1448 1341 1486 :
1379 1453 1396 1484 ‹
1443 1431 1723 1503 Segregate

134 1529 264 1581 mihi
296 1527 613 1581 Barnabam
648 1538 698 1583 et
729 1526 976 1592 Saulum,
1014 1527 1083 1579 ad
1113 1543 1241 1595 opus
1286 1526 1355 1579 ad
1379 1526 1516 1595 quod
1542 1524 1721 1577 vocavi

136 1636 241 1673 eos.
286 1637 305 1669 ι
342 1616 533 1687 Neque
561 1619 705 1673 aliud
739 1634 871 1673 sane
898 1618 1128 1672 suadere
1174 1617 1387 1670 videtur
1431 1624 1721 1670 contextus

135 1708 424 1764 Paulinus.
460 1709 741 1779 Siquidem
774 1710 953 1763 verbis
979 1709 1144 1762 modo
1174 1708 1416 1762 recitatis
1439 1708 1502 1759 de
1526 1707 1713 1776 fratre,

137 1801 284 1869 cujus
335 1800 461 1853 laus
524 1810 600 1853 est
632 1802 686 1853 in
737 1798 1024 1868 Evangelia
1067 1816 1159 1868 per
1190 1814 1367 1852 omnes
1425 1797 1713 1859 Ecclesias,

135 1891 318 1946 subdit
349 1890 542 1944 statim
576 1889 870 1959 Apostolus
904 1908 915 1943 :
946 1888 1067 1942 Non
1105 1888 1277 1942 solum
1314 1897 1511 1951 autem,
1542 1887 1633 1941 sed
1666 1897 1715 1940 et

135 1988 418 2042 ordinatus
463 1996 539 2041 est
591 2003 760 2040 comes
812 1985 1249 2057 peregrinationis
1313 1995 1527 2039 nostra.
1581 1983 1716 2051 Quis

134 2094 295 2148 porro
320 2095 513 2135 comes
530 2080 672 2134 iste?
693 2078 809 2133 Non
830 2078 1027 2144 Lucas,
1049 2096 1154 2132 non
1183 2078 1347 2141 Silus,
1369 2093 1476 2132 non
1501 2076 1713 2147 Apollo,

135 2188 240 2227 non
272 2170 521 2227 Joannes
550 2172 786 2237 Marcus,
817 2180 876 2225 ut
916 2172 1163 2225 nonnulli
1206 2179 1417 2225 veteres
1444 2178 1499 2224 et
1530 2184 1717 2224 recen-

135 2265 300 2318 tiores
339 2272 715 2329 censuerunt;
753 2263 846 2318 sed
890 2263 1042 2318 solus
1088 2262 1384 2315 Barnabas.
1438 2258 1537 2313 llic
1567 2258 1714 2313 enim

135 2370 274 2408 unus
304 2354 508 2424 legitur
522 2353 920 2425 χειροτονηθεὶς
945 2350 1471 2423 ωνέκδημοςὴμῶν,
1498 2348 1714 2404 utPau—

136 2446 217 2499 lus
270 2447 482 2501 ibidem
535 2447 813 2516 loquitur;
858 2445 924 2499 ad
952 2446 1043 2499 illa
1090 2446 1283 2514 procul
1335 2443 1503 2497 dubio
1542 2441 1716 2511 respi-

135 2539 302 2603 ciens,
361 2552 490 2606 qnaa
526 2537 593 2590 de
652 2552 711 2590 se
752 2536 872 2606 ipso
918 2544 973 2590 et
1026 2534 1271 2588 Barnaba
1324 2534 1614 2587 traduntur
1660 2532 1713 2584 in

135 2631 279 2685 Actis
308 2631 356 2662 ’⁸
378 2648 392 2684 :
416 2629 529 2682 Kal
550 2628 846 2694 ἐπιθέντες
874 2630 983 2690 τὰς
1010 2630 1211 2696 χεῷας
1239 2624 1463 2691 αὐτοῖς,
1489 2622 1712 2678 ἀπέλυ-

138 2739 284 2787 σαν,
310 2722 460 2791 quod
498 2721 747 2790 nuspiam
776 2720 843 2773 de
871 2720 995 2775 aliis
1029 2734 1288 2789 expresse
1316 2718 1567 2787 legimus.

206 2813 343 2878 Quid
375 2812 525 2881 quod
556 2812 696 2865 idem
752 2810 812 2866 S.
855 2810 1097 2865 Joannes
1127 2809 1553 2880 Chrysostomus
1582 2824 1713 2863 cen-

137 2905 312 2967 suisse
338 2920 577 2981 quoque
594 2904 912 2970 videturkut
942 2902 1064 2957 viro
1110 2902 1326 2957 erudito
1363 2909 1610 2955 notatum
1641 2903 1710 2967 θ’,

140 3004 431 3057 Barnaham
484 3000 835 3070 superstitem
884 2998 1063 3052 adhuc
1098 2994 1290 3060 fuisse,
1334 2995 1464 3050 dum
1508 2992 1574 3048 ad
1604 2992 1713 3047 Co-

1826 498 2045 554 brinum
2098 510 2283 562 suum,
2340 502 2466 563 post
2518 489 2919 546 discessionem
2976 502 3006 540 a
3057 484 3230 541 Paulo
3279 500 3402 554 quae

1826 608 1971 647 anno
2010 592 2072 647 51
2109 590 2406 660 contigisse
2464 586 2661 642 merito
2715 583 3087 646 existimatur,
3135 580 3401 649 Apostolu

1825 686 2020 741 iterum
2050 684 2160 755 jam
2206 680 2502 737 adhaesisse
2531 694 2674 732 anno
2698 678 2786 743 56,
2819 675 2952 746 quin
2980 682 3034 728 et
3059 673 3113 727 in
3141 672 3279 727 vivis
3306 672 3375 726 ad

1826 780 1932 834 Imc
1957 779 2133 849 egisse
2164 790 2309 830 anno
2338 782 2450 828 tum
2474 772 2566 836 58,
2593 782 2706 826 tum
2738 769 2828 835 62,
2859 784 3035 838 neque
3064 768 3275 837 uspiam
3306 782 3403 835 ap-

1823 878 2035 940 pareat,
2091 867 2272 936 ipsqu
2321 874 2449 919 ante
2507 861 3066 932 liierosolymitauum
3122 857 3400 913 excidium

1824 974 2141 1030 supremum
2196 958 2339 1011 diem
2383 956 2629 1017 obiisse:
2668 964 2724 1009 ut
2768 954 2999 1023 proinde
3034 951 3170 1005 nihil
3220 951 3403 1005 obstet

1823 1067 1935 1121 quo
1957 1050 2141 1103 minus
2173 1056 2295 1117 post
2322 1062 2525 1100 annum
2571 1044 2657 1108 70,
2685 1061 2794 1113 quo
2830 1041 3152 1114 πανολεθρία
3184 1041 3273 1095 illa
3305 1040 3401 1095 Ju-

1823 1142 1977 1197 daica
2009 1139 2259 1209 contigit,
2305 1139 2426 1207 ejus
2457 1138 2508 1191 in
2544 1137 2788 1206 Epistula
2820 1152 2917 1191 sua
2956 1135 3273 1190 meminisse
3302 1150 3402 1188 au—

1824 1248 1944 1293 ctor
1984 1236 2243 1307 potuerit.
2284 1235 2486 1289 Verum
2528 1234 2631 1287 hac
2658 1233 2725 1286 de
2763 1247 2824 1286 re
2871 1230 3210 1285 Mazoehium
3236 1230 3301 1283 ν.
3333 1229 3397 1283 C.

1824 1328 1977 1384 adire
2004 1334 2228 1397 praestat
2250 1327 2306 1392 ',
2347 1326 2440 1395 qui
2472 1340 2539 1379 ex
2587 1324 2739 1378 Actis
2768 1322 2966 1376 Joanni
3006 1320 3188 1375 Marco
3224 1319 3402 1374 tribu-

1824 1423 1894 1478 tis
1951 1419 2174 1490 c0piose
2230 1419 2365 1474 satis
2416 1433 2480 1473 ac
2528 1416 2739 1471 erudite
2787 1413 2855 1467 de
2916 1429 3061 1467 anno
3110 1410 3401 1466 emortuali

1826 1512 1883 1567 S.
1918 1510 2183 1565 Barnabze
2236 1526 2423 1581 agens,
2476 1522 2655 1577 ipsum
2709 1520 2857 1559 anno
2886 1504 2953 1558 '76
2983 1503 3189 1559 Christi
3238 1502 3399 1557 ﬁdem

1822 1619 1927 1660 suo
1967 1602 2236 1671 sanguine
2282 1601 2662 1670 consignasse,
2720 1598 2880 1667 longe
2925 1596 3222 1652 verisimile
3270 1611 3401 1652 cen-

1823 1704 1926 1750 set.

2438 1784 2667 1840 CAPUT
2699 1783 2789 1839 IV.

1925 1903 2153 1968 Quanta:
2180 1904 2250 1957 sit
2278 1902 2642 1965 auctoritatis,
2661 1909 2710 1952 et
2735 1900 2923 1970 quanti
2954 1898 3291 1953 testimanda.

1888 1993 2009 2049 Jam
2045 2010 2196 2060 vero,
2228 2003 2287 2048 ut
2319 2002 2539 2063 quanta:
2573 1992 2645 2047 sit
2674 1991 3020 2045 auctoritatis
3052 1991 3241 2045 eadem
3272 1988 3401 2060 Epi-

1818 2087 1984 2153 stola,
2009 2086 2225 2140 demum
2254 2082 2642 2153 dispiciamus;
2696 2082 2843 2135 illam
2896 2082 3120 2135 maximi
3156 2095 3280 2136 esse
3322 2080 3403 2133 [ιι-

1817 2177 2067 2231 ciendam
2103 2175 2339 2245 quisque
2382 2174 2505 2243 jure
2542 2172 2824 2237 fatebitur,
2858 2182 2970 2226 tum
3006 2186 3106 2241 pro
3138 2170 3402 2240 dignitate

1817 2278 1983 2339 atque
2024 2268 2429 2323 existimatione
2468 2283 2647 2338 'quam
2694 2267 2824 2319 olim
2887 2266 3031 2335 apud
3086 2264 3400 2320 vetustissi~

1817 2376 1937 2416 mos
1966 2360 2378 2415 ecclesiasticos
2421 2360 2717 2428 scriptores
2758 2358 3018 2423 obtinuit,
3059 2366 3171 2411 tum
3200 2356 3253 2409 in
3285 2355 3402 2425 pri-

1816 2453 1922 2507 IIIS
1961 2468 2059 2521 pro
2101 2451 2248 2505 illius
2270 2451 2443 2520 pretio
2468 2468 2532 2506 ac
2559 2451 2790 2505 utilitate
2819 2465 2983 2520 quam
3014 2465 3077 2503 ex
3105 2464 3168 2503 ea
3201 2448 3254 2502 in
3292 2445 3401 2501 Ecu

1816 2542 2038 2597 clesiam
2071 2543 2321 2596 derivare
2355 2552 2694 2611 compertum
2736 2555 2839 2595 est.
2877 2561 2895 2591 ί
2942 2541 3005 2595 Ει
3036 2556 3189 2602 sane,
3218 2538 3401 2593 verbis

1817 2642 1939 2686 utor
1962 2631 2216 2687 Dacherii
2260 2630 2323 2685 V.
2373 2632 2437 2685 C.
2488 2633 2527 2696 ³,
2570 2647 2883 2700 quanquam
2927 2630 3223 2699 Epistulam
3259 2629 3402 2683 hanc

1814 2739 1915 2794 pro
1967 2724 2229 2778 canonica
2281 2733 2335 2777 et
2382 2733 2534 2777 extra
2571 2725 2927 2778 dubitandam
2968 2723 3123 2776 [idem
3162 2720 3401 2791 legitima

1814 2815 2041 2869 minime
2099 2813 2473 2883 proferamus;
2520 2815 2718 2885 stylum
2775 2824 2959 2868 tamen
3009 2829 3066 2867 re
3104 2827 3231 2867 vera
3280 2828 3404 2865 ma-

1810 2904 2024 2974 jestatis
2047 2904 2365 2975 apostolica:
2400 2904 2648 2975 dignum,
2688 2905 3086 2973 materiamque
3121 2902 3401 2958 nascentis

1816 2997 2074 3053 Ecclesiae
2123 2997 2289 3052 rebus
2349 2999 2819 3051 accommodatam
2875 3012 2983 3051 non
3027 2995 3189 3051 modo
3236 2995 3398 3066 sapit,

139 3095 403 3149 lossenses
428 3092 729 3162 Apostolus
758 3091 1041 3145 scriberet.
1070 3089 1127 3143 In
1145 3089 1232 3143 illa
1253 3090 1397 3144 enim
1419 3088 1583 3143 verba
1606 3086 1709 3142 '°°:
1739 3084 1782 3144 C
1816 3092 1910 3148 sed
1934 3089 2315 3163 ingeritctiam
2340 3090 2791 3144 clementioribus
2828 3090 3091 3144 lectorum
3129 3087 3357 3158 jmliciis
3382 3103 3397 3142 :

139 3184 342 3239 Salutat
398 3202 557 3239 vos...
612 3183 827 3237 Marcus
875 3182 1219 3236 consobrinus
1266 3180 1550 3248 Barnaba',
1597 3181 1711 3237 lucc

139 3277 294 3332 habet
326 3277 384 3332 S.
423 3278 622 3333 doctor
647 3276 698 3331 ἐ
732 3276 840 3329 Καὶ
860 3274 1047 3328 τοῦτον
1069 3273 1403 3345 ἐνεκωμίασε
1436 3274 1574 3337 τέως
1605 3274 1712 3328 ἀπὸ

139 3370 229 3439 τῆς
266 3370 603 3439 συγγενείας·
663 3367 834 3439 μέγας
888 3368 996 3438 γὰρ
1027 3361 1095 3436 ἦν
1152 3365 1291 3437 ἀνὴρ
1336 3368 1365 3420 ὁ
1408 3366 1707 3439 Βαρνάϐας,

141 3459 270 3527 Περὶ
299 3461 367 3514 οὗ
414 3458 661 3514 ἐλάϐετε
696 3460 967 3525 ἐντολὰς,
996 3458 1104 3512 ἐὰν
1143 3460 1291 3527 ἔλθῃ
1326 3459 1475 3526 πρὸς
1534 3456 1709 3529 ὑμᾶς,

143 3549 385 3615 δέξασθε
440 3553 649 3607 αὐτόν.
694 3551 759 3605 Tt
791 3551 935 3623 γάρ,
968 3551 1069 3605 οὐκ
1120 3550 1366 3621 ἐδέχοντο
1397 3553 1489 3605 mi.
1543 3552 1713 3622 χωρὶς

141 3640 353 3706 τούτους
386 3640 498 3696 ναί*
534 3639 669 3695 ἀλλὰ
690 3642 839 3711 μετὰ
868 3640 1107 3707 πολλῆς
1138 3639 1247 3708 τῆς
1279 3640 1556 3709 σπουδῆς
1586 3641 1711 3711 βού-

140 3728 325 3802 λομαι,
360 3732 515 3804 φησι·
553 3733 647 3786 καὶ
691 3730 847 3784 τοῦτο
879 3732 970 3784 τὸν
1006 3730 1174 3802 ἄνδρα
1213 3731 1452 3784 δείκνυσι
1508 3732 1705 3802 μέγαν.

146 3821 289 3881 Hunc
324 3841 528 3897 quoque
544 3825 659 3894 jam
684 3823 923 3877 laudavit
948 3839 1013 3876 ea:
1043 3823 1351 3893 cognatione
1381 3840 1399 3877 :
1431 3834 1544 3877 erat
1573 3825 1711 3878 enim

144 3914 405 3971 Barnabas
436 3918 518 3971 vir
554 3932 797 3986 magnus.
840 3934 858 3967 ‹
894 3915 968 3969 De
991 3933 1093 3985 quo
1115 3918 1394 3985 accepistis
1418 3918 1672 3971 mandata
1692 3934 1711 3973 .°

144 4007 187 4059 si
220 4010 403 4085 venerit
446 4011 516 4062 ad
548 4026 657 4071 vos,
690 4008 940 4076 suscipite
966 4007 1140 4062 illum.
1178 4028 1196 4060 ι
1233 4008 1376 4074 Quid
1415 4011 1575 4064 vero?
1607 4027 1713 4063 non

145 4098 289 4153 aliter
337 4101 728 4170 suscepissent!
756 4099 1007 4155 Maiime.
1058 4100 1162 4155 Sed
1213 4118 1330 4154 cum
1383 4118 1594 4171 magno,
1629 4104 1714 4155 in-

145 4190 267 4257 quit,
298 4192 472 4244 studio
497 4207 516 4243 :
553 4202 603 4243 et
634 4190 730 4243 hoc
780 4206 1027 4259 magnum
1072 4193 1243 4244 virum
1282 4192 1527 4246 ostendit.
1563 4190 1714 4247 Scri-

147 4290 285 4348 ptam
316 4294 496 4338 autem
528 4299 673 4336 anno
727 4283 797 4336 62
842 4282 1015 4337 fuisse
1060 4284 1202 4338 hanc
1255 4283 1320 4337 ad
1355 4283 1711 4339 Colossenses

150 4370 452 4441 Epistulam,
501 4390 565 4428 ex
605 4375 845 4428 virorum
871 4375 1211 4429 eruditorum
1244 4376 1514 4429 sententia
1547 4392 1709 4445 supe-

148 4465 254 4518 rius
284 4468 534 4523 vidimus.
571 4467 647 4520 Ex
680 4468 881 4538 quibus
912 4483 1065 4537 ergo,
1115 4467 1160 4522 si
1212 4467 1414 4537 prioris
1451 4467 1709 4538 Epistula:

150 4554 496 4614 Corinthian
546 4558 709 4613 verba
743 4559 795 4611 in
828 4559 1069 4613 medium
1102 4559 1336 4614 adducta
1368 4560 1534 4629 probe
1563 4560 1709 4615 acci-

149 4651 381 4721 piantur;
415 4657 460 4711 si
487 4654 902 4718 Theodoritum,
933 4650 1200 4707 Joannem
1246 4652 1705 4725 Chrysostomum

150 4757 336 4813 eosque
359 4748 655 4817 scriptores
677 4744 1083 4800 ecclesiasticos
1124 4759 1264 4813 quos
1292 4744 1433 4798 idem
1481 4753 1706 4800 sanctus

149 4833 321 4891 doctor
350 4839 641 4904 collaudat,
677 4854 788 4907 prae
832 4836 1143 4891 Alexandro
1191 4836 1486 4901 monacho,
1515 4844 1573 4890 ut
1608 4853 1708 4907 par

151 4935 243 4990 est,
287 4931 573 4984 audiamus
607 4948 620 4982 :
653 4930 1090 4984 concludendum
1133 4928 1379 4997 profecto
1415 4929 1540 4993 erit,
1587 4931 1706 4985 ina-

152 5030 261 5072 nem
295 5035 410 5075 esse
436 5021 694 5076 Tenlzelii
742 5020 1127 5090 objectionem,
1161 5019 1309 5074 illius
1334 5028 1543 5075 tantum
1588 5038 1701 5078 mo-

155 5112 299 5167 nachi
339 5113 519 5186 Cyprii
571 5114 888 5170 testimonio
918 5113 1357 5180 innixam;cum
1407 5114 1543 5167 satis
1573 5130 1708 5170 con-

1739 4427 1786 4486 D

1813 3186 1886 3240 ita
1918 3193 1997 3252 ut,
2049 3184 2095 3240 si
2136 3183 2394 3255 πορφύρα
2439 3181 2589 3254 παρὰ
2634 3182 2733 3253 τὴν
2774 3181 3058 3253 πορφύραν
3099 3175 3399 3253 ὃιακριτέα,

1812 3276 2056 3348 profecto
2094 3277 2162 3331 de
2202 3292 2301 3331 sua
2331 3291 2457 3330 cum
2491 3283 2812 3329 catterorum
2851 3273 3229 3342 apostolorum
3258 3272 3400 3327 scri-

1814 3369 1921 3438 ptis
1970 3367 2407 3437 comparatioue,
2470 3365 2793 3435 sull‘ragium
2841 3364 3142 3418 secumlum
3177 3379 3400 3431 sperare

1812 3460 2026 3515 debeat.
2076 3479 2093 3511 ι
2151 3458 2277 3514 Ilarc
2336 3459 2448 3513 ille.
2510 3458 2631 3523 Qua
2673 3458 2740 3512 de
2784 3472 2845 3511 re
2885 3471 2985 3511 nos
3013 3471 3230 3526 quoque
3255 3470 3397 3511 non-

1812 3552 1961 3606 nulla
1992 3552 2156 3620 paulo
2185 3558 2331 3618 ante,
2363 3566 2487 3620 cap.
2514 3550 2570 3614 2,
2605 3550 2909 3619 attigimus.

1885 3644 2021 3700 Illud
2064 3660 2196 3699 vero
2238 3645 2589 3715 potissimum
2633 3642 3070 3697 animadvertere
3100 3640 3323 3711 iuverit,
3366 3656 3399 3695 ο

1812 3737 2076 3792 Barnaba:
2128 3736 2371 3807 Epistola
2422 3735 2724 3791 Ecclesiam
2780 3735 3108 3790 catholicam
3158 3733 3396 3804 prtesidii

1811 3831 2109 3901 plurimum
2152 3838 2333 3898 petere
2364 3829 2430 3882 ad
2466 3826 2843 3881 Uuitariorum
2876 3826 3208 3896 impietatem
3244 3842 3400 3882 ever-

1814 3924 2054 3991 tendam,
2087 3924 2506 3991 doctrinamque
2535 3920 2895 3975 orthodoxam
2926 3919 2994 3974 de
3022 3918 3151 3973 Jcsu
3189 3919 3397 3975 Christi

1812 4018 1935 4073 Filii
1972 4017 2067 4073 Dei
2096 4020 2165 4089 τῇ
2208 4015 2571 4089 προῦπάρξει,
2600 4013 2829 4084 ejusque
2871 4012 2949 4083 τῷ
2975 4012 3214 4083 ὁμουσίῳ
3241 4011 3398 4067 forti-

1811 4121 1893 4167 ter
1921 4110 2275 4175 astrueudam
2303 4106 2797 4174 stabiliendamque
2830 4122 2842 4159 :
2879 4114 2939 4159 ut
2972 4114 3095 4173 post
3136 4103 3352 4161 Bullum
3374 4104 3399 4136 ⁵

1810 4200 2148 4258 ctGrabium
2183 4199 2204 4231 ⁸
2232 4199 2481 4269 pluribus
2518 4195 2755 4251 ostendit
2799 4196 2883 4249 vir
2911 4196 3107 4251 doctus
3150 4195 3398 4252 Pruden-

1811 4295 1922 4349 tius
1966 4292 2224 4347 Maranus
2276 4291 2317 4344 ⁸.
2365 4288 2440 4344 De
2478 4288 2689 4343 caeteris
2726 4302 2890 4355 porro
2924 4286 3249 4343 Christiana:
3296 4288 3398 4343 do-

1811 4385 2001 4441 ctrinae
2029 4383 2322 4454 capitibus,
2365 4398 2430 4436 ex
2473 4381 2661 4436 eadem
2705 4380 2945 4450 Epistula
2969 4381 3248 4447 eruemlis,
3282 4396 3396 4450 pra:

1815 4475 2041 4544 reliquis
2070 4489 2243 4542 nuper
2275 4471 2411 4526 satis
2445 4470 2657 4524 erudite
2694 4469 2956 4524 disseruit
2993 4469 3063 4523 cl.
3112 4468 3395 4523 Marcella-

1811 4567 1898 4622 Ius
1924 4566 1968 4619 '.
2003 4562 2100 4617 llis
2145 4572 2325 4617 autem
2371 4562 2637 4614 hactenus
2674 4558 2979 4613 observatis
3021 4558 3222 4612 addere
3261 4558 3396 4612 libet

1810 4674 1879 4713 ex
1905 4655 2103 4711 Vossio
2135 4655 2156 4686 ⁸
2189 4663 2241 4707 et
2270 4652 2445 4707 IIodio
2485 4652 2528 4718 ',
2574 4650 2630 4705 S.
2673 4650 2977 4704 Barnabam
3013 4648 3276 4717 quamvis
3324 4664 3393 4704 ex

1812 4750 1998 4821 Graeca
2044 4745 2345 4801 LXXviraIi
2410 4746 2661 4798 versione
2690 4742 2987 4812 Scriptura:
3026 4742 3145 4796 loca
3186 4740 3395 4796 descri-

1812 4842 1941 4895 bere
1968 4836 2334 4901 consueverit,
2371 4836 2693 4904 plerumque
2739 4842 2920 4886 tamen
2962 4831 3282 4887 ileln'aicam
3306 4847 3394 4885 ve-

1814 4933 2027 4985 ritatem
2055 4935 2304 4984 secutum
2332 4925 2521 4979 fuisse.
2552 4924 2723 4993 Cujus
2754 4924 2972 4993 quidem
3006 4925 3083 4978 rei
3121 4932 3181 4978 ut
3220 4940 3389 4980 unum

1813 5023 1897 5076 vel
1940 5021 2169 5075 alterum
2212 5016 2521 5086 exemplum
2575 5016 2628 5069 in
2680 5016 2919 5070 medium
2957 5014 3283 5085 proferatur,
3321 5032 3387 5070 ex

1812 5110 1977 5175 LXX,
2001 5110 2153 5165 Isaiae
2184 5123 2335 5175 xxvi,
2370 5106 2458 5172 16,
2500 5106 2615 5161 haec
2643 5105 2837 5160 recitat
2876 5119 3069 5161 auctor
3103 5107 3145 5138 ³ο
3174 5126 3188 5162 ι
3235 5106 3391 5163 Ἰδοὺ

219 5320 259 5352 ⁵⁷
284 5320 549 5380 Theodor.
582 5325 635 5377 in
666 5320 840 5391 Epist.
868 5319 933 5376 ΙΙ
963 5321 1031 5374 ad
1064 5320 1187 5376 Cor.
1223 5337 1325 5391 vin
1347 5360 1361 5383 ,
1407 5320 1503 5383 18,
1540 5320 1627 5385 19,
1652 5318 1739 5390 Op‘

1828 5327 1960 5391 toni.
2003 5318 2089 5383 111,
2125 5334 2252 5391 ρος.
2293 5318 2423 5391 245.
2478 5314 2696 5391 Αθθ-Αςῐ.
2724 5326 2848 5376 xm,
2877 5313 2931 5367 '5.
3077 5310 3381 5391 Tillem_._,ul.

158 5402 305 5475 ςηιρ.
334 5393 457 5475 413.
496 5396 603 5475 nl”
635 5385 848 5475 Co'loss.
885 5391 1073 5475 ιν,10.
1156 5393 1172 5423 ⁸
1210 5390 1523 5475 Chrylsostq
1551 5385 1715 5475 hom-:—
1735 5385 1792 5445 11
1826 5385 2501 5475 invf‘fiftkad—qa'l‘osspj

1406 5463 1506 5526 ul.,
1534 5462 1640 5515 vol.
1669 5460 1735 5528 II,
1772 5477 1826 5530 p.
1869 5460 2129 5514 570-572.
2238 5460 2537 5519 'Dachcr.,
2569 5460 2580 5506 Ι

1406 5532 1500 5600 ﬁd.
1551 5529 1697 5591 Nic.,
1729 5539 1865 5585 sect.
1909 5546 1947 5592 ι,
1973 5546 2092 5599 cap.
2126 5527 2234 5599 2,§
2268 5528 2324 5593 2,
2358 5535 2580 5600 _etsect_.

1362 5593 1499 5655 iam.
1536 5600 1603 5654 D.
1643 5600 1715 5655 Ν.
1748 5600 1923 5663 1.0..
1954 5593 2056 5655 Iib.‘
2091 5615 2164 5664 ιν,
2203 5593 2405 5667 cap.2,
2438 5614 2491 5666 ιι.
2544 5593 2810 5667 δτι-ξπ.
2888 5596 2907 5626 τ

158 5457 177 5486 ⁸
208 5457 454 5528 Mazoch.,
488 5465 778 5519 Comment.
806 5463 859 5515 in
892 5472 991 5515 vet.
1024 5478 1213 5516 mnrm.
1250 5457 1506 5526 Kalend”
1534 5462 1640 5515 vol.
1669 5460 1735 5528 ll,

158 5528 273 5645 ﬁdit.
300 5531 554 5616 Menardi,
578 5534 753 5588 Paris.
789 5533 947 5587 16l5.
1024 5532 1046 5564 ⁸
1076 5531 1217 5585 Bull.
1249 5532 1367 5653 Del}

205 5611 339 5653 unot.
380 5606 506 5653 ibid.
537 5621 660 5653 nan.
691 5604 783 5653 21.
809 5604 897 5653 Μ..
975 5604 997 5634 ⁸
1040 5602 1274 5653 Marau..
1362 5622 1367 5653 π

205 5611 352 5674 unot.
380 5604 506 5659 ibid.
537 5621 660 5674 pag.
691 5604 783 5667 21,
809 5604 897 5656 44.
975 5604 997 5634 ⁸
1040 5602 1274 5674 Marau..

2534 5385 2588 5445 2,
2616 5383 2754 5451 Opp.
2796 5393 2928 5437 tom.
2975 5381 3067 5447 XI,
3101 5398 3222 5452 pag.
3254 5380 3380 5452 406.

2238 5451 2537 5519 'Dachci,
2569 5453 2740 5521 Epist.
2796 5468 3036 5521 nuncup.
3104 5451 3378 5521 ’adAprim.

2652 5564 2665 5587 ,
2697 5539 2816 5593 cap.
2848 5524 2902 5586 2,
2945 5518 3049 5593 §'1.
3126 5524 3147 5554 ⁵
3181 5518 3371 5593 Grai»,

2994 5596 3203 5653 arech.,
3237 5589 3376 5643 Con-

162 5670 292 5743 fg’rd.
321 5672 404 5743 des
433 5658 741 5739 SS.'P}§rcs,
772 5658 916 5729 'tom.
946 5674 988 5735 1,
1023 5689 1142 5743 pag.
1178 5672 1200 5724 1
1234 5658 1350 5739 seq.
1427 5673 1448 5703 ⁸
1478 5671 1551 5725 Is.
1584 5670 1770 5743 Yoss.,
1797 5670 1879 5743 De
1901 5658 2161 5743 translnt;
2182 5658 2334 5728 LXX
2361 5658 2523 5743 lnt't.,
2557 5663 2922 5739 cap.21,pag.
2942 5662 3029 5720 69.
3110 5664 3130 5695 ’
3156 5658 3369 5717 lluml'r.

166 5730 287 5792 ΙΙοὼ
323 5742 390 5799 De
422 5730 557 5802 Bibl.
585 5730 909 5815 text.'orig.,‘
937 5730 1037 5801 lib:
1063 5730 1144 5809 ιὶἶ,
1174 5758 1296 5812 cap.
1316 5730 1381 5809 ’5,
1420 5757 1540 5814 pag.
1574 5741 1700 5799 277.

1783 5742 1825 5774 ⁸ο
1848 5740 2015 5798 Barn.
2049 5739 2250 5813 Epist.,
2272 5756 2395 5813 cap.
2424 5736 2477 5792 6.
