3818 6216
411 276 518 334 699

1576 285 1633 341 S.
1675 284 2046 343 BARNABAS
2086 289 2511 348 APOSTOLUS.

3600 306 3695 360 τοῦ

410 366 687 463 ἐμϐάλλοι)
739 395 828 459 εἰς
868 396 940 449 τὰ
987 396 1228 464 θεμέλια
1269 402 1424 455 Σιὼν
1462 404 1637 457 λίθον
1662 407 1982 476 πολυτελῆ,

2161 412 2318 467 didit:
2358 414 2501 479 Quid
2530 413 2675 467 dicat
2705 416 2737 486 ἡ
2766 416 2968 480 Γιρῶσις
3009 417 3299 488 (Cagnitio,
3342 420 3464 477 sive
3510 422 3697 477 Scien-

410 482 721 551 ἐκλεκτὸν,
778 486 1225 559 (inportuna-701',
1268 495 1525 563 ἔντιμον.
1593 496 1766 553 Verba
1813 510 1994 555 tamen

414 578 665 645 proxime
713 580 1104 650 subsequentia
1148 600 1215 639 ex
1272 583 1503 643 Hebraeo
1560 590 1708 647 fonte
1756 594 1992 662 repetit:

412 671 525 724 Kal
548 672 616 737 ὃς
643 673 879 727 ἐλπίσει
906 674 1002 727 ἐπ’
1026 677 1233 743 αὑτὸν,
1267 677 1503 745 ζήσεται
1536 685 1623 749 εἰς
1650 684 1757 738 τὸν
1788 686 1995 751 αἰῶνα,

414 763 485 817 Et
531 765 623 833 qui
676 768 960 834 speraverit
1002 769 1059 821 in
1099 769 1277 837 illum,
1312 773 1445 828 vivet
1488 774 1540 827 in
1580 786 1855 833 internum.
1896 779 1995 836 Ubi

414 854 550 908 LXX
574 876 586 911 :
611 857 721 910 Kal
742 861 776 911 d
803 862 1103 913 πιστεύων
1125 864 1197 915 οὐ
1218 863 1304 932 μὴ
1334 870 1767 939 καταισχυνθῇ,
1788 871 1857 926 Et
1881 892 1996 930 cre-

411 946 539 1000 dens
590 965 693 1001 non
735 951 1107 1018 confundetur.
1148 954 1290 1011 Alibi
1328 967 1510 1013 autem
1552 975 1617 1015 ex
1657 961 1791 1019 Gen.
1832 981 1893 1029 tt,
1936 967 1992 1030 2,

364 1032 365 1035 “
413 1036 529 1091 haec
572 1039 734 1093 habet
780 1043 819 1073 “
878 1060 891 1097 ;
952 1043 1065 1097 Καὶ
1107 1048 1513 1105 συνετέλεσεν
1543 1053 1598 1125 (ό
1629 1054 1792 1128 Θεὸς)
1826 1058 1896 1112 ἐν
1919 1059 1996 1128 τῇ

411 1129 601 1221 ἡμέρᾳ
635 1131 710 1199 τῇ
735 1133 971 1205 ἐϐδόμῃ,
1000 1154 1053 1191 κ.
1090 1155 1141 1192 τ.
1173 1138 1222 1193 λ.
1268 1139 1339 1195 Et
1378 1150 1761 1202 consummavit
1806 1150 1992 1221 (Deus)

411 1219 466 1271 in
490 1218 574 1273 die
596 1222 839 1289 septima,
863 1234 967 1279 etc.
997 1227 1066 1280 At
1096 1226 1259 1295 LXX,
1294 1231 1365 1284 ἐν
1383 1231 1459 1301 τῇ
1496 1235 1683 1304 ἡμέρᾳ
1712 1237 1787 1307 τῇ
1816 1218 1991 1309 ἕκτῃ,

412 1309 467 1361 iu
492 1310 577 1364 die
598 1324 769 1367 sexta.
800 1312 939 1371 Hinc
986 1315 1045 1371 S.
1085 1317 1453 1393 Hieronymus
1485 1326 1538 1379 in
1581 1326 1992 1389 Traditionibus

410 1398 692 1459 Hebraicis
725 1423 738 1458 :
775 1404 883 1459 Pro
924 1409 1010 1463 die
1049 1422 1219 1478 sexta,
1260 1414 1314 1467 in
1361 1415 1586 1471 Hebraea
1635 1419 1775 1475 diem
1830 1426 1993 1492 septi-

409 1512 551 1549 mam
578 1497 750 1552 habet.
782 1498 954 1565 Quem
983 1501 1037 1555 in
1060 1507 1242 1558 locum
1283 1506 1439 1576 plura
1468 1510 1721 1568 observat
1743 1516 1991 1573 eruditus

411 1588 645 1644 Grabius
672 1592 735 1655 “,
770 1592 931 1663 digna
976 1610 1109 1650 sane
1146 1612 1268 1667 qua:
1316 1602 1457 1670 apud
1498 1602 1678 1671 ipsum
1719 1607 1988 1677 legantur.

410 1681 531 1736 Alia
576 1699 707 1737 vero
757 1686 1031 1755 ejusmodi
1074 1692 1345 1763 exempla,
1379 1709 1446 1749 ex
1504 1697 1691 1752 eadem
1747 1697 1987 1771 Epistola

412 1776 722 1845 repetenda.

1031 1917 1260 1975 CAPUT
1300 1920 1366 1979 V.

410 2032 682 2111 Iudicium
708 2037 776 2111 ct.
803 2037 1108 2111 Mazocliii:
1140 2044 1292 2111 cujus
1330 2046 1491 2100 etiam
1540 2050 1764 2105 erudita:
1812 2053 1990 2107 obser-

482 2108 712 2193 vqtiones
736 2109 788 2160 in
821 2110 1023 2193 aliquot
1049 2108 1283 2193 ejusdem
1318 2114 1735 2193 Epistolmloca,
1770 2122 1987 2193 reliquis

477 2175 770 2231 editoribus
799 2175 1096 2249 prw'terita',
1130 2186 1187 2238 in
1216 2175 1447 2241 "aedium
1477 2175 1842 2247 adducuntur.

481 2286 587 2342 Sed
645 2305 772 2346 ecce
811 2293 906 2347 tibi
956 2294 1040 2348 vir
1091 2296 1447 2354 doctissimus
1478 2302 1637 2371 cujus
1671 2305 1837 2374 paulo
1863 2316 1988 2361 ante

407 2381 781 2447 meminimus,
832 2385 961 2439 dum
1002 2384 1264 2443 Barnaba:
1306 2400 1456 2464 gesta
1491 2392 1612 2448 fuse
1638 2398 1989 2465 persequitur

407 2471 657 2542 miraque
687 2473 889 2542 ingenii
921 2478 1241 2533 dexteritate
1273 2479 1528 2547 illustrat,
1572 2484 1779 2553 aliquot
1823 2488 1986 2542 etiam

405 2562 528 2631 ejus
558 2563 815 2634 Epistolaa
848 2568 966 2622 loca
996 2570 1211 2639 egregie
1233 2586 1334 2640 pro
1366 2588 1520 2630 more
1547 2591 1652 2630 suo
1682 2577 1939 2634 edisserit
1970 2598 1983 2634 :

407 2663 467 2709 ut
501 2656 729 2724 proinde
766 2674 945 2728 opem
969 2661 1201 2729 pretium
1235 2678 1322 2716 me
1350 2662 1623 2720 facturum
1652 2669 1985 2740 existimem,

406 2747 453 2801 si
485 2747 790 2803 luculentas
833 2749 979 2804 illius
1033 2751 1443 2810 observationes
1496 2757 1600 2813 hoc
1644 2759 1748 2815 loci
1783 2762 1987 2818 descri-

406 2839 553 2892 bam.
607 2837 699 2893 Sic
740 2848 920 2893 antem
970 2856 1029 2895 se
1067 2842 1267 2898 habent
1307 2846 1351 2877 ¹³
1385 2865 1398 2902 :
1444 2866 1462 2897 ι
1500 2848 1577 2904 Ex
1604 2867 1715 2921 quo
1742 2853 1983 2922 primum

406 2936 651 2998 tempore
674 2930 743 2984 ab
766 2928 990 3000 llugone
1002 2932 1260 2989 Menardo
1275 2938 1551 3007 publicam
1576 2942 1750 2998 lucem
1774 2947 1987 3016 aspexit

407 3019 651 3090 Epistola
677 3040 800 3093 qua:
830 3026 933 3081 sub
964 3025 1226 3084 Barnaba:
1259 3034 1490 3100 apostoli
1532 3037 1753 3091 nomine
1796 3055 1826 3092 a
1859 3039 1983 3095 Cle-

405 3125 587 3168 mente
614 3116 1006 3187 Alexandrino,
1048 3119 1278 3193 Origene
1308 3134 1360 3180 et
1401 3127 1526 3183 aliis
1572 3128 1789 3186 laudata
1840 3131 1981 3201 fuit;
2010 3108 2053 3165 Ο

404 3212 485 3256 tot
513 3204 625 3273 jam
659 3208 905 3263 virorum
950 3212 1446 3271 eruditissimorum
1494 3220 1984 3278 animadversioni-

406 3294 512 3349 bus
540 3298 733 3365 patuit,
762 3310 822 3355 ut
844 3318 1310 3371 supervacaneum
1348 3308 1421 3365 sit
1447 3310 1745 3382 quidquam
1773 3315 1827 3370 in
1859 3331 1980 3371 eam

405 3388 530 3440 novi
556 3391 793 3460 aggredi.
826 3391 1029 3449 Tamen
1058 3395 1237 3450 obiter
1278 3399 1425 3455 illam
1462 3406 1802 3471 percurrenti
1847 3407 1985 3463 inci-

404 3477 603 3532 derunt
631 3481 765 3535 mihi
800 3485 1051 3552 quaedam
1096 3487 1219 3543 aliis
1250 3493 1544 3559 prmtcrita,
1578 3511 1699 3565 qua:
1742 3497 1830 3552 hic
1862 3499 1984 3555 bre-

403 3568 544 3622 viter
567 3587 929 3641 aspergerem.

482 3677 502 3711 t
539 3660 714 3731 Caput
741 3664 773 3716 6
800 3666 881 3720 sic
925 3667 1115 3738 incipit
1165 3688 1180 3725 :
1215 3672 1351 3727 Ὅτε
1372 3675 1484 3729 οὖν
1506 3678 1794 3745 ἐποίησεν
1818 3681 1984 3736 ἐντο-

403 3751 544 3819 λήν,
573 3763 677 3808 etc.
710 3756 843 3809 Cum
893 3769 1067 3813 autem
1104 3763 1229 3831 fecit
1282 3781 1612 3825 rnmcsprun
1660 3772 1981 3845 (Christus),

405 3844 533 3915 quid
557 3847 729 3900 dicit?
772 3849 902 3914 Quis
949 3862 1025 3905 est
1069 3857 1159 3924 qui
1203 3857 1477 3925 judicetur
1514 3868 1835 3920 mecunﬁ’et
1862 3844 1984 3937 quae

406 3953 573 4007 porro
615 3956 681 3995 ex
723 3943 875 3997 Isaia:
908 3960 959 4010 L,
992 3946 1044 4012 8,
1077 3947 1130 4010 9,
1164 3951 1377 4005 reeitat.
1411 3952 1509 4009 Hie
1538 3956 1829 4012 observata
1872 3978 1981 4016 non

407 4030 687 4101 indignum
713 4043 813 4100 cst,
842 4036 1080 4108 ἐντολήν,
1120 4053 1456 4112 praeceptum,
1499 4046 1749 4103 absolute
1795 4059 1848 4104 et
1890 4069 1984 4122 per

404 4123 777 4179 excellentiam
829 4131 1012 4182 vocari
1058 4129 1235 4197 Patris
1278 4134 1581 4203 jussioncm
1626 4139 1693 4193 de
1733 4139 1985 4198 lncarua-

406 4212 552 4267 tione
601 4224 655 4267 et
701 4223 813 4269 toto
866 4218 1119 4273 humanm
1151 4224 1513 4290 reparationis
1562 4227 1799 4297 negotio,
1834 4230 1979 4298 quod

405 4304 624 4369 ἐντολὰς
668 4307 761 4359 τοῦ
818 4310 1051 4381 Πατρός,
1096 4324 1359 4382 praecepta
1392 4313 1597 4381 Patris,
1651 4328 1810 4373 vocat
1864 4321 1980 4391 ipse

403 4394 677 4461 Christus,
704 4397 861 4452 Joan.
898 4416 988 4467 xv,
1022 4401 1109 4454 10.
1135 4404 1216 4457 Ac
1239 4404 1490 4461 fortassis
1509 4408 1769 4463 alluditur
1794 4426 1824 4464 a
1853 4410 1978 4465 Bar-

2019 1749 2066 1810 Β

2102 506 2199 575 tia)
2232 507 2419 560 discite
2450 526 2462 538 ·
2496 526 2514 559 ι
2561 506 2781 576 Sperate
2817 511 2870 563 in
2908 527 3048 578 eum,
3075 515 3165 582 qui
3192 515 3245 567 in
3274 532 3437 569 carne
3461 519 3694 585 maniIe—

2098 598 2321 651 standus
2358 608 2437 652 est
2491 600 2655 665 vobis,
2703 599 2907 657 Jesum.
2972 603 3248 669 Γνὼσεως,
3292 609 3568 674 scientia,
3602 626 3696 665 no—

2100 683 2245 737 mine
2273 701 2390 739 aevo
2438 690 2738 756 apostolico
2793 689 3092 749 intellectas
3139 693 3309 749 fuisse
3352 713 3612 753 arcanas
3647 713 3695 754 et

2098 776 2420 847 allegoricas
2490 781 2689 836 veteris
2734 781 2956 837 foederis
2998 785 3472 853 signiﬁcationes,
3528 806 3694 844 nemo

2098 866 2334 938 ignorat.
2384 868 2458 925 Ea
2485 883 2569 927 est
2599 873 2777 928 Ctacis
2829 876 3086 941 scientia,
3135 878 3189 932 in
3237 895 3345 948 qua
3394 882 3508 936 sibi
3561 882 3695 953 legis

2097 961 2302 1029 peritos
2367 962 2641 1032 placuisse
2679 965 2934 1023 Christus
2976 970 3183 1024 notavit
3215 970 3277 1023 “.
3317 972 3388 1026 At
3420 973 3535 1028 hoc
3576 990 3695 1027 am—

2096 1052 2238 1121 plius
2260 1052 2348 1107 hic
2377 1054 2883 1124 animadvertimus,
2931 1060 3156 1124 Γνῶσιν,
3186 1062 3491 1127 scientiam,
3528 1064 3692 1133 quasi

2096 1145 2295 1200 librum
2352 1148 2533 1212 citari,
2571 1158 2625 1204 et
2680 1166 2746 1205 ex
2790 1168 2857 1207 eo
2908 1153 3069 1207 verba
3104 1155 3189 1207 illa
3233 1154 3474 1223 proferri
3509 1175 3525 1210 :
3566 1157 3693 1225 Spe-

2095 1246 2230 1301 rate,
2260 1246 2364 1291 etc.
2400 1237 2555 1305 Quod
2588 1243 2810 1311 quidem
2842 1261 2906 1298 ex
2932 1243 3212 1300 Clemente
3238 1246 3632 1303 Alexandrino
3652 1251 3691 1279 "

2094 1329 2266 1383 multo
2293 1338 2376 1385 est
2418 1332 2747 1401 evidentius,
2791 1336 2883 1391 ubi
2936 1337 3051 1391 hare
3091 1338 3254 1392 verba
3314 1354 3383 1393 ex
3428 1338 3689 1395 Barnaba

2092 1420 2172 1475 sic
2210 1421 2527 1490 recitantur,
2568 1434 2626 1479 ut
2660 1427 2845 1496 φησιν,
2888 1429 3031 1498 quod
3069 1428 3159 1483 hic
3196 1429 3369 1495 deest,
3426 1432 3690 1500 supplet»

2093 1518 2183 1564 tur
2208 1530 2220 1565 :
2255 1511 2397 1576 Quid
2426 1515 2568 1569 dicat
2598 1513 2866 1587 Coguitio,
2893 1517 3082 1572 discite
3109 1533 3128 1571 :
3157 1518 3475 1583 Ἐλπίσατε,
3495 1524 3684 1591 φησὶν,

2092 1605 2185 1659 ἐπὶ
2217 1606 2329 1670 τόν,
2358 1616 2463 1661 etc.
2503 1606 2741 1677 Sperate,
2788 1610 2986 1678 inquit,
3018 1610 3070 1663 iu
3123 1626 3261 1676 eum,
3293 1621 3427 1678 etc.,
3478 1614 3561 1667 uti
3594 1631 3686 1667 su-

2094 1711 2207 1765 pra.
2248 1694 2352 1751 Ubi
2383 1698 2794 1766 animadvertis,
2836 1700 2969 1754 illud
3014 1702 3177 1772 φησίν
3226 1703 3410 1758 aﬂerri
3466 1721 3536 1759 ex
3592 1721 3684 1759 ore

2093 1786 2377 1852 Barnabw,
2413 1790 2602 1859 utique
2640 1805 2707 1845 ex
2741 1790 3070 1861 Cognitionis
3107 1794 3221 1849 sive
3250 1794 3511 1850 Scientia:
3546 1799 3683 1852 libro

2090 1879 2328 1935 citantis.
2376 1878 2568 1936 Plures
2626 1880 2755 1935 olim
2809 1881 2982 1939 fuisse
3038 1884 3353 1955 hujusmodi
3427 1886 3681 1945 Scientia:

2091 1971 2261 2028 libros
2308 1973 2682 2044 circumlatos,
2720 1977 2789 2031 ab
2833 1976 3038 2033 Judaeis
3083 1980 3375 2049 allegorica
3412 1986 3680 2037 sectanti-

2091 2064 2192 2120 bus
2222 2067 2587 2136 conseriptos,
2617 2084 2725 2123 non
2757 2079 2840 2124 est
2876 2070 3123 2124 dubium.
3154 2070 3235 2125 Ad
3257 2086 3356 2126 eos
3380 2088 3523 2143 ergo
3556 2073 3681 2129 Bar-

2090 2157 2260 2211 nabas
2287 2158 2605 2229 plerumque
2656 2162 2876 2230 ablegat
2925 2161 3180 2229 lectores,
3232 2164 3329 2217 ubi
3358 2164 3432 2218 ad
3472 2165 3677 2234 allego-

2089 2246 2199 2300 rias
2221 2246 2538 2317 digreditur.
2576 2248 2792 2306 Scimus
2820 2250 3115 2307 hodienum
3143 2252 3198 2305 in
3244 2252 3570 2324 Targumim
3601 2256 3675 2308 lo-

2086 2352 2148 2391 ca
2190 2338 2470 2408 complura
2505 2339 2571 2393 ad
2614 2339 2867 2396 Messian]
2915 2341 3107 2396 referri
3141 2360 3155 2397 :
3192 2342 3343 2412 quod
3384 2358 3457 2398 ex
3490 2345 3673 2399 eadem

2084 2426 2290 2482 Γνώσει
2317 2430 2574 2484 manavit.
2617 2429 2925 2487 Notandum
2974 2442 3061 2488 est
3098 2443 3282 2487 autem
3326 2434 3382 2488 in
3435 2437 3677 2503 ascriplo

2087 2523 2229 2589 loco,
2257 2525 2357 2578 etsi
2390 2524 2573 2578 omnia
2618 2525 2798 2580 verbis
2828 2526 3055 2580 totidem
3095 2542 3161 2581 ex
3188 2522 3397 2580 Γνὼσει
3444 2528 3677 2582 reciten-

2086 2623 2195 2680 tur,
2231 2614 2361 2669 illud
2386 2626 2567 2671 tamen
2612 2617 2839 2687 Ἰησοῦν,
2868 2616 3075 2685 Iesum,
3102 2618 3248 2689 quod
3275 2603 3343 2673 ad
3376 2619 3551 2673 ﬁnem
3583 2618 3676 2672 ad-

2086 2708 2255 2775 ditur,
2299 2724 2365 2762 ex
2411 2707 2672 2764 Barnaba:
2714 2725 2880 2764 manu
2919 2710 3249 2780 profectum,
3290 2724 3405 2764 non
3457 2712 3533 2765 ab
3582 2725 3678 2768 au-

2086 2811 2235 2856 ctore
2261 2800 2535 2866 Γνὼσεως.
2578 2801 2751 2868 Quem
2797 2803 3019 2872 quidem
3050 2800 3299 2857 Judmum
3355 2802 3541 2858 fuisse
3587 2818 3680 2856 nc-

2086 2908 2238 2948 eesse
2291 2903 2394 2958 est,
2446 2895 2655 2965 alioqui
2704 2910 2735 2949 a
2786 2893 3035 2949 Barnaba
3082 2893 3300 2949 Judazos
3344 2894 3681 2949 convicturo

2085 2984 2311 3039 minime
2347 2985 2650 3039 eitandum.
2693 2983 2916 3039 Judaeus
2958 2993 3141 3039 autem
3185 2983 3446 3039 Messiam
3494 2992 3679 3049 norat,

2086 3073 2279 3130 Jesum
2308 3093 2416 3131 non
2442 3088 2623 3132 norat.

2164 3229 2181 3262 ι
2212 3211 2404 3267 Statim
2438 3212 2635 3268 ibidem
2667 3213 2955 3284 sequitur:
2999 3211 3174 3268 Homo
3223 3213 3386 3279 enim,
3438 3213 3518 3282 γῆ
3561 3214 3683 3268 ἐστι

2087 3301 2389 3372 πάσχουσα,
2448 3312 2593 3356 terra
2630 3314 2706 3357 est
2761 3306 2989 3373 patiens.
3040 3304 3280 3373 Apparet
3325 3303 3418 3357 hic
3467 3302 3682 3357 Barna-

2085 3393 2232 3459 bam,
2266 3402 2361 3448 aut
2417 3394 2670 3463 quisquis
2718 3404 2802 3449 est
2846 3404 3059 3458 auctor,
3114 3393 3465 3463 philosophis
3513 3409 3683 3449 aures

2084 3486 2412 3542 admovisse.
2444 3485 2580 3542 Nam
2614 3487 2747 3541 illud
2781 3488 3086 3557 πάσχουσα,
3117 3487 3348 3557 patiens,
3394 3487 3465 3541 ad
3498 3489 3685 3557 philo-

2083 3579 2382 3647 zophorum
2428 3580 2683 3650 τεχνικὴν
2728 3578 2971 3648 γλῶτταν
3023 3588 3107 3635 est
3152 3578 3532 3649 referendum,
3566 3600 3683 3653 qua

2084 3671 2367 3739 materiam
2421 3673 2537 3740 pati
2585 3672 2859 3726 dicebant.
2928 3668 3129 3738 Homo,
3198 3672 3415 3741 inquit,
3475 3687 3565 3730 est
3616 3693 3680 3730 ex

2084 3771 2252 3828 terra,
2294 3778 2402 3816 non
2437 3762 2657 3832 quidem
2703 3773 2918 3834 agente,
2950 3765 3044 3820 sed
3072 3764 3327 3833 patiente.
3354 3765 3539 3834 Cujus
3564 3775 3681 3820 sta-

2084 3857 2179 3911 tim
2207 3857 2471 3909 rationem
2515 3855 2693 3909 reddit
2736 3856 2822 3912 his
2866 3857 3095 3912 verbis:
3166 3857 3297 3910 Ἀπὸ
3340 3857 3685 3924 προσώπου

2083 3949 2191 4017 γὰρ
2227 3946 2335 4015 τῆς
2362 3947 2475 4016 γῆς
2497 3948 2534 4016 ἡ
2559 3947 2784 4014 namq
2812 3948 2916 4003 τοῦ
2954 3947 3134 4018 Ἀδὰμ
3163 3947 3424 4016 ἐγένετο.
3457 3950 3505 4001 ,4
3542 3951 3686 4019 facie

2081 4041 2218 4093 enim
2249 4049 2402 4093 terra:
2448 4040 2597 4108 ﬁctio
2652 4040 2771 4108 (seu
2823 4040 3103 4108 formatio)
3134 4039 3265 4094 Δάαι
3288 4041 3525 4093 exstitit.
3580 4040 3682 4095 Ubi

2082 4130 2448 4199 pulcherrima
2475 4129 2892 4185 llellenistarum
2918 4131 3125 4185 locutio
3155 4131 3418 4185 occurrit.
3444 4129 3679 4187 Hebrai-

2080 4238 2204 4278 eum
2231 4223 2376 4276 enim
2394 4231 2532 4282 7:37:
2550 4222 2787 4291 Mippcue
2819 4223 2983 4293 (quod
3005 4221 3178 4277 Judaei
3206 4222 3522 4279 llellenistae
3548 4242 3677 4295 per-

2079 4322 2263 4383 petuo,
2294 4314 2400 4366 ὰπὸ
2428 4312 2739 4385 προσώπου,
2778 4315 2832 4368 h.
2863 4329 2912 4368 e.
2954 4331 2986 4366 a
3009 4315 3144 4383 facie
3179 4315 3438 4383 reddunt)
3472 4332 3679 4385 quatu-

2081 4406 2211 4460 libet
2239 4421 2484 4471 causam,
2520 4406 2683 4460 etiam
2727 4406 3086 4474 materialem,
3121 4408 3199 4461 uti
3242 4407 3563 4477 philosophi
3594 4410 3681 4463 lo-

404 4487 543 4541 naba
566 4488 631 4542 ad
658 4489 787 4543 illud
818 4491 1017 4562 psalmi
1045 4509 1234 4558 xxxix,
1272 4495 1327 4562 8,
1360 4496 1427 4551 9:
1462 4496 1605 4550 Tunc
1636 4501 1750 4553 dixi
1785 4516 1803 4553 :
1845 4502 1979 4558 Ecce
2011 4498 2055 4553 D
2081 4509 2346 4568 quuntur,
2388 4499 2656 4567 designat.
2708 4498 2854 4570 Ergo
2900 4500 3240 4555 tantumdem
3284 4509 3391 4562 est,
3445 4518 3479 4553 a
3542 4502 3683 4570 facie

403 4579 667 4634 venio.....
706 4588 764 4632 ut
806 4582 1001 4649 faciam
1029 4581 1347 4637 voluntatem
1385 4594 1530 4638 tuam
1555 4603 1573 4639 :
1598 4604 1759 4657 qualn
1785 4590 1978 4645 volun-

404 4678 567 4724 tatem
599 4686 721 4725 mox
753 4688 925 4725 LEGEM
958 4683 1114 4727 vocat
1141 4692 1153 4727 :
1186 4673 1325 4728 Deus
1361 4693 1524 4741 meus,
1556 4678 1714 4743 rolui,
1743 4690 1791 4732 et
1812 4681 1977 4751 legem

406 4773 551 4816 tuam
581 4763 637 4817 iu
666 4764 836 4817 medio
868 4766 1041 4819 cordis
1079 4768 1199 4820 mei.
1225 4766 1460 4822 Omnino
1490 4770 1591 4825 hac
1617 4774 1977 4841 praeceptione

404 4853 587 4907 divina
620 4857 791 4925 plenae
822 4870 950 4912 sunt
999 4858 1286 4928 utriusque
1316 4859 1538 4916 fmderis
1585 4863 1794 4932 paginae
1827 4884 1838 4918 :
1874 4867 1977 4920 hoc

403 4957 615 5004 tantum
666 4952 753 5007 hic
805 4968 1030 5019 novum,
1081 4955 1226 5025 quod
1270 4970 1331 5010 ea
1366 4957 1451 5011 hic
1481 4959 1729 5014 absolute
1763 4977 1974 5015 rumor:-

403 5055 547 5096 p'rvu
582 5054 939 5113 nunrnpctur.
964 5047 1033 5100 At
1062 5056 1218 5101 vetus
1248 5048 1517 5118 interpres
1540 5049 1637 5104 Dei
1660 5062 1976 5122 prwceptum

404 5133 656 5201 reddidit,
689 5148 749 5189 ut
775 5138 1016 5194 insolens
1046 5140 1300 5210 loquendi
1342 5157 1513 5212 genus
1551 5143 1757 5199 clarius
1802 5145 1977 5201 ellice-

404 5234 509 5284 ret.

481 5338 499 5371 ι
540 5319 710 5375 Paulo
748 5330 891 5391 post,
923 5325 1148 5379 recitato
1189 5324 1358 5383 Mosis
1395 5328 1708 5383 testimonio
1749 5329 1817 5385 de
1858 5331 1977 5384 adi-

406 5408 660 5477 pisccnda
696 5420 837 5465 terra
874 5411 1071 5469 ﬂuente
1115 5415 1253 5473 lacte
1299 5426 1353 5473 et
1403 5420 1583 5489 melle,
1636 5419 1821 5476 statim
1862 5421 1982 5475 haec

2085 4602 2257 4659 teme,
2287 4610 2351 4647 ac
2378 4594 2423 4647 si
2453 4593 2699 4656 dixisset,
2728 4607 2793 4645 ea:
2819 4602 2961 4645 terra
2990 4592 3286 4647 formatum
3317 4608 3441 4647 esse
3468 4595 3678 4649 Adam.

2084 4684 2149 4739 Et
2182 4685 2295 4740 haec
2321 4684 2485 4740 etiam
2531 4682 2729 4736 ibidem
2780 4684 3007 4739 totidem
3052 4684 3235 4738 verbis
3278 4682 3543 4741 Clemens
3588 4702 3684 4740 re-

2082 4776 2204 4830 fert.

2159 4888 2177 4920 ι
2213 4870 2343 4938 Cap.
2379 4868 2411 4920 7
2444 4868 2506 4935 ¹⁶,
2544 4868 2705 4923 sicuti
2745 4871 2910 4922 etiam
2951 4868 3006 4921 in
3046 4867 3407 4938 sequentibus
3467 4869 3681 4938 capiti-

2082 4961 2206 5029 bus,
2241 4961 2446 5031 pluries
2490 4959 2621 5014 illud
2662 4958 2987 5030 Προσέχετε,
3037 4957 3332 5021 Attendite,
3374 4958 3682 5013 intercala-

2085 5064 2212 5108 tur:
2263 5055 2409 5124 quod
2448 5052 2723 5122 peculiare
2768 5059 2854 5106 est
2889 5048 3356 5121 ἀλληγορούντων,
3394 5050 3461 5105 ad
3486 5059 3679 5105 atten-

2085 5144 2286 5198 tionem
2316 5143 2639 5197 acuendam.

2161 5253 2179 5286 ι
2212 5233 2342 5303 Cap.
2388 5234 2423 5289 9
2474 5233 2556 5287 ":
2602 5232 2786 5286 Ἀλλὰ
2829 5231 2928 5286 καὶ
2978 5231 3098 5299 πᾶς
3125 5232 3314 5299 Σύρος
3348 5230 3681 5301 καΓΑραψ

2084 5327 2183 5380 καὶ
2209 5326 2430 5393 πάντες
2451 5328 2505 5379 οἱ
2545 5325 2719 5394 ἱερεῖς
2741 5324 2859 5379 τῶν
2887 5324 3168 5392 εἰδώλων,
3200 5334 3306 5378 etc.
3341 5343 3355 5378 :
3401 5322 3603 5377 Verum
3628 5336 3676 5378 et

2084 5422 2255 5474 omnis
2294 5417 2461 5489 Syrus
2485 5427 2536 5473 et
2562 5416 2732 5471 Arabs
2768 5425 2818 5470 et
2844 5433 3022 5471 omnes
3052 5416 3327 5487 idolorum
3363 5417 3676 5469 sacerdotes

549 5592 737 5671 Barth,
770 5593 941 5671 Epist.
1009 5612 1129 5667 cap.
1158 5598 1243 5653 l5.
1292 5670 1297 5671 ί
1324 5602 1365 5634 ³³
1393 5601 1581 5669 Grab.,
1620 5601 1787 5671 Epist.
1837 5604 1907 5657 ad
1922 5601 1979 5657 J.
2004 5599 2141 5656 Mill.
2187 5599 2249 5653 de
2278 5596 2579 5671 lib._Judic.
2606 5593 2819 5671 genuiu.
2860 5588 3007 5645 LXX
3037 5589 3544 5671 Iutt_.nv¢rs.,‘_.[}§2-

407 5662 736 5735 {filazoeha
770 5662 860 5721 ubi
913 5662 1093 5735 supra:
1203 5670 1246 5702 “
1284 5670 1416 5727 Luc.
1468 5662 1683 5735 11,322..

404 5729 579 5788 Oxon.
618 5734 774 5790 i7l5.
856 5739 899 5769 ¹⁶
932 5729 1299 5815 ΒΞιιἩηΕρῑει.
1344 5758 1465 5815 cap.
1496 5729 1547 5799 7.
1628 5744 1668 5775 ¹⁷
1711 5742 1847 5803 Ιὺὶὼ

1764 5674 1805 5703 ⁸⁵
1834 5673 1982 5731 Clem

2161 5668 2469 5736 “examina,
2516 5659 2711 5722 Strom.
2748 5665 2841 5720 lib.
2879 5680 2931 5730 v,
2972 5679 3093 5732 cap.
3140 5661 3236 5727 10,
3269 5676 3322 5730 ρ.
3370 5659 3478 5716 685
3535 5664 3671 5717 edit.
