3818 6216
54 352 183 409 701

62 561 299 617 Verum
328 559 444 612 haec
481 571 591 610 non
624 562 752 609 sunt
780 551 848 606 ad
888 546 1221 604 severiorem
1265 538 1528 595 trutinam
1560 532 1678 589 exi-

63 654 307 724 genda,
361 648 457 705 sed
500 645 859 717 παχυτέρως,
914 634 1308 697 crassiuscule,
1360 627 1678 699 accipienda

66 747 244 801 hunc
299 743 471 797 ferme
534 740 591 793 in
639 737 863 792 modum
918 752 932 788 :
986 730 1177 798 Quivis
1239 724 1448 797 Syrus,
1501 719 1681 789 quivis

66 837 292 901 Arabs,
321 834 504 904 quivis
543 829 966 886 simulacrorum
999 820 1257 879 sacerdos
1301 811 1683 871 circumcisio-

70 942 219 981 uem
272 924 547 989 admittit;
580 930 676 975 aut
710 937 722 973 :
762 915 840 972 Ne
881 914 1005 985 Syri
1037 911 1257 983 quidem
1295 916 1349 962 et
1375 904 1605 965 Arabes,
1631 907 1686 954 ct

67 1014 307 1083 prolani
334 1016 644 1068 sacerdotes
667 1025 697 1064 a
725 1006 1143 1064 circumcisione
1181 1002 1498 1058 abhorrent.
1532 995 1670 1051 Nam

67 1106 221 1175 quia
254 1106 398 1160 inter
423 1105 590 1176 Syros
615 1115 669 1157 et
693 1102 920 1164 Arabes,
946 1100 1195 1167 interque
1217 1094 1477 1167 profanos
1499 1105 1679 1146 sacer.

69 1200 252 1253 dotes
272 1204 478 1261 essent,
503 1195 595 1266 qui
620 1196 713 1250 illo
734 1210 793 1250 se
815 1194 979 1248 modo
1001 1189 1317 1246 mundiores
1338 1192 1683 1257 prastarentu

71 1290 253 1345 licuit
314 1286 577 1342 Barnabae
636 1285 883 1356 apostolo
930 1283 1150 1345 dicere.
1202 1274 1685 1335 circumcisionem

74 1380 414 1450 promiscue
453 1378 521 1433 ab
575 1377 682 1433 illis
720 1375 994 1446 usurpari.
1029 1373 1164 1439 Quis
1220 1383 1331 1424 non
1387 1367 1443 1421 in
1484 1365 1685 1420 talibus

70 1476 299 1531 similia
326 1473 617 1545 loquitur?
641 1472 913 1529 Caeterum
939 1470 1180 1525 Arabum
1219 1465 1489 1537 plurimos
1517 1461 1691 1515 fuisse

68 1585 316 1640 verpos,
350 1569 515 1626 sicuti
541 1578 597 1624 et
634 1566 951 1623 sacerdotes
982 1561 1292 1634 Egyptios,
1330 1574 1441 1613 non
1477 1565 1561 1612 est
1589 1555 1691 1610 du-

69 1664 269 1720 bium.
326 1661 405 1718 Ac
452 1677 522 1717 ne
564 1661 631 1716 de
677 1658 830 1731 Syris
856 1656 1080 1729 quidem
1117 1662 1201 1710 est
1227 1651 1613 1713 dubitandum,
1643 1646 1691 1701 si

71 1756 323 1827 quidem
354 1769 547 1810 verum
578 1752 654 1809 sit
679 1750 832 1821 quod
866 1748 1078 1818 antiqui
1122 1745 1494 1807 crediderunt,
1529 1741 1692 1795 Phoe-

72 1851 248 1905 nices
299 1846 606 1920 περιτομήν
657 1840 968 1899 admisisse.
1017 1838 1281 1911 Origenes
1327 1836 1396 1890 ad
1436 1834 1588 1888 Rom.
1631 1847 1689 1897 ιι,

76 1944 185 2011 25,
244 1941 393 1997 inter
432 1930 679 1996 ‘cmteros
728 1934 1175 1992 circumeisionis
1231 1931 1471 1986 cultores
1527 1927 1693 1983 etiam

74 2035 392 2091 Phaanices
414 2030 726 2087 numeravit
761 2028 848 2084 his
879 2028 1064 2082 verbis
1094 2044 1107 2080 :
1136 2024 1196 2079 Si
1229 2023 1494 2093 replicetis
1524 2020 1693 2073 histo-

77 2132 203 2184 rias
240 2135 467 2191 vestras,
491 2122 764 2177 invenietis
788 2137 890 2174 non
917 2119 1090 2174 solum
1114 2116 1494 2187 lEgyptiorum
1520 2130 1697 2168 sacer-

80 2223 270 2284 dotes,
297 2218 390 2273 sed
414 2226 463 2271 et
498 2214 701 2269 Arabas
733 2222 785 2269 et
811 2211 1099 2283 zEgyptios
1128 2219 1177 2264 et
1206 2208 1498 2264 Pummcss
1527 2206 1697 2262 alios-

80 2329 214 2383 que,
254 2326 484 2381 quorum
509 2308 691 2361 studia
735 2307 913 2377 gratia
950 2301 1260 2373 hujusmodi
1306 2298 1697 2367 superstitionis

80 2404 333 2460 nobilius
367 2402 560 2469 vigent.

169 2516 191 2550 ε
232 2497 374 2565 Cap.
405 2493 474 2550 16
507 2494 594 2548 ¹⁸ι
648 2491 836 2548 Adhuc
885 2499 937 2545 et
977 2489 1043 2543 de
1096 2484 1290 2557 templo
1321 2484 1499 2539 dicam
1532 2481 1699 2549 vobis,

83 2585 363 2657 quomodo
413 2593 651 2640 errantes
705 2581 907 2645 miseri,
941 2580 1035 2633 ὲπὶ
1060 2579 1162 2651 τὴν
1211 2577 1329 2630 ὁδὸν
1352 2576 1609 2647 ἤλπισαν,
1644 2575 1702 2628 in

85 2695 228 2733 viui
250 2684 617 2748 speraverant,
642 2682 692 2728 et
725 2690 827 2726 non
849 2673 905 2725 in
934 2671 1105 2725 Deum
1126 2672 1302 2741 ipsum
1328 2669 1418 2739 qui
1444 2668 1570 2738 fecit
1591 2684 1699 2733 eos,

84 2772 254 2842 quasi
301 2771 492 2824 domus
547 2766 645 2822 Dei
676 2774 830 2820 esset.
878 2762 980 2818 l'lic
1026 2778 1136 2817 non
1180 2769 1264 2818 est
1292 2760 1521 2815 dubium
1569 2759 1701 2829 quin

86 2866 243 2930 ὀδοῦ,
274 2863 399 2929 vite,
428 2860 651 2915 nomine
673 2859 935 2929 templum
961 2858 1147 2912 veniat
1182 2875 1195 2910 :
1227 2870 1353 2909 nam
1382 2862 1439 2909 et
1471 2854 1527 2907 in
1567 2860 1706 2907 tem-

90 2960 189 3031 plo
222 2966 401 3014 totam
464 2953 781 3009 Iudaeorum
837 2949 1096 3005 ﬁduciam
1149 2947 1323 3003 fuisse
1380 2945 1704 3016 repositam,

91 3059 261 3106 notat
292 3049 388 3103 illa
432 3044 666 3102 celebris
708 3040 1098 3105 conclamatio,
1155 3037 1431 3109 Templum
1465 3036 1704 3102 Domini,

1440 311 1972 377 PROLEGOMENA.

57 463 548 523 circumciduntur
598 458 731 527 Quae
763 455 963 513 merito
990 448 1362 509 difﬁcultatem
1394 444 1673 499 crearunt.
1704 438 1753 495 Α
1780 432 1963 487 braice
2004 424 2300 497 respondet
2336 435 2569 487 nenec“,

3252 289 3361 347 703

2615 418 2737 482 via;
2789 430 2915 471 cum
2957 419 3150 469 contra
3179 406 3362 473 οὐδός

1779 522 2109 593 respondeat
2141 515 2410 572 Hebraico
2458 526 2608 578 sua,
2642 509 2787 580 quod
2825 516 2909 563 est
2936 506 3120 559 limen.
3159 498 3359 555 Verum

1780 615 2063 672 sciendum
2110 620 2198 666 est
2241 606 2568 663 Hebraicum
2607 616 2835 665 neuneu,
2879 613 3003 654 cum
3044 611 3077 649 a
3104 590 3363 647 calcando

1780 707 1986 773 veniat,
2030 720 2139 760 non
2195 709 2407 756 tantum
2447 697 2587 751 viam
2631 694 2964 763 signiﬁcare,
3002 687 3097 744 sed
3126 694 3182 741 et
3216 673 3366 753 pavi-

1780 808 2034 863 mentum,
2065 805 2118 851 et
2144 794 2198 849 in
2235 790 2478 847 recitatis
2510 787 2647 842 locis
2677 785 2840 840 etiam
2868 783 3050 847 limen,
3074 777 3221 849 quod
3248 785 3364 830 sta-

1786 892 1883 947 tim
1932 890 2000 944 ab
2045 884 2481 959 ingredientibus
2527 879 2792 935 calcatur.
2843 874 3047 930 Deinde
3090 885 3216 926 cum
3254 866 3366 922 Jer.

1783 1000 1952 1051 xxxv,
1980 984 2033 1045 4,
2049 979 2479 1051 φυλάσσοντος
2506 974 2623 1043 τὴν
2652 971 2815 1037 ὀδόν,
2840 966 3183 1023 custodientis
3206 964 3369 1021 viam.

1783 1092 1885 1149 pro
1910 1076 2001 1129 τὸν
2021 1074 2197 1138 οὐδόν,
2223 1069 2569 1126 custodientis
2599 1066 2758 1120 limen
2785 1064 2933 1134 (nam
2961 1059 3097 1114 Heb.
3117 1068 3201 1113 est
3216 1061 3367 1123 ssru)

1786 1187 1911 1228 meo
1940 1168 2151 1240 judicio
2184 1167 2423 1237 positum
2480 1161 2822 1225 inveniatur;
2880 1170 2992 1209 non
3036 1152 3198 1207 video
3238 1149 3371 1219 quin

1786 1266 1977 1323 eadem
2014 1262 2245 1318 mutatio
2276 1259 2415 1314 locis
2460 1271 2625 1326 supra
2652 1250 2988 1323 depromptis
3018 1244 3258 1317 potuerit
3282 1256 3375 1296 ac-

1787 1360 1989 1418 cidere.
2025 1356 2308 1410 Postremo
2337 1366 2405 1406 ne
2437 1350 2698 1405 tricemur
2743 1343 2973 1408 diutius,
3023 1340 3069 1395 si
3104 1349 3375 1410 gramma-

1789 1453 1930 1509 ticos
1985 1448 2263 1513 audimus,
2318 1443 2455 1507 ὁδός,
2504 1441 2613 1505 via,
2672 1446 2725 1493 et
2766 1434 2939 1499 οὐδός,
2984 1432 3167 1486 limen.
3204 1443 3375 1483 unmn

1791 1547 2044 1612 idemque
2090 1554 2291 1595 nomen
2325 1545 2472 1593 sunt.
2518 1532 2656 1588 Nam
2704 1540 2761 1587 et
2810 1528 3049 1584 Homero
3087 1522 3241 1586 οὐδός
3276 1537 3377 1591 pro

1790 1639 1928 1702 ὁδός,
1982 1637 2090 1701 via,
2152 1640 2456 1702 usurpatur
2511 1648 2523 1683 :
2571 1638 2625 1681 et
2666 1633 2858 1679 contra
2904 1619 3105 1675 Suidas
3146 1622 3380 1671 testatur

1792 1747 1980 1787 vocem
2010 1728 2148 1794 ὁδός,
2191 1726 2238 1782 si
2282 1733 2536 1780 tenuetur
2575 1720 2751 1791 prima
2795 1716 3022 1788 syllaba,
3073 1711 3383 1781 significare

1794 1825 1970 1891 οὐδόν,
2014 1824 2051 1877 i.
2086 1838 2136 1877 e.
2186 1820 2367 1883 limen,
2406 1817 2572 1871 allato
2613 1810 2901 1883 Sophoclis
2943 1808 3089 1862 loco.
3128 1803 3291 1858 Paria
3326 1802 3381 1855 in

1795 1890 2085 1970 Eustathio
2134 1909 2397 1980 reperies,
2438 1915 2492 1961 et
2540 1905 2595 1958 in
2646 1898 2935 1971 Sephoelis
2985 1893 3284 1951 scholiastc
3312 1890 3383 1946 ad

1795 2007 2064 2064 celebrem
2083 2004 2203 2074 ejus
2221 2002 2404 2057 locum
2429 2014 2460 2053 a
2484 1995 2655 2051 Suida
2681 2002 2737 2048 et
2758 1988 3047 2044 Eustathio
3078 1986 3383 2039 laudatum.

1797 2062 1875 2157 De
1918 2062 2131 2171 quibus
2173 2093 2299 2149 vide
2355 2092 2419 2148 Η.
2480 2089 2818 2159 Stephanum
2866 2085 2931 2138 η.
2969 2079 3079 2135 Nec
3110 2089 3164 2134 te
3202 2062 3388 2133 turbet

1798 2192 1947 2265 quod
1972 2192 2087 2247 haec
2105 2188 2331 2258 antiqua
2354 2194 2409 2241 et
2434 2192 2721 2255 poetarum
2748 2175 3047 2251 peculiaria
3074 2173 3383 2228 videantur:

1800 2303 1929 2343 nam
1959 2285 2015 2340 in
2048 2280 2193 2337 LXX
2234 2288 2292 2337 et
2335 2278 2539 2334 Iudaeis
2585 2272 2897 2329 Hellenistis
2928 2266 3164 2340 plurima
3186 2278 3388 2319 occur--

1800 2388 1953 2447 runt,
1995 2376 2194 2449 partim
2251 2372 2563 2441 antiquata,
2626 2367 2827 2437 partim
2878 2358 3261 2416 Alexandrina:
3294 2362 3390 2409 aut

1802 2442 2036 2527 aliarum
2080 2469 2392 2539 ignotarum
2433 2460 2795 2517 dialectorum
2831 2449 3151 2525 peculiaria.
3207 2465 3227 2499 ι
3278 2442 3389 2498 lla-

1805 2574 1997 2621 ctcnus
2027 2559 2092 2614 V.
2124 2559 2185 2614 (Σ.

2416 2661 2648 2723 CAPUT
2688 2658 2777 2715 Vl.

1807 2795 1883 2850 De
1910 2791 2073 2848 variis
2102 2784 2331 2859 ejusdem
2358 2764 3395 2859 Epistolae'editionibtt‘sgac‘vers‘ionibui

2319 2860 2383 2908 de
2405 2835 2579 2906 'velere
2601 2846 2802 2902 Latina
2823 2884 2837 2909 ,
2868 2841 2959 2896 ubi
2997 2849 3047 2894 et
3070 2835 3303 2905 paucula
3332 2835 3397 2887 de

1876 2952 2007 2990 cura
2035 2940 2238 2987 nostra.

1881 3029 2001 3084 Jam
2037 3039 2165 3080 vero
2207 3036 2278 3077 ne
2304 3016 2483 3074 oﬂicio
2512 3007 2953 3096 nostrqpenitus
2996 3004 3190 3059 deesse
3209 2998 3398 3053 videa-

94 3139 367 3211 templum
416 3137 655 3202 Domini,
705 3143 761 3190 et
804 3133 953 3204 quod
997 3130 1156 3187 initio
1205 3090 1392 3185 noster
1423 3128 1492 3184 de
1517 3090 1709 3197 templo
1736 3131 1783 3194 ο
1814 3136 1960 3186 mur,
1992 3118 2058 3172 ad
2092 3114 2276 3169 varias
2306 3118 2362 3166 et
2398 3105 2620 3178 quidem
2665 3090 2907 3170 βὸίίοτθδ
2938 3094 3195 3166 Εβίεῑοίω
3233 3090 3400 3160 huius

2312 3201 2323 3211 .
2562 3210 2599 3211 ,,
2626 3208 2740 3211 -,__4
2768 3188 3193 3211 I------.l-......-
3247 3181 3398 3211 ΙΙΙει-ιι

94 3232 399 3306 proposuit
425 3232 631 3296 dicere,
668 3238 725 3285 et
770 3225 919 3298 quod
970 3240 1100 3280 mox
1140 3223 1348 3287 subdit,
1388 3221 1556 3287 Quasi
1597 3219 1708 3289 (via

94 3328 327 3384 scilicet
356 3324 472 3394 illa)
505 3323 695 3376 domus
734 3320 829 3374 Dei
855 3328 1011 3374 esset.
1044 3316 1193 3371 Vidit
1218 3316 1321 3369 hoc
1343 3322 1400 3369 et
1433 3322 1593 3368 vetus
1625 3312 1711 3366 in-

101 3432 349 3490 terpres,
386 3415 480 3486 qui
518 3429 619 3485 pro
652 3412 796 3477 ὁδόν,
820 3412 986 3475 viam,
1017 3408 1199 3479 posuit
1223 3406 1423 3469 (edem;
1451 3404 1531 3459 sic
1561 3402 1709 3458 enim

100 3510 354 3574 reddidit
386 3527 401 3564 :
434 3507 502 3562 In
535 3522 695 3562 ,ευειι
723 3521 867 3575 spem
896 3501 1217 3556 habuerunt.
1249 3498 1555 3554 Cotelerius
1590 3493 1713 3565 qui-

102 3607 235 3659 dem
288 3602 356 3656 ad
387 3599 636 3671 quaedam
660 3596 951 3657 Seniorum
994 3594 1118 3649 loca
1159 3591 1399 3646 allusum
1450 3586 1707 3657 suspica»

108 3707 227 3761 tur,
262 3694 322 3747 in
347 3691 552 3762 quibus
584 3687 705 3751 ὁδός
730 3686 985 3742 similiter
1012 3700 1113 3755 pro
1147 3681 1342 3752 templo
1375 3679 1519 3735 sumi
1548 3691 1713 3747 posse

108 3788 357 3843 videtur.
395 3783 594 3838 Verum
623 3791 677 3837 et
704 3781 794 3835 hic
824 3777 1125 3838 Barnabas,
1175 3783 1231 3829 et
1257 3773 1331 3828 ibi
1370 3768 1513 3825 LXX
1537 3768 1711 3832 οὐδόν,

111 3881 304 3944 limen,
340 3876 636 3946 scripsisse
658 3873 932 3936 videntur,
963 3875 1230 3924 consueto
1252 3865 1529 3920 schemate
1553 3869 1715 3915 uten-

114 3982 224 4037 tes,
274 3986 388 4043 quo
434 3985 564 4040 pars
606 3982 705 4037 pro
755 3973 871 4019 toto
910 3961 1171 4026 sumitur,
1214 3968 1269 4014 et
1300 3970 1411 4027 quo
1445 3953 1717 4022 hodieque

118 4067 356 4129 utimur,
390 4064 484 4118 ubi
524 4061 742 4115 Limina
783 4053 1147 4126 apostolorum
1179 4050 1416 4105 invisere
1457 4046 1714 4101 dicimur.

120 4157 436 4229 Legendum
461 4163 547 4209 est
579 4153 743 4222 igitur
771 4149 871 4203 ἐπὶ
895 4150 1001 4201 τὸν
1026 4141 1275 4199 οὐδὸν-..Σ
1299 4142 1377 4196 ’in
1408 4139 1616 4202 limine,
1657 4135 1714 4188 h.

118 4269 169 4307 e.
203 4226 402 4318 templo
449 4261 594 4315 spem
627 4241 967 4297 collocantes.
1012 4235 1286 4290 Caeterum
1332 4230 1380 4285 si
1434 4226 1717 4283 Barnabas

119 4347 285 4409 riam,
310 4340 426 4409 τὴν
451 4338 615 4403 ὀδόν,
636 4335 714 4388 uti
745 4347 893 4387 nunc
921 4329 1142 4401 legitur,
1160 4324 1403 4380 scribere
1424 4319 1713 4381 voluisset,

122 4440 191 4493 ad
223 4437 388 4491 linem
415 4432 612 4485 οὖσαν
637 4425 936 4497 posuisset,
963 4436 1071 4475 non
1099 4417 1265 4485 ὄντα,
1303 4413 1450 4486 quod
1472 4428 1581 4467 non
1610 4408 1717 4464 nisi

122 4546 250 4585 cum
280 4526 465 4581 οὐδόν
489 4520 747 4578 convenit
782 4534 798 4571 :
827 4517 928 4582 ὡς,
961 4512 1161 4583 inquit,
1189 4510 1336 4563 ὄντα
1357 4508 1525 4561 οἷκον
1545 4501 1714 4558 Θεοῦ.

122 4622 297 4683 Idem,
324 4617 401 4673 uti
424 4615 560 4681 dixi,
583 4611 853 4683 judicium
878 4607 985 4663 erit
1024 4606 1092 4660 de
1121 4602 1259 4658 locis
1306 4596 1719 4653 LXXviralibus

122 4712 195 4769 lll
224 4711 359 4781 Reg.
394 4724 517 4773 vui,
563 4703 755 4769 44-48,
806 4702 863 4756 in
909 4699 1114 4769 quibus
1156 4710 1305 4749 nunc
1350 4688 1722 4759 προσεύξον-

124 4822 291 4861 ται...
312 4778 465 4857 bear
492 4800 712 4870 legitur,
744 4810 869 4850 cum
914 4790 1204 4862 legendum
1232 4786 1303 4841 sit
1327 4781 1530 4837 οὐδόν.
1574 4778 1719 4833 Ado—

131 4896 330 4951 rabunt
360 4869 685 4958 limen,etc.
715 4885 893 4941 Sicuti
921 4882 1087 4938 etiam
1131 4878 1174 4933 ll
1198 4874 1380 4930 Paral.
1416 4888 1491 4939 vl,
1524 4869 1717 4926 54-58.

128 4988 249 5043 Non
300 4983 549 5041 inaudita
601 4991 687 5036 est
734 4977 879 5049 apud
933 4983 1147 5029 veteres
1202 4968 1406 5023 liminis
1450 4964 1720 5018 adoratio.

131 5079 345 5136 Scitum
367 5083 453 5131 est
480 5074 647 5129 etiam
676 5070 937 5140 antiquos
969 5082 999 5118 ο
1024 5078 1122 5134 pro
1150 5064 1360 5130 integra
1385 5055 1727 5126 diphthongo

129 5190 205 5227 ου
233 5169 491 5241 primitus
521 5164 811 5235 scripsisse
855 5162 940 5229 (ut
991 5158 1045 5211 in
1093 5152 1336 5209 nummis
1380 5146 1726 5221 Συρακοσίων

132 5237 249 5335 pro.
260 5259 712 5329 Συρακουσίων,
733 5263 788 5309 et
817 5259 1073 5308 sexcenta
1099 5246 1343 5316 ejusdem
1366 5240 1561 5310 modi),
1580 5237 1727 5309 quod

135 5353 514 5427 postmodum,
547 5345 982 5418 descriptoribus
1032 5339 1211 5395 fraudi
1266 5335 1459 5399 fuisse,
1493 5347 1603 5385 non
1644 5336 1730 5384 est

136 5421 525 5503 dubitandum.
577 5438 785 5495 Dixerit
827 5434 1028 5506 aliquis
1056 5433 1113 5487 in
1148 5429 1314 5486 modo
1356 5423 1593 5481 laudatis
1626 5421 1728 5476 Se-

138 5543 366 5597 niorum
416 5536 551 5592 locis
595 5532 740 5589 ὀδόν
783 5545 906 5587 esse
945 5524 1314 5590 retinendum,
1364 5518 1496 5592 quia
1541 5516 1589 5572 ei
1623 5512 1730 5570 lle-

1810 3212 2081 3271 editiones
2102 3222 2166 3262 ac
2182 3201 2466 3260 versiones
2489 3191 2850 3251 recensendas
2869 3188 3218 3243 accedamus.
3247 3181 3401 3237 lllam

1810 3310 1995 3377 itaque
2021 3302 2234 3373 primus
2288 3294 2442 3366 prelo
2491 3280 3023 3359 subjeceratOxonii
3070 3292 3217 3333 anno
3260 3273 3403 3329 1645

1811 3366 2047 3454 Jacobus
2098 3390 2380 3451 Usserius,
2420 3404 2438 3438 ι
2482 3382 2709 3446 Verum,
2756 3376 2937 3445 inquit
2981 3371 3164 3427 Fellus
3189 3370 3258 3435 ’⁸,
3281 3366 3404 3436 ejus

1813 3490 1971 3547 urbis
2006 3493 2160 3557 parte
2201 3495 2400 3552 magna
2440 3475 2589 3548 gravi
2634 3468 2889 3527 incendio
2940 3472 3208 3532 correpta,
3243 3470 3403 3530 typo-

1812 3549 2111 3655 grapheum
2142 3591 2265 3631 eum
2302 3549 2416 3627 tota
2456 3562 2819 3637 supellectile,
2852 3556 3069 3616 schedis
3120 3549 3404 3622 impressis

1812 3654 1867 3731 et
1890 3666 2191 3739 exemplari
2223 3666 2363 3735 ipso,
2393 3654 2774 3727 conﬂagravit.
2799 3674 2817 3707 ο
3206 3692 3209 3693 ,

1885 3764 2007 3831 Quo
2034 3768 2216 3816 autem
2256 3755 2429 3810 ferme
2471 3759 2716 3818 tempore
2746 3740 2943 3799 Oxonii
2992 3752 3146 3795 suam
3177 3731 3407 3805 parabat

1815 3857 2109 3915 editionem
2142 3848 2399 3905 Usserius
2420 3886 2435 3909 ,
2465 3844 2533 3898 de
2569 3842 2686 3910 ipsa
2721 3834 2957 3906 Epistola
2989 3829 3214 3884 Parisiis
3255 3823 3411 3880 evul-

1817 3948 1992 4022 ganda
2029 3942 2308 4014 cogitabat
2346 3938 2503 4007 Hugo
2544 3929 2857 3992 Menardus,
2898 3922 3204 3979 monachus
3234 3917 3407 3971 Bene-

1817 4007 2056 4097 dictinus
2100 4007 2136 4089 2;.
2177 4028 2599 4101 congregatione
2630 4022 2688 4077 S.
2736 4017 2935 4073 Mauri.
2980 4013 3211 4082 Jamque
3265 4007 3409 4079 typis

1816 4136 2019 4201 praesto
2054 4133 2175 4180 erat
2198 4100 2362 4191 opus,
2397 4113 2632 4171 eruditis
2666 4105 3118 4166 adnotationibus
3164 4100 3411 4153 illustra-

1819 4189 1967 4287 tum;
1997 4216 2094 4273 sed
2122 4189 2270 4269 anno
2315 4209 2455 4264 1644
2492 4208 2736 4269 ineunte,
2774 4208 2953 4255 morte
2996 4198 3264 4266 praarepto
3292 4189 3411 4242 viro

1819 4282 2003 4375 docto,
2020 4310 2165 4364 illius
2189 4302 2385 4361 edendi
2405 4314 2595 4357 curam
2620 4297 2750 4350 inse
2762 4291 2965 4360 recepit
2987 4288 3107 4355 ejus
3124 4282 3410 4356 syncellita

1824 4405 2001 4459 Lucas
2025 4396 2346 4460 Dacherius,
2376 4391 2471 4461 qui
2502 4401 2557 4443 et
2579 4396 2798 4442 anetum
2830 4380 3152 4452 praefatione
3176 4391 3298 4440 sua,
3327 4374 3413 4428 in-

1747 4478 1795 4540 Ῑ)
1826 4503 2088 4566 sequente
2113 4504 2260 4545 anno
2288 4484 2503 4540 1645111
2536 4482 2713 4536 lucem
2757 4475 2960 4531 emisit.
2994 4470 3066 4526 Ut
3091 4477 3273 4524 autem
3301 4464 3413 4535 prio

1827 4609 1931 4649 mae
1966 4589 2133 4659 hujus
2154 4582 2412 4641 editionis
2442 4580 2584 4634 ratio
2612 4572 2803 4630 lectori
2830 4579 3113 4636 utcunque
3138 4570 3412 4630 comperta

1828 4686 1920 4750 sit,
1948 4683 2124 4751 ipsius
2160 4678 2230 4733 cl.
2255 4673 2482 4731 editoris
2517 4667 2683 4723 verba
2718 4665 2808 4719 hic
2850 4659 3164 4715 describere
3190 4650 3412 4723 juverit.

1965 4739 2131 4843 igitur
2180 4769 2307 4823 ille:
2349 4785 2367 4818 ι
2415 4762 2473 4817 ln
2515 4754 2800 4814 Philastrii
2838 4749 3078 4822 episcopi
3115 4739 3418 4799 Brixiensis

1826 4868 2086 4922 volumen
2115 4876 2283 4916 manu
2340 4858 2605 4925 scriptum
2637 4866 2668 4905 e
2707 4843 3025 4903 Corbeiensi
3061 4833 3417 4898 monasterio,

1830 4978 1956 5018 cum
2006 4956 2291 5013 incidisset
2336 4945 2632 5018 aliquando
2660 4942 2724 4995 ll.
2756 4938 2818 4993 P.
2847 4938 3081 4991 domnus
3107 4929 3265 4999 llugo
3308 4924 3413 5018 ille:

1832 5014 2069 5115 nardus,
2110 5046 2309 5100 ibidem
2338 5014 2583 5112 pro-xime
2613 5040 2737 5103 post
2775 5025 3072 5098 Epistulam
3097 5014 3420 5074 Tertulliani

1833 5147 1911 5200 De
1949 5109 2081 5198 cibis
2111 5109 2383 5196 Iudaicis,
2408 5128 2673 5186 Barnabm
2694 5122 2914 5179 nomine
2943 5115 3257 5186 insignitam
3294 5109 3425 5180 Epi-

1833 5237 2027 5293 stolam
2053 5248 2159 5287 una
2198 5243 2322 5284 cum
2349 5221 2536 5279 Jacobi
2580 5213 2813 5288 apostoli
2845 5209 3087 5280 Epistula
3117 5202 3423 5293 deprehen-

1834 5331 1915 5386 dit
1943 5346 1957 5382 :
2005 5335 2243 5392 moxque
2290 5318 2344 5371 in
2378 5314 2623 5369 animum
2678 5301 2914 5363 induxit,
2941 5312 3063 5353 eam
3118 5302 3181 5348 ut
3205 5307 3270 5346 ex
3302 5288 3425 5358 pul—

1833 5436 1961 5477 vere
1985 5426 2039 5473 et
2060 5412 2317 5484 squalore
2339 5409 2642 5464 excuteret,
2671 5394 3027 5467 appositeque
3056 5385 3201 5443 notis
3228 5377 3423 5436 diluci—

1836 5474 2016 5573 daret.
2064 5474 2133 5564 At
2152 5504 2281 5578 quia
2325 5517 2392 5557 ex
2449 5493 2789 5569 primoribus
2839 5483 3096 5543 Ecclesiae
3143 5474 3423 5539 Ratribus,

213 5779 255 5812 "
286 5776 453 5832 Barn.
493 5772 691 5837 Epist.,
715 5787 762 5825 e.
793 5768 841 5821 7.
926 5766 965 5797 '-"
998 5763 1061 5833 ll.
1094 5760 1306 5849 Steph,
1351 5757 1533 5825 Thcs.,
1560 5764 1689 5811 tom.
1726 5751 1789 5818 tl,
1829 5750 1936 5808 col.
1986 5748 2140 5805 1185.
2221 5745 2265 5777 ²⁰
2304 5740 2461 5807 l’ell.,
2495 5736 2702 5809 praefat.
2741 5733 2806 5790 ad
2840 5729 3010 5802 Epist.
3047 5724 3281 5782 Barnab.
