3818 6216
417 304 530 361 705

1574 311 1632 367 8.
1672 309 2046 366 BARNABAS
2083 311 2515 371 APOSTOLUS.
3639 318 3730 374 7υέ

419 422 701 479 Clemente
749 424 1141 492 Alexandrino,
1182 423 1438 495 Origene,
1472 421 1834 486 Tertulliano,
1877 422 2012 478 Gre-
2045 426 2087 481 Α
2119 423 2346 480 Patrum
2443 426 2858 497 apostolicorum
2929 428 3250 484 collectione
3347 428 3732 486 Londinensi.

419 521 576 589 gorio
605 517 976 587 Nazianzeno,
1006 520 1341 590 Hieronymo
1386 518 1619 587 aliisque
1651 533 1762 570 non
1797 517 2014 587 paucis,

424 613 527 665 hac
582 611 635 664 in
686 610 930 680 Epistula
986 611 1316 678 Barnabam,
1368 626 1465 665 seu
1517 611 1768 680 quemvis
1821 609 2015 672 alium,

427 705 616 759 Graece
657 703 828 759 fuisse
875 705 1118 760 locutum
1153 707 1292 760 haud
1324 704 1489 760 dubie
1533 705 1823 768 didicerat,
1862 703 2020 758 haesit

422 812 532 850 non
557 812 749 866 parum
776 797 1090 866 implicatus
1120 817 1134 852 :
1163 815 1260 853 nec
1282 798 1552 868 ejusmodi
1577 807 2018 864 monumentum,

421 889 503 942 sic
530 887 910 956 imperfectum
936 904 1000 943 ac
1032 889 1200 944 ria-vis
1231 899 1473 953 scatens,
1504 899 1565 942 ut
1587 889 1678 943 illa
1706 905 1813 959 qua
1844 889 2019 944 codex

423 981 734 1048 exscriptus
764 989 851 1035 est
887 990 1022 1036 tetas
1065 980 1295 1048 ferebat,
1330 982 1382 1036 in
1413 981 1690 1052 publicum
1735 997 1908 1036 ausus
1933 992 2020 1037 est

423 1070 649 1122 ial'erre.
688 1067 886 1124 Verum
914 1071 1195 1141 suppetias
1220 1071 1438 1126 tandem
1465 1073 1648 1127 attulit
1668 1073 2021 1128 doctissimus

424 1163 772 1227 Sit-mundus,
811 1167 1104 1220 Societatis
1130 1164 1256 1219 Jesu
1291 1166 1575 1236 presbyter
1607 1184 1619 1220 :
1652 1165 1699 1221 is
1727 1166 1928 1236 quippe
1951 1166 2020 1220 de

421 1257 740 1327 apographo
771 1257 984 1324 Grieco,
1030 1259 1176 1330 quod
1213 1257 1401 1312 Ruina:
1429 1259 1572 1312 inter
1602 1275 1735 1314 mss.
1765 1268 1820 1312 et
1862 1259 2020 1314 sche-

420 1347 522 1402 das
559 1347 624 1401 R.
657 1347 719 1404 P.
754 1349 1012 1404 Turriani
1043 1351 1352 1404 eruditione
1397 1365 1462 1404 ac
1491 1365 1672 1403 rerum
1721 1350 2017 1402 multarum

422 1443 654 1496 scientia
699 1443 997 1498 clarissimi
1051 1454 1348 1513 repcrcrat,
1403 1445 1765 1500 libentissime
1797 1461 2019 1499 accom-

422 1535 667 1588 modavit
692 1535 972 1592 Menardo.
1001 1534 1158 1591 Unde
1195 1547 1377 1590 autem
1408 1537 1766 1606 exseripserit
1793 1553 2023 1608 apogra-

418 1631 593 1697 phum
625 1625 955 1693 Turrianus,
988 1642 1077 1681 res
1129 1636 1215 1681 est
1248 1628 1407 1682 nobis
1439 1644 1663 1698 prorsus
1716 1629 1925 1698 ignota.
1953 1629 2023 1683 At

422 1734 556 1773 νίςιο
588 1719 752 1772 veluti
789 1719 1083 1790 genuinam
1135 1720 1358 1773 nomine
1397 1718 1662 1774 Barnaba:
1692 1718 2017 1789 Epistulam,

424 1812 494 1865 ab
523 1811 767 1880 antiquis
796 1810 1160 1880 scriptoribus
1185 1812 1458 1866 laudatam
1487 1821 1652 1881 atque
1677 1823 2018 1884 usurpatam,

427 1901 625 1957 Versio
653 1905 767 1974 ipsa
798 1903 1015 1968 Latina,
1047 1906 1166 1958 sine
1195 1904 1364 1959 dubio
1391 1915 1516 1959 ante
1542 1921 1744 1960 annum
1776 1921 2023 1975 nongen-

426 1994 682 2050 tesimum
719 1995 923 2065 scripta
983 1997 1314 2066 persuadet;
1356 2012 1482 2051 cum
1533 1997 1707 2051 ferme
1756 1998 2021 2052 continuo

425 2089 596 2142 textui
644 2088 834 2143 (ιι-προ
876 2088 1202 2158 respondeat
1244 2088 1298 2142 in
1341 2089 1716 2147 omnibus.....
1768 2088 2021 2144 Mutilum

423 2188 508 2234 cst
533 2178 806 2244 Graecum,
835 2180 1026 2234 mutila
1059 2180 1239 2235 vet-sio
1263 2179 1477 2235 Latina.
1511 2180 1762 2237 Graecum
1797 2184 2020 2253 quidem

425 2270 640 2326 lacunis
667 2282 722 2326 et
755 2273 994 2327 hiatibus
1026 2273 1183 2326 initio
1218 2281 1428 2326 tantum
1460 2272 1720 2343 Epistulae
1747 2276 2024 2330 deforma-

427 2373 633 2421 tur.....
672 2364 864 2421 Versio
901 2376 1085 2422 autem
1124 2377 1273 2426 caret
1299 2379 1452 2438 parte
1489 2378 1787 2437 postrema,
1811 2368 1898 2422 cui
1932 2384 2024 2423 ac-

426 2461 730 2513 cessionem
779 2474 918 2513 nova
953 2461 1404 2531 interpretatione
1439 2477 1506 2516 ex
1551 2461 1741 2516 Grzeco
1774 2460 2023 2516 Ruinano

425 2551 610 2605 attulit
640 2550 1052 2607 Menardus.....
1081 2553 1337 2608 Cudiccm
1378 2554 1602 2607 unicum
1651 2554 1866 2618 habuit,
1894 2570 2022 2608 cum

425 2647 674 2702 Graecum
704 2655 817 2698 tum
863 2643 1143 2709 Latinum,
1182 2660 1360 2715 neque
1403 2661 1600 2698 sanum
1627 2646 1830 2717 ubique
1856 2648 2021 2714 satis;

429 2749 490 2794 ut
519 2739 746 2808 proinde
794 2755 941 2792 nunc
981 2755 1136 2802 cura,
1183 2755 1329 2793 nunc
1365 2724 1681 2808 conjectura
1731 2741 1807 2794 illi
1863 2739 2026 2796 fuerit

425 2829 737 2885 adhibenda
772 2847 785 2882 :
818 2829 965 2899 quod
1001 2839 1183 2883 tatnen
1229 2829 1308 2883 sic
1341 2846 1503 2900 parce
1533 2839 1586 2884 t-t
1623 2830 1920 2898 prudenter
1949 2831 2026 2885 fe-

426 2923 525 2984 cit,
555 2932 615 2974 ttt
644 2924 698 2972 in
731 2919 873 2973 linea
905 2933 1012 2971 non
1045 2918 1204 2971 facile
1244 2919 1481 2972 litteram
1516 2929 1776 2985 mutaret,
1826 2921 1922 2976 sed
1955 2922 2023 2976 ad

427 3014 732 3084 marginem
780 3013 1083 3067 aduolaret.
1122 3033 1140 3064 ι
1182 3011 1297 3066 lluc
1326 3030 1498 3082 usque
1527 3012 1851 3070 Dacherins.

2194 518 2340 574 Inter
2379 521 2658 575 versiones
2686 531 2866 576 autem
2902 521 3066 591 hujus
3107 522 3366 594 Epistulae
3411 525 3734 595 principem

2123 612 2302 666 locum
2355 612 2458 667 sibi
2497 613 2737 667 vindicat
2768 623 2922 668 vetus
2971 612 3205 669 Latina:
3253 615 3326 671 de
3361 632 3488 686 qua
3542 629 3736 687 preter

2121 722 2184 757 ea
2223 721 2345 774 qme
2377 705 2609 776 sparsim
2644 706 2770 760 hinc
2799 707 2923 761 inde
2971 707 3269 778 attigimus.
3307 710 3393 764 sic
3439 720 3650 764 censet
3675 712 3734 765 eL

2120 795 2425 852 Cutelerius
2450 797 2494 828 ¹¹
2523 820 2534 853 ;
2582 815 2602 849 t
2639 795 2808 852 Vetus
2844 797 3220 868 interpretatio
3247 799 3592 855 barbariem
3623 801 3736 854 ubi-

2120 902 2248 956 que,
2282 889 2484 958 ubique
2537 889 2919 959 negligentiam
2947 891 3218 956 ostendit;
3265 901 3478 961 estque
3527 894 3740 962 imper-

2123 980 2259 1033 fecta
2319 987 2373 1034 et
2431 982 2646 1046 mutila,
2697 990 2810 1036 tum
2866 983 3094 1051 passim,
3150 993 3264 1036 tum
3327 985 3636 1054 praecipue
3681 985 3742 1039 ad

2123 1074 2307 1133 tinem,
2339 1071 2432 1125 ubi
2464 1072 2764 1141 posteriora
2798 1074 2974 1142 capita
3013 1083 3361 1140 resecantur;
3397 1073 3562 1130 forte
3615 1078 3742 1145 quia

2123 1164 2308 1219 minus
2335 1163 2494 1219 docta
2541 1165 2862 1218 videbantur
2897 1165 3199 1234 interpreti,
3228 1177 3396 1235 atque
3432 1166 3510 1220 ad
3553 1183 3740 1222 mores

2121 1257 2297 1325 magis
2338 1255 2664 1324 pertinentia
2696 1279 2706 1310 :
2743 1256 2906 1325 igitur
2952 1257 3177 1311 omissis
3224 1257 3312 1322 iis,
3347 1258 3739 1327 colophOnem

2122 1365 2216 1419 per
2239 1349 2585 1417 doxulogiam
2628 1349 2878 1418 imponit.
2913 1347 3085 1403 Suum
3137 1359 3320 1404 tamen
3370 1351 3456 1406 illi
3491 1354 3738 1407 versioni

2122 1442 2352 1512 pretium
2387 1461 2399 1496 :
2429 1443 2516 1495 eui
2549 1442 2813 1496 debemus
2841 1443 3022 1512 priora
3055 1444 3254 1512 capita,
3283 1459 3415 1498 cum
3449 1461 3571 1499 non
3603 1462 3740 1516 pau-

2119 1538 2200 1591 cis
2231 1535 2711 1590 emendationibus
2733 1535 2904 1589 Graeci
2934 1545 3251 1601 contextus;
3280 1545 3343 1590 ut
3370 1537 3522 1590 nihil
3553 1538 3740 1591 dicam

2120 1629 2188 1683 de
2212 1629 2538 1698 antiquitate
2563 1629 2710 1683 illius
2735 1644 2798 1683 ac
2829 1628 3194 1696 simplicitate.
3242 1647 3261 1680 ι
3293 1631 3614 1684 Auctorem
3644 1646 3741 1685 au-

2125 1731 2231 1776 tem
2263 1720 2428 1788 hujus
2467 1718 2738 1774 versiouis
2768 1717 2939 1773 fuisse
2983 1716 3041 1771 S.
3070 1716 3429 1772 Philastrium
3477 1717 3741 1774 Brixien-

2125 1830 2237 1868 sem
2269 1813 2586 1882 episcopum
2612 1809 3350 1880 conjecitPapelzroehins",
3374 1828 3636 1882 eumque
3655 1830 3742 1867 se-

2125 1913 2286 1957 cutus
2332 1901 2619 1957 Fabricius
2651 1901 2717 1956 “.
2752 1901 2824 1955 At
2855 1901 3129 1955 immerito
3159 1917 3311 1956 sane.
3354 1901 3557 1972 Neque
3585 1905 3738 1958 enim

2124 1994 2439 2059 Menardns,
2473 1995 2686 2064 primus
2716 1994 2914 2049 veteris
2946 1994 3092 2048 illius
3121 1995 3616 2065 interpretationis
3645 1999 3742 2051 de-

2124 2099 2319 2152 teetor,
2385 2104 2562 2158 ncquc
2610 2085 2876 2154 Vossius,
2925 2103 3101 2156 neque
3143 2088 3494 2152 Cotelerius,
3551 2106 3738 2160 neque

2124 2183 2216 2236 alii
2268 2181 2362 2251 qui
2421 2181 2680 2251 deinceps
2728 2183 2871 2237 hanc
2921 2181 3217 2252 Epistulam
3273 2182 3622 2249 vulgarunt,
3683 2184 3732 2238 id

2125 2291 2368 2344 unquam
2397 2274 2596 2329 litteris
2624 2274 2917 2330 tradidere.
2949 2273 3116 2328 Error
3146 2284 3329 2328 autem
3359 2274 3731 2330 duumvirum

2124 2368 2344 2422 illorum
2375 2382 2405 2422 e
2451 2367 2634 2422 verbis
2663 2365 2910 2422 Dacherii
2943 2367 3106 2421 modo
3135 2367 3321 2421 relatis
3363 2368 3617 2422 fortasse
3645 2384 3737 2422 or-

2124 2469 2242 2524 tus;
2275 2459 2476 2529 quibus
2505 2459 2768 2515 docemur
2803 2477 2822 2510 ‹
2861 2459 3176 2514 Meuardum
3207 2459 3260 2512 in
3297 2457 3590 2513 Pbilastrii
3617 2464 3729 2529 epi-

2125 2551 2275 2620 scopi
2308 2549 2608 2605 Brixieusis
2655 2551 2913 2604 volumen
2945 2565 3051 2604 ms.
3083 2564 3114 2603 e
3148 2548 3471 2602 Corbeiensi
3531 2565 3733 2603 mona-

2125 2643 2296 2698 sterio
2353 2641 2612 2698 incidisse
2647 2661 2662 2694 ι
2703 2643 2757 2696 in
2800 2657 2911 2712 quo
2965 2657 3075 2696 una
3131 2657 3255 2696 cum
3289 2640 3414 2695 aliis
3475 2651 3732 2696 veterum

2125 2735 2432 2804 opusculis,
2481 2744 2754 2789 vetustam
2799 2749 3021 2804 quoque
3051 2733 3314 2788 Barnaba:
3346 2732 3624 2804 Epistula
3653 2737 3731 2788 in-

2128 2828 2573 2899 terpretationem
2609 2825 2988 2896 deprehendit,
3015 2841 3178 2895 quam
3210 2841 3276 2879 ex
3305 2826 3505 2880 eodem
3541 2828 3730 2881 codice

2126 2920 2418 2994 descripsit
2452 2919 2506 2974 in
2541 2920 2716 2974 lucem
2748 2920 3076 2974 emissurus.
3108 2917 3364 2971 Pluribus
3385 2919 3502 2987 egit
3534 2922 3642 2973 hac
3667 2922 3729 2973 de

2127 3028 2185 3067 re
2217 3011 2519 3066 Galeardus
2543 3009 2608 3066 V.
2637 3013 2700 3067 (ἶ.
2734 3011 2787 3064 in
2825 3010 3143 3081 praefatione
3169 3010 3235 3063 ad
3266 3010 3613 3064 luculentam
3643 3027 3729 3064 ve-

499 3097 728 3158 Postero
784 3119 932 3157 anno
989 3103 1128 3157 1646
1183 3103 1581 3158 Amsteludami
1639 3106 1784 3176 typis
1839 3106 2093 3192 denuoc
2129 3113 2304 3157 ternm
2364 3101 2591 3156 Patrum
2647 3101 2921 3155 Brixianae
2979 3099 3236 3154 Ecclesiae
3294 3100 3733 3165 collectionem;

425 3197 801 3252 excutiendam
821 3197 1038 3250 curavit
1061 3197 1308 3252 eamdem
1330 3195 1628 3266 Epistulam
1650 3197 1871 3255 lsaacus
1895 3198 2026 3256 Vos-

427 3289 546 3343 sius
574 3290 640 3343 ad
669 3289 872 3343 calcem
899 3287 1270 3359 Epistolarum
1304 3288 1362 3346 S.
1395 3289 1587 3360 lgnatii
1611 3290 1710 3358 Μ.,
1735 3293 1878 3348 notis
1901 3293 2024 3348 bre-

429 3381 588 3435 vibus
633 3381 726 3434 sed
773 3381 1005 3437 eruditis
1056 3383 1425 3438 illustratam:
1473 3385 1634 3453 cujus
1687 3387 2022 3456 exemplara

429 3471 704 3528 Salmasio
734 3473 912 3544 primo
945 3485 1230 3544 acceptum
1256 3475 1490 3530 contulit
1513 3492 1640 3531 cum
1673 3478 1850 3533 tribus
1882 3494 2018 3532 mss.

427 3564 732 3629 codicibus,
765 3581 831 3620 ex
882 3565 1228 3620 bibliothecis
1256 3565 1490 3621 Medicea
1541 3567 1878 3635 Florentina,
1912 3567 2022 3623 Va-

430 3657 610 3709 ticana
639 3665 693 3710 et
725 3656 1120 3712 Theatinorum
1157 3657 1345 3713 llomze
1391 3660 1707 3728 degentium
1754 3662 2019 3731 repetitis.

429 3748 642 3814 Quibus
675 3751 940 3806 subsidiis
973 3751 1194 3820 adjutus
1233 3751 1666 3806 vetustissimum
1696 3754 1798 3808 hoc
1829 3770 2025 3809 monu-

430 3852 674 3896 mentum
717 3844 890 3898 multo
935 3844 1258 3914 castigatius
1288 3843 1602 3913 evulgavit:
1651 3864 1669 3896 ι
1709 3861 1833 3899 cum
1874 3847 2021 3900 enim

429 3935 672 3990 Menardi
711 3939 902 4003 editio,
936 3949 996 3993 ut
1026 3941 1256 4009 ipsemet
1298 3938 1394 4006 ait,
1434 3955 1501 3993 ex
1538 3956 1648 3994 uno
1682 3942 2026 4010 promanarit

429 4030 640 4096 codice,
673 4030 787 4084 fieri
813 4031 972 4085 aliter
1005 4048 1110 4085 non
1143 4031 1324 4101 potuit
1356 4031 1490 4101 quin
1518 4031 2022 4088 inemendatissima

431 4123 692 4192 prodiret.
737 4143 754 4174 ι

501 4237 717 4306 Elapsis
745 4252 876 4291 vero
907 4236 1094 4305 viginti
1130 4251 1224 4291 sex
1261 4235 1421 4290 annis
1448 4252 1475 4290 a
1510 4236 1681 4306 prima
1711 4235 1885 4292 Vossii
1909 4237 2028 4292 edin'

431 4330 600 4395 tione,
635 4329 775 4383 hanc
819 4327 1084 4382 Barnabae
1128 4326 1423 4397 Epistulam
1474 4344 1697 4382 rursum
1747 4328 1800 4383 iu
1829 4329 2025 4397 vulgus

429 4421 612 4476 emisit
643 4421 867 4476 Parisiis
913 4419 1052 4473 1672
1093 4435 1220 4472 eum
1261 4429 1444 4475 vetere
1498 4419 1692 4474 Latina
1750 4421 2020 4491 versione,

431 4530 571 4570 nova
626 4517 850 4585 insuper
907 4512 1376 4585 interpretatione,
1429 4514 1684 4585 notisqtte
1733 4515 2024 4571 luculentis

434 4610 760 4665 adornatam
813 4607 1054 4662 Joannes
1105 4607 1348 4678 Baptista
1400 4607 1735 4671 Cotelerius.
1793 4624 2027 4678 eamque

430 4705 706 4774 praeclara:
731 4719 845 4758 sua:
885 4701 1114 4756 Patrum
1157 4702 1570 4772 apustolicorum
1608 4701 1834 4756 editioni
1877 4701 2025 4755 inse-

428 4797 560 4851 ruit.
607 4796 781 4862 Quam
829 4795 1048 4864 quidem
1079 4793 1372 4848 editionem
1426 4793 1530 4847 sub
1574 4792 1734 4846 linem
1780 4792 2024 4861 ejusdem

429 4890 640 4955 saeculi,
674 4904 820 4942 anno
857 4888 1018 4954 1698,
1056 4886 1364 4955 Ληιιιυιίιίερ
1407 4901 1500 4940 seu
1541 4884 1723 4954 potius
1747 4884 2022 4938 Amstclu-

429 4983 574 5038 danti
609 4983 750 5052 typis
775 4981 1119 5052 eonsignavit
1149 4995 1274 5034 cuni
1313 4980 1456 5033 notis
1479 4979 1752 5033 variorum
1785 4977 2024 5032 Joannes

429 5075 697 5140 Clericus,
759 5075 1066 5142 iterumque.
1111 5071 1294 5127 saeculi
1351 5071 1624 5126 currentis
1686 5085 1832 5124 anno
1883 5069 2026 5123 nat

432 5165 713 5219 nonnullis
749 5163 979 5219 Joannis
1020 5162 1222 5218 Davisii
1270 5163 1497 5232 suisque
1533 5162 2025 5216 animadversioni-

431 5257 534 5311 lms
557 5265 796 5311 auctam.
841 5255 1105 5326 Denique,
1144 5266 1201 5311 ut
1244 5256 1399 5322 Fclli,
1433 5254 1634 5326 Moynii
1677 5254 2022 5324 aliorumqtte

434 5359 823 5420 pr:etercamns
871 5349 1158 5412 editiones,
1210 5349 1458 5403 eamdem
1517 5346 1812 5418 Epistulam
1865 5348 2016 5417 prelo

433 5444 713 5500 commisit
759 5442 1064 5497 Riehardns
1125 5442 1321 5498 Russel
1373 5457 1521 5497 anno
1578 5441 1758 5505 1746,
1811 5440 1865 5495 in
1917 5456 2017 5495 sua

504 5589 545 5618 ¹¹
589 5585 759 5639 (ἒυῐυΙ.
788 5583 969 5639 Jtulic.
1002 5587 1066 5640 de
1097 5585 1268 5656 Epist.
1295 5583 1353 5639 S.
1377 5584 1569 5648 Barn.,
1609 5582 1711 5656 sub
1744 5584 1836 5656 lin.

438 5657 577 5710 [ἔξω.
608 5656 727 5717 σν..
759 5657 977 5721 tom.X,
1011 5653 1217 5727 pagXB,
1255 5666 1308 5710 ct
1338 5656 1548 5727 praefat.
1582 5657 1647 5707 ad
1668 5654 1726 5707 S.
1771 5653 2027 5727 ljhilast‘r.

437 5744 488 5798 p.
528 5743 776 5781 att-xxvi.

2126 3213 2312 3267 quem,
2345 3197 2390 3251 si
2420 3209 2598 3263 vacat,
2630 3196 2802 3250 lector
2831 3197 2990 3250 adeat
3017 3196 3084 3249 ".

2198 3309 2612 3365 llecentioribus
2658 3324 2788 3362 vero
2833 3306 3179 3362 versionibus
3229 3314 3454 3376 prastat
3495 3304 3739 3377 Angliea

2125 3403 2401 3459 Guilielmi
2437 3401 2614 3456 Wakii
2639 3417 2765 3456 cum
2804 3399 3062 3470 Epistolis
3090 3398 3413 3458 Cletnentis,
3447 3396 3654 3469 lgnati
3683 3410 3740 3454 et

2125 3495 2432 3568 l’olyearpi,
2466 3510 2565 3548 nec
2597 3511 2705 3548 non
2762 3491 2975 3547 lict-nne
3022 3491 3270 3559 Pastore,
3303 3491 3540 3546 Londini
3583 3495 3741 3549 edita

2125 3603 2256 3640 ann.
2296 3586 2437 3639 i695
2461 3594 2516 3643 et
2555 3583 2713 3638 1710.
2752 3581 2824 3638 De
2854 3585 2957 3638 hac
2992 3594 3173 3638 autem
3201 3583 3451 3637 versione
3490 3584 3740 3653 loquens

2123 3675 2366 3731 Joannes
2395 3676 2640 3731 Clericus
2677 3675 2729 3728 in
2755 3675 2987 3744 epistola
3015 3673 3416 3744 tmneupatoria
3449 3677 3742 3744 pus-terio-

2129 3771 2203 3824 ris
2238 3770 2461 3822 Patrum
2504 3769 2918 3838 apostm’icorum
2944 3767 3202 3822 editionis
3238 3767 3631 3834 Cotelerianae,
3665 3773 3738 3824 ad

2125 3863 2376 3917 eumdem
2405 3860 2660 3915 Wakium
2686 3861 2800 3931 jam
2834 3859 3308 3931 archiepiscopum
3347 3860 3736 3917 Cantuarien-

2126 3970 2264 4021 sem,
2292 3955 2408 4010 haec
2437 3956 2600 4010 habet
2627 3975 2640 4010 :
2677 3975 2695 4008 ι
2733 3955 2860 4010 Fuit
2887 3963 2940 4008 et
2963 3954 3068 4007 alia
3101 3955 3260 4017 ratio,
3290 3968 3464 4023 eaque
3488 3953 3737 4023 majoris

2124 4049 2404 4120 ponderis,
2436 4058 2660 4120 propter
2679 4066 2844 4120 qualn
2869 4048 3177 4103 existimavi
3204 4047 3299 4100 tibi
3324 4049 3467 4101 hanc
3490 4046 3736 4102 Patrum

2125 4144 2536 4214 apostolicorum
2587 4145 2882 4198 editionem
2927 4158 3034 4196 non
3070 4141 3490 4209 displicituram.
3550 4141 3736 4196 Nemo

2127 4237 2386 4290 nimirum
2431 4246 2568 4300 erat,
2619 4237 2711 4306 qui
2771 4235 2954 4290 minus
3003 4235 3392 4304 dedignaretur
3443 4235 3732 4303 ejusmodi

2127 4327 2452 4396 scriptores;
2479 4343 2715 4398 quorutn
2749 4327 3059 4396 plerosque,
3083 4335 3137 4380 et
3165 4343 3260 4382 eos
3281 4327 3503 4397 quidem
3539 4331 3735 4398 genui-

2129 4434 2246 4483 nos,
2284 4416 2341 4472 S.
2375 4416 2702 4481 Barnabam,
2750 4417 2808 4472 8.
2852 4415 3141 4487 Ignatium,
3187 4417 3245 4471 S.
3288 4418 3630 4473 Clementem
3675 4433 3732 4476 et

2131 4511 2190 4565 8.
2243 4509 2628 4580 Polyearpum,
2666 4509 2732 4563 ad
2780 4525 2918 4579 quos
2957 4524 3238 4564 accessere
3282 4507 3477 4562 Pastor
3508 4511 3733 4569 Ilernne

2127 4615 2179 4658 et
2204 4602 2398 4675 lgnatii
2424 4601 2768 4671 Martyrium,
2789 4602 2840 4656 in
2865 4602 3152 4671 Anglicum
3173 4616 3481 4655 sermonem
3500 4619 3730 4658 summa

2131 4695 2234 4748 lide
2261 4702 2424 4763 atque
2450 4691 2742 4762 elegantia,
2778 4692 2959 4760 quoad
2989 4706 3078 4744 res
3113 4689 3342 4756 ferebat,
3371 4695 3726 4758 convertisti,

2129 4797 2182 4841 et
2213 4785 2495 4855 procemiis
2524 4786 2851 4854 pereruditis
2880 4801 2944 4838 ac
2970 4784 3180 4854 judicio
3223 4800 3443 4838 smmno
3473 4790 3731 4838 conscri-

2130 4878 2240 4946 ptis
2278 4877 2509 4930 ornasti.
2543 4894 2561 4928 ι
2601 4875 2676 4931 Ita
2718 4877 2986 4930 Clericus.
3014 4876 3149 4941 Quae
3191 4877 3410 4946 quidem
3438 4877 3490 4930 in
3525 4879 3728 4946 primis

2131 4971 2220 5024 hic
2257 4969 2566 5023 describere
2612 4968 2836 5038 placuit,
2878 4979 2936 5023 ut
2978 4977 3192 5023 constet
3241 4969 3420 5037 ipsum
3475 4981 3729 5026 mutasse

2129 5065 2454 5120 sententiam
2485 5083 2498 5118 :
2531 5065 2802 5134 siquidem
2850 5076 3008 5120 antea
3047 5066 3101 5119 in
3136 5081 3233 5119 sua
3280 5065 3523 5120 Historia
3554 5071 3726 5125 eccle-

2126 5161 2346 5216 siastica
2369 5159 2414 5191 ’⁸
2447 5160 2730 5214 sinistrum
2761 5159 2960 5214 tulerat
2987 5158 3054 5214 de
3085 5159 3144 5216 8.
3178 5160 3438 5214 Βελιηιειιςίυ
3475 5161 3722 5231 Epistula

2121 5255 2427 5324 judicium,
2477 5267 2640 5323 quam
2701 5251 2807 5304 hoc
2857 5250 2959 5304 loci
2990 5251 3212 5306 demum
3277 5254 3565 5322 genuinam
3619 5271 3724 5326 ap-

2123 5347 2309 5417 pellat.

2197 5438 2488 5510 Reliquum
2521 5446 2606 5493 est
2636 5447 2695 5493 ut
2724 5439 2916 5510 paucis
2954 5437 3331 5494 edisseramus
3361 5453 3472 5506 qua
3503 5439 3723 5495 ratione

1916 5585 1960 5613 ²²
2004 5580 2104 5651 Par

2196 5595 2230 5652 τ’.
2264 5580 2383 5652 Λα.
2412 5579 2512 5634 SS.
2543 5578 2696 5646 Jun.,
2721 5590 2856 5634 tom.
2895 5579 2959 5640 ll,
2986 5598 3040 5652 p.
3065 5582 3325 5637 457-460.
3398 5583 3445 5615 ’³
3471 5583 3718 5652 Fahric.,

2107 5652 2154 5684 ²⁸
2187 5651 2461 5725 Gal_e_ard..
2496 5652 2702 5721 praefat.
2744 5653 2812 5706 ad
2840 5651 3047 5708 collata.
3083 5664 3184 5708 vet.
3214 5653 3334 5710 PP.
3371 5654 3521 5709 Brix.
3554 5651 3714 5725 «CL,

855 5730 898 5760 ³³
939 5723 1107 5796 ιιάτζ
1143 5728 1282 5782 Hist.
1331 5723 1482 5790 ctu-1.,
1516 5727 1581 5779 ad
1623 5742 1750 5779 ann.
1781 5723 1866 5789 71,
1902 5724 1928 5794 §
1959 5723 2012 5789 ‘2,
2072 5738 2190 5794 pag,
2234 5723 2358 5776 474.
