3818 6216
99 281 220 335 ’109
1480 276 1713 334 ΡῐὶΟιΕι

1832 275 2011 331 ΙΕΝΑ.
3294 284 3396 335 ’710

90 403 303 472 capite
334 401 443 459 12:
480 420 499 454 ι
533 400 673 458 Ecce
717 401 916 457 iterum
965 399 1127 459 Jcsus
1178 418 1289 457 non
1344 401 1492 457 ﬁlius
1549 396 1713 454 Navae
1740 403 1789 459 Α
1882 395 2056 451 Porro
2084 393 2274 451 Jesum
2302 392 2586 451 €hristmu
2638 408 2749 450 non
2796 396 2975 451 solum
3007 414 3196 453 verum
3226 397 3396 455 Deum

96 493 337 566 (Graece
359 493 709 560 melius,uib¢
732 493 1183 565 depdmou),sed
1215 493 1387 550 Filius
1409 494 1527 558 Dei,
1558 501 1712 548 ante-
1811 504 1956 570 esse,
1993 488 2089 544 sed
2136 498 2192 544 et
2237 504 2428 544 verum
2476 488 2753 544 hominem
2799 489 2971 546 fuisse
3010 501 3196 562 aperte
3234 496 3400 563 profi-

95 600 289 656 quam
334 585 388 639 in
421 599 588 641 carne
632 583 1079 640 manifestaretur
1127 585 1276 655 (18);
1317 603 1337 637 )
1366 586 1542 656 pergit
1582 599 1714 639 vero

96 676 430 743 Barnabas,
480 677 568 731 loc
600 677 695 731 cit.
739 695 759 729 ι
802 676 1077 743 Quoniam
1124 694 1255 750 ergo
1307 678 1508 733 dicturi
1554 686 1713 732 erant

96 766 409 822 Christum
440 782 565 823 esse
596 768 766 823 tilium
796 767 1040 836 Davidis,
1069 768 1435 825 reformidans
1471 778 1526 824 et
1554 767 1714 822 intel-

98 860 297 929 ligens
331 874 572 914 errorem
606 861 1021 929 sceleratorum,
1076 861 1276 917 iterum
1318 862 1453 917 dicit
1500 861 1709 916 David:

103 970 125 1003 ς
174 949 338 1005 Dixit
366 950 632 1007 Dominus
666 951 899 1007 Domino
946 968 1088 1019 meo,
1123 972 1142 1006 ›
1170 962 1276 1008 etc.
1326 953 1448 1019 Quo
1491 952 1712 1007 Davidis

97 1044 263 1099 dicto
302 1044 419 1114 jam
464 1045 582 1115 ipse
633 1045 883 1101 Salvator
925 1047 1264 1101 divinitatem
1305 1062 1554 1116 persona:
1600 1059 1715 1100 suae

96 1136 326 1191 Judaeis
359 1137 753 1203 insinuaverat,
779 1137 1016 1193 Matthaei
1048 1154 1187 1205 xxii,
1216 1139 1307 1192 41.
1340 1136 1528 1193 Jesum
1554 1137 1716 1193 Chri-

101 1236 267 1283 stum
304 1245 493 1283 verum
536 1229 708 1284 Deum
745 1246 867 1285 esse
914 1239 969 1284 et
1017 1230 1216 1284 Filium
1260 1230 1380 1293 Dei,
1413 1231 1520 1285 alio
1553 1245 1717 1299 argu-

104 1334 314 1378 mento
343 1334 607 1393 praeterea
639 1325 998 1391 demonstrat,
1027 1325 1155 1379 dum
1185 1325 1260 1379 ait
1293 1324 1406 1395 (19)
1433 1341 1446 1377 :
1484 1325 1714 1392 Quando

106 1424 312 1469 autem
340 1416 621 1485 apostolos
671 1432 824 1482 suos,
859 1418 953 1487 qui
999 1416 1348 1487 praedicaturi
1382 1426 1537 1471 erant
1569 1416 1715 1471 illius

106 1506 505 1577 Evangelium,
536 1508 716 1579 elegit,
742 1509 999 1563 homines
1036 1508 1187 1563 omni
1220 1517 1445 1579 peccato
1476 1508 1717 1578 iniquio-

106 1614 231 1665 res,
267 1607 332 1653 ut
370 1599 686 1655 ostenderet
734 1602 877 1671 quod
927 1614 1038 1655 non
1072 1602 1224 1656 venit
1270 1616 1469 1657 vocare
1507 1586 1712 1670 justos,

108 1691 216 1745 sed
253 1701 575 1761 peccatores
629 1692 696 1746 ad
742 1692 1118 1762 paenitentiam
1142 1733 1158 1761 ,
1197 1702 1330 1748 tunc
1373 1693 1552 1763 palam
1578 1692 1711 1748 fecit

108 1799 175 1839 se
207 1800 339 1840 esse
365 1784 565 1840 Filium
607 1784 703 1840 Dei
741 1785 854 1857 (20)
888 1806 899 1841 ε

184 1875 321 1929 Alia
348 1878 513 1930 etiam
546 1876 598 1930 in
632 1877 751 1931 loco
795 1876 1077 1947 sequentia
1106 1877 1295 1933 scribit
1321 1877 1434 1949 (21)
1463 1897 1477 1934 :
1510 1897 1529 1931 ‹
1567 1878 1707 1946 Quid

113 1968 329 2024 iterum
360 1970 495 2025 dicit
532 1968 747 2040 Moyses
778 1970 906 2025 Jesu
955 1971 1066 2027 filio
1113 1970 1276 2026 Navae
1326 1971 1551 2044 (Josute)
1582 1989 1708 2028 cum

110 2061 193 2115 illi
223 2062 529 2131 prophetia:
552 2064 725 2132 gratia
752 2062 1000 2132 praedito,
1028 2063 1079 2119 id
1110 2064 1353 2120 nominis
1384 2066 1709 2134 imponeret,

109 2153 245 2207 ideo
278 2154 480 2219 solum,
510 2162 572 2210 ut
599 2156 783 2211 omnis
826 2156 1063 2225 populus
1113 2156 1458 2227 intelligeret,
1488 2155 1709 2212 Patrem

111 2245 183 2300 de
215 2244 360 2301 Filio
391 2262 492 2301 suo
519 2245 650 2302 Jesu
679 2257 876 2303 cuncta
914 2247 1305 2304 manifestasse
1354 2249 1467 2303 tilio
1511 2248 1714 2305 Navae?

112 2334 384 2405 imposito
407 2337 572 2408 igitur
600 2353 666 2393 eo
699 2338 921 2394 nomine
949 2339 1171 2410 quando
1196 2340 1349 2395 misit
1377 2356 1502 2395 eum
1536 2341 1590 2395 in
1620 2358 1716 2397 ex-

111 2427 456 2497 ploratorem
502 2436 696 2496 terrae,
738 2429 877 2485 dixit
911 2432 1145 2499 :Accipe
1182 2429 1377 2484 librum
1420 2431 1475 2484 in
1524 2448 1712 2486 manus

114 2529 264 2586 tuas,
293 2528 345 2574 et
372 2521 540 2575 scribe
561 2538 679 2590 qua:
706 2521 841 2575 dicit
873 2522 1153 2587 Dominus,
1176 2524 1427 2592 quoniam
1450 2524 1506 2577 in
1532 2525 1713 2579 novis-

113 2613 275 2665 simis
306 2612 489 2667 diebus
524 2612 701 2667 Filius
731 2613 830 2668 Dei
866 2613 1023 2669 Iesus
1053 2615 1321 2670 exscindet
1366 2632 1400 2669 a
1442 2616 1711 2672 radicibus

114 2722 333 2759 omnem
355 2705 571 2760 domum
592 2706 854 2762 Amaleci.

192 2917 311 2989 (18)
337 2917 559 2990 Graece,
576 2917 830 2990 évgqapxt
856 2918 1212 2990 φανερωθείς,
1244 2933 1366 2990 quae
1397 2934 1521 2990 cum
1556 2918 1719 2988 plane

192 2936 311 2989 μδ)
337 2936 543 2983 υΓῖΕΟΘ,
576 2936 635 2970 εν
668 2936 830 2990 cetpr
856 2936 990 2988 φανε
1029 2936 1212 2982 ωυεις,
1244 2936 1366 2989 qua:
1397 2936 1521 2974 cum
1556 2936 1713 2988 plane

115 3005 367 3045 consona
397 2989 507 3042 sint
532 2987 685 3059 Pauli
716 2991 898 3045 verbis
928 2989 946 3042 l
977 2936 1117 3044 ’leim.
1154 3004 1215 3043 ιιι
1236 3031 1251 3055 ,
1292 2989 1380 3056 16,
1415 2989 1548 3052 Θεὸς
1574 2991 1713 3059 ἐφα-

115 3059 337 3130 νερώθη
368 3060 424 3111 ὲν
448 3058 633 3131 capiti,
660 3060 728 3114 ad
754 3061 870 3115 haec
893 3059 1199 3115 Barnabam
1234 3060 1559 3131 respexisse,
1585 3058 1714 3116 vero

117 3129 268 3187 haud
294 3137 380 3183 est
412 3129 682 3185 absimile.

193 3200 313 3271 (19)
348 3198 519 3271 Epist.
538 3198 820 3271 Barnaba:
846 3200 1025 3271 capite
1054 3201 1109 3255 5.

191 3268 309 3342 (20)
339 3269 575 3342 Olfemlit
622 3271 709 3326 hic
748 3268 1211 3342 locus'plurimos
1262 3269 1508 3335 criticos,
1542 3268 1714 3342 isque

117 3340 551 3411 reprehensione
590 3342 829 3398 maxima
860 3340 1058 3408 dignus
1086 3342 1155 3395 ab
1178 3341 1245 3395 iis
1275 3351 1548 3396 censetur.
1577 3340 1716 3408 Quis

119 3413 273 3466 enim
302 3412 509 3476 credat,
549 3411 825 3482 inquiunt,
852 3412 1131 3483 apostolos
1165 3412 1448 3465 hominum
1479 3413 1714 3482 iniquis-

122 3485 297 3537 simos
337 3488 391 3553 et
421 3496 586 3553 super
622 3498 784 3537 omne
830 3482 1111 3553 peccatum
1159 3491 1475 3550 peccatores
1521 3499 1552 3537 a
1592 3482 1713 3537 viro

123 3551 645 3623 apostolicoifuisse
683 3551 949 3608 vocatos?
993 3553 1281 3621 Simplices
1315 3553 1559 3623 quidem,
1612 3569 1711 3607 ru-

125 3622 245 3686 des,
264 3622 568 3691 imperitos,
589 3631 751 3692 atque
777 3624 1026 3678 homines
1052 3623 1323 3676 interdum
1348 3623 1523 3677 malos
1540 3622 1714 3678 fuisse

127 3693 275 3758 illos,
308 3693 360 3746 in
398 3693 573 3747 sacris
598 3692 817 3749 Litteris
850 3694 1081 3762 legimus
1112 3712 1126 3758 ;
1161 3702 1217 3747 at
1246 3702 1560 3760 peccatores
1593 3709 1713 3747 om-

127 3765 281 3817 nium
328 3764 600 3818 maximos
631 3780 725 3819 eos
758 3765 1037 3819 exstitisse
1073 3780 1179 3817 non
1216 3762 1466 3831 legimus.
1512 3766 1709 3817 Annon

128 3834 244 3888 lucc
272 3833 457 3903 Opinio
492 3833 544 3886 in
579 3833 753 3903 ipsius
779 3834 1078 3889 Salvatoris
1119 3837 1289 3903 nostri
1319 3835 1709 3903 detrimentum

130 3919 195 3958 ac
227 3902 614 3958 contumeliam
649 3904 951 3960 redundat?
998 3903 1055 3959 Si
1087 3905 1232 3959 enim
1263 3902 1515 3959 Christus
1548 3902 1711 3961 Jesus

130 3974 444 4044 huiusmodi
474 3974 620 4045 viros
649 3978 715 4030 ad
741 3976 1144 4045 praedicandum
1170 3989 1329 4045 suum
1354 3973 1709 4044 Evangelium

132 4046 344 4099 mittere
372 4044 651 4109 voluisset,
681 4044 797 4100 huic
822 4046 1017 4100 electio
1044 4044 1363 4100 scandalum
1388 4046 1712 4113 praebuisset

136 4113 372 4169 Hebraeis
401 4117 796 4185 prmoccupatis
819 4116 934 4185 jam
984 4125 1038 4169 et
1082 4115 1321 4170 incitatis
1359 4124 1546 4170 contra
1589 4115 1711 4169 Sal-

132 4194 397 4255 vatorem,
422 4185 608 4255 eisque
630 4186 975 4242 occasionem
1005 4187 1262 4247 dedisset,
1292 4185 1611 4239 detrahendi
1642 4186 1710 4239 de

134 4256 253 4324 ejus
276 4254 417 4308 fama
449 4254 817 4323 ac’doetrina,
854 4256 1079 4325 proinde
1108 4264 1162 4311 et
1191 4257 1490 4325 improvide
1528 4258 1582 4309 in
1615 4256 1707 4311 tali

135 4325 403 4397 electione
430 4326 651 4395 egisset,
686 4327 830 4397 quod
872 4327 1113 4395 cogitare
1147 4326 1214 4380 dc
1247 4341 1460 4380 summa
1493 4327 1709 4395 sapien-

136 4400 209 4452 tia
240 4396 615 4465 blasphemum
645 4395 748 4453 est.
788 4395 990 4451 Verum
1038 4396 1122 4451 his
1157 4397 1480 4453 ratiunculis
1519 4414 1589 4451 ex
1627 4398 1709 4450 vi-

1816 592 1963 638 tctur
2000 583 2089 639 hic
2137 593 2348 649 auctor,
2374 583 2502 637 dum
2550 583 2683 639 dicit
2726 583 3005 640 Christum
3056 585 3150 641 Dei
3198 587 3396 641 Filium

1815 686 2040 747 propter
2057 692 2159 732 nos
2176 693 2397 747 passum
2420 695 2433 731 :
2461 695 2478 728 c
2502 676 2557 732 Si
2580 693 2731 749 ergo,
2760 698 2779 730 ι
2802 679 2979 748 inquit
2995 681 3083 736 ille
3101 682 3236 753 (Ἡ),
3258 702 3276 733 ι
3304 682 3399 737 Dei

1826 770 2019 835 Filius,
2047 771 2142 840 qui
2186 779 2271 825 est
2310 769 2595 837 Dominus,
2629 771 2722 840 qui
2749 771 3094 840 judicaturus
3129 783 3211 828 cst
3248 776 3402 831 vivos

1816 870 1872 916 et
1919 872 2186 927 mortuos,
2214 861 2306 931 qui
2356 878 2555 931 passus
2604 872 2712 926 est,
2742 872 2803 916 ut
2833 865 2987 934 plaga
3019 866 3164 921 illius
3188 867 3417 956 vividos.

1817 971 1919 1011 nos
1962 955 2250 1009 redderet:
2280 955 2569 1009 credamus
2614 970 2723 1008 non
2765 956 3010 1026 potuisse
3050 956 3244 1013 Filium
3305 957 3417 1015 Dei'

1815 1050 1949 1120 pati,
1973 1048 2080 1104 nisi
2122 1059 2341 1118 prepter
2378 1063 2503 1114 nos,
2539 1047 2633 1103 sed
2663 1056 2718 1103 et
2743 1049 2891 1104 cruci
2930 1048 3143 1117 afﬁxus,
3173 1061 3326 1107 aceto
3348 1062 3402 1108 et

1828 1142 1951 1197 felle
1982 1140 2302 1211 potabatur.
2346 1128 2371 1193 ι’

1884 1235 2182 1304 Postquam
2203 1234 2292 1289 hic
2315 1241 2505 1288 auctor
2528 1233 2751 1304 longum
2773 1243 3019 1289 texuerat
3043 1250 3268 1304 operum
3298 1236 3401 1291 bo-

1816 1340 2012 1380 norum
2044 1332 2099 1379 et
2137 1332 2532 1393 praeceptorum
2578 1326 2909 1394 catalogum,
2940 1341 3004 1379 ac
3049 1327 3232 1381 omnia
3265 1343 3403 1397 pene

1817 1432 2033 1472 morum
2062 1416 2317 1487 dogmata
2350 1416 2676 1486 compendio
2706 1417 2883 1471 fuerat
2911 1418 3252 1487 complexus,
3280 1430 3407 1476 tan-

1816 1510 1938 1565 dem
1964 1509 2030 1563 de
2050 1509 2160 1563 vita
2185 1516 2385 1562 aeterna
2406 1524 2469 1563 ac
2493 1510 2895 1563 resurrectioue
2920 1511 3103 1565 carnis
3134 1512 3250 1566 haec
3278 1514 3404 1567 sub—

1816 1601 1896 1655 dit
1922 1600 2035 1671 (25)
2063 1618 2076 1654 :
2117 1618 2135 1650 ι
2171 1600 2485 1670 Cognosces
2516 1609 2696 1654 autem
2732 1600 2856 1670 quis
2886 1602 2958 1655 sit
2991 1602 3166 1657 bonus
3195 1620 3405 1658 merce-

1818 1693 1905 1748 dis
1931 1692 2247 1747 retributor.
2275 1710 2294 1743 ›
2333 1691 2409 1746 De
2432 1692 2936 1761 transgressoribus
2967 1703 3147 1747 autem
3175 1697 3405 1750 manda-

1745 1771 1789 1826 Β
1820 1790 2000 1836 torum
2037 1790 2093 1836 et
2131 1781 2373 1836 studium
2422 1782 2690 1836 bonorum
2738 1796 2966 1850 operum
3006 1784 3405 1853 negligentibus

1821 1873 1897 1928 ait
1919 1872 2033 1943 (24)
2065 1891 2080 1928 :
2117 1891 2135 1924 ‹
2167 1870 2283 1927 Νοη
2314 1879 2723 1940 consequentur
2754 1871 3056 1925 mercedem
3082 1871 3402 1941 justitite....

1818 1981 2036 2037 {equum
2078 1965 2245 2034 igitur
2271 1970 2355 2019 est
2393 1971 2454 2017 ut
2495 1963 2674 2018 edocti
2706 1963 3129 2032 iustificationes
3161 1965 3401 2033 Domini,

1816 2066 2087 2129 quotquot
2131 2057 2283 2127 prius
2326 2056 2543 2125 scripta:
2593 2065 2756 2122 sunt,
2797 2056 2850 2110 in
2903 2058 2984 2111 eis
3038 2059 3402 2117 ambulemus.

1818 2150 1923 2218 Qui
1954 2149 2100 2205 enim
2136 2164 2230 2204 cas
2281 2148 2431 2213 facit,
2466 2148 2520 2201 in
2556 2163 2723 2218 regno
2756 2147 2848 2203 Dei
2892 2149 3064 2219 gloria
3100 2153 3405 2207 cumulabi-

1825 2250 1915 2297 tur
1942 2259 1957 2296 :
1986 2242 2081 2312 qui
2102 2255 2232 2296 vero
2258 2240 2363 2295 alia
2392 2238 2635 2310 elegerit,
2661 2240 2826 2294 simul
2849 2256 2975 2295 cum
3003 2243 3259 2311 operibus
3289 2245 3406 2299 suis

1821 2335 2043 2405 peribit.
2104 2333 2397 2404 Propterea
2455 2332 2828 2400 resurrectio,
2895 2345 3182 2404 pr0ptcrea
3243 2336 3403 2391 retri-

1821 2428 1997 2484 butio.
2045 2445 2063 2481 ι

1892 2520 2019 2576 Haec
2055 2530 2185 2577 sunt
2207 2536 2329 2591 quae
2358 2519 2835 2575 animadversione
2864 2518 3025 2590 digna
3058 2520 3112 2574 in
3141 2520 3243 2576 hac
3274 2521 3402 2591 Epi-

1819 2617 1957 2671 stola
1990 2617 2094 2688 legi
2130 2617 2313 2686 quoad
2344 2617 2565 2687 dogma.

1895 2710 1923 2783 ᾗ
1956 2709 2043 2765 111.
2100 2709 2178 2765 De
2227 2710 2515 2782 baptismo,
2557 2710 2994 2782 justiﬁcatiouep
3020 2721 3126 2766 etc.
3154 2743 3227 2751 —
3262 2711 3409 2768 Nihil

1826 2921 2036 3002 scilicet
2083 2930 2267 3002 centra
2320 2915 2529 3002 Celsum
2559 2918 2666 3002 lib.
2710 2935 2749 3001 ιε
2782 2918 2810 3002 ᾗ
2841 2920 2932 3002 65,
2962 2919 3268 3002 disputa-ns“,
3310 2940 3411 2978 au-

1821 2993 1989 3046 ctoris
2021 2998 2194 3061 nostri
2225 2998 2432 3045 dictum
2469 2989 2607 3061 forte
2636 2989 3007 3061 arripientem,
3037 2989 3146 3061 quo
3176 2993 3409 3050 infames

1821 3063 2071 3116 homines
2118 3058 2289 3114 fuisse
2317 3060 2619 3129 apostolos,
2649 3058 2972 3129 publicanos
3000 3058 3069 3114 et'
3084 3073 3278 3119 nautas
3310 3081 3407 3119 ne-

1745 3105 1787 3163 c
1820 3105 2120 3202 quissinios
2147 3105 2383 3193 diceret:
2408 3131 2524 3185 hate
2560 3105 2723 3184 habet
2752 3148 2766 3202 ς
2797 3105 2833 3181 ἶ
2855 3105 2993 3197 Quid
3019 3105 3407 3201 ei-gouabs’iirifi

1818 3199 1923 3265 est,
1950 3203 1993 3257 si
2030 3199 2191 3272 Jesns
2220 3202 2506 3255 ostendere
2528 3201 2721 3272 volens
2754 3200 2997 3255 humano
3026 3199 3210 3271 generi
3240 3220 3406 3272 qnam

1817 3272 2056 3327 efficacia
2092 3270 2223 3335 sint,
2253 3285 2376 3339 qua:
2404 3269 2613 3324 morbis
2642 3272 2950 3323 animarum
2980 3269 3202 3325 adhibet
3229 3269 3406 3329 reme-

1816 3344 1925 3409 dia,
1967 3340 2198 3395 infames
2240 3350 2294 3394 et
2347 3339 2715 3409 nequissimos
2760 3340 3003 3410 elegerit,
3055 3342 3288 3411 illosque
3340 3361 3408 3399 eo

1816 3411 2146 3481 provexerit,
2177 3420 2235 3465 ut
2282 3412 2591 3479 purissima!
2616 3411 2744 3481 vita:
2774 3412 3082 3481 exemplum
3120 3423 3304 3466 essent
3340 3414 3407 3469 iis

1816 3478 1908 3552 qui
1932 3497 2123 3537 eorum
2170 3478 2478 3552 ministerio
2511 3481 2578 3534 ad
2611 3478 2964 3552 Evangelium
2998 3481 3202 3552 Christi
3233 3483 3406 3536 addu-

1816 3548 2073 3608 cerentur
2136 3568 2155 3602 ι
2182 3550 2316 3605 Vide
2355 3548 2667 3619 Origenem,
2700 3548 2875 3621 virum
2916 3551 3066 3605 illum
3102 3551 3262 3621 longe
3303 3555 3406 3607 do-

1815 3625 2146 3685 ctissimum,
2181 3621 2233 3675 in
2267 3636 2378 3690 quo
2426 3630 2576 3674 tanta
2612 3622 2692 3675 vis
2734 3620 2958 3690 ingenii,
2992 3630 3099 3675 tam
3125 3620 3403 3689 profundi,

1818 3703 1924 3748 tam
1958 3693 2122 3753 acris,
2163 3689 2598 3760 tam’elegantis,
2639 3700 2774 3744 teste
2802 3689 3088 3745 Vincentio
3131 3691 3406 3748 Lirinensi

1815 3764 1870 3817 in
1925 3764 2270 3826 Commonit.,
2323 3760 2583 3830 cap.g17,
2634 3769 2692 3813 ut
2738 3776 2931 3815 omnes
2986 3776 3123 3830 pene
3172 3763 3404 3817 multum

1815 3834 2082 3903 longeque
2115 3828 2417 3900 superaret,
2448 3828 2740 3903 origenem
2771 3832 2927 3903 _nihil
2975 3828 3245 3885 absonum
3280 3833 3408 3888 huic

1815 3899 2098 3958 sententiae
2134 3899 2348 3966 inesse,
2402 3902 2536 3954 nihil
2585 3899 2836 3955 Barnaba
2889 3902 3405 3970 (qucmiauctorcni

1814 3975 1962 4029 illius
1995 3972 2386 4041 arbitrabatur)
2421 3972 2706 4041 indignum
2756 3969 3058 4041 censuisse.
3089 3969 3275 4041 Neque
3306 3974 3406 4026 ali-

1815 4044 1980 4123 ter_S.
2013 4039 2416 4123 Hieronymus,
2438 4043 2534 4123 qui
2575 4039 2886 4123 Pelagianis
2918 4040 3111 4123 objicit
3151 4039 3401 4123 eamdem

1814 4115 1981 4184 hujus
2026 4110 2267 4167 auctoris
2303 4110 2826 4184 sententiam__libro_
2871 4125 2930 4164 In
2970 4120 3171 4184 _rontra
3214 4111 3403 4184 Pelag.

1812 4186 1868 4249 5,
1890 4179 1956 4247 ’2,
1990 4185 2116 4239 licet
2142 4181 2421 4237 memoria:
2448 4181 2601 4250 lapsu
2628 4182 2776 4235 illam
2810 4179 3021 4250 lgnatio
3046 4182 3268 4251 martyri
3305 4179 3406 4235 tri-

1810 4256 1956 4321 buit;
1991 4265 2309 4322 tantumque
2349 4252 2522 4314 abest,
2555 4261 2612 4322 ut
2636 4267 2756 4305 eam
2783 4251 2867 4304 vel
2912 4251 3103 4306 leviter
3151 4261 3320 4319 notet,
3349 4261 3410 4309 ut
3486 4291 3501 4298 -

1812 4326 2051 4380 maxime
2081 4321 2248 4380 etiam
2270 4324 2443 4391 ipsam
2478 4337 2545 4375 ex
2571 4321 2882 4386 Psalmista,
2908 4322 3105 4391 psalm.
3138 4336 3228 4387 xv,
3261 4337 3314 4376 v.
3344 4323 3405 4386 4,

1813 4396 2172 4461 confirmans,
2203 4395 2282 4448 sic
2313 4394 2530 4446 tandem
2569 4393 2807 4462 graviter
2839 4392 3171 4445 concludat:
3211 4409 3229 4441 ι
3274 4392 3396 4457 Qui-

137 4475 319 4523 rorum
357 4458 609 4526 {aliorum
664 4468 1111 4522 doctissimorum
1160 4468 1428 4523 sententia
1474 4468 1711 4537 primum
1743 4458 1789 4513 ι)
1815 4466 1918 4521 bus
1943 4458 2268 4537 testimoniis
2295 4464 2480 4537 si_non
2511 4458 2682 4537 uteris
2707 4463 2775 4537 ad
2809 4463 3216 4537 auctoritatem,
3241 4473 3407 4537 utere

137 4537 474 4606 reponimus,
501 4538 637 4591 nihil
668 4539 721 4591 in
756 4537 1054 4607 Scripturis
1077 4552 1386 4601 occurrere,
1411 4537 1557 4607 quod
1584 4538 1713 4592 huic

139 4607 398 4662 Barnabee
442 4609 587 4663 dicto
619 4618 903 4678 repugnet.
940 4607 1142 4662 Deinde
1176 4622 1304 4663 Vero
1337 4610 1465 4676 quid
1508 4610 1710 4674 obstat,

141 4680 268 4748 quin
300 4679 422 4747 ejus
455 4679 621 4733 verba
656 4680 738 4733 sic
779 4677 1138 4747 accipiantur,
1175 4688 1234 4733 ut
1268 4679 1401 4733 nihil
1431 4678 1578 4733 aliud
1623 4694 1715 4734 so-e

144 4758 287 4815 nent,
311 4764 476 4817 quam
518 4750 817 4819 apostolos,
848 4759 1141 4819 antequam
1180 4757 1529 4814 vocarentur,
1559 4750 1713 4818 plura

142 4820 426 4890 etgravia
477 4817 695 4890 quidem
729 4820 1023 4889 peccasse?
1072 4817 1313 4890 ldgsane
1362 4821 1429 4874 de
1464 4817 1715 4890 Matthazo

144 4836 426 4942 etgravia
477 4836 695 4890 quidem
729 4836 1023 4889 peccasse:
1072 4836 1130 4871 ια
1179 4836 1313 4875 sane
1362 4836 1429 4874 ue
1464 4836 1711 4873 mattnaeo

144 4890 250 4959 pub
272 4889 430 4945 icano
467 4898 687 4947 constat
726 4916 737 4947 ;
780 4891 833 4945 id
866 4904 1085 4960 quoquc
1126 4888 1193 4960 de
1231 4891 1478 4959 apostolo
1509 4889 1711 4955 Paulo;

144 4962 256 5030 qui,
286 4969 344 5015 ut
369 4961 602 5031 ipsemet
638 4962 705 5017 de
752 4975 811 5017 se
861 4959 1048 5015 scribit
1083 4960 1099 5013 Ι
1135 4959 1278 5014 Tim.
1332 4976 1451 5030 cap.
1487 4976 1527 5027 ι,
1570 4976 1713 5015 vers.

146 5028 213 5085 15
241 5042 293 5086 et
323 5028 412 5098 15;
442 5033 651 5102 primus
690 5032 1020 5101 blasphemus
1069 5032 1193 5101 fuit,
1226 5041 1276 5085 et
1312 5028 1633 5101 per—secutor,
1666 5040 1717 5084 et

147 5103 571 5170 contumeliosus,
602 5105 806 5174 quique
846 5103 1086 5174 seipsum
1121 5102 1355 5174 appellat
1392 5112 1716 5171 peccatorem

147 5174 396 5244 primum,
420 5174 500 5228 sic
531 5171 784 5244 inquiens
811 5192 825 5228 :
861 5171 1102 5226 Christus
1129 5171 1285 5226 Jesus
1314 5175 1448 5226 venit
1476 5175 1532 5226 in
1558 5188 1716 5225 mun-

149 5244 268 5314 itum
297 5243 522 5314 rsalvare
571 5243 890 5314 peccatores,
936 5259 1159 5312 quorum
1198 5261 1290 5314 ego
1331 5246 1534 5313 primus
1579 5257 1714 5295 sum.

152 5313 265 5380 Quo
287 5313 425 5369 forte
452 5316 507 5369 in
530 5313 722 5385 primis
750 5318 991 5385 respexit
1019 5313 1239 5385 auctor,
1259 5316 1389 5367 dum
1420 5314 1716 5385 apostolos,

153 5385 461 5455 priusquam
504 5383 858 5456 eligerentur,
896 5384 1145 5456 homines
1195 5394 1358 5440 vocat
1409 5383 1558 5438 oiuni
1593 5397 1720 5456 pe_c~

152 5452 269 5537 cato
309 5452 610 5537 iniquiores
642 5476 654 5511 :
693 5471 885 5537 neque
917 5455 1065 5509 enim
1094 5456 1391 5537 quidquam
1426 5452 1718 5537 nos__cogit,

154 5534 213 5597 ut
239 5526 303 5580 de
332 5524 589 5597 omnibus
615 5540 670 5582 et
689 5524 920 5597 singulis
949 5524 1210 5595 apostelis
1238 5524 1292 5579 id
1314 5526 1399 5597 ab
1417 5540 1483 5580 co
1512 5524 1721 5597 dictum

155 5595 533 5669 intelligamus.
557 5596 699 5665 Quid
728 5593 875 5669 quod
899 5593 1037 5651 duos
1065 5596 1529 5669 luculentissimos
1558 5593 1721 5669 hqjus

157 5666 222 5722 ab
250 5660 697 5739 auctoreino'stro
726 5660 950 5739 prolata:
974 5668 1257 5722 sententia:
1284 5676 1561 5739 patronos,
1593 5660 1722 5739 (Iri-

158 5752 336 5811 genem
381 5748 435 5795 et
482 5733 869 5813 Hieronymum
910 5738 965 5793 in
1011 5733 1600 5809 promptu-habemus.
1629 5733 1722 5789 llle

1816 4537 2010 4591 saltem
2053 4536 2119 4589 ad
2157 4534 2559 4604 antiquitatem,
2591 4533 2719 4604 quid
2769 4548 2961 4586 omnes
3007 4532 3110 4604 viri
3142 4531 3407 4604 ecclesia-

1816 4607 1935 4661 stici
1984 4601 2343 4661 εθηεθτίηι.“›
2376 4602 2548 4657 Porro
2600 4603 2888 4671 utriusque
2934 4601 3247 4656 testimonio
3295 4603 3403 4655 vim

1815 4677 2015 4731 addere
2056 4676 2267 4729 videtur
2311 4673 2368 4729 S.
2424 4673 2663 4728 Joannes
2718 4672 3189 4743 Chrysostomus;
3245 4672 3406 4739 cujus

1816 4748 1981 4801 verba
2015 4747 2141 4801 licet
2176 4747 2243 4801 de
2288 4746 2406 4800 solo
2432 4744 2683 4813 apostolo
2716 4742 2885 4796 Paulo
2913 4742 3229 4807 efferantur,
3264 4744 3403 4795 mire

1815 4826 1997 4871 tamen
2025 4817 2092 4871 ad
2121 4824 2356 4870 mentem
2390 4815 2631 4868 auctoris
2668 4814 2839 4867 nostri
2879 4815 3170 4882 quadrare,
3221 4827 3401 4877 nemo,

1817 4896 1878 4941 ut
1917 4888 2130 4954 opinor,
2161 4886 2285 4940 ierit
2320 4885 2553 4939 inﬁcias.
2603 4883 2908 4954 Sicdigitur
2947 4883 3036 4954 ille
3078 4883 3236 4954 hom.
3268 4883 3302 4936 4
3346 4883 3404 4954 in

1820 4950 1993 5027 Epist.
2022 4958 2091 5010 ad
2116 4955 2254 5011 Tim.
2278 4972 2331 5021 v,
2355 4955 2411 5018 2,
2436 4970 2564 5024 opp.
2598 4963 2636 5007 t.
2670 4950 2913 5027 lX,pag.
2941 4952 3045 5027 569
3074 4970 3087 5006 :
3118 4971 3149 5027 _¢
3183 4950 3241 5005 Si
3275 4952 3403 5022 quis

1817 5023 1948 5098 ergo
1968 5027 2169 5081 dixerit
2193 5028 2331 5081 velle
2360 5023 2541 5095 regem
2564 5025 2822 5098 omnibus
2851 5025 3065 5098 veniam
3099 5023 3250 5098 dare,
3290 5038 3399 5075 non

1818 5093 1928 5152 tam
1960 5098 2119 5152 facile
2149 5098 2393 5162 credent,
2423 5093 2596 5149 donec
2627 5094 2864 5148 viderint
2907 5094 3152 5147 omnium
3195 5093 3405 5161 impro-

1818 5168 2105 5222 bissimum
2156 5168 2373 5221 veniam
2411 5173 2805 5219 consecutum:
2843 5165 2990 5218 nulla
3031 5163 3175 5218 enim
3214 5172 3399 5232 postea

1818 5239 2086 5293 dubitatio
2107 5238 2395 5306 supererit.
2424 5233 2536 5289 Hoc
2560 5245 2614 5289 et
2639 5233 2842 5306 Paulus
2859 5235 3013 5301 dicit,
3035 5234 3181 5306 quod
3207 5247 3403 5306 neinw

1818 5311 2008 5364 volens
2034 5304 2190 5363 Dens
2208 5309 2461 5361 homines
2493 5306 2753 5360 certiores
2796 5304 2997 5372 facere,
3030 5304 3173 5373 quod
3211 5304 3398 5357 omnia

1818 5380 1927 5435 illis
1960 5381 2256 5443 condonet,
2287 5392 2413 5431 eum
2462 5375 2557 5445 qui
2601 5376 2890 5446 plusquam
2940 5388 3132 5432 omnes
3173 5378 3400 5443 peccato

1821 5450 2095 5505 obnoxius
2126 5459 2266 5514 erat,
2291 5447 2509 5517 delegit.
2548 5464 2566 5497 ι

1894 5522 2007 5591 (21)
2040 5520 2211 5591 Epist.
2247 5515 2484 5591 Barn_ab.
2514 5530 2635 5586 cap.
2675 5515 2764 5573 12.

1895 5587 2008 5661 (22)
2039 5587 2197 5661 lbnd.,
2227 5604 2348 5657 cap.

1896 5658 2009 5731 (25)
2042 5659 2203 5730 lbid.,
2234 5673 2352 5727 cap.
2386 5658 2472 5731 19.

1899 5726 2015 5811 (24)
2043 5726 2204 5789 nam.
2229 5726 2350 5800 cap.
2382 5726 2471 5782 eo.
