3818 6216
422 285 520 341 711

1541 284 1600 337 δ.
1640 276 2006 335 BARNABAS
2045 280 2478 338 APOSTOLUS.

3595 291 3703 345 712

421 398 706 466 pulchrius
728 405 909 467 potest
929 396 1033 452 dici
1058 397 1126 452 iis
1148 412 1268 469 qum
1293 396 1383 451 hic
1410 397 1574 451 tradit
1598 406 1783 451 noster
1804 407 1997 452 auctor
2026 406 2071 461 Α
2098 396 2281 453 denuo
2331 396 2554 453 formati
2615 412 2832 464 sumus,
2881 400 3343 470 quemadmodum
3378 419 3592 460 rursus
3647 405 3701 459 in

420 490 487 543 de
540 488 768 543 miriﬁca
803 489 1001 543 virtute
1044 490 1209 543 divini
1251 489 1578 543 sacramenti
1627 488 1993 557 baptismatis.

420 579 589 635 Docet
618 581 761 635 enim
814 581 981 650 quod,
1021 581 1240 650 quando
1279 580 1659 634 descendimus
1689 580 1742 633 in
1772 596 1993 650 aquam,

419 672 564 741 pleni
616 685 807 728 sumus
846 674 1083 743 peccatis
1130 681 1184 725 et
1231 672 1517 737 sordibus;
1574 672 1666 726 sed
1713 674 1893 727 statim
1932 688 1995 727 ac

418 765 771 834 emergimus,
805 765 1099 833 incipimus
1128 759 1361 817 fructum
1395 762 1587 818 aﬂerre
1636 764 1689 817 in
1735 764 1994 820 cordibus

420 859 623 911 nostris
674 874 768 926 per
807 858 1057 910 timorem
1115 855 1205 909 Dei
1240 866 1291 909 et
1332 872 1480 923 spem
1515 855 1566 908 in
1607 854 1792 910 Jesum
1830 856 1993 909 Chri-

417 957 583 1012 stum,
610 964 772 1018 quam
800 948 1002 1017 Spiritu
1031 957 1221 1002 sancto
1248 948 1461 1002 alliante
1490 949 1752 1002 habemus
1780 967 1793 1001 :
1832 968 1849 999 ι
1882 948 1994 1003 Nos

415 1040 797 1094 descendimus
852 1040 1073 1108 quidem
1124 1040 1178 1094 in
1232 1056 1431 1109 aquam
1464 1041 1613 1117 pleni
1659 1042 1897 1110 peccatis
1941 1052 1994 1096 et

414 1132 703 1195 sordibus;
736 1130 861 1184 inde
892 1142 1070 1185 autem
1108 1132 1439 1201 emergimus
1485 1130 1721 1185 fructum
1762 1131 1994 1185 aﬂ‘eren-

413 1237 517 1291 tes,
554 1227 606 1280 in
643 1227 807 1280 corde
840 1226 1090 1280 timorem
1124 1235 1179 1280 et
1218 1243 1368 1297 spem
1415 1228 1468 1281 in
1500 1227 1685 1283 Jesum
1730 1231 1992 1285 habentes

412 1318 472 1372 in
490 1319 685 1389 spiritu
706 1320 840 1387 (25).
872 1338 890 1369 ι
913 1320 1101 1389 Ἰἰμεῖς
1126 1319 1224 1389 μὲν
1250 1320 1651 1391 καταϐαίνομεν
1666 1322 1746 1384 εἰς
1763 1317 1825 1375 τὸ
1846 1323 1993 1394 ὕδωρ

408 1404 668 1481 γέμοντες
694 1410 973 1481 ἁμαρτιῶν
1007 1411 1101 1462 καὶ
1137 1411 1328 1481 ῥύπου,
1357 1411 1449 1463 καὶ
1478 1413 1836 1483 ἀναϐαίνομεν
1864 1432 1994 1486 καρ-

408 1501 793 1573 ποφοροῦντες,
831 1503 887 1553 ἐν
910 1505 976 1572 τῇ
1003 1502 1199 1573 καρδίᾳ.
1226 1502 1317 1554 τὸν
1353 1502 1516 1571 φόϐον
1551 1506 1644 1557 καὶ
1669 1504 1766 1575 τὴν
1799 1505 1990 1559 ἐλπίδα

408 1593 488 1655 εἰς
529 1588 620 1645 τὸν
670 1590 875 1662 Ἰησοῦν
909 1592 1122 1661 ἔχοντες
1172 1594 1228 1645 ἐν
1278 1593 1355 1663 τῷ
1404 1594 1695 1665 πνεύματι.
1756 1594 1988 1651 Textum

407 1680 655 1736 Griecum
688 1682 845 1735 attuli
876 1682 965 1735 hic
989 1684 1279 1751 integrum,
1312 1684 1463 1752 quia,
1505 1695 1563 1739 ut
1594 1687 1727 1740 mihi
1752 1688 1985 1751 videtur,

407 1774 694 1828 utilitatem
725 1790 973 1845 magnam
1004 1776 1057 1827 in
1087 1792 1145 1829 re
1175 1776 1477 1845 theologica
1508 1791 1620 1846 pra:
1652 1791 1713 1832 se
1744 1776 1872 1835 fert.

477 1886 731 1943 Ostendit
760 1889 919 1943 nobis
948 1890 1035 1943 hic
1061 1899 1253 1942 auctor
1277 1888 1657 1945 excellentiam
1680 1892 1985 1947 Christiani

405 1997 572 2051 super
616 1981 935 2046 Hebraeum,
986 1981 1116 2035 dum
1178 1982 1359 2047 docet,
1417 1999 1524 2037 non
1583 1982 1839 2040 Hebraeos
1889 1985 1985 2041 sed

404 2074 747 2130 Christianos
780 2075 1126 2129 solummodo
1173 2075 1513 2132 introductos
1540 2092 1662 2132 esse
1706 2092 1736 2131 a
1782 2076 1894 2133 Deo
1929 2077 1982 2131 in

405 2159 604 2220 ter'ram
650 2165 845 2221 semini
880 2167 1115 2221 Abrahae
1157 2168 1488 2236 promissam
1526 2186 1539 2222 :
1584 2187 1603 2220 ‹
1642 2167 1830 2237 Itaque
1882 2182 1984 2222 nos

403 2273 621 2321 sumus,
668 2257 745 2312 ait
799 2258 888 2314 ille
938 2258 1155 2328 egregie
1203 2258 1341 2329 (‘26),
1383 2274 1525 2328 quos
1575 2258 1881 2315 introduxit
1929 2261 1982 2314 in

405 2360 607 2404 terram
676 2349 899 2404 bonam.
970 2369 988 2401 ι
1062 2349 1270 2405 Deinde
1334 2359 1625 2420 postquam
1689 2352 1986 2421 explicavit

401 2443 744 2512 omnia,qure
767 2442 820 2495 in
839 2442 1020 2496 Veteri
1054 2438 1405 2497 Testamento
1431 2458 1526 2511 per
1552 2444 1784 2513 ﬁguram
1815 2444 1984 2514 signi-

399 2533 637 2588 ﬁcabant
663 2542 897 2588 mortem
926 2531 1327 2602 Redemptoris,
1352 2533 1533 2598 docet,
1552 2534 1668 2590 hate
1690 2534 1984 2591 manifesta

400 2639 524 2679 esse
566 2624 919 2689 Christianis,
950 2622 1155 2679 Judzeis
1184 2640 1336 2689 vero,
1366 2640 1431 2679 eo
1463 2625 1593 2695 quia
1627 2625 1901 2691 obdurati,
1929 2636 1985 2681 et

400 2715 551 2770 dura:
580 2716 833 2780 cervicis,
863 2716 1100 2769 obscura
1134 2734 1148 2769 :
1187 2733 1204 2766 ι
1249 2713 1422 2770 Nobis
1440 2717 1661 2785 quidem
1693 2717 1980 2773 manifesta

400 2815 554 2872 sunt,
596 2805 799 2859 Judaeis
850 2815 1030 2859 autem
1088 2806 1346 2871 obscura,
1378 2808 1503 2875 quia
1540 2822 1647 2861 non
1692 2808 1984 2863 audierunt

399 2908 589 2953 Vocem
614 2899 849 2953 Domini.
875 2918 892 2950 ι
915 2898 1079 2955 Juxta
1110 2900 1255 2954 hunc
1295 2913 1575 2956 auctorem
1606 2902 1770 2973 igitur
1811 2920 1981 2961 causa

401 2990 788 3045 obcaecationis
811 2988 1123 3045 Judieorum
1152 3008 1258 3045 non
1302 2993 1409 3046 alia
1442 2992 1563 3060 fuit,
1593 3010 1757 3064 quam
1789 3012 1977 3051 eorum

2098 488 2208 541 alio
2235 490 2497 558 propheta
2538 489 2672 543 dicit
2714 508 2728 544 :
2779 490 2934 557 Ecce,
2970 494 3151 563 inquit
3200 494 3490 558 Dominus,
3538 497 3702 565 aufe-

2098 597 2215 633 ram
2252 580 2316 633 ab
2353 582 2449 648 eis,
2501 582 2604 637 hoc
2634 590 2739 646 est,
2772 584 2841 636 ab
2877 584 2959 639 eis
2990 602 3132 655 quos
3167 586 3382 642 Domini
3443 587 3699 656 Spiritus

2096 672 2432 740 providebat,
2482 673 2645 725 corda
2693 672 2925 742 lapidea,
2954 685 3004 729 et
3049 678 3331 730 immittam
3376 679 3492 731 illis
3523 681 3697 733 corda

2096 780 2287 817 carnea
2327 765 2477 833 (29);
2514 764 2644 834 quia
2697 768 2981 835 oportebat
3018 784 3143 821 eum
3198 769 3250 823 in
3315 786 3489 825 carne
3523 788 3698 841 appa-

2096 873 2237 923 rere,
2260 868 2314 912 et
2344 859 2590 913 habitare
2620 859 2675 912 in
2703 861 2864 914 nobis
2896 878 2908 913 :
2935 862 3195 930 templum
3220 863 3367 915 enim
3399 872 3694 927 sanctum,

2095 947 2292 1004 fratres
2325 952 2450 1017 mei,
2472 950 2703 1005 Domino
2725 961 2808 1006 est
2827 952 3092 1007 habitatio
3115 955 3299 1009 cordis
3325 954 3533 1008 nostri.
3573 974 3593 1005 ι
3631 952 3698 1007 Et

2094 1041 2221 1095 alibi
2244 1040 2395 1111 (50):
2434 1061 2452 1092 ι
2482 1042 2789 1111 Antequam
2819 1042 2929 1107 Deo
2957 1044 3473 1107 crederemus,erat.
3503 1044 3696 1099 cordis

2096 1129 2267 1182 nostii
2307 1130 2645 1185 domicilium
2682 1134 3020 1201 corruptioni
3065 1134 3388 1200 obnoxium,
3411 1144 3472 1187 et
3507 1136 3689 1187 imbe-

2095 1221 2237 1287 cille,
2261 1222 2329 1276 ad
2372 1223 2598 1277 modum
2647 1224 2833 1292 templi
2870 1240 2994 1279 vere
3024 1241 3119 1294 per
3152 1242 3349 1279 manus
3377 1227 3642 1279 atdilicati
3673 1244 3687 1278 :

2094 1312 2311 1379 plenum
2342 1312 2609 1381 siquidem
2635 1327 2752 1367 erat
2777 1315 3045 1369 idolorum
3078 1317 3247 1377 cultu,
3266 1325 3318 1369 et
3339 1328 3463 1370 erat
3484 1317 3689 1370 domus

2092 1402 2525 1469 dremoniorum;
2563 1419 2674 1473 quo
2705 1404 2926 1470 faceret,
2956 1424 3295 1477 quazcunque
3321 1407 3435 1461 Deo
3461 1418 3687 1462 contra-

2094 1490 2175 1545 ria
2230 1500 2381 1547 sunt.
2416 1492 2801 1549 JEdiﬁcahitur
2847 1511 3027 1551 autem
3075 1498 3126 1551 in
3166 1501 3389 1554 nomine
3434 1499 3683 1554 Domini.

2093 1580 2392 1648 Attendite,
2421 1592 2481 1637 ut
2506 1586 2765 1654 templum
2796 1585 3011 1641 Domini
3042 1590 3325 1659 magniﬁce
3350 1592 3682 1648 aediﬁcetur.

2093 1670 2415 1737 Quomodo?
2442 1675 2669 1731 discite:
2697 1688 2918 1748 accepta
2947 1681 3268 1735 remissione
3292 1694 3678 1751 peccatorum,

2018 1753 2060 1808 Β
2088 1773 2143 1818 et
2182 1782 2278 1836 spe
2308 1768 2492 1823 habita
2534 1770 2586 1823 in
2636 1788 2835 1825 nomen
2872 1772 3108 1840 Domini,
3138 1776 3263 1831 facti
3305 1794 3508 1833 sumus
3534 1782 3678 1843 ltm'i,

2089 1857 2283 1913 iterum
2316 1860 2385 1914 ab
2414 1861 2630 1931 integro
2660 1866 2831 1919 creati
2858 1884 2870 1919 :
2897 1883 3067 1935 quare
3099 1868 3151 1921 in
3175 1870 3461 1925 domicilio
3491 1884 3681 1927 nostro

2086 1964 2212 2003 vere
2270 1950 2414 2007 Deus
2467 1954 2685 2021 existit;
2749 1957 2956 2012 habitat
3006 1959 3059 2012 in
3116 1961 3291 2015 nobis.
3351 1962 3683 2027 Quomodo?

2085 2043 2312 2096 verbum
2342 2045 2461 2114 ejus
2498 2048 2642 2113 ﬁdei,
2689 2049 2905 2103 vocatio
2950 2050 3071 2119 ejus
3129 2053 3554 2120 promissionis,
3590 2072 3679 2108 sa-

2085 2133 2287 2203 pientia
2313 2134 2789 2205 justiﬁeationum,
2821 2143 3075 2195 mandata
3122 2143 3390 2197 doctrinae
3421 2164 3433 2196 :
3473 2145 3597 2214 ipse
3624 2149 3674 2199 in

2086 2226 2245 2280 nobis
2286 2229 2603 2297 prophetat;
2659 2231 2774 2300 ipse
2828 2232 2883 2285 in
2940 2233 3101 2287 nobis
3156 2233 3469 2298 inhabitat;
3514 2239 3674 2291 morti

2085 2318 2318 2374 addictis
2349 2322 2507 2376 nobis
2534 2324 2709 2392 aperit
2734 2323 2879 2378 fores
2921 2325 3128 2394 templi,
3170 2326 3221 2380 id
3253 2337 3338 2382 est
3372 2344 3473 2391 os;
3523 2331 3676 2386 nobis

2084 2409 2179 2463 dat
2214 2412 2612 2480 pmnitentiam,
2644 2416 2832 2487 sicque
2870 2417 3176 2473 introduxit
3199 2419 3253 2473 in
3284 2422 3559 2490 templum
3595 2424 3677 2479 in-

2085 2512 2429 2571 corruptum.
2465 2522 2486 2557 ι

2154 2614 2231 2669 De
2261 2616 2610 2675 confessione
2647 2632 2828 2676 autem
2866 2624 2953 2679 hie
2995 2634 3188 2679 auctor
3215 2643 3509 2697 exponens
3539 2646 3675 2702 prte-

2083 2718 2242 2777 eepta
2269 2710 2393 2765 vitae
2431 2714 2682 2779 moralia,
2713 2723 2768 2768 et
2809 2716 2978 2770 vitam
3017 2718 3178 2783 lueis,
3202 2720 3281 2774 sic
3317 2722 3397 2774 ait
3420 2734 3555 2791 post
3578 2740 3676 2779 ca!-

2085 2810 2200 2857 tera
2238 2822 2253 2858 :
2297 2823 2317 2856 ε
2371 2806 2733 2863 Contiteberis
2775 2822 2996 2879 peccata
3036 2820 3148 2877 tua,
3181 2830 3288 2867 non
3340 2818 3582 2873 accedes
3608 2819 3672 2872 ad

2083 2897 2386 2951 orationem
2419 2907 2567 2952 tuam
2594 2899 2647 2953 in
2680 2901 3016 2957 conscientia
3051 2906 3193 2959 mala
3225 2906 3363 2973 (51).
3405 2924 3424 2958 ι

2152 2986 2438 3043 Disserens
2466 3001 2652 3044 noster
2677 3000 2869 3046 auctor
2894 2992 2961 3047 de
2991 2995 3204 3049 duabus
3235 2996 3339 3050 viis
3370 3000 3670 3067 oppositis,

401 3084 809 3153 praevaricatio,
868 3092 924 3139 et
949 3085 1077 3153 quia
1136 3084 1368 3139 rebelles
1412 3084 1629 3139 fuerant
1655 3087 1823 3140 verbo
1866 3086 1983 3143 Dei.
2013 3095 2056 3155 c
2088 3076 2228 3133 ιιιοῖδ
2250 3088 2304 3133 ει
2341 3080 2713 3146 tenebrarum.
2739 3082 2857 3137 dari
2883 3084 2959 3137 ait
2991 3088 3212 3155 angelos
3239 3087 3440 3153 b0n08,
3468 3100 3527 3144 et
3558 3107 3677 3145 ma-

403 3168 646 3230 Tandem
679 3176 813 3230 dicit
850 3174 1068 3245 Moysen
1111 3190 1238 3229 vere
1274 3176 1553 3245 accepisse
1581 3176 1794 3231 tabulas
1816 3177 1979 3245 legis;

400 3272 496 3325 sed
531 3270 657 3338 quia
691 3268 899 3323 Hebrrei
933 3277 1155 3338 propter
1183 3282 1375 3323 eorum
1414 3268 1792 3323 inﬁdelitatem
1828 3270 1980 3339 digni

403 3377 511 3415 non
544 3358 783 3424 fuerant,
805 3358 1140 3413 Christianis
1179 3360 1390 3413 traditae
1427 3372 1578 3423 sunt,
1632 3360 1725 3429 qui
1761 3376 1854 3415 eas
1888 3376 1983 3430 per

400 3468 599 3506 manus
625 3449 924 3505 Salvatoris
969 3459 1320 3519 acceperunt,
1348 3459 1403 3505 et
1429 3451 1500 3504 ob
1525 3451 1737 3506 inﬁnita
1787 3452 1979 3507 merita

399 3542 674 3612 passionis
703 3541 821 3610 ejus
856 3558 870 3595 :
911 3558 930 3592 ι
968 3542 1191 3611 Accepit
1225 3542 1409 3611 itaque
1445 3541 1679 3612 Moyses,
1709 3542 1813 3611 ipsi
1850 3557 1981 3597 vero

400 3634 551 3704 digni
586 3648 692 3687 non
726 3632 964 3687 fuerunt.
996 3631 1282 3698 Quomodo
1324 3648 1426 3687 nos
1468 3634 1840 3701 habuerimus,
1897 3634 1977 3688 di-

402 3727 558 3781 scite.
586 3725 799 3796 Moyses
822 3739 945 3779 cum
972 3733 1117 3779 esset
1144 3723 1403 3790 famulus,
1429 3739 1523 3778 eas
1550 3725 1791 3794 accepit;
1820 3725 1980 3780 nobis

402 3827 583 3872 autem
616 3818 731 3886 ipse
766 3817 1051 3879 Dominus,
1079 3817 1167 3872 cui
1208 3832 1402 3872 sumus
1431 3818 1483 3871 in
1511 3818 1772 3887 populum
1804 3818 1978 3872 luere-

401 3910 612 3976 ditatis,
641 3910 866 3965 tradidit
900 3926 995 3979 pro
1020 3909 1179 3964 nobis
1216 3925 1411 3977 passus
1443 3909 1739 3979 (27);»loca
1767 3910 1902 3975 haec,
1926 3918 1981 3964 et

401 4002 467 4058 ad
501 4002 752 4071 pietatem
795 4002 1066 4068 alliciunt,
1106 4010 1162 4055 et
1213 4010 1455 4054 mentem
1502 4000 1783 4055 erudiunt.
1830 4000 1978 4055 Fieri

402 4092 611 4161 nequit,
644 4100 704 4144 ut
741 4092 886 4145 serio
927 4099 983 4145 et
1031 4100 1236 4144 attento
1277 4091 1462 4144 animo
1494 4089 1696 4160 aliquis
1719 4090 1837 4145 loca
1864 4091 1979 4145 haec

400 4192 703 4255 percurrat,
743 4184 877 4252 quin
917 4183 1079 4237 simul
1128 4182 1347 4251 plurimi
1393 4180 1559 4237 faciat
1600 4182 1976 4236 excellentiam

401 4286 603 4333 nostra:
634 4276 957 4341 vocationis,
980 4286 1035 4329 et
1064 4283 1343 4329 auctorem
1367 4274 1529 4343 hujus
1546 4275 1752 4345 diligat.
1780 4275 1980 4329 Caveat

401 4380 584 4424 autem
612 4368 992 4437 unusquisque
1013 4375 1287 4430 nostrum,
1319 4381 1387 4420 ne
1417 4364 1726 4419 Iudaeorum
1752 4366 1979 4420 calami-

401 4472 566 4518 tatem
599 4464 843 4517 incurrat
867 4471 920 4515 et
950 4476 1046 4530 per
1074 4459 1350 4530 propriam
1384 4457 1755 4511 inﬁdelitatem
1788 4472 1848 4511 se
1887 4458 1975 4510 ina-

401 4554 626 4625 diguum
666 4552 857 4606 reddat
889 4550 1105 4620 magnis
1143 4549 1229 4603 his
1268 4547 1619 4611 utilitatibus,
1659 4562 1782 4617 quae
1809 4546 1975 4601 Chri~

401 4647 707 4699 stianorum
732 4642 1050 4712 religionem
1090 4640 1443 4694 comitantur.

471 4753 928 4812 Justilieationem
972 4768 1067 4821 per
1112 4750 1633 4815 renovationem,ac
1660 4764 1843 4803 veram
1888 4764 1978 4806 re-

403 4849 720 4904 missionem
751 4855 1095 4916 peccatorum
1128 4843 1268 4908 ﬁeri,
1294 4842 1600 4897 clarissime
1633 4843 1797 4897 etiam
1824 4844 1982 4899 docet

404 4941 495 4995 hic
518 4948 730 5002 auctor,
756 4938 831 4992 ita
856 4937 1105 4991 scribens
1128 4934 1241 5001 (‘28)
1279 4952 1291 4988 :
1325 4952 1343 4984 ί
1378 4929 1481 4988 Ubi
1512 4948 1647 5005 ergo
1670 4950 1772 4990 nos
1800 4934 1976 4990 refor-

404 5033 595 5099 mavit,
617 5045 714 5103 per
742 5029 1120 5085 remissionem
1142 5037 1493 5097 peccatorum
1518 5027 1715 5093 eﬁ‘ecit,
1735 5036 1795 5081 ut
1811 5029 1974 5083 aliam

404 5123 637 5178 formam
688 5120 1038 5186 haberemus,
1079 5119 1315 5173 animam
1360 5133 1556 5187 nempe
1588 5118 1781 5187 puerili
1814 5118 1974 5174 simi-

402 5213 534 5281 lem,
587 5213 704 5283 ipse
755 5211 903 5266 enim
962 5211 1213 5266 formavit
1278 5224 1400 5266 nos.
1442 5208 1582 5265 Ecce
1636 5209 1801 5280 igitur
1874 5225 1975 5266 nos

477 5468 589 5539 (25)
616 5468 787 5539 Epist.
819 5467 1077 5533 Barnab.,
1104 5482 1225 5538 cap.
1260 5464 1453 5534 ll,sub
1484 5464 1669 5519 ﬁnem.

478 5543 591 5607 (26)
623 5539 780 5601 lbid.,
816 5554 937 5607 cap.
978 5540 1031 5592 6.

479 5609 985 5681 (27)tbut,cap.o.

480 5678 593 5749 (28)
623 5678 842 5745 Ibidem,
872 5694 989 5749 cap.
1020 5678 1104 5731 14.

480 5748 595 5823 (29)
630 5749 823 5805 Ezech.
853 5765 911 5815 ιι,
942 5748 1027 5805 19.

2088 3170 2210 3225 los:
2238 3186 2473 3240 quorum
2520 3174 2704 3242 primi,
2743 3176 2839 3244 qui
2880 3187 3010 3231 sunt
3046 3179 3199 3233 missi
3240 3196 3270 3233 a
3303 3179 3677 3245 Deo,ducunt

2085 3276 2187 3316 nos
2221 3278 2315 3331 per
2338 3264 2457 3318 vias
2495 3265 2669 3329 lucis;
2698 3267 2789 3319 alii
2826 3283 2975 3333 vero,
3000 3270 3092 3339 qui
3139 3281 3268 3325 sunt
3301 3274 3549 3328 ministri
3577 3276 3677 3332 Sa-

2084 3359 2244 3416 tanae,
2264 3364 2507 3422 praesunt
2529 3354 2629 3409 via:
2652 3356 2998 3412 tenebrarum
3030 3378 3043 3413 :
3070 3380 3085 3408 ι
3116 3359 3217 3414 Uni
3250 3362 3532 3431 siquidem
3551 3367 3678 3434 (vim

2084 3440 2246 3508 lucis)
2287 3442 2566 3511 praepositi
2602 3453 2733 3499 sunt
2769 3446 2911 3501 lucis
2944 3450 3269 3513 consiliarii,
3320 3454 3508 3522 angeli
3542 3453 3674 3520 Dei;

2083 3534 2238 3588 alteri
2269 3550 2400 3590 vero
2432 3536 2803 3606 (tenebrarum
2835 3537 2969 3605 vim)
2992 3542 3182 3615 ‘angeli
3216 3542 3434 3599 Satanaz
3462 3546 3621 3614 (52);
3652 3566 3672 3599 ι

2081 3628 2237 3683 locus
2267 3628 2357 3683 hic
2393 3629 2543 3683 velut
2584 3630 2869 3684 imlubium
2915 3630 3039 3686 ﬁdei
3087 3635 3463 3688 testimonium
3502 3640 3678 3692 tradi-

2083 3720 2248 3776 tionis
2278 3721 2421 3776 circa
2444 3723 2759 3793 angelorum
2791 3725 3096 3779 custodiam
3126 3727 3329 3795 suscipi
3362 3728 3551 3784 debet.
3581 3730 3678 3785 Vi—

2081 3816 2332 3872 debimus
2381 3817 2523 3872 infra
2578 3827 2777 3887 pneter
2830 3829 3111 3873 auctorem
3168 3820 3333 3890 hujus
3379 3822 3674 3892 Epistulae,

2081 3908 2219 3963 alios
2272 3908 2461 3963 haberi
2492 3918 2704 3963 veteres
2752 3908 3009 3965 Ecclesiae
3043 3909 3254 3971 Patres.
3281 3912 3375 3981 qui
3433 3915 3678 3972 dist'nc‘

2080 3999 2283 4054 tionem
2315 3999 2458 4054 hanc
2485 4008 2693 4069 ponunt
2734 4001 2910 4056 bonos
2934 4002 3075 4056 inter
3107 4012 3159 4056 et
3199 4004 3373 4058 malos
3413 4009 3674 4076 angelos,

2080 4091 2268 4145 habito
2336 4100 2590 4161 respectu
2643 4092 2709 4146 ad
2760 4094 3065 4148 custodiam
3114 4111 3278 4164 quam
3342 4096 3677 4157 hominibus

2080 4191 2362 4253 praestant.

2154 4294 2181 4367 ς
2213 4292 2303 4350 1V.
2350 4294 2426 4348 De
2478 4294 2677 4349 Veteris
2733 4294 3056 4350 Testamenti
3088 4296 3451 4367 abrogatione,
3485 4317 3676 4358 neces-

2080 4385 2238 4437 sitate
2280 4385 2333 4437 in
2360 4383 2544 4437 Iesum
2575 4385 2942 4440 Christum.—-
2963 4385 3120 4440 Circa
3137 4385 3303 4467 thus
3334 4390 3675 4448 Testamen-

2082 4488 2195 4529 tum
2229 4486 2421 4531 auctor
2452 4476 2708 4546 Epistola:
2736 4478 3025 4533 ostendere
3054 4492 3285 4534 conatur
3309 4482 3671 4541 inutilitatem

2080 4577 2137 4624 et
2190 4569 2621 4624 ineilicacitatem
2671 4570 3066 4625 sacriﬁciorum
3111 4581 3165 4625 et
3209 4577 3672 4632 ceremoniarum

2081 4661 2283 4715 veteris
2312 4661 2480 4732 legis;
2503 4661 2792 4732 docetque,
2816 4661 2983 4716 Deum
3016 4664 3199 4717 omnia
3227 4665 3341 4719 inec
3364 4668 3671 4734 repuliSse,

2083 4760 2144 4805 ut
2171 4752 2350 4807 locum
2374 4752 2599 4807 haberet
2626 4753 2833 4807 oblatio
2864 4754 3101 4808 humana
3124 4753 3251 4808 Jesu
3283 4754 3517 4824 Christi,
3542 4774 3674 4827 quae

2083 4844 2426 4898 necessitatis
2446 4844 2637 4913 jugum
2668 4860 2777 4899 non
2804 4844 3033 4914 imponit
3067 4864 3079 4897 :
3119 4864 3135 4896 ε
3173 4845 3299 4901 Iftec
3320 4862 3454 4917 ergo
3486 4865 3671 4905 vacua

2087 4933 2233 5000 fecit,
2267 4934 2445 5004 inquit
2483 4935 2593 5002 ille,
2624 4944 2683 4989 ut
2713 4950 2854 4990 nova
2904 4937 2990 4990 lex
3043 4936 3257 4991 Domini
3309 4941 3487 4994 nostri
3530 4939 3670 4996 Jcsu

2083 5024 2309 5087 Christi.
2343 5042 2466 5096 quae
2518 5025 2638 5081 sine
2653 5027 2785 5097 jugo
2841 5028 3177 5084 necessitatis
3218 5038 3322 5095 est,
3357 5031 3666 5086 humanam

2085 5115 2284 5171 habeat
2311 5118 2642 5171 oblationem
2669 5117 2805 5187 (55).
2840 5136 2859 5169 ι
2884 5116 3081 5188 Jugum
3108 5121 3230 5186 hoc,
3257 5136 3367 5191 quo
3394 5132 3551 5176 caret
3574 5122 3666 5177 lex

2082 5209 2418 5280 evangelica,
2461 5209 2597 5263 nihil
2646 5208 2796 5264 aliud
2843 5210 3127 5281 est,juxta
3163 5212 3311 5267 hunc
3346 5221 3663 5282 auctorem,

2151 5463 2263 5533 (50)
2294 5462 2467 5533 _Epist.
2497 5460 2813 5533 Barn..cap.
2858 5459 2943 5515 16.

2147 5531 2712 5601 (51)lth,eap.l9.

2171 5601 2716 5669 52)lth,cap.i4.

2170 5675 2261 5747 55)
2293 5671 2453 5738 lbid.,
2488 5688 2606 5740 cap.
2637 5672 2692 5724 2.
