3818 6216
79 226 207 281 713

1457 220 1996 319 PROLEGOMEN

3264 223 3371 280 7H
3406 190 3415 202 ’

78 358 269 413 quam
324 342 550 413 spiritus
606 342 921 411 servitutis,
976 358 1072 415 per
1116 358 1282 414 quam
1336 342 1682 407 servitutem,
1715 344 1761 402 Α
1790 342 2084 412 superius:
2123 340 2342 411 «jQuia,
2369 340 2568 412 inquit,
2608 339 2654 396 si
2686 339 2741 394 in
2790 338 2937 393 hunc
2971 351 3081 392 non
3119 352 3372 407 sperave-

76 443 382 489 vetustum
446 433 629 489 fuadus
672 449 701 487 a
741 449 883 487 novo
928 433 1253 498 secernitur,
1289 432 1447 501 juxta
1497 429 1685 483 divum

76 525 333 581 Paulum
387 525 455 580 ad
517 525 739 581 Galatas
807 526 1043 579 aientem
1087 543 1099 578 :
1138 523 1288 577 State
1327 523 1383 576 in
1435 521 1683 575 libertate

77 618 381 690 Evangelii
427 618 557 673 Jesu
588 617 812 683 Christi,
842 629 891 672 et
920 617 1084 671 nolite
1128 618 1323 671 iterum
1342 616 1475 686 jugo
1524 614 1689 670 servi-

79 712 231 766 tutis
276 711 540 765 contineri
569 710 719 781 (54);
757 724 870 779 quo
902 724 1034 764 sane
1063 712 1116 762 in
1156 708 1278 762 loco
1320 714 1487 776 patet,
1540 705 1687 774 Apo-

75 803 304 857 stolum
331 803 476 873 loqui
493 803 560 857 de
585 802 700 872 lege
723 801 946 873 Moysis.
972 801 1134 855 Addit
1157 800 1318 870 paulo
1337 797 1477 853 infra
1500 806 1686 852 noster

77 896 189 950 hic
248 908 465 963 auctor,
508 894 729 966 Moysen
790 892 1018 964 fregisse
1066 893 1281 949 tabulas
1320 890 1582 961 lapideas,
1630 890 1685 942 in

75 990 304 1059 quibus
354 990 441 1045 lex
483 998 642 1045 vetus
680 999 799 1044 erat
829 987 1110 1058 inscripta,
1139 1002 1250 1042 non
1281 995 1342 1041 ut
1373 984 1689 1041 ostenderet

76 1091 314 1137 tantum
344 1080 585 1137 Hebraais
614 1081 790 1136 fmdus
821 1096 946 1135 cum
979 1079 1090 1134 Deo
1116 1079 1313 1133 initum
1350 1092 1447 1148 per
1493 1092 1684 1131 eorum

78 1174 467 1229 idololatriam
529 1175 767 1229 solutum
823 1188 966 1238 esse,
1011 1172 1173 1228 sicuti
1222 1171 1459 1240 explicat
1506 1169 1687 1225 locum

78 1266 248 1321 hunc
282 1265 480 1337 Fleury
512 1267 648 1337 (55),
685 1267 779 1321 sed
811 1273 871 1324 ut
898 1280 1054 1319 amor
1086 1262 1213 1319 Jesu
1245 1263 1448 1318 Christi
1484 1263 1537 1317 in
1567 1277 1691 1317 cor-

77 1358 262 1412 dibus
322 1358 526 1413 nostris
575 1357 1013 1428 consignaretur,
1069 1375 1087 1407 ‹
1136 1365 1190 1411 et
1224 1356 1455 1427 projecit
1477 1356 1690 1427 Moyses

76 1448 321 1503 tabulas
374 1449 617 1519 lapideas
645 1450 712 1504 de
744 1448 999 1503 manibus
1046 1449 1185 1515 suis,
1227 1458 1286 1502 ut
1318 1448 1534 1504 dilectio
1561 1446 1689 1502 Jesu

78 1542 460 1612 consignctur
513 1542 569 1596 in
604 1542 920 1613 praecordiis
954 1540 1154 1597 vestris
1187 1541 1323 1612 (56).
1366 1560 1384 1591 ι
1422 1539 1564 1595 Fieri
1596 1553 1691 1593 ne-

78 1636 241 1706 quit,
272 1635 407 1705 quin
452 1634 810 1707 dignoscatur
860 1633 914 1687 in
962 1632 1087 1700 hoc,
1122 1641 1176 1687 et
1221 1633 1275 1687 in
1325 1646 1491 1701 supra
1526 1632 1690 1687 allato

77 1738 251 1784 textu
276 1728 571 1784 diversitas
597 1731 737 1784 inter
754 1727 865 1782 duo
882 1725 1256 1793 Testamenta,
1276 1740 1400 1795 quae
1420 1724 1475 1779 in
1490 1722 1689 1779 timore

79 1839 156 1877 ac
199 1822 495 1877 dilectione
548 1822 725 1890 posita
780 1828 885 1876 est.
921 1818 1111 1875 Timor
1148 1816 1409 1873 Hebraeos
1437 1817 1688 1889 respicit;

79 1913 328 1969 dilectio
356 1910 724 1967 Christianos.

1789 433 2148 504 rint,semper
2172 434 2612 489 debellabuntur.
2646 452 2665 484 ι
2696 430 2814 485 Duo
2848 431 2964 484 haec
2987 430 3108 485 loca
3140 427 3369 483 maximi

1790 538 1921 584 sunt
1952 532 2236 595 momenti,
2266 540 2321 586 et
2355 546 2421 587 ex
2468 530 2557 586 his
2600 526 2911 592 innotescit,
2944 541 3195 595 quaenam
3224 534 3373 581 esset

1789 623 2028 678 ﬁdelium
2071 640 2225 679 mens
2257 624 2434 695 primo
2467 623 2724 679 Ecclesiae
2752 638 2867 677 aevo
2902 621 3047 677 circa
3074 620 3374 677 necessita-

1786 723 1894 769 tem
1952 715 2142 787 gratize
2196 716 2539 772 medicinalis
2567 714 2890 780 Salvatoris,
2920 713 3041 769 ﬁdei
3078 714 3133 767 in
3166 712 3371 784 ipsum,

1787 808 2017 879 ejusque
2046 809 2430 871 mediationis,
2455 808 2618 862 etiam
2653 814 2779 861 ante
2807 805 3270 862 lncarnationem.

1866 896 2059 965 Quoad
2108 899 2252 954 diem
2281 898 2505 953 Sabbati
2549 899 2603 953 in
2639 898 2755 969 lege
2798 895 3001 968 Moysis
3041 908 3371 967 prmecptum

1788 1000 1849 1045 ut
1876 992 1989 1047 Deo
2016 1009 2258 1058 sacrum,
2286 1001 2471 1047 noster
2494 992 2585 1046 hic
2612 1002 2804 1047 auctor
2825 991 3005 1058 docet,
3028 990 3374 1046 Christiano-

1788 1099 1910 1137 rum
1938 1081 2241 1139 Sabbatum
2274 1099 2397 1139 esse
2423 1083 2566 1137 diem
2592 1091 2871 1145 octavum,
2897 1083 2992 1152 qui
3032 1090 3116 1137 est
3145 1081 3263 1137 dies
3282 1097 3371 1135 re-

1790 1178 2150 1232 surrectionis
2177 1176 2305 1231 Jcsu
2338 1176 2581 1231 Christi:
2618 1194 2636 1227 ι
2661 1176 2811 1229 Diem
2858 1184 3111 1229 octavum
3155 1174 3208 1228 in
3238 1173 3376 1227 laeti-

1791 1270 1864 1327 tia
1896 1272 2133 1341 agimus,
2154 1270 2209 1324 in
2230 1286 2342 1340 quo
2359 1268 2519 1324 Jesus
2542 1267 2840 1323 resurrexit
2862 1283 2890 1321 a
2922 1267 3155 1321 mortuis
3183 1265 3320 1336 (40);
3348 1283 3368 1317 ι

1791 1362 1938 1431 quod
1970 1377 2102 1417 sane
2133 1377 2232 1431 pro
2255 1362 2433 1432 primo
2462 1358 2721 1415 Ecclesiae
2752 1360 2953 1415 smculo
2995 1368 3199 1414 attenta
3237 1375 3373 1415 con-

1793 1452 2129 1507 sideratione
2158 1452 2386 1522 dignum
2435 1460 2540 1506 est.
2632 1448 2830 1505 Verum
2872 1450 3114 1505 declarat
3152 1450 3376 1519 insuper

1792 1545 1988 1600 eodem
2017 1544 2164 1611 loco,
2197 1544 2434 1598 alterum
2457 1543 2575 1598 dari
2609 1541 2910 1596 Sabbatum
2948 1542 3176 1597 omnino
3212 1543 3378 1612 spiri-

1793 1638 1962 1701 tuale,
1989 1637 2134 1706 quod
2158 1645 2242 1691 est
2269 1636 2485 1690 initium
2524 1644 2741 1691 aeterna:
2773 1634 2899 1689 vita:
2922 1675 2938 1701 ,
2971 1634 3132 1689 sicuti
3163 1633 3375 1689 Sabba-

1792 1739 1909 1785 tum
1936 1730 2419 1792 Christianorum;
2473 1743 2576 1782 nos
2612 1743 2679 1781 ex
2715 1727 2820 1781 hoc
2867 1724 3108 1781 Sabbato
3139 1726 3207 1781 ad
3238 1726 3372 1781 illud

1796 1822 2038 1889 tendere,
2076 1821 2298 1891 quando
2335 1820 2562 1874 veniens
2584 1816 2757 1872 Filius
2789 1825 3007 1887 tempus
3031 1817 3208 1889 iniqui
3235 1818 3373 1873 abo-

1791 1912 1945 1976 lebit,
2006 1927 2073 1966 ac
2116 1910 2391 1981 judicabit
2444 1910 2661 1980 impios.
2702 1918 2756 1964 et
2802 1908 3036 1965 mutabit
3083 1909 3255 1966 solem
3310 1925 3378 1967 ac

160 2005 335 2060 Circa
388 2002 889 2068 circumcisionem,
920 1999 1085 2055 tradit
1113 2008 1303 2054 auctor
1333 2013 1453 2053 eam
1488 2012 1686 2052 vanam
1788 2004 1979 2058 lunam
2010 2004 2340 2072 stellasque:
2367 2001 2513 2071 quod
2548 2000 2773 2071 quidem
2819 1999 3121 2054 Sabbatum
3170 2002 3378 2072 poteri-

80 2112 225 2151 esse
250 2095 371 2151 sine
395 2092 814 2149 circumcisione
830 2092 1032 2157 cordis,
1056 2100 1110 2147 et
1135 2090 1240 2145 ﬁde
1262 2090 1313 2144 in
1345 2089 1545 2144 Filium
1567 2088 1684 2144 Dei.

80 2187 310 2244 Iudaeis
343 2187 467 2242 dein
517 2195 645 2241 ante
672 2186 861 2242 oculos
907 2184 1061 2253 ponit
1089 2183 1323 2239 Abraha:
1350 2182 1685 2252 exemplum,

84 2278 191 2348 qui
231 2277 470 2348 primus,
502 2277 701 2347 inquit,
740 2274 1244 2331 «circumcisionem
1287 2273 1454 2340 dedit,
1483 2272 1539 2328 in
1572 2274 1688 2343 spi-

84 2372 208 2427 ritu
236 2368 579 2439 prospiciens
602 2365 657 2421 in
675 2364 893 2431 Filium,
907 2364 1251 2421 circumcidit
1272 2371 1498 2433 accepto
1522 2362 1686 2417 trium

86 2461 415 2519 litterarum
449 2458 778 2514 documento
809 2455 943 2528 (5'7),
978 2475 997 2507 ι
1053 2464 1162 2511 etc.
1206 2453 1340 2509 Eam
1372 2462 1553 2509 autem
1584 2455 1683 2508 cir.

87 2550 505 2610 cumcisionem
546 2563 731 2603 veram
764 2561 887 2603 esse
913 2546 1257 2601 demonstrat
1283 2560 1418 2615 qua,
1445 2556 1608 2598 aures
1638 2551 1693 2596 et

88 2660 196 2701 cor
240 2639 486 2697 hominis
535 2638 1077 2704 circumciderentur,
1119 2646 1175 2692 ct
1222 2636 1405 2691 taliter
1460 2634 1690 2694 dociles,

88 2733 426 2791 obedientes
453 2730 840 2795 redderentur;
870 2727 1351 2783 circumcisionem
1398 2741 1529 2780 vero
1564 2738 1688 2778 cor—
1740 2746 1741 2749 η

90 2827 257 2900 poris
288 2826 437 2881 illam
472 2839 581 2878 non
614 2836 757 2889 esse,
781 2838 947 2893 quam
970 2821 1117 2877 Deus
1144 2820 1516 2891 principaliter
1538 2834 1693 2872 man-

90 2921 331 2976 dasset:
354 2936 373 2970 ‹
405 2916 563 2982 Nam,
586 2915 785 3009 inquit,
811 2930 1001 2969 omnes
1028 2912 1175 2984 Syri,
1193 2905 1698 3009 Arabes,A§gyptii,
1716 2952 1759 3009 ο

93 3015 384 3071 idolorum
445 3008 740 3066 sacriﬁculi
793 3017 922 3063 sunt
960 3004 1309 3070 circumcisi;
1347 3018 1479 3057 num
1505 3012 1687 3056 autem

92 3109 273 3163 etiam
309 3105 430 3161 ideo
457 3104 526 3159 de
554 3101 759 3157 fmdere
785 3100 973 3155 divino
1012 3097 1250 3169 antiqui,
1284 3096 1369 3151 vel
1396 3094 1523 3150 novi
1558 3092 1694 3149 Tes-

95 3198 341 3257 tamenti
364 3194 724 3267 participant?
757 3212 776 3245 ι

172 3290 487 3346 Occasione
534 3294 751 3354 sumpta
783 3282 852 3338 ab
886 3296 973 3347 eo,
999 3279 1148 3352 quod
1180 3277 1414 3335 refertur
1457 3279 1513 3334 in
1544 3277 1691 3333 Exo-

98 3388 173 3442 do
189 3384 334 3457 (58),
359 3381 569 3438 scilicet
595 3378 742 3449 quod
759 3375 970 3431 Hebraei
994 3381 1299 3443 pugnantes
1324 3380 1518 3426 contra
1537 3370 1696 3424 Ama-

98 3481 327 3544 lecitas,
359 3473 675 3540 vincebant,
702 3485 828 3526 cum
864 3468 1070 3523 levaret
1098 3465 1314 3537 Moyses
1344 3479 1575 3530 manus;
1608 3463 1694 3518 sin

101 3582 296 3628 autem
320 3567 601 3639 paululum
628 3563 948 3625 remisisset,
964 3559 1259 3630 superabat
1273 3556 1515 3621 Amalec,
1530 3555 1697 3612 tradit

104 3668 203 3721 hic
258 3672 474 3729 auctor,
508 3679 529 3713 ε
565 3657 825 3715 debuisse
864 3654 1145 3709 lsraelitas
1192 3650 1320 3705 inde
1366 3662 1697 3719 cOgnoscere

104 3760 348 3816 salutem
375 3751 636 3822 consequi
664 3764 775 3804 non
797 3762 958 3817 posse
988 3743 1095 3799 nisi
1128 3758 1223 3813 per
1245 3756 1396 3812 spem
1431 3740 1485 3794 in
1506 3738 1696 3795 Jesum

102 3850 430 3914 Christum;
471 3853 527 3901 et
572 3859 669 3915 per
711 3855 864 3911 spem
921 3838 977 3892 in
1030 3837 1177 3891 hunc
1218 3832 1490 3905 reportari
1536 3848 1700 3903 posse

105 3943 404 4001 victoriam
447 3940 519 3995 ab
547 3937 809 3993 inimicis.
842 3932 956 3988 Cur
1000 3929 1138 3985 hoc?
1176 3949 1194 3981 ι
1243 3928 1320 3983 ait
1350 3927 1439 3982 ille
1469 3924 1699 3995 loquens

108 4038 181 4093 de
199 4034 437 4091 historia
453 4033 617 4087 modo
631 4030 795 4085 allata
820 4027 957 4097 (59),
980 4024 1125 4096 Πρὸς
1152 4022 1236 4089 ei;
1272 4040 1289 4073 ι
1303 4019 1375 4076 Ut
1402 4034 1701 4091 cognosce-

110 4137 259 4195 rent,
300 4147 321 4181 ι
358 4126 508 4182 illico
542 4121 857 4193 respondet,
888 4138 907 4171 ι
960 4117 1110 4188 quod
1142 4132 1249 4171 non
1289 4123 1544 4186 poterant
1582 4129 1701 4170 ser-

109 4221 255 4287 vari,
305 4218 415 4274 nisi
468 4231 565 4288 per
609 4229 762 4285 spem
796 4213 850 4267 in
888 4210 1041 4265 illum
1081 4228 1101 4262 ι
1132 4207 1396 4280 (Jesum);
1430 4217 1486 4264 et
1534 4208 1701 4278 paulo

288 4479 420 4550 )Ad
455 4476 630 4532 Galat.
683 4492 736 4541 v,
770 4478 824 4543 Ῡ.
859 4476 911 4530 l.

192 4477 313 4625 gf?)
437 4546 457 4601 l
492 4546 653 4625 Hist;
672 4546 801 4625 eccl.

217 4546 313 4605 55)
339 4550 403 4602 T.
437 4546 457 4601 l
492 4546 636 4601 Hist.
672 4546 801 4601 eccl.

193 4552 315 4687 (55;
339 4552 403 4602 T.
438 4552 457 4601 l
492 4552 636 4601 Hist.
672 4552 801 4601 eccl.

190 4622 290 4690 (56
343 4620 580 4690 Barnab.
616 4616 968 4690 Epist._,rcap.
996 4618 1052 4673 4.

192 4683 310 4764 (57)
336 4689 494 4764 lbid.,
517 4704 567 4743 c.
589 4690 644 4764 9.
662 4683 1121 4764 'Cl._'l‘illeinontio
1150 4683 1486 4741 etMarechal
1515 4691 1706 4764 nostro

120 4752 571 4834 reprehensione
595 4759 683 4834 hic
721 4759 918 4827 dignus
947 4758 1162 4834 videtur
1198 4764 1409 4834 auctor,
1428 4755 1571 4823 quod
1604 4752 1705 4834 Ju-

122 4824 259 4889 daeis
315 4824 791 4885 circumcisionem
845 4829 1028 4883 carnis
1083 4827 1261 4897 magis
1303 4840 1467 4892 quam
1523 4824 1706 4897 cordis

117 4902 482 4976 jactantibus,
538 4905 767 4976 reponat
804 4913 851 4976 _:_
884 4925 949 4976 -_—-
1006 4893 1199 4951 Umnis
1222 4896 1483 4976 _Syrus_et
1508 4893 1702 4976 Arabs,

121 4963 179 5030 ἔτι
225 4986 423 5029 omnes
467 4963 775 5025 sacerdotes
804 4968 1096 5034 idolorum,
1143 4968 1237 5021 sed
1280 4963 1339 5019 et
1377 4963 1615 5034 Egyptii
1648 4965 1704 5017 in

123 5041 775 5101 circumcisiouesunt,—
796 5054 1065 5107 quaerens,
1118 5053 1186 5090 an
1238 5036 1380 5090 forte
1426 5046 1481 5089 et
1521 5036 1607 5088 isti
1640 5035 1706 5088 de

125 5117 485 5169 Testamento
510 5111 635 5163 sint.
671 5106 871 5161 Verum
903 5124 1009 5163 non
1034 5108 1191 5161 video
1216 5106 1515 5176 quidquam
1548 5120 1703 5176 erro:

123 5200 296 5239 neum
331 5182 385 5235 in
422 5181 543 5233 hoc.
586 5178 659 5233 De
690 5177 995 5248 Pythagora
1026 5180 1193 5248 totius
1222 5175 1540 5248 idololatriae
1561 5175 1704 5248 apud

124 5256 353 5309 Graecos
374 5260 711 5329 mystagogo,
730 5245 944 5329 legitur,
971 5250 1115 5329 quod
1147 5245 1703 5329 fueritcircumcisus,

126 5337 189 5380 ut
220 5325 406 5379 abdita
435 5315 748 5389 ingrediens
773 5315 1174 5390 Egyptiorum,
1207 5317 1493 5390 mysticam
1523 5315 1703 5369 disce-

128 5406 214 5450 ret
270 5386 706 5464 philosophiam,
742 5386 1145 5444 ritus—scilicet
1193 5386 1587 5464 saeriliciorum
1642 5400 1705 5439 ac

99 5456 633 5532 consecratum-mm.
666 5459 775 5514 Nec
815 5472 1017 5530 pugnat
1046 5470 1235 5513 auctor
1275 5456 1620 5532 cumseipse
1651 5465 1706 5509 et

103 5547 256 5591 cum
300 5534 579 5600 Scriptura
642 5533 709 5585 ab
758 5524 1162 5601 ipso'allegata,
1186 5544 1292 5598 qua
1323 5526 1522 5581 dicitur
1554 5524 1704 5579 Jerc-

129 5608 257 5660 mia:
294 5602 633 5659 IXIIOIIIIICS
675 5600 865 5674 gentes
912 5600 1310 5674 incircumcisze
1353 5607 1482 5651 sunt
1512 5611 1701 5674 carne,

129 5677 316 5733 omnis
346 5686 526 5729 autent
558 5666 755 5727 tlonfus
784 5670 948 5728 Israel
983 5669 1367 5727 incircumciso
1402 5666 1703 5731 cordepibi

456 5771 729 5829 PATnOL.
763 5767 877 5825 Gn.
930 5766 1006 5828 ll.

1794 2109 1919 2149 mus
1948 2108 2051 2148 nos
2089 2091 2191 2162 ipsi
2224 2103 2478 2146 sanctum
2508 2090 2765 2156 reddere,
2803 2090 2962 2160 juxta
3004 2092 3154 2146 hunc
3184 2098 3377 2145 aucto-

1792 2199 1932 2249 rem,
1956 2197 2053 2253 per
2073 2182 2214 2237 bona
2239 2195 2401 2251 opera
2433 2182 2488 2234 in
2516 2182 2769 2251 praasenti
2794 2182 2902 2235 vita
2931 2182 3190 2237 exercita.
3222 2200 3241 2233 ι
3263 2180 3376 2236 Ρο-

1794 2275 2025 2330 terimus
2057 2314 2072 2327 .
2100 2314 2113 2329 .
2144 2314 2159 2328 .
2189 2313 2203 2327 .
2236 2312 2251 2327 .
2309 2280 2440 2327 tunc
2469 2272 2724 2327 eumdem
2772 2272 2915 2328 diem
2948 2282 3201 2329 sanctum
3252 2272 3377 2327 red-

1794 2366 1946 2433 dere,
1978 2365 2081 2437 ipsi
2110 2366 2267 2436 prius
2293 2366 2468 2422 sancti
2493 2365 2692 2421 effecti.
2735 2385 2754 2417 ι

1868 2451 2060 2507 Tradit
2090 2454 2313 2524 insuper
2342 2462 2539 2509 auctor
2562 2454 2671 2521 hic,
2698 2455 2843 2526 quod
2871 2456 2925 2511 in
2962 2472 3055 2511 sex
3104 2472 3377 2513 annorum

1794 2547 2038 2603 millibus
2061 2548 2593 2603 consummabuntur
2624 2551 2880 2605 [universa
2907 2570 2920 2605 :
2954 2552 3143 2623 sicque
3166 2552 3220 2607 id
3246 2568 3377 2623 pro-

1794 2640 1887 2694 bat
1915 2641 2052 2711 (4i):
2093 2657 2113 2691 ι
2140 2640 2440 2707 Advertite,
2475 2641 2610 2709 ﬁlii,
2664 2642 2796 2711 quid
2844 2644 2991 2699 dicat
3022 2645 3373 2718 (Scriptura):

1792 2731 2212 2788 Consummavit
2258 2734 2613 2803 (creationem
2659 2738 2871 2808 mundi)
2901 2739 2957 2793 in
3002 2756 3098 2795 sex
3147 2742 3375 2796 diebus:

1793 2825 1899 2881 hoc
1921 2827 2075 2893 dicit,
2108 2827 2239 2897 quia
2262 2831 2448 2883 omnia
2470 2830 2880 2885 consummabit
2906 2830 3167 2887 Dominus
3195 2834 3249 2887 in
3278 2848 3377 2889 sex

1794 2917 2034 2973 millibus
2061 2933 2370 2986 annorum;
2414 2922 2557 2990 apud
2596 2923 2749 2976 illum
2806 2920 2923 2977 dies
2967 2925 3378 2995 aaquiparantur

1794 3011 1941 3065 mille
1970 3013 2131 3067 annis
2147 3052 2162 3078 ,
2183 3021 2241 3067 ut
2258 3012 2490 3082 ipsemet
2511 3023 2744 3069 testatur
2762 3014 2840 3087 (i'n
2859 3015 3138 3089 Psalmis),
3155 3018 3373 3073 dicens:

1759 3100 1929 3155 .Ecce
1959 3100 2244 3157 hodiernus
2277 3104 2389 3160 dies
2431 3109 2528 3161 erit
2578 3116 2833 3180 tanquam
2879 3106 3023 3164 mille
3064 3112 3191 3164 anni
3238 3111 3377 3182 (42);

1795 3194 1999 3265 itaque,
2017 3194 2137 3260 ﬁlii,
2154 3195 2208 3250 in
2234 3211 2328 3251 sex
2352 3211 2621 3251 annorum
2646 3197 2889 3255 millibus
2908 3203 3381 3257 consummabun-

1796 3293 1887 3340 tur
1916 3286 2194 3341 uuiversa.
2235 3305 2253 3338 ι
2290 3284 2418 3341 Haec
2445 3288 2635 3357 Opinio
2667 3289 2795 3343 licet
2830 3290 3110 3361 aliquibus
3133 3294 3378 3364 singula-

1796 3378 1874 3433 ris
1895 3377 2066 3433 videri
2095 3386 2294 3448 potest,
2312 3378 2673 3435 nihilominus
2694 3381 2882 3451 plures
2899 3380 3158 3437 Ecclesiae
3186 3382 3378 3440 Patres

1797 3467 1988 3522 habuit
2014 3478 2469 3540 propugnatores.
2531 3470 2836 3526 Autumant
2881 3474 3046 3528 etiam
3098 3476 3376 3544 nonnulli,

1797 3560 2114 3631 opinionem
2142 3561 2284 3617 hanc
2305 3577 2368 3616 ex
2402 3561 2701 3633 Scripturis
2725 3580 2887 3635 posse
2911 3567 3292 3637 comprobari,
3323 3577 3379 3624 et

1799 3653 1983 3722 aliqua
2004 3652 2124 3722 ejus
2147 3654 2378 3725 vestigia
2405 3655 2595 3711 haberi
2636 3658 2691 3712 in
2724 3656 2969 3728 Epistola
3006 3657 3070 3713 D.
3120 3657 3277 3715 Pauli
3308 3662 3380 3717 ad

1800 3742 2059 3800 Hebrteos
2083 3745 2219 3817 (45),
2234 3747 2326 3801 ubi
2352 3750 2406 3803 in
2424 3747 2514 3802 die
2535 3748 2766 3816 septima
2794 3757 2848 3804 et
2876 3751 2930 3805 in
2962 3749 3201 3808 Sabbato
3221 3762 3383 3808 aeter-

1800 3853 1930 3892 nam
1952 3838 2198 3909 requiem
2229 3838 2501 3910 designat.
2533 3840 2649 3912 Ego
2679 3851 2863 3897 autem
2903 3845 3174 3915 optimum
3214 3847 3380 3915 duco,

1800 3931 1939 3986 nihil
1970 3932 2073 3986 hac
2102 3932 2157 3986 in
2189 3933 2495 4002 quaestione
2546 3948 2876 4003 proponere,
2908 3952 2974 3993 ac
3000 3937 3129 3994 Jesu
3159 3940 3383 3996 Christo

1801 4025 2083 4081 adhzerere
2131 4034 2187 4079 et
2241 4024 2364 4094 ejus
2410 4024 2677 4095 apostolis
2722 4027 3068 4098 docentibus,
3106 4032 3381 4090 neminem

1803 4118 2045 4180 novisse,
2076 4132 2195 4187 qua:
2215 4114 2381 4170 Pater
2400 4117 2573 4185 posuit
2600 4119 2656 4170 in
2704 4128 2982 4189 potestate,
3018 4130 3073 4176 et
3105 4126 3385 4193 quomodo

1802 4218 2048 4267 extrema
2078 4208 2197 4264 dies
2227 4216 2455 4263 ventura
2487 4210 2580 4274 sit,
2629 4212 2787 4281 cujus
2817 4216 3182 4282 praecedentia
3226 4217 3384 4289 signa

1808 4472 1953 4529 enim
2008 4469 2247 4540 gentium
2283 4467 2506 4525 nomine
2544 4468 2725 4524 solum
2774 4468 3155 4540 intelliguntur
3213 4469 3386 4528 Phili-

1807 4542 1962 4598 sthaai
1984 4538 2331 4611 Syro—Graeci
2350 4549 2513 4609 atque
2528 4540 2905 4611 Alexandrini.
2918 4538 3052 4594 Nam
3071 4541 3387 4601 immediate

1807 4610 2061 4682 praecedit
2092 4610 2291 4664 ibidem
2325 4610 2681 4682 comminatio
2706 4610 3039 4665 visitationis
3062 4611 3261 4668 divina:
3285 4630 3385 4671 su-

1806 4680 1906 4752 per
1936 4681 2253 4752 Egyptum,
2283 4689 2338 4752 et
2368 4695 2533 4747 super
2576 4680 2891 4752 ldumazam,
2924 4690 2987 4752 et
3002 4696 3165 4750 super
3186 4682 3381 4752 Edom,

1806 4749 1861 4805 et
1911 4749 2074 4821 super
2100 4751 2243 4806 ﬁlios
2270 4749 2541 4821 (Ammon.
2585 4750 2880 4814 Arabibus,
2923 4749 3275 4821 IEthiopibus
3328 4749 3384 4810 et

1807 4820 2114 4887 Nubianis,
2188 4820 2421 4890 aliisque
2455 4889 2458 4890 ν
2495 4820 2748 4889 plurimis
2813 4820 3158 4877 communem
3213 4824 3385 4881 fuisse

1806 4894 2101 4963 quamdam
2152 4889 2653 4963 circumcisionem,
2709 4890 2917 4963 scilicet
2972 4892 3249 4963 politicam
3319 4911 3385 4951 ac

1808 4960 2114 5032 profanam,
2156 4976 2222 5015 ex
2266 4976 2431 5015 causa
2460 4961 2638 5032 plane
2675 4960 2933 5032 naturali,
2968 4960 3139 5017 Jobus
3182 4963 3385 5020 Ludol-

1806 5028 1949 5102 phus
1984 5034 2322 5105 demonstrat
2346 5032 2397 5083 in
2419 5028 2770 5105 _/Etli_iopici_s,
2795 5028 3000 5105 Judieis
3026 5042 3206 5087 autem
3241 5054 3381 5105 pra:-

1807 5101 1963 5172 cepta
1987 5102 2165 5172 fuitin
2189 5101 2529 5171 signaculum
2549 5102 2669 5152 liuei
2696 5103 2763 5155 de
2788 5102 3065 5156 nescituro
3088 5118 3154 5158 ex
3177 5101 3384 5159 seinine

1805 5171 2039 5227 Abrahae
2098 5171 2324 5237 Messio;
2373 5172 2521 5240 quod
2575 5180 2769 5226 auctor
2820 5181 3011 5227 uoster
3068 5177 3385 5232 nullatenus

1806 5254 1984 5297 necat.

1899 5314 1989 5383 58)
2015 5313 2145 5383 Cap.
2166 5328 2299 5383 xvii,
2319 5312 2473 5381 v.11.

1900 5379 1990 5453 59)
2013 5379 2179 5437 Barn.
2218 5379 2415 5453 Epist.,
2446 5396 2566 5450 cap.
2597 5379 2686 5436 12.

1899 5452 1998 5525 40),
2029 5453 2211 5525 Ibid..,
2245 5468 2295 5507 c.
2331 5452 2416 5507 15.

1875 5526 1988 5593 (ιε)
2026 5524 2164 5577 lbid.

1880 5595 1994 5664 (42)
2034 5594 2237 5649 Psalm.
2276 5609 2502 5664 LXXXIX,
2529 5596 2583 5650 4.

1881 5666 2003 5736 (45)
2048 5665 2215 5735 Epist.
2236 5666 2305 5721 ad
2337 5663 2613 5736 llehrwos,
2637 5682 2755 5738 cap.
2779 5684 2848 5723 iv.

3011 5759 3089 5815 ‘28
