3818 6216
430 260 535 317 715

1582 260 1640 313 S.
1678 252 2048 312 BARNABAS
2090 252 2521 313 APOSTOLUS.

3600 249 3717 303 7Ιῦ

432 385 796 455 prmnuntiant
826 384 1072 455 quidem,
1128 393 1343 455 tempus
1394 392 1574 437 autem
1609 398 1718 435 non
1749 380 2006 435 deterrui"
2036 382 2086 439 Α
2112 387 2336 448 possent
2366 376 2421 432 in
2461 381 2836 445 contemptum
2861 368 3163 443 religionis,
3203 376 3419 423 tantum
3463 382 3722 438 progre-

433 489 585 542 uaut,
614 478 776 533 sicuti
810 478 1227 547 percgitauctor
1257 476 1421 546 hujus
1447 473 1721 546 Epistolar.

685 590 823 641 ΛΜ.
866 590 933 643 ll.
966 619 1035 627 —
1082 588 1480 643 Observationes
1511 586 1759 639 mora/es.

506 677 804 734 Videamus
831 680 1013 745 modo,
1044 696 1165 750 quae
1187 680 1333 735 circa
1360 694 1537 733 mores
1565 677 1742 731 tradat
1779 674 1869 729 hic
1904 690 2005 728 au-

435 779 575 823 ctor.
600 767 732 824 Post
770 768 1176 825 distinctionem
1206 769 1440 823 duarum
1472 769 1707 832 viarum,
1733 781 1871 835 quas
1910 780 2009 819 su-

436 876 535 931 pra
565 860 886 926 memoravi,
915 862 1204 931 utriusque
1235 872 1397 916 notas
1426 860 1669 916 exhibet.
1702 856 2010 925 lnsigniora

438 952 577 1007 lucis
608 966 774 1021 opera
798 962 962 1006 sunt:
1020 952 1130 1006 imo
1153 951 1378 1022 diligere
1412 952 1723 1023 proximum
1758 957 2009 1003 nostrum

436 1043 725 1113 plusquam
780 1058 881 1099 nos
911 1043 1327 1114 ipsosUDiliges
1350 1044 1657 1114 proximum
1681 1052 1831 1097 tuum
1862 1042 2012 1111 plus—

436 1149 601 1204 quam
626 1133 866 1189 animam
898 1143 1046 1188 tuam
1075 1133 1443 1205 (44).!Agitur
1491 1135 1601 1200 hic,
1634 1143 1692 1188 ut
1717 1134 2012 1202 unicuique

436 1224 748 1291 innotescit,
771 1223 838 1280 de
867 1225 1158 1280 dilectione
1185 1240 1309 1295 erga
1343 1227 1675 1296 proximum,
1700 1241 1822 1295 quae
1844 1226 2011 1280 vitam

437 1317 602 1372 etiam
626 1318 780 1371 daret
808 1333 906 1387 pro
937 1318 1057 1387 ejus
1089 1318 1288 1382 salute,
1323 1320 1371 1372 si
1399 1320 1619 1389 quando
1654 1334 1774 1375 sese
1797 1318 2008 1389 praebe-

438 1419 521 1465 ret
540 1410 796 1477 occasio;
845 1420 894 1465 et
919 1411 1048 1465 licet
1071 1411 1274 1481 gradus
1302 1412 1390 1467 hic
1413 1413 1719 1470 dilectionis
1749 1414 1801 1468 in
1831 1412 2012 1483 peric--

439 1503 705 1558 ctioribus
752 1503 928 1558 solum
961 1503 1363 1569 adinveniatur,
1420 1506 1780 1562 nihilominus
1801 1516 2012 1561 certum

438 1605 613 1649 estex
660 1592 979 1662 Scripturis,
1040 1603 1093 1647 et
1142 1609 1207 1648 ex
1240 1594 1557 1662 traditione,
1585 1596 1652 1651 ad
1682 1596 1825 1650 hanc
1876 1595 2009 1651 dile-

440 1685 675 1741 ctionem
701 1700 891 1740 omnes
914 1685 1120 1739 Christi
1155 1685 1339 1741 fideles
1383 1688 1437 1741 in
1474 1702 1672 1758 genere
1723 1689 1918 1754 teneri,
1957 1697 2012 1742 et
2045 1725 2087 1783 Β

439 1790 697 1844 peccare,
733 1775 862 1829 dum
908 1776 1231 1832 occasiones
1256 1777 1536 1848 negligunt
1562 1780 1628 1833 ad
1674 1780 2010 1849 implendum

441 1875 793 1937 praeceptum,
819 1874 964 1938 quod
991 1870 1312 1924 naturaliter
1334 1871 1452 1925 lluit
1480 1886 1543 1925 ex
1571 1882 1844 1942 praecepto
1879 1872 2014 1927 dile-

443 1962 639 2018 ctionis
654 1978 778 2033 erga
796 1961 985 2017 Deum.
1015 1962 1288 2017 Tenemur
1311 1964 1533 2034 diligere
1554 1966 1864 2035 proximum
1890 1982 2014 2038 pro-

442 2062 561 2122 pter
588 2054 780 2122 Deum,
811 2064 866 2109 et
890 2055 1054 2110 Deum
1088 2056 1267 2126 ipsum
1302 2058 1355 2111 in
1381 2068 1569 2113 nostro
1608 2061 1860 2128 proximo
1891 2061 2015 2116 dili-

443 2148 655 2218 gimus:
688 2147 1131 2218 atquisinﬁciari
1166 2149 1406 2216 audebit,
1440 2150 1638 2206 debere
1662 2168 1762 2207 nos
1791 2153 2015 2223 diligere

447 2238 615 2293 Deum
647 2239 932 2309 plusquam
956 2256 1056 2296 nos
1086 2241 1255 2310 ipsos,
1286 2250 1341 2295 et
1380 2244 1704 2314 sanguinem
1736 2244 2016 2300 effundere

444 2340 663 2400 propter
697 2332 817 2402 ejus
855 2334 1135 2388 amorem?

510 2420 737 2490 Oportet
760 2423 1004 2478 secundo
1041 2425 1454 2481 communicare
1492 2426 1545 2480 in
1588 2429 1845 2485 omnibus
1888 2445 2014 2484 cum

444 2514 718 2583 proximo,
744 2527 799 2569 et
822 2516 959 2569 nihil
983 2516 1265 2586 proprium
1294 2519 1549 2574 retinere:
1582 2538 1601 2570 ι
1632 2521 2019 2577 Communica-

445 2606 529 2659 bis
558 2606 611 2658 in
637 2606 891 2660 omnibus
917 2621 1042 2661 cum
1094 2608 1345 2677 proximo
1384 2618 1515 2676 tuo,
1566 2626 1667 2666 nec
1715 2612 2014 2681 quidquam

449 2697 597 2752 dices
616 2697 901 2767 praprium
934 2697 1069 2768 (45).
1108 2718 1126 2750 ι
1168 2697 1349 2769 Viguit
1374 2699 1461 2754 hic
1490 2716 1608 2756 mos
1639 2704 1781 2773 apud
1810 2706 2017 2774 primos

450 2790 658 2855 ﬁdeles,
691 2798 752 2843 ut
777 2799 990 2844 constat
1033 2807 1097 2845 ex
1127 2791 1279 2846 Actis
1322 2793 1691 2862 apostolorum
1719 2798 1854 2867 (46).
1886 2797 2018 2854 Ter-

447 2883 524 2937 tio
553 2882 779 2952 diligere
825 2901 844 2933 ‹
877 2891 937 2936 ut
972 2884 1231 2953 pupillam
1259 2886 1405 2940 oculi
1426 2901 1640 2954 omnes,
1674 2908 1693 2941 ι
1729 2891 1823 2959 qui
1855 2893 2018 2948 nobis

447 2976 747 3045 loquuntur
775 2974 999 3029 verbum
1030 2975 1152 3029 Dei:
1184 2995 1201 3027 ι
1226 2975 1443 3047 Diliges,
1470 2986 1530 3032 ut
1556 2980 1817 3049 pupillam
1846 2984 2018 3050 oculi,

448 3082 667 3121 omnem
730 3066 823 3136 qui
854 3066 949 3121 tibi
972 3068 1214 3138 loquitur
1238 3070 1465 3125 verbum
1491 3070 1729 3128 Domini.
1756 3094 1775 3126 ι
1808 3074 2016 3144 Quarto
2046 3069 2092 3130 C

447 3157 694 3213 conﬁteri
753 3166 974 3229 peccata
1034 3168 1260 3215 nostra:
1326 3180 1343 3211 ι
1375 3161 1740 3221 Confiteberis
1795 3178 2016 3236 peccata

448 3258 561 3304 tua.
600 3268 617 3300 ι
652 3247 890 3304 Tandem
920 3264 1132 3318 cavere,
1148 3267 1215 3305 ne
1256 3268 1496 3322 unquam
1532 3255 1618 3309 «in
1640 3258 1891 3313 oratione
1920 3275 2015 3316 ac-

449 3344 705 3398 cedamus
727 3343 793 3397 ad
819 3341 989 3398 Deum
1020 3345 1073 3397 in
1113 3347 1448 3402 conscientia
1466 3351 1607 3404 mala
1625 3352 1760 3423 (47).
1776 3373 1797 3407 ο
1818 3352 2018 3411 Praeci-

447 3452 569 3507 puze
597 3438 679 3491 hae
729 3446 857 3491 sunt
886 3447 1027 3493 nota:
1060 3438 1159 3493 viae
1185 3439 1353 3494 lucis:
1394 3460 1412 3493 ‹
1445 3440 1569 3497 Haec
1600 3452 1703 3510 est,
1750 3446 1882 3501 dicit
1917 3464 2018 3505 au-

448 3541 588 3593 Ctor,
612 3528 699 3583 via
730 3528 889 3583 lucis.
927 3548 945 3580 ι

518 3649 662 3703 Inter
680 3660 842 3715 opera
861 3647 1233 3714 tenebrarum,
1251 3648 1576 3706 notabiliora
1597 3663 1728 3708 sunt
1749 3654 2020 3712 idolorum

448 3739 702 3804 servitus,
734 3739 1035 3805 temeritas,
1063 3740 1228 3794 elatio
1261 3745 1566 3811 potestatis,
1592 3746 1891 3815 simulatio,
1923 3766 2023 3806 cor

448 3829 670 3900 duplex,
697 3829 1082 3898 homicidium,
1115 3833 1327 3902 rapina,
1360 3835 1543 3903 dolus,
1574 3840 1780 3895 malitia
1801 3881 1814 3904 ,
1863 3859 2021 3899 arro-

449 3922 665 3994 gantia,
718 3922 1065 3989 veneﬁcium,
1124 3926 1325 3995 magia,
1389 3930 1614 3984 avaritia
1643 3973 1659 3998 ,
1706 3935 1889 3991 nullus
1926 3937 2020 3995 Dei

448 4018 633 4073 timor.
677 4015 738 4068 ln
785 4013 888 4070 hac
914 4017 1261 4071 tenebrarum
1313 4020 1399 4074 via
1430 4023 1776 4079 continentur
1817 4031 2023 4097 pariter

448 4118 823 4179 persecutores
845 4110 1139 4173 bonorum,
1162 4124 1352 4166 osores
1376 4115 1641 4181 veritatis,
1669 4128 1724 4172 et
1750 4130 2021 4181 amatores

450 4200 752 4253 mendacii:
794 4218 813 4250 ι
850 4202 908 4253 lu
943 4215 1049 4269 qua
1084 4202 1430 4258 tenebrarum
1456 4207 1544 4261 via
1569 4218 1717 4276 sunt,
1750 4212 2020 4270 bonorum

450 4301 870 4361 persecutores,
926 4305 1118 4345 osores
1186 4293 1469 4361 veritatis,
1530 4309 1805 4357 amatores
1867 4320 2024 4361 men-

2108 472 2255 525 ditur
2277 486 2405 526 cum
2434 470 2714 540 allegoria,
2735 475 2796 521 ut
2821 465 3018 520 docere
3044 461 3312 527 videatur,
3344 459 3526 514 Deum
3560 474 3721 513 nub-

2110 580 2275 633 quam
2314 563 2554 619 voluisse
2580 559 2944 632 qnorumdam
2968 556 3217 612 ciborum
3250 568 3414 609 usum
3447 551 3721 607 Hebraeis

2111 654 2474 720 interdicere;
2523 652 2618 708 sed
2639 648 2984 707 solummodo
3006 648 3288 701 horrorem
3331 644 3603 713 ingerere
3650 641 3722 695 de

2111 745 2179 800 iis
2201 746 2372 811 vitiis,
2410 760 2535 815 qua:
2560 758 2657 814 per
2692 741 2911 797 diversa
2959 740 3049 793 illa
3086 735 3340 792 animalia
3365 732 3719 804 signiﬁcan-

2109 847 2238 892 tur:
2270 856 2288 888 ι
2316 839 2529 908 Itaque,
2574 835 2652 891 ait
2703 834 2815 900 ille,
2849 832 3165 887 mandatum
3198 829 3290 883 Dei
3342 844 3458 883 nou
3490 835 3611 887 est,
3651 841 3721 878 ne

2112 930 2474 996 manducent;
2503 928 2598 984 sed
2624 924 2839 999 Moyses
2874 941 2926 980 tn
2952 924 3145 994 spiritu
3169 922 3387 977 locutus
3410 928 3505 973 est
3522 919 3680 986 (£9).
3698 937 3717 968 ι

2111 1021 2322 1092 Opinor
2356 1036 2456 1093 ego
2490 1029 2700 1075 textum
2732 1019 2878 1073 hunc
2908 1031 3018 1070 non
3074 1015 3150 1069 ita
3182 1013 3371 1069 stricte
3390 1020 3451 1065 et
3480 1011 3720 1065 littera-

2113 1115 2234 1170 liter
2258 1113 2636 1184 accipiendum
2669 1126 2812 1174 esse,
2842 1118 2903 1163 ut
2933 1123 3043 1162 non
3078 1106 3253 1177 possit
3273 1104 3331 1158 in
3377 1102 3723 1157 orthodoxe

2114 1223 2282 1263 sensu
2312 1206 2575 1278 intelligi:
2608 1205 2655 1260 si
2703 1218 2861 1258 mens
2896 1201 3041 1257 enim
3071 1200 3237 1268 hujus
3264 1194 3519 1250 auctoris
3556 1204 3722 1250 recte

2114 1300 2504 1371 perpendatur,
2533 1307 2588 1353 et
2618 1296 2765 1362 linis,
2816 1310 2979 1365 quem
3005 1292 3109 1349 sibi
3134 1288 3391 1361 proponit
3423 1304 3545 1342 una
3581 1303 3719 1343 cum

2114 1401 2231 1448 toto
2258 1400 2539 1457 contextu,
2597 1387 2759 1443 facile
2786 1386 3060 1442 constabit
3086 1394 3366 1439 auctorem
3408 1383 3469 1437 id
3530 1396 3718 1435 unum

2114 1486 2315 1541 docere
2334 1482 2499 1549 velle,
2529 1482 2739 1537 scilicet
2764 1478 3085 1535 mandatum
3112 1476 3208 1531 Dei
3240 1474 3493 1530 Hebraeis
3530 1477 3721 1543 impo-

2114 1579 2279 1633 situm
2312 1574 2623 1631 abstinendi
2659 1590 2689 1629 a
2741 1571 3069 1643 quibusdam
3110 1570 3267 1635 cibis,
3316 1584 3426 1626 non
3485 1578 3715 1623 tantum

2114 1668 2475 1723 obstrinxisse
2494 1666 2636 1730 illos,
2656 1680 2725 1719 ne
2738 1678 2865 1718 vere
2881 1678 2943 1718 ac
2958 1663 3176 1717 realiter
3192 1662 3342 1715 hisce
3358 1661 3506 1715 cibis
3518 1677 3717 1716 vesce-

2116 1769 2337 1825 rentur;
2370 1774 2558 1811 verum
2588 1759 2776 1821 etiam,
2818 1764 2878 1810 ut
2909 1770 2971 1809 ea
3002 1763 3221 1824 peccata
3252 1752 3552 1806 horrerent
3589 1768 3713 1822 qua:

2116 1853 2171 1906 in
2204 1851 2341 1905 cibis
2389 1850 2497 1905 illis
2517 1847 3007 1919 signiﬁcabantur:
3051 1846 3178 1899 hinc
3213 1844 3543 1898 immediate
3588 1855 3713 1914 post

2117 1943 2415 1999 adductum
2440 1949 2673 2005 textum»,
2704 1939 2803 2005 ait,
2838 1939 3010 1994 Deum
3034 1937 3116 1992 sic
3149 1935 3486 2006 praecepisse
3538 1936 3710 1989 absti-

2117 2035 2357 2091 nentiam
2389 2050 2418 2089 a
2443 2048 2607 2089 carne
2631 2032 2878 2102 porcina,
2899 2031 3058 2101 quasi
3089 2030 3135 2084 si
3163 2028 3413 2092 dixisset,
3446 2026 3709 2081 homines

2117 2145 2227 2184 non
2258 2128 2454 2182 debere
2489 2126 2767 2181 adhaerere
2789 2120 2875 2183 iis,
2891 2116 2982 2187 qui
2999 2112 3202 2170 similes
3216 2121 3345 2168 sunt
3358 2123 3559 2178 porcus
3574 2116 3707 2187 (50),

2118 2220 2185 2275 Ει
2214 2200 2356 2275 infra
2382 2220 2613 2289 loquens
2657 2229 2873 2284 semper
2920 2213 2988 2268 de
3040 2210 3292 2265 ciborum
3342 2207 3710 2262 distinctione

2118 2320 2390 2381 praecepta
2427 2309 2482 2362 in
2505 2308 2622 2378 lege
2645 2304 2871 2376 Moysis,
2911 2302 3103 2369 tradit,
3146 2299 3368 2353 Judteos
3421 2298 3711 2366 accepisse

2119 2402 2283 2457 verba
2309 2401 2398 2455 illa
2424 2398 2649 2470 Moysis,
2676 2413 2741 2452 ac
2770 2396 2814 2451 si
2847 2396 2913 2449 de
2931 2394 3076 2449 escis
3108 2412 3127 2443 ι
3152 2390 3489 2459 simpliciter,
3510 2408 3531 2441 ι
3564 2389 3709 2458 egis-

2120 2501 2202 2547 set
2241 2490 2379 2559 (Si).
2438 2487 2770 2543 Adverbium
2805 2489 2946 2552 hoc,
2990 2504 3008 2536 ι
3035 2483 3381 2552 simpliciter,
3410 2500 3429 2532 ι
3483 2496 3709 2535 omnem

2118 2580 2318 2636 enodat
2369 2576 2741 2634 diﬂicultatem
2792 2576 2940 2631 allati
2979 2584 3203 2638 textus;
3249 2582 3474 2627 constat
3535 2572 3707 2632 enim,

2121 2676 2269 2730 hunc
2290 2680 2569 2728 auctorem
2604 2685 2889 2739 nunquam
2914 2667 3156 2722 voluisse
3183 2664 3403 2720 Iudaeos
3424 2664 3652 2719 solutos
3682 2679 3711 2717 a

2120 2777 2391 2839 praecepto
2416 2761 2722 2819 abstinendi
2759 2760 2980 2815 realiter
3012 2774 3041 2813 a
3071 2758 3206 2814 cibis
3242 2757 3298 2810 in
3340 2757 3464 2829 lege
3503 2759 3711 2821 vetitis,

2121 2860 2215 2916 sed
2244 2860 2405 2913 unice
2439 2854 2743 2911 intendisse
2774 2869 2877 2922 ope
2905 2852 3070 2920 hujus
3119 2851 3473 2906 abstinentia:
3497 2866 3602 2906 eos
3629 2867 3712 2906 re-

2122 2950 2347 3005 trahere
2395 2963 2425 3002 a
2456 2946 2603 3000 vitiis
2629 2945 2702 2999 ibi
2737 2942 3067 2999 connotatis.

2156 3113 2298 3166 Aa'r.
2330 3108 2419 3163 lll.
2450 3140 2513 3149 —
2552 3108 2951 3164 Observationes
2975 3107 3044 3159 ad
3073 3104 3421 3177 philologiam
3454 3122 3678 3162 sacrant

2750 3190 3066 3247 spectantes.

2192 3300 2331 3356 Dum
2372 3296 2638 3352 Barnabm
2683 3305 2829 3366 gesta
2874 3291 2994 3349 fuse
3036 3294 3712 3364 prosequitur,-miraqne

2122 3392 2327 3463 ingenii
2354 3387 2677 3445 dexteritate
2723 3386 2961 3441 illustrat
2991 3386 3076 3439 vir
3122 3385 3483 3441 doctissimus
3526 3385 3712 3442 Maza-

2122 3484 2303 3548 chius,
2338 3483 2549 3552 aliquot
2571 3480 2734 3534 etiam
2778 3478 2899 3549 ejus
2928 3479 3173 3549 epistolae
3214 3480 3335 3533 loca
3357 3481 3585 3550 egregie
3612 3495 3712 3551 pro

2121 3592 2275 3632 more
2303 3590 2403 3631 suo
2433 3573 2712 3629 edisserit:
2748 3580 2809 3625 ut
2841 3571 3069 3641 proinde
3116 3586 3297 3641 opera:
3321 3572 3566 3641 pretium
3626 3588 3713 3627 uie

2124 3669 2398 3724 facturum
2426 3664 2760 3729 existimem,
2786 3664 2828 3718 si
2857 3662 3163 3718 luculentas
3187 3663 3336 3718 illius
3361 3664 3713 3720 observatio-

2124 3775 2222 3815 nes
2252 3772 2424 3813 sacrae
2450 3756 2760 3827 philologiae
2790 3756 2971 3810 studio
3002 3756 3335 3825 permultum
3382 3756 3712 3825 profuturas

2124 3853 2228 3908 hoc
2253 3852 2376 3905 loco
2404 3849 2710 3903 describam
2740 3848 2875 3917 (52).
2904 3846 3088 3902 Prima
3122 3849 3437 3905 observatio
3482 3854 3712 3920 respicit

2125 3948 2521 4012 caputsextum
2547 3938 2813 4009 epistolze,
2847 3938 2994 4006 quod
3021 3939 3101 3993 sic
3127 3938 3320 4008 incipit
3340 3940 3492 4008 (55):
3523 3959 3545 3992 ι
3586 3943 3710 3997 Ὅτε

2121 4029 2213 4087 οὖν
2241 4032 2493 4102 ἐποίησεν
2523 4030 2741 4102 ἐντολήν
2767 4069 2781 4091 ,
2815 4039 2919 4085 etc.
2952 4030 3090 4085 Cum
3117 4041 3295 4085 autem
3342 4032 3474 4088 fecit
3508 4051 3711 4105 praece-

2123 4134 2276 4197 ptum
2302 4122 2755 4194 (Christus),quid
2786 4122 2955 4176 dicit?
2984 4122 3120 4188 Quis
3146 4132 3249 4188 est,
3279 4125 3375 4193 qui
3421 4126 3709 4194 judieetur

2131 4216 2386 4272 mecum?
2420 4234 2438 4266 ι
2484 4215 2552 4268 Et
2601 4230 2723 4284 qua
2749 4230 2917 4284 porro
2938 4230 3004 4269 ex
3035 4216 3189 4270 Isaia!
3227 4232 3280 4279 ι,
3314 4216 3369 4279 8,
3420 4219 3453 4271 9
3489 4222 3704 4278 recitat.

2124 4307 2225 4363 llic
2260 4307 2548 4362 observatu
2602 4321 2710 4360 non
2763 4306 3047 4375 indignum
3098 4317 3202 4374 est,
3233 4308 3478 4381 ἐντολήν,
3510 4330 3708 4381 prae.

449 4382 591 4438 dacii
622 4382 757 4451 (48).
796 4401 815 4433 ι
875 4381 1136 4448 Quinimo
1186 4392 1241 4437 et
1300 4384 1337 4438 ii
1375 4401 1588 4453 omnes,
1656 4394 1749 4461 qui
1790 4394 2019 4467 diligunt
2054 4403 2098 4458 ι)
2127 4411 2298 4468 ptum,
2325 4397 2594 4461 absolute,
2645 4406 2699 4452 et
2729 4412 2825 4467 per
2855 4398 3234 4454 excellentiam
3280 4403 3467 4457 vocari
3532 4404 3703 4463 Patris

448 4490 610 4538 vana,
636 4484 1027 4529 consectantur
1048 4476 1544 4535 remunerationem
1563 4523 1577 4548 ,
1608 4499 1717 4538 non
1750 4485 2019 4544 miseren-

449 4573 539 4619 tur
569 4564 773 4634 inopis,
804 4579 912 4617 non
942 4563 1194 4619 laborant
1230 4564 1285 4619 in
1332 4570 1562 4637 gratiam
1616 4573 1782 4642 illius,
1814 4578 1907 4646 qui
1935 4580 2018 4635 la-

449 4654 581 4709 bore
604 4668 667 4709 ac
694 4654 956 4709 aerumnis
985 4654 1269 4712 confectus
1324 4666 1428 4725 est,
1466 4662 1534 4716 ad
1567 4664 2016 4724 obtrectationem

448 4744 709 4813 prompti,
740 4753 1059 4799 aversantes
1089 4761 1345 4816 egenum,
1391 4749 1688 4820 aﬂligentes
1735 4756 2018 4827 aﬂlictum,

455 4853 473 4883 ι
498 4834 723 4889 divitum
754 4835 1025 4901 advocati,
1052 4852 1352 4906 pauperum
1374 4840 1587 4909 judices
1634 4845 1828 4918 iniqui.
1852 4870 1872 4903 ι

522 4928 641 4981 Alio
671 4927 722 4980 in
749 4926 997 4995 ejusdem
1027 4929 1270 4998 epistolae
1317 4932 1463 5001 loco,
1487 4951 1597 5006 quo
1647 4940 1798 4997 abuti
1848 4945 2017 5017 aliqui

521 5180 633 5254 (ξρ)
672 5179 1055 5254 βρίΒπηειοη
1085 5198 1207 5254 cap.
1249 5185 1336 5239 l9.

526 5251 637 5318 (1.5)
674 5252 807 5305 Ibid.

524 5320 638 5459 (46;
672 5320 903 5375 Actuum
934 5338 1054 5392 cap.
1082 5341 1122 5379 ιι
1152 5335 1205 5380 ct
1228 5340 1301 5379 IV.

524 5391 613 5459 (47
683 5409 703 5442 ε
722 5390 837 5446 Νοη
864 5395 1088 5449 accedes
1113 5394 1178 5449 ad
1211 5411 1301 5450 ora

524 5390 638 5459 (47)
683 5390 837 5446 «Non
864 5390 1088 5449 accedes
1113 5394 1178 5449 ad
1211 5395 1513 5450 orationem
1572 5405 1723 5454 tuam
1776 5399 1918 5455 mala
1956 5399 2010 5456 iu

457 5461 870 5535 conscientia.)
931 5463 1029 5533 Ep.
1058 5464 1249 5535 Barn.,
1281 5478 1402 5535 cap.
1430 5466 1518 5521 l9.

526 5530 637 5669 (i8;
677 5530 775 5599 Ep.
810 5530 1106 5603 Bar.,—cap.
1141 5534 1232 5589 20.

526 5602 610 5659 [49
670 5603 807 5656 lbid.
836 5619 952 5669 cap.
990 5604 1075 5657 10.

426 5611 431 5615 ’
523 5602 633 5669 (49)
670 5603 807 5656 lbid.
836 5619 952 5671 cap.
990 5602 1075 5657 1οζ

416 5708 425 5717 .
520 5672 633 5744 (50)
678 5691 695 5723 c
721 5672 1061 5743 Quapropter
1083 5674 1161 5732 sic
1180 5691 1329 5731 suem
1351 5675 1444 5741 ait,
1468 5678 1628 5747 quasi
1650 5679 1874 5749 diceret,
1906 5700 2013 5738 non

2120 4489 2424 4560 jussionem
2467 4488 2533 4542 de
2562 4489 2949 4543 lncarnatione
2980 4499 3033 4543 et
3060 4500 3174 4545 toto
3204 4493 3457 4549 humana:
3480 4510 3703 4566 repara-

2121 4580 2290 4635 tionis
2333 4580 2574 4650 negotio,
2622 4584 2769 4649 quod
2798 4581 3017 4644 ὲντολὰς
3040 4582 3134 4635 τοῦ
3169 4584 3405 4656 Πατρὸς,
3440 4604 3701 4660 ρτωεεριη

2122 4669 2327 4735 Patris,
2358 4678 2516 4723 vocat
2536 4671 2651 4739 ipse
2665 4670 2915 4726 Christus
2936 4670 3095 4729 Joau.
3123 4690 3211 4738 xv,
3242 4674 3329 4740 10,
3360 4692 3424 4731 ac
3448 4677 3701 4739 fortassis

2126 4764 2395 4820 alluditur
2425 4779 2455 4817 a
2503 4763 2752 4817 Barnaba
2782 4763 2847 4817 ad
2886 4764 3016 4819 illud
3053 4766 3249 4835 psalmi
3298 4781 3492 4836 xxxix,
3540 4772 3593 4838 8,
3626 4775 3697 4829 9ε

2126 4855 2270 4912 Tunc
2302 4856 2454 4910 dixi:
2483 4854 2619 4909 Ecce
2644 4857 2791 4909 venio
2821 4898 2836 4911 .
2866 4896 2881 4911 .
2911 4896 2925 4912 .
2957 4897 2970 4911 .
3019 4868 3075 4911 ut
3128 4859 3325 4927 faciam
3376 4862 3700 4920 voluntatem

2127 4959 2491 5008 tuam:auam
2532 4948 2871 5002 voluntatem
2906 4963 3035 5003 mox
3093 4949 3257 5020 legem
3312 4964 3507 5008 vocat:
3558 4955 3697 5013 Deus

2120 5191 2429 5315 gitishﬁgzgis
2462 5190 2787 5254 hominibus.
2812 5194 3035 5267 talibus,
3060 5203 3155 5271 qui
3188 5202 3398 5261 similes
3413 5216 3545 5264 sunt
3572 5226 3697 5281 por-

2191 5332 2315 5418 (51)
2335 5348 2365 5418 _¢
2386 5329 2605 5418 'hloyses
2632 5332 2698 5418 de
2721 5336 2892 5418 Jescis
2921 5338 3025 5418 tria
3076 5342 3290 5418 decreta
3325 5346 3546 5418 locutus
3590 5362 3692 5418 est,

2116 5399 2759 5490 illi‘verolud’zeiiquasi
2804 5404 2870 5459 de
2899 5409 3043 5465 escis
3097 5399 3688 5490 θεωριίείιει-ίὲξίεέἑὶξ

2116 5479 2463 5538 acceperunt.
2494 5489 2511 5521 ι
2547 5472 2680 5524 Isin.

2120 5540 2982 5677 νὲξῗῇ’ἣτὶέζῗίὲἓὲοῗηέςτὶηιπι
3007 5567 3062 5604 ιη
3095 5563 3198 5607 vet.
3230 5553 3424 5613 Marm.
3466 5558 3689 5619 Kalend.

2189 5682 2304 5753 (53)
2347 5680 2517 5750 Epist.
2556 5680 2815 5750 Barnab.,
2855 5700 2972 5762 cap.
3016 5690 3088 5761 6,
3122 5692 3204 5746 lit.
3240 5694 3302 5751 (Ζ.
