3818 6216
153 248 248 302 717

1468 246 2001 304 PROLEGOMENA.

3269 252 3371 308 7l8

149 382 282 420 metu
315 366 471 431 volui,
493 375 541 419 et
558 364 719 435 legem
748 373 891 418 tuam
930 366 985 418 in
1009 367 1176 419 medio
1206 366 1378 420 cordis
1408 369 1528 421 mei.
1573 366 1702 421 Om-
1732 373 1776 429 Α
1808 369 2010 433 sisset,
2048 382 2115 422 ex
2161 375 2302 422 terra
2384 365 2678 421 formatum
2728 378 2850 421 esse
2899 366 3091 421 Adam.
3146 366 3210 421 Et
3254 367 3367 421 haec

148 459 271 511 nino
299 457 399 512 hac
422 457 780 527 prmeeptione
799 456 984 511 divina
1028 457 1199 526 plenae
1230 468 1360 512 sunt
1412 459 1700 528 utriusque

139 549 371 608 Ftederis
404 550 636 619 paginae:
672 551 777 603 hoc
802 558 1013 603 tantum
1052 550 1141 605 hic
1174 566 1371 604 novum
1393 592 1408 616 ,
1440 552 1587 617 quod
1634 566 1698 605 ea

148 634 233 690 hic
254 636 496 695 absolute
525 647 841 707 prwceptum
868 646 1232 707 nuncupetur.
1259 637 1327 691 At
1348 648 1503 694 vetus
1531 640 1698 693 inter-

146 742 264 797 pres
292 730 385 785 Dei
424 740 742 799 praeceptum
778 729 1035 797 reddidit,
1071 740 1129 785 ut
1151 731 1391 786 insolens
1437 732 1692 802 loquendi

146 835 305 890 genus
336 820 536 873 clarius
567 819 823 875 efﬁceret.

206 912 401 967 Eodem
427 912 482 964 in
511 913 689 981 capite
733 914 899 983 paulo
934 922 1056 983 post
1088 914 1201 984 (54)
1232 915 1457 969 recitato
1492 914 1694 987 Moysis

142 1004 446 1060 testimonio
496 1005 563 1059 de
611 1006 965 1074 adipiscenda
997 1015 1140 1060 terra
1193 1005 1396 1060 ﬂuente
1454 1007 1593 1061 lacte
1639 1016 1695 1062 et

140 1096 308 1161 melle,
339 1096 523 1150 statim
551 1096 666 1150 haec
696 1098 880 1151 subdit
908 1096 1224 1152 Barnabas:
1262 1118 1279 1149 ι
1320 1096 1462 1163 Quid
1487 1099 1631 1153 dicat
1657 1102 1690 1171 ή

139 1183 329 1247 Γνῶσις
364 1184 636 1255 (cognitio,
671 1185 784 1239 sive
814 1187 1081 1256 scientia),
1112 1188 1337 1243 discite:
1377 1189 1599 1259 Sperate
1633 1190 1691 1245 in

136 1291 271 1340 eum,
292 1277 383 1345 qui
403 1278 455 1330 in
480 1293 645 1332 carne
677 1278 1106 1334 manifestandus
1121 1290 1204 1336 est
1224 1280 1397 1346 vobis,
1424 1280 1633 1337 Jesum.
1665 1302 1685 1334 ι

135 1365 911 1436 l‘wbaswg,(scienti:e)nomine,
934 1387 1048 1424 sevo
1064 1373 1359 1440 apostolico
1388 1373 1689 1430 intellectas

134 1455 291 1511 fuisse
315 1472 548 1511 arcanas
574 1466 627 1512 et
657 1459 978 1528 allegoricas
1015 1460 1213 1513 veteris
1235 1460 1479 1515 l’tedcris
1518 1462 1687 1531 signi-

131 1548 423 1613 ﬁcationes,
456 1565 618 1604 nemo
649 1551 882 1621 ignorat.
919 1550 996 1606 Ea
1024 1562 1107 1606 est
1138 1552 1306 1605 clavis
1337 1552 1597 1620 scientiae,
1630 1554 1685 1609 in

1798 459 1962 513 etiam
2009 458 2207 513 ibidem
2255 459 2476 513 totidem
2512 457 2695 513 verbis
2725 456 2977 512 Clemens
3024 458 3190 512 refert
3240 472 3363 526 cap.

1804 549 1889 602 Vll
1935 550 2080 621 (57),
2129 550 2291 605 sicuti
2329 551 2491 605 etiam
2541 550 2596 603 in
2643 549 3000 619 sequentibus
3049 550 3361 619 capitibus,

1796 641 1999 710 pluries
2053 641 2184 695 illud
2248 641 2565 712 προσέχετε,
2622 640 2916 707 attendite,
2969 640 3359 709 intercalatur,

1794 732 1939 801 quod
1967 731 2243 801 peculiare
2271 739 2356 785 est
2384 729 2826 801 ἀλληγορούντων
2845 772 2859 795 ,
2904 730 2969 784 ad
3004 732 3357 784 attentionem

1794 822 2115 876 acuendam.
2146 821 2279 890 Cap.
2310 819 2378 873 IX
2405 820 2553 890 (58):
2595 821 2752 875 Ἀλλὰ
2789 823 2882 875 καὶ
2924 823 3032 886 πᾶς
3054 822 3221 893 Σύρος
3267 821 3360 874 καὶ

1796 912 1979 983 ’Ἄραψ
2019 912 2113 965 καὶ
2142 912 2341 974 πάντες
2363 912 2412 964 οἱ
2440 912 2601 983 ἱερεῖς
2622 912 2731 966 τῶν
2760 912 2990 966 εἰδώλων
3009 952 3024 977 ,
3070 922 3201 979 etc.,
3236 928 3361 981 quae

1792 1004 1872 1058 sic
1894 1003 2082 1057 Latine
2129 1004 2291 1056 vertit
2331 1002 2412 1055 vir
2455 1001 2796 1058 clarissimus
2825 1002 3128 1058 Cotelerius
3167 1003 3359 1057 doctor

1793 1094 2197 1150 Sorbonicus...
2257 1115 2275 1146 ι
2335 1096 2533 1149 Verum
2564 1104 2617 1148 et
2645 1096 2825 1149 omnis
2859 1093 3029 1165 Syrus
3057 1102 3111 1148 et
3139 1094 3314 1148 Arabs
3336 1131 3355 1161 ,

1789 1194 1844 1242 et
1880 1202 2071 1242 omnes
2118 1186 2388 1241 idolorum
2436 1187 2748 1242 sacerdotes
2794 1187 3281 1241 circumciduntur.
3327 1203 3348 1237 ι

1790 1276 1922 1344 Qua:
1947 1277 2142 1331 merito
2170 1277 2541 1331 diliicultatem
2567 1284 2843 1332 crearunt.
2871 1275 3071 1331 Verum
3104 1277 3219 1332 haec
3244 1292 3355 1331 non

1789 1379 1918 1425 sunt
1948 1370 2015 1424 ad
2049 1370 2377 1424 severiorem
2418 1370 2677 1424 trutinam
2710 1370 2971 1437 exigenda
2992 1410 3009 1437 ,
3048 1370 3142 1425 sed
3174 1387 3355 1441 παχυ-

1784 1463 1979 1532 τέρως,
2013 1460 2381 1527 crassiuscule,
2406 1460 2719 1531 accipienda
2766 1464 2914 1516 hunc
2948 1460 3116 1517 ferme
3148 1462 3203 1516 in
3236 1477 3358 1516 moc

1785 1552 1951 1607 dum:
1983 1549 2172 1618 Quivis
2202 1550 2407 1622 Syrus,
2449 1551 2629 1621 quivis
2664 1551 2875 1618 Arabs,
2909 1552 3088 1621 quivis
3129 1553 3357 1609 simula-

131 1656 231 1710 qua
271 1642 375 1697 sibi
425 1643 563 1713 legis
604 1643 811 1712 peritos
847 1644 1119 1713 placuisse
1145 1685 1161 1709 ,
1192 1643 1445 1699 Christus
1479 1647 1685 1701 notavit
1717 1710 1743 1713 ᾗ
1785 1659 2003 1699 crorum
2056 1644 2312 1699 sacerdos
2360 1642 2838 1698 circumcisionem
2890 1644 3145 1698 admittit.
3198 1646 3349 1700 Aut:

131 1730 254 1800 (53).
281 1730 350 1785 At
388 1710 501 1785 hoc
533 1710 767 1801 amplius
801 1710 889 1787 hic
917 1733 1421 1799 animadvertimus,
1454 1735 1679 1803 Γνῶσιν,

1785 1733 1863 1789 Ne
1904 1734 2028 1806 Syri
2070 1734 2293 1804 quidem
2328 1743 2383 1789 et
2416 1734 2622 1789 Arabes
2650 1743 2704 1789 et
2730 1733 2945 1804 profani
2978 1734 3290 1791 sacerdotes
3318 1750 3351 1790 a

128 1826 408 1889 scientiam,
433 1826 593 1896 quasi
635 1827 834 1881 librum
874 1826 1063 1889 citari,
1103 1836 1157 1881 et
1196 1842 1262 1881 ex
1297 1843 1363 1883 eo
1392 1830 1561 1883 verba
1592 1829 1683 1884 illa

128 1916 379 1985 proferri:
411 1915 669 1987 Sperate,
701 1926 806 1972 etc.
840 1916 996 1983 Quod
1035 1919 1254 1987 quidem
1300 1934 1365 1973 ex
1405 1918 1686 1975 Clemente

127 2007 483 2062 Alexandrino
519 2008 675 2078 (56),
710 2008 882 2063 multo
923 2016 1007 2063 est
1046 2009 1353 2063 evidentius
1375 2050 1391 2075 ,
1427 2010 1523 2064 ubi
1569 2009 1685 2065 haec

127 2098 277 2152 verba
304 2114 371 2152 ex
400 2097 652 2152 Barnaba
676 2099 755 2152 sic
780 2100 1102 2163 recitantur,
1128 2107 1186 2151 ut
1213 2098 1397 2170 φησίν,
1424 2099 1569 2169 quod
1594 2099 1685 2153 hic

124 2190 283 2255 deest,
308 2191 653 2259 suppleatur:
680 2188 821 2256 Quid
838 2190 984 2245 dicat
1003 2190 1491 2260 cognitio,disrite:
1504 2190 1685 2245 Ἐλπι-

126 2301 260 2349 care,
289 2287 473 2356 φησὶν,
508 2286 602 2338 ἐπὶ
627 2283 719 2337 τὸν
765 2292 895 2351 etc.,
922 2284 1163 2355 Sperate,
1195 2283 1405 2354 inquit,
1450 2288 1507 2340 in
1530 2301 1680 2349 eum,

122 2385 238 2443 etc.,
260 2378 540 2446 utisupra.
576 2373 678 2430 Ubi
707 2372 1116 2439 animadvertis,
1148 2373 1280 2426 illud
1310 2372 1473 2442 φησίν
1500 2371 1681 2426 aﬂ‘erri

122 2487 181 2525 ex
203 2488 290 2525 ore
313 2470 606 2533 Barnabas,
638 2468 827 2537 utique
856 2482 923 2521 ex
952 2466 1314 2537 Cognitionis,
1349 2469 1461 2521 sive
1492 2464 1681 2519 Scien-

122 2563 200 2616 tiae
228 2562 362 2616 libro
404 2560 647 2616 citantis.
696 2558 886 2612 Plures
945 2558 1075 2611 olim
1140 2557 1310 2612 fuisse
1366 2556 1678 2626 hujusmodi

122 2649 350 2707 Scientia:
379 2652 551 2707 libros
589 2650 975 2714 circumlatos,
1026 2648 1095 2702 ab
1139 2646 1342 2702 Iudaeis
1388 2646 1677 2717 allegorica

122 2744 437 2799 sectantibus
490 2744 831 2812 conscriptos
856 2782 872 2808 ,
924 2756 1033 2795 non
1069 2750 1155 2795 est
1182 2739 1433 2794 dubium.
1463 2738 1544 2792 Ad
1584 2752 1678 2794 eos

121 2851 235 2905 ergo
259 2834 537 2890 Barnabas
569 2834 889 2904 plerumque
925 2833 1139 2902 ablegat
1176 2832 1406 2886 lectores
1427 2872 1444 2899 ,
1484 2833 1576 2886 ubi
1608 2831 1677 2886 ad

123 2926 391 2996 allegorias
417 2926 743 2996 digreditur.
785 2923 1005 2979 Scimus
1038 2923 1334 2977 bodiedum
1376 2924 1429 2977 in
1467 2923 1673 2992 Targu-

123 3020 234 3071 mim
276 3020 391 3073 loca
427 3018 712 3088 complura
753 3016 821 3071 ad
866 3015 1118 3071 Messiam
1163 3016 1388 3071 referri:
1429 3016 1576 3087 quod
1606 3030 1672 3070 ex
1701 3053 1745 3112 ο

121 3111 288 3163 eadem
318 3110 525 3164 Γνώσει
564 3110 826 3165 manavit.

182 3201 477 3258 Notandum
512 3212 599 3259 est
629 3214 810 3258 autem
850 3204 905 3258 in
944 3204 1182 3273 ascripto
1212 3203 1368 3269 loco,
1418 3204 1524 3260 etsi
1555 3219 1677 3259 om-

122 3293 200 3347 nia
222 3294 394 3349 verbis
416 3294 641 3349 totidem
671 3309 737 3349 ex
765 3292 969 3347 Γνώσει
991 3295 1308 3360 recitentur,
1334 3293 1465 3348 illud
1490 3302 1675 3350 tamen

133 3383 317 3455 Ἰησοῦν
336 3428 350 3452 ,
379 3384 567 3439 Iesum
586 3426 602 3451 ,
633 3386 779 3455 quod
808 3386 875 3440 ad
905 3387 1065 3439 linem
1097 3385 1334 3454 additur,
1374 3402 1437 3441 ex
1467 3385 1678 3441 Barnac

123 3476 196 3530 ba:
236 3493 393 3533 manu
443 3477 786 3548 profectum,
838 3494 945 3532 non
991 3478 1060 3532 ab
1113 3486 1334 3533 auctore
1379 3477 1673 3544 Γνώσεως,

124 3584 265 3637 quem
295 3572 513 3641 quidem
547 3571 794 3626 Judaeum
824 3571 995 3626 fuisse
1027 3586 1249 3627 necesse
1279 3579 1382 3626 est.
1425 3571 1671 3642 alioquin

124 3675 150 3713 a
186 3660 421 3718 Barnaba
470 3662 692 3718 Judaeos
735 3664 1055 3718 convicturo
1097 3663 1323 3717 minime
1368 3663 1670 3718 citandum.

121 3750 320 3811 Judzeus
364 3765 548 3811 autem
581 3755 835 3811 Messiam
877 3763 1068 3821 norat,
1115 3753 1300 3809 Jesum
1339 3771 1447 3809 non
1488 3762 1669 3809 norat.

126 3842 301 3900 Statim
352 3848 551 3902 ibidem
604 3848 888 3917 sequitur:
942 3865 961 3897 ι
1012 3845 1186 3900 Homo
1221 3846 1367 3901 enim
1450 3844 1523 3914 γῆ
1556 3846 1672 3898 ἐστι

122 3936 401 4008 πάσχουσα,
430 3947 578 3995 terra
609 3946 693 3993 est
720 3939 952 4008 patiens.
992 3958 1012 3991 ›
1058 3938 1299 4009 Apparet
1340 3938 1431 3992 hic
1466 3936 1673 3993 Barna-

124 4028 271 4095 bam,
314 4040 407 4085 aut
450 4031 704 4100 quisquis
731 4039 817 4086 est
845 4038 1071 4095 auctor,
1120 4030 1461 4099 philosophis
1511 4042 1672 4083 aures

124 4118 426 4176 admovisse.
455 4120 598 4175 Nam
630 4120 756 4174 illud
781 4119 1085 4188 πάσχουσα,
1100 4118 1324 4186 patiens,
1348 4117 1415 4171 ad
1432 4115 1675 4185 philoso-

124 4212 334 4278 phorum
361 4214 618 4285 τεχνικὴν
668 4213 915 4281 γλῶτταν
964 4210 1280 4280 (terminum
1336 4206 1670 4277 technicum)

122 4312 196 4357 est
216 4305 577 4371 referendum,
606 4321 715 4376 qua
746 4304 1032 4360 materiam
1061 4304 1174 4372 pati
1201 4302 1473 4356 dicebant.
1511 4318 1529 4351 ε
1564 4297 1673 4354 Ho-

1784 1830 2203 1886 circumcisione
2234 1830 2551 1885 abhorrent.
2585 1828 2719 1884 Nam
2751 1832 2882 1900 quia
2923 1831 3065 1886 inter
3098 1830 3265 1903 Syros
3297 1842 3354 1888 et

1783 1920 1989 1975 Arabes
2014 1961 2029 1986 ,
2064 1919 2314 1988 interque
2343 1918 2608 1988 profanos
2652 1921 2963 1976 sacerdotes
3003 1930 3188 1977 essent
3209 1962 3224 1989 ,
3257 1922 3353 1992 qui

1783 2010 1878 2066 illo
1911 2025 1970 2066 se
2000 2010 2163 2065 modo
2192 2011 2515 2065 mundiores
2558 2018 2917 2080 praestarent;
2962 2011 3119 2066 licuit
3146 2011 3353 2068 Barna-

1782 2102 1865 2157 bze
1902 2103 2150 2173 apostolo
2184 2102 2396 2169 dicere,
2428 2102 2904 2158 circumcisionem
2941 2104 3251 2173 promiscue
3281 2106 3351 2161 ab

1782 2192 1893 2248 illis
1921 2193 2199 2261 usurpari.
2231 2191 2367 2259 Quis
2392 2208 2500 2247 non
2534 2194 2586 2248 in
2616 2194 2816 2249 talibus
2844 2195 3045 2249 similia
3074 2196 3353 2266 loquitur?

1781 2281 2052 2338 Caeterum
2081 2284 2322 2338 Arabum
2357 2283 2621 2353 plurimos
2652 2284 2822 2340 fuisse
2852 2301 3066 2355 verpos,
3100 2288 3263 2343 sicuti
3295 2297 3352 2343 et

1782 2374 2094 2430 sacerdotes
2146 2374 2432 2446 Egyptios
2457 2416 2472 2442 ,
2512 2392 2619 2430 non
2650 2385 2732 2430 est
2760 2377 3009 2431 dubium.
3063 2376 3139 2432 Ac
3180 2394 3249 2432 ne
3283 2379 3353 2435 de

1783 2464 1936 2537 Syris
1961 2466 2183 2535 quidem
2213 2476 2297 2521 est
2320 2467 2763 2534 dubitandum,si
2783 2468 3003 2537 quidem
3032 2484 3219 2523 verum
3254 2470 3345 2535 sit,

1780 2554 1923 2623 quod
1956 2554 2164 2624 antiqui
2200 2555 2571 2622 crediderunt,
2602 2554 2891 2611 thnices
2921 2558 3225 2628 περιτομὴν
3252 2560 3350 2613 ad-

1780 2644 2018 2699 misisse.
2067 2641 2324 2715 Origenes
2372 2646 2439 2699 ad
2490 2644 2652 2700 Rom.
2688 2662 2762 2712 ιι,
2791 2647 2896 2713 25,
2946 2648 3087 2702 inter
3122 2657 3349 2705 caeteros

1778 2733 2216 2789 circumcisionis
2257 2734 2493 2790 cultores
2528 2736 2691 2790 etiam
2724 2735 3011 2793 Pbtenices
3043 2741 3349 2794 numeravit

1778 2826 1864 2880 his
1890 2826 2069 2881 verbis
2097 2845 2111 2880 :
2150 2845 2169 2879 r
2200 2824 2259 2881 Si
2305 2828 2583 2897 replicatis
2614 2829 2874 2884 historias
2904 2840 3148 2899 vestras,
3197 2832 3348 2887 inve-

1777 2915 1939 2971 nietis
1985 2932 2096 2972 non
2144 2918 2323 2973 solum
2368 2917 2749 2990 Egyptiorum
2797 2922 3143 2989 sacerdotes,
3172 2925 3266 2979 sed
3291 2932 3348 2980 et

1776 3005 2009 3076 Arabas,
2038 3018 2093 3064 et
2112 3008 2421 3081 Egyptios,
2453 3010 2762 3080 Phoenices,
2801 3014 3071 3084 aliosque,
3106 3031 3343 3086 quorum

1779 3103 1961 3159 studia
2028 3106 2202 3175 gratia
2265 3107 2578 3177 hujusmodi
2646 3109 3052 3177 superstitionis
3108 3111 3347 3167 nobilius

1778 3194 1983 3263 vigent.
2023 3214 2043 3247 ι

1845 3284 1980 3355 Cap.
2001 3284 2121 3340 XVI
2148 3302 2160 3337 :
2192 3286 2415 3343 «Adhuc
2435 3297 2488 3343 et
2510 3289 2578 3344 de
2594 3290 2795 3360 templo
2810 3291 2985 3345 dicam
3002 3293 3178 3358 vobis,
3207 3312 3347 3365 quo-

1776 3377 1939 3430 modo
1966 3386 2209 3432 errantes
2234 3377 2438 3443 miseri,
2466 3380 2557 3431 ἐπὶ
2578 3380 2676 3449 τὴν
2699 3379 2814 3433 ὁδὸν
2837 3380 3089 3453 ήλπισαν,
3121 3384 3173 3437 ἰιι
3202 3387 3343 3440 viam

1776 3474 2152 3535 speraverunt,
2182 3476 2235 3520 et
2261 3481 2369 3521 non
2393 3468 2447 3522 in
2479 3467 2651 3524 Deum
2681 3459 2857 3539 ipsum
2884 3512 2900 3536 ,
2928 3474 3021 3542 qui
3053 3474 3180 3529 fecit
3208 3492 3303 3532 eos
3324 3519 3340 3543 ,

1776 3556 1935 3626 quasi
1960 3557 2157 3611 domus
2180 3556 2279 3611 Dei
2304 3568 2450 3612 esset
2472 3560 2609 3629 (59).
2649 3579 2668 3612 ι
2706 3560 2805 3615 Hic
2835 3577 2941 3617 non
2973 3573 3055 3617 est
3079 3564 3303 3619 dubium
3324 3609 3339 3631 ,

1775 3649 1910 3718 quin
1944 3648 2085 3715 ὁδοῦ,
2119 3650 2240 3716 viae,
2272 3651 2491 3705 nomine
2518 3653 2775 3721 templum
2805 3656 3021 3709 veniat:
3054 3673 3179 3711 nam
3205 3668 3258 3713 et
3286 3661 3341 3713 in

1778 3742 1977 3811 templo
2002 3752 2166 3797 totam
2190 3741 2503 3798 Iudaeorum
2533 3745 2788 3801 ﬁduciam
2818 3748 2988 3803 fuisse
3016 3753 3340 3819 repositam,

1776 3843 1931 3889 notat
1960 3835 2051 3889 illa
2078 3835 2309 3891 celebris
2334 3836 2736 3892 conclamatio:
2791 3838 3063 3909 Templum
3093 3842 3340 3906 Domini,

1777 3925 2027 3995 templum
2073 3926 2304 3992 Domini,
2345 3936 2399 3981 et
2426 3928 2571 3997 quod
2603 3928 2757 3984 initio
2805 3940 2990 3985 noster
3028 3933 3095 3985 de
3140 3935 3344 4003 templo

1775 4017 2061 4087 proposuit
2104 4018 2285 4072 dicere
2327 4019 2548 4089 etquod
2596 4034 2721 4071 mor
2773 4020 2997 4074 subdit':
3022 4026 3177 4092 quasi
3231 4026 3343 4094 (via

1776 4118 1986 4162 scmcet
2015 4109 2127 4179 illa)
2157 4110 2344 4162 domus
2376 4109 2474 4163 Dei
2505 4118 2659 4164 esset.
2687 4109 2833 4165 Vidit
2856 4122 2909 4166 et
2934 4113 3038 4167 hoc
3067 4123 3221 4170 vetus
3252 4116 3341 4169 in-

1776 4207 2022 4271 terpres,
2060 4202 2154 4271 qui
2210 4216 2310 4272 pro
2354 4201 2473 4256 ὁδόν
2513 4201 2730 4273 (viam)
2784 4204 2970 4272 posuit
3017 4204 3199 4261 aedem.
3252 4206 3344 4263 Sic

1775 4299 1921 4352 enim
1951 4294 2185 4350 reddidit
2209 4310 2225 4348 :
2254 4291 2322 4345 In
2346 4292 2509 4346 cedem
2530 4310 2674 4363 spem
2697 4294 3015 4352 habuerunt.
3039 4298 3342 4355 Cotelerius

123 4411 203 4450 mo
225 4437 238 4461 ,
277 4398 490 4468 inquit,
541 4406 624 4453 est
650 4413 717 4453 ex
748 4406 929 4460 terra,
980 4414 999 4447 ι
1035 4409 1145 4449 non
1175 4394 1392 4465 quidem
1439 4400 1666 4463 agente,
1702 4389 1744 4444 D
1772 4388 1994 4459 quidem
2036 4386 2104 4441 ad
2150 4386 2400 4455 quaedam
2437 4384 2730 4439 Seniorum
2765 4386 2884 4441 loca
2933 4388 3166 4443 allusum
3217 4406 3342 4446 sus-

124 4486 207 4541 sed
232 4491 479 4557 patiente.
511 4489 684 4559 Cujus
715 4488 901 4544 statim
929 4486 1196 4541 rationem
1229 4484 1406 4540 reddit
1430 4483 1519 4537 his
1549 4497 1671 4537 ver-

123 4572 230 4630 bis:
262 4597 280 4629 t
326 4578 455 4631 Ἀπὸ
485 4577 777 4650 προσώπου
815 4578 925 4648 γὰρ
966 4576 1065 4647 τῆς
1101 4575 1206 4645 γῆς
1252 4576 1286 4645 ὴ
1336 4573 1529 4636 πλάσις
1574 4569 1670 4624 τοῦ

136 4663 289 4737 assa
321 4669 557 4737 ἐγένετο.
600 4666 648 4720 A
691 4665 829 4721 facie
855 4666 1001 4720 enim
1039 4674 1196 4719 terra:
1226 4663 1373 4718 ﬁctio
1409 4663 1529 4735 (seu
1558 4660 1671 4714 for-

126 4754 427 4826 matio)Ad:e
464 4756 693 4812 exstitit.
733 4774 752 4807 ι
794 4754 899 4809 Ubi
938 4753 1305 4824 pulcherrima
1349 4749 1674 4805 Hellenista-

126 4859 235 4900 rum
262 4847 459 4903 locutio
494 4848 757 4903 occurrit.
794 4844 1125 4900 Hebraicum
1170 4842 1315 4897 enim
1351 4848 1491 4900 tam:
1532 4840 1672 4909 Mip-

125 4950 238 5003 pene
273 4938 453 5007 (quod
480 4936 654 4992 Judaei
680 4935 990 4990 Hellenista:
1023 4940 1319 5003 perpetuo,
1366 4931 1474 4984 ἀπὸ
1503 4947 1671 5002 προσ-

124 5030 280 5099 ώπου,
333 5033 435 5088 hoc
457 5042 565 5099 est,
594 5049 626 5085 a
655 5031 790 5101 facie
813 5028 1069 5097 reddunt)
1101 5025 1401 5096 quamlibet
1426 5039 1669 5089 causam,

126 5120 273 5175 etiam
300 5123 661 5185 materialem,
695 5120 774 5175 uti
810 5115 1119 5189 phiIOSOphi
1150 5116 1451 5185 loquuntur
1471 5154 1487 5180 ,
1519 5113 1669 5168 desi~

124 5223 258 5283 gnat.
288 5214 425 5287 Ergo
451 5212 793 5269 tantumdem
830 5220 937 5278 est,
976 5224 1009 5261 a
1036 5210 1172 5279 facie
1203 5219 1379 5275 terrae,
1409 5221 1474 5260 ac
1503 5205 1551 5260 si
1587 5205 1671 5259 di-

188 5456 292 5525 (54)
328 5458 424 5527 Ep.
454 5455 713 5522 Barnab.,
739 5471 858 5526 cap.
884 5456 939 5522 6,
970 5453 1071 5509 sub
1098 5455 1177 5509 lit.
1213 5454 1270 5510 Β.

190 5527 295 5595 (55)
332 5530 462 5584 Luc.
496 5543 572 5593 XI,
596 5528 688 5582 52.

190 5597 294 5667 (56)
334 5599 555 5664 Strom.,
589 5599 682 5651 lib.
710 5616 763 5665 v,
796 5614 914 5667 cap.
945 5597 1032 5652 10.

193 5662 295 5735 (57)
333 5662 561 5724 Βξιιιιιιιι.
591 5662 786 5738 Ερὶειζ,
810 5662 929 5740 cap.
955 5669 1009 5736 7,
1035 5683 1157 5739 pag.
1191 5667 1323 5729 19.9,
1352 5668 1389 5723 l.
1430 5662 1665 5734 D,apud

1774 4480 1986 4549 picatur
2009 4516 2024 4543 ,
2055 4475 2110 4529 in
2139 4475 2339 4544 quibus
2366 4474 2484 4539 ὁδός
2523 4475 2776 4530 similiter
2817 4491 2916 4545 pro
2954 4479 3156 4547 templo
3194 4482 3339 4536 sumi

1772 4582 1934 4638 posse
1965 4566 2198 4621 videtur.
2228 4565 2429 4620 Verum
2457 4574 2510 4620 et
2538 4566 2627 4619 hic
2654 4565 2953 4633 Barnabas,
2983 4578 3037 4623 et
3078 4570 3151 4623 ibi
3192 4570 3335 4626 LXX

1772 4658 1945 4723 οὐδόν,
1970 4657 2153 4724 limen,
2184 4656 2470 4726 scripsisse
2496 4657 2770 4723 videntur,
2796 4670 3060 4715 consueto
3089 4662 3341 4717 schema-

1772 4757 1826 4804 te
1855 4756 2087 4810 utentes,
2105 4762 2215 4817 quo
2242 4762 2369 4816 pars
2394 4761 2491 4814 pro
2513 4754 2628 4801 toto
2655 4747 2913 4813 sumitur,
2939 4758 2993 4804 et
3013 4764 3123 4819 quo
3148 4750 3340 4807 bodie-

1772 4840 1903 4895 dum
1937 4840 2173 4905 utimur,
2222 4839 2315 4893 ubi
2359 4838 2545 4891 limina
2586 4839 2948 4908 apostolorum
2996 4841 3229 4897 invisere
3255 4844 3340 4897 di-

1774 4931 1970 4984 cimur.
2002 4927 2312 5000 Legendum
2347 4938 2429 4983 est
2470 4929 2635 4998 igitur
2678 4930 2769 4981 ἐπὶ
2807 4929 2897 4983 τὸν
2934 4931 3085 4985 οὐδὸν
3119 4972 3134 4986 .
3159 4972 3210 4987 ..
3237 4973 3251 4987 .
3280 4935 3339 4989 in

1773 5018 1974 5085 limine,
2007 5019 2110 5073 hoc
2130 5026 2235 5083 est,
2269 5017 2457 5086 templo
2500 5034 2643 5087 spem
2688 5017 3022 5073 collocantes.
3067 5019 3339 5077 Caeterum

1774 5111 1821 5165 si
1852 5110 2130 5165 Barnabas
2158 5112 2321 5175 viam,
2357 5110 2454 5179 τὴν
2478 5110 2613 5173 ὀδόν,
2644 5111 2721 5164 uti
2748 5127 2893 5165 nunc
2932 5112 3129 5183 legitur
3153 5155 3168 5179 ,
3201 5115 3341 5168 scri-

1773 5203 1904 5258 bere
1923 5203 2204 5267 voluisset,
2232 5202 2299 5257 ad
2326 5201 2487 5257 ﬁnem
2515 5197 2678 5258 οὖσαν
2707 5203 3000 5273 posuisset,
3041 5220 3151 5260 non
3185 5205 3338 5274 ὄντα,

1779 5452 2145 5509 Callandium.

1845 5523 1960 5594 (58)
1998 5522 2223 5587 Ibidem,
2250 5535 2303 5588 p.
2335 5521 2457 5575 125.

1847 5593 1962 5664 (59)
2002 5594 2225 5660 Ibidem,
2259 5607 2311 5661 p.
2344 5593 2467 5658 155,
2490 5593 2558 5652 Δ.
