3818 6216
442 254 543 311 719

1603 258 1659 312 8.
1702 255 2069 313 BARNABAS
2100 254 2526 315 APOSTOLUS.

3583 263 3686 319 723

441 380 583 449 quod
621 379 837 435 nonnisi
866 380 942 451 τῷ
973 372 1156 434 οὐδόν
1182 381 1436 437 convenit
1462 400 1474 436 :
1512 382 1619 445 ὡς,
1648 380 1847 451 inquit,
1879 380 1989 433 ὄντα

2157 380 2284 448 ϋδόν,
2311 379 2656 434 custodienti:
2688 377 2847 433 limen
2884 378 3033 449 (nam
3078 374 3243 433 Hebr.
3274 388 3357 435 est
3372 381 3532 451 sapit)
3567 397 3691 438 meo

440 467 585 524 οἷκον
600 470 754 524 Θεοῦ.
772 469 938 538 Idem,
954 482 1013 527 ut
1031 472 1439 543 dixi,judicium
1466 472 1570 527 erit
1596 472 1663 527 de
1685 472 1821 527 locis
1840 468 2015 526 LXX-

440 561 723 628 viralibus,
742 560 808 615 Ill
823 562 1082 633 Reg.vnt,
1097 563 1185 626 Η,
1202 563 1291 628 48,
1308 565 1362 617 in
1384 564 1584 633 quibus
1604 578 1752 618 nunc
1775 561 2006 634 προσεύ-

437 654 618 721 ξονται
650 694 663 708 .
694 695 707 708 .
745 694 759 707 .
792 692 806 707 .
832 654 948 707 ὁδόν
976 655 1172 724 legitur
1195 695 1210 721 ,
1241 670 1365 711 cum
1394 656 1679 726 legendum
1724 656 1794 710 sit
1816 654 2001 709 οὐδόν.

437 747 750 800 Adorabunt
778 746 960 811 limen,
997 756 1131 811 etc.,
1157 747 1316 801 sicuti
1340 748 1505 802 etiam
1534 746 1576 799 ll
1600 744 1779 801 Paral.
1806 761 1885 810 vr,
1910 745 2001 811 54,

435 839 525 894 38.
561 838 676 894 Non
703 839 946 894 inaudita
976 847 1060 895 est
1085 839 1228 909 apud
1266 844 1474 895 veteres
1501 839 1702 893 liminis
1735 838 1999 892 adoratio.

437 928 646 984 Scitum
681 939 764 984 est
792 930 955 984 etiam
985 931 1242 1000 antiquos
1272 940 1301 983 ο
1332 923 2002 1000 prointegradiphthongo

431 1038 492 1073 ου
537 1020 790 1091 primitus
832 1020 1118 1089 scripsisse
1157 1020 1239 1089 (ut
1281 1020 1336 1073 in
1380 1017 1621 1072 nummis
1656 1016 2002 1089 Συρακοσίων

429 1128 530 1182 pro
558 1111 961 1183 Συρακουσίων,
997 1120 1051 1165 et
1076 1119 1331 1166 sexcenta
1362 1110 1606 1179 ejusdem
1645 1109 1814 1177 modi)
1853 1108 2001 1179 quod

427 1202 778 1271 postmodum
823 1200 1255 1270 descriptoribus
1300 1198 1478 1254 fraudi
1518 1199 1720 1265 fuisse,
1765 1213 1875 1252 non
1916 1206 2001 1253 est

428 1294 810 1349 dubitandum.
833 1293 1037 1348 Dixerit
1064 1292 1265 1362 aliquis
1288 1293 1341 1345 in
1368 1292 1532 1346 modo
1556 1292 1790 1346 laudatis
1806 1288 1999 1345 Senio-

426 1401 549 1440 rum
581 1386 717 1441 locis
742 1383 862 1441 ὁδόν
900 1400 1023 1441 esse
1062 1385 1404 1439 retinendum
1433 1426 1448 1451 ,
1497 1400 1626 1455 quia
1656 1387 1706 1439 ei
1735 1382 1998 1440 Hebraice

426 1480 721 1549 respondet
759 1481 966 1545 derech,
996 1481 1109 1543 via;
1134 1495 1258 1534 cum
1282 1490 1470 1533 contra
1495 1478 1648 1541 οὐδός
1669 1478 1998 1548 respondeat

426 1567 696 1624 Hebraico
739 1570 905 1639 παρῆ,
939 1569 1085 1639 quod
1123 1578 1210 1624 est
1243 1569 1421 1622 limen.
1468 1566 1667 1624 Verum
1712 1568 1995 1624 sciendum

424 1671 541 1727 est,
587 1661 912 1717 Hebraicum
964 1662 1187 1727 derech,
1234 1677 1359 1716 cum
1396 1676 1425 1714 a
1469 1660 1731 1715 calcando
1775 1660 1991 1727 veniat,

2103 472 2311 540 judicio
2339 470 2577 542 positum
2608 471 2954 537 inveniatur;
2986 485 3095 524 non
3116 470 3296 537 video,
3329 488 3465 541 quin
3493 473 3689 529 eadem

2107 563 2339 618 mutatio
2378 563 2516 617 locis
2550 578 2717 631 supra
2750 563 3085 632 depromptis
3124 564 3366 631 potuerit
3406 565 3685 621 accidere.

2105 654 2390 711 Postremo
2420 672 2487 710 ne
2517 657 2782 711 tricemur
2810 656 3040 718 diutius,
3082 656 3128 711 si
3159 659 3559 727 grammaticos
3591 674 3690 713 au-

2104 746 2353 813 diamus,
2394 746 2511 810 ὁδός
2553 747 2673 814 via,
2716 756 2771 803 et
2806 747 2957 811 οὐδός
2998 747 3192 813 limen,
3226 764 3392 803 unum
3426 750 3688 821 idemque

2102 853 2302 894 nomen
2346 850 2493 894 sunt.
2539 838 2674 894 Nam
2728 850 2782 895 et
2830 838 3067 895 Homero
3097 837 3249 904 οὐδός
3281 856 3380 913 pro
3406 843 3532 907 ὁδός
3576 845 3684 911 via,

2104 938 2420 1001 usurpatur.
2456 929 2521 984 Et
2555 940 2744 985 contra
2788 929 2985 986 Suidas
3026 940 3260 986 testatur
3299 950 3497 990 vocem
3528 936 3683 1001 ὁδός,

2102 1022 2147 1077 si
2187 1030 2440 1076 tenuetur
2485 1022 2659 1092 prima
2699 1023 2903 1094 syllaba
2928 1065 2942 1089 ,
2974 1025 3278 1096 signiﬁcare
3305 1026 3485 1094 οὐδόν,
3516 1040 3573 1083 nl
3606 1040 3685 1085 est

2106 1112 2304 1178 limen,
2348 1113 2512 1168 allato
2559 1112 2847 1182 Sophoclis
2890 1115 3031 1170 loco.
3080 1116 3237 1171 Paria
3285 1118 3339 1173 in
3387 1118 3683 1177 Eustathio

2099 1204 2370 1271 reperies,
2407 1212 2461 1258 et
2510 1206 2563 1258 in
2610 1204 2897 1274 Sophoclis
2948 1206 3244 1262 Scholiaste
3288 1210 3356 1263 ad
3402 1214 3681 1269 celebrem

2099 1291 2221 1361 ejus
2272 1293 2452 1348 locum
2502 1310 2533 1349 a
2579 1295 2749 1350 Suida
2797 1303 2852 1350 et
2898 1295 3186 1355 Eustathio
3229 1301 3537 1358 laudatum.
3572 1304 3681 1361 Nec

2099 1392 2152 1438 te
2194 1384 2408 1448 turbet,
2442 1386 2588 1455 quod
2630 1387 2745 1441 haec
2772 1388 2996 1457 antiqua
3025 1397 3079 1443 et
3108 1399 3393 1459 poetarum
3424 1396 3681 1463 peculia-

2098 1478 2181 1532 ria
2221 1478 2544 1533 videantur:
2599 1496 2725 1533 nam
2771 1481 2825 1535 in
2864 1480 3003 1534 LXX
3053 1482 3333 1539 etJudazis
3363 1484 3680 1543 Hellenistis

2096 1568 2330 1639 plurima
2346 1579 2646 1625 occurrunt
2666 1573 2864 1640 partim
2888 1574 3193 1644 antiquata,
3218 1578 3415 1645 partim
3438 1580 3681 1634 Alexan-

2095 1650 2248 1719 dria),
2284 1660 2379 1709 aut
2424 1655 2655 1712 aliarum
2703 1658 3010 1729 ignotarum
3041 1657 3398 1712 dialectorum
3431 1658 3680 1726 peculia-

424 1766 534 1806 uou
567 1761 778 1807 tantum
809 1753 948 1805 viam
978 1752 1320 1823 signiﬁcare,
1362 1752 1456 1806 sed
1487 1761 1542 1806 et
1583 1750 1953 1820 pavimentum
1978 1791 1995 1817 ,
2028 1744 2070 1805 B
2096 1740 2196 1795 ria-
2229 1761 2249 1795 ο
2285 1742 2555 1802 Hactenus
2578 1746 2644 1803 ν.
2673 1748 2734 1803 C.
2763 1749 3095 1805 Mazochius.

422 1852 479 1896 et
516 1841 570 1895 in
612 1844 853 1898 recitatis
896 1843 1034 1898 locis
1074 1842 1238 1897 etiam
1283 1843 1476 1908 limen,
1520 1840 1665 1912 quod
1710 1842 1892 1896 statim
1925 1842 1996 1897 ab

421 1930 852 2001 ingredientibus
896 1932 1172 1997 calcatur;
1204 1930 1400 1986 deinde
1429 1945 1554 1984 cum
1593 1926 1705 1982 Jer.
1736 1943 1902 1993 xxxv,
1935 1924 1991 1993 ι,

422 2023 789 2093 φυλάσσοντος
829 2026 928 2094 τὴν
974 2024 1092 2078 ὁδόν
1115 2064 1131 2089 ,
1176 2021 1519 2078 custodienti:
1554 2022 1728 2088 viam,
1768 2035 1867 2094 pro
1901 2018 1994 2073 τὸν

2167 1840 2307 1895 Αιιτ.
2343 1840 2521 1895 lV.-—-
2548 1842 2624 1895 De
2649 1843 2870 1895 diversis
2898 1842 2957 1898 S.
2988 1843 3251 1901 Barnabtr
3284 1848 3549 1916 Epistolae
3571 1847 3677 1900 edio

2095 1935 2324 1989 tionibus
2352 1943 2402 1989 et
2423 1936 2765 1990 versionibus.
2800 1935 2958 2005 (Vide
3012 1937 3449 1995 Dissertationem
3480 1941 3545 1994 D.
3607 1942 3676 1996 Le

2091 2021 2327 2095 Nourry,
2356 2032 2459 2077 art.
2488 2021 2579 2089 XI,
2609 2031 2663 2077 et
2716 2024 3079 2093 Gallandium,
3116 2044 3235 2099 cap.
3268 2030 3319 2095 6,
3362 2031 3575 2101 supra.)

429 2200 3640 2231 m

1889 2342 2173 2433 VIII.

420 2535 707 2618 (Carolus
767 2527 1089 2608 Iosephus
1150 2523 1469 2588 HEFELE
1503 2568 1519 2597 ,
1580 2521 1989 2681 Ραινυῦιῖοιιὲἐ

2157 2518 2419 2680 ιὶσοῖωη
2488 2518 2746 2602 Opera,
2806 2523 3156 2602 Tubingaa,
3228 2519 3426 2595 18’42,
3492 2521 3670 2593 in-8;

2157 2619 2260 2663 vn.

486 2764 528 2819 l.
562 2765 707 2819 Inter
738 2763 795 2817 S.
831 2762 986 2817 Pauli
1015 2762 1195 2817 socios
1216 2770 1270 2815 et
1290 2758 1639 2829 coadjutores
1671 2753 1826 2811 loses
1854 2754 1987 2809 Bar-
2013 2761 2061 2824 c

414 2860 587 2914 nabas
632 2858 856 2922 eminet,
900 2856 956 2909 in
999 2854 1181 2925 Cypro
1223 2861 1405 2916 natus,
1454 2865 1649 2921 genere
1688 2847 1909 2903 Judwus
1934 2856 1989 2902 et

416 2950 623 3016 Levita,
656 2949 750 3019 qui
783 2947 1079 3003 Christiani
1110 2945 1315 3000 amoris
1340 2943 1549 2999 fervore
1567 2950 1769 3007 motus,
1795 2956 1987 3011 agrum

413 3059 577 3099 suum
609 3043 874 3107 vendidit,
908 3041 1255 3112 pretiumque
1277 3047 1402 3093 ante
1423 3037 1585 3108 pedes
1610 3035 1986 3107 apostolorum

411 3134 599 3206 posuit
629 3132 772 3204 (Act.
807 3149 881 3195 tv,
921 3132 1033 3197 57).

482 3224 721 3280 Numero
789 3238 896 3279 Lxx
954 3222 1347 3293 discipulorum
1390 3218 1593 3275 Christi
1645 3234 1771 3275 eum
1814 3217 1985 3275 fuisse

412 3318 709 3387 ascriptum
737 3326 947 3371 veteres
983 3330 1089 3370 non
1116 3314 1321 3369 absone
1349 3312 1569 3368 tradunt
1598 3312 1733 3385 (60),
1766 3327 1985 3367 eorum-

410 3429 517 3484 que
554 3410 923 3468 narrationem
962 3408 1029 3463 ad
1053 3407 1335 3462 veritatem
1367 3406 1625 3461 accedere
1650 3406 1985 3461 recentiores

412 3521 523 3560 non
584 3505 801 3559 incaute
836 3501 1085 3557 credunt.
1132 3498 1449 3567 COgnomen
1502 3496 1803 3563 Barnabw,
1847 3504 1986 3554 teste

413 3602 471 3656 S.
514 3598 820 3668 Scriptura,
857 3594 926 3649 ab
948 3592 1212 3663 apostolis
1236 3590 1439 3646 Nostro
1464 3590 1802 3659 impositum,
1839 3590 1983 3647 idem

410 3707 535 3748 esse
560 3689 707 3761 quod
735 3697 910 3778 nam;
939 3699 1020 3762 '1;
1057 3699 1152 3739 seu
1178 3683 1354 3752 ﬁlium
1381 3683 1640 3738 orationis
1680 3685 1980 3753 inspiratur,

409 3812 476 3852 ex
509 3794 761 3850 versione
787 3790 845 3846 S.
868 3791 1053 3857 Lucae,
1076 3792 1197 3845 Act.
1222 3807 1297 3857 1v,
1314 3790 1402 3855 56,
1428 3790 1542 3853 υἱὸς
1562 3790 1980 3861 παρακλήσεως,

411 3888 547 3944 satis
581 3893 807 3957 apparet
844 3885 981 3953 (61).
1009 3882 1170 3938 Josen
1202 3882 1511 3937 Barnabam
1536 3896 1566 3936 a
1592 3880 1829 3952 Josepho
1848 3880 1983 3936 Baro

410 3980 543 4035 saba
573 3980 714 4048 (Act.
742 3992 781 4043 ι,
811 3974 904 4043 25)
931 3990 1039 4030 non
1066 3990 1187 4031 esse
1210 3973 1676 4043 distinguendum,
1694 3980 1748 4027 et
1770 3982 1981 4027 utrum-

409 4082 517 4143 que
564 4085 764 4126 nomen
813 4069 1063 4124 eamdem
1107 4068 1364 4123 denotare
1404 4082 1728 4136 personam,
1777 4068 1982 4123 nostris

411 4163 752 4234 temporibus
799 4160 1129 4216 Ullmannus
1171 4158 1287 4229 (62)
1315 4168 1371 4213 et
1399 4158 1492 4212 alii
1526 4159 1759 4228 probare
1796 4160 1981 4216 stude-

410 4260 561 4325 bant,
593 4256 826 4311 aliorum
858 4266 1087 4309 assensu
1117 4251 1385 4317 destituti,
1410 4251 1653 4320 beneque
1676 4251 1980 4307 reclaman-

408 4353 557 4407 tibus
584 4349 720 4404 viris
745 4345 1078 4401 doctissimis
1094 4343 1169 4398 De
1183 4342 1361 4397 Wette
1378 4342 1511 4413 (65),
1540 4342 1843 4398 Olshausen
1862 4343 1975 4413 (64)

407 4451 461 4497 et
497 4439 687 4493 Winer
732 4435 868 4506 (65).
912 4433 1077 4487 Plura
1106 4431 1175 4487 de
1207 4432 1316 4486 vita
1341 4439 1397 4485 et
1418 4431 1693 4487 laboribus
1715 4430 1977 4488 Barnabae

409 4532 725 4605 apostolicis
766 4529 924 4584 nobis
953 4527 1173 4582 tradunt
1199 4524 1321 4579 libri
1350 4525 1489 4580 sacri
1520 4542 1533 4579 :

479 4649 531 4718 a)
570 4649 691 4703 Act.
739 4661 815 4710 ix,
854 4643 946 4711 26,
988 4642 1079 4696 27.
1128 4641 1358 4696 Paulum
1398 4656 1721 4697 conversum
1767 4644 1977 4711 primus

550 4737 827 4795 Barnabas
851 4735 998 4790 circa
1055 4750 1108 4790 a.
1136 4732 1206 4787 40
1229 4732 1491 4804 apostolis
1518 4732 1698 4789 adhuc
1728 4733 1882 4787 illum
1908 4734 1978 4788 ti-

549 4830 825 4885 mentibus
845 4869 859 4894 ,
888 4826 1130 4881 adduxit.

478 4947 536 5016 b)
566 4945 688 4998 Act.
715 4958 795 5003 xt,
822 4940 912 4993 22.
953 4938 1127 4992 Paulo
1158 4947 1283 5007 post
1310 4937 1589 4991 Barnabas
1614 4938 1682 4991 ab
1709 4938 1975 5008 apostolis

556 5034 895 5092 Antiochiam
928 5031 1129 5087 missus
1159 5040 1263 5098 est,
1290 5039 1349 5083 ut
1380 5030 1521 5084 hanc
1552 5028 1854 5083 Ecelesiam
1889 5045 1976 5084 re-

550 5143 717 5199 geret.

482 5336 594 5406 (60)
625 5336 796 5391 Clem.
832 5333 1014 5406 A_l_ex._,
1047 5327 1247 5406 Strom.
1348 5341 1495 5406 n,_c.
1530 5323 1710 5406 ρει-Ρ.
1744 5322 1963 5406 483ml.

408 5392 551 5462 Pott.
578 5392 782 5461 'Euseb.
805 5443 820 5469 ,
851 5401 923 5455 Η.
967 5399 1033 5454 Ε.
1068 5416 1106 5463 ι,
1144 5397 1236 5469 l2.
1276 5396 1568 5469 Epiphan.,
1614 5392 1763 5469 Hier.
1795 5392 1885 5469 2__0,
1910 5395 1965 5469 Il.

482 5478 597 5549 (61)
630 5475 705 5530 De
733 5461 832 5549 hac
856 5486 915 5549 re
930 5461 1201 5549 displuta‘vi
1228 5468 1280 5519 in
1312 5461 1453 5549 libro
1479 5480 1652 5549 mneo;
1677 5464 1782 5515 Das
1801 5461 1970 5549 Sand—

409 5532 675 5602 sclireilten
713 5545 802 5597 des
844 5532 1557 5609 ApostélsBarnabas_au_fs
1591 5532 1745 5609 ﬂente
1786 5543 1969 5609 vnter-

412 5619 579 5680 vucht,
610 5616 866 5669 iibersetzt
892 5602 1006 5662 'und
1033 5608 1248 5680 erltla'rl,
1271 5602 1740 5680 etc..Tub._j_840,
1771 5618 1825 5670 p.
1856 5602 1967 5659 648.

481 5674 593 5755 (δέ)
631 5684 849 5739 Studien
876 5697 929 5734 ιι.
959 5678 1219 5732 Kritihen.
1262 5675 1421 5738 1828,
1458 5691 1510 5743 p.
1536 5674 1638 5726 377
1670 5689 1789 5743 sqq.

2160 2754 2213 2827 c)
2249 2754 2369 2811 Act.
2403 2773 2480 2823 ιι,
2524 2757 2613 2811 25.
2645 2756 2942 2827 Apostolici
2982 2753 3147 2824 hujus
3180 2750 3428 2807 muneris
3459 2752 3672 2808 socium

2229 2845 2460 2903 Paulum
2492 2849 2595 2903 sibi
2622 2849 2850 2903 addidit.

2156 2935 2214 3007 d)
2262 2936 2383 2991 Act.
2437 2954 2514 3003 x1,
2560 2936 2651 2992 30.
2692 2938 2971 2991 Barnabas
3004 2946 3057 2991 et
3098 2933 3299 2990 Paulus
3325 2933 3573 2989 circa'a.
3605 2934 3672 2989 M

2228 3029 2490 3096 pecunias
2524 3028 2825 3083 Antiochiae
2868 3028 3094 3083 collatas
3135 3025 3526 3096 Hierosolyma
3551 3040 3673 3095 pero

2228 3122 2489 3177 tulerunt.

2164 3214 2216 3284 e)
2248 3214 2366 3269 Act.
2393 3230 2491 3268 xm
2522 3223 2574 3269 et
2604 3231 2716 3270 xw.
2753 3216 2929 3269 Ambo
2977 3215 3137 3269 annis
3171 3214 3242 3269 45
3268 3223 3325 3268 et
3360 3212 3433 3267 46
3464 3228 3523 3282 p.
3567 3210 3668 3266 Ch.

2227 3323 2424 3363 nomen
2454 3307 2668 3363 Domini
2694 3309 3051 3378 praedicantes
3096 3306 3335 3379 Cyprum
3392 3314 3451 3362 et
3481 3306 3669 3360 Asiam

2237 3400 2503 3455 Minorem
2530 3410 2911 3470 peragrarunt.

2154 3491 2197 3562 f)
2229 3492 2349 3546 Act.
2402 3507 2506 3556 xv,
2545 3492 2580 3545 2
2623 3507 2709 3561 sq.
2754 3500 2809 3546 et
2840 3491 2957 3547 Gal.
2991 3507 3053 3555 ιι,
3087 3491 3137 3571 l,
3188 3490 3242 3546 9.
3286 3488 3576 3547 Barnabas
3615 3501 3668 3547 et

2224 3582 2429 3637 Paulus
2468 3584 2672 3637 reversi
2720 3583 2789 3637 ab
2820 3581 3201 3649 Antiochenis,
3233 3581 3303 3636 ob
3332 3583 3665 3638 seditionem

2225 3681 2444 3743 propter
2469 3671 2746 3727 Judaistas
2759 3673 3007 3726 obortam
3027 3670 3463 3742 Hierosolymam
3485 3675 3663 3738 missi,

2224 3765 2456 3819 concilio
2494 3765 2865 3834 apostolorum
2911 3763 3300 3818 interfuerunt.
3349 3764 3415 3820 A.
3464 3765 3662 3821 50-52.

2154 3855 2208 3925 g)
2239 3855 2362 3910 Act.
2403 3872 2493 3923 xv,
2548 3856 2617 3910 57
2670 3872 2755 3927 sq.
2785 3856 2986 3926 Aliquo
3026 3865 3269 3925 tempore
3302 3859 3668 3927 praeterlapso

2223 3947 2503 4003 Barnabas
2524 3958 2578 4003 et
2610 3949 2813 4004 Paulus
2836 3950 3138 4004 secundum
3165 3949 3270 4002 iter
3295 3950 3663 4017 apostolicum

2224 4040 2428 4109 ingredi
2456 4041 2787 4106 statuebant,
2815 4040 2907 4094 sed
2930 4040 3273 4095 dissensione
3298 4039 3469 4094 Marci
3496 4056 3665 4097 causa

2224 4128 2417 4184 oborta
2448 4128 2729 4186 Barnabas
2766 4147 2797 4185 a
2836 4128 3007 4185 Paulo
3033 4129 3305 4195 discessit,
3341 4143 3665 4203 assumpto-

2226 4234 2332 4290 que
2371 4219 2556 4276 Marco
2599 4222 2837 4293 Cyprum
2888 4222 3184 4291 navigavit.
3230 4221 3308 4276 De
3363 4221 3500 4279 fatis
3546 4225 3667 4295 ejus

2224 4311 2693 4381 subsequentibus
2775 4312 2914 4368 liber
2980 4314 3215 4367 Actuum
3280 4315 3663 4384 apostolorum

2222 4416 2450 4471 prorsus
2468 4403 2608 4460 silet.
2643 4404 2748 4459 Sed

2152 4491 2210 4562 h)
2241 4493 2259 4547 l
2296 4493 2424 4548 Cor.
2452 4509 2529 4558 rx,
2563 4496 2618 4562 5,
2649 4496 2704 4562 6,
2730 4496 3045 4562 edocemur,
3074 4496 3382 4553 Barnabam
3406 4514 3527 4554 non
3557 4500 3663 4556 mi-

2222 4600 2327 4639 nus
2355 4600 2420 4640 ac
2460 4585 2690 4641 Paulum
2730 4587 2909 4642 labore
2946 4606 3201 4642 manuum
3239 4590 3439 4643 victum
3462 4595 3663 4663 quesi-

2220 4676 2355 4729 visse
2379 4676 2552 4746 (juxta
2576 4675 2862 4749 Vulgatam
2885 4687 2941 4731 et
2974 4680 3270 4735 nonnullos
3307 4679 3509 4739 Patres
3537 4703 3554 4739 :
3588 4685 3661 4753 fe-

2219 4768 2420 4819 minam
2446 4783 2548 4820 non
2571 4784 2747 4822 secum
2770 4770 3028 4839 duxisse).

2151 4854 2191 4924 i)
2224 4854 2347 4910 Gal.
2384 4871 2447 4922 ιι,
2479 4856 2566 4911 l5.
2604 4855 2750 4911 Petri
2784 4857 3189 4915 simulationem
3222 4861 3297 4915 oh
3323 4874 3542 4919 metum
3568 4864 3663 4921 Ju-

2223 4946 2523 5001 daistarum
2555 4946 2833 5003 Barnabas
2852 4948 3157 5006 Antiochia:
3195 4953 3447 5011 imitatus
3483 4967 3573 5013 est
3605 4976 3654 5015 a.

2224 5036 2295 5090 32
2325 5052 2420 5092 seu
2456 5048 2506 5091 a.
2532 5039 2622 5092 55.

2153 5127 2211 5197 k)
2251 5127 2553 5184 Barnabam
2590 5145 2735 5185 anno
2762 5131 2831 5185 57
2859 5132 3053 5187 iterum
3090 5132 3149 5189 S.
3186 5133 3340 5189 Pauli
3365 5136 3547 5193 fuisse
3570 5152 3660 5193 co-

2144 5329 2492 5408 (63LKurze
2551 5330 2852 5402 Erltltirung
2902 5333 2957 5385 ά.
3012 5335 3438 5404 Apostelgescli.,
3474 5354 3535 5408 p.
3590 5340 3653 5395 l2

2072 5399 2429 5543 “(lilizsliibL
2455 5472 2840 5543 Cpmmentar.,
2864 5483 2903 5526 t.
2935 5471 2999 5539 ll,
3024 5490 3075 5543 p.
3110 5472 3235 5528 574,

2144 5542 2260 5614 (65)
2301 5541 2440 5594 Bibl.
2474 5541 2931 5614 Realwo'rterltuch
2952 5584 2965 5607 ,
2998 5541 3044 5597 sl
3072 5543 3320 5614 vJoseph
3347 5545 3645 5604 Bursabu.

2072 5608 2183 5665 Cir.
2210 5612 2406 5665 librum
2440 5628 2620 5667 meum
2648 5612 2756 5667 Das
2786 5611 3213 5679 Sendsclireiben,
3244 5608 3378 5685 etc.,
3408 5635 3461 5688 p.
3492 5622 3643 5675 9-H.
