3818 6216
142 334 238 390 721

1469 343 2000 400 PROLEGOMENA.

3272 349 3379 404 722

280 455 462 512 mitem
494 466 548 513 et
581 459 650 514 ab
672 474 739 517 eo
778 460 835 515 in
875 459 1133 518 societate
1158 462 1267 518 Titi
1299 462 1366 518 ad
1394 462 1708 518 Corinthios
1738 473 1780 527 Α
1813 468 1980 514 stram
2000 459 2391 516 adnumerasse
2406 461 2622 518 videtur
2642 463 2739 518 lib.
2764 462 3083 520 ICommeut.
3108 464 3165 518 in
3183 463 3285 534 Ep.
3307 467 3376 518 ad

279 562 403 603 esse
432 548 695 619 missum,
739 550 1061 610 Gallandius
1093 555 1208 625 (66)
1245 570 1312 610 ex
1338 554 1381 608 11
1420 553 1550 610 Cor.
1579 570 1701 621 vm,

277 637 345 691 18
380 654 526 710 sqq.,
551 643 805 701 evincere
844 654 1077 703 conatus
1105 657 1209 703 est.
1256 648 1359 704 Sed
1393 647 1601 703 erravit
1623 647 1707 703 vir

279 729 633 789 doctissimus
664 735 801 807 (67).

206 819 247 887 1)
269 821 431 878 Anno
471 824 541 879 62
586 825 823 895 Marcus,
852 830 1114 888 Barnabas
1142 833 1509 889 consobrinus
1533 840 1589 888 et
1617 832 1706 888 iti-

274 913 425 968 neris
473 931 697 985 comes,
742 920 939 975 iterum
978 923 1033 977 in
1082 924 1340 979 societate
1388 923 1542 979 Pauli
1590 938 1708 978 ver-

273 1004 501 1059 sabatur
525 1005 662 1075 (Cfr.
692 1007 905 1065 Coloss.
947 1025 1021 1077 tv,
1060 1011 1187 1082 l0);
1240 1027 1348 1081 quo
1370 1012 1452 1078 ﬁt,
1480 1021 1541 1067 ut
1573 1012 1706 1067 Bar-

274 1097 474 1151 nabam
500 1099 592 1154 illo
614 1115 761 1156 anno
784 1102 897 1173 jam
922 1114 1203 1159 mortuum
1232 1104 1401 1161 fuisse
1425 1114 1702 1176 putemus.

272 1186 422 1243 Idem
449 1192 700 1248 concludi
730 1204 909 1263 potest
931 1195 1036 1250 exi
1057 1195 1203 1252 Petr.
1222 1214 1275 1266 v,
1306 1199 1396 1263 l5,
1417 1208 1471 1253 et
1490 1197 1535 1251 ll
1558 1197 1701 1253 Tim.

276 1295 360 1345 ιιι,
407 1282 509 1349 11;
556 1300 657 1340 nec
699 1286 883 1341 minus
911 1287 1252 1357 Alexander,
1283 1291 1585 1345 monachus
1607 1291 1707 1363 Cy-

270 1368 428 1437 prius
454 1369 604 1439 (saec.
636 1389 690 1429 vr
720 1375 805 1430 vel
837 1376 937 1446 Ix),
979 1375 1242 1433 Barnabas
1264 1379 1531 1447 laudator,
1563 1389 1704 1434 tem-

272 1476 378 1531 pus
409 1465 655 1535 martyrii
692 1466 811 1537 ejus
846 1470 1006 1524 annis
1031 1470 1204 1527 55-57
1227 1473 1473 1543 assignat
1495 1471 1631 1544 (68).

204 1550 327 1609 Haec
362 1566 496 1610 sunt
529 1572 651 1626 quae
674 1558 742 1612 de
772 1560 882 1614 vita
912 1572 968 1615 et
991 1560 1118 1617 fatis
1138 1561 1400 1618 Barnabze
1426 1571 1705 1632 comperta

137 1644 419 1701 habemus.
448 1646 647 1703 Multas
671 1650 807 1705 alias
829 1666 1035 1721 easque
1061 1653 1342 1708 fabulosas
1360 1653 1706 1709 narrationes

136 1733 186 1787 in
234 1735 418 1791 libello
460 1753 584 1792 meo
620 1754 787 1810 supra
834 1742 1002 1798 citato
1050 1754 1341 1816 congestas
1372 1746 1611 1816 reperies
1644 1761 1699 1817 p.

136 1825 292 1881 “-15
313 1836 366 1882 et
392 1844 450 1897 p.
487 1827 673 1885 51-17.

197 1917 260 1978 ll.
317 1919 581 1981 Barnabas
632 1930 826 1984 nostro
869 1923 1114 2000 Epistula
1164 1925 1453 1993 tribuitur,
1505 1927 1696 1983 Graeco

133 2031 378 2071 sermone
408 2020 745 2091 conscripta,
784 2023 850 2078 de
888 2024 1046 2093 cujus
1077 2026 1356 2080 authentia
1386 2019 1564 2081 adhuc
1595 2023 1697 2080 sub

128 2108 304 2178 judice
351 2110 424 2166 lis
473 2122 577 2168 est.
628 2113 997 2172 Defenderunt
1036 2134 1157 2173 eam
1198 2117 1508 2175 Ludovicus
1550 2119 1697 2178 Elias

134 2200 299 2271 Dupin
331 2204 470 2275 (69),
496 2204 752 2263 Nicolaus
779 2207 1048 2267 Nourrius
1071 2210 1205 2281 (70),
1224 2212 1541 2268 Gallandius
1561 2213 1696 2285 (7t),

134 2300 181 2344 et
208 2294 410 2349 nostris
455 2297 792 2366 temporibus
822 2295 1005 2352 Henke
1041 2296 1191 2367 (72),
1225 2298 1462 2354 Bordam
1500 2299 1614 2370 (75)
1646 2308 1701 2354 et

135 2381 338 2439 Franke
366 2386 515 2458 (74);
562 2389 900 2444 authentiam
931 2389 1191 2459 Epistolas
1237 2390 1702 2461 impugnaverunt

136 2473 280 2547 llugo
327 2477 624 2534 Menardus
683 2479 840 2549 (75),
904 2479 1214 2535 Tentzelius
1269 2480 1382 2551 (76)
1418 2522 1433 2547 ,
1494 2479 1699 2535 Natalis

138 2565 433 2623 Alexander
479 2569 615 2640 (77),
662 2569 818 2625 Remi
862 2570 1081 2627 Ceillier
1123 2570 1259 2643 (78),
1311 2570 1522 2641 lttigius
1557 2570 1695 2641 (79),

136 2656 465 2717 llloshemius
492 2660 629 2733 (80),
666 2661 972 2733 Lumperus
1002 2662 1137 2733 (81),
1173 2661 1383 2734 Hugius
1407 2662 1544 2732 (82),
1583 2660 1697 2717 Ull—

138 2768 362 2808 tnannus
399 2753 539 2825 (85),
587 2753 837 2810 Neander
879 2755 991 2825 (84)
1014 2796 1029 2819 ,
1081 2754 1325 2827 Mynster
1355 2754 1467 2827 (85)
1500 2762 1553 2810 et.
1585 2753 1704 2809 Wi—

140 2858 229 2897 ner
266 2845 398 2915 (86).
428 2846 550 2916 Ipse
573 2861 673 2917 ego
697 2847 752 2901 in
788 2847 951 2901 tertio
976 2847 1102 2902 libri
1133 2846 1237 2901 mei
1261 2846 1459 2915 capite,
1486 2860 1541 2915 p.
1572 2843 1701 2898 M7-

141 2936 254 3003 195,
282 2939 534 3008 pluribus
562 2940 745 2996 verbis
772 2940 913 2995 hanc
947 2939 1273 2995 sententiam
1307 2938 1448 2993 tueri
1473 2944 1703 2992 conatus

140 3044 285 3097 sum;
313 3032 504 3101 paucis
541 3047 688 3087 nunc
714 3032 1031 3102 disputabo.

1803 550 1985 617 Rom.,
2008 567 2047 617 1,
2070 551 2161 618 24,
2187 563 2226 607 t.
2258 551 2347 619 IV,
2382 569 2437 621 p.
2474 553 2580 608 475
2608 573 2621 608 :
2648 553 2785 609 Sunt
2816 566 3070 625 praeterea
3093 595 3111 623 ,
3140 556 3278 611 sicut
3320 558 3373 609 in

1805 641 1991 696 multis
2040 641 2332 713 Scriptum
2372 644 2502 699 locis
2542 648 2856 714 invenimus,
2892 649 3055 701 etiam
3101 648 3377 717 utriusque

1804 733 1996 800 partis,
2025 734 2104 788 vel
2132 737 2409 807 utriusque
2439 737 2535 792 uia:
2562 737 2798 807 fautores
2826 738 3044 810 quidam
3076 746 3127 792 et
3159 738 3375 805 adjuto-

1806 839 1885 878 res
1916 824 2108 893 angeli.

1877 915 1985 974 Sed
2017 919 2289 974 neminem
2322 919 2474 989 latet,
2505 936 2630 977 cum
2667 922 3023 991 Clementem,
3051 930 3166 977 tum
3188 920 3375 992 Orige-

1804 1021 1929 1061 nem
1962 1010 2161 1079 saepius
2187 1011 2357 1067 libros
2381 1013 2729 1085 apocryphos
2757 1024 2813 1070 et
2828 1016 3029 1077 nothos
3054 1029 3152 1083 pro
3187 1012 3377 1082 genui—

1804 1096 1893 1152 nis
1933 1098 2213 1169 habuisse,
2256 1102 2489 1173 ideoque
2528 1106 2843 1161 testimonio
2878 1106 3095 1161 illorum
3123 1120 3223 1175 pro
3256 1103 3377 1174 epi-

1804 1189 1958 1244 stolae
1987 1200 2189 1245 nostra:
2215 1194 2498 1249 authentia
2530 1211 2639 1250 non
2688 1197 2906 1266 plenam
2959 1197 3066 1251 vim
3109 1211 3232 1251 esse
3277 1196 3379 1251 tri-

1805 1280 2105 1337 buendam.
2134 1282 2279 1339 Bene
2302 1284 2513 1357 Hugius
2555 1288 2707 1343 addit
2736 1289 3074 1343 Clementem
3107 1303 3218 1343 non
3249 1303 3375 1343 cum

1803 1375 1997 1429 eadem
2041 1378 2367 1444 reverentia,
2406 1394 2571 1448 quam
2618 1381 2835 1450 scriptis
2886 1396 3014 1437 vere
3063 1380 3377 1452 apostolicis

1803 1467 2017 1534 tribuit,
2042 1470 2109 1525 de
2137 1471 2365 1540 epistola
2392 1481 2581 1528 nostra
2610 1474 2910 1545 disputare.

1872 1559 1927 1627 c)
1960 1558 2256 1615 Eusebium
2291 1571 2347 1617 et
2374 1561 2765 1635 Hieronymum
2791 1566 3130 1621 authentiam
3161 1565 3378 1638 Episto-

1798 1649 1869 1704 las
1899 1656 2102 1703 nostrae
2125 1651 2430 1721 negavisse,
2460 1652 2619 1706 multi
2649 1654 2792 1708 male
2815 1655 3068 1710 credunt.

1874 1735 2134 1808 Legimus
2174 1738 2395 1808 quidem
2430 1741 2485 1796 in
2518 1741 2668 1797 illius
2710 1741 2957 1797 Historia
2995 1743 3376 1812 ecclesiastica,

1720 1845 1764 1899 Β
1802 1843 1885 1893 ιιι,
1909 1827 1981 1883 25
2005 1847 2018 1883 :
2058 1829 2160 1883 Ἐν
2180 1830 2303 1898 τοῖς
2326 1833 2526 1899 νόθοις
2539 1834 2948 1904 κατατετάχθω
2971 1836 3207 1891 καὶτῶν
3224 1837 3381 1891 Παύ-

1795 1923 1910 1975 λου
1938 1922 2221 1990 Πράξεων
2253 1926 2292 1994 ἡ
2324 1926 2544 1997 γραφὴ,
2589 1928 2624 1982 ὅ
2667 1946 2731 1983 τε
2770 1932 3096 2001 λεγόμενος
3124 1933 3375 2003 Ποιμὴν,

1798 2015 1898 2077 καὶ
1938 2017 1978 2091 ἡ
2022 2019 2411 2091 ἀποκάλυψις
2447 2022 2699 2092 Πέτρου,
2742 2025 2842 2079 καὶ
2886 2025 3037 2095 πρὸς
3080 2029 3311 2093 τούτοις
3337 2029 3377 2096 ἠ

1797 2115 2093 2185 φερομένη
2117 2112 2393 2185 Βαρνάϐα
2414 2113 2721 2182 ἐπιστολή.

1870 2204 1978 2261 Sed
2004 2206 2296 2275 Eusebius,
2319 2204 2605 2279 epistolam
2630 2216 2873 2267 nostram
2900 2207 3024 2280 τοῖς
3047 2209 3240 2281 νόθοις
3269 2225 3364 2270 ac-

1800 2313 2053 2368 censens,
2102 2302 2405 2373 improprie
2450 2304 2591 2361 hanc
2630 2322 2817 2363 vocem
2870 2310 3173 2381 usurpavit,
3203 2320 3257 2365 et
3293 2326 3379 2365 re-

1801 2404 1927 2445 vera
1972 2406 2082 2447 non
2118 2393 2185 2448 de
2211 2394 2369 2450 libris
2402 2395 2717 2454 adulterinis
2742 2440 2757 2466 ,
2790 2400 2884 2455 sed
2908 2400 2974 2456 de
3002 2401 3380 2471 ἀντιλεγομέ-

1800 2501 1950 2551 νοις,
2003 2487 2117 2541 sive
2160 2488 2336 2543 dubiis
2371 2490 2561 2559 libris,
2600 2499 2655 2545 et
2687 2507 2719 2546 a
2763 2493 3044 2547 nonnullis
3088 2493 3376 2562 repudiatis

1801 2576 1969 2630 verba
2025 2576 2173 2645 fecit,
2225 2588 2287 2633 ut
2332 2580 2448 2650 ipse
2491 2581 2657 2651 paulo
2711 2591 2836 2651 post
2875 2591 3105 2637 testatur
3146 2583 3355 2650 dicens;

1809 2666 1999 2720 Ταῦτα
2028 2667 2145 2737 μὲν
2172 2669 2369 2724 πάντα
2398 2670 2458 2740 (i.
2492 2687 2588 2727 e...
2622 2671 2755 2727 Acta
2787 2671 2963 2739 Pauli,
2990 2671 3205 2736 Pastor,
3243 2680 3349 2727 etc.

1802 2765 1855 2811 et
1882 2756 2124 2827 Epistola
2167 2759 2451 2832 Barnabaa)
2491 2762 2608 2817 τῶν
2647 2764 3117 2834 ἀντιλεγομένων
3146 2763 3223 2818 ἂν
3258 2763 3372 2833 εἴη.

1874 2846 1990 2902 Non
2013 2850 2196 2907 minus
2223 2850 2492 2910 Eusebius
2515 2855 2569 2909 in
2595 2866 2751 2911 sexto
2782 2854 3046 2911 Historia:
3065 2870 3177 2911 suae
3200 2855 3361 2923 libro,

1804 2952 1853 2993 c.
1913 2939 2022 3004 M,
2074 2941 2360 3009 epistolam
2418 2953 2665 3000 nostram
2713 2944 2838 3011 τοῖς
2892 2944 3372 3015 άντιλεγομένοις

1804 3031 2065 3098 ascribit,
2107 3033 2352 3089 docens:
2381 3036 2715 3092 Clementem
2752 3037 3183 3091 Alexandrinum
3218 3037 3271 3090 in
3303 3037 3371 3090 li-

201 3122 251 3191 a)
302 3123 739 3194 Antiquissimus
789 3124 1087 3179 authentize
1131 3124 1287 3180 testis
1336 3132 1423 3178 est
1450 3121 1702 3177 Clemens
1732 3193 1765 3201 _
1805 3122 1919 3176 bris
1961 3120 2370 3195 Hypotyposeon
2411 3142 2603 3185 omnes
2643 3129 2813 3186 libros
2863 3145 3034 3185 sacra:
3077 3128 3374 3201 Scriptura:

142 3193 563 3284 Alexandrinus,
602 3219 697 3288 qui
728 3218 927 3288 septies
965 3218 1263 3288 Epistolam
1288 3216 1549 3270 Barnabas
1573 3214 1695 3269 lau-
1723 3193 1766 3250 ο
1798 3231 2107 3284 enarrasse,
2223 3220 2700 3291 ἀντιλεγομένως
2724 3222 2945 3292 quidem
2984 3222 3139 3278 libris
3157 3193 3373 3293 praeter—

139 3306 243 3375 dat,
293 3320 597 3381 quaterque
674 3327 794 3365 eam
866 3310 1104 3379 apostolo
1177 3309 1444 3364 Barnaba:
1483 3307 1694 3363 tribuit.

142 3399 289 3469 (Vide
324 3419 489 3471 supra
508 3444 524 3471 ,
569 3403 710 3457 inter
738 3412 970 3456 ueterum
993 3402 1341 3470 testimonia.)

202 3492 254 3557 b)
286 3491 690 3564 Praeceptorem‘
711 3509 873 3550 suum
907 3501 1128 3548 secutus
1151 3501 1236 3548 est
1255 3491 1539 3563 Origenes.

204 3581 316 3641 Lib.
350 3601 364 3638 t
405 3596 579 3639 contr.
614 3585 751 3641 Cels.
773 3627 790 3652 ,
827 3602 883 3641 ιι.
932 3586 1022 3651 65,
1060 3594 1100 3641 ι.
1127 3584 1169 3653 Ι,
1203 3601 1256 3655 p.
1295 3585 1400 3640 578
1430 3585 1515 3640 ed.
1546 3585 1650 3639 ΒΒ.
1683 3604 1696 3640 :

143 3674 456 3743 Γέγραπται
482 3677 559 3746 δὴ
580 3677 650 3731 ἐν
670 3677 746 3747 τῇ
768 3677 1043 3747 Βαρνάϐα
1067 3676 1357 3746 καθολικῇ
1370 3675 1664 3744 ἐπιστολῇ
1682 3693 1695 3706 ·

142 3763 221 3820 ὅτι
260 3768 577 3835 ἐξελέξατο
605 3768 746 3836 τοὺς
788 3768 978 3835 ἰδίους
1016 3769 1397 3834 ἀποστόλους
1439 3766 1697 3836 Ἰησοῦς,

144 3858 305 3927 ὄντας
338 3861 491 3931 ὑπὲρ
511 3860 719 3917 πᾶσαν
743 3862 998 3932 ἀνομίαν
1028 3858 1455 3929 ὰνομωτέρους.
1486 3858 1618 3931 Cap.
1643 3860 1697 3915 5.

206 3952 277 4007 De
303 3957 472 4025 princ.
514 3970 600 4020 ιη,
643 3970 693 4010 c.
739 3954 795 4020 2,
845 3970 903 4007 η.
949 3954 1004 4018 4,
1043 3960 1085 4007 ι.
1130 3952 1170 4017 1,
1212 3966 1267 4021 p.
1300 3950 1403 4005 MO
1442 3969 1455 4005 :
1497 3950 1701 4003 Eadem

143 4059 327 4115 quoque
353 4045 635 4100 Barnabas
667 4047 724 4099 in
752 4045 999 4115 Epistola
1020 4062 1116 4099 sua
1140 4044 1397 4109 declarat,
1422 4060 1542 4096 cum
1565 4042 1699 4095 duas

144 4138 246 4191 vias
270 4156 374 4194 esse
398 4141 555 4205 dicit,
585 4157 743 4194 unam
774 4140 929 4207 lucis,
960 4139 1187 4193 alteram
1210 4137 1563 4205 tenebrarum,
1585 4138 1703 4207 qui-

146 4227 230 4280 bus
253 4238 298 4282 et
324 4246 548 4299 praeesse
583 4242 751 4284 certos
774 4247 1009 4300 quosque
1030 4230 1242 4300 angelos
1263 4230 1392 4283 dicit
1419 4243 1437 4280 :
1467 4230 1564 4282 uiae
1585 4228 1704 4297 qui-

145 4318 251 4372 dem
284 4320 414 4377 lucis
452 4323 669 4393 angelos
700 4322 825 4391 Dei,
861 4324 1195 4378 tenebrarum
1225 4331 1399 4375 autem
1421 4322 1518 4375 uite
1547 4336 1704 4390 ange-

146 4410 215 4463 los
238 4410 472 4469 Satance.
496 4414 630 4484 Cap.
674 4414 759 4469 18.

211 4504 383 4565 Sacris
410 4522 631 4580 quoque
664 4504 963 4579 Scriptum
992 4509 1255 4582 Origenes
1278 4506 1567 4580 epistolam
1600 4520 1702 4565 no-

210 4716 316 4789 (66)
347 4718 622 4789 Bibl._uet.
654 4717 771 4774 PP.
796 4758 812 4783 ,
847 4728 888 4774 t.
921 4719 963 4785 l,
995 4718 1206 4789 Proleg.
1242 4734 1296 4789 p.
1338 4734 1523 4789 sxxrv.

211 4787 315 4858 (67)
341 4788 456 4844 Cir.
484 4787 813 4854 Olshausen,
850 4787 1208 4845 Commentar.
1235 4787 1257 4855 ζ
1288 4799 1327 4842 t.
1356 4788 1443 4855 lll,
1478 4806 1533 4857 p.
1568 4788 1693 4856 785,

148 4866 193 4909 et
222 4858 457 4930 libellum
492 4874 674 4930 meum
703 4875 867 4930 supra
897 4860 1123 4914 citatum
1145 4900 1158 4917 .
1188 4876 1244 4929 p.
1274 4858 1344 4912 27
1384 4869 1437 4913 et
1459 4859 1551 4913 28.

233 4928 317 4999 68)
345 4929 456 4983 CI'r.
487 4929 733 4982 libellum
770 4928 974 4992 meum,
1010 4945 1061 4999 p.
1096 4928 1205 4985 251
1228 4945 1350 4999 sqq.
1386 4942 1439 4983 et
1468 4930 1587 4985 159.

234 4998 317 5067 69)
346 4999 602 5055 Biblioth.
640 5001 728 5053 des
759 4998 1151 5066 auteurs,etc.,
1180 5009 1218 5053 t.
1252 5001 1291 5053 l.

212 5068 317 5140 (70)
340 5069 405 5123 In
427 5081 687 5140 apparatu
706 5071 774 5123 ad
798 5070 1124 5140 Bibl._Maa:.
1152 5067 1292 5133 PP.,
1319 5076 1358 5122 t.
1381 5068 1419 5134 Ι,
1452 5069 1585 5124 diss.
1611 5085 1695 5123 ιιι.

213 5137 318 5209 (71)
348 5137 613 5195 Βίὁι.ὐει.
645 5139 786 5203 ΡΡ.,
812 5150 849 5193 t.
884 5140 924 5200 1,
950 5138 1161 5209 Proleg.
1191 5155 1242 5208 p.
1275 5155 1402 5191 xxix
1431 5154 1553 5207 sqq.

213 5140 291 5199 (71
348 5140 484 5193 Bibl.
514 5151 613 5195 vet.
645 5140 786 5203 PP.,
812 5150 849 5193 t.
884 5140 924 5200 1,
950 5140 1161 5209 Proleg.
1191 5155 1242 5208 p.
1275 5155 1402 5191 xxix
1431 5154 1553 5207 sqq.

212 5140 318 5277 (72l
332 5278 337 5279 ν
349 5209 419 5263 De
434 5209 690 5279 Epistolas
705 5227 819 5279 qua:
838 5209 1101 5263 Barnabaa
1124 5209 1375 5262 tribuitur
1401 5209 1692 5263 authentia.

150 5273 614 5470 Ῐέζζέἱίἶίιηωηι.
639 5351 705 5405 de
727 5351 999 5405 authentia
1024 5350 1125 5421 Ep.
1148 5349 1434 5404 Burnabw.
1460 5348 1693 5415 Hafniaa,

218 5487 324 5556 (74)
358 5490 414 5543 ln
445 5490 667 5545 Guerike
698 5500 748 5545 et
778 5489 1084 5545 Rudelbach
1118 5490 1423 5561 Zeitsc/trift
1447 5489 1534 5559 fur
1561 5489 1698 5544 luth.

159 5553 344 5624 Theol.,
370 5561 528 5619 1840,
560 5562 695 5617 fasc.
724 5562 778 5615 2.

220 5627 323 5700 (75)
352 5627 408 5700 ln
464 5631 716 5700 Epistolae
748 5642 948 5685 nostrae
980 5633 1238 5687 editione.

220 5696 325 5772 (Ξρ)
350 5696 767 5772 Apud—Fabric”
793 5702 935 5756 Bibl.
962 5704 1169 5765 eccles.,
1194 5718 1247 5772 p.
1290 5702 1378 5765 42,
1408 5699 1437 5770 §
1468 5702 1553 5755 10.

220 5716 325 5765 (ιο)
350 5716 389 5750 A
432 5716 501 5753 uu
527 5716 767 5765 raurtc.,
793 5716 935 5756 152m.
962 5716 1169 5765 ecctes.,
1194 5718 1247 5772 p.
1290 5716 1338 5754 ατ

220 5766 321 5835 (77)
354 5716 496 5824 Ηῐέδι.
522 5774 725 5841 eccles.,
753 5787 875 5829 saec.
905 5790 941 5837 ι,
969 5790 1017 5829 c.
1050 5774 1131 5839 12,
1165 5781 1264 5827 art.
1286 5773 1338 5827 8.

1798 3309 2005 3378 missis,
2043 3310 2200 3380 μηδὲ
2226 3311 2332 3377 τὰς
2371 3312 2851 3383 άντιλεγομέναςε
2873 3313 3213 3382 παρελθώνο
3259 3315 3374 3383 τὴν

1810 3401 2025 3468 Ἰούδα,
2055 3403 2233 3475 λέγω,
2275 3404 2373 3458 καὶ
2401 3405 2509 3471 τὰς
2544 3405 2759 3471 λοιπὰς
2790 3406 3110 3471 καθολικὰς
3135 3405 3373 3459 ἐπιστο-

1798 3493 1932 3560 λὰς,
1960 3492 2075 3562 τήν
2100 3511 2163 3548 τε
2190 3494 2466 3564 Βαρνάϐα
2502 3495 2603 3549 καὶ
2630 3495 2745 3565 τὴν
2768 3496 2995 3565 Πέτρου
3037 3496 3371 3565 λεγομένην

1807 3583 2231 3653 Ἀποκάλυψιν.
2275 3582 2663 3639 Auctoritatem
2723 3582 2888 3654 igitur
2942 3576 3222 3650 epistolae,
3265 3585 3375 3627 non

1794 3676 1914 3746 ejus
1941 3677 2288 3740 authentiam,
2313 3674 2580 3733 Eusebius
2615 3676 2669 3731 in
2705 3675 2929 3732 dubium
2961 3668 3196 3726 vocavit.

1870 3763 2013 3820 Pene
2051 3763 2238 3819 eadem
2281 3761 2509 3818 dicenda
2554 3770 2683 3818 sunt
2727 3761 2795 3816 de
2835 3760 3191 3832 Hieronymo,
3234 3759 3371 3813 scri-

1801 3860 1963 3916 bente
2004 3876 2017 3912 :
2062 3854 2342 3910 Barnabas
2390 3854 2637 3925 Cyprius,
2683 3854 2773 3925 qui
2811 3862 2863 3907 et
2905 3851 3099 3922 Ioseph
3142 3850 3365 3913 Levites,

1802 3968 1920 4006 cum
1949 3947 2122 4002 Paulo
2167 3949 2401 4018 gentium
2448 3946 2719 4015 apostolus
2759 3946 3060 4009 ordinatus,
3098 3960 3259 3999 unam
3300 3943 3369 3995 ad

1801 4042 2201 4111 aediﬁcationem
2237 4037 2488 4092 Ecclesia
2509 4039 2851 4107 pertinentem
2872 4036 3148 4106 epistolam
3169 4050 3372 4103 compo-

1801 4131 1929 4195 suit,
1963 4143 2080 4199 qute
2118 4133 2255 4180 inter
2299 4124 2622 4195 apocrypltas
2671 4126 2962 4193 scripturas
3012 4125 3202 4194 legitur
3231 4125 3366 4195 (87).

1801 4220 1975 4288 Quem
2019 4219 2073 4273 in
2107 4218 2291 4274 locum
2333 4217 2466 4272 scite
2508 4215 2839 4271 Pearsonius
2891 4216 3004 4286 (88)
3041 4234 3054 4269 :
3106 4215 3371 4270 Barnaba:

1804 4319 2102 4391 Epistolam
2123 4318 2288 4388 fuisse
2319 4315 2484 4369 tradit
2512 4313 2943 4385 (Hieronymus),
2975 4330 3079 4367 non
3107 4314 3210 4383 ipsi
3245 4329 3370 4381 sup-

1802 4413 2051 4482 positam,
2080 4415 2172 4461 aut
2200 4406 2476 4475 spuriam;
2509 4421 2528 4456 ι
2559 4403 2628 4456 αά
2650 4402 3053 4472 aediﬁcationem
3070 4400 3324 4456 Ecclesia:
3343 4420 3362 4451 ι

1805 4503 2118 4576 pertinuisse
2164 4497 2384 4565 asserit,
2421 4512 2525 4552 non
2570 4495 2749 4567 itaque
2794 4495 3092 4550 hereticam
3123 4495 3367 4565 putavit,-

1895 4719 1983 4786 78)
2023 4714 2259 4770 Histoire
2288 4712 2529 4785 generale
2569 4713 2659 4768 des
2695 4718 2930 4775 auteurs,
2973 4717 3079 4763 etc.
3139 4716 3178 4761 t.
3223 4705 3264 4772 l,
3310 4722 3361 4776 p.

1798 4791 1904 4845 698
1927 4803 2048 4858 sqq.

1871 4846 1988 4927 (791
2008 4846 2077 4911 1η
2108 4856 2328 4912 selectis
2359 4853 2628 4924 capitibus
2649 4850 2900 4905 Historia:
2918 4846 3214 4909 eccl.,s:ec.
3248 4862 3287 4911 ι,
3322 4855 3363 4902 t.

1798 4928 2374 5124 1,6E802)0Commentar.
2419 4995 2482 5047 de
2522 4992 2674 5047 rebus
2715 4990 2914 5046 Christ.
2959 4987 3143 5043 Const.
3186 4986 3282 5055 M.,
3308 5004 3360 5057 p.

1876 5139 1988 5209 (81)
2029 5134 2453 5209 Ιέὶδιονξαλιίιοοέ.
2486 5134 2758 5209 critica.__t.
2787 5127 3068 5209 l_,_p._l50.
3094 5196 3132 5209 Π
3198 5198 3209 5208 ⁹

1876 5196 2011 5280 (82)⁸
2038 5205 2484 5280 Zeitscltriftfiir
2518 5205 2625 5280 _das
2684 5196 3040 5280 Ertnzbisthum
3086 5196 3361 5265 Freiburg.

1806 5272 2044 5339 Fasc.'2,
2077 5294 2132 5346 p.
2178 5272 2319 5342 1'52;
2353 5272 2572 5346 [asc._5,
2601 5288 2654 5342 p.
2691 5272 2797 5346 208
2830 5287 2949 5346 sqq.

1872 5295 1959 5335 ISC.
1988 5287 2044 5339 2,
2077 5294 2132 5346 p.
2161 5287 2319 5357 uox;
2353 5287 2491 5357 tasc.
2518 5287 2572 5339 5,
2601 5288 2654 5342 p.
2691 5287 2797 5325 ‘zuo
2830 5287 2949 5394 9%.

1872 5350 1987 5420 (85)
2013 5347 2238 5420 Studien
2262 5362 2313 5399 u.
2347 5343 2687 5420 Kftltke-n,_l.
2712 5341 2753 5408 1,
2778 5358 2878 5420 pL
2950 5341 2997 5393 1.

1877 5411 1993 5490 (84)
2029 5415 2451 5490 Hircheugesch,
2470 5422 2507 5490 t_.
2539 5411 2584 5490 _l_,
2615 5413 2669 5479 5,
2695 5428 2746 5490 ρ..

1875 5480 1990 5561 (85)
2022 5487 2244 5561 Studien
2266 5480 2668 5561 und__Kritiken,
2696 5480 2763 5549 11,
2790 5481 2914 5561 525⁸.

1876 5548 1987 5628 (86)
2020 5557 2174 5628 Βᾶθι.-
2194 5553 2664 5628 Realworterbuch,
2702 5569 2830 5628 s.uv.
2861 5548 3134 5603 Barnabas

1875 5622 1985 5697 (87)
2018 5625 2194 5699 ροισι.
2224 5626 2406 5699 script.
2438 5622 2641 5686 eccles.,
2671 5638 2719 5677 ο.
2928 5686 3029 5699 ΛΜ
3088 5686 3123 5699 η

1873 5683 1987 5769 (88)
2027 5696 2231 5751 Vindic.
2267 5683 2467 5763 Igitat.,
2501 5709 2552 5762 p.
2580 5683 2707 5757 1,0.
2740 5693 2801 5759 4,
2839 5707 2890 5760 p.
2928 5686 3051 5741 289.
3085 5684 3196 5739 Cl'r.
3233 5683 3358 5740 Gul-

1803 5770 1971 5836 |and.,
2002 5770 2037 5824 l.
2071 5782 2143 5835 (κ,
2176 5783 2227 5836 p.
2261 5782 2384 5819 xxx.
