3818 6216
450 348 559 404 725

1642 355 1709 427 β.
1747 356 2113 418 BARNABAS
2152 360 2573 425 Aposrows.

3637 367 3734 421 7'21

458 484 477 515 ε
511 466 638 519 lect:
658 480 707 518 7n
739 474 914 521 tamen
942 466 1083 523 inter
1111 469 1770 542 apocryphasScripturas
1810 496 1826 527 ι
1861 476 2034 543 docet,
2066 488 2306 543 Asmum
2328 481 2596 538 fervorem
2629 482 2683 536 in
2716 480 2944 551 epistola
2983 482 3052 537 ad
3081 480 3413 553 Diognetum
3458 484 3731 551 reperies.

453 571 545 607 nec
567 554 631 607 ab
659 554 903 610 Ecclesia
930 558 1265 627 repudiatam
1291 561 1486 616 innuit.
1514 561 1822 635 Apocryphi
1852 575 2034 623 autem

452 646 581 699 libri
619 656 731 701 tum
764 648 801 702 ii
832 660 1135 717 vocantur,
1176 653 1271 721 qui
1308 654 1609 710 authenticl
1663 656 1907 725 quidem,
1942 661 2034 715 sed

451 745 520 795 ab
570 744 898 801 auctoritate
949 747 1219 801 canonica
1260 749 1503 813 remoti,
1553 759 1608 805 et
1649 750 1705 805 in
1748 767 2033 809 sacrarum

454 832 869 905 Scripturarum
911 853 1121 892 canone
1170 854 1282 893 non
1330 842 1558 910 repositi
1605 852 1769 911 sunt;
1811 854 1924 900 tum
1973 845 2033 909 ii,

451 922 546 989 qui
594 938 700 977 non
750 933 881 979 sunt
927 940 1144 993 eorum,
1180 943 1415 997 quorum
1451 931 1624 986 titulis
1662 944 2037 1002 praenotantur

452 1009 932 1086 (ψευδεπίγραφοι).
962 1012 1360 1087 Hieronymum
1384 1019 1555 1087 priori
1580 1035 1745 1076 sensu
1769 1019 2036 1077 Barnaba:

449 1106 737 1174 epistolam
785 1109 1155 1179 apocrypham
1195 1112 1501 1180 appellasse
1534 1121 1701 1182 patet,
1747 1130 1872 1169 cum
1911 1131 2031 1171 eam

449 1196 713 1252 Barnaba:
762 1200 981 1268 quidem
1036 1201 1299 1267 ascribat,
1357 1212 1413 1258 et
1469 1204 1835 1261 nihilominus
1894 1206 2035 1262 inter

448 1293 792 1364 apocryphas
813 1294 1129 1363 Scripturas
1168 1312 1289 1349 eam
1331 1297 1529 1351 lectam
1566 1313 1690 1354 esse
1715 1301 2031 1355 contendat.

521 1381 859 1439 Testimonia
884 1386 1050 1456 igitur
1073 1390 1400 1459 scriptorum
1430 1392 1779 1460 antiquorum
1803 1394 2035 1447 authen-

448 1475 537 1529 tim
566 1475 825 1545 Epistola
852 1477 1038 1533 favere
1062 1494 1225 1535 nemo
1257 1482 1493 1552 negabit.
1528 1481 1896 1541 Nihilominus
1924 1500 2033 1539 non

448 1564 661 1622 levibus
706 1569 839 1623 moti
870 1572 1211 1639 argumentis
1241 1586 1359 1627 eam
1396 1574 1700 1643 apostolico
1734 1576 1849 1630 viro
1878 1576 2035 1647 abju-

447 1657 738 1713 dicandam
770 1676 1081 1718 censemus.

520 1752 573 1806 1.
618 1753 676 1807 Si
716 1751 957 1823 Epistola
990 1764 1178 1812 nostra
1205 1758 1276 1813 ab
1316 1758 1558 1828 antiquis
1587 1775 1686 1830 pro
1716 1760 2030 1817 authentica

2210 572 2298 628 ΙΙΙ.
2361 573 2571 630 Revera
2619 575 2813 646 primis
2872 575 3059 630 saeculi
3106 574 3331 630 secundi
3381 574 3733 643 temporibus

2138 666 2243 721 107
2281 698 2306 707 -
2343 666 2447 721 120
2470 667 2767 738 Epistolam
2794 678 3036 723 nostram
3060 676 3337 721 exaratam
3363 682 3492 721 esse
3518 676 3728 736 putem.

2210 764 2261 813 1.
2304 758 2437 815 Post
2476 760 2816 815 eversionem
2851 761 3038 830 templi
3080 758 3582 831 Hierosolymitani
3612 774 3733 813 eam

2138 852 2397 923 scriptam
2428 868 2581 920 esse,
2610 869 2679 907 ex
2714 854 2892 923 capite
2923 853 2989 906 16
3032 854 3167 908 satis
3206 852 3395 922 liquet.
3443 850 3545 907 Sic
3585 852 3731 905 enim

2136 944 2251 998 ibi:
2283 944 2383 998 Διὰ
2422 947 2529 1016 γὰρ
2572 945 2634 998 τὸ
2674 945 2928 1018 πολεμεῖν
2974 945 3136 1007 αὐτὸς
3177 942 3457 1017 καθῃρέθη
3489 945 3545 1013 (ὁ
3586 942 3733 1013 ναὸς)

2138 1036 2241 1089 ὑπὸ
2278 1036 2660 1109 τῶνὲχθρῶν·
2696 1036 2789 1091 νῦν
2822 1054 2875 1090 κ.
2908 1053 2958 1089 τ.
2988 1035 3035 1087 λ.
3073 1035 3176 1102 Qui
3214 1036 3373 1090 aliter
3411 1050 3593 1103 quam
3636 1048 3735 1087 nos

2135 1128 2513 1199 distinguunt,
2537 1138 2593 1184 et
2618 1128 3032 1182 τὸνῦνιιοηιίιιί
3065 1126 3274 1199 ἐχθρῶν
3308 1127 3589 1197 jungunt,
3626 1136 3734 1180 sta-

2136 1218 2231 1273 tim
2270 1228 2395 1289 post
2418 1235 2623 1275 annum
2651 1219 2717 1274 70
2743 1230 2799 1287 p.
2827 1220 2930 1276 Ch.
2964 1236 3019 1275 n.
3048 1221 3147 1276 has
3172 1220 3383 1273 litteras
3413 1219 3585 1273 datas
3612 1233 3733 1271 esse

2135 1310 2472 1365 contendunt
2501 1309 2635 1382 (90).

2205 1403 2261 1458 2.
2304 1401 2505 1459 Primis
2532 1402 2715 1458 Steculi
2742 1402 2965 1457 secundi
3006 1401 3376 1471 temporibus,
3418 1397 3730 1461 Judaistaz,

2136 1494 2436 1550 Ecclesiam
2481 1496 2537 1550 in
2584 1495 2890 1564 periculum
2934 1503 3221 1559 vocantes,
3252 1493 3446 1547 eodem
3493 1491 3729 1546 ferventi

2135 1587 2301 1641 modo
2325 1586 2786 1657 impugnabantur
2815 1601 2844 1639 a
2884 1584 2941 1639 S.
2973 1584 3179 1657 lgnatio
3199 1585 3551 1640 Antiocheno
3580 1584 3729 1639 etab

2135 1687 2361 1735 auctore
2390 1679 2634 1749 epistolae
2671 1680 2737 1735 ad
2770 1680 3115 1751 Di0gnetum.

2208 1772 2261 1826 5.
2303 1771 2421 1827 Νοιι
2449 1781 2573 1827 ante
2606 1774 2865 1827 saeculum
2904 1773 3207 1828 secundum
3242 1770 3556 1827 Christiani
3595 1765 3731 1820 Sab-

448 1842 646 1899 fuisset
695 1856 972 1915 reputata,
1009 1857 1155 1903 certe
1206 1849 1347 1904 inter
1397 1850 1566 1905 llbl'OS
1620 1853 1919 1908 ρειηοιιίροε
1967 1870 2030 1909 ea
2064 1847 2105 1901 Β
2134 1865 2322 1920 δθιυω
2351 1865 2626 1921 celebrare
2656 1865 2968 1931 desierunt;
3001 1865 3147 1936 quod
3163 1865 3279 1934 iam
3310 1863 3592 1927 evenisse,
3616 1860 3719 1930 cpi.

446 1936 749 2005 legeretur;
794 1938 939 1993 sicut
975 1939 1313 2010 Augustinus
1343 1941 1411 1995 de
1440 1943 1767 2013 apocryphis
1800 1943 2031 1999 Andreae

446 2037 501 2082 et
526 2026 756 2084 Joannis
788 2029 922 2084 dicit
954 2049 967 2085 :
1001 2028 1063 2085 Si
1102 2031 1321 2087 illarum
1362 2042 1570 2101 essent,
1604 2043 1815 2104 recepta
1858 2046 2030 2091 essent

448 2119 511 2173 ab
544 2118 779 2174 Ecclesia
809 2121 945 2193 (89).

516 2209 572 2265 2.
618 2210 916 2282 Epistolam
954 2222 1198 2269 nostram
1236 2225 1353 2285 post
1390 2218 1732 2275 eversionem
1771 2217 2030 2276 Hieroso-

444 2304 604 2375 lyma:
635 2315 917 2361 exaratam
960 2322 1115 2374 esse,
1156 2324 1221 2361 ex
1249 2326 1369 2380 cap.
1411 2310 1478 2365 16
1516 2311 1675 2367 facile
1710 2314 2025 2383 conjicitur.

447 2393 554 2451 Sed
578 2413 742 2467 supra
769 2398 849 2454 lit.
873 2398 893 2451 l
918 2400 1155 2455 vidimus
1174 2442 1189 2467 ,
1221 2400 1526 2457 Barnabam
1557 2405 1677 2459 sine
1706 2406 1873 2462 dubio
1904 2415 2032 2463 tunc

444 2488 708 2557 temporis
736 2504 844 2543 non
877 2491 1115 2560 amplius
1147 2492 1201 2546 in
1233 2494 1371 2549 vivis
1400 2495 1636 2565 degisse.

516 2581 573 2638 5.
611 2580 803 2651 Capite
833 2583 866 2637 5
909 2584 1141 2653 apostoli
1186 2586 1339 2654 ὑπὲρ
1373 2586 1580 2642 πᾶσαν
1625 2590 1917 2660 ἁμαρτίαν
1963 2593 2031 2646 d-

442 2671 761 2741 νομώτεροι
784 2685 1067 2729 vocantur.
1106 2675 1259 2732 Talia
1292 2676 1629 2749 Barnabam,
1659 2684 2031 2753 apostolorum

444 2765 689 2831 Socium,
726 2767 930 2823 dixisse
962 2768 1050 2822 vix
1095 2779 1300 2838 putem.
1351 2770 1459 2827 Ista
1508 2784 1691 2830 autem
1734 2776 2033 2848 hyperbola

444 2860 621 2915 multo
653 2860 830 2930 magis
852 2862 1075 2917 secundi
1102 2864 1287 2919 δεκουΙί
1314 2866 1586 2921 rhetorem
1612 2868 1815 2938 prodit.

516 2950 569 3006 4.
590 2950 722 3018 Quae
742 2955 916 3024 capite
929 2952 996 3008 10
1012 2954 1348 3011 incredibilia
1366 2958 1432 3012 de
1447 2958 1652 3029 lepore,
1671 2960 1885 3032 hytena,
1903 2971 2031 3027 etc.,

442 3042 818 3114 proferuntur,
838 3047 1012 3119 magis
1034 3058 1354 3120 nugatorem
1383 3051 1848 3121 allegorizantem,
1869 3071 2033 3125 quam

446 3137 761 3207 apostolum
792 3141 1059 3195 redolent.

2132 1960 2273 2017 stola
2304 1971 2489 2013 nostra
2516 1958 2673 2013 docet
2702 1974 2751 2013 c.
2781 1959 2868 2014 15.

2203 2049 2258 2106 4.
2298 2047 2503 2103 Auctor
2532 2047 2786 2118 Epistola:
2811 2057 3012 2102 nostra:
3033 2055 3219 2102 contra
3252 2044 3476 2100 eosdem
3504 2043 3721 2099 haereti-

2133 2156 2264 2208 cos,
2306 2140 2589 2196 Judaistas
2639 2149 2693 2194 et
2742 2138 3009 2207 Docetas,
3064 2138 3229 2193 verba
3276 2136 3443 2202 facit,
3473 2153 3619 2207 quos
3663 2137 3720 2190 S.

2132 2232 2375 2304 lgnatius
2402 2231 2690 2301 vituperat.
2732 2228 2801 2284 Ut
2831 2230 2953 2295 hic,
2980 2229 3052 2283 ita
3081 2238 3135 2283 et
3165 2225 3363 2281 Noster
3390 2226 3724 2279 incarnatio—

2135 2341 2251 2378 nem
2296 2323 2501 2379 Christi
2547 2332 2737 2378 contra
2786 2320 3018 2378 Docetas
3062 2321 3135 2393 (c.
3168 2320 3201 2375 5
3242 2328 3295 2374 et
3337 2318 3393 2389 6)
3425 2318 3723 2388 pnedicare

2134 2427 2364 2473 conatus
2386 2426 2491 2473 εει.

2204 2511 2258 2568 5.
2289 2511 2735 2583 Theologumena
2761 2509 2931 2565 multa
2962 2507 3217 2577 Epistola;
3241 2513 3469 2568 nostrae,
3496 2518 3723 2573 praeser—

2137 2600 2232 2655 tim
2261 2601 2439 2670 quoad
2480 2601 2809 2671 typologiam
2829 2641 2843 2665 ,
2872 2598 3149 2653 simillima
3179 2606 3306 2651 sunt
3348 2595 3623 2649 doctrinae
3664 2592 3719 2647 S.

2134 2690 2335 2747 Justini
2376 2702 2431 2749 et
2470 2691 2825 2757 Tertulliani,
2874 2690 2912 2744 i.
2954 2705 3005 2744 e.
3036 2689 3363 2760 scriptorum
3397 2686 3593 2740 sa:qu
3640 2701 3726 2740 se-

2135 2782 2320 2837 cundL

2190 2867 2264 2929 ’6.
2304 2874 2363 2928 In
2407 2874 2664 2929 omnibus
2706 2873 2989 2929 codicibus
3020 2872 3260 2942 antiquis
3290 2869 3539 2940 Epistola
3589 2867 3720 2921 Bar-

2138 2966 2294 3021 nabte
2349 2968 2643 3036 postposita
2691 2975 2775 3021 est
2825 2966 3069 3035 epistolae
3116 2962 3435 3034 Polycarpi,
3490 2960 3722 3014 fortaSse

2138 3057 2267 3129 quia
2295 3056 2505 3128 junior,
2529 3067 2676 3112 certe
2699 3072 2807 3110 non
2834 3062 3006 3110 multo
3029 3054 3303 3125 antiquior
3332 3053 3653 3122 putabatur.

2213 3149 2264 3203 7.
2318 3148 2437 3204 Non
2489 3149 2563 3204 ita
2617 3150 2789 3204 multo
2832 3160 2956 3219 post
3008 3164 3211 3203 annum
3263 3146 3367 3202 120
3417 3144 3721 3216 Epistolam

519 3228 574 3284 5.
619 3228 937 3300 Barnabas,
977 3233 1071 3303 qui
1116 3236 1433 3305 provincias
1468 3238 1613 3293 Asiae
1655 3236 1881 3296 ‘llinoris
1908 3256 2033 3311 per-
2061 3228 2100 3244 ν
2136 3252 2379 3297 nostram
2410 3244 2775 3312 conscriptam
2802 3257 2923 3297 esse
2945 3282 2961 3306 ,

448 3331 753 3391 agraverat,
768 3322 1080 3395 multosque
1103 3340 1277 3383 annus
1306 3328 1609 3384 Antiochia:
1633 3330 1687 3384 in
1706 3329 1863 3401 Syria
1885 3334 2033 3386 vixe-

446 3422 564 3482 rat,
621 3415 758 3471 bene
808 3425 1151 3487 compertum
1202 3419 1407 3477 habere
1456 3422 1677 3491 debuit,
1727 3422 1927 3480 falsum
1978 3424 2029 3479 id

445 3521 604 3573 esse,
656 3510 801 3579 quod
853 3512 1030 3581 capite
1080 3511 1113 3566 9
1151 3512 1474 3579 allirmatur,
1526 3529 1718 3571 omnes
1760 3516 2029 3572 idolorum

448 3600 764 3656 sacerdotes
798 3600 1074 3674 Syrosque
1103 3619 1293 3660 omnes
1327 3620 1450 3661 esse
1487 3606 1867 3664 circumcisos.

520 3687 575 3743 6.
618 3688 923 3747 Innumerae
964 3694 1235 3763 allegoriae
1272 3696 1576 3765 nugatoria:
1600 3738 1617 3765 ,
1648 3698 1952 3766 prazsertim
1980 3714 2029 3753 c.

449 3780 486 3835 5
527 3782 715 3849 ~11,
760 3784 828 3838 ab
864 3784 956 3841 illo
987 3800 1095 3840 non
1136 3800 1371 3857 possunt
1393 3804 1515 3844 esse
1547 3791 1903 3860 conscriptae,
1938 3791 2032 3860 qui

449 3883 676 3947 propter
701 3876 1027 3946 eloquentiae
1051 3879 1308 3935 ardorem
1346 3880 1415 3935 ab
1450 3881 1714 3951 apostolis
1761 3893 1930 3961 omn;
1957 3893 2034 3959 '1;

449 3989 537 4036 est
559 3983 885 4053 appellatus.

524 4074 575 4129 7.
616 4074 810 4141 Quoad
844 4090 1032 4132 sacros
1056 4074 1369 4133 Iudaeorum
1402 4079 1541 4133 ritus
1567 4077 2033 4151 falsaqumdamin

448 4164 681 4234 cpistola
730 4174 917 4221 nostra
963 4181 1014 4221 c.
1057 4165 1087 4218 7
1116 4178 1168 4220 et
1216 4168 1248 4221 8
1295 4168 1569 4238 leguntur,
1626 4185 1748 4239 quae
1795 4168 2032 4225 Levitam

449 4254 755 4310 Barnabam
778 4296 793 4322 ,
826 4256 921 4324 qui
952 4256 1160 4310 diutius
1192 4255 1587 4330 Hierosolymis
1618 4260 1861 4329 vixerat,
1932 4271 2034 4311 au-

445 4357 653 4403 Ctorem
665 4349 869 4406 habere
900 4364 1010 4409 non
1034 4359 1287 4420 possunt.

523 4442 576 4495 8.
619 4441 865 4514 Epistola
896 4455 1083 4499 nostra
1117 4444 1316 4514 injuste
1351 4444 1418 4500 de
1447 4443 1731 4503 Judaismo
1760 4448 2032 4520 disputat,

2205 3340 2263 3405 α)
2301 3349 2365 3388 ex
2392 3335 2569 3404 capite
2600 3334 2665 3387 16
2699 3343 2878 3403 patet,
2906 3333 2996 3388 ubi
3028 3333 3095 3387 de
3133 3331 3417 3387 eversione
3461 3328 3720 3385 Hieroso-

2346 3427 2506 3498 lyma:
2530 3426 2603 3481 ita
2625 3426 2934 3491 disseritur,
2971 3433 3030 3479 ut
3057 3425 3235 3495 palam
3268 3423 3339 3477 sit
3371 3422 3579 3476 ᾸΞιίειιη
3622 3424 3721 3477 Ca—

2346 3518 2632 3589 pitolinam
2681 3519 2924 3573 nondum
2980 3516 3047 3571 ab
3111 3516 3352 3570 Adriano
3402 3513 3581 3569 fuisse
3632 3528 3723 3568 ex-

2348 3618 2631 3665 structam.

2209 3701 2262 3773 β)
2300 3698 2432 3756 Post
2460 3718 2663 3756 annum
2695 3700 2818 3767 157,
2845 3700 3085 3755 secundo
3106 3698 3250 3752 bello
3269 3696 3503 3751 Iudaico
3535 3696 3719 3763 ﬁnito,

2346 3796 2554 3849 nullum
2591 3793 2824 3864 amplius
2865 3791 3235 3847 Judaistarum
3279 3790 3588 3859 periculum
3632 3791 3722 3843 ad-

2345 3902 2468 3942 esse
2497 3895 2730 3957 poterat.
2759 3885 3003 3955 Denique

2191 3963 2260 4050 ιγ)
2300 3980 2492 4037 Celsus
2514 3981 2626 4051 jam
2653 3981 2799 4035 circa
2823 3994 3026 4033 annum
3054 3978 3157 4032 150
3190 4005 3229 4017 —
3260 3976 3363 4030 160
3386 3977 3723 4045 epristoltc

2347 4083 2546 4128 nostra!
2571 4088 2692 4141 cap.
2725 4073 2757 4125 5
2788 4071 2949 4142 (ὑπὲρ
2983 4071 3162 4123 πᾶσαν
3195 4068 3471 4139 ἁμαρτίαν
3507 4069 3722 4140 ἀνομώ-

2346 4166 2519 4239 τεροι)
2555 4166 2798 4221 convicia
2830 4173 3021 4220 contra
3049 4162 3323 4233 apostolos
3354 4162 3615 4217 hausisse
3647 4164 3722 4217 vi-

2347 4260 2505 4315 detur
2537 4259 2671 4329 (91).

2208 4351 2297 4407 IV.
2338 4351 2679 4419 Quibusnam
2714 4348 3009 4405 lectoribus
3050 4349 3293 4419 Epistola
3337 4350 3507 4404 fuerit
3551 4348 3719 4403 desti-

2136 4455 2300 4513 nata,
2353 4444 2576 4507 nullibi,
2612 4443 2894 4499 deﬁciente
2934 4442 3178 4511 pleniore
3219 4442 3572 4497 salutationis
3616 4442 3721 4495 ior-

450 4534 927 4592 circumcisionem
958 4536 1141 4591 carnis
1168 4539 1603 4607 superstitiosam
1631 4554 1752 4595 esse
1783 4556 2031 4610 pronun-
2063 4536 2108 4592 D
2138 4538 2285 4594 mula
2304 4579 2319 4604 ,
2344 4536 2507 4592 claris
2537 4536 2719 4590 verbis
2742 4549 3058 4604 expressum
3096 4542 3197 4587 est.
3222 4533 3488 4603 Origenes
3520 4533 3721 4601 episto-

450 4626 553 4680 tiat
582 4628 651 4696 (c.
672 4626 1065 4696 9),Sabbatum
1094 4628 1363 4698 vituperat
1393 4634 1463 4701 (c.
1496 4630 1609 4699 15),
1636 4632 1781 4703 leges
1810 4632 1975 4689 Mosis
1997 4649 2029 4687 a

449 4719 655 4775 Judzeis
687 4736 796 4774 non
825 4721 891 4775 ad
923 4722 1161 4777 litteram
1196 4722 1576 4793 intelligendas
1608 4722 1779 4779 fuisse
1805 4733 2033 4779 conten-

449 4814 531 4868 dit
560 4812 630 4882 (c.
666 4814 777 4884 10),
802 4823 857 4869 et
888 4814 1256 4873 oeconomiam
1298 4812 1509 4870 Veteris
1544 4814 1879 4872 Testamenti
1922 4832 2031 4871 non

448 4905 747 4977 Evangelio
768 4907 988 4961 demum
1010 4949 1026 4973 ,
1062 4906 1156 4961 sed
1176 4907 1290 4976 jam
1326 4906 1419 4960 illo
1452 4906 1541 4961 die
1560 4948 1576 4973 ,
1603 4922 1712 4976 quo
1738 4907 1916 4964 Moses
1950 4917 2035 4962 ta-

452 4998 611 5052 bulas
656 4998 789 5067 legis
835 4998 902 5052 de
952 4998 1207 5053 manibus
1252 4998 1512 5068 projecit,
1562 5000 1821 5053 abolitam
1873 5015 2031 5066 esse,

450 5087 779 5157 Judreosque
809 5098 941 5144 tunc
979 5098 1361 5144 testamentum
1407 5090 1461 5144 in
1492 5099 1813 5160 perpetuum
1852 5092 2035 5161 perdi-

450 5179 597 5233 disse
625 5179 783 5233 docet
809 5180 880 5249 (c.
914 5179 949 5234 4
980 5189 1034 5233 et
1061 5179 1173 5250 14).
1201 5179 1411 5236 Cuncta
1441 5182 1555 5236 haec
1591 5197 1700 5236 non
1731 5198 1762 5238 a
1784 5181 2030 5237 Barnaba

451 5278 769 5339 exspectes,
801 5271 930 5343 qui,
977 5278 1039 5324 ut
1085 5269 1268 5326 ﬁdeles
1311 5288 1341 5325 e
1382 5271 1636 5341 gentibus
1675 5282 1730 5327 et
1764 5288 1795 5327 e
1828 5271 2033 5330 Judazis

451 5371 836 5433 componeret,
864 5361 1211 5423 Antiochiam
1236 5370 1321 5417 est
1350 5363 1586 5432 missus;
1612 5363 1707 5418 sed
1729 5365 2030 5419 secundum

452 5458 714 5515 saeculum
750 5456 879 5513 talia
911 5457 1169 5529 sapiunt,
1198 5457 1544 5527 similemque
1572 5466 1767 5516 contra
1837 5449 2029 5513 ειυόαὶ-

524 5670 641 5743 (89)
672 5669 859 5726 Contr.
888 5671 1252 5728 adversarium
1278 5669 1432 5744 Legis
1468 5681 1518 5731 et
1554 5671 1958 5745 Pmplietarum,
1989 5689 2029 5739 ι,

456 5740 638 5881 20(90)
666 5809 936 5883 Galland.,
964 5813 1000 5870 ι.
1029 5829 1102 5882 c.,
1132 5829 1184 5884 p.
1226 5831 1411 5874 χχχιιι.

2136 4627 2243 4681 lam
2274 4635 2519 4682 nostram
2578 4623 2897 4678 catholicam
2950 4623 3228 4687 nominat;
3279 4624 3374 4677 sed
3424 4638 3495 4676 ex
3548 4624 3721 4690 capite

2135 4720 2313 4789 primo
2335 4726 2389 4771 et
2410 4717 2516 4770 ﬁne
2544 4715 2703 4771 ἰιοηὶ
2742 4715 2998 4782 patet,ad
3025 4723 3191 4766 certos
3212 4714 3481 4782 quosdam
3516 4714 3717 4775 ﬁdeles,

2136 4811 2356 4865 arctiori
2392 4807 2611 4861 vinculo
2635 4806 2843 4860 auctori
2873 4803 3125 4873 junctos,
3166 4804 3376 4857 litteras
3412 4803 3518 4858 has
3554 4804 3718 4859 fuisse

2134 4904 2312 4959 datas.
2343 4902 2737 4972 Argumentum
2770 4896 2961 4967 prima:
2995 4895 3165 4966 partis
3192 4895 3435 4964 epistolae
3471 4904 3528 4949 et
3558 4897 3717 4950 totius

2134 4992 2617 5053 demonstrationis
2667 4989 2957 5044 methodus
3006 4988 3267 5043 certiores
3317 5004 3418 5042 nos
3472 4987 3712 5050 faciunt,

2135 5097 2413 5143 auctorem
2447 5084 2512 5137 ad
2543 5080 2721 5151 ﬁdeles
2752 5096 2779 5133 e
2812 5079 3047 5144 ludatis,
3081 5078 3199 5133 sine
3247 5077 3415 5130 dubio
3488 5080 3721 5138 Helleni-

2135 5189 2272 5243 stas,
2309 5178 2546 5231 instante
2588 5173 2829 5243 periculo
2867 5169 3240 5225 Judaistarum
3289 5170 3452 5221 verba
3502 5168 3715 5224 fecisse.

2137 5266 2413 5320 Danielem
2456 5262 2724 5319 Schenkel
2763 5260 3124 5315 Basileensem
3145 5300 3160 5325 ,
3187 5258 3421 5311 certiora
3446 5258 3519 5313 de
3551 5259 3714 5315 lecto.

2132 5361 2286 5414 ribus
2311 5356 2675 5429 proferentem
2697 5396 2712 5422 ,
2741 5364 2947 5408 temere
2982 5352 3037 5408 id
3069 5351 3243 5421 egisse
3263 5388 3278 5414 ,
3321 5350 3453 5405 alibi
3495 5353 3713 5408 demon-

2130 5450 2423 5509 stravimus
2452 5448 2587 5520 (9‘2).

2213 5669 2325 5739 (91)
2348 5666 2640 5739 Qrigen._c.
2672 5665 2837 5739 Cels.,
2870 5680 2925 5717 η.
2955 5663 3045 5739 6'5,
3069 5673 3112 5717 t.
3136 5662 3187 5739 Δ1,
3218 5676 3271 5729 p.
3302 5660 3429 5739 _378_.

2214 5732 2326 5807 (92)
2364 5738 2419 5792 In
2449 5732 2663 5793 libello:
2714 5736 2819 5791 Das
2849 5735 3241 5792 settdscnrciben
3277 5732 3331 5786 d.
3384 5733 3450 5786 Α.
3510 5732 3699 5788 Barna-

2134 5813 2243 5876 bas,
2270 5822 2396 5877 ctc.,
2427 5825 2478 5879 p.
2518 5808 2619 5863 1⁵52
2644 5824 2727 5878 sq.
