3818 6216
138 373 245 430 735

139 597 241 643 tem
285 586 353 642 de
402 582 683 639 authentia
730 579 984 649 Epistola;
1029 578 1415 644 componeret,
1472 565 1703 637 probare

139 687 363 736 conatus
393 684 478 732 est
505 673 803 744 Epistolam
843 669 1106 725 Barnabas
1149 664 1441 736 genuinam
1483 656 1703 728 quidem

137 787 273 833 esse,
304 769 398 825 sed
421 784 530 823 non
556 768 847 836 integram,
876 774 1176 829 omnesque
1195 756 1316 827 ejus
1343 761 1543 824 partes,
1568 749 1704 804 viris

136 863 308 918 doctis
336 860 710 931 displicentes,
754 871 786 910 a
810 856 1131 923 therapeuta
1151 849 1411 921 quodam,
1438 843 1705 901 Christia-

139 968 325 1009 norum
348 966 506 1007 sacra
532 956 748 1013 secuto,
775 945 1042 1017 originem
1065 942 1326 1005 traxisse,
1353 938 1447 1008 qui
1476 935 1704 1007 mystica

139 1061 235 1103 sua
261 1042 525 1113 sapientia
564 1041 669 1094 viri
705 1036 989 1109 apostolici
1019 1036 1230 1090 litteras
1258 1041 1458 1102 augere
1498 1030 1569 1085 sit
1604 1044 1707 1083 au-

137 1153 247 1194 sus.
276 1135 391 1191 Nos
415 1143 605 1190 contra
645 1131 776 1187 alibi
809 1128 1174 1200 integritatem
1217 1123 1471 1194 Epistola:
1515 1119 1706 1176 defen-

136 1231 259 1286 dere
286 1227 600 1285 studuimus
631 1225 769 1295 (94).
800 1222 1000 1277 Paucis
1046 1232 1194 1274 nunc
1228 1231 1344 1271 rem
1376 1213 1654 1269 absolvam
1689 1254 1702 1267 .

205 1372 256 1427 1.
297 1368 543 1424 Secunda
578 1380 673 1422 seu
707 1362 1030 1433 paraenetica
1065 1374 1193 1428 pars
1227 1355 1483 1427 Epistola;
1504 1396 1518 1420 ,
1555 1370 1604 1410 c.
1640 1353 1706 1410 18

139 1462 307 1527 -21,
338 1475 459 1531 quae
483 1460 597 1529 jam
625 1465 752 1511 ante
775 1451 1160 1509 Schenkelium
1187 1464 1219 1504 a
1244 1447 1492 1519 pluribus
1520 1447 1577 1500 in
1600 1446 1706 1501 du-

140 1554 281 1608 bium
310 1552 630 1616 vocabatur,
654 1547 855 1620 quippe
885 1560 1007 1616 quae
1042 1543 1097 1598 in
1139 1540 1311 1597 veteri
1342 1537 1707 1595 versioneLa-

142 1648 245 1700 tina
276 1662 384 1701 non
411 1650 622 1705 exstet,

204 1759 258 1830 α)
292 1759 405 1830 jam
453 1757 525 1812 ab
577 1751 976 1824 antiquissimis
1022 1749 1134 1805 illis
1176 1745 1566 1817 scriptoribus,
1612 1742 1706 1813 qui

338 1848 503 1921 primi
559 1846 815 1917 Epistola:
856 1844 1189 1899 mentionem
1232 1838 1537 1904 faciebant,
1586 1834 1710 1890 Cle-

339 1950 527 1996 mente
575 1947 630 1994 et
669 1935 936 2009 Origene},
967 1936 1105 1992 lecta
1149 1941 1264 2000 est,
1297 1940 1351 1987 et
1390 1929 1608 1985 laudata
1654 1934 1709 1982 et

336 2033 523 2088 citata.

205 2123 255 2193 β)
293 2120 497 2178 Eadem
538 2121 594 2174 in
641 2119 933 2185 omnibus,
980 2130 1119 2186 quos
1162 2114 1465 2179 habemus,
1505 2110 1710 2167 Graecis

337 2215 624 2273 codicibus
652 2222 850 2270 exstat.

203 2312 255 2378 γ)
291 2306 412 2361 Νοιι
452 2307 637 2361 minus
669 2306 723 2360 in
752 2301 1143 2360 stichometriis
1165 2310 1411 2356 veterum
1436 2313 1562 2371 pars
1591 2296 1709 2352 haec

338 2397 581 2453 secunda
612 2394 1023 2451 numerabatur.

204 2493 258 2561 δ)
299 2491 488 2546 Sancti
518 2490 673 2545 Pauli
712 2502 931 2559 quoque
963 2485 1221 2557 Epistola“.
1246 2481 1387 2553 parti
1427 2480 1709 2537 didacticte

338 2585 570 2638 alteram
600 2590 809 2652 partem
841 2578 1225 2650 parmneticam
1249 2574 1572 2646 adjungunt.

206 2676 260 2748 ε)
298 2675 357 2729 In
402 2683 560 2745 parte
602 2673 841 2728 secunda
882 2672 950 2726 de
991 2670 1205 2725 duabus
1248 2669 1351 2724 viis
1399 2666 1709 2733 disseritur,

339 2783 577 2840 quarum
600 2767 714 2837 jam
746 2767 802 2821 in
831 2774 983 2836 parte
1010 2764 1185 2835 prima
1215 2778 1334 2831 cap.
1360 2765 1395 2815 4
1420 2769 1473 2815 et
1498 2758 1530 2813 6
1557 2773 1710 2814 men-

342 2862 419 2916 tio
456 2859 635 2913 fuerat
663 2858 825 2913 facta.

208 2955 264 3026 ζ)
304 2953 439 3025 Styli
464 2952 838 3008 diversitatem
868 2964 935 3004 ex
969 2948 1187 3003 diversa
1222 2945 1506 3014 utriusque
1538 2942 1709 3014 partis

344 3042 531 3097 indole
554 3050 731 3096 ortam
754 3054 875 3094 esse
900 3038 1060 3093 facile
1091 3036 1474 3108 perspicimus.

207 3134 259 3191 9..
297 3134 487 3188 Prima
520 3147 737 3203 quoque
768 3130 1023 3201 Epistolae
1051 3146 1179 3200 pars
1210 3129 1418 3199 integra
1452 3135 1509 3183 et
1532 3126 1601 3182 ab
1625 3126 1709 3180 in-
1735 3144 1782 3207 α

150 3226 586 3295 terpolationibus
609 3225 780 3279 libera
807 3232 890 3279 est
919 3223 1241 3293 reputanda.

210 3317 261 3386 α)
301 3316 529 3387 Singula
574 3315 720 3371 enim
765 3315 945 3385 capita
996 3312 1162 3368 unius
1212 3309 1520 3383 argumenti
1584 3316 1713 3364 sunt

341 3420 527 3480 partes
547 3450 563 3476 ,
589 3422 825 3478 eumque
846 3407 1046 3462 habent
1066 3404 1230 3460 finem
1249 3445 1266 3472 ,
1293 3413 1355 3458 ut
1373 3403 1714 3458 demonstre-

340 3510 450 3567 tur,
481 3499 827 3556 Judaismum
848 3513 967 3555 esse
992 3496 1279 3563 abolitum,
1302 3509 1562 3564 novaeque
1586 3509 1713 3549 eum

346 3593 671 3649 oeconomiae
698 3590 891 3646 salutis
916 3590 1152 3645 cessisse
1170 3629 1185 3655 ,
1212 3602 1377 3659 quam
1405 3586 1546 3658 typis
1576 3600 1715 3655 prae-

344 3683 791 3754 monstrare,jam
813 3683 881 3738 ab
894 3678 1343 3745 initio,Judaismi
1360 3692 1561 3732 munus
1573 3683 1709 3730 erat.

217 3775 276 3845 β)
313 3777 535 3834 Falsum
566 3785 679 3843 est,
716 3775 863 3845 quod
897 3772 1256 3829 Schenkelius
1280 3768 1592 3835 contendit,
1621 3782 1717 3822 ca-

346 3880 443 3940 put
490 3876 706 3924 sextum
751 3882 861 3921 non
888 3880 1012 3921 cum
1041 3864 1307 3934 septimo,
1361 3859 1453 3917 sed
1495 3859 1713 3915 demum

347 3976 473 4016 cum
502 3959 665 4014 tertio
688 3958 902 4013 decimo
922 3996 937 4021 ,
970 3954 1238 4010 orationis
1263 3968 1407 4007 nexu
1435 3966 1557 4008 esse
1582 3966 1715 4005 con—

343 4054 619 4124 junctum.
656 4049 732 4103 Ea
769 4049 914 4104 enim
952 4048 1166 4118 capita,
1197 4062 1319 4116 quae
1361 4044 1717 4101 Schenkelius

349 4142 581 4199 delenda
626 4149 810 4211 putat,
867 4154 918 4194 c.
973 4137 1182 4191 7--12
1211 4135 1367 4203 incl.,
1406 4134 1484 4188 nil
1532 4132 1714 4200 aliud,

351 4236 456 4290 nisi
483 4232 950 4289 continuationem
982 4227 1353 4283 antecedentis
1375 4226 1717 4280 demonstra-

350 4325 517 4380 tionis
534 4363 550 4389 ,
586 4337 781 4377 novam
804 4319 1166 4377 oeconomiam
1193 4333 1223 4373 a
1251 4316 1535 4372 Judaismo
1576 4313 1716 4386 typis

353 4414 523 4470 fuisse
550 4410 1073 4484 praemonstrandam
1094 4450 1110 4475 ,
1140 4408 1445 4464 continent.

1458 341 1991 406 PROLEGOMENA.

204 493 269 549 V.
308 491 455 548 Idem
493 489 577 544 vir
602 487 797 543 doctus
818 529 833 553 ,
864 483 1055 539 Daniel
1078 477 1348 537 Schenkel
1381 475 1514 546 (93),
1542 482 1603 526 ut
1639 468 1703 521 li-
1732 467 1775 522 A

3269 330 3372 385 726

2017 462 2268 533 genuinis
2310 467 2438 517 sunt
2478 464 2749 529 reputata.
2782 454 2996 525 Ubique
3020 451 3161 507 idem
3194 448 3373 505 fervor

2013 567 2201 609 contra
2230 552 2575 607 Judaismum
2603 549 2760 604 nobis
2781 547 3037 604 occurrit.

1873 646 1936 716 ε)
1977 644 2266 715 Perperam
2294 642 2655 699 Schenkelius
2677 640 2945 705 affirmat,
2967 637 3035 693 de
3057 635 3208 691 Novo
3230 652 3371 707 quo-

2012 752 2117 807 que
2151 734 2500 791 Testamento
2529 731 2805 789 contraria
2835 729 3018 786 doceri
3055 728 3112 783 in
3140 726 3372 783 diversis

2020 829 2308 900 capitibus.

1876 924 1907 988 ζ
1922 923 1941 995 )
1978 922 2098 977 Jam
2122 921 2375 977 Clemens
2410 916 2813 974 Alexandrinus
2836 957 2851 980 ,
2884 914 2978 984 qui
3008 914 3217 984 primus
3246 911 3373 983 Epi-

2017 1017 2168 1074 stolas
2188 1025 2392 1072 nostra:
2412 1014 2681 1077 meminit,
2706 1010 2883 1082 capita
2906 1010 3008 1065 ista
3031 1006 3373 1079 displicentia

2018 1109 2147 1178 legit
2182 1116 2237 1161 et
2276 1105 2554 1171 laudavit,
2598 1113 2654 1158 et
2708 1118 2778 1159 ne
2821 1087 3111 1156 minimum
3150 1098 3372 1168 quidem

2018 1197 2450 1270 iuterpolationis
2474 1195 2849 1251 testimonium
2874 1192 3023 1247 ullibi
3048 1197 3247 1246 exstat.

1877 1289 1966 1345 Vl.
2005 1289 2083 1345 De
2124 1290 2376 1345 doctrina
2414 1287 2678 1342 Barnabas
2714 1283 2816 1340 efr.
2869 1283 3111 1339 libellum
3142 1294 3324 1335 meum
3358 1298 3369 1331 :

1806 1380 1918 1434 Das
1950 1378 2359 1435 Sendschreiben
2400 1379 2455 1431 ά.
2482 1378 2547 1432 Α.
2591 1377 2902 1442 Barnabas,
2933 1383 3064 1438 etc.,
3097 1389 3149 1443 p.
3179 1372 3286 1426 242
3306 1401 3377 1410 -

1805 1469 1932 1524 262.
1962 1469 2036 1525 De
2054 1470 2239 1525 eadem
2270 1483 2327 1523 re
2348 1468 2697 1537 disputarunt
2718 1465 3019 1531 Franke,in
3047 1461 3374 1517 Rudetbach.

1806 1572 1861 1617 et
1889 1561 2122 1619 Guerike
2147 1579 2160 1615 :
2185 1559 2493 1628 Zeitschrift
2519 1559 2607 1627 [ur
2640 1558 2776 1611 luth.
2807 1555 3011 1622 Theol.,
3038 1564 3169 1619 etc.,
3200 1552 3337 1608 1840
3358 1593 3374 1619 ,

1807 1654 1965 1711 Fasc.
1992 1670 2074 1720 ιι,
2117 1664 2172 1708 et
2214 1668 2315 1707 van
2350 1651 2528 1718 Gilse,
2570 1650 2751 1723 Heyns
2780 1658 2834 1704 et
2864 1646 3062 1703 Junius
3097 1648 3152 1701 in
3197 1646 3377 1700 tribus

1810 1743 2360 1800 commentationibus
2381 1743 2448 1797 de
2474 1741 2748 1811 theologia
2773 1739 2996 1794 Patrum
3046 1737 3377 1809 apostolico~

1813 1850 1933 1889 rum
1984 1834 2206 1900 morali,
2250 1833 2320 1887 ab
2365 1832 2657 1887 Academia
2705 1828 3194 1901 Lugdune-Batava
3240 1827 3379 1882 1855

1808 1927 2032 1999 praemio
2056 1925 2287 1981 ornatis.

1882 2017 1992 2072 Vll.
2033 2016 2165 2073 Post
2192 2014 2558 2086 Nicephorum
2595 2014 2960 2086 patriarcham
2990 2011 3381 2069 Constantino-

1809 2110 2111 2182 politanum
2141 2108 2204 2180 (σξ-
2226 2108 2352 2178 828)
2399 2117 2455 2163 et
2492 2116 2773 2162 auctorem
2818 2106 3056 2176 antiquae
3089 2105 3378 2175 cujusdam

1811 2202 2209 2258 Stichometriae
2228 2241 2244 2268 ,
2290 2216 2321 2255 a
2347 2199 2617 2255 Cotelerio
2639 2198 2958 2269 publicane,
2990 2211 3161 2266 usque
3184 2195 3251 2250 ad
3278 2211 3381 2250 sa:-

1811 2296 1996 2351 culum
2034 2309 2145 2348 xvu
2171 2307 2332 2348 nemo
2354 2290 2609 2361 Epistolae
2630 2298 2830 2346 nostra:
2850 2288 3099 2345 notitiam
3122 2287 3382 2343 habuisse

1810 2386 2043 2440 videtur.

1866 2475 2083 2531 Primus
2098 2476 2293 2530 iterum
2306 2490 2423 2529 eam
2433 2516 2449 2541 ,
2462 2473 2702 2544 epistolae
2711 2471 2996 2542 Polycarpi
3012 2469 3379 2540 conjunctani,

1810 2567 2048 2623 Jacobus
2078 2567 2401 2622 Sirmondus
2425 2566 2482 2620 S.
2504 2565 2554 2620 εἰ.
2587 2567 2641 2621 in
2669 2566 2856 2622 codice
2878 2563 3148 2620 Turriano
3172 2564 3383 2634 detege-

1814 2665 1924 2716 bat.
1954 2659 2125 2715 Paulo
2156 2668 2278 2729 post
2323 2660 2379 2713 in
2426 2660 2548 2714 aliis
2606 2659 2781 2713 tribus
2830 2657 3110 2713 codicibus
3133 2697 3150 2724 ,
3178 2654 3383 2709 Biblio-

1813 2755 1983 2808 thecae
2034 2750 2341 2814 Vaticanae,
2399 2751 2690 2806 cardinalis
2740 2749 3019 2805 Columnae
3075 2756 3129 2803 et
3159 2746 3391 2802 Andreae

1813 2843 2024 2899 Schotti
2065 2842 2123 2897 S.
2165 2841 2241 2910 1.,
2281 2842 2469 2898 eadem
2517 2842 2761 2912 Epistola
2796 2840 3183 2911 reperiebatur.
3226 2837 3383 2908 ﬂugo

1811 2948 1991 2992 autem
2032 2934 2320 2990 Menardus
2343 2976 2358 3002 ,
2383 2950 2415 2989 e
2461 2934 2879 3004 congregatione
2909 2932 2966 2987 S.
3002 2931 3210 2998 Mauri,
3239 2930 3385 2983 anti~

1812 3044 1976 3100 quam
2008 3025 2265 3099 Epistolaa
2308 3026 2616 3081 versionem
2656 3024 2905 3079 Latinam
2943 3024 2996 3077 in
3033 3023 3219 3079 codice
3247 3020 3386 3076 Cor-

1812 3121 2017 3176 beiensi
2045 3123 2192 3192 (ante
2218 3135 2343 3176 saec.
2367 3121 2443 3190 ιχ)
2468 3120 2766 3174 invenerat.
2792 3117 3155 3189 Apographon
3181 3115 3386 3171 codicis

1816 3214 2120 3269 Schottiani
2142 3223 2197 3269 et
2217 3214 2418 3268 veteris
2440 3212 2586 3267 illius
2609 3212 2875 3266 versionis
2898 3210 3104 3264 Latina:
3124 3209 3384 3264 Claudius

1815 3302 2123 3360 Salmasius
2154 3305 2335 3360 lsaaco
2357 3300 2554 3357 Vossio
2576 3342 2591 3368 ,
2624 3299 2856 3355 Vossius
2886 3298 3109 3355 Usserio
3142 3298 3380 3353 tradidit.

1813 3399 1933 3467 Quo
1970 3400 2113 3453 facto
2139 3394 2375 3452 Jacobus
2403 3394 2689 3459 Usserius,
2735 3394 3112 3447 Armachanus
3137 3433 3151 3452 .
3194 3389 3389 3462 Hiber-

1814 3493 1917 3547 niae
1962 3491 2205 3561 primas,
2253 3504 2305 3543 a.
2353 3487 2492 3542 1645
2538 3484 2735 3541 Oxonii
2781 3483 3079 3554 Epistolani
3126 3481 3388 3536 Barnabae

1812 3585 1965 3655 prelo
2005 3581 2259 3653 subjecit.
2308 3579 2415 3635 Sed
2458 3580 2650 3650 ingens
2692 3578 3044 3641 incendium,
3096 3576 3243 3647 quod
3277 3590 3387 3628 non

1814 3677 2067 3745 exiguam
2097 3682 2307 3743 partem
2354 3671 2505 3726 urbis
2544 3668 2874 3725 Oxoniensis
2909 3667 3173 3733 vastavit,
3203 3666 3387 3720 omnia

1814 3780 2031 3837 quoque
2055 3761 2387 3832 exemplaria
2413 3760 2736 3829 absumpsit.

1887 3858 2006 3925 Quo
2034 3864 2213 3910 autem
2242 3852 2414 3908 ferme
2439 3862 2686 3922 tempore
2713 3849 2970 3906 Usserius
2996 3865 3153 3904 suam
3187 3864 3390 3918 praepa-

1816 3950 1973 4006 rabat
1993 3946 2310 4009 editionem,
2330 3944 2399 3998 de
2427 3944 2543 4013 ipsa
2567 3942 2811 4012 Epistola
2834 3940 3061 3995 Parisiis
3087 3928 3386 4008 evulgamla

1816 4040 2091 4112 cogitabat
2117 4037 2273 4108 Hugo
2303 4034 2614 4100 Menardus,
2644 4033 2945 4087 monachus
2982 4031 3385 4086 Benedictinns.

1817 4132 1940 4204 Ipso
1966 4139 2184 4186 mortuo
2216 4127 2377 4194 1644,
2407 4125 2585 4180 Lucas
2614 4123 2943 4188 Dacherius,
2976 4122 3219 4193 ejusdem
3252 4138 3389 4177 con-

1816 4226 2167 4299 gregationis,
2185 4221 2428 4278 Mcnardi
2449 4220 2739 4275 editionem
2754 4215 2894 4270 1645
2915 4217 2968 4269 in
2989 4215 3164 4269 lucem
3186 4213 3389 4279 emisit,

1816 4320 1988 4376 textui
2010 4317 2281 4373 Turriano
2308 4313 2558 4369 versione
2577 4308 2891 4366 Corbeiensi
2919 4307 3150 4377 adjecta.

1888 4412 2329 4470 Emendatiorem
2352 4406 2613 4463 Barnabaa
2638 4403 2934 4474 Epistolam
2961 4399 3098 4456 1646
3122 4400 3392 4455 Amstclo—

220 4511 273 4575 γ)
312 4506 424 4561 Duo
445 4482 797 4575 alia—quoque
819 4503 997 4574 capita
1018 4543 1034 4568 ,
1060 4502 1128 4557 15
1157 4511 1210 4556 et
1232 4500 1300 4555 16
1321 4542 1336 4567 ,
1363 4515 1484 4571 qua:
1510 4499 1715 4556 Schen-
1745 4482 1791 4538 D
1816 4506 1961 4563 danti
1985 4505 2154 4561 edidit
2176 4502 2397 4558 Isaacus
2416 4498 2666 4565 Vossius,
2687 4494 2934 4566 pluribus
2962 4493 3083 4547 aliis
3106 4492 3391 4547 codicibus

352 4600 495 4655 kelio
543 4598 862 4669 displicent,
923 4595 1151 4650 minime
1209 4602 1339 4649 sunt
1385 4594 1712 4664 rejicienda,

353 4690 555 4759 quippe
611 4702 732 4757 qua:
788 4686 856 4741 ad
914 4683 1439 4739 demonstrationem
1490 4698 1715 4738 necesse

353 4780 681 4849 pertineant.
713 4775 869 4843 Quod
915 4776 961 4832 si
996 4776 1140 4829 enim
1180 4774 1405 4829 abolitio
1449 4773 1714 4829 Judaismi

358 4868 535 4925 fuerat
567 4868 1027 4932 demonstranda,
1059 4867 1223 4922 etiam
1266 4867 1333 4921 de
1367 4865 1717 4936 abrogatione

361 4958 581 5016 Sabbati
627 4960 702 5030 (c.
734 4960 823 5029 15)
855 4968 910 5014 et
956 4959 1135 5030 templi
1165 4960 1237 5030 (c.
1286 4957 1377 5029 16)
1424 4958 1588 5013 verba
1636 4957 1717 5013 fa-

357 5055 548 5110 cienda
575 5062 752 5110 erant.

227 5145 282 5214 δ)
316 5143 502 5214 Capita
552 5143 876 5200 Schenkelio
904 5142 1244 5213 displicentia
1296 5159 1405 5199 non
1452 5144 1610 5198 aliter
1649 5142 1719 5199 de

365 5234 544 5292 Veteri
570 5235 918 5293 Testamento
940 5235 1251 5307 disputant,
1291 5251 1356 5292 ac
1381 5251 1443 5293 ea
1469 5252 1591 5307 quae
1617 5251 1718 5307 pro

174 5504 431 5638 6592;}
463 5510 760 5582 Ullmanni,
784 5522 892 5573 etc.
932 5510 1197 5570 :Studien
1234 5514 1342 5569 und
1365 5512 1715 5586 Krit.,1837,

1817 4614 1986 4663 usus,
2023 4595 2376 4657 Florentino,
2422 4589 2681 4643 Vaticano
2716 4596 2770 4642 et
2814 4585 3059 4639 Romano
3098 4583 3392 4638 Theatino-

1818 4706 1963 4746 rum.
1994 4688 2186 4743 Plures
2217 4685 2413 4742 deinde
2441 4690 2640 4739 secuta:
2671 4690 2798 4735 sunt
2816 4680 3083 4735 editiones
3108 4719 3123 4743 ,
3157 4692 3386 4746 praeser-

1819 4785 1913 4839 tim
1945 4780 2197 4837 Cotelerii
2222 4820 2237 4846 ,
2267 4776 2502 4833 Russelii
2524 4785 2578 4830 et
2597 4772 2863 4829 Gallandii
2888 4811 2903 4837 ,
2928 4785 3091 4841 quam
3118 4769 3386 4840 posterio-

1820 4889 1933 4929 rem
1962 4887 2066 4927 nos
2112 4871 2382 4941 praecipue
2407 4868 2601 4922 ducem
2638 4864 2950 4929 habuimus,
2978 4876 3084 4917 non
3111 4860 3390 4931 pedisequi

1824 4967 1996 5021 instar
2030 4979 2149 5019 eam
2177 4961 2368 5018 secuti.

1894 5056 2030 5111 Vlll.
2072 5054 2378 5110 Notandum
2424 5053 2695 5122 denique,
2757 5050 2810 5104 in
2870 5049 3123 5103 omnibus
3186 5046 3392 5101 Graecis

1825 5148 2108 5205 codicibus
2167 5148 2356 5201 deesse
2398 5142 2572 5211 capita
2622 5140 2717 5195 l-L
2767 5139 2963 5193 inclus.
3011 5145 3057 5190 el
3104 5134 3390 5190 dimidium

1823 5240 2017 5314 quinti.

1900 5511 2012 5579 (9.1)
2048 5508 2270 5579 Tubing.
2314 5508 2555 5580 Tlieolog.
2604 5509 3040 5577 Quartalschrift.
3263 5502 3304 5564 ι,
3333 5520 3387 5573 p.

1823 5574 2057 5652 60‘sq'q.
2086 5591 2137 5636 et
2178 5574 2238 5635 in
2265 5580 2445 5637 libello
2488 5574 2608 5636 meo
2641 5596 2804 5650 supra
2832 5574 3018 5645 citato,
3044 5594 3095 5648 p.
3128 5574 3239 5631 196.
3266 5590 3386 5645 sqq.
