3818 6216
188 348 315 402 729
1484 345 1819 402 EPlSTOLA
1855 346 2265 402 CATHOLICA.
3348 348 3452 403 750

269 462 404 517 Tres
439 472 568 518 sunt
595 478 727 532 ergo
760 467 1183 524 constitutiones
1214 467 1456 537 Domini,
1490 470 1611 523 vine
1638 485 1784 540 spes,
1815 471 2029 525 initium
2080 480 2134 525 et
2179 486 2396 525 consun
2422 471 2601 525 matio.
2632 468 2947 538 Propalavit
2988 467 3132 521 enim
3189 466 3452 522 Dominus

181 572 290 625 per
322 555 638 625 prophetas,
673 558 936 628 quaead)
966 562 1377 629 praeterierunt;
1432 572 1487 618 et
1538 562 1851 618 futurorum
1901 565 2048 619 dedit
2095 564 2253 619 nobis
2308 565 2461 618 initia
2519 565 2679 618 scire.
2722 562 2878 616 Sicut
2925 577 3054 631 ergo
3083 561 3300 615 locutus
3345 571 3448 625 est,

186 648 482 701 honestius
507 655 562 701 et
590 648 755 701 altius
785 653 1045 704 accedere
1076 651 1190 721 (15)
1223 653 1288 705 ad
1317 667 1469 706 aram
1506 652 1673 706 illius.
1706 650 1818 721 Ego
1846 662 2027 705 autem
2057 669 2164 706 non
2196 661 2455 722 tanquam
2491 654 2683 707 doctor
2716 652 2852 721 (16),
2884 652 2979 705 sed
3002 666 3145 705 unus
3174 666 3237 705 ex
3272 651 3449 715 vobis,

180 739 581 794 demonstrabo
612 753 809 809 pauca,
843 754 939 811 per
965 755 1087 810 quae
1115 740 1169 793 in
1204 741 1452 810 plurimis
1481 741 1717 795 lzetiores
1752 743 1874 795 sitis
1902 742 2036 810 (17).

734 894 737 897 _
1285 830 1350 885 ιι.
1395 830 1683 901 Sacriﬁcia
1709 830 1941 885 Iudaica
1982 832 2184 885 abolita
2214 840 2353 887 sunt.

255 923 395 979 Cum
424 924 536 979 sint
565 940 695 995 ergo
723 924 839 981 dies
871 926 1189 995 nequissimi
1219 926 1354 997 (18),
1388 936 1440 981 et
1470 927 1783 981 contrarius
1806 926 1918 996 (l9)
1951 926 2148 980 habeat
2187 927 2353 996 hujus
2383 928 2566 981 saeculi
2601 933 2945 996 potestatem,
2972 926 3235 982 debemus
3267 934 3447 981 atten-

177 1012 377 1067 dentes
400 1013 675 1083 inquirere
698 1014 981 1083 aequitates
1012 1014 1247 1070 Domini.
1283 1016 1396 1085 (20)
1422 1016 1574 1071 Fidei
1602 1030 1733 1085 ergo
1761 1025 1962 1069 nostra:
1991 1016 2271 1086 adjutores
2295 1016 2430 1087 (2i),
2458 1018 2621 1071 timor
2645 1030 2696 1073 et
2724 1022 3046 1076 sustinentia
3078 1040 3091 1075 :
3116 1038 3239 1090 qua:
3264 1031 3445 1076 autem

177 1106 478 1163 nobiscum
516 1118 780 1179 pugnant,
809 1109 1066 1178 patientia
1096 1117 1181 1165 est
1219 1118 1273 1163 et
1304 1111 1659 1166 continentia.
1696 1110 1821 1167 Haec
1851 1128 1975 1168 cum
2011 1113 2155 1182 apud
2203 1111 2493 1166 Dominum
2537 1126 2860 1182 permanent
2904 1128 3054 1173 casta
3087 1118 3226 1189 (22),
3261 1119 3447 1174 colla:-

177 1206 376 1254 tantur
409 1200 518 1255 illis
549 1200 819 1271 sapientia
852 1209 905 1255 et
932 1198 1239 1253 intellectus
1265 1198 1403 1270 (23).

257 1296 556 1365 Adaperuit
576 1297 721 1351 enim
744 1297 902 1353 nobis
926 1312 1020 1367 per
1037 1312 1227 1351 omnes
1248 1297 1561 1365 prophetas,
1581 1298 1709 1367 quia
1730 1313 1838 1353 non
1864 1299 2035 1353 utitur
2054 1300 2261 1355 nostris
2284 1299 2498 1367 hostiis,
2529 1314 2703 1370 neque
2720 1301 2980 1363 victimis.
3010 1316 3190 1372 neque
3216 1302 3447 1357 oblatio-

178 1389 352 1444 nibus
374 1431 388 1453 ,
414 1390 529 1444 base
559 1390 748 1444 dicens
777 1407 790 1443 :
814 1390 930 1454 Quo
952 1388 1079 1441 mihi
1103 1388 1495 1442 multitudinem
1516 1390 1902 1457 sacriﬁciorum
1924 1403 2235 1456 vestrorum,
2260 1390 2391 1443 dicit
2413 1390 2707 1446 Dominus?
2736 1391 2931 1447 Plenus
2961 1410 3079 1447 sum
3110 1393 3447 1447 holocausta-

180 1485 417 1538 matibus
450 1487 696 1549 arietum,
725 1496 773 1539 et
801 1483 1230 1555 pinguaminibus
1257 1495 1613 1554 agnorum:et
1642 1485 1949 1554 sanguinem
1972 1484 2239 1537 hircorum
2260 1493 2309 1537 et
2334 1494 2608 1538 taurorum
2637 1486 2790 1544 nolo:
2828 1503 2919 1540 nec
2951 1488 2997 1540 si
3032 1488 3251 1541 veniatis
3278 1488 3445 1541 videri

176 1577 319 1630 mihi
344 1575 479 1646 (24).
514 1574 644 1640 Quis
672 1578 812 1631 enim
841 1580 1121 1648 exquisivit
1146 1580 1256 1634 hac
1289 1574 1353 1634 de
1384 1580 1627 1635 manibus
1660 1583 1893 1637 vestris?
1944 1580 2150 1634 calcare
2193 1581 2376 1634 aulam
2406 1598 2574 1635 meam
2604 1599 2706 1636 non
2738 1584 3022 1651 adjicietis.
3058 1582 3118 1637 Si
3150 1584 3443 1637 attuleritis

182 1672 318 1724 mihi
338 1671 717 1742 similaginem,
747 1688 938 1727 vanum
964 1689 983 1727 :
1011 1674 1486 1745 supplicamentum
1507 1677 1800 1730 exsecratio
1829 1676 1957 1728 mihi
1977 1685 2074 1728 est.
2104 1674 2420 1728 Neontenias
2451 1685 2648 1729 vestras
2677 1686 2724 1730 et
2755 1677 2893 1730 diem
2930 1694 3176 1746 magnum
3227 1677 3443 1747 (25-26)

179 1782 292 1821 non
316 1767 589 1821 sustineo:
613 1766 902 1836 jejunium,
938 1777 988 1821 et
1019 1769 1180 1837 ferias
1215 1769 1352 1839 (27),
1390 1780 1438 1823 et
1469 1771 1579 1824 dies
1610 1771 1769 1840 festos
1801 1779 1996 1824 vestros
2029 1770 2139 1822 odit
2174 1771 2357 1823 anima
2397 1786 2514 1824 mea
2536 1772 2575 1825 '.
2630 1770 2754 1827 llaac
2801 1789 2933 1843 ergo
2977 1788 3147 1826 vacua
3198 1771 3344 1835 fecit,
3386 1780 3446 1826 ut

177 1872 327 1911 nova
362 1858 448 1910 lex
476 1854 692 1910 Domini
722 1858 891 1912 nostri
921 1856 1049 1913 Jesu
1079 1859 1307 1925 Christi,
1336 1877 1459 1931 qua:
1502 1862 1619 1915 sine
1655 1860 1787 1930 jugo
1832 1862 2175 1916 necessitatis
2208 1861 2322 1931 (28)
2351 1870 2454 1927 est,
2489 1863 2785 1918 humanam
2832 1864 3033 1917 habeat
3080 1864 3437 1917 oblationem.

176 1946 327 2001 Dicit
354 1947 619 2004 Dominus
646 1948 841 2003 iterum
873 1950 939 2003 ad
970 1951 1089 2006 illos
1116 1969 1130 2006 :
1177 1950 1434 2021 Nunquid
1465 1969 1557 2022 ego
1584 1952 1810 2021 prcecepi
1840 1952 2149 2022 parentibus
2188 1953 2397 2018 vestris,
2432 1970 2552 2007 cum
2580 1956 2823 2009 exierunt
2849 1956 2913 2008 de
2942 1965 3080 2010 terra
3113 1955 3357 2025 AZgypti,
3386 1962 3443 2007 ut

178 2040 435 2108 offerrent
472 2042 599 2095 mihi
628 2042 828 2096 hostias
853 2052 903 2097 et
928 2044 1165 2099 victimas
1184 2047 1205 2077 ⁸
1231 2047 1255 2099 ?
1284 2045 1386 2101 Sed
1414 2047 1510 2099 hoc
1540 2049 1763 2117 prazcepi
1792 2047 1923 2111 illis,
1961 2048 2139 2101 dicens
2168 2064 2187 2101 :
2217 2047 2584 2121 Unusquisque
2614 2058 2842 2104 vestrum
2871 2047 3120 2101 adversus
3142 2047 3443 2115 proximum

175 2150 291 2189 non
320 2134 508 2188 habeat
542 2135 843 2201 malitiam;
879 2147 928 2192 et
953 2139 1321 2208 juramentum
1352 2139 1596 2193 mendum
1630 2141 1741 2210 (29)
1784 2158 1887 2195 non
1915 2142 2069 2195 habet
2092 2142 2112 2173 ³
2144 2142 2279 2213 (50).
2315 2142 2615 2213 Intelligere
2654 2158 2786 2211 ergo
2824 2141 3108 2204 debemus,
3156 2154 3281 2193 cum
3332 2153 3444 2192 non

176 2226 360 2281 simus
389 2228 508 2281 sine
534 2225 832 2295 intellectu,
865 2229 1156 2285 consilium
1193 2231 1547 2302 benignitatis
1574 2231 1752 2287 Patris
1778 2235 1950 2289 nostri
1982 2252 1995 2288 :
2024 2234 2151 2304 quia
2179 2234 2337 2289 nobis
2368 2235 2523 2301 dicit,
2557 2236 2746 2291 volens
2783 2251 2883 2291 nos
2914 2233 3169 2290 similiter
3194 2240 3443 2285 errantes

179 2335 454 2389 qumrere,
498 2323 958 2391 quemadmodum
991 2324 1058 2380 ad
1090 2326 1241 2380 illum
1270 2327 1630 2395 accedamus;
1662 2328 1820 2383 nobis
1852 2328 1999 2383 enim
2031 2329 2166 2383 dicit
2200 2347 2212 2383 :
2256 2327 2594 2398 Sacriﬁcium
2625 2330 2734 2383 Deo
2764 2347 2857 2384 cor
2892 2326 3349 2389 contribulatum;
3392 2334 3442 2378 et

178 2416 533 2469 humiliatum
570 2417 708 2472 Deus
741 2434 842 2472 non
871 2419 1158 2490 despicit".
1195 2420 1415 2477 Certius
1437 2436 1568 2491 ergo
1600 2422 1879 2491 inquirere
1908 2423 2191 2489 debemus,
2236 2422 2454 2489 fratres,
2486 2423 2551 2478 de
2591 2432 2779 2479 nostra
2810 2423 3005 2487 salute,
3040 2430 3099 2473 ut
3128 2433 3194 2473 ne
3224 2417 3444 2488 quando

176 2507 384 2561 habeat
412 2508 525 2579 (3i)
559 2508 846 2565 introitum
880 2512 932 2565 in
967 2513 1146 2577 nobis,
1174 2523 1228 2567 et
1253 2523 1461 2569 evertat
1492 2529 1593 2568 nos
1628 2529 1656 2567 a
1688 2515 1797 2567 vita
1825 2514 1938 2583 (52)
1965 2523 2171 2568 nostra.

980 2606 1068 2660 Ill.
1110 2608 1330 2677 Jejuuia
1354 2609 1667 2665 Iudaeorum
1695 2625 1799 2661 non
1829 2617 1951 2661 sunt
1984 2624 2103 2662 vera
2143 2624 2233 2660 nec
2266 2607 2372 2661 Deo
2406 2620 2641 2678 accepta.

258 2698 403 2754 Dicit
427 2716 556 2771 ergo
583 2702 784 2755 iterum
817 2703 884 2756 de
921 2702 1005 2757 his
1040 2705 1106 2756 ad
1137 2704 1259 2758 illos
1305 2726 1319 2763 :
1358 2705 1557 2773 thuid
1587 2704 1713 2756 mihi
1734 2705 2023 2773 jejunatis,
2061 2714 2117 2756 ut
2148 2704 2301 2757 hodie
2329 2706 2582 2757 audiatur
2607 2718 2707 2757 vox
2734 2712 2904 2756 vestra
2935 2702 2988 2753 iu
3019 2700 3290 2753 clamore?
3320 2695 3441 2749 Non

178 2794 289 2846 tale
309 2793 575 2861 jejunium
607 2794 759 2863 elegi,
791 2794 922 2847 dicit
950 2794 1231 2861 Dominus,
1263 2806 1319 2848 ut
1348 2797 1464 2865 quis
1503 2795 1743 2847 humiliet
1777 2796 2013 2847 animam
2052 2810 2204 2847 suam
2253 2795 2365 2847 siue
2409 2811 2592 2848 causa.
2640 2793 2821 2864 Neque
2872 2795 2918 2847 si
2957 2791 3251 2845 curvaveris
3287 2790 3440 2859 quasi

264 2935 279 2966 ¹
305 2934 407 2989 lsa.
442 2949 481 2999 ι,
514 2932 700 2987 11-14.
777 2934 797 2964 ³
826 2930 941 2988 Jer.
971 2950 1081 3001 vu,
1107 2933 1200 3001 22,
1232 2934 1323 2989 25.
1410 2935 1432 2967 ⁸
1479 2934 1647 2989 Zach.
1694 2950 1756 2986 vn

1882 2932 1934 2986 7.
2008 2932 2033 2965 ⁸
2059 2932 2208 2987 Psal.
2233 2943 2289 2996 L,
2325 2932 2409 2987 19.

1474 3046 1840 3101 νΑιιιυιιυΜ
1873 3044 2103 3100 ΝΟΤᾸΕ.

252 3170 368 3239 (id)
411 3171 658 3236 Qumlta
686 3170 1017 3227 edit.0xon.
1049 3185 1215 3241 quam
1248 3170 1499 3239 sequitur
1528 3168 1756 3224 Wakius

1932 3166 2049 3241 (22)
2090 3166 2276 3241 Casta.
2310 3164 2549 3241 Integra.
2579 3168 2720 3241 Max.
2746 3195 2817 3241 -τ-
2843 3163 3020 3241 Casta.
3054 3163 3188 3241 βυτ.

180 3243 237 3297 in
260 3235 365 3297 sua
394 3235 617 3310 Anglica
646 3244 914 3297 versione.
946 3243 1029 3296 Al.
1064 3235 1187 3296 eum
1220 3235 1461 3310 msfqui.
1933 3239 2052 3310 (25)
2095 3235 2448 3293 Ιηιειιεειιιε.’
2474 3239 2639 3293 Addit
2679 3238 2861 3293 Fellus
2914 3236 3108 3289 litteris
3158 3235 3437 3301 ininiatis,

254 3314 370 3381 (l5)
409 3313 685 3367 Accedere.
720 3312 1043 3377 Menardus,
1072 3311 1325 3364 accedite.
1354 3310 1536 3364 Fellus
1565 3310 1760 3364 litteris

179 3382 427 3451 ininiatis
457 3383 755 3450 prasinittit,
790 3394 1013 3452 oportet.
1049 3401 1066 3433 ι
1100 3381 1203 3435 Sed
1236 3382 1288 3433 in
1314 3382 1596 3452 praeceptis
1618 3421 1633 3444 ,
1679 3381 1763 3433 in-

172 3454 300 3511 quit
395 3452 661 3519 Clericus,
686 3451 892 3523 passim
918 3464 1044 3507 ante
1075 3452 1407 3506 inﬁnitivum
1440 3451 1520 3503 δεῖ
1552 3452 1761 3506 subau-

181 3523 355 3575 ditur.
388 3539 407 3571 ι

259 3591 373 3659 (16)
416 3588 539 3644 Νοη
569 3602 821 3663 tanquam
846 3593 1049 3647 doctor.
1081 3591 1339 3659 Respexit
1369 3589 1509 3663 forte
1536 3590 1603 3663 ad
1630 3589 1762 3663 illud

180 3658 375 3715 Matth.
423 3677 585 3728 mn,
618 3658 711 3718 8':
757 3663 859 3717 Vos
912 3673 1086 3716 autem
1126 3658 1288 3715 nolite
1336 3662 1512 3714 vocari
1546 3660 1760 3714 Rabbi:

182 3748 321 3785 unus
368 3741 445 3784 est
490 3734 629 3785 enim
678 3732 934 3801 Magister
982 3743 1181 3801 vester;
1229 3748 1403 3784 omnes
1459 3742 1635 3783 autem
1675 3746 1761 3783 vos

181 3802 377 3870 fratres
406 3803 554 3855 estis.
599 3802 669 3856 Et
709 3800 862 3870 ibid.,
890 3806 987 3860 1οε
1024 3800 1136 3855 Nec
1188 3802 1442 3855 vocemini
1473 3802 1761 3870 magistri:

220 3874 312 3925 uia
338 3873 589 3940 magister
609 3886 795 3938 vester,
822 3890 956 3926 unus
982 3882 1058 3925 est
1085 3871 1351 3926 Christus.
1391 3870 1520 3924 Vide
1543 3887 1763 3941 quoque

220 3889 312 3925 uia
338 3888 589 3940 magister
609 3888 795 3938 vester,
822 3890 956 3926 unus
982 3888 1058 3925 est
1085 3888 1351 3926 cnristus.
1396 3888 1520 3924 Vltle
1543 3888 1759 3941 quoque

180 3888 300 3998 gae.
331 3958 416 4006 ιιι,
444 3944 493 3995 1.
526 3943 617 3997 Sic
646 3946 699 3997 in
724 3945 971 3997 eamdem
1001 3944 1323 3996 sententiam
1352 3941 1495 3995 infra
1524 3958 1646 4011 cap.
1673 3957 1759 3995 tv:

182 4013 303 4067 Hoc
321 4028 452 4084 rogo
484 4029 571 4084 vos
608 4023 858 4084 tanquam
887 4030 1021 4065 unus
1049 4028 1114 4066 ea:
1138 4014 1300 4084 vobis.

257 4083 371 4152 (l7)
395 4079 478 4134 ’1η
510 4079 755 4151 plurimis
787 4084 1015 4137 lattiores
1048 4085 1188 4135 sitis.
1234 4081 1310 4135 ita
1354 4080 1375 4133 Ι
1414 4079 1573 4135 Joan.
1616 4098 1655 4145 t,
1684 4082 1717 4134 4
1747 4099 1760 4134 :

182 4153 256 4208 Et
303 4155 412 4207 lucc
457 4154 738 4206 scribimus
781 4155 922 4206 vobis
959 4161 1013 4205 ut
1059 4153 1335 4221 gaudeatis
1361 4191 1375 4213 ,
1424 4162 1471 4204 et
1509 4153 1764 4220 gaudium

179 4231 411 4278 vestrum
436 4225 501 4276 sit
524 4226 753 4291 plenum.
784 4221 1096 4278 Mem—Sic
1117 4224 1172 4276 in
1197 4226 1345 4277 calce
1373 4222 1537 4290 hujus
1561 4221 1760 4291 Epist.,

180 4297 264 4358 εἰς
288 4294 347 4346 τὸ
376 4294 639 4365 εὐφρᾶναι
666 4295 826 4365 ὑμᾶς.
861 4294 1025 4348 Ὲειι..

255 4365 369 4432 (18)
414 4360 548 4417 Cum
577 4365 682 4417 sint
704 4360 823 4417 dies
853 4363 1195 4433 nequissimi:
1217 4360 1293 4415 lta
1324 4360 1527 4416 Paulus
1558 4360 1758 4430 Ephes.

180 4450 237 4499 v,
271 4435 358 4497 16,
391 4435 637 4502 quoniam
669 4436 779 4487 dies
812 4432 941 4487 ntali
972 4443 1114 4487 sunt.
1146 4432 1288 4487 Mea.

258 4504 372 4583 (i9)
402 4500 751 4583 Contrarius.
806 4504 858 4581 id
893 4515 988 4567 est
1014 4503 1203 4583 Satan.
1233 4500 1572 4583 Glossarium
1603 4508 1759 4583 vetus
1789 4507 1836 4568 Β

179 4570 312 4624 ms}:
335 4570 525 4631 Satan,
557 4570 914 4637 adversarius,
935 4571 1252 4625 contrarius.
1271 4570 1403 4636 Quae
1425 4571 1756 4637 subduntur,

179 4637 394 4693 Habeat
425 4639 580 4707 hujus
612 4644 793 4693 swculi
836 4649 1168 4705 potestatem,
1225 4641 1557 4708 respondent
1600 4639 1757 4695 Joan.

178 4725 282 4779 lu,
314 4710 403 4775 5i;
441 4724 554 4772 le,
586 4710 675 4776 '50;
696 4726 819 4779 Axvr,
852 4710 937 4762 H:
967 4710 1221 4779 Princeps
1252 4711 1410 4778 hujus
1450 4711 1673 4776 mundi;
1706 4721 1761 4765 et

176 4776 385 4849 Ephes.
420 4795 495 4841 vt,
523 4779 590 4831 12
619 4799 631 4833 :
680 4777 783 4833 Sed
814 4780 1063 4833 adversus
1090 4776 1350 4849 principes
1377 4789 1424 4832 et
1450 4790 1757 4848 potestates,

177 4848 433 4902 adversus
464 4850 646 4902 mundi
678 4861 900 4902 rectores
934 4848 1269 4904 tenebrarum
1299 4851 1510 4903 harum.
1543 4851 1683 4905 ΜΕΝ.

254 4918 369 4990 (20)
408 4920 659 4973 Clemens
690 4920 843 4990 Alex.
880 4920 916 4973 l.
950 4937 999 4975 c.
1036 4939 1049 4973 :
1096 4921 1207 4990 Τῆς
1257 4920 1355 4989 μὲν
1392 4917 1484 4973 οὖν
1523 4920 1759 4984 πίστεως

179 4986 338 5062 ῄμμῶν
370 4990 506 5040 εἰσιν
531 4991 586 5062 oi
625 4988 1020 5061 συλλήπτορες,
1059 4986 1221 5062 φόϐὸς
1258 4986 1357 5043 Stal.
1385 4992 1625 5062 ὑπομονὴ
1646 5009 1657 5021 ·
1691 4992 1759 5044 τὰ

172 5057 235 5132 se
266 5058 659 5132 ᾳυμμαχοῦντᾳ
704 5057 1258 5132 ἡμῖνςμακροθυμία
1301 5062 1395 5113 καὶ
1440 5057 1755 5130 ἐγκρὰὲεια.

174 5126 399 5179 Τούτων
430 5126 523 5202 ονᾷν
543 5169 557 5192 ,
590 5129 661 5182 τὰ
680 5126 814 5202 apo;
839 5126 930 5182 tbi:
972 5126 1196 5202 Κῦριοὺ,
1220 5126 1500 5202 μενόντων
1543 5126 1721 5199 ἆγνῶς
1740 5171 1755 5195 ,

176 5198 661 5273 συείευσρραίνςζγται
711 5198 1116 5273 ὰύτφζςᾲσοφίὰ,
1171 5198 1754 5273 σύιιεσις,ίὲπισσι;ήμη,

173 5266 511 5344 γγιῖκιιςί---ς⁸
528 5267 727 5344 Vocem
756 5266 1123 5342 συλλήπτόρες
1144 5343 1149 5344 ν
1173 5273 1263 5344 ita
1287 5272 1534 5344 explicat
1588 5266 1755 5344 lies);-

172 5336 339 5413 chius
359 5336 1190 5413 :_X_unﬁmopa,_auva7oivtatijv
1210 5358 1223 5371 ·
1250 5340 1302 5413 id
1326 5336 1407 5413 est
1425 5336 1751 5404 adjutorem.

174 5404 322 5529 [Et‘in
361 5404 573 5528 glossis
602 5404 1238 5481 ναίει-ἱὺυδεΣύλληψὶς,
1274 5410 1530 5481 βοήθεια,
1576 5414 1752 5479 opitu-

200 5494 231 5527 a
262 5492 333 5529 to.
416 5493 501 5529 ea.

200 5484 333 5530 otio.
364 5484 501 5531 ΜΕΝ.

252 5544 367 5667 (21)
404 5548 713 5615 Αάμιιονεε.
762 5546 864 5603 Ms.
913 5565 1037 5605 cum
1063 5551 1219 5605 cditt.
1274 5552 1489 5620 adjutor
1534 5564 1647 5616 est;
1706 5553 1752 5605 si

252 5616 389 5667 ilum
422 5619 685 5667 excipias-
744 5621 884 5667 amid
926 5636 1122 5667 "Item-
1168 5622 1437 5667 adiutores
1485 5634 1635 5667 siml-
1686 5638 1748 5667 nx

176 5613 685 5690 Eclluin‘excipjas,
744 5621 885 5690 apud
926 5636 1122 5689 quem,
1168 5613 1437 5690 adjutores
1485 5613 1637 5684 sunt,
1686 5638 1751 5675 cx

174 5686 352 5760 Clem.
382 5685 795 5760 Alex.’lamqué
820 5685 1116 5745 Menardus
1141 5685 1406 5747 staiuerat
1425 5736 1440 5758 ,
1481 5702 1752 5760 expuncto

177 5756 348 5812 verbo
373 5756 736 5825 substantive,
763 5760 1048 5830 legendum
1075 5777 1186 5817 uno
1207 5763 1393 5827 verbo,
1423 5756 1711 5832 adjuiores.

1864 3309 2106 3370 scientia,
2143 3311 2417 3378 cognitio;
2457 3325 2595 3378 quas
2632 3312 2769 3365 duas
2798 3322 2959 3360 voces
3002 3314 3155 3373 putat
3201 3314 3438 3378 veterem

1866 3376 2222 3447 interpretem
2274 3376 2625 3448 pra-teriissc,
2658 3396 2784 3435 cum
2830 3385 3048 3431 exstent
3088 3376 3231 3445 apud
3263 3377 3435 3431 Cletn.

1864 3449 2052 3587 Αιῗέλ)
2103 3517 2284 3571 Videri
2336 3519 2485 3573 mihi.
2533 3518 2611 3573 Ita
2657 3519 2789 3573 edit.
2827 3516 3005 3587 Oxon.
3043 3515 3129 3587 A_l.
3172 3530 3295 3587 cum
3330 3531 3436 3587 ms.

1864 3584 2041 3641 videre
2069 3589 2219 3643 mihi.
2248 3618 2317 3627 —
2342 3588 2484 3657 Lege
2514 3591 2680 3642 videri
2704 3631 2719 3653 ,
2769 3598 2849 3657 ut,
2874 3584 3288 3657 apud__Tcrtull.
3342 3586 3435 3639 lib.

1851 3660 2127 3712 ‘adversus
2161 3658 2376 3712 Judwos
2418 3654 2537 3727 cap.
2585 3660 2638 3725 5,
2674 3676 2794 3729 pag.
2826 3656 2930 3729 6708
2962 3676 2974 3729 ;
3003 3654 3112 3709 Nec
3128 3656 3189 3729 _si
3221 3657 3438 3729 veniatis

1866 3729 2027 3781 videri
2074 3729 2221 3781 mihi.
2272 3729 2433 3784 Juxta
2460 3725 2636 3782 LXX:
2674 3725 2796 3783 Οὐδ’
2842 3728 2906 3780 ἂν
2948 3725 3438 3797 ἒρχησθείόςεβῆναί

1869 3814 1959 3868 μοι
1995 3816 2007 3850 :
2040 3799 2089 3852 id
2116 3808 2226 3862 est,
2275 3816 2373 3853 nec
2405 3801 2448 3853 si
2500 3801 2730 3853 veniatis
2766 3796 3220 3868 apparereinihi.
3262 3796 3440 3868 Yideri

1866 3865 1994 3919 inihi
2025 3876 2109 3921 est
2136 3869 2299 3922 videri
2333 3885 2365 3920 α
2401 3885 2503 3933 me,
2536 3870 2749 3933 phrasis
2777 3865 2985 3923 Graeca.
3026 3865 3165 3919 ΜΕΝ.
3187 3865 3438 3919 —-Vide--

1866 3885 1993 3919 mtm
2025 3885 2109 3921 CSI.
2136 3885 2299 3922 viaert
2333 3885 2365 3920 α
2401 3885 2503 3933 me,
2552 3885 2749 3923 illl‘ilSlS
2777 3885 2985 3923 υΓὶιέεἷὶ.
3026 3885 3165 3919 ΜΕΝ.
3187 3896 3260 3903 -
3282 3885 3438 3919 νη]οη

1865 3937 1943 4057 iis
1975 3938 2057 3991 Cl.
2102 4006 2160 4059 Η
2195 3938 2480 3991 Sabatierii
2523 3885 2665 3992 bibl.
2707 3956 2818 3991 sae.
2865 3936 2988 3991 Lat.
3032 3936 3174 3989 Vers.
3222 3946 3335 3989 ant.
3371 3936 3439 3989 ad

1890 4022 1968 4059 sa.
2005 4022 2063 4059 ιι.
2140 4030 2143 4033 ν
2174 4046 2188 4059 .

1890 4022 1968 4060 sa.
2005 4022 2063 4069 ιι,
2102 4022 2188 4061 11.

1938 4076 2152 4145 (25-26)
2195 4074 2511 4132 Neomeuias
2532 4086 2729 4131 vestras
2744 4088 2791 4131 ct
2814 4077 2947 4129 diem
2968 4092 3240 4145 magnum.
3266 4074 3433 4129 Editt.

1865 4146 2057 4216 Clerici
2086 4157 2138 4199 et
2168 4146 2423 4205 Russelii.
2463 4157 2584 4216 post
2624 4147 2939 4201 Neomenias
2978 4158 3201 4216 vestras,
3232 4146 3438 4216 addunt

1864 4225 1913 4287 et
1928 4215 2183 4270 Sabbata.
2216 4216 2427 4270 Habent
2463 4214 2682 4287 quidem
2718 4216 2860 4270 LXX
2892 4236 2905 4270 :
2947 4216 3039 4269 καὶ
3064 4215 3133 4267 τὰ
3162 4214 3433 4287 Σάϐϐατα.

1866 4284 2084 4356 Habent
2134 4297 2187 4341 et
2237 4284 2643 4352 Tertullianus,
2699 4297 2755 4342 et
2804 4287 3185 4356 Hieronymus,
3236 4286 3437 4354 aliique

1865 4356 2009 4423 apud
2051 4354 2393 4411 Sabatierum
2440 4359 2475 4411 l.
2523 4375 2572 4413 c.
2621 4361 2691 4411 At
2731 4374 2791 4411 ea
2840 4373 2947 4409 non
2995 4354 3435 4424 agnoscitivetus

1865 4424 2127 4497 Bai-nabat:
2151 4429 2436 4497 interpres,
2468 4444 2642 4495 neque
2672 4429 2725 4480 in
2766 4430 2939 4496 prima
2980 4423 3223 4479 illeuardi
3254 4423 3432 4479 Paris.

1864 4496 2219 4583 ediﬁpequq
2242 4496 2487 4583 inaltera
2510 4497 2646 4583 'Fgl‘li
2672 4497 2849 4583 Orum:

1934 4564 2049 4635 (27)
2091 4564 2301 4639 Ferias.
2326 4569 2481 4639 Apud
2508 4567 2647 4620 LXX
2678 4591 2694 4639 A:
2723 4568 2943 4639 ἀργίαν,
2985 4567 3172 4639 otium.
3222 4564 3325 4618 Sed
3352 4564 3434 4617 in-

1862 4642 2073 4708 terpres
2098 4638 2292 4708 legisse
2316 4635 2530 4692 videtur
2556 4635 2990 4708 dpylagt‘erias.
3026 4635 3165 4688 ΜΕΝ.

1937 4703 2048 4775 (28)
2092 4703 2218 4761 Sine
2238 4708 2369 4777 jugo
2404 4703 2749 4761 necessitatis.
2780 4707 2897 4761 Non
2930 4709 3152 4777 astricta
3185 4705 3283 4777 legi
3318 4703 3435 4757 Mo-

1862 4777 2041 4899 zaigiaz.
2111 4779 2268 4849 Ζυγῴ
2309 4775 2597 4842 δουλείας,
2652 4778 2782 4849 jugo
2842 4776 3130 4831 servitutis.
3189 4775 3307 4829 Gal.
3360 4790 3431 4840 v,

1903 4884 1917 4899 .
2007 4863 2091 4899 EN.

1903 4884 1917 4899 ο
1950 4863 2091 4900 ΜΕΝ.

1933 4919 2045 4986 (29)
2089 4916 2360 4971 Mendum.
2389 4918 2530 4972 Cave
2559 4919 2662 4971 hoc
2702 4928 2881 4972 mutes
2917 4932 3040 4970 cum
3080 4913 3342 4986 Menardo
3381 4924 3434 4969 et

1860 4982 2264 5041 Oxbnieusibus
2284 5030 2299 5053 ,
2328 4989 2381 5041 in
2412 4989 2639 5041 mendax
2667 5007 2683 5040 :
2712 5000 2793 5043 est
2818 4991 2961 5042 enim
2990 4987 3165 5055 prisca
3194 5000 3293 5037 vox
3323 4984 3430 5037 La-

1860 5057 1995 5121 tina,
2028 5066 2084 5109 ut
2115 5060 2272 5111 docet
2298 5059 2579 5112 Charisius
2608 5059 2700 5112 lib.
2735 5075 2773 5112 ιε
2804 5059 3053 5110 Mendum
3084 5057 3135 5107 in
3164 5055 3430 5108 mendacii

1860 5128 2259 5194 signiﬁcatione
2289 5129 2522 5191 dicitur;
2564 5130 2790 5192 menda,
2834 5130 2888 5181 in
2928 5129 3084 5196 culpa
3119 5128 3300 5194 operis
3337 5134 3431 5179 aut

1859 5198 2127 5263 corporis.
2154 5196 2290 5251 Hinc
2317 5196 2518 5252 factum
2549 5201 2791 5252 mendax.
2821 5199 2987 5252 Cum.

1931 5268 2043 5336 (50)
2084 5266 2276 5337 Habet.
2306 5267 2434 5337 Leg.
2465 5268 2774 5329 Menardus.
2803 5270 3011 5321 habeat.
3043 5266 3241 5337 Sicque
3263 5265 3430 5320 edidit

1857 5334 2060 5389 Fellus.
2096 5336 2259 5392 Forte
2284 5334 2419 5392 amet
2444 5380 2458 5403 ,
2498 5349 2640 5392 sicut
2664 5338 2829 5393 Zach.
2854 5355 2973 5403 Vill,
3004 5338 3069 5391 17
3096 5356 3109 5391 :
3136 5334 3427 5388 Juramen-

1859 5417 1977 5479 tuin
1998 5407 2225 5479 mendax
2255 5424 2317 5460 ne
2344 5408 2609 5479 diligatis.

1926 5477 2039 5546 (51)
2080 5472 2567 5547 Ηαῡεαι.,νιιιὲιυτ
2589 5479 2779 5533 deesse
2807 5478 3131 5533 vocabulum
3153 5517 3169 5539 ,
3212 5472 3381 5547 _S_atau
3406 5513 3422 5540 ,

1855 5546 1941 5599 vel
1965 5544 2411 5618 Centrariusfvel
2438 5550 2568 5618 quid
2600 5550 2797 5614 simile,
2824 5563 2946 5602 ante
2972 5551 3181 5601 habeat.
3210 5544 3349 5597 Mss.

1928 5618 2040 5687 (52)
2097 5617 2237 5673 l'ita.
2268 5618 2445 5671 Oxon.
2481 5620 2703 5687 conjicit
2740 5622 2843 5672 via.
2868 5618 2973 5671 Sed
3007 5632 3114 5671 non
3133 5632 3269 5685 opus
3296 5621 3420 5670 est:

1854 5701 1981 5740 nam
2014 5689 2121 5742 vita
2143 5699 2226 5742 est
2250 5705 2347 5758 pro
2380 5690 2505 5743 vita:
2536 5690 2801 5743 instituto.
2834 5690 2998 5743 (Itan.
