3818 6216
424 312 529 375 7ῧῖ
1680 321 1743 386 εἴ
1752 325 1765 334 ’
1782 323 2523 391 ΒᾸΒΝΔΒΕἈΡΟδΤΟῌ

415 444 673 496 circulum
700 446 897 500 collum
929 455 1077 501 tuum
1101 488 1118 515 ,
1168 456 1218 501 et
1263 464 1418 503 sacco
1457 458 1504 503 te
1534 450 1948 506 circumdederis
1973 494 1988 518 ,
2034 464 2082 507 et
2116 454 2346 508 cinerem
2378 456 2629 512 straveris
2656 472 2676 510 .'
2710 474 2802 512 nec
2828 458 2904 512 sic
2938 458 3224 515 celebrabis
3253 460 3525 529 jeiunium
3563 476 3723 511 acce-

413 549 562 608 ptum
581 539 625 594 '.
659 540 740 594 Ad
772 558 875 600 nos
901 553 1083 599 autem
1115 542 1195 598 sic
1221 542 1354 598 dicit
1382 562 1396 599 :
1428 544 1559 600 Cum
1576 546 1905 615 jejunaveris
1939 548 2075 617 (53),
2108 549 2249 603 solve
2277 567 2483 603 omnem
2511 551 2707 605 nodum
2738 553 3051 619 iniustitia,
3097 563 3147 605 et
3181 567 3384 605 omnem
3417 550 3721 618 consigna-

415 630 614 683 tionem
642 634 883 703 iniquam
907 634 1021 689 dele
1048 635 1186 704 (54),
1212 636 1407 690 resolve
1435 637 1813 705 su/focationes
1843 640 2213 707 impotentium
2238 643 2671 696 commerciorum
2707 645 2844 716 (35),
2876 646 3088 699 dimitte
3112 651 3387 714 quassatos
3425 641 3483 693 in
3517 641 3722 693 remis-

414 721 636 785 sionem,
665 733 716 776 et
738 740 945 778 omnem
972 727 1272 781 cautionem
1312 730 1604 800 malignam
1653 732 1879 802 dissipa.
1916 733 2130 804 Frange
2185 736 2438 789 esurienti
2486 752 2674 805 panem
2717 747 2886 802 tuum,
2931 748 2981 791 et
3016 752 3201 807 egenos
3227 736 3341 789 sine
3370 743 3508 788 tecto
3546 733 3720 785 induc

414 812 468 865 in
501 813 720 868 domum
767 824 913 867 tuam
946 830 964 868 :
993 832 1111 868 cum
1143 818 1339 872 videris
1369 820 1591 887 nudum,
1625 823 1791 886 vesti;
1844 831 1893 876 et
1936 822 2254 877 domesticos
2305 826 2522 878 seminis
2556 826 2634 878 tui
2665 841 2768 878 non
2800 826 3053 895 despicies
3082 826 3217 897 (56).
3271 825 3417 879 Tunc
3464 834 3719 893 erumpet

417 915 811 977 temporaneum
845 910 957 979 (57)
987 910 1167 965 lumen
1193 922 1365 980 tuum,
1394 926 1444 969 et
1475 917 1783 971 vestimenta
1816 928 1910 972 tua
1942 918 2056 988 (58)
2090 920 2197 971 cito
2225 921 2465 973 orientur
2493 921 2608 991 ('59)
2635 937 2653 975 :
2679 932 2728 977 et
2766 923 2977 990 prwibit
3004 932 3126 977 ante
3163 934 3210 977 te
3230 923 3476 992 justitia,
3502 931 3561 975 et
3595 923 3714 973 cla-

416 1002 549 1054 ritas
586 1001 685 1056 Dei
716 1003 1069 1057 circumdabit
1102 1013 1171 1058 te.
1209 1004 1355 1060 Tunc
1381 1008 1651 1063 exclamas
1680 1011 1816 1079 (40),
1844 1022 1893 1064 et
1928 1010 2070 1065 Deus
2097 1013 2347 1066 exaudiet
2373 1022 2421 1066 te
2442 1029 2461 1066 :
2485 1030 2603 1066 cum
2628 1014 2799 1067 adhuc
2816 1014 3067 1085 loqueris,
3096 1015 3234 1068 dicet
3262 1029 3279 1066 :
3306 1012 3443 1067 Ecce
3474 1013 3714 1075 adsum;

414 1104 461 1155 si
490 1101 773 1156 abstuleris
806 1118 837 1154 a
869 1110 917 1155 te
944 1102 1141 1155 nodum
1170 1108 1217 1152 et
1255 1100 1531 1154 suadelam
1565 1101 1829 1154 malorum
1859 1102 1998 1170 (41),
2026 1110 2075 1154 et
2109 1101 2322 1155 verbum
2353 1105 2829 1168 murmurationis;
2874 1114 2923 1157 et
2965 1104 3171 1157 dederis
3214 1103 3467 1157 esurienti
3507 1117 3713 1170 panem

414 1208 479 1245 ea:
508 1194 688 1246 animo
710 1192 751 1247 ⁸.
787 1189 846 1247 In
880 1194 985 1249 hoc
1016 1208 1170 1264 ergo,
1204 1190 1423 1255 fratres,
1463 1191 1759 1261 providens
1808 1201 1894 1246 est
1938 1192 2256 1247 misericors
2303 1191 2469 1259 Deus,
2520 1194 2651 1264 quia
2696 1195 2751 1248 in
2801 1194 3150 1265 simplicitate
3193 1195 3511 1249 crediturus
3556 1201 3715 1248 esset

415 1288 669 1357 populus,
700 1305 864 1360 quem
897 1289 1234 1359 comparavit
1268 1288 1468 1343 dilecto
1498 1302 1640 1355 suo;
1673 1297 1839 1359 atque
1866 1300 1996 1344 ante
2020 1289 2261 1345 ostendit
2289 1290 2545 1345 omnibus
2568 1290 2728 1345 nobis
2752 1331 2768 1355 ,
2812 1300 2874 1345 ut
2920 1306 3031 1345 non
3058 1291 3404 1346 incurramus
3428 1297 3712 1361 tanquam

413 1379 674 1450 proselyti
705 1380 772 1459 ad
804 1380 1024 1434 illorum
1053 1379 1249 1448 legem.

697 1472 790 1528 IV.
822 1474 1187 1528 Antichristus
1222 1482 1345 1527 ante
1376 1482 1583 1543 portas,
1616 1489 1739 1543 ergo
1787 1473 2061 1545 fugiamus
2089 1491 2295 1528 errores
2326 1475 2733 1544 judaizantium
2759 1485 2809 1528 et
2834 1491 2993 1545 opera
3014 1476 3173 1531 malle
3200 1476 3319 1530 vite.

486 1566 713 1637 Oportet
734 1585 865 1637 ergo
898 1569 965 1623 de
997 1568 1333 1623 histantibus
1356 1568 1471 1639 (42)
1500 1568 1730 1623 multum
1755 1578 2066 1625 scrutantes
2097 1570 2360 1635 scribere,
2394 1586 2517 1641 qua:
2540 1587 2643 1627 nos
2681 1570 2800 1641 (4'5)
2857 1570 3073 1641 possint
3113 1581 3332 1623 sanare.
3388 1564 3707 1636 Fugiamus

413 1678 547 1734 ergo
571 1666 640 1719 ab
671 1666 820 1721 omni
849 1681 1014 1735 opere
1038 1663 1365 1734 iniquitatis,
1391 1660 1590 1716 etodio
1622 1661 1927 1716 habeamus
1956 1677 2201 1717 errorem
2223 1661 2389 1731 hujus
2430 1662 2710 1732 temporis,
2750 1673 2811 1718 ut
2854 1662 3040 1715 futuro
3070 1659 3363 1729 diligamur
3394 1656 3538 1726 (44).
3580 1655 3704 1711 Non

413 1759 610 1815 demus
642 1762 757 1831 (45)
794 1764 992 1818 anima:
1024 1770 1226 1816 nostra:
1257 1760 1524 1829 spatium,
1555 1759 1809 1828 utpossit
1832 1759 2035 1813 habere
2064 1767 2391 1828 potestatem
2427 1758 2770 1813 discurrendi
2810 1775 2934 1813 cum
2966 1755 3323 1826 nequissimis
3352 1763 3410 1807 et
3438 1765 3702 1823 peccato-

414 1852 600 1918 ribus;
625 1868 691 1907 ne
712 1856 934 1924 quando
965 1855 1271 1910 similemus
1297 1855 1411 1925 (46)
1434 1855 1563 1909 illis.
1596 1853 1981 1909 Consummata
2005 1855 2147 1908 enim
2179 1858 2423 1921 tentatio,
2442 1854 2584 1910 sicut
2606 1855 2869 1925 scriptum
2888 1863 2972 1909 est
2995 1854 3130 1925 (47),
3160 1853 3299 1909 sicut
3324 1850 3521 1905 Daniel
3543 1851 3698 1909 dicit,

411 1950 853 2018 appropinquavit
884 1953 926 2005 ⁷.
950 1951 1178 2022 Propter
1201 1953 1307 2007 hoc
1326 1952 1473 2007 enim
1505 1951 1770 2006 Dominus
1792 1950 2072 2006 intercidit
2112 1950 2228 2019 (48)
2252 1960 2497 2021 tempora
2529 1960 2583 2006 et
2603 1951 2741 2015 dies,
2766 1959 2827 2005 ut
2848 1950 3113 2005 acceleret
3134 1948 3367 2003 dilectus
3399 1946 3523 2014 (49)
3548 1945 3701 1999 illius

413 2041 483 2095 ad
516 2042 886 2097 luereditatem
913 2060 1092 2099 suam.
1118 2045 1262 2103 Dicit
1302 2049 1383 2103 sic
1406 2049 1671 2118 prOpheta
1702 2066 1715 2101 :
1747 2046 1925 2117 Regna
1954 2047 2069 2115 (50)
2100 2049 2156 2099 in
2189 2049 2342 2101 terris
2375 2047 2552 2101 decem
2584 2046 2900 2117 regnabant,
2930 2055 2979 2099 et
3005 2055 3235 2114 resurget
3265 2054 3405 2096 retro
3438 2041 3697 2111 pusillus,

411 2150 503 2203 qui
533 2133 752 2202 deponet
786 2144 889 2189 tres
918 2138 971 2189 in
998 2154 1165 2193 unum
1195 2142 1238 2193 ⁸.
1271 2140 1347 2195 De
1383 2141 1565 2211 regnis
1601 2140 1876 2195 similiter.
1915 2141 1991 2194 De
2024 2141 2129 2195 hoc
2153 2141 2273 2209 ipso
2299 2142 2439 2196 dicit
2465 2142 2661 2195 iterum
2682 2140 2904 2195 Daniel:
2940 2139 3009 2195 Et
3034 2140 3143 2194 vidi
3163 2150 3417 2210 quartam
3443 2137 3695 2197 bestiam,

412 2242 635 2295 nequam
654 2236 701 2279 et
727 2226 943 2295 fortem,
970 2238 1018 2282 et
1050 2230 1324 2284 saeviorem
1348 2232 1552 2284 ctcteris
1585 2230 1768 2283 bestiis
1801 2231 2059 2284 marinis:
2085 2239 2135 2283 et
2162 2241 2531 2300 apparuerunt
2571 2231 2653 2284 illi
2694 2232 2871 2285 decem
2918 2247 3117 2284 cornua
3140 2245 3158 2282 :
3185 2240 3235 2283 et
3268 2229 3520 2282 ascendit
3546 2227 3697 2280 aliud

411 2339 576 2377 cornu
602 2324 750 2378 breve
778 2326 832 2377 in
862 2326 1033 2379 medio
1065 2326 1322 2390 illorum;
1351 2336 1401 2380 et
1429 2327 1621 2395 dejecit
1650 2343 1851 2379 cornua
1905 2328 2015 2380 tria
2062 2326 2126 2380 de
2152 2326 2463 2395 majoribus.
2497 2326 2746 2381 cornibus
2783 2328 2825 2382 ’.
2858 2326 3164 2398 Intelligere
3214 2342 3349 2397 ergo
3396 2326 3695 2381 debemus.

411 2415 607 2475 Adhuc
640 2428 694 2473 et
733 2420 836 2475 hoc
863 2437 998 2491 rogo
1038 2436 1135 2475 vos
1160 2432 1423 2491 tanquam
1463 2439 1607 2477 unus
1635 2439 1702 2477 ex
1727 2423 1910 2488 vobis,
1932 2438 2127 2478 omnes
2161 2439 2355 2478 amans
2395 2439 2563 2493 super
2590 2424 2833 2479 animam
2864 2440 3067 2492 meam,
3124 2434 3185 2479 ut
3208 2423 3511 2479 attendatis
3540 2423 3697 2478 vobis

413 2523 604 2567 etnon
640 2516 889 2571 similetis
923 2516 1004 2572 eis
1049 2517 1143 2587 qui
1174 2527 1397 2586 peccata
1439 2533 1539 2572 sua
1577 2525 1903 2587 congerunt,
1949 2527 2003 2571 ct
2048 2518 2273 2573 dicunt:
2308 2516 2449 2583 Quia
2484 2527 2872 2573 testamentum
2928 2521 3176 2588 illorum,
3201 2530 3258 2577 et
3278 2536 3389 2575 non
3438 2530 3697 2575 nostum

424 2614 509 2660 est
540 2606 677 2676 (51).
718 2605 981 2662 Nostrum
1018 2618 1102 2663 est
1126 2619 1335 2675 autem,
1361 2612 1490 2681 quia
1521 2612 1597 2665 illi
1627 2612 1681 2666 in
1707 2620 2032 2673 perpetuum
2068 2609 2429 2680 perdiderunt
2472 2609 2607 2666 illud
2634 2612 2779 2681 quod
2809 2610 3024 2683 Moyses
3058 2615 3287 2685 accepit.
3346 2613 3500 2669 Dicit
3548 2613 3697 2669 enim

3616 339 3725 393 752

484 2790 507 2821 ⁸
533 2787 636 2843 lsa.
678 2804 831 2857 LVIII,
861 2792 917 2859 4,
946 2790 1002 2847 5.
1080 2792 1101 2824 ⁵
1133 2789 1236 2846 lsa.
1275 2807 1431 2858 LVIII,
1466 2792 1626 2847 6-10.
1702 2793 1721 2823 "
1760 2791 1896 2846 Dan.
1930 2804 2006 2853 ιι,
2039 2787 2235 2849 24-27.
2306 2791 2329 2823 ⁸
2364 2790 2500 2846 Dan.
2533 2806 2632 2859 vn,
2661 2790 2755 2845 24.
2831 2792 2852 2823 ⁸
2883 2789 3020 2846 Dan.
3053 2806 3149 2858 vn,
3178 2789 3295 2845 7-8.

1705 2963 2077 3021 VARIORUM
2107 2963 2336 3021 NOTAE.

482 3146 597 3214 (53)
635 3143 989 3214 Jejunaveris.
1021 3143 1112 3199 Sic
1141 3143 1343 3199 Fellus.
1372 3140 1459 3195 Al.
1488 3157 1613 3196 cum
1648 3158 1753 3197 ms.
1778 3142 1999 3211 jejuna-
2024 3145 2072 3202 Α
2102 3145 2306 3214 pretem
2335 3148 2584 3193 nostrum
2613 3136 2922 3214 scripsisse,
2933 3138 3220 3214 _suade_lam
3250 3140 3697 3214 manuumLQua:

412 3208 612 3270 genus,
694 3208 709 3214 '
1780 3208 1789 3210 ἡ
1832 3208 1842 3211 ⁷
2099 3208 2440 3280 conjectura_
2454 3224 2561 3280 non
2592 3217 2676 3263 est
2704 3208 2968 3277 Menardi,
3002 3220 3061 3263 ut
3094 3208 3263 3263 fertur
3296 3214 3445 3280 apud
3511 3211 3692 3267 Cleri—

485 3287 597 3355 (54)
642 3285 708 3341 Ει
741 3304 941 3341 omnem
972 3287 1427 3357 consignationem
1456 3290 1696 3357 iniquam
1724 3291 1858 3337 dele.
1893 3282 2000 3337 Re-

411 3356 597 3429 legari
622 3358 821 3411 debent
865 3359 968 3412 ista
1016 3358 1083 3429 ad
1123 3354 1451 3429 marginem,
1499 3354 1639 3412 unde
1686 3354 1738 3429 in
1786 3364 1995 3429 textum

410 3426 627 3483 induxit
660 3444 724 3482 ea
774 3430 958 3483 nescio
990 3428 1116 3497 quis
1166 3447 1180 3482 :
1232 3426 1361 3485 sunt
1402 3430 1620 3500 quippe
1658 3426 1763 3500 alia
1814 3426 1997 3479 versit)

409 3500 725 3575 yerborurn,
775 3500 955 3552 πᾶσαν
993 3495 1323 3575 ’ἐξυγγραφὴν
1367 3495 1551 3575 ἄδικᾷν
1598 3495 1835 3575 διάσπαλ
1875 3511 1998 3563 qua:

409 3568 534 3623 hvic
586 3569 930 3633 redduntur,
985 3569 1049 3621 Et
1098 3566 1302 3623 omnem
1360 3571 1660 3623 cautionem
1706 3566 1996 3633 malignam

410 3640 661 3705 dissipa:
697 3655 724 3691 a
772 3638 1047 3709 Cypriane
1088 3648 1270 3693 autem
1325 3642 1420 3695 lib.
1473 3640 1545 3693 De
1590 3636 1741 3690 Orat.
1776 3635 1993 3709 l_)_omin.

409 3704 727 3761 auterlinem
759 3704 932 3762 et'lib.
965 3725 1024 3763 ιιι
1087 3710 1167 3761 Ad
1195 3711 1479 3775 Quirinum
1518 3724 1637 3776 cap.
1678 3724 1692 3760 ι
1731 3725 1745 3761 :
1778 3704 1845 3759 Et
1884 3723 1997 3758 om-

407 3795 527 3833 nem
560 3781 1009 3849 consignationem
1040 3780 1289 3847 injustam
1321 3783 1549 3849 dissipa.
1582 3778 1720 3849 Cor.

485 3850 598 3915 (55)
642 3846 1019 3915 [inpotentiam
1066 3846 1520 3905 commerciorum.
1572 3846 1991 3916 lmpotentium,

410 3916 466 3971 id
496 3928 579 3971 est
605 3919 991 3973 violentorum.
1030 3918 1499 3984 Commerciorum,
1529 3921 1581 3974 in
1610 3928 1757 3971 textu
1782 3916 1993 3982 Graeco,

411 3988 873 4061 c_i_-va).‘ta.ypcicwv
908 4034 917 4043 .
955 4006 1079 4061 nam
1115 3992 1465 4061 συνάλλαγμα
1494 4000 1577 4044 est
1603 3988 1992 4061 commercium.

410 4058 867 4131 Glossaveteres:
899 4060 1273 4131 συνάλλαγμα,
1298 4058 1687 4115 commercium.
1718 4058 1855 4131 ΜΕΝ.

485 4126 600 4192 (56)
659 4126 723 4179 Et
775 4128 1087 4184 domesticos
1139 4126 1355 4185 seminis
1411 4132 1487 4184 tui
1548 4146 1650 4181 non
1710 4127 1987 4196 despicies.

408 4192 573 4251 Juxta
604 4196 764 4251 LXX.
800 4197 868 4251 At
899 4198 1055 4269 Vulg.
1082 4202 1237 4269 juxta
1275 4211 1481 4255 textum
1515 4197 1751 4265 llcb.,Et
1779 4192 1991 4249 carnem

412 4275 558 4318 tuam
586 4285 647 4320 ne
686 4270 1004 4333 despexeris.
1036 4270 1137 4325 Sed
1170 4288 1366 4327 sensus
1413 4272 1553 4325 idem
1582 4286 1704 4323 esse
1736 4269 1949 4321 videtur
1975 4286 1988 4320 :

411 4353 536 4389 nam
574 4339 849 4391 domestici
882 4341 1103 4392 seminis
1142 4344 1261 4407 tui,
1299 4351 1428 4396 sunt
1469 4341 1718 4395 homines
1745 4338 1991 4407 ejusdem

411 4416 589 4461 tecum
624 4418 833 4462 natura:
857 4420 909 4462 et
940 4412 1143 4465 carnis.
1178 4414 1287 4468 ιυ..

482 4478 594 4545 (57)
642 4478 1075 4553 Temporaneum.
1124 4480 1199 4536 lta
1244 4482 1387 4553 apud
1422 4478 1843 4553 Tertullianum,
1887 4478 1983 4532 lib.
2022 4488 2062 4542 Β

413 4545 487 4599 De
537 4565 732 4620 resurr.
769 4545 968 4620 carnis.
1016 4549 1072 4603 ιιι
1113 4545 1497 4620 textu-Greece
1533 4548 1781 4620 πρώϊμον
1826 4550 1986 4619 juxta

409 4624 613 4671 textum
654 4618 814 4685 lleb.,
847 4619 899 4672 id
932 4629 1034 4683 est,
1060 4619 1399 4672 matutinum.
1429 4615 1505 4673 In.

480 4688 591 4756 (5S)
647 4689 965 4743 Vestimenta
1012 4700 1124 4744 tua.
1165 4692 1320 4760 Apud
1371 4689 1533 4743 LXX.
1572 4687 1736 4743 Juxta
1779 4697 1983 4742 textum

408 4755 735 4813 Heiu-nicum
767 4761 964 4831 legitur
998 4755 1228 4831 ἰάματαξ
1269 4763 1563 4821 sanitates;
1597 4774 1696 4828 pro
1724 4776 1832 4831 quo
1857 4760 1986 4831 qui-

407 4831 532 4880 dam
567 4828 835 4899 legerunt,
871 4828 1083 4900 ἱμάτια,
1111 4835 1418 4885 vestimenta
1441 4872 1456 4895 ,
1495 4841 1553 4883 ut
1586 4837 1738 4900 notat
1764 4829 1820 4883 S.
1855 4828 1983 4882 Hie-

406 4898 691 4967 ronymus.
721 4900 857 4954 Hinc
897 4898 1103 4955 l'actum
1150 4913 1267 4967 est,
1319 4912 1379 4955 ut
1423 4903 1689 4969 interpres
1724 4898 1987 4954 Barnabas

405 4971 650 5042 mutui-it,
687 4981 996 5025 vestimenta
1037 4975 1225 5042 :quod
1274 4973 1597 5027 vocabulum
1631 4972 1863 5042 sumpsit
1889 4986 1985 5042 pro

404 5053 571 5090 carne
602 5038 991 5106 Tertullianus,
1024 5038 1119 5096 lib'.
1159 5044 1232 5096 De
1266 5061 1367 5096 res.
1400 5042 1598 5095 carnis.
1632 5040 1772 5093 Men.
1798 5071 1868 5078 —
1892 5038 1986 5095 Sic

404 5106 535 5181 legit
564 5124 784 5181 quoque
814 5112 1081 5179 interpres
1103 5115 1196 5181 qui
1235 5115 1541 5167 versionem
1587 5112 1869 5181 antiquam
1918 5112 1986 5164 ab

406 5175 631 5301 Ιιςθιιῗξυ,
663 5175 1002 5237 Tertulliano
1042 5196 1097 5237 et
1120 5175 1415 5254 'Cypriano
1442 5175 1972 5250 receptain'adorua-

406 5258 499 5300 vit.
581 5266 700 5301 ειι..

403 5258 499 5300 vlt.
539 5258 700 5303 lit-31.1..

478 5317 590 5393 (59)
637 5319 908 5393 Orientur.
953 5321 1044 5377 Sic
1070 5324 1172 5393 leg.
1208 5322 1500 5379 Menardus
1539 5340 1553 5378 :
1596 5322 1785 5389 sicque
1815 5321 1985 5375 edidit

402 5386 604 5444 Fellus.
634 5391 719 5445 Al.
751 5407 873 5445 cum
907 5408 1009 5445 ms.
1042 5386 1311 5449 oriuntur.

474 5460 587 5537 (40)
629 5460 1130 5537 Eaclamas._Lege,
1154 5462 1506 5537 exclamabis,
1536 5473 1595 5516 ut
1622 5464 1763 5536 apud
1792 5460 1849 5514 S.
1876 5458 1985 5532 Cy-

402 5532 656 5596 prianum
688 5533 781 5585 lib.
816 5547 876 5585 ιιι
937 5532 1015 5585 De
1044 5532 1380 5589 testimoniis.
1418 5534 1556 5587 Men.

632 5600 1233 5674 suadelammalorum.
1285 5605 1603 5674 Χειροτονία
1650 5602 1791 5671 apud
1841 5599 1981 5654 LXX

402 5667 648 5747 redditur
684 5672 773 5747 hic
805 5672 1048 5747 suadela,
1070 5667 1543 5747 quiaiperoruutes
1568 5667 1788 5728 extensa
1814 5688 1982 5747 manu

404 5742 566 5795 verba
599 5742 888 5798 iaciebant.
924 5742 1170 5799 Fu.wa
1192 5742 1416 5803 Ouiuaii
1446 5747 1568 5801 uuis
1598 5755 1779 5799 posset
1810 5744 1981 5798 inter-

2100 3294 2247 3341 cum,
2274 3281 2369 3333 sed
2402 3278 2499 3332 Ed.
2532 3278 2812 3334 Bernardi.

2172 3349 2284 3422 (42)
2328 3348 2403 3401 De
2447 3347 2988 3422 histantibus._V0l0,
3020 3350 3085 3404 de
3108 3350 3188 3403 his
3232 3352 3514 3405 statibus:
3561 3354 3692 3422 περὶ

2098 3420 2305 3472 τούτων
2341 3420 2743 3472 καταστάσεων.
2796 3420 2963 3474 BERN.
2998 3452 3071 3460 —
3111 3422 3194 3473 Al.
3255 3422 3320 3472 de
3359 3422 3445 3474 bis
3494 3420 3687 3481 tantis.

2097 3491 2181 3561 vel
2208 3491 2555 3543 instantibus.
2588 3489 2773 3545 Lectio
2796 3492 2859 3543 de
2882 3492 2962 3543 his
2985 3491 3203 3551 talibus,
3235 3492 3365 3561 περὶ
3397 3493 3686 3553 τοιούτων,

2098 3560 2251 3615 Fello
2274 3562 2488 3615 videtur
2515 3562 2797 3629 aliquanto
2824 3562 3186 3615 commodior.
3246 3559 3517 3615 USserius
3558 3579 3687 3617 vero

2098 3631 2336 3700 legebat:
2398 3631 2613 3700 Oportet
2664 3648 2785 3701 ergo
2844 3648 2947 3684 non
2978 3632 3042 3684 de
3072 3631 3399 3684 instantibus
3454 3634 3689 3685 multant

2099 3711 2394 3772 scrutantes
2447 3703 2674 3772 scribere
2726 3702 2892 3765 vobis,
2925 3718 3043 3772 qua:
3093 3719 3195 3755 non
3230 3703 3435 3769 possint
3468 3720 3684 3755 sanare.

2096 3770 2271 3825 Porro
2323 3787 2573 3840 quaenam
2618 3771 2719 3824 has
2752 3773 2893 3825 inter
2930 3770 3192 3827 lectiones
3240 3772 3314 3825 sit
3373 3773 3684 3841 seligenda,

2098 3842 2291 3896 suadet
2321 3842 2552 3911 ipsemet
2590 3842 3074 3911 vetusilnterpres,
3128 3842 3270 3911 apud
3311 3858 3484 3910 quem
3541 3843 3685 3897 infra

2097 3927 2215 3980 cap.
2248 3928 2381 3975 xvn,
2417 3915 2496 3966 sic
2520 3912 2701 3981 legas:
2736 3910 2794 3965 Si
2825 3910 2963 3965 enim
2987 3912 3053 3965 de
3085 3910 3411 3966 instantibus
3441 3930 3509 3964 ac
3535 3914 3686 3981 [utn-

2097 3982 2173 4034 ris
2212 3982 2441 4034 scribam
2475 3983 2641 4035 vobis.

2167 4052 2280 4121 (45)
2328 4052 2459 4104 Nos.
2489 4051 2565 4105 Ita
2588 4053 2719 4107 edit.
2752 4051 2934 4107 Oxon.
2971 4053 3057 4107 Al.
3099 4070 3204 4108 ms.
3231 4069 3355 4106 non.

2168 4122 2281 4191 (44)
2324 4121 2532 4194 Futuro
2570 4124 2881 4194 diligamur.
2922 4122 3103 4194 Fellus
3131 4127 3183 4177 in
3215 4123 3347 4194 edit.
3394 4123 3584 4177 Oxon.
3624 4141 3685 4179 ex

2095 4193 2409 4317 gmjectlura
2435 4191 2639 4247 Usserii
2667 4191 2685 4257 ζ
2714 4194 2899 4263 futura
2947 4193 3258 4265 diligamus.
3322 4192 3417 4248 Sic
3465 4196 3599 4264 legit
3638 4207 3687 4250 et

2151 4279 2301 4317 enari
2328 4280 2409 4317 us.

2151 4266 2409 4317 euardus.

2190 4334 2279 4404 45)
2322 4334 2532 4404 Demus.
2561 4331 2750 4404 Usser.
2785 4333 3050 4388 debemus.
3072 4334 3238 4389 FBLL.

2190 4336 2279 4404 45)
2322 4336 2532 4385 Demus.
2562 4336 2750 4387 Usser.
2785 4336 3050 4388 debemus.
3072 4336 3238 4389 FBLL.

2165 4336 2280 4473 i46)
2326 4401 2653 4475 Similemus.
2680 4403 2772 4457 Sic
2801 4418 2849 4457 et
2882 4405 3045 4475 paulo
3069 4416 3210 4475 post,
3236 4405 3489 4459 similetis
3509 4421 3529 4459 :
3562 4425 3681 4463 vcr-

2094 4475 2222 4529 bum
2251 4474 2572 4527 neutraliter
2605 4476 2860 4527 sumilur.
2892 4474 3032 4527 ΜΕΝ.

2162 4545 2273 4613 (47)
2317 4542 2466 4597 Sicut
2495 4546 2749 4612 scriptum
2779 4554 2875 4606 est,
2895 4554 2998 4615 etc.
3026 4543 3303 4605 Usserius,
3328 4546 3395 4599 de
3414 4564 3526 4615 qua
3550 4552 3680 4601 seri-

2089 4626 2236 4684 ptum
2261 4625 2358 4679 est,
2383 4615 2519 4667 sicut
2555 4614 2744 4667 Daniel
2767 4615 2919 4666 dicit.
2944 4614 3123 4669 Fellus
3152 4625 3335 4668 autem
3362 4614 3447 4671 sic
3471 4637 3484 4671 :
3528 4618 3677 4674 Sicut

2089 4687 2345 4754 scriptum
2375 4694 2453 4737 est
2477 4703 2507 4737 a
2536 4685 2776 4754 Daniele.

2161 4753 2274 4829 (48)
2316 4754 2617 4829 Inter-cidit.
2666 4753 2768 4829 _h_l_s_.
2814 4756 3141 4829 interdicit;
3182 4755 3343 4829 llaae”
3374 4762 3679 4829 respiciunt

2089 4825 2280 4947 (lingu.
2322 4841 2449 4878 xxiv
2477 4865 2491 4889 ,
2538 4824 2627 4878 22.
2666 4824 2800 4880 Vide
2845 4827 2952 4879 lsa.
2990 4843 3043 4892 x,
3073 4826 3176 4894 25;
3212 4838 3265 4881 et
3295 4824 3541 4885 Malac'h.
3581 4850 3673 4897 ιιι,

2128 4938 2140 4947 .
2222 4913 2341 4947 Ειι..

2091 4899 2140 4951 1.
2178 4899 2341 4948 FELL.

2161 4967 2273 5038 (49)
2297 4966 2567 5038 ADilectus.
2598 4964 2783 5038 Usser.
2812 4966 3054 5038 dilectos.
3083 4968 3245 5022 FELL.

2160 5035 2272 5105 (50)
2278 5036 2483 5159 1gregna.
2504 5039 2579 5091 lta
2601 5035 2736 5089 LXX
2761 5054 2775 5090 :
2795 5036 3333 5107 βασιλεῖαι.ΑιΗεὺι·.
3352 5048 3414 5093 ιιι
3430 5040 3675 5114 inVulg.,

2160 5126 2249 5159 tes.
2333 5123 2418 5159 EN.

2090 5126 2229 5163 1⁸8098
2239 5146 2249 5161 .
2278 5123 2321 5159 Μ
2333 5123 2418 5160 EN.

2145 5126 2513 5248 ﬁglflii‘onon
2541 5188 2780 5231 nostrum
2815 5186 2914 5230 est.
2946 5177 3091 5232 Editi
3120 5178 3187 5231 ad
3226 5194 3402 5233 unum
3444 5198 3670 5238 omnes:

2090 5249 2158 5301 Et
2197 5260 2434 5301 nostrum
2452 5258 2547 5322 est.
2572 5248 2776 5322 Locum
2797 5250 3048 5322 mutilum
3074 5249 3321 5322 adeoque
3347 5264 3673 5322 corruptum

2088 5336 2210 5374 esse
2234 5322 2454 5389 agnovit
2484 5318 2566 5372 CI.
2599 5318 2879 5372 Marianus
2918 5320 2974 5372 in
3006 5320 3237 5389 notisad
3271 5318 3329 5373 S.
3355 5318 3575 5377 Justini
3601 5325 3670 5378 .ll.

2088 5388 2307 5444 Cohort.
2337 5388 2404 5441 ad
2432 5389 2603 5443 Grazc.
2632 5389 2875 5459 cap._15,
2936 5405 2991 5458 p.
3029 5390 3118 5443 17.
3160 5388 3351 5459 Itaque
3396 5392 3560 5447 illum
3600 5397 3674 5449 sic

2091 5460 2354 5514 restituit:
2387 5459 2583 5512 Dicunt
2608 5460 2729 5529 quia
2755 5456 3151 5514 Testamentum
3190 5456 3439 5521 illorum.
3487 5474 3543 5517 et
3577 5482 3672 5518 non

2089 5540 2326 5584 nostrum
2354 5539 2453 5583 est.
2487 5529 2638 5582 llanc
2681 5538 2863 5582 autem
2920 5530 3365 5587 emendationem
3427 5534 3673 5590 insinuat

2089 5618 2213 5655 cum
2251 5600 2484 5675 hujusce
2508 5600 2702 5675 capitis
2731 5608 3044 5675 contexlus,
3080 5602 3276 5675 tumin
3306 5603 3508 5669 primis
3534 5608 3671 5675 ipse-

2090 5680 2199 5746 [ηυξ
2248 5669 2304 5723 S.
2354 5670 2634 5746 Barnabas
2670 5668 2807 5746 inira
2843 5685 2964 5746 cap.
3000 5687 3133 5746 xui;
3159 5668 3443 5746 _'16wp.sv.
3468 5712 3483 5726 .
3508 5715 3524 5729 .
3554 5668 3605 5729 ei
3639 5677 3667 5746 ή

2088 5740 2313 5813 διαθήκη
2334 5743 2411 5804 εἰς
2429 5739 2641 5813 ἡμᾶς,ἥ
2662 5740 2737 5804 εἰς
2760 5740 3000 5805 ἐκείνους
3021 5783 3034 5807 ,
3072 5739 3354 5795 Videamus
3375 5782 3390 5797 .
3412 5783 3427 5798 .
3446 5784 3461 5798 .
3494 5739 3665 5800 ωτιιηὶ
