3818 6216
421 325 516 366 λῦε)

1669 315 1725 370 S.
1769 312 2009 368 BARNA?

2155 312 2288 367 APO
2297 310 2487 368 STOIJ
3588 309 3691 363 736

415 439 443 474 τι
483 439 568 478 ria
608 426 901 482 tenebrosa
926 444 1035 483 non
1077 431 1319 486 continet
1352 432 1551 487 adhuc.
1579 430 1644 485 Et
1678 433 1744 486 ad
1790 434 1894 486 hoc
1921 430 2188 485 Dominus
2211 429 2472 485 sustinuit
2502 427 2611 497 pati
2640 442 2738 497 pro
2777 426 2958 481 anima
3006 437 3218 494 nostra,
3241 443 3369 482 cum
3415 428 3496 482 sit
3529 428 3688 483 orbis

418 521 690 570 terrarum
714 517 1013 585 Dominus;
1045 522 1132 575 cui
1166 521 1305 576 dixit
1333 523 1418 576 die
1447 523 1564 591 (68)
1590 533 1715 576 ante
1739 521 2191 577 constitutionem
2224 519 2408 575 saeculi
2441 518 2586 584 (69):
2621 516 2906 572 Faciamus
2933 519 3193 575 hominem
3214 522 3283 576 ad
3305 523 3610 591 imaginem
3638 530 3688 574 et

418 603 828 660 similitudinem
855 618 1088 662 nostram
1121 611 1184 665 "'.
1217 612 1337 678 Quo
1365 612 1529 667 modo
1567 628 1697 682 ergo
1718 613 2000 679 sustinuit,
2043 628 2168 668 cum
2215 611 2283 666 ab
2332 610 2647 665 hominibus
2667 610 2772 664 hoc
2792 618 3091 680 pateretur,
3123 611 3344 666 discite.
3380 609 3689 680 Propheta:

422 699 491 752 ab
528 700 646 770 ipso
675 703 934 757 habentes
964 704 1164 758 donum
1193 703 1328 773 (70),
1356 704 1410 758 in
1443 703 1596 757 illum
1628 705 2111 774 prophetaverunt.
2140 702 2232 756 Ille
2249 712 2454 766 autem,
2481 709 2542 754 ut
2570 716 2797 754 vacuam
2826 698 3028 755 faceret
3050 711 3303 768 mortem,
3323 710 3379 756 et
3410 702 3484 756 de
3526 715 3686 753 mor-

426 790 534 844 tuis
560 793 1014 847 resurrectionem
1035 794 1367 858 ostenderet,
1393 791 1522 861 quia
1557 791 1611 844 in
1635 807 1802 846 carne
1829 793 2122 861 oportebat
2142 807 2266 845 cum
2293 804 2573 860 apparere,
2607 787 2891 855 sustinuit,
2917 791 3323 862 upromissum
3348 791 3684 862 parentibus

422 882 676 936 redderet
711 883 859 952 (7i);
891 892 943 937 et
971 885 1086 953 ipse
1116 883 1221 939 sibi

423 978 683 1048 populum
709 994 907 1032 novum
933 994 1156 1048 parans,
1183 979 1312 1032 dum
1339 977 1392 1030 in
1418 978 1576 1032 terris
1599 978 1764 1048 degit,
1796 986 1983 1031 osten-

2147 973 2203 1045 Ξ)
2231 972 2324 1026 τὸν
2343 972 2471 1026 λαὸν
2505 971 2593 1024 τὸν
2624 971 2808 1025 καινὸν
2837 970 2946 1044 (75)
2964 971 3261 1042 ὲτοιμάζων
3291 971 3544 1044 ἐπιδείξῃ
3589 972 3685 1024 ἐπὶ

425 1077 597 1141 deret,
623 1077 770 1147 quod
807 1076 946 1131 facta
978 1076 1380 1131 resurrectione
1411 1077 1526 1146 ipse
1550 1075 1993 1144 cssetetjudica-

426 1175 604 1220 turus.
658 1165 827 1220 Porro
852 1209 866 1231 ,
901 1165 1103 1220 docens
1138 1166 1412 1230 lsraelem,
1445 1177 1608 1234 atque
1648 1173 1757 1218 tam
1799 1178 1995 1231 magna

426 1260 671 1328 prodigia
701 1271 754 1312 et
796 1259 949 1326 signa
978 1256 1208 1321 faciens,
1237 1255 1574 1326 pradicavit,
1602 1270 1667 1310 ac
1711 1254 1862 1307 illum
1891 1252 1994 1324 [ls-

425 1347 652 1419 raelem]
696 1363 908 1402 summe
958 1347 1169 1402 dilexit.
1221 1346 1450 1412 Quando
1489 1354 1668 1399 autem
1721 1343 1997 1412 apostolos

427 1455 582 1505 suos,
622 1439 796 1508 ipsius
828 1438 1181 1508 Evangelium
1216 1439 1627 1507 prtedicaturos,
1659 1435 1842 1505 elegit,
1894 1437 1996 1488 ho-

2095 1066 2193 1134 τῆς
2223 1066 2324 1136 γῆς
2356 1064 2450 1129 ὢν,
2486 1065 2565 1118 ὅτι
2591 1065 2688 1136 τὴν
2714 1066 3006 1119 ἀνάστασιν
3034 1064 3194 1128 αὐτὸς
3220 1067 3450 1136 ποιήσας
3476 1069 3681 1132 κρινεῖ.

2097 1156 2278 1226 Πέρας
2309 1156 2423 1227 (74)
2456 1157 2520 1226 γέ
2563 1173 2644 1209 τοι
2676 1157 2942 1211 διδάσκων
2973 1157 3066 1210 τὸν
3109 1156 3341 1228 Ἰσραὴλ,
3389 1157 3486 1209 καὶ
3522 1157 3680 1226 τηλι-

2099 1247 2272 1301 καῦτα
2295 1248 2496 1319 τέρατα
2512 1248 2606 1301 καὶ
2625 1251 2823 1319 σημεῖα
2852 1247 3040 1312 ποιῶν,
3067 1249 3164 1319 ὲκή
3175 1247 3319 1320 puis,
3342 1249 3438 1300 καὶ
3468 1247 3685 1318 ὑπερη-

2097 1336 2345 1408 γάπησεν
2388 1338 2547 1391 αὐτόν
2593 1338 2727 1409 (75).
2762 1339 2889 1392 Ὅτε
2963 1338 3023 1390 δὲ
3064 1339 3192 1400 τοὺς
3240 1337 3402 1400 ἰδίους
3444 1337 3687 1390 ἀποστό-

2097 1429 2244 1495 λους,
2284 1429 2576 1500 μέλλοντας
2613 1418 2911 1500 κηρύσσειν
2925 1427 3322 1496 τδΕὐαγγὲλιον
3346 1427 3544 1491 αὑτοῦ,
3565 1429 3685 1493 εξε-

427 1532 600 1585 mines
617 1527 776 1584 ‘onmi
813 1539 1036 1599 peccato
1071 1529 1392 1598 iniquiores,
1413 1527 1818 1592 utostenderet,
1851 1527 1997 1596 quod

2143 1522 2287 1588 ἰξατο
2315 1521 2472 1593 (76),
2506 1522 2664 1584 δντας
2691 1520 2836 1608 ρὲὲρ
2868 1521 3046 1574 πᾶσαν
3087 1519 3356 1592 ἁμαρτίαν
3398 1519 3685 1589 ἀνομωτέ-

2709 1599 2714 1602 _
2727 1586 2768 1599 '-

427 1638 535 1676 non
567 1622 714 1674 venit
738 1637 922 1675 vocare
943 1621 1118 1690 justos
1138 1662 1153 1685 ,
1197 1620 1285 1672 sed
1315 1631 1611 1689 peccatores
1647 1619 1716 1672 ad
1747 1620 2000 1688 paeniten-

2143 1631 2295 1676 ους...
2336 1613 2422 1665 ἵνα
2466 1611 2637 1682 δείξῃ,
2669 1599 2751 1664 δὴ.
2782 1612 2884 1663 οὐκ
2917 1606 3047 1678 ἦλθε
3070 1611 3323 1665 καλέσαι
3360 1609 3644 1675 δικαίους
3668 1652 3683 1675 ,

431 1715 559 1765 tiam
597 1711 662 1776 ¹⁸,
707 1722 834 1766 tunc
858 1712 1034 1781 palam
1076 1709 1221 1776 fecit,
1261 1726 1318 1764 se
1345 1726 1464 1764 esse
1494 1709 1689 1764 Filium
1730 1709 1845 1765 Dei.
1883 1708 1998 1765 Nisi

428 1820 558 1859 vero
582 1805 634 1856 in
666 1819 828 1857 carne
860 1805 1117 1869 venisset,
1148 1801 1426 1871 quomodo
1466 1803 1666 1856 servati
1702 1801 1999 1857 fuissemus

430 1911 532 1950 nos
558 1895 826 1961 homines,
859 1895 1104 1948 videntes
1136 1893 1296 1947 eum?
1329 1894 1766 1962 quandoquidem
1814 1893 1872 1958 ii,
1903 1893 1996 1962 qui

430 1988 599 2041 solem
634 1986 779 2040 hunc
822 1985 1116 2055 aliquando
1167 1984 1506 2048 desiturum,
1555 1999 1692 2052 opus
1734 2000 1996 2038 manuum

429 2078 570 2147 ejus,
603 2079 894 2146 aspiciunt,
945 2092 1054 2130 non
1097 2057 1510 2130 valent'radios
1567 2075 1712 2130 illius
1761 2077 1994 2129 obtueri.

433 2163 648 2235 [Porro]
696 2163 863 2233 igitur
917 2162 1087 2217 Filius
1124 2162 1216 2216 Dei
1271 2161 1393 2217 ideo
1434 2165 1486 2216 in
1528 2180 1692 2218 carne
1720 2165 1892 2230 venit,
1939 2173 1998 2218 ut

431 2273 701 2311 summam
733 2257 1034 2325 imponeret
1065 2257 1300 2324 peccatis
1325 2271 1539 2320 eorum,
1559 2257 1652 2325 qui
1680 2257 1747 2310 ad
1767 2266 1995 2310 mortem

2098 1705 2260 1758 ἀλλὰ
2282 1702 2668 1772 ἁμαρτωλοὺς
2697 1705 2783 1768 εις
2809 1702 3193 1771 μετάνοιαν...
3237 1702 3351 1755 τότε
3400 1702 3687 1772 ἐφανέρω-

2101 1814 2190 1850 σεν
2213 1796 2408 1850 ἑαυτὸν
2440 1796 2567 1849 Υἱδν
2581 1794 2716 1849 Θεοῦ
2750 1792 2886 1849 εἶναι
2919 1796 3054 1866 (77).
3089 1797 3152 1848 Εἰ
3178 1797 3285 1866 γὰρ
3313 1796 3388 1866 μὴ
3418 1791 3592 1866 ἦλθεν
3631 1797 3688 1847 ὲν

2100 1889 2283 1960 σαρκὶ,
2313 1889 2432 1951 πῶς
2453 1888 2520 1941 ἂν
2553 1887 2835 1958 ἐσώθημεν
2867 1887 3161 1959 ἄνθρωποι,
3181 1887 3474 1957 βλέποντες
3494 1888 3684 1952 ain-6v;

2097 1985 2178 2038 ὅτι
2203 1985 2294 2036 τὸν
2335 1983 2593 2055 μέλλοντα
2635 1985 2709 2055 μὴ
2742 1978 3056 2054 εἷναιῆλιον
3102 1984 3236 2055 (78),
3272 1985 3436 2056 ἔργον
3482 1985 3687 2056 χειρῶν

2097 2074 2262 2128 αὑτοῦ
2329 2076 2672 2147 ὑπάρχοντα,
2735 2076 3018 2147 βλέποντες
3078 2077 3178 2129 οὐκ
3235 2077 3518 2147 ἰσχύουσιν
3610 2080 3688 2140 εἰς

2100 2169 2321 2230 ἀκτῖνας
2357 2166 2527 2220 αὐτοῦ
2575 2168 3036 2239 ἁντοφθαλμῆσαι.
3087 2168 3295 2223 Οὐκοῦν
3336 2171 3364 2223 ὁ
3413 2170 3550 2232 Υἱὸς
3601 2168 3686 2222 τοῦ

2099 2259 2235 2312 Θεοῦ
2271 2262 2328 2322 ὲς
2359 2260 2518 2312 τοῦτο
2557 2256 2718 2331 ἦλθεν
2763 2263 2819 2314 ὲν
2866 2262 3049 2332 σαρκὶ,
3096 2262 3183 2315 ἵνα.
3223 2262 3284 2314 τὺ
3326 2261 3539 2315 τέλειον
3583 2264 3688 2315 τῶν

428 2351 700 2422 persecuti
729 2359 859 2408 sunt
881 2351 1182 2424 prophetas
1205 2349 1397 2424 ipsius.
1431 2351 1510 2408 Ob
1551 2349 1657 2410 hoc
1686 2350 1849 2425 igitur
1875 2366 1991 2425 pas-

2147 2349 2756 2426 Ραρτιῶνκεφαλαιώση
2786 2352 2898 2418 τοῖς
2932 2349 3183 2422 διώξασιν
3216 2353 3272 2408 ὲν
3310 2351 3527 2426 Θανάτῳ
3563 2354 3688 2419 τοὺς

1519 2519 1823 2598 Sequitur
1847 2526 2022 2577 uetus
2060 2515 2536 2593 interpretatio.

433 2668 692 2738 populum
817 2684 1072 2736 .parans.
1108 2711 1122 2726 .
1155 2711 1169 2724 .
1208 2670 1608 2724 resurrectione
1635 2668 1798 2732 facta,
1831 2670 1884 2722 in
1925 2670 2109 2724 terris.
2142 2711 2156 2724 .
2194 2711 2208 2725 .
2243 2671 2530 2738 judicabat
2555 2669 2670 2738 (79)
2699 2669 2809 2725 illis
2841 2669 2956 2737 (80)
2997 2709 3010 2722 .
3048 2709 3061 2721 .
3103 2707 3118 2721 .
3154 2667 3219 2722 ad
3258 2666 3428 2738 vitam
3464 2666 3685 2738 du_eens

436 2735 692 2810 populum
724 2735 1061 2801 Judaeorum,
1095 2751 1148 2794 et
1186 2756 1376 2810 magna
1397 2741 1550 2809 signa
1577 2748 1630 2810 et
1661 2752 1902 2810 monstra
1939 2740 2165 2802 faciens,
2191 2735 2299 2794 non
2326 2735 2678 2795 crediderunt
2705 2756 2806 2795 nec
2840 2735 3152 2795 dilexerunt
3179 2738 3329 2791 illum
3361 2737 3503 2805 (Si).
3529 2735 3685 2789 Tunc

447 2808 719 2875 apostolos
743 2824 896 2866 suos.
951 2813 1043 2877 qui
1070 2808 1406 2881 incipiebant
1433 2808 1729 2881 prmdicare
1761 2809 2114 2872 Evangelium
2140 2827 2323 2874 suum,
2348 2811 2533 2880 elegit,
2555 2811 2649 2881 qui
2673 2821 2829 2881 erant
2854 2825 3018 2879 super
3047 2824 3210 2881 omne
3233 2816 3684 2881 peccatum__pec-

433 2888 680 2949 calores;
717 2888 773 2949 ut
799 2876 1129 2944 ostenderet,
1159 2876 1286 2948 quia
1312 2895 1418 2933 non
1435 2876 1594 2933 Venit
1627 2880 2020 2949 vocarejustos,
2061 2881 2150 2933 sed
2165 2876 2464 2949 peccatores
2501 2922 2516 2936 .
2641 2921 2654 2934 .
2697 2921 2710 2936 .
2749 2880 2903 2934 Tunc
2926 2876 3176 2935 ostendit
3205 2894 3261 2932 se.
3316 2893 3440 2930 esse
3485 2876 3682 2949 Filium

437 2947 551 3020 l)e_i.
587 2945 642 2998 Si
674 2948 818 3000 enim
852 2966 958 3002 non
980 2945 1234 3020 venisset
1299 2951 1352 3002 in
1386 2965 1570 3020 carne,
1599 2966 1710 3020 quo
1762 2945 1925 3003 modo
1976 2945 2202 3019 possent
2252 2951 2506 3005 homines
2554 2951 2736 3004 sanari
2779 2951 2894 3020 (82)
2923 2993 2956 3020 ᾇ
2984 2989 2998 3003 .
3028 2989 3042 3004 .
3073 2949 3097 3001 ?
3135 2964 3258 3002 cum
3295 2947 3679 3020 ﬂrespicientes

436 3018 630 3076 solem,
659 3056 672 3070 .
703 3056 717 3070 .
751 3057 768 3089 ν.
797 3059 809 3071 .
841 3059 854 3072 .
897 3019 988 3087 qni
1023 3030 1104 3072 est
1135 3036 1272 3088 opus
1297 3036 1492 3072 manus
1517 3017 1633 3082 Dei,
1670 3035 1773 3073 non
1796 3017 2004 3089 possint
2032 3021 2222 3074 radios
2244 3021 2364 3089 ejus
2419 3021 2627 3075 diutius
2665 3017 2886 3075 intueri.
2916 3018 3088 3073 Filius
3130 3033 3258 3087 ergo
3295 3017 3384 3089 Dei
3444 3018 3571 3089 ideo
3631 3017 3681 3068 ia

434 3101 600 3139 carne
639 3088 808 3159 venit.
851 3086 922 3141 ut
941 3086 1468 3142 consummationem
1505 3086 1854 3158 peccatorum
1885 3091 2134 3145 deﬁniret
2153 3091 2254 3155 eis,
2274 3086 2369 3159 qui
2397 3093 2665 3158 persecuti
2694 3103 2822 3146 sunt
2843 3091 2908 3144 ad
2935 3098 3163 3143 mortem
3191 3086 3488 3159 pr_ophetas
3515 3086 3680 3138 illius.

437 3194 454 3208 .
484 3194 498 3207 .
533 3195 544 3206 .
583 3194 596 3208 .
643 3156 783 3230 Dicit
833 3169 1014 3211 autem
1058 3159 1261 3213 Isaias:
1299 3159 1468 3230 Plaga
1495 3155 1729 3228 corporis
1754 3160 1902 3214 illius
1928 3177 2104 3214 omnes
2136 3155 2538 3215 sanatisuinus.
2585 3161 2650 3216 Et
2677 3163 2818 3215 alius
2864 3161 3131 3230 propheta
3163 3155 3204 3212 ί
3232 3155 3480 3230 Feriam_
3506 3166 3685 3230 pasto-

437 3242 566 3291 rem,
589 3236 638 3280 et
666 3228 1034 3298 dispergentur
1064 3246 1180 3282 oves
1203 3227 1415 3298 gt'egis.’
1448 3231 1570 3300 Ipse
1589 3227 1783 3284 autem
1810 3232 1984 3286 voluit
2013 3233 2093 3286 sic
2118 3232 2228 3302 pati
2259 3269 2274 3285 .
2297 3269 2313 3284 .
2348 3270 2363 3286 .
2397 3269 2412 3284 .
2437 3270 2454 3286 .
2490 3270 2505 3285 .
2534 3271 2548 3284 .
2583 3273 2596 3286 .
2627 3270 2641 3284 .
2663 3233 2808 3287 Dicit
2838 3227 2988 3286 enim
3014 3231 3108 3301 qui
3138 3229 3426 3300 prophetat
3449 3227 3520 3281 de
3543 3227 3639 3280 illo
3668 3242 3680 3276 :

505 3393 547 3423 ¹⁷
581 3392 718 3448 Gen.
749 3410 786 3458 l,
810 3393 898 3448 26.
979 3395 1022 3426 ¹⁸
1051 3394 1242 3450 Matth.
1270 3411 1345 3462 Ix,
1372 3396 1458 3450 I3.

1745 3551 2048 3610 νΛιιιοιιυ
2057 3552 2106 3607 M
2139 3551 2370 3609 ΝΟΤᾹΞ.

510 3689 626 3778 (βε)
649 3688 931 3778 ea!
969 3688 1085 3778 se;
1113 3688 1248 3778 P95!
1265 3689 1425 3778 ea?»
1459 3689 1919 3778 recessisses
1943 3689 2011 3778 εδ
2041 3722 2083 3778 c

441 3761 623 3816 Pater.
648 3759 780 3812 Nam
815 3760 936 3812 inde
969 3761 1201 3828 probare
1252 3761 1549 3824 contendit,
1591 3769 1644 3814 et
1672 3759 1792 3813 Filii
1825 3761 2009 3814 excel-

440 3833 686 3892 lentiam,
714 3830 857 3897 quod
891 3830 963 3882 sit
995 3839 1266 3883 terrarum
1291 3831 1441 3884 orbis
1466 3830 1749 3892 Dominus,
1783 3838 1836 3882 et
1860 3829 2010 3897 quod

442 3847 686 3892 tentiam,
714 3847 857 3897 quoa
891 3847 963 3882 sn
995 3847 1266 3883 terrarum
1291 3847 1441 3884 orms
1466 3847 1749 3892 uomtnus,
1783 3847 1836 3882 et
1900 3847 2008 3882 uoa

439 3902 486 3953 ei
513 3901 712 3954 dixerit
745 3899 941 3952 Pater:
1001 3898 1285 3953 Faciamus
1333 3901 1614 3964 hominem,
1687 3910 1791 3952 etc.
1854 3847 2008 3964 auod

2191 3687 2308 3758 (71)
2347 3689 2635 3754 Sustinuit,
2663 3699 2721 3744 ut
2749 3689 3395 3760 promissumparentibus
3423 3687 3688 3740 redderet.

2115 3761 2175 3815 Id
2203 3769 2307 3822 est,
2341 3776 2535 3829 passus
2557 3771 2660 3824 est,
2692 3759 2756 3815 ut
2779 3776 2900 3830 quae
2925 3759 3120 3830 priscis
3153 3760 3398 3830 patrihus
3438 3773 3536 3830 per
3565 3774 3690 3826 pro-

2113 3831 2304 3900 phetas
2341 3825 2708 3898 praenuntiata
2749 3825 2900 3891 sunt,
2925 3825 3273 3895 adimpleret.
3305 3827 3375 3900 Et
3404 3825 3468 3879 τὸ
3518 3825 3577 3879 ut
3609 3845 3692 3900 sc-

2112 3897 2652 3970 quelam’signiticat,
2701 3917 2810 3955 non
2833 3917 3094 3953 causam:
3129 3900 3284 3970 quasi
3325 3898 3566 3952 diceret:
3613 3897 3694 3951 Ita

440 3972 601 4041 etiam
628 3971 820 4041 repetit
854 3967 998 4041 infra
1025 3986 1144 4041 cap.
1166 3986 1238 4031 VI,
1271 3971 1435 4041 Λέγει
1472 3971 1578 4041 γὰρ
1601 3967 1847 4041 ή-Γραφὴ
1882 3971 2012 4039 περὶ

439 4045 472 4112 ἡ
484 4040 618 4112 μῶν,
633 4040 717 4112 ὠξ
731 4039 874 4112 λέγει
897 4039 973 4112 τῷ
991 4040 1102 4112 Titii
1121 4058 1134 4070 ο
1170 4044 1220 4093 Π
1225 4039 1519 4112 ιοήσωμεν
1531 4039 1791 4112 σζατέὶξιό
1798 4048 2007 4112 ra,_etc.

442 4093 498 4165 lii
534 4093 654 4164 est:
686 4093 828 4162 Dicit
870 4093 1008 4180 enim
1065 4093 1347 4180 Scriptura
1378 4093 1442 4162 (ίέ
1473 4109 1620 4162 nobis
1648 4147 1671 4180 ,γ
1696 4111 1832 4160 sicut
1871 4093 2011 4162 dixit

443 4181 588 4234 Filio
646 4180 859 4248 (supple
913 4179 1088 4243 Deus,
1126 4179 1278 4233 ut’cx
1316 4179 1764 4233 antecedentibus
1789 4185 1955 4248 patet)
1987 4197 2000 4233 :

442 4247 1014 4305 Faciamushominem
1040 4250 1108 4302 ad
1141 4251 1444 4318 imaginem,
1471 4259 1577 4303 etc.
1605 4248 1743 4302 ΜΕΝ.
1783 4277 1853 4286 -
1880 4247 2010 4302 Mihi

441 4322 616 4388 magis
646 4322 820 4390 placet
847 4318 1350 4390 Bulliconjectura,
1384 4320 1491 4390 qui
1532 4321 1676 4372 hunc
1720 4320 1898 4390 locum
1933 4320 2014 4373 sic

442 4387 676 4445 fortasse
713 4389 1109 4443 restituendum
1136 4399 1356 4444 censet:
1392 4387 1493 4442 Cui
1539 4389 1678 4441 dixit
1722 4387 1860 4440 Deus
1892 4399 2013 4442 ante

443 4461 871 4513 constitutionem
923 4461 1126 4513 mundi.
1185 4458 1393 4514 Videsis
1443 4459 1564 4528 ejus
1618 4459 1832 4528 Defens.
1881 4457 2010 4514 Fid.

446 4531 597 4592 Nic.,
626 4539 756 4583 sect.
790 4547 827 4593 ι,
855 4545 979 4601 cap.
1011 4532 1064 4592 2,
1104 4529 1131 4600 §
1160 4530 1212 4582 εὶ.

516 4603 628 4668 (69)
677 4601 802 4652 Ante
830 4599 1263 4653 constitutionem
1291 4599 1495 4653 steculi.
1528 4600 1586 4653 Id
1621 4606 1725 4664 est,
1745 4607 1871 4653 ante
1901 4599 2014 4668 ple-

445 4687 570 4725 nam
603 4683 658 4725 et
686 4669 981 4739 perfectam
1021 4671 1205 4724 mundi
1238 4671 1708 4733 constitutionem,
1740 4670 1866 4737 quia
1915 4672 2014 4723 ho-

445 4741 592 4794 mine
617 4743 856 4810 nondum
889 4751 1092 4805 creato,
1122 4756 1229 4794 non
1268 4749 1386 4794 erat
1425 4741 1661 4794 mundus
1705 4739 1862 4810 plane
1889 4753 2016 4808 per-

445 4811 642 4866 fectus.
668 4809 807 4864 ΜΕΝ.

510 4882 624 4950 (70)
665 4881 945 4948 Propheta:
981 4880 1045 4933 ab
1074 4882 1184 4950 ipso
1215 4881 1464 4934 habentes
1487 4879 1721 4950 donum,
1745 4887 1850 4933 etc.
1883 4876 2015 4950 Pro:

447 4949 644 5020 phetize
679 4951 947 5006 videlicet.
995 4949 1126 5004 Nam
1163 4954 1439 5021 propheta:
1480 4949 1570 5002 Dei
1613 4950 1816 5018 Spiritu
1845 4949 2013 5021 atllati

449 5019 864 5088 prephetarunt.
900 5021 1036 5074 Mes.
1062 5051 1133 5060 ——
1156 5019 1308 5074 llun’c
1347 5022 1524 5074 locum
1566 5031 1788 5088 strenue
1825 5019 2014 5073 defen-

453 5159 482 5229 ς
523 5161 575 5221 5,
599 5176 726 5229 pag.
759 5162 828 5215 45
864 5173 1054 5214 contra
1078 5160 1278 5216 Lucam
1307 5162 1629 5222 Mellicrum,
1657 5175 1754 5213 seu
1775 5159 2019 5229 iSamue-c

450 5228 556 5283 lem
581 5228 859 5283 Crcllium.
891 5231 1032 5296 Quin
1083 5233 1246 5284 etiam
1282 5231 1382 5301 ipsi
1424 5232 1634 5284 videtur
1673 5245 1738 5283 cx
1773 5228 2018 5301 Barnaha

449 5301 807 5368 descripsisse
837 5303 1094 5364 Irenzeus,
1130 5317 1251 5370 qua:
1300 5298 1460 5355 habet
1511 5301 1607 5354 lib.
1659 5315 1731 5363 tv,
1773 5315 1892 5369 cap.
1923 5298 2015 5364 ‘20,

452 5386 509 5422 ιι.
534 5371 586 5422 4:
625 5370 898 5434 Propheta:
944 5374 1007 5422 ab
1049 5373 1228 5424 eodem
1271 5371 1433 5424 I’erbo
1483 5371 1843 5440 propheticum
1873 5371 2018 5422 acci-

451 5441 646 5508 pientes
685 5440 971 5504 charisma,
1001 5443 1414 5510 prazdicaverunt
1437 5444 1552 5511 ejus
1579 5441 1864 5494 secundum
1897 5457 2018 5492 car-

453 5525 568 5582 t_tem
599 5511 900 5582 adventum.
935 5511 1146 5576 Quibus
1180 5515 1327 5582 paria
1351 5515 1649 5580 scripserat
1675 5512 1767 5582 lib.
1798 5527 1869 5572 tv,
1895 5526 2016 5577 cap.

451 5576 588 5652 λιι.
617 5581 682 5632 2:
735 5580 925 5634 Omnes
977 5583 1067 5651 qui
1114 5576 1194 5634 ab'
1213 5584 1364 5635 initio
1415 5576 1679 5652 cognitum
1724 5576 2019 5652 habuerunt

453 5647 642 5708 Deam.
664 5660 712 5702 et
745 5647 1022 5704 adventum
1042 5653 1238 5707 Christi
1263 5647 1720 5722 prophethverunt,
1757 5650 2023 5704 revelatio-

456 5734 568 5770 nem
613 5732 919 5791 acceperunt
944 5730 1008 5776 ab
1034 5723 1138 5778 ipse
1179 5723 1339 5776 ti'ilio.

2112 3980 2168 4023 ut
2199 3969 2516 4038 promissum
2537 3973 2842 4038 parentibus
2865 3971 3121 4023 redderet.
3156 3969 3294 4024 MEN.

2187 4040 2299 4108 (⁸72)
2336 4038 2434 4094 llic
2467 4041 2654 4109 incipit
2684 4050 2863 4095 textus
2897 4041 3118 4095 Graecus
3148 4048 3444 4109 superstes.

2187 4057 2299 4108 (α)
2336 4057 2434 4094 mc
2467 4057 2569 4094 IIICI
2615 4057 2654 4094 ιι
2684 4057 2831 4095 textu

2187 4110 2302 4176 (75)
2333 4109 2433 4162 Ms.
2469 4057 2831 4174 xe~u£v,tnale.

2187 4180 2301 4251 (74)
2337 4179 2537 4251 ῌέρας,
2562 4196 2736 4248 porro,
2769 4191 2828 4251 ut
2850 4195 2992 4249 sape
3015 4179 3157 4250 apttd
3187 4179 3350 4233 Barn.

2189 4249 2301 4319 (75)
2339 4248 2429 4304 Sc.
2452 4250 2543 4302 τὸν
2585 4248 2820 4319 Ἰσραήλ.

2215 4254 2280 4305 75
2339 4254 2428 4304 Sc.
2452 4254 2543 4302 τὸν
2585 4254 2820 4319 Ἰσραήλ.

2215 4254 2303 4405 Titii
2325 4319 2401 4405 ."-
2434 4320 2695 4405 sese}
2727 4321 2889 4405 ous.
2919 4337 2966 4405 ς·
3005 4320 3222 4405 (Ξειδλιο
3261 4336 3316 4405 ῐι-
3349 4320 3518 4405 9⁵νὲ-
3556 4317 3599 4384 ¹ν
3622 4336 3692 4405 ,ιι

2115 4383 2238 4445 578.
2265 4383 2361 4443 Ed.
2440 4387 2543 4441 BB.
2583 4388 2752 4444 Vide:
2787 4383 2988 4458 Il’efele,
3011 4393 3111 4446 das
3135 4383 3695 4447 Sendschreiben’des

2115 4461 2182 4514 Α.
2207 4461 2370 4514 Barn.
2403 4474 2454 4528 p.
2489 4460 2611 4513 160.

2191 4531 2303 4599 (77)
2334 4529 2614 4598 Cotijunge
2646 4531 2761 4584 haec
2785 4547 2920 4601 ﬁcum
2946 4532 3128 4587 verbis
3154 4531 3402 4586 anteced.
3432 4546 3448 4582 :
3485 4533 3615 4601 quia
3643 4532 3695 4583 in

2116 4617 2273 4654 carne
2307 4601 2748 4671 oportebattctc.
2785 4600 3039 4656 Eamdem
3083 4603 3410 4657 sententiam
3455 4600 3695 4671 reperies

2117 4671 2176 4726 in
2202 4671 2362 4724 Orac.
2398 4668 2589 4738 Sibyll.
2618 4670 2858 4725 Procem.
2895 4688 2948 4735 v,
2976 4673 3141 4727 10-15

2189 4740 2302 4810 (78)
2333 4739 2371 4810 I.
2403 4756 2453 4794 e.
2485 4741 2578 4808 qui
2609 4741 2902 4810 aliquando
2925 4744 3175 4798 desinere
3209 4743 3392 4796 debet.
3431 4740 3585 4796 ΜΕΝ.

2188 4809 2302 4882 (79)
2316 4809 2808 4882 Iudicabat.Al.,ex
2823 4813 3377 4882 conjectura,judicat
3393 4814 3698 4881 vcljudica-

2119 4881 2215 4934 bit.
2246 4880 2537 4934 Menardus
2551 4891 2730 4934 tamen
2758 4883 2860 4949 leg.
2876 4880 3244 4948 indicabat,ut
3259 4884 3421 4936 modo
3434 4880 3692 4936 vidimus.

2190 4950 2305 5020 (80)
2348 4949 2490 5021 iiiis.
2522 4952 2606 5021 Al.
2629 4950 2786 5012 forte,
2809 4951 2899 5004 ille
2923 4953 2991 5004 ad
3020 4970 3305 5017 summam,
3328 4953 3408 5006 vel
3435 4953 3510 5004 ad
3545 4953 3697 5021 ﬁnem

2120 5019 2330 5074 dooens.
2360 5019 2484 5092 Vel:
2532 5020 2685 5074 Finis
2721 5032 2921 5092 autem,
2956 5023 3168 5076 docens.
3219 5025 3502 5092 Integrqu
3547 5019 3697 5076 hunc

450 5069 868 5172 @{hﬁiiﬁhﬁﬁ
901 5069 1096 5172 Χᾶἧὸ).
1147 5069 1634 5172 ᾆὶῐιὶῇῄίξῇέῑεηὲῖ
1654 5069 2014 5172 ’Ἐπ’ἑάεξΝίὲζ,
2047 5069 2093 5124 ι)
2122 5069 2922 5172 suae;tegam"sint;
2941 5069 3390 5172 ε”Ε-ἱῖῥεὲίὲξῖἐ
3409 5069 3696 5172 ’ᾗόρᾶἶᾴὶᾶ

2122 5178 2313 5216 novum
2345 5177 2566 5229 parans,
2619 5162 2999 5215 resurrectione
3029 5162 3174 5230 facta
3232 5165 3286 5216 in
3324 5165 3484 5216 terris
3519 5178 3694 5231 agens,

2125 5232 2352 5302 ostendit
2377 5233 2516 5300 quod
2555 5233 2826 5302 judicabit
2859 5231 2982 5286 illos
3011 5249 3029 5286 :
3065 5245 3115 5288 et
3168 5235 3239 5287 ad
3281 5244 3584 5288 extremum
3633 5231 3696 5282 ad

2126 5304 2285 5356 vitam
2313 5301 2528 5366 ducens,
2553 5301 2657 5356 etc.

2196 5373 2310 5441 (8i)
2351 5371 2473 5424 Non
2495 5373 2850 5438 crediderunt,
2881 5389 2975 5425 nec
3011 5372 3310 5428 dilexerunt
3345 5373 3527 5426 illum.
3581 5371 3697 5426 Haec

2124 5458 2232 5514 non
2267 5451 2395 5496 sunt
2421 5443 2473 5494 in
2508 5452 2653 5514 textu
2683 5442 2893 5514 Graeco.
2920 5442 3060 5514 Lege
3087 5455 3290 5507 tamen,
3333 5445 3425 5496 sed
3452 5459 3558 5514 non
3585 5459 3694 5514 ere:

2125 5512 2408 5584 diderunt,
2431 5523 2535 5566 etc.
2563 5512 2704 5566 Men.
2737 5543 2798 5552 —
2821 5512 2977 5584 Legit
3001 5509 3268 5584 interpres
3291 5513 3594 5584 ἐκήρυξαν,
3613 5509 3696 5564 καὶ

2125 5531 2390 5575 umerum,
2431 5531 2535 5566 etc.
2563 5531 2704 5566 mea.
2737 5543 2798 5552 —
2821 5531 2896 5566 Le
2941 5531 2977 5566 ιι
3001 5531 3078 5568 tnt

2123 5581 2623 5653 οὔπερὴγάπησαν.
2658 5585 2808 5638 Voss.
2837 5531 3079 5638 et‘iTELL.

2196 5654 2310 5719 (δν)
2347 5653 2560 5706 Sanari.
2607 5653 2767 5708 Forte
2795 5653 3010 5710 salvari.
3043 5655 3334 5712 Menardus
3365 5669 3466 5722 pro
3502 5653 3679 5720 ἐσώθη

2127 5739 2223 5792 μεν
2248 5724 2371 5792 legit
2403 5722 2699 5794 ἐσώθησαν.
