3818 6216
116 292 209 346 7M

1344 272 1682 331 EPISTOLA
1713 269 2122 327 CATHOLICA.

3264 266 3370 322 743

117 408 207 463 καὶ
221 405 564 475 ἐπιστήμων
584 402 681 457 καὶ
709 403 955 472 ἀγαπῶν
976 402 1082 456 τὸν
1098 402 1317 469 Κύριον
1338 399 1524 454 αὐτοῦ
1554 396 1688 467 (14);

1806 391 1899 447 Ubi
1939 394 2104 462 igitur
2134 407 2234 447 nos
2261 391 2546 447 renovavit
2580 406 2677 461 per
2701 390 3081 445 remissionem
3115 396 3369 457 pecu-ato-

128 498 278 552 Ἐπεὶ
316 495 408 551 οὖν
448 496 798 559 ὰνακαινίσας
841 494 953 566 (15)
989 496 1137 564 ἡμᾶς
1169 494 1228 546 ἐν
1259 495 1327 564 τῇ
1362 491 1552 559 ἀφέσει
1580 489 1689 543 τῶν

117 589 417 661 ἁμαρτιῶν,
462 586 715 658 ἐποίησεν
750 588 898 657 ἡμᾶς
934 585 1092 640 ἄλλον
1128 584 1315 648 τύπον,
1346 583 1422 645 ὡς
1463 580 1689 634 παιδίων

117 681 227 753 (16)
279 681 425 751 ἔχειν
467 679 565 751 τὴν
595 678 795 750 ψυχὴν,
835 677 911 739 ὡς
955 675 1020 729 ἂν
1058 675 1152 728 καὶ
1187 670 1532 746 [πνεύματι]
1561 673 1690 724 ἀνα-

117 773 483 843 πλασσόμενος
520 770 630 842 (17)
663 769 822 832 αὐτὸς
865 769 1033 839 ἡμᾶς.
1082 766 1245 833 Λέγει
1288 764 1396 835 γὰρ
1439 762 1688 834 ὴΓραφὴ

117 865 240 935 περὶ
262 862 439 933 ἡμῶν,
469 862 543 924 ὡς
557 860 801 930 λέγειτῷ
817 859 949 930 Υίίξν
966 857 1315 926 Ποιήσωμεν
1334 856 1458 909 κατ’
1486 856 1690 907 εἰκόνα

116 954 211 1007 καὶ
236 952 362 1007 καθ’
392 953 676 1021 ὁμοίωσιν
701 950 869 1020 ἡμῶν
897 950 1002 1002 τὸν
1030 949 1360 1017 ἄνθρωπον,
1385 947 1482 1001 καὶ
1519 947 1690 1015 ἀρχέ-

117 1058 312 1097 τωσαν
336 1040 457 1097 τῶν
472 1044 688 1111 θηρίων
715 1042 825 1111 τῆς
847 1040 979 1111 γῆς,
1011 1040 1109 1094 καὶ
1135 1040 1253 1093 τῶν
1273 1038 1560 1093 πετεινῶν
1581 1039 1689 1092 τοῦ

116 1135 391 1202 οὐρανοῦ,
424 1135 522 1188 καὶ
548 1135 665 1187 τῶν
691 1136 910 1203 ἰχθύων
940 1133 1049 1201 τῆς
1071 1132 1402 1200 θαλάσσης.
1429 1133 1537 1184 Καὶ
1568 1127 1689 1184 εἶπε

119 1223 316 1296 Κύριος
348 1224 472 1279 ἰδὼν
506 1225 567 1277 τὸ
601 1222 765 1278 καλὸν
796 1224 1020 1295 πλάσμα
1040 1263 1055 1287 ,
1086 1223 1390 1295 ἄνθρωπον·
1426 1220 1691 1286 Αὺξάνε-

118 1321 243 1384 σθε,
282 1317 382 1371 καὶ
418 1318 835 1384 πληθύνεσθε,
880 1316 977 1370 καὶ
1019 1314 1375 1382 πληρώσατε
1404 1313 1519 1381 τὴν
1551 1312 1688 1383 γῆν.

122 1408 297 1462 Ταῦτα
326 1408 467 1479 πρὸς
481 1409 571 1461 τὸν
587 1407 713 1461 Υἱόν
727 1408 859 1479 (18).
878 1408 1045 1461 Πάλιν
1064 1424 1145 1459 σοι
1163 1406 1398 1473 ὲνδείξω,
1419 1406 1536 1469 πῶς
1556 1406 1692 1478 πρὸς

119 1503 259 1571 ἡμᾶς
305 1500 565 1571 δευτέραν
626 1499 823 1553 πλάσιν
862 1499 947 1551 ἐπ’
983 1497 1226 1569 ἐσχάτων
1292 1497 1536 1568 ἐποίησε.
1600 1496 1693 1550 Λέ-

119 1609 198 1660 γει
232 1592 454 1663 Κύριος·
499 1591 643 1645 Ἰδοὺ
676 1590 906 1656 ποιήσω
932 1590 1004 1644 τὰ
1031 1590 1259 1657 ἔσχατα
1279 1591 1358 1656 ὠς
1381 1591 1451 1643 τὰ
1491 1589 1693 1657 πρῶτα

122 1684 245 1755 (19).
268 1685 363 1747 Εἰς
389 1683 550 1736 τοῦτο
569 1678 661 1736 οὖν
692 1681 954 1754 ἐκήρυξεν
985 1684 1013 1735 ὁ
1033 1683 1337 1754 προφήτηςο
1372 1684 1692 1737 Είσέλθετε

1793 500 1936 549 rum,
1965 484 2162 549 ell'ecit,
2195 493 2254 537 ut
2286 483 2449 537 aliam
2480 480 2710 536 formam
2750 480 3096 542 haberemus,
3129 477 3366 531 animam

1791 590 1989 643 nempe
2029 588 2323 643 puerorum
2372 573 2565 637 instar,
2599 580 2785 639 utpote
2813 570 2907 640 qui
2941 577 2997 622 et
3025 567 3220 637 spiritu
3267 581 3370 621 nos

1792 665 2127 720 reformavit.
2159 663 2295 719 Nam
2321 666 2387 719 de
2418 664 2575 717 nobis
2607 662 2889 730 Scriptura
2926 660 3080 726 dicit,
3111 660 3371 728 loquente

1798 758 2006 831 [Patre]
2040 762 2106 815 ad
2139 761 2333 814 Filium
2365 782 2375 814 :
2404 760 2691 813 Faciamus
2722 760 2981 813 hominem
3002 755 3369 823 adimaginem

1795 864 1847 908 et
1895 853 1964 907 ad
2018 854 2423 907 similitudinem
2495 865 2770 919 nostram;
2825 861 2874 906 et
2940 852 3160 921 prwsint
3186 851 3368 903 bestiis

1800 956 1975 1009 terrm,
2011 954 2058 998 et
2086 945 2391 998 volatilibus
2430 948 2565 1011 caeli,
2598 956 2647 999 et
2676 944 2906 1015 piscibus
2943 943 3107 995 maris
3130 943 3197 995 ³⁷.
3228 940 3366 994 Tum

1793 1036 2057 1091 Dominus
2112 1038 2303 1091 videns
2368 1038 2666 1101 hominem,
2721 1036 3008 1107 pulchrum
3051 1036 3367 1104 ligmentnm

1792 1144 1994 1192 suum,
2050 1129 2125 1181 ait
2159 1146 2171 1179 :
2212 1128 2445 1182 Crescite
2486 1138 2535 1182 et
2576 1126 3031 1198 multiplicamini,
3080 1137 3130 1179 et
3180 1124 3370 1193 replete

1794 1231 1993 1275 terram
2015 1221 2079 1273 ³⁸.
2108 1219 2233 1275 Haec
2261 1222 2327 1275 ad
2360 1220 2581 1275 Filium.
2613 1220 2814 1275 lterum
2848 1228 3028 1273 autem
3059 1218 3155 1272 tibi
3183 1228 3371 1271 osten-

1791 1315 1939 1379 dam,
1966 1328 2075 1383 quo
2099 1314 2263 1367 modo
2316 1315 2494 1381 quoad
2532 1328 2632 1366 nos
2670 1312 2874 1365 ultimis
2915 1311 3249 1380 temporibus
3278 1325 3367 1362 se-

1793 1405 2030 1460 cundam
2075 1405 2407 1458 creationem
2442 1402 2730 1473 peregerit.
2782 1401 2924 1455 Dicit
2958 1400 3150 1472 [enim]
3187 1400 3371 1453 Domi-

1792 1517 1934 1555 nus:
1970 1500 2104 1554 Ecce
2142 1501 2337 1569 faciam
2383 1500 2670 1554 novissima
2717 1509 2969 1569 tanquam
3006 1499 3209 1567 priora.
3254 1496 3370 1551 Hoc

1794 1594 2094 1662 respiciens
2130 1593 2445 1662 praedicavit
2493 1594 2754 1662 propheta
2786 1608 2798 1643 :
2836 1590 3046 1644 Intrate
3086 1592 3142 1643 in
3174 1600 3370 1643 terram

1794 1686 1930 1739 lacte
1956 1696 2005 1740 et
2038 1684 2192 1739 melle
2220 1686 2491 1753 ﬂuentem,
2533 1695 2580 1738 et
2617 1686 2969 1738 dominamini
3002 1686 3071 1739 ei.
3103 1683 3239 1737 Ecce
3266 1683 3371 1752 igi-

121 1750 348 1845 siq'rﬁr
369 1774 644 1843 ῥέουσαν
859 1773 957 1827 καὶ
982 1750 1124 1843 μέλι
1141 1750 1165 1840 ,ὴ
1188 1750 1287 1827 καί
1313 1776 1694 1843 κατακυριεύ-

1806 1786 1905 1843 tur,
1960 1792 2059 1831 nos
2105 1780 2285 1830 denuo
2340 1776 2561 1830 formati
2615 1792 2844 1840 sumus;
2909 1775 3368 1845 quemadmodum

122 1884 259 1921 σατε
286 1866 480 1934 αὐτῆς
533 1865 689 1937 (20).
734 1866 865 1919 Ἰδοὺ
899 1861 991 1919 οὖν
1023 1867 1182 1937 ἡμεῖς
1205 1866 1692 1938 ἀναπεπλάσμεθα,

1796 1884 1989 1923 rursus
2032 1869 2085 1921 in
2128 1869 2239 1922 alio
2280 1869 2541 1937 propheta
2575 1867 2707 1922 dicit
2742 1887 2754 1921 :
2791 1867 2946 1934 Ecce,
2978 1868 3158 1937 inquit
3180 1866 3367 1920 Domi-

122 1956 293 2021 καθὼς
337 1958 503 2011 πάλιν
553 1958 609 2010 ὲν
641 1956 1109 2041 ἑτέρωφήτῃ
1140 1955 1307 2041 λέγει’
1354 1957 1519 2024 Ἰδοὺ,
1548 1958 1694 2025 λέγει

1806 1977 1924 2025 nus,
1960 1960 2201 2029 auferam
2239 1960 2303 2012 ab
2340 1961 2435 2024 eis,
2474 1960 2579 2013 hoc
2618 1967 2700 2013 est
2737 1960 2805 2013 ab
2833 1960 2914 2013 eis
2941 1974 3083 2028 quos
3134 1959 3372 2027 Spiritus

122 2049 349 2119 Κύριος,
385 2046 578 2112 ἐξελῶ
610 2040 1149 2124 τούτὼνηουξέρτιν
1186 2040 1260 2100 ὧν
1299 2048 1599 2119 προέϐλεπε
1635 2049 1698 2102 τὸ

124 2141 339 2212 Πνεῦμα
375 2139 610 2211 Κυρίου,
649 2139 755 2205 τὰς
783 2140 1017 2205 λιθίνας
1052 2138 1332 2207 καρδίας,
1379 2143 1478 2196 λαὶ
1521 2142 1697 2206 ,βαλῶ

125 2231 404 2299 σαρκίνας
432 2228 658 2295 αὺτοῖς·
688 2229 769 2282 ὅτι
797 2228 1017 2299 ἔμελλεν
1048 2230 1106 2282 ἐν
1134 2231 1295 2302 σαρκὶ
1317 2231 1693 2303 φανεροῦσθαι,

126 2324 211 2375 καὶ
237 2325 292 2375 ὲν
320 2324 452 2393 ἡμῖν
478 2323 770 2375 κατοικεῖν.
804 2320 950 2385 Ναδς
978 2321 1087 2394 γὰρ
1106 2323 1281 2391 ἆγιος,
1317 2324 1534 2394 ἀδελφοί
1571 2344 1693 2396 μου,

126 2414 197 2485 τῷ
215 2413 399 2485 Κυρίῳ
426 2413 490 2466 τὸ
523 2413 938 2484 κατοικητήριον
964 2412 1121 2483 ἡμῶν
1148 2414 1245 2479 τῆς
1266 2415 1509 2487 καρδίας.
1534 2418 1697 2487 Λέγει

129 2507 227 2579 γὰρ
258 2507 420 2560 πάλιν
456 2505 664 2577 Κύριος
697 2504 830 2575 (21)·
853 2504 964 2558 Καὶ
990 2505 1061 2558 ἐν
1085 2506 1199 2558 τίνι
1232 2505 1569 2577 ὀφθήσομαι
1616 2510 1698 2576 τῷ

131 2598 314 2666 Κυρίῳ
339 2597 464 2663 Θεῷ
485 2615 627 2666 μου,
654 2595 753 2649 καὶ
776 2594 1225 2665 δοξασθήσομαι
1240 2613 1261 2661 ;
1309 2597 1491 2665 Δέγει-
1542 2599 1698 2663 Ἐξο-

127 2688 536 2759 μολογήσομαί
559 2687 744 2741 σοιὲν
797 2687 1099 2755 ἐκκλησίᾳ
1130 2687 1203 2740 ἑν
1225 2685 1396 2755 μέσῳ
1422 2689 1699 2758 ἀδελφῶν

128 2794 254 2845 μου,
278 2777 374 2831 καὶ
392 2775 572 2845 ψαλῶ
594 2774 899 2844 ἀναμέσον
916 2774 1245 2841 ἐκκλησίας
1262 2776 1463 2844 ἁγίων.
1490 2778 1698 2832 Οὐκοῦν

133 2870 281 2939 ἡμεῖς
313 2870 502 2939 ἐσμεν.
537 2865 630 2929 οὒς
659 2867 948 2937 εισήγαγεν
984 2867 1067 2929 είς
1099 2867 1199 2938 τὴν
1234 2868 1338 2939 γῆν
1371 2868 1599 2942 ἀγαθήν.
1634 2870 1698 2923 Τί

134 2957 218 3015 οὖν
240 2962 298 3015 τὸ
324 2962 466 3030 γάλα
488 2961 584 3013 καὶ
616 2958 768 3029 μέλις
789 2959 910 3011 Ὅτι
946 2958 1158 3028 πρῶτον
1172 2958 1234 3011 τὸ
1258 2960 1468 3014 παιδίον
1496 2963 1693 3032 μέλιτι,

137 3049 244 3105 εἶτα
287 3052 521 3121 γάλακτι
567 3048 909 3114 ζωοποιεῖται
927 3047 1040 3119 (22)
1068 3066 1081 3079 ·
1106 3048 1248 3103 οὕτω
1280 3052 1373 3105 καὶ
1426 3054 1587 3123 ἡμεῖς
1627 3059 1694 3126 τῇ

1799 2053 2015 2107 Domini
2043 2053 2394 2122 praevidehat,
2429 2052 2589 2104 corda
2614 2052 2843 2121 lapidea,
2871 2062 2920 2106 et
2946 2053 3230 2105 immittam
3260 2052 3372 2105 illis

1796 2145 1960 2198 corda
2012 2144 2310 2209 carnea”;
2366 2143 2496 2211 quia
2552 2143 2605 2196 in
2657 2159 2821 2197 carne
2860 2144 3033 2198 voluit
3082 2159 3364 2213 apparere,

1796 2245 1850 2291 et
1894 2236 2143 2289 habitare
2203 2235 2256 2287 in
2320 2233 2498 2289 nobis.
2560 2232 2845 2303 Templum
2896 2237 3039 2289 enim
3096 2244 3370 2297 sanctum,

1797 2328 1996 2383 fratres
2048 2326 2175 2387 mei,
2230 2325 2461 2380 Domino
2515 2333 2599 2379 est
2634 2327 2900 2381 habitatio
2949 2328 3133 2383 cordis
3176 2328 3369 2381 nostri.

1796 2419 2009 2473 Etenim
2064 2418 2262 2471 iterum
2317 2418 2393 2471 ait
2437 2417 2703 2473 Dominus
2750 2434 2764 2470 :
2827 2418 3058 2471 Ubinam
3110 2420 3373 2487 apparebo

1798 2527 1977 2565 coram
1995 2510 2216 2563 Domino
2237 2508 2347 2562 Deo
2376 2524 2487 2562 meo
2512 2518 2562 2562 et
2594 2508 2934 2579 glorificabor
2962 2510 3048 2562 “‘l
3085 2510 3173 2564 Ait
3196 2527 3209 2560 :
3236 2509 3376 2563 Con-

1799 2599 1986 2659 ﬁtebor
2029 2600 2123 2651 tibi
2166 2599 2222 2651 in
2269 2598 2510 2663 ecclesia,
2550 2600 2606 2651 in
2641 2600 2813 2653 medio
2840 2600 3068 2669 fratrum
3116 2616 3372 2662 meorum,

1797 2700 1846 2745 et
1886 2689 2112 2744 cantabo
2149 2690 2207 2742 in
2246 2689 2419 2741 medio
2473 2689 2706 2745 ecclesia:
2747 2701 3049 2744 sanctorum
3079 2693 3146 2746 ”.
3190 2691 3376 2761 Itaque

1799 2795 2141 2845 nossumus,
2186 2794 2325 2849 quos
2355 2779 2660 2833 introduxit
2686 2780 2739 2832 in
2772 2788 2970 2834 terram
3009 2780 3230 2835 bonam.
3270 2780 3377 2834 Sed

1798 2890 1968 2945 quare
1999 2874 2085 2927 lac
2108 2882 2161 2926 et
2186 2872 2331 2925 mel?
2369 2870 2642 2937 Quoniam
2694 2870 2877 2927 infans
2915 2873 3150 2943 primum
3194 2873 3375 2937 melle,

1800 2976 1931 3021 tunc
1954 2966 2092 3019 lacte
2121 2962 2365 3028 viviscit;
2409 2962 2482 3016 ita
2514 2972 2567 3017 et
2593 2978 2717 3029 nos,
2747 2964 2851 3017 fide
2878 2964 3062 3035 [quam
3088 2962 3377 3035 habemus]

1800 3055 2091 3127 promissis
2133 3052 2274 3125 [Dei]
2305 3060 2361 3107 ct
2392 3052 2558 3106 verbo
2606 3052 3053 3122 (praedicationis)
3089 3054 3373 3120 vivificati,

137 3145 302 3198 πίστει
343 3144 445 3215 τῆς
493 3140 821 3212 ἐπαγγελίας
852 3142 945 3195 καὶ
985 3140 1064 3211 τῷ
1094 3140 1237 3213 λόγῳ
1282 3141 1694 3217 ξωοποιούμενοι

1807 3150 2055 3203 vivemus
2084 3156 2285 3201 terram
2324 3145 2685 3216 possidentes.
2722 3143 2984 3216 Superius
3016 3162 3144 3201 vero
3181 3147 3380 3215 praedi-

1398 3263 1581 3324 Vetus
1612 3266 2087 3339 interpretatio.

141 3398 247 3458 ram
276 3382 329 3436 in
359 3380 700 3458 novissimis.
732 3379 876 3458 Dicit
907 3380 1203 3437 Dominus:
1241 3378 1547 3458 Eccefacio
1580 3386 1693 3457 (25)
1733 3392 2019 3443 novissima
2050 3397 2302 3458 tanquam
2332 3386 2533 3458 priora.
2553 3382 2784 3454 Propter
2817 3382 2923 3438 hoc
2953 3398 3080 3453 ergo
3108 3384 3377 3454 praedica-

142 3454 211 3523 vit
236 3454 534 3523 propheta:
570 3450 773 3506 Intrate
802 3454 856 3506 in
886 3462 1114 3515 terram,
1147 3470 1265 3523 qua:
1295 3455 1456 3508 trahit
1488 3450 1653 3511 lac'et
1676 3450 1819 3525 'mel,
1853 3472 1902 3514 et
1932 3450 2283 3511 dominamini
2310 3450 2423 3524 e'jus
2467 3495 2481 3509 .
2526 3496 2539 3507 .
2585 3493 2607 3525 .7
2644 3450 2678 3508 .”
2705 3494 2717 3507 .
2763 3494 2777 3508 .
2824 3494 2837 3507 .
2883 3492 2897 3507 .
2943 3493 2957 3506 .
3178 3493 3192 3507 .
3237 3494 3251 3507 .
3297 3495 3311 3509 .
3358 3497 3373 3510 .

143 3557 1679 3581 οσοοοοοοσοοοοιαοοσ9.....,,.

144 3590 273 3604 ιιι.
450 3602 457 3604 _
597 3590 649 3604 I'
810 3591 951 3604 In
1055 3592 1127 3604 ιο
1297 3594 1580 3604 ιι-..

1808 3524 1811 3525 ⁷
1842 3567 1857 3582 .
1892 3530 2030 3604 Quia
2062 3529 2175 3597 ipse
2200 3526 2499 3604 incipiebat
2525 3524 2638 3604 (24)
2673 3539 2968 3604 apparere,
3014 3532 3068 3577 et
3111 3524 3163 3604 in
3216 3525 3376 3581 nobis

144 3590 707 3665 habitareztemplu'm
738 3593 881 3646 enim
915 3591 1163 3665 Domini,
1186 3634 1201 3647 .
1246 3632 1261 3665 .
1296 3594 1621 3651 inhabitatio
1648 3600 1827 3653 cordis
1860 3590 2031 3654 nostri
2061 3590 2164 3652 est.
2200 3590 2342 3651 Dicit
2371 3612 2499 3665 ergo
2530 3590 2761 3649 iteruuii
2799 3593 2865 3646 Et
2893 3610 2995 3663 quo
3028 3595 3180 3646 modo
3212 3611 3378 3662 appa-

146 3608 407 3647 namtare:
445 3608 707 3714 temlplum
738 3608 881 3646 enim
915 3608 1152 3657 uomun,
1186 3634 1201 3647 .
1246 3632 1261 3648 .
1296 3608 1621 3651 inltanltatio
1648 3608 1827 3653 cordis
1860 3608 2031 3654 nostri
2061 3608 2164 3652 est.
2200 3608 2342 3651 Utett
2371 3612 2499 3665 ergo
2530 3608 2761 3649 lterum:
2799 3608 2865 3646 ιιι
2893 3610 2995 3663 quo
3028 3608 3180 3646 maao
3212 3611 3375 3662 appa-

146 3662 502 3745 rebo_Do_mino
535 3734 547 3744 .
591 3678 649 3715 eo
681 3678 825 3745 meo,
864 3672 913 3717 et
952 3664 1369 3745 m'agniﬁcabor?
1398 3666 1612 3736 lnquit:
1642 3669 2022 3745 Co_nﬁ_teb_orin
2073 3666 2295 3745 ecclesia
2328 3706 2344 3719 .
2388 3702 2404 3719 .
2440 3668 2672 3745 fratrum
2706 3680 2972 3745 meorum,
3005 3674 3051 3745 et
3085 3665 3375 3745 def'an’tabo

149 3732 584 3814 tibiinJEcclesia
609 3740 934 3814 sanctorum.
965 3731 1244 3814 N_osergo
1265 3731 1499 3814 .s‘umus',
1533 3754 1671 3814 quos
1705 3731 2007 3814 in'duxi‘tju
2042 3746 2253 3814 terram_
2278 3731 2501 3814 bona-nt.
2534 3734 2674 3814 Quid
2702 3750 2834 3814 ergo
2862 3735 2945 3814 lac
2973 3743 3025 3787 et
3056 3735 3194 3814 mel?
3235 3734 3375 3814 Quia

147 3802 208 3882 ab
229 3802 379 3882 initio
407 3802 778 3882 infansmelle
801 3811 866 3882 _et
892 3844 907 3882 .
953 3842 968 3857 .
998 3803 1137 3857 lacte
1172 3802 1515 3874 vivificatur';
1551 3802 1701 3862 sicut
1730 3824 1827 3879 per
1880 3810 2059 3882 ﬁdemA
2082 3806 2486 3882 promissionis,
2519 3805 2686 3882 verbo
2716 3802 2845 3882 dum
2879 3805 3223 3882 adnutrimnr
3243 3806 3377 3882 ,_sic

146 3872 467 3926 vivificamur
500 3873 637 3942 (25),
668 3872 1005 3946 dominatum
1036 3882 1257 3946 agentes
1286 3884 1463 3946 terra).
1495 3872 1515 3946 ί.
1564 3917 1577 3930 .
1616 3917 1628 3929 .
1676 3917 1690 3930 .
1732 3872 1748 3929 ἶ
1794 3918 1807 3931 .
1852 3919 1867 3932 .
1913 3919 1925 3931 .
1971 3919 1984 3931 .
2024 3872 2158 3944 Quis
2182 3887 2284 3937 est,
2305 3876 2397 3946 qui
2422 3874 2600 3946 possit
2618 3874 2781 3928 modo
2806 3888 2927 3929 esse
2953 3890 3113 3946 super
3145 3875 3376 3939 bestias,

149 3950 265 4065 3(1):“
256 3939 606 4083 siu'gezaagessi:
633 3950 726 3997 aut
749 3958 913 4012 super
939 3939 1153 4014 pisces?
1179 3939 1395 4000 Seutire
1422 3945 1630 4003 debetis
1650 3989 1666 4014 ,
1695 3949 1823 4018 quia
1852 3939 2142 4018 superesse
2190 3946 2302 4016 (26)
2323 3939 2636 4017 ’ροὶεειιιιὶε
2665 3953 2745 3999 est
2768 3984 2785 4012 ,
2829 3952 2888 3997 ut
2938 3939 3062 4013 quis
3102 3945 3378 4014 imperans

246 4128 287 4159 ³⁷
317 4129 449 4186 Gen.
477 4144 532 4194 ι,
561 4128 651 4183 26.
727 4129 772 4161 ³⁸
802 4118 1085 4197 1ὺίᾱ.,’28.
1162 4129 1206 4162 ³³
1238 4120 1544 4191 Ειεοιι.¹χι,
1587 4131 1688 4199 19;

1806 4149 1929 4199 :va,
1960 4131 2053 4186 26.
2129 4131 2176 4167 δ’
2203 4129 2348 4186 Psal.
2374 4145 2483 4197 xu,
2508 4129 2563 4184 3.
2641 4130 2685 4162 “
2733 4128 2877 4185 Psal.
2924 4144 3039 4198 nt,
3069 4131 3159 4183 25.

1436 4272 1801 4330 νΑῐιιοιςυΜ
1834 4272 2073 4332 NOTAE.

224 4390 325 4461 (14)
360 4391 483 4447 Haec
505 4392 669 4447 verba
703 4391 931 4447 inlibris
956 4389 1129 4461 sacris
1158 4389 1357 4446 frustra
1379 4401 1711 4461 quaerentur.
1809 4392 1977 4447 clesia
2000 4405 2103 4461 nos
2138 4390 2330 4461 nutrit.

158 4451 348 4515 Similia
376 4472 670 4518 occurrunt
702 4463 828 4516 lsai.
867 4478 957 4525 XL,
989 4461 1075 4514 13.
1106 4460 1265 4514 Prov.
1298 4478 1334 4524 ι,
1369 4451 1422 4515 ϐ’.
1450 4460 1620 4515 Ροττ.
1730 4461 1774 4515 D
1878 4462 1990 4529 (25)
2035 4460 2167 4513 Ecce
2199 4460 2361 4528 facio.
2397 4457 2638 4525 Rectius,
2664 4456 2891 4529 faciam;
2906 4451 3069 4529 FsLn.
3101 4482 3172 4491 —
3193 4453 3381 4526 Conji-

224 4532 327 4600 (15)
361 4531 618 4603 Particip.
642 4548 743 4602 pro
767 4523 987 4587 indicat.
1014 4540 1075 4585 ut
1102 4547 1152 4585 c.
1175 4531 1242 4586 19
1258 4540 1312 4586 et
1332 4531 1532 4601 sazpius
1556 4532 1698 4601 apud
1805 4523 2082 4603 cit'au'tem
2120 4523 2414 4603 Illenardus
2440 4530 2539 4603 his
2555 4523 2734 4603 verbis
2848 4523 3156 4603 Darnabam
3188 4523 3378 4603 respe-

157 4592 345 4655 Paires.
566 4592 582 4603 ’
642 4592 660 4602 ³
1409 4592 1425 4601 ’
1590 4592 1608 4601 ’
1801 4604 1949 4655 xisse
1981 4600 2063 4653 vel
2097 4601 2162 4652 ad
2194 4598 2297 4651 Isa.
2322 4614 2491 4663 xun,
2521 4600 2605 4662 18,
2631 4598 2714 4651 vel
2744 4595 2810 4649 ad
2840 4592 3040 4647 Jerem.
3074 4592 3376 4661 xxxut,'7,

223 4670 325 4735 (16)
360 4672 456 4728 Ms.
489 4673 721 4736 παιδίον,
752 4671 912 4726 male.
945 4670 1184 4723 Παιδίου.
1220 4669 1404 4724 Dsws.

1806 4673 1885 4725 vel
1910 4671 2143 4739 denique
2166 4669 2231 4721 ad
2254 4667 2457 4739 T_l_tren.
2482 4685 2534 4733 v,
2565 4670 2654 4721 21:
2684 4666 2883 4739 Innova
2900 4665 3018 4739 dies
3036 4672 3251 4739 nostros
3271 4667 3378 4719 sic-

222 4739 325 4811 (η)
362 4743 458 4797 Ms.
487 4741 1019 4811 ἀναπλασσομένους,
1052 4741 1210 4795 male.
1246 4741 1518 4810 Πνεύματι
1545 4742 1705 4797 resti-

159 4810 251 4861 tuit
271 4808 443 4867 Fellns
472 4830 538 4867 ex
568 4816 791 4880 interpr.
810 4808 942 4865 'Lat.

227 4880 331 4949 (18)
371 4883 459 4936 Sc.
486 4885 600 4952 jam
632 4879 786 4952 initio
811 4880 1106 4952 creationis
1127 4879 1194 4934 de
1215 4879 1373 4952 nobis
1400 4880 1557 4952 dixit.

226 4952 329 5018 (19)
362 4951 588 5007 Non’est
620 4954 674 5006 in
714 4951 771 5004 S.
807 4951 1041 5018 Seript.,
1078 4952 1171 5005 sed
1207 4951 1243 5003 f.
1275 4952 1512 5018 respexit
1535 4951 1699 5005 Barn.

162 5018 220 5070 ad
256 5019 444 5077 Ezech.
482 5039 671 5087 xxxvi,
708 5023 794 5083 11,
824 5021 907 5075 vel
931 5018 1120 5073 Matth.
1154 5037 1245 5082 xx,
1274 5020 1360 5073 16.

226 5089 331 5160 (20)
362 5095 402 5144 l.
434 5094 499 5146 e.’
528 5103 773 5161 respectu
802 5092 1051 5145 secundae
1077 5090 1239 5158 hujus
1272 5090 1566 5146 creationis
1596 5094 1705 5161 (re-

165 5164 507 5225 generationis
531 5160 877 5225 Christianae)
917 5160 1231 5230 praedicavit
1262 5162 1525 5229 pr0plteta
1556 5178 1569 5213 :
1609 5160 1704 5214 In-

167 5236 308 5290 trate,
341 5235 504 5297 etc.,i.
540 5249 588 5286 e.
623 5231 991 5286 renascimini.

229 5298 332 5371 (21)
359 5300 558 5357 Vocem
594 5301 827 5372 Κύριος,
865 5316 1028 5369 quam
1058 5309 1295 5355 etvetus
1330 5316 1438 5355 non
1465 5301 1593 5372 legit
1629 5302 1705 5355 in-

167 5375 372 5439 terpres.
396 5383 490 5426 aut
511 5373 653 5426 male
680 5371 916 5427 additam
943 5379 1117 5439 putes,
1150 5381 1243 5424 aut
1270 5386 1376 5423 non
1409 5373 1474 5425 ad
1510 5371 1701 5433 Deum,

167 5438 250 5487 sed
270 5440 677 5512 adiPropbetam
702 5441 914 5511 (David)
944 5438 1168 5512 referas.
1199 5470 1273 5512 e—i
1295 5438 1460 5494 Notcs
1487 5442 1703 5512 deinde,

168 5508 297 5577 quod
334 5508 478 5567 hisce
504 5512 681 5567 verbis
706 5508 861 5565 tertia
893 5511 993 5564 loci
1024 5511 1168 5564 illius
1206 5511 1388 5565 biblici
1415 5511 1706 5577 explicatio

169 5574 550 5663 allegoricaseu
576 5582 824 5663 gnostica
848 5581 1090 5648 incipiat,
1115 5597 1235 5663 quae
1259 5590 1454 5663 terrain
1469 5574 1619 5633 illaut
1638 5582 1707 5634 de

171 5641 1391 5718 Ecclesiachristianainterpretatum-Cir.Nat.
1425 5650 1475 5713 7,
1509 5667 1630 5718 sup.

235 5716 337 5789 (22)
369 5719 472 5777 Lac
501 5734 551 5779 et
580 5723 706 5789 mel,
739 5716 917 5783 πίστις
945 5720 1038 5772 καὶ
1069 5723 1349 5791 κήρυγμα,
1384 5716 1705 5789 (ιιιίιηιεἘίτ-

1802 4752 1861 4793 ιιι
1903 4758 1934 4791 a
1975 4733 2257 4807 principio.
2286 4737 2411 4791 lla-c
2434 4740 2578 4792 enim
2603 4736 2865 4807 precatio,
2899 4733 3096 4801 inquit,
3122 4743 3207 4787 est
3231 4734 3381 4790 futu-

1802 4826 1988 4865 rorum
2018 4808 2319 4877 praedictio.

1878 4880 1992 4949 (24)
2019 4870 2335 4947 Ίιισὶρὶείιαι.
2356 4876 2413 4930 ln
2443 4885 2587 4949 textu
2614 4870 3068 4949 Griecoﬁpenev,
3094 4870 3145 4925 id
3176 4882 3261 4929 est
3283 4875 3376 4929 de-

1806 4942 1983 5011 bebat,
2013 4958 2076 5001 ut
2100 4942 2290 5017 supra,
2320 4957 2373 5000 et
2407 4948 2532 5000 alibi
2560 4947 2783 5016 passim.
2810 4942 2949 5017 Men.

1877 5018 1989 5088 (25)
2009 5018 2159 5088 Sicut
2172 5013 2273 5087 per
2284 5018 2508 5088 ﬁdem...
2546 5013 2734 5069 uerbo"
2748 5055 2762 5068 .
2779 5014 3121 5088 rivi/icamur.
3136 5013 3380 5088 Al.juxta

1804 5084 1989 5143 Graeca
2019 5107 2031 5142 :
2063 5086 2150 5141 Sic
2176 5084 2224 5139 et
2248 5084 2340 5156 per
2366 5087 2589 5155 ﬁdem...
2620 5094 2668 5138 et
2696 5084 2913 5156 verbo...
2965 5085 3373 5156 viviﬁcabimur.

1804 5159 1988 5213 Fellus
2033 5168 2213 5212 tamen
2248 5154 2481 5226 primam
2524 5154 2897 5209 tantummodo
2942 5154 3379 5211 emendationem

1804 5229 2046 5284 admisit.

1878 5298 1990 5368 (26)
2034 5296 2330 5367 Superesse.
2361 5294 2588 5368 Sic_sup_.
2627 5293 2923 5368 Faciamus
2962 5296 3380 5368 hominem..._et

1804 5362 2030 5437 supersit
2054 5362 2230 5422 bestiis
2257 5377 2428 5420 terras.
2453 5362 2550 5418 Est
2570 5365 2843 5437 igiturhic
2868 5382 3132 5437 superesse
3162 5375 3268 5417 vet.
3297 5362 3381 5416 ln-

1810 5434 1946 5506 terp.
1981 5438 2285 5499 dominari,
2316 5452 2537 5506 prteesse
2564 5475 2577 5497 ,
2609 5434 2876 5506 excellere.
2907 5434 3025 5499 Quo
3054 5452 3191 5506 sane
3214 5449 3376 5506 sensu

1808 5502 2033 5561 verbum
2080 5507 2222 5561 istud
2266 5502 2507 5575 antiquis
2553 5505 2715 5559 etiam
2770 5506 3127 5572 scriptoribus
3171 5502 3380 5556 Latinis

1810 5581 2081 5633 interdum
2111 5586 2430 5644 usurpatur.

1881 5649 1993 5715 (27)
2042 5642 2287 5699 Domina.
2320 5646 2447 5714 Leg.
2486 5644 2752 5715 dominus.
2787 5642 2935 5698 llanc
2975 5642 3257 5698 lectionem
3297 5657 3377 5696 re-

1811 5714 1981 5774 tinuit
2003 5717 2184 5773 Fcllus
2210 5717 2264 5770 in
2290 5731 2390 5770 sua
2414 5716 2544 5770 edit.
2572 5714 2749 5769 Oxon.
