3818 6216
180 302 283 359 τις

180 514 429 569 ὑσσώπου
459 515 601 568 ἰᾶται
645 514 778 585 (75).
823 517 932 569 Καὶ
975 515 1065 569 διὰ
1108 514 1267 569 τοῦτο
1308 513 1452 569 οὕτω
1492 514 1761 585 γενόμενα

180 607 305 676 ἡμῖν
344 606 442 677 μὲν
467 605 582 659 ἔστι
622 606 852 679 φανερὰ,
880 607 1111 670 ἐκείνοις
1138 606 1195 659 δὲ
1235 608 1506 661 σκοτεινά·
1540 607 1622 659 ὃτι
1660 607 1760 659 οὐκ

179 698 411 767 ἥκουσαν
447 698 632 769 φωνῆς
656 698 752 753 τοῦ
780 698 1008 769 Κυρίου.

1404 298 1742 355 EPISTULA
1782 297 2197 355 CATHOLICA.

185 422 350 493 μεθαυ
390 422 470 476 ὅτι
509 424 601 476 καὶ
630 422 812 491 ἀλγῶν
835 423 933 494 τὴν
961 424 1141 495 σάρκα
1171 422 1267 476 τοῦ
1312 421 1485 495 ῥύπου
1534 423 1622 476 διὰ
1658 423 1753 475 τοῦ

1884 438 1915 474 ιι
1959 420 2162 490 quibus
2198 434 2301 474 nos
2350 420 2697 475 servabimur
2742 441 2755 474 ε

3344 297 3450 353 τευ

2831 418 3296 489 quandoquidem,
3354 416 3445 486 qui

1867 526 2099 579 corpore
2126 520 2375 580 aegrotat,
2414 526 2443 564 a
2470 511 2730 566 sordibus
2756 527 2853 582 per
2880 511 3175 582 hyssopum
3204 518 3447 564 curatur.

1868 602 1935 656 Et
1969 610 2187 671 propter
2211 602 2335 665 hoc,
2376 618 2499 671 quae
2533 602 2608 657 ita
2633 619 2691 659 se
2719 603 2941 671 habent,
2973 602 3133 658 nobis
3162 600 3451 656 manifesta

1868 701 2018 756 sunt,
2044 693 2150 747 illis
2182 691 2430 764 [Judazis]
2460 703 2643 748 autem
2668 696 2924 761 obscura,
2950 696 3079 765 quia
3119 709 3229 749 non
3265 693 3454 748 audie-

1868 794 2001 839 runt
2026 799 2214 838 vocem
2239 783 2483 840 Domini.

686 902 776 957 'X.
813 903 886 957 De
910 904 1310 958 circumcisione
1338 905 1487 957 auris
1525 912 1574 958 et
1611 903 1811 969 cordis,
1838 911 1886 955 et
1917 902 1981 956 de
2021 903 2419 957 circumcisione
2455 904 2631 973 typica
2657 902 2965 956 Abrahami.

246 1016 403 1085 Λέγει
427 1015 536 1089 γὰρ
563 1017 726 1071 πάλιν
755 1021 881 1091 περὶ
908 1023 1016 1075 τῶν
1042 1022 1241 1088 ὠτίων,
1273 1024 1390 1087 πῶς
1435 1024 1760 1095 περιέτεμεν

180 1107 350 1177 ἡμῶν,
391 1110 485 1162 καὶ
510 1110 610 1181 τὴν
643 1113 869 1183 καρδίαν
904 1113 1037 1187 (74).
1066 1100 1245 1187 Λέγει
1286 1118 1314 1169 ὁ
1360 1106 1565 1186 Κύριος
1599 1116 1656 1167 ὲν
1688 1113 1766 1184 τῷ

181 1202 427 1272 προφήτῃ
446 1218 458 1230 ·
484 1205 587 1267 Εἰς
607 1204 983 1272 ἀκοὴνὼτίου
1002 1206 1366 1273 ὑπήκουσάν
1377 1226 1516 1276 μου.
1540 1208 1650 1260 Καὶ
1672 1207 1769 1260 πά-

178 1290 256 1343 λιν
275 1290 421 1359 λέγει
442 1296 455 1321 δ
492 1293 672 1363 Ἀκοῇ
704 1296 1068 1351 ἀκούσονται
1090 1302 1143 1352 οὶ
1170 1292 1494 1368 πόρρωθεν,
1518 1299 1554 1352 ἃ
1571 1299 1768 1367 ἐποίη-

179 1393 277 1445 σα,
296 1383 628 1452 γνώσονται
661 1386 771 1459 (75)
800 1405 811 1417 ⁸
855 1390 992 1451 Καὶ,
1028 1388 1574 1459 Περιτμηθήονεσθε,
1616 1390 1767 1459 λέγει

178 1474 396 1545 Κύριος,
420 1478 529 1541 τὰς
547 1478 792 1545 καρδίας
806 1477 989 1549 ὑμῶν.
1010 1482 1122 1534 Καὶ
1140 1481 1302 1534 πάλιν
1328 1481 1496 1549 λέγει·
1524 1483 1764 1545 Ἀκουε,

190 1565 455 1634 Ἰσραὴλ,
484 1568 571 1621 ὅτι
600 1567 739 1622 τάδε
768 1570 928 1640 λέγει
955 1575 986 1625 ό
1023 1574 1240 1640 Κύριος
1263 1576 1294 1626 ό
1323 1575 1465 1640 Θεός
1488 1589 1624 1627 σου.
1656 1571 1768 1628 Κα)⁸

1942 1021 2213 1091 Loquitur
2236 1030 2401 1092 porro
2426 1022 2707 1093 Scriptura
2729 1024 2794 1077 de
2818 1023 3044 1077 auribus
3066 1021 3289 1085 nostris,
3316 1034 3455 1090 quo—

1875 1112 2040 1167 modo
2066 1128 2160 1167 eas
2185 1122 2237 1167 et
2268 1129 2362 1167 cor
2387 1124 2635 1168 nostrum
2671 1113 3077 1168 circumciderit
3114 1109 3452 1183 [Dominus].

1872 1204 1961 1258 Ait
1995 1204 2260 1259 Dominus
2297 1206 2441 1274 apud
2494 1206 2817 1275 Prophetam
2875 1224 2889 1259 :
2944 1204 3011 1257 In
3061 1204 3250 1256 auditu
3307 1203 3453 1257 auris

1874 1294 2178 1349 obedierunt
2206 1296 2336 1348 mihi
2359 1295 2423 1349 ⁸³.
2459 1295 2744 1350 Etiterum
2772 1295 2940 1349 dicit:
2972 1293 3173 1347 Auditu
3212 1294 3451 1359 audient,

1871 1389 1961 1458 qui
1988 1388 2137 1456 longe
2161 1388 2386 1451 absunt;
2416 1405 2533 1458 qua:
2562 1389 2683 1458 feci,
2733 1390 2899 1442 scient
2927 1387 2993 1441 ⁸⁵.
3037 1387 3103 1441 Et
3139 1405 3153 1441 :
3205 1386 3452 1441 Circum—

1869 1482 2030 1533 cidite
2058 1481 2221 1533 corda
2264 1490 2438 1534 uestra
2464 1479 2529 1545 ‘°,
2559 1481 2636 1534 ait
2678 1480 2965 1536 Dominus.
3002 1480 3069 1533 Et
3102 1497 3295 1534 rursus
3327 1480 3403 1533 ait
3436 1498 3449 1532 :

1878 1574 2034 1639 4udi,
2078 1571 2270 1638 Israel,
2302 1574 2413 1629 lucc
2453 1574 2585 1626 dicit
2624 1573 2882 1626 Dominus
2916 1572 3053 1627 Deus
3100 1582 3218 1626 tuus
3253 1572 3319 1625 ⁸⁸⁷.
3351 1572 3455 1626 lte-

180 1656 335 1743 πάλιν
349 1658 409 1711 τὸ
428 1660 645 1731 πνεῦμα
664 1661 871 1732 Κυρίου
889 1664 1244 1743 προφητεύειδ
1271 1666 1363 1730 Τίς
1374 1665 1504 1719 ἐστι
1519 1669 1552 1719 ό
1572 1660 1754 1721 θέλων

1881 1678 2101 1731 rumque
2142 1662 2369 1731 spiritus
2407 1661 2625 1716 Domini
2666 1663 2953 1732 prophetat
2991 1681 3004 1716 :
3052 1661 3183 1727 Quis
3225 1672 3321 1725 est,
3363 1663 3454 1732 qui

180 1742 348 1816 ζῆσαι
372 1752 461 1815 εἰς
490 1750 596 1803 τὸν
624 1751 837 1816 αἰῶνα,
884 1752 1054 1821 Ἀκοῇ
1082 1753 1396 1807 ἀκουσάτω
1429 1754 1539 1823 τῆς
1562 1756 1754 1825 φωνῆς

1881 1752 1977 1806 vult
2007 1754 2175 1807 virere
2222 1753 2279 1805 in
2321 1754 2669 1823 perpetuum?
2716 1755 3004 1807 Auditione
3038 1753 3225 1807 audiat
3280 1769 3454 1807 vocem

179 1840 280 1893 τοῦ
296 1840 523 1908 Παιδός
554 1848 693 1913 μου.
735 1846 845 1898 Καὶ
880 1845 1041 1899 πάλιν
1071 1846 1255 1915 λέγει’
1288 1848 1494 1902 Ἄκουε
1525 1850 1764 1917 οὐρανέ,

180 1933 563 1995 καὶένωτίζου
583 1938 619 2003 ἡ
642 1936 741 2005 τῆ,
774 1937 863 1990 ὅτι
890 1941 923 1991 ό
959 1939 1102 2005 Θεὸς
1125 1940 1237 2014 (76)
1255 1941 1543 2011 ἐλάλησε.
1582 1942 1769 1997 Ταῦτα

179 2028 254 2083 εἰς
268 2026 568 2097 μαρτύριον
582 2026 713 2097 (77),
731 2028 840 2080 Καὶ
872 2029 1035 2083 πάλιν
1050 2031 1219 2099 λέγει·
1250 2033 1307 2085 Ἀ
1316 2034 1574 2086 κούσατε
1583 2029 1770 2104 λόγον

176 2110 416 2183 Kvplov,
437 2116 721 2187 ἄρχοντες
736 2117 842 2171 τοῦ
857 2120 1009 2172 λαοῦ
1032 2121 1268 2175 τούτου.
1285 2108 1397 2174 Καὶ
1417 2121 1577 2174 πάλιν
1598 2121 1765 2191 λέγει·

191 2207 488 2276 Ἀκούετε,
514 2210 715 2274 τέκνα,
744 2210 853 2280 τῆς
882 2210 1088 2280 φωνῆς
1105 2212 1353 2281 ,ϐοώσης
1373 2214 1441 2267 ὲν
1462 2213 1538 2283 τῇ
1550 2214 1767 2283 ἐρήμῳ.

180 2302 383 2354 Οὐκοῦν
428 2303 755 2374 περιέτεμεν
789 2303 945 2375 ἡμῶν
985 2302 1083 2369 τὰς
1107 2305 1294 2368 ἀκοὰς,
1332 2306 1419 2360 ἵνα
1445 2294 1771 2370 ἀκούσαντες

178 2388 329 2461 λόγον
352 2392 702 2465 πιστεύωμεν
723 2413 736 2426 ·
769 2397 801 2467 ἡ
831 2395 940 2468 γὰρ
966 2398 1259 2468 περιτομὴ,
1283 2397 1365 2468 ἐφ’
1453 2398 1769 2463 rce-notem,

180 2485 541 2556 κατήργηται.
575 2485 884 2557 Περιτομὴν
912 2485 1022 2557 γὰρ
1063 2488 1304 2560 εἴρηκεν,
1347 2491 1407 2543 οὐ
1446 2490 1645 2562 σαρκὸς
1683 2508 1774 2559 γε·

181 2576 402 2647 ηθῆναι
426 2596 439 2607 ⁶
468 2577 605 2630 ἀλλὰ
640 2578 979 2649 παρέϐησαν,
1022 2581 1103 2633 ὅτι
1140 2580 1369 2649 ἄγγελος
1394 2583 1626 2654 πονηρὸς
1652 2584 1773 2635 ἐσό-

183 2686 332 2736 φισεν
385 2668 607 2732 αὐτούς.
657 2670 819 2739 Λέγει
849 2671 986 2742 πρὸς
1014 2671 1212 2734 αὐτούς
1235 2689 1247 2701 ·
1283 2673 1426 2727 Τάδε
1474 2673 1635 2742 λέγει
1661 2677 1776 2729 Κύ-

176 2778 299 2828 ριος
327 2764 359 2813 ό
405 2760 553 2827 Θεὸς
580 2760 747 2830 ὑμῶν
772 2792 843 2803 -υ
883 2756 986 2816 ὦδε
1029 2764 1268 2836 εὑρίσκω
1320 2764 1468 2838 [νέαν
1511 2765 1647 2839 (78)]
1694 2769 1779 2820 ὲν-

1870 1845 2004 1899 Filii
2047 1848 2149 1900 mei
2185 1845 2250 1900 ⁸⁸.
2284 1845 2351 1900 Et
2376 1848 2573 1902 iterum
2611 1847 2745 1902 dicit
2780 1848 2964 1901 :Audi
2998 1848 3205 1913 Caelum,
3251 1857 3301 1900 et
3351 1864 3454 1901 uu-

1870 1935 2016 1988 ribus
2041 1936 2269 2005 percipe,
2302 1946 2468 2002 terra,
2491 1937 2620 2006 quia
2646 1936 2787 1991 Deus
2810 1937 3017 1992 locutus
3044 1947 3121 1991 est
3146 1938 3213 1991 κθ.
3246 1936 3371 1991 Haec
3400 1938 3458 1993 in

1874 2023 2267 2082 testimonium.
2303 2026 2629 2098 Rursusque
2658 2029 2735 2083 ait
2780 2044 2793 2081 :
2847 2029 3043 2083 Audite
3095 2028 3306 2083 verbum
3353 2028 3459 2081 Do-

1871 2120 2023 2186 mini,
2060 2119 2321 2189 principes
2374 2120 2556 2190 populi
2588 2119 2745 2189 hujus
2786 2120 2851 2173 “.
2886 2120 2952 2174 Et
2995 2121 3174 2175 adhuc
3208 2138 3223 2175 :
3265 2121 3457 2174 Audite

1872 2210 2179 2279 ﬁlii,vocem
2214 2210 2535 2265 clamantem
2565 2212 2620 2265 in
2662 2212 2866 2265 deserto
2899 2214 2966 2266 ³⁸.
2998 2212 3140 2283 Ergo
3169 2214 3459 2268 circumci-

1873 2302 1953 2358 dit
1985 2318 2147 2357 aures
2177 2311 2415 2369 nostras,
2465 2312 2525 2357 ut
2561 2304 2747 2359 audito
2775 2305 2945 2359 verbo
2986 2305 3306 2369 credamus;
3344 2304 3454 2358 cir-

1875 2395 2140 2451 cumcisio
2183 2395 2351 2462 enim,
2385 2396 2439 2449 in
2471 2412 2578 2465 qua
2621 2394 2744 2468 [illi]
2787 2396 3152 2463 conﬁdebant,
3197 2398 3457 2467 abrogata

1875 2497 1977 2543 est.
2027 2486 2294 2557 Praecepit
2353 2489 2501 2543 enim
2555 2488 2909 2561 [Dominus],
2977 2490 3456 2545 circumeisionem

1877 2595 1986 2633 non
2015 2580 2201 2634 carnis
2228 2595 2351 2635 esse
2377 2579 2725 2649 faciendam;
2761 2582 2839 2634 illi
2880 2590 3062 2636 autem
3103 2581 3458 2652 [prmceptum

1878 2671 2006 2743 hoc]
2038 2672 2373 2741 transgressi
2418 2681 2567 2738 sunt,
2613 2674 2741 2743 quia
2786 2674 2964 2728 malus
2997 2674 3220 2745 angelus
3249 2674 3461 2742 decepit

1879 2762 2021 2818 illos.
2051 2762 2142 2817 Ait
2167 2762 2235 2817 ad
2280 2779 2375 2819 eos
2407 2782 2420 2817 :
2467 2762 2596 2819 Haec
2627 2766 2759 2818 dicit
2808 2765 3070 2819 Dominus
3120 2765 3260 2819 Deus
3294 2776 3461 2819 vester

182 2854 337 2924 τολὴν
359 2887 431 2895 ——
461 2853 551 2923 μὴ
580 2856 868 2923 σπείρητε
906 2856 999 2909 ἐπ’
1029 2856 1338 2924 ἀκάνθαις,
1384 2858 1754 2928 περιτμήθητε

1882 2853 1960 2925 [in
1997 2855 2084 2910 his
2117 2855 2299 2910 verbis
2328 2856 2550 2911 invenio
2596 2871 2792 2911 novam
2838 2857 3036 2929 legem]
3096 2876 3110 2913 :
3161 2856 3343 2911 Nolite
3388 2874 3462 2911 se-

184 2943 248 2997 es
285 2945 363 3010 τῷ
392 2947 594 3014 Κυρίῳ
630 2946 814 3015 ὑμῶν.
849 2948 960 3000 Καὶ
989 2948 1041 3000 τί
1074 2948 1259 3017 λέγεις
1288 2949 1687 3019 Περιτμήθητε
1711 2966 1754 3004 τι

1881 2962 1994 2999 rere
2028 2963 2187 3015 super
2209 2949 2414 3017 spinas,
2447 2949 2894 3003 circumcidimini
2935 2949 3158 3004 Domino
3187 2961 3356 3004 vestro
3390 2951 3457 3004 ⁵³.

184 3035 452 3103 σκληρὸν
507 3034 618 3103 τῆς
665 3035 911 3104 καρδίας
960 3036 1147 3107 ὑμῶν,
1196 3037 1295 3092 καὶ
1333 3037 1441 3091 τὸν
1470 3036 1754 3106 τράχηλοι

1881 3038 1939 3093 Ει
1970 3039 2099 3110 quid
2132 3040 2246 3095 vult
2276 3040 2402 3111 [sibi
2436 3039 2704 3098 Dominus
2734 3043 2885 3099 hisce
2913 3042 3160 3115 verbis]?
3215 3042 3461 3097 Circum-

1525 3182 1705 3242 Vetus
1743 3183 2212 3262 interpretatio.

256 3308 342 3362 IX.
380 3308 525 3363 Dicit
545 3317 724 3362 autem
758 3347 771 3380 .
819 3350 831 3362 .
868 3307 937 3364 de
963 3308 1214 3380 auribus,
1243 3309 1543 3380 quomodo
1565 3309 1922 3364 circumcidat
1948 3326 2112 3366 aures
2139 3310 2425 3380 praecordii
2449 3310 2644 3365 nostri.
2676 3309 2825 3363 Dixit
2856 3347 2869 3362 .
2908 3348 2937 3380 ,ν
2960 3324 3055 3377 per
3085 3307 3411 3380 Prophetam
3443 3349 3457 3362 .

187 3380 383 3450 Audita
414 3381 567 3433 auris
595 3378 864 3450 exaudivit
891 3396 991 3450 me.
1018 3378 1081 3450 Et
1113 3379 1310 3433 iterum
1343 3379 1474 3434 dicit
1506 3398 1518 3432 :
1562 3380 1845 3450 Auditione
1892 3378 2257 3449 audientfqui
2293 3380 2444 3449 longe
2475 3391 2630 3450 sunt;
2660 3391 2708 3433 et
2754 3397 2871 3450 qua:
2914 3379 3069 3450 faciet
3104 3378 3236 3450 (79),
3272 3378 3458 3450 scient.

194 3491 252 3521 ._.
286 3448 690 3521 Cirrumcﬁiﬁdile.
729 3449 861 3503 dicit
889 3447 1175 3521 Dominus,
1204 3458 1355 3521 aures
1390 3460 1587 3503 vestras
1628 3450 1761 3521 (80).
1793 3449 1860 3503 Ει
1885 3451 2082 3521 iterum
2106 3447 2235 3505 dicit
2272 3464 2285 3483 ‘-
2318 3447 2473 3515 Audi,
2501 3449 2694 3516 Israel,
2727 3447 2851 3521 quia
2890 3447 3003 3521 [nec
3037 3449 3165 3521 dicit
3202 3447 3459 3521 Dominus

192 3519 322 3574 Deus
348 3530 494 3573 tuus.
526 3520 590 3573 Et
615 3521 811 3591 iterum
846 3520 1072 3589 spiritus
1103 3519 1319 3591 Domini
1347 3517 1677 3589 prophetat:
1712 3518 1850 3585 Quia
1878 3519 1991 3591 (8|)
2024 3522 2113 3591 qui
2161 3523 2273 3575 vult
2316 3522 2484 3575 vivere
2514 3522 2570 3573 in
2597 3517 2899 3590 perpetuum
2921 3522 2945 3573 1’
2970 3519 3255 3572 Auditione
3274 3517 3462 3571 audiat

190 3606 356 3660 uocem
384 3591 538 3659 pueri
563 3590 683 3643 mei.
715 3588 777 3643 Et
808 3588 1007 3643 iterum
1036 3590 1168 3644 dicit
1200 3608 1212 3643 :
1247 3588 1409 3656 Audi,
1444 3588 1651 3653 caelum,
1680 3600 1728 3643 et
1770 3588 1980 3659 percipe
2002 3588 2241 3656 auribus,
2278 3601 2438 3655 terra,
2468 3588 2604 3660 quia
2644 3588 2897 3645 Dominus
2944 3591 3152 3644 locutus
3182 3599 3278 3642 est.
3324 3629 3336 3641 .
3384 3628 3398 3641 .
3439 3630 3454 3643 .

191 3659 253 3713 Et
275 3663 467 3714 iterum
499 3661 672 3715 dicit:
703 3660 897 3714 Audite
920 3660 1127 3713 verbum
1161 3660 1397 3727 Domini,
1419 3662 1679 3729 principes
1707 3660 1888 3730 populi
1918 3661 2094 3730 hujus.
2130 3661 2198 3716 Et
2232 3664 2431 3716 iterum
2461 3659 2594 3716 dicit
2629 3680 2641 3715 :
2672 3662 2887 3715 Audite.
2925 3701 2937 3713 .
2971 3677 3145 3714 vocem
3175 3660 3459 3713 clamantis

189 3732 243 3783 in
268 3748 456 3784 eremo.
495 3730 641 3801 Ergo
672 3731 1048 3786 circumeidite
1079 3730 1193 3801 (82)
1227 3746 1387 3786 aures
1418 3743 1657 3797 nostras,
1690 3740 1749 3784 u‘t
1797 3731 1982 3785 audito
2031 3733 2198 3787 verbo
2245 3732 2536 3787 credamus
2562 3769 2576 3784 .
2622 3773 2635 3785 .
2680 3771 2695 3784 .
2740 3770 2754 3784 .
2800 3773 2813 3783 .
2856 3773 2868 3785 .
2914 3772 2927 3785 .
2969 3730 3459 3801 Circumcisionem

192 3812 363 3872 autem
402 3799 706 3865 dixitfnon
738 3802 1005 3872 corporis.
1052 3843 1064 3854 .
1091 3799 1125 3867 ’;
1168 3802 1261 3855 sed
1288 3802 1667 3870 praeterierunt
1699 3802 1851 3872 (85);
1879 3802 2012 3872 quia
2054 3804 2280 3872 angelus
2313 3817 2547 3869 nequam
2579 3802 2809 3856 docebat
2856 3802 2997 3856 illos.
3045 3843 3055 3855 .
3100 3843 3135 3872 ._
3160 3799 3290 3853 ch
3326 3799 3459 3872 dicit

190 3871 441 3926 Dominus
474 3872 616 3925 Deus
650 3882 854 3941 vester:
889 3870 991 3924 llic
1020 3872 1225 3924 invenio
1276 3889 1463 3925 novam
1496 3872 1676 3941 legem.
1719 3871 1807 3925 Vw
1846 3871 1955 3926 illis
1982 3874 2072 3941 qui
2098 3870 2362 3926 seminant
2391 3872 2503 3941 (84)
2534 3873 2590 3924 in
2624 3873 2815 3941 spinis!
2838 3870 3210 3926 Circumcidite
3237 3888 3322 3923 vos
3354 3870 3463 3921 Do-

192 3943 325 4012 mino
355 3952 549 3996 vestro.
594 3984 605 3996 .
649 3982 661 3994 .
706 3940 822 3997 Hoc
853 3952 970 4012 est,
1058 3943 1241 4012 audite
1264 3940 1561 4012 Dominum
1589 3950 1853 4007 vestrum,
1881 3952 1934 3996 et
1960 3940 2323 3996 circumcidite
2370 3940 2659 4012 nequitiam
2698 3943 2762 3995 de
2796 3944 3103 4012 praecordiis
3133 3944 3338 3996 vestris.
3383 3978 3458 4012 .7.

194 4010 332 4066 Dixit
357 4023 539 4067 autem
573 4013 810 4066 iterum:
845 4011 979 4065 Ecce
1017 4012 1147 4065 dicit
1188 4011 1485 4066 Dominus:
1524 4011 1715 4067 Omnes
1753 4013 1992 4067 nationes
2037 4015 2148 4067 sine
2194 4010 2592 4067 circumcisione
2640 4010 2874 4081 corporis
2920 4027 3062 4066 sunt.
3109 4052 3120 4063 .
3168 4052 3180 4065 .
3226 4052 3240 4065 .
3288 4053 3299 4064 .
3326 4029 3346 4063 :
3372 4011 3461 4081 llic

193 4093 360 4153 autem
391 4083 618 4153 populus
642 4084 754 4153 sine
787 4084 1187 4136 circumcisione
1216 4083 1388 4135 cordis
1411 4093 1505 4135 est.
1537 4081 1662 4137 Sed.
1709 4124 1721 4137 .
1763 4082 1927 4153 etiam
1957 4084 2319 4139 circumcisus
2342 4093 2425 4137 est
2450 4083 2683 4153 populus
2710 4080 2763 4136 in
2798 4085 3014 4153 signum
3040 4102 3054 4149 ;
3081 4083 3176 4138 sed
3215 4091 3268 4136 et
3293 4120 3327 4135 ..
3357 4080 3461 4134 Ju-

191 4151 334 4208 dazus
362 4151 500 4224 (85),
528 4152 802 4225 etArabs,
830 4162 881 4225 et
907 4168 1099 4207 omnes
1121 4155 1432 4225 sacerdotes
1456 4154 1752 4225 idolorum,
1779 4152 2117 4225 etrngyptii.
2148 4154 2291 4224 Ergo
2320 4162 2373 4207 et
2403 4154 2456 4206 hi
2494 4151 2558 4207 de
2590 4151 2916 4225 testamento
2953 4161 3099 4208 sunt.
3140 4194 3152 4206 .
3190 4194 3203 4207 .
3231 4191 3259 4225 ἐ
3295 4193 3316 4225 ,Α
3342 4190 3367 4225 ._
3391 4192 3403 4204 .
3441 4189 3458 4203 .

193 4238 324 4290 quos
358 4220 491 4279 dicit
524 4224 664 4277 lilios
691 4223 921 4294 Abrahae
956 4225 1021 4277 de
1051 4223 1305 4294 omnibus
1336 4224 1589 4294 gentibus
1617 4242 1629 4277 :
1660 4227 1787 4293 quia
1821 4220 2098 4278 Abraham
2149 4220 2360 4294 primus
2397 4224 2877 4278 circumcisionem
2923 4225 3091 4288 dedit,
3130 4225 3184 4276 in
3227 4220 3457 4291 Spiritu,

194 4296 331 4361 quod
359 4295 724 4365 prospiciebat
750 4293 806 4347 in
832 4291 1040 4348 Jesum.
1071 4293 1450 4348 Circumcidit.
1496 4335 1509 4347 .
1554 4334 1568 4347 .
1615 4334 1629 4347 .
1668 4291 1693 4348 .“
1730 4337 1741 4348 .
1789 4335 1801 4347 .
1849 4334 1862 4347 .
1907 4335 1923 4348 .
1967 4333 1982 4348 .
2026 4336 2039 4349 .
2082 4334 2094 4348 .
2136 4291 2166 4347 .’
2202 4337 2214 4349 .
2260 4336 2273 4348 .
2315 4296 2382 4349 de
2412 4294 2577 4349 domo
2605 4310 2703 4348 sua
2729 4295 2979 4349 homines
3004 4304 3275 4349 trecentos
3304 4302 3459 4346 octo-

258 4429 303 4462 “
336 4431 479 4486 Psal.
515 4448 650 4492 xm,
686 4431 776 4484 45.
854 4429 900 4461 ⁸⁸
934 4430 1037 4485 lsa.
1084 4446 1280 4494 xxxm,
1311 4431 1397 4484 15.
1472 4431 1518 4471 ⁸⁸
1546 4428 1657 4485 Jer.
1690 4447 1744 4485 1v

1922 4433 1967 4462 ³⁷
2002 4430 2111 4488 Jer.
2160 4449 2261 4500 vn,
2287 4409 2344 4487 ‘2.
2422 4432 2467 4469 ⁸⁸
2496 4430 2641 4486 Psal.
2684 4444 2883 4494 χχχιιι,
2927 4427 3014 4482 13.
3091 4426 3135 4458 ⁸⁸
3164 4424 3287 4481 lsai.
3322 4442 3362 4492 ι,
3401 4427 3455 4485 2.

195 4502 237 4533 ‘°
264 4501 419 4572 lbid.,
457 4504 543 4556 10.
616 4504 661 4534 ⁵³
690 4502 794 4555 lsai
821 4517 910 4566 χι,
935 4501 988 4555 5.
1066 4503 1111 4533 δ’
1142 4501 1253 4557 Jcr.
1285 4517 1358 4568 Iv,
1388 4502 1441 4554 5.

1522 4631 1890 4690 γΑιιιοιιυΜ
1928 4635 2165 4693 NOTAE.

200 4757 373 4858 ι’(75)
394 4727 489 4813 Ἰιίι
514 4754 636 4832 Col.
661 4770 765 4809 ms.
911 4752 1011 4807 Διὰ
1035 4750 1130 4805 τοῦ
1172 4750 1344 4823 ῥύπου
1370 4748 1465 4802 τοῦ
1507 4747 1768 4802 ὑσσώπου

199 4843 377 4968 alii)
415 4896 531 4952 Cir.
562 4894 631 4950 de
661 4895 1079 4968 circumcisione
1100 4891 1202 4968 Ep:
1231 4890 1299 4968 ad
1322 4888 1515 4968 θερέω·
1544 4890 1676 4968 9"

266 4961 376 5038 (75)
418 4967 742 5038 Adhortatio
775 4966 1029 5020 audiendi
1060 4963 1287 5017 involvit
1337 4961 1769 5015 admonitionem

1880 4752 2166 4827 lectionem
2184 4754 2433 4827 sequitur
2447 4751 2630 4827 Fellus
2648 4751 2700 4827 in
2723 4758 2894 4812 textu,
2913 4746 3043 4827 licet
3060 4747 3113 4827 in
3132 4752 3259 4827 nata
3276 4745 3459 4827 lectio:

1874 4837 1999 4876 nem
2033 4813 2394 4877 circumcidite
2444 4821 2781 4877 retinendam
2831 4817 3125 4889 praecipiat.
3168 4813 3370 4871 Verum
3403 4816 3458 4870 id

1876 4893 2010 4964 vitio
2043 4894 2335 4964 typothetae
2360 4894 2702 4948 vertendum.

1948 4958 2493 5032 (83)'Prwterierunt.
2521 4964 2575 5017 ld
2600 4972 2706 5028 est,
2731 4958 3067 5032 prazvaricati
3098 4966 3248 5023 sunt,
3274 4964 3457 5032 trans—

194 5027 768 5093 ad'circumcisiouem
801 5037 1041 5090 aurium.
1875 5027 2052 5103 gressi
2078 5044 2225 5089 sunt.
2246 5034 2310 5088 Et
2331 5035 2531 5089 Psalm.
2556 5027 2779 5103 curui,
2802 5030 2834 5103 6
2852 5051 2892 5103 :_
2908 5031 3236 5103 [fr-receptum
3259 5027 3454 5097 posuit,

266 5108 377 5176 (76)
416 5109 503 5162 ΑΙ·
535 5105 757 5177 Κύριος.
1014 5174 1036 5177 _
1873 5099 1921 5177 ἐς
1946 5120 2049 5156 non
2073 5106 2381 5173 prazleribit.
2415 5104 2554 5159 Men.
2573 5133 2644 5145 ——
2664 5101 2823 5171 Apud
2852 5099 3086 5164 Fcllum,
3114 5107 3451 5170 praetereunt.

266 5173 377 5251 (77)
408 5180 498 5251 Sc.
522 5173 971 5251 [circumcisionis
1009 5174 1119 5228 Deo
1154 5179 1411 5241 accepta.
1876 5173 2194 5251 Typotheta:
2221 5178 2503 5251 mendum.

265 5240 376 5317 (78)
414 5250 554 5302 Add.
587 5247 730 5300 νέαν.
766 5246 907 5301 ΜΕΝ.
939 5246 1168 5313 lnterpr.
1199 5240 1407 5317 nouam.
1871 5240 2185 5317 _'('84)_Va;
2216 5246 2329 5303 illis
2348 5246 2437 5316 qui
2460 5246 2739 5299 seminant.
2781 5243 3022 5307 Rectius,
3048 5240 3209 5317 nolite
3259 5254 3449 5317 serere.

264 5311 377 5389 (79)
410 5319 480 5372 Et
506 5334 621 5389 quae
648 5317 826 5387 faciet.
858 5320 982 5389 Leg.
1014 5326 1062 5369 et
1090 5311 1208 5389 quae
1236 5313 1356 5377 feci.
1499 5381 1509 5389 _
1870 5311 2172 5389 ξειιζριιι
2211 5332 2276 5370 ea
2320 5311 2443 5385 qua:
2489 5332 2638 5389 morr
2666 5321 3009 5389 sequuntur,
3054 5313 3129 5366 ita
3185 5311 3398 5379 supplet
3436 5327 3450 5363 :

263 5381 373 5456 (80)
405 5381 573 5442 Aures
613 5381 832 5443 vestras.
874 5381 1113 5442 ln'textu'
1151 5381 1544 5456 Graeco,_corda
1575 5391 1768 5440 vestra.
1870 5384 1942 5438 Et
1977 5386 2127 5456 quid,
2162 5386 2265 5456 hoc
2291 5381 2375 5442 est
2403 5386 2542 5455 quod
2585 5381 2983 5449 dicitfaudite,
3010 5392 3115 5456 etc.

199 5448 371 5526 malei
404 5476 531 5513 nam
558 5475 749 5515 omnes
800 5461 895 5526 qui
940 5467 1244 5526 sequuntur
1276 5453 1380 5506 loci
1417 5462 1662 5526 spectant
1697 5458 1765 5507 ad
1943 5448 2055 5518 (85)
2085 5454 2327 5511 Judazus.
2370 5448 2533 5512 Forte
2562 5448 2856 5519 ldumwus,
2888 5448 2975 5508 vel
3005 5451 3191 5524 Syrus.
3238 5448 3453 5526 —_liine

200 5520 430 5596 aurium,
463 5546 571 5585 non
602 5530 679 5599 ,ad
709 5520 893 5585 cordis
925 5520 1421 5599 circumcisionem.
1450 5520 1596 5577 Man.
1870 5526 2001 5599 Eelli
2034 5526 2167 5580 edit.
2204 5526 2404 5584 Oxon..
2444 5526 2646 5599 reiecta
2689 5527 2911 5598 vulgata
2948 5520 3201 5589 lectione,
3231 5520 3454 5577 exhibet

268 5600 377 5669 (81)
407 5600 564 5665 Quia.
596 5598 838 5665 Rectius,
864 5600 979 5669 quis
1007 5608 1104 5651 est.
1139 5597 1303 5669 Feta.
1374 5663 1414 5669 __
1627 5666 1635 5669 Α
1662 5666 1671 5669 _
1872 5596 2160 5653 Idumaeas.

266 5663 375 5733 (82)
408 5663 797 5727 Circumcidite.
828 5663 958 5744 Leg.
993 5667 1340 5723 circumcidit.
1372 5663 1523 5721 Hanc
1546 5666 1765 5732 quidem
