3818 6216
239 363 354 419 755

1478 356 1817 415 EPISTULA
1851 356 2271 414 CATHOLICA.

3413 362 3517 420 75$

234 479 386 532 ἔστιν
423 477 610 549 ἐντολὴ
643 478 780 532 Θεοῦ
804 478 867 533 τὸ
892 482 966 553 μὴ
994 482 1258 554 τρώγεινς
1281 483 1488 553 Μωσῆς
1509 483 1567 537 δὲ
1591 485 1647 536 ἐν
1671 480 1834 536 πνεύ-

1944 482 2124 537 datum
2152 482 2245 535 Dei
2280 490 2386 545 est,
2418 496 2486 534 ne
2523 478 2888 535 manducent?
2913 476 3033 550 [Est
3063 476 3110 551 τι
3143 478 3235 535 sed
3258 478 3435 537 Moses
3465 484 3519 537 in

241 589 372 643 ματι
394 570 643 643 ἑλάλησε.
670 570 824 645 Τὸ[ν]
855 569 948 627 οῦν
964 575 1170 645 χοῖρον
1199 577 1337 648 πρὸς
1369 575 1528 629 τοῦτο
1568 574 1788 647 εἴρηκεν
1812 591 1827 605 ’

239 666 315 718 Οὐ
363 663 436 735 μὴ
486 662 835 737 κολληθήσῃ,
914 666 1108 738 φησὶν,
1178 663 1485 736 ἀνθρώποις
1546 662 1829 727 τοιούτοις,

235 757 435 820 οἵτινες
480 755 657 827 ὅμοιοί
705 757 809 809 εἱσι
863 756 1088 827 χοίροις.
1132 758 1297 811 Ὅταν
1321 756 1430 829 γὰρ
1461 755 1829 821 σπαταλῶσιν,

232 848 689 903 ἐπιλανθάνονται
712 847 807 902 τοῦ
836 848 1041 921 Κυρίου
1080 850 1290 904 ἑαυτῶν
1311 867 1323 879 ·
1364 852 1492 904 ὅταν
1521 850 1578 903 δὲ
1600 851 1831 922 ὑστερη-

233 940 425 1004 θῶσιν,
456 937 879 1008 ὲπιγινὼσκουσι
902 939 990 991 τὸν
1029 938 1251 1010 Κύριον.
1297 940 1407 994 Καὶ
1430 942 1459 993 ὁ
1479 941 1682 1012 χοῖρος,
1705 940 1833 993 ὅταν

231 1028 444 1101 τρώγῃ,
462 1031 562 1083 οὐκ
589 1024 697 1082 οἶδε
718 1029 807 1081 τὸν
833 1027 1048 1099 κύριον·
1078 1028 1208 1081 ὅταν
1228 1029 1286 1082 δὲ
1307 1028 1560 1100 πεινάσῃ,
1586 1028 1831 1100 κραυγά-

234 1122 341 1187 Cet,
355 1123 448 1175 καὶ
462 1119 642 1176 λαϐὼν
661 1120 819 1174 πάλιν
841 1120 1037 1191 σιωπᾷ.
1059 1119 1212 1174 Οὐδὲ
1226 1119 1312 1190 μὴ
1328 1120 1544 1190 φάγῃς,
1561 1122 1711 1191 φησὶ,
1726 1119 1834 1173 τὸν

233 1215 435 1283 ἀετὸν,
465 1214 606 1270 οὐδὲ
626 1215 733 1268 τὸν
756 1215 1278 1284 ὀξύπτερον,ἶούδὲ
1312 1214 1419 1268 τὸν
1450 1213 1662 1279 lact-ira,
1691 1213 1833 1267 οὐδὲ

231 1308 344 1362 τὸν
362 1309 605 1376 κόρακα.
624 1308 699 1361 Οὐ
724 1306 819 1378 μὴ,
854 1310 1008 1380 φησὶ,
1044 1308 1353 1381 κολληθήσῃ
1390 1306 1503 1378 (98)
1527 1304 1833 1378 ἀνθρώποις

232 1401 515 1465 τοιούτοις,
529 1402 725 1463 οἵτινες
739 1402 840 1454 οὐκ
854 1401 1027 1454 οἴδασι
1039 1400 1126 1454 διὰ
1143 1401 1309 1455 κόπου
1336 1400 1430 1453 καὶ
1448 1399 1668 1469 ἱδρῶτος
1685 1398 1833 1469 πορί-

235 1492 352 1557 ζειν
374 1494 587 1556 ἑαυτοῖς
610 1490 708 1563 τὴν
730 1491 957 1563 τροφὴν,
981 1491 1118 1544 ἀλλά
1143 1490 1451 1560 ἁρπάζουσι
1483 1490 1552 1543 τὰ
1578 1488 1832 1561 ἀλλότρια

233 1584 296 1635 ὲν
321 1581 522 1652 ἀνομίᾳ
549 1580 747 1635 αὐτῶν·
766 1581 860 1634 καὶ
891 1580 1264 1653 ἐπιτηροῦσιν,
1281 1581 1357 1644 ὡς
1375 1582 1433 1633 ὲν
1469 1578 1830 1650 ἀκεραιοσύνῃ

238 1672 669 1746 περιπατοῦντες
698 1671 827 1745 (99).
863 1674 975 1726 Καὶ
1003 1672 1149 1744 (100)
1179 1672 1465 1743 καθήμενα
1494 1670 1639 1743 ἀργὰ
1665 1670 1832 1724 ταῦτα

237 1762 478 1836 ὲκζητεῖ,
508 1762 626 1827 πῶς
649 1762 936 1835 ἀλλοτρίας
974 1764 1184 1835 σάρκας
1217 1763 1531 1834 καταφάγῃ,
1565 1762 1695 1816 ὅντα
1724 1762 1833 1815 λοι-

238 1858 320 1930 μά
342 1834 409 1930 τῇ
438 1857 674 1929 πονηρίᾳ
696 1834 893 1910 αὐτῶν.
919 1857 1032 1910 Καὶ
1051 1834 1128 1911 οὐ
1152 1856 1238 1926 μὴ
1262 1856 1477 1926 φάγῃς,
1508 1856 1660 1925 φησὶ,
1685 1856 1830 1924 σμύ-
1862 1834 1903 1891 Β

227 1968 471 2020 ραιναν,
528 1947 671 2004 οὐδὲ
712 1947 1064 2015 πολύποδα,
1109 1948 1252 2002 οὐδὲ
1294 1949 1526 2017 σηπίαν
1601 1949 1676 2001 Οὐ
1732 1947 1827 2021 μὴ,

234 2042 423 2114 φησιν,
464 2040 776 2112 ὁμοιωθήσῃ
822 2037 1165 2109 κολλώμενος
1204 2037 1512 2109 ἀνθρώποις
1546 2038 1828 2101 τοιούτοις,

1935 574 2130 643 spiritu
2184 573 2403 628 locutus
2446 581 2547 626 est.
2580 570 2922 639 Quapropter
2945 570 3025 625 sic
3050 585 3195 624 suem
3224 571 3318 639 ait,
3360 575 3518 643 quasi

1932 666 2180 720 diceret:
2224 662 2343 719 Non
2376 662 2687 719 adliaerebis
2730 661 3048 717 hominibus
3077 661 3297 730 talibus,
3327 664 3422 733 qui
3448 664 3522 719 si-

1932 757 2092 811 miles
2141 765 2273 812 sunt
2315 756 2520 827 porcis.
2571 753 2706 808 Nam
2747 769 2872 809 cum
2936 752 2992 807 in
3040 753 3252 810 deliciis
3305 755 3518 823 vivunt,

1933 847 2153 903 Domini
2177 848 2261 903 sui
2296 847 2737 910 obliviscuntur;
2784 860 2911 900 cum
2938 852 3121 900 autem
3146 845 3521 902 destituuntur

1932 938 2283 1004 necessariis,
2320 936 2615 992 Dominum
2642 945 2967 1007 agnoscunt.
3010 934 3078 992 Et
3128 935 3350 1007 quidem
3392 954 3521 1008 por-

1932 1046 2068 1097 cus,
2139 1031 2359 1100 quando
2431 1029 2716 1095 comedit,
2796 1028 3080 1085 dominum
3162 1046 3272 1084 non
3333 1029 3515 1097 novit;

1931 1122 2151 1192 quando
2183 1127 2367 1176 autem
2400 1121 2593 1187 esurit,
2647 1121 2888 1187 clamat;
2941 1130 2995 1176 et
3046 1131 3271 1192 accepta
3319 1124 3517 1179 iterum

1931 1230 2082 1281 esca,
2108 1222 2271 1268 tacet.
2304 1211 2419 1266 Nec
2463 1211 2839 1279 manducabis,
2872 1213 3072 1283 inquit,
3115 1214 3373 1284 aquilam,
3422 1231 3517 1268 ne-

1931 1322 2029 1376 que
2058 1306 2387 1375 accipitrem,
2420 1319 2583 1374 neque
2624 1304 2863 1370 miluum,
2902 1321 3064 1376 neque
3109 1322 3343 1362 coruunt.
3398 1303 3519 1361 Non

1933 1396 2264 1463 adhaerebis,
2307 1395 2461 1462 dicit,
2509 1396 2580 1449 iis
2610 1395 2951 1461 hominibus,
2995 1397 3090 1467 qui
3118 1398 3371 1454 nesciunt
3412 1399 3519 1455 sibi

1933 1490 2121 1545 labore
2156 1503 2220 1543 ac
2247 1488 2450 1543 sudore
2481 1504 2674 1558 parare
2702 1488 2935 1555 victum,
2970 1489 3064 1544 sed
3098 1490 3274 1545 aliena
3298 1490 3521 1561 rapiunt

1932 1582 2155 1651 inique;
2190 1591 2244 1636 et
2277 1598 2400 1636 eum
2433 1582 2722 1637 rideantur
2757 1582 2810 1637 in
2841 1582 3193 1653 simplicitate
3214 1583 3518 1653 ambulare,

1934 1682 2115 1728 tamen
2148 1673 2271 1729 aliis
2302 1674 2655 1730 insidiantur.
2683 1673 2749 1729 Et
2783 1673 2960 1753 [aves]
2990 1674 3129 1741 istae,
3157 1675 3297 1733 dum
3330 1676 3521 1732 otiosae

1935 1763 2147 1831 sedent,
2196 1773 2473 1835 quaerunt,
2523 1765 2806 1834 quomodo
2858 1767 3071 1825 alienas
3113 1784 3309 1824 carnes
3349 1769 3521 1825 devo-

1932 1862 2076 1920 rent,
2099 1864 2336 1925 suntque
2373 1855 2425 1908 in
2460 1855 2667 1910 malitia
2695 1872 2794 1911 sua
2825 1858 3115 1927 pestifer-ce.
3147 1858 3260 1916 Nec
3294 1861 3528 1919 mandas

1931 1940 2101 2009 cabis,
2152 1942 2350 2013 inquit,
2400 1961 2718 2012 murtenam,
2761 1963 2925 2019 neque
2953 1948 3225 2021 polypum,
3264 1966 3426 2020 neque
3447 1968 3526 2003 seq

1930 2033 2095 2103 piam.
2125 2031 2266 2100 Non,
2307 2035 2510 2103 inquit,
2552 2036 2878 2103 adbmrebis,
2918 2053 3018 2093 nec
3052 2039 3249 2094 similis
3278 2041 3389 2094 eris
3414 2042 3520 2095 hu-

232 2134 430 2196 οῖτινες
462 2134 542 2195 εἰς
581 2131 731 2194 τέλος
775 2130 911 2182 εἰσὶν
967 2129 1205 2194 ἀσεϐεῖς,
1254 2129 1349 2183 καὶ
1390 2129 1705 2201 κεκριμένοι
1753 2128 1831 2200 τῷ

1944 2124 2173 2189 iusmodi
2215 2125 2555 2194 hominibus,
2600 2129 2696 2198 qui
2746 2128 2798 2181 in
2834 2138 3156 2200 perpetuum
3194 2132 3344 2201 impii
3371 2143 3518 2200 sunt,

234 2224 483 2296 θανάτῳ·
509 2224 584 2287 ὼς
615 2225 709 2277 καὶ
739 2223 913 2278 ταῦτα
935 2222 1006 2276 τά
1033 2221 1242 2293 ἰχθύδια
1288 2222 1425 2293 μόνα
1450 2221 1833 2293 ἐπικατάρατα

233 2321 296 2372 ὲν
324 2318 402 2389 τῷ
431 2316 577 2389 βυθῷ
606 2318 848 2387 νήχεται,
883 2316 958 2387 μὴ
1004 2313 1386 2386 κολυμϐῶντα,
1426 2315 1503 2378 ὡς
1536 2314 1604 2367 τὰ
1644 2313 1831 2378 λοιπὰ,

233 2410 373 2464 ἀλλά
403 2411 460 2462 ὲν
490 2410 559 2479 τῇ
587 2410 656 2479 γῇ
693 2408 836 2461 κα.τά
874 2406 970 2461 τοῦ
1019 2406 1186 2478 βυθοῦ
1234 2410 1499 2461 κατοικεῖ.
1542 2406 1701 2460 Ἀλλά
1739 2408 1834 2461 καὶ

232 2502 345 2558 τὸν
386 2498 703 2554 δασύποδα
736 2501 807 2553 οὺ
859 2498 1041 2568 φάγῃ,
1084 2499 1267 2569 φησίν.
1310 2499 1453 2568 Πρὸς
1493 2498 1578 2564 τίς
1627 2499 1701 2553 Οὐ
1756 2499 1830 2570 μὴ

232 2596 367 2667 γένῃ
392 2594 772 2667 παιδοφθόρος,
804 2593 925 2647 οὐδὲ
947 2590 1259 2663 ὁμοιωθήσῃ
1289 2593 1403 2652 τοῖς
1433 2590 1693 2655 τοιούτοις
1712 2607 1725 2625 ε
1751 2592 1832 2645 ὅτι

232 2691 264 2742 ό
279 2687 499 2756 λαγωὸς
510 2688 630 2742 κατ’
653 2687 895 2741 ἐνιαυτὸν
913 2684 1228 2738 πλεονεκτεῖ
1246 2684 1345 2755 τὴν
1361 2683 1667 2753 ἁφὸδευσιν.
1694 2684 1832 2737 Ὅσα

234 2778 346 2851 γὰρ
376 2778 472 2849 ἐτη
521 2776 608 2850 ζῇ,
642 2776 911 2839 τοσαύτας
947 2775 1061 2845 ἔχει
1088 2773 1302 2845 τρύπας
1334 2773 1428 2845 (1).
1480 2775 1657 2829 Ἀλλὰ
1691 2775 1833 2830 οὐδὲ

233 2868 353 2936 τὴν
388 2869 607 2922 ὕαιναν
644 2867 826 2937 φάγῃ.
867 2866 942 2919 Οὐ
985 2864 1080 2937 μὴ,
1111 2865 1267 2935 φησὶ,
1308 2864 1440 2936 γένῃ
1472 2865 1678 2935 μοιχὸς,
1713 2866 1832 2919 οὐδὲ

237 2961 494 3033 φθορεὺς,
539 2960 662 3014 οὐδὲ
702 2956 1017 3030 ὁμοιωθήσῃ
1069 2959 1183 3020 τοῖς
1235 2956 1519 3019 τοιούτοις.
1558 2956 1703 3028 Πρὸς
1743 2956 1830 3023 τί;

236 3053 410 3107 Τοῦτο
452 3053 561 3125 γὰρ
596 3053 658 3106 τὸ
702 3051 838 3116 ζῶον
880 3049 1011 3120 παρ’
1045 3047 1291 3102 ἐνιαυτὸν
1325 3047 1580 3102 ἀλλάσσει
1600 3048 1699 3120 τὴν
1729 3048 1831 3119 φύ-

240 3165 346 3211 σιν,
380 3147 474 3200 καὶ
504 3145 634 3198 ποτὲ
668 3144 765 3216 μὲν
796 3144 985 3215 ἄρρεν,
1016 3141 1147 3194 ποτὲ
1175 3141 1232 3193 δὲ
1276 3140 1411 3211 θῆλυ
1442 3142 1686 3210 γίγνεται
1858 3178 1905 3240 c

252 3242 415 3297 Ἀλλά
453 3243 545 3296 καὶ
580 3240 677 3312 τὴν
716 3240 887 3311 γαλῆν
941 3237 1169 3309 ἐμίσησε
1218 3235 1419 3299 καλῶς.
1457 3237 1533 3290 Οὐ
1585 3236 1659 3307 μὴ
1698 3242 1829 3309 γὰρ,

238 3334 427 3405 φησὶν,
478 3332 790 3405 ὁμοιωθὴσῃ
844 3330 956 3390 τοῖς
1004 3325 1267 3388 τοιούτοις
1293 3363 1307 3388 ,
1360 3325 1503 3388 οἴους
1562 3325 1833 3398 ἀκούομεν

238 3427 470 3496 ἀνομίαν
518 3425 805 3484 ποιοῦντας
846 3418 926 3489 τῷ
982 3417 1240 3487 στόματι,
1300 3415 1388 3469 διὰ
1433 3414 1776 3487 ἀκαθαρσίαν
1813 3435 1827 3448 ·

1932 2225 1987 2271 et
2015 2217 2081 2271 ad
2127 2225 2360 2272 mortem
2398 2226 2529 2273 sunt
2558 2218 2891 2289 adjudicati;
2937 2221 3402 2290 quemadmodum
3430 2223 3522 2284 isti

1931 2308 2205 2378 pisciculi,
2257 2310 2360 2365 soli
2405 2309 2709 2377 maledicti,
2759 2311 2814 2365 in
2862 2310 3137 2381 profundo
3177 2314 3519 2381 volutantur,

1932 2414 2034 2454 nec
2065 2410 2124 2455 ut
2171 2401 2371 2471 reliqui
2406 2402 2587 2472 pisces
2617 2411 2829 2471 natant,
2876 2403 2973 2458 sed
3010 2402 3065 2457 in
3116 2413 3281 2473 terra,
3311 2422 3434 2477 qua:
3464 2408 3519 2462 in

1932 2491 2207 2563 profundo
2230 2494 2400 2549 maris
2423 2502 2528 2561 est,
2560 2493 2786 2565 degunt.
2826 2493 2928 2550 Sed
2953 2504 3006 2550 et
3035 2494 3287 2565 leporem,
3320 2498 3521 2568 inquit,

1934 2602 2037 2639 non
2078 2585 2337 2639 comedes.
2390 2584 2807 2652 Quamobrem?
2834 2585 2915 2659 [Id
2957 2585 3085 2660 est],
3120 2603 3229 2642 non
3255 2589 3366 2645 eris
3390 2606 3523 2660 pue-

1934 2692 2122 2732 rorum
2175 2684 2490 2746 corruptor,
2525 2692 2626 2731 nec
2672 2678 2908 2733 similem
2962 2688 3014 2734 te
3049 2680 3248 2736 talibus
3282 2681 3518 2751 efﬁcies;

1933 2767 2197 2838 quoniam
2246 2767 2400 2836 lepus
2449 2767 2610 2821 annis
2661 2767 2895 2838 singulis
2947 2787 3115 2827 anum
3168 2776 3517 2846 multiplicat.

1934 2859 2081 2926 Quot
2107 2861 2256 2915 enim
2296 2875 2472 2916 annos
2496 2860 2648 2925 vivit,
2680 2868 2761 2914 tot
2789 2861 2953 2918 habet
2984 2862 3273 2922 foramina.
3305 2865 3409 2925 Sed
3432 2886 3521 2926 nec

1933 2952 2178 3023 hyaenam
2204 2952 2570 3007 manducabis.
2598 2954 2717 3011 Non
2755 2957 2885 3023 eris,
2923 2957 3123 3029 inquit,
3156 2960 3390 3030 adulter,
3421 2978 3521 3018 ne-

1934 3061 2040 3115 que
2068 3055 2359 3115 corruptor
2409 3045 2781 3121 [puerorum],
2824 3065 3001 3120 neque
3051 3053 3253 3109 talibus
3296 3056 3522 3111 assimi-

1934 3138 2156 3193 labcris.
2190 3136 2408 3204 Quare?
2438 3138 2578 3206 Quia
2611 3140 2757 3198 istud
2785 3142 2991 3198 animal
3017 3148 3302 3201 annuatim
3327 3164 3523 3207 sexum

1938 3242 2132 3297 mutat,
2155 3241 2208 3287 et
2231 3232 2394 3288 modo
2418 3249 2557 3299 mas,
2585 3234 2745 3288 modo
2775 3234 2975 3291 femina
3000 3245 3103 3293 est.
3144 3239 3251 3293 Sed
3297 3251 3353 3295 et
3397 3258 3523 3296 mu-

1941 3323 2134 3377 stelam
2178 3324 2333 3393 justo
2363 3323 2491 3377 odio
2516 3331 2843 3392 prosecutus
2873 3336 2980 3380 cst.
3031 3326 3387 3399 Dissimilem,
3432 3332 3522 3387 in-

1939 3413 2080 3484 quit,
2109 3422 2162 3469 te
2193 3414 2462 3483 praebebis
2494 3413 2626 3468 viris
2662 3413 2792 3479 illis,
2823 3431 2964 3484 quos
2995 3418 3251 3476 audimus
3278 3436 3374 3478 ore
3415 3424 3523 3477 iiu-

238 3518 363 3571 ούδὲ
391 3516 697 3588 κολληθήσῃ
734 3515 854 3574 ταῖς
881 3507 1231 3579 ἀκαθάρτοις,
1284 3508 1406 3569 ταῖς
1448 3507 1547 3579 τὴν
1601 3507 1831 3579 ἀνομίαν

1944 3522 2079 3578 puro
2132 3507 2433 3577 nequitiam
2483 3517 2733 3576 patrare;
2785 3523 2885 3563 nec
2939 3512 3243 3569 adhaerebis
3293 3514 3521 3587 impuris

1560 3658 1741 3720 Vetus
1786 3658 2259 3739 interpretatio.

241 3822 368 3862 cum
399 3804 508 3858 sint
544 3803 934 3876 pestilentiosa:
962 3823 1058 3876 per
1088 3821 1245 3862 suam
1278 3805 1603 3873 nequitiam.
1637 3806 1761 3861 Non
1782 3806 2151 3874 manducabis,
2183 3806 2385 3875 inquit.
2417 3821 2730 3871 murteum,
2757 3822 2851 3860 nec
2878 3804 3148 3875 polypum,
3175 3802 3518 3876 nec‘gepiam.

240 3876 387 3939 Non,
422 3872 622 3948 inquit,
650 3874 920 3948 similabis
947 3872 1233 3931 adhaerens
1263 3872 1466 3931 talibus
1494 3878 1831 3941 hominibus,
1861 3878 1955 3948 qui
1988 3880 2043 3932 in
2072 3872 2330 3948 perpetuo
2361 3876 2536 3948 impii,
2562 3885 2617 3930 et
2634 3872 3019 3948 judicati'jam
3034 3873 3235 3948 mortui
3264 3872 3341 3943 (5)
3369 3881 3517 3948 sunt.

244 3948 311 4002 Hi
344 3943 695 4015 enim'pisces
723 3946 825 4000 soli
863 3948 1137 4003 maledicti
1169 3955 1317 4001 sunt.
1365 3986 1379 3999 .
1425 3985 1439 4000 .
1482 3986 1496 4001 .
1542 3987 1555 4000 .
1601 3989 1616 4007 .
1659 3964 1769 4002 non
1821 3943 2093 4014 natantes,
2127 3943 2269 4001 sicut
2306 3943 2525 4015 reliqui,
2553 3943 2656 4001 sed
2690 3947 2744 3999 in
2779 3943 3235 4003 inia'altitudinis
3263 3953 3406 4015 terra
3426 3944 3526 4015 in-

243 4012 532 4073 habitantf
548 4014 651 4070 Sed
679 4033 771 4069 ncc
799 4017 1023 4085 leporem
1055 4017 1420 4070 manducabis.
1448 4085 1460 4087 _
1489 4018 1689 4087 thuid
1720 4019 1892 4073 dicit?
1934 4018 2051 4073 Νοη
2079 4012 2229 4083 eris,
2271 4012 2468 4087 inquit,
2500 4027 2791 4083 corruptor
2831 4030 3148 4083 puerorum,
3179 4028 3282 4087 nec
3314 4012 3521 4087 simila-

243 4090 331 4143 bis
363 4088 580 4159 talibus.
612 4086 752 4159 Quia
784 4083 935 4159 lepus
968 4089 1201 4159 Singulis
1245 4087 1407 4159 annis
1438 4083 1687 4159 facitfadr
1722 4089 2099 4144 adsellandum
2147 4083 2364 4159 singula
2406 4086 2707 4151 foramina;
2756 4094 2813 4159 et
2853 4091 3127 4159 quotquot
3157 4083 3520 4159 annis_v_ixit,

246 4159 473 4214 totidem
502 4157 774 4212 foramina
804 4153 938 4212 facit
966 4176 977 4211 :
1027 4153 1129 4212 scd
1160 4174 1249 4210 nec
1281 4155 1513 4210 belluam
1537 4158 1641 4225 (4),
1678 4158 1877 4228 inquit,
1912 4153 2282 4215 manducabii.
2312 4156 2428 4212 Hoc
2461 4166 2565 4223 est,
2599 4173 2706 4211 non
2739 4157 2847 4211 eris
2872 4153 3134 4211 iiimchus
3163 4153 3519 4228 aut_adulte_r,

246 4245 350 4284 nec
378 4238 687 4298 corruptor,
718 4244 816 4282 nec
849 4228 1113 4282 similabis
1154 4228 1376 4282 talibus.
1542 4268 1554 4282 .
1600 4224 1895 4294 Quia—hch
1948 4229 2125 4283 bestia
2161 4228 2386 4298 alternis
2435 4228 2597 4282 annis
2642 4235 2816 4281 mutat
2867 4233 3219 4298 naturam,et
3257 4224 3317 4298 lit
3356 4224 3522 4298 modo

246 4295 558 4364 masculus,
582 4299 747 4354 modo
778 4299 1001 4352 femina.
1036 4299 1140 4353 Sed
1177 4298 1399 4367 etquod
1430 4297 1602 4352 dicit:
1635 4298 1921 4353 Mustelam
1960 4299 2153 4353 adibis.
2201 4297 2319 4353 Non
2353 4298 2485 4363 eris,
2518 4298 2715 4367 inquit,
2744 4297 2888 4361 talis,
2926 4296 3019 4365 qui
3068 4295 3221 4367 audit
3266 4295 3524 4364 iniquita—

248 4381 357 4425 tem
388 4370 490 4441 (5),
515 4380 570 4424 et
603 4370 846 4439 loquitur
877 4366 1283 4423 immunditiam
1312 4366 1483 4434 :Non,
1513 4369 1718 4439 inquit,
1747 4370 2050 4425 adluercbis
2090 4369 2412 4435 immundis,
2437 4369 2533 4439 qui
2580 4368 2791 4423 faciunt
2817 4368 2894 4437 (6)
2923 4366 3263 4436 iniquitatem
3295 4381 3391 4419 ore
3420 4380 3523 4420 suo

1588 4513 1955 4573 VARIORUM
1991 4514 2221 4571 NOTAE.

323 4643 444 4721 (98)
469 4644 628 4721 _Adde
653 4661 719 4701 ex
750 4647 923 4703 Clem.
946 4648 1101 4704 Alex.
1131 4658 1185 4705 et
1211 4658 1318 4705 vet.
1341 4651 1632 4721 interprete
1659 4669 1672 4705 :
1698 4650 1832 4704 Οὐδὲ
1868 4656 1913 4712 D
1944 4653 2083 4707 idem
2114 4660 2199 4706 est
2236 4666 2359 4706 cum
2400 4651 2560 4706 belua
2604 4651 2719 4705 sive
2750 4648 2928 4703 bellua
2958 4665 2974 4702 :
3008 4647 3048 4721 β
3073 4646 3228 4721 enim
3260 4642 3387 4721 etv
3416 4660 3519 4699 sae-
3612 4644 3618 4658 '

1942 4723 2166 4793 pissitne
2213 4722 2355 4793 inter
2409 4729 2956 4793 se‘commutantur.
3014 4717 3211 4793 lsidori
3269 4713 3517 4793 Glossaa:

1958 4792 2175 4859 Vestiaz,
2211 4791 2419 4861 balbce,
2460 4791 2717 4861 Corrigo,
2772 4789 2934 4861 belst
2963 4804 2980 4843 :
3014 4789 3115 4861 hgc
3156 4784 3521 4861 est,_Besti_a:,

244 4715 581 4788 ὁμοξφθήξῖῃ·

323 4786 439 4867 (99)
482 4785 731 4842 Davisius
757 4788 980 4867 copjicit
1007 4808 1038 4867 :_
1072 4789 1421 4867 Ἐπιτηροῦσι
1456 4793 1583 4867 τοὺς
1614 4792 1672 4845 ἐν
1714 4792 1843 4867 ἀκε-

248 4856 510 4933 ραιοσύνςῃ
543 4856 998 4933 περιπατοῦντας,
1024 4861 1061 4915 i.
1094 4877 1145 4916 e.
1185 4856 1515 4931 insidiantur
1544 4863 1633 4927 iis,
1661 4864 1750 4933 qui
1785 4863 1842 4916 in

246 4927 592 4995 simplicitate
622 4927 930 4983 ambulant.

322 4997 472 5068 (100)
519 4997 888 5081 Yetinterpr.
918 5002 1045 5056 add.
1097 5019 1111 5056 :
1145 5000 1235 5056 Sic
1260 5018 1378 5055 aves
1426 5004 1543 5057 ista:
1581 5003 1711 5057 sola:
1739 5002 1842 5057 sibi

246 5084 355 5124 non
377 5080 705 5125 acautrentes
740 5088 934 5125 εεεαηι.

324 5139 773 5263 (Migginem.
829 5142 984 5197 Alex.
1027 5140 1247 5213 Pmdag.
1284 5158 1346 5210 ιι,
1398 5159 1448 5199 c.
1491 5145 1579 5210 10,
1610 5160 1664 5215 p.
1707 5144 1838 5211 220,

247 5210 351 5265 221
414 5219 470 5264 et
498 5210 625 5264 223.

324 5280 402 5352 (2)
442 5281 557 5352 (Sir.
587 5280 758 5336 Clem.
793 5282 948 5336 Alex.
980 5283 1015 5336 l.
1042 5299 1091 5338 c.

323 5351 406 5418 (3')
440 5351 663 5407 Μοντιιὴ
702 5352 863 5408 Forte
890 5355 1074 5418 morti,
1111 5368 1179 5407 ex
1208 5353 1433 5410 Graecis.

324 5424 402 5495 (4i
438 5422 709 5495 Belluam.
745 5422 1040 5495 Reddenda
1066 5426 1230 5485 ratio,
1249 5442 1362 5495 cur
1389 5441 1486 5494 pro
1520 5426 1709 5495 hytena
1745 5442 1845 5479 no-

250 5503 365 5548 ster
392 5494 662 5566 interpres
692 5493 922 5547 belluam
952 5495 1216 5563 posuerit.
1245 5494 1322 5549 Ea
1344 5493 1401 5549 in
1432 5493 1687 5566 promptu
1721 5505 1840 5551 est:

253 5579 389 5619 usus
418 5579 613 5633 nempe
635 5565 959 5633 desumptus
982 5581 1045 5618 ex
1070 5566 1356 5619 notissima
1387 5566 1573 5621 bestias
1595 5565 1839 5622 feritate.

251 5633 492 5690 Lexicon
537 5632 1015 5689 Graeco-Latinum
1048 5646 1242 5690 vetus:
1279 5636 1504 5698 Ὕαινα,
1540 5636 1703 5703 ζῶον,
1736 5636 1844 5690 bel-

253 5705 366 5759 lua.
414 5705 632 5760 Glossa:
678 5704 937 5769 Labbaei,
990 5707 1171 5760 citata:
1201 5722 1230 5760 a
1285 5704 1558 5762 Salmasio
1611 5709 1678 5762 ad
1710 5707 1840 5761 Julii

253 5774 548 5845 Capitolini
595 5775 905 5833 Gordianos
961 5785 1111 5833 tres:
1158 5777 1392 5840 Ὓαινα,
1444 5778 1634 5832 belua:
1694 5781 1838 5846 quod

1942 4862 2128 4919 beluw.
2163 4855 2354 4916 'Julius
2394 4855 2737 4931 Capitolinus
2775 4862 2829 4914 in
2882 4860 2989 4931 line
3030 4855 3298 4931 Gordiani
3332 4857 3521 4911 tertii:

1942 4933 2115 4999 Belbi,
2140 4932 2195 4985 id
2219 4928 2543 5002 est/tyranne.
2564 4930 2932 4998 Belbikbelui,
2960 4928 3148 5002 bellui,
3173 4941 3521 5002 nequaquam

1942 5004 2220 5058 dilfcrunt.
2268 4999 2594 5057 Nullatenus
2621 5017 2757 5073 ergo
2804 5000 3117 5073 necessaria
3166 5009 3249 5073 est
3277 4999 3522 5052 virorum

1940 5077 2227 5128 doctorum
2279 5073 2626 5137 emendatio,
2670 5068 2765 5141 qui
2814 5072 2869 5124 in
2916 5070 3180 5124 Barnabas
3230 5068 3524 5138 interprete

1948 5146 2159 5199 malunt
2192 5144 2395 5198 belvum
2434 5150 2527 5200 aut
2554 5142 2778 5197 belbum.
2808 5141 2944 5201 Cor.

2022 5214 2099 5284 (5)
2135 5214 2240 5279 Qui
2262 5216 2410 5267 audit
2443 5214 2799 5283 iniquitatem,
2822 5221 2926 5267 etc.
2962 5210 3184 5284 Rectius
3210 5226 3341 5284 quos
3368 5209 3527 5284 audi-

1945 5280 2059 5341 mus
2081 5280 2180 5339 ὀνε
2212 5288 2420 5355 impuro
2449 5280 2739 5354 nequitiam
2762 5293 2996 5355 patrare.
3021 5280 3295 5355 Interpres
3324 5280 3523 5355 [egisse

1942 5356 2177 5419 videtur,
2208 5356 2267 5419 ὃς
2288 5346 2489 5409 ’ἀκούει
2526 5346 2772 5425 ἀνομίαν
2805 5351 3090 5425 ποιοῦντας
3111 5392 3126 5415 ,
3161 5346 3255 5405 καὶ
3286 5349 3366 5420 τῷ
3386 5346 3522 5425 ’στόο

1945 5443 2073 5497 ματι
2103 5425 2256 5481 λαλεῖ
2284 5419 2662 5497 ἀκαθαρσίανξ-
2684 5423 2849 5478 FELL.
2874 5454 2945 5497 7—-
2970 5422 3088 5497 Non
3115 5425 3404 5497 aduertens
3437 5419 3522 5497 ine

1942 5492 2151 5565 ierpres
2189 5498 2441 5550 damnari
2472 5492 2600 5550 'hoc
2650 5495 2772 5548 loco
2803 5492 3094 5549 nefandam
3128 5492 3437 5565 fellatorum
3468 5496 3521 5565 et

1941 5558 2267 5621 fell-atricum
2300 5566 2625 5636 nequitiam,
2653 5565 2759 5619 alio
2783 5581 2897 5619 rem
2925 5562 3188 5636 traduxit,
3220 5573 3417 5636 n_empe
3450 5558 3520 5612 ad

1941 5637 2228 5693 audientes
2261 5654 2325 5692 ac
2354 5628 2648 5706 loquentes
2670 5636 2857 5704 iniqua
2888 5644 2941 5706 et
2966 5634 3214 5706 impura.
3235 5628 3373 5706 901'.

1940 5776 1980 5831 Ρ
2012 5709 2090 5777 (6)
2125 5706 2228 5774 Qui
2254 5698 2478 5778 faciunt.
2504 5704 2747 5773 Rectius,
2766 5698 2886 5775 qua:
2910 5698 3134 5773 faciunt.
3154 5701 3288 5758 Vide
3308 5698 3514 5755 Graeca.

1985 5794 2105 5831 ELL.

1985 5794 2105 5834 ELL.
