3818 6216
190 332 306 389 757
1470 336 1807 392 EPISTOLA
1848 336 2260 394 CATHOLICA.
3396 341 3501 395 758

193 454 335 525 περὶ
372 451 467 506 τοῦ
499 451 689 516 ὓδατος
728 454 821 507 καὶ
865 452 960 507 τοῦ
1013 455 1267 527 σταυροῦ.
1310 456 1444 526 Περὶ
1490 456 1589 527 μὲν
1630 457 1755 510 ὓδατ

1925 474 2055 513 nere
2087 459 2153 513 de
2184 474 2325 527 aqua
2362 468 2415 512 et
2445 458 2510 513 de
2537 475 2719 515 cruce.
2757 458 2821 514 Et
2851 460 3072 530 quidem
3097 460 3163 515 de
3190 473 3329 529 aqua
3362 474 3488 514 scrt-

194 546 519 614 γέγραπται
552 545 644 597 ἐπὶ
688 545 780 599 τὸν
837 546 1093 619 Ἰσραὴλ,
1130 548 1247 611 πῶς
1280 548 1342 601 τὸ
1377 548 1659 619 βάπτισμα
1689 592 1702 615 ,
1749 568 1760 597 τ

1917 560 2067 619 ptum
2092 560 2177 605 est
2210 550 2263 604 in
2300 550 2579 605 Israelitas
2607 594 2622 617 ,
2650 569 2761 622 quo
2807 554 2971 608 modo
3014 551 3346 621 baptismum
3366 594 3379 617 ,
3404 552 3490 621 qu‘

193 636 367 705 φέρον
392 626 475 698 ἐἰς
494 635 687 704 ἄφεσιν
724 636 836 709 (20)
863 639 1165 709 ἁμαρτιῶν,
1189 640 1249 692 οὑ
1274 639 1347 709 μὴ
1381 638 1800 710 προσδέξωνται,

192 728 314 781 ἀλλ’
366 730 580 793 ἑαυτοῖς
616 730 1029 801 οἰκοδομήσουσι
1057 730 1192 802 (21).
1220 733 1382 801 Λέγει
1413 727 1505 785 οὖν
1537 736 1565 787 ὁ
1590 735 1802 805 προφή-

191 838 299 891 της
322 839 335 851 ·
370 824 656 892 Ἐκστηθι
679 864 693 887 ,
730 824 949 891 οὐρανέ
971 864 985 886 ,
1030 824 1129 878 καὶ
1176 824 1275 877 ἐπὶ
1312 827 1499 888 τούτῳ
1541 825 1803 895 φριξάτω

195 915 238 981 ἡ
276 912 470 985 τῆ,ὄτι
499 914 609 969 δύο
629 916 863 985 μεγάλα
892 916 990 969 καὶ
1019 918 1255 985 πονηρά
1282 918 1569 986 ἐποίησεν
1593 922 1625 972 ὀ
1650 918 1803 984 λαὸς

195 1007 381 1073 οὗτος
400 1024 412 1037 ·
446 1006 550 1077 ἐμὲ
586 1008 1015 1078 ἐγκατέλιπον,
1050 1009 1256 1079 πηγὴν
1283 1008 1477 1071 ζῶσαν
1497 1050 1511 1073 ,
1547 1011 1641 1063 καὶ
1667 1012 1802 1065 ἐαυ-

195 1101 327 1167 τοῖς
352 1100 592 1169 ὤρυξαν
616 1101 886 1168 λάκκους
905 1102 1472 1173 συντετριμμένους.
1494 1103 1590 1171 Μὴ
1618 1104 1801 1171 πέτρα

194 1192 421 1261 ἔρημός
439 1193 569 1246 ἐστι
590 1192 656 1245 τὸ
679 1193 815 1261 ὄρος
830 1194 893 1247 τὸ
913 1193 1083 1264 ἅγιόν
1092 1212 1211 1263 μου
1228 1194 1379 1248 Σιών
1396 1194 1800 1266 (22);Ἔσεσθε

198 1283 314 1353 γὰρ
343 1284 425 1349 ὡς
452 1285 729 1337 πετεινοῦ
752 1284 1021 1348 νεοσσοὶ,
1052 1286 1444 1356 άνιπτάμενοι
1479 1287 1591 1358 (25)
1623 1304 1797 1341 νεοσ-

197 1374 342 1441 σιᾶς
355 1376 762 1446 ἀφῃρημένης.
784 1379 894 1431 Καὶ
927 1378 1088 1433 πάλιν
1111 1378 1258 1448 λέγει
1294 1382 1322 1433 ὁ
1348 1382 1633 1451 προφήτης
1657 1380 1764 1451 (24)
1782 1399 1793 1411 ·

212 1470 363 1539 Ἐγὼ
388 1471 754 1539 πορεύσομαι
782 1472 1120 1541 ἔμπροσθέν
1139 1487 1276 1537 σου,
1301 1472 1399 1526 καὶ
1419 1472 1524 1540 ὄρη
1549 1472 1796 1543 ὀμαλιῶ,

197 1562 301 1616 καὶ
336 1563 520 1630 θύρας
550 1561 783 1631 χαλκᾶς
815 1565 1150 1632 συντρίψω,
1186 1563 1284 1617 καὶ
1321 1564 1595 1634 μοχλοὺς
1630 1565 1795 1633 σιδη-

194 1649 343 1717 ροῦς
366 1650 712 1715 συνθλάσω,
742 1654 839 1706 καὶ
868 1652 1039 1707 δώσω
1061 1669 1159 1707 σοι
1194 1656 1537 1724 θησαυροὺς
1566 1673 1798 1709 σκοτει-

196 1742 366 1808 νοὺς,
396 1744 804 1813 ἀποκρύφους,
832 1745 1145 1812 ἀοράτους,
1169 1748 1269 1800 ἵνα
1293 1747 1517 1817 γνῶσιν
1541 1748 1676 1820 (25),
1706 1750 1797 1805 ὅτι

194 1836 415 1901 Κύριος
445 1839 478 1889 d
514 1836 676 1902 Θεός.
714 1838 822 1891 Καί
844 1854 855 1867 ⁸
888 1837 1248 1904 Κατοικήσει
1281 1840 1351 1892 ἐν
1382 1841 1603 1909 ὑψηλῴ
1632 1857 1795 1910 σπη-

193 1928 347 1990 λαίῳ
372 1928 591 1995 πέτρας
612 1928 865 1997 ἰσχυρᾶς
888 1928 1019 2001 (26).
1044 1926 1176 1984 Εἶτα
1200 1932 1251 1984 τί
1279 1931 1424 2000 λέγει
1455 1934 1512 1989 ἐν
1540 1933 1617 2006 τῷ
1644 1935 1791 2006 Titi};

200 2021 273 2073 Ἰΰ
293 2019 448 2087 ὕδωρ
473 2020 659 2074 αὐτοῦ
682 2022 901 2074 πιστόν
925 2039 937 2051 '
966 2022 1233 2085 βασιλέα
1255 2026 1410 2093 μετὰ
1439 2024 1623 2095 δόξης
1652 2027 1793 2095 ὄψε-

195 2115 342 2177 σθε,
378 2112 476 2165 καὶ
517 2113 555 2180 ἡ
593 2114 767 2182 ψυχὴ
798 2116 965 2184 ὑμῶν
987 2116 1310 2185 μελετήσει
1343 2119 1530 2187 φόϐον
1566 2120 1789 2187 Κυρίου

1910 642 2070 697 all‘ert
2096 651 2449 712 peccatorum
2480 646 2887 709 remissionem,
2915 661 3023 698 non
3053 652 3183 699 sunt
3204 646 3473 713 recepturi

1908 722 2001 787 sed
2062 735 2229 788 alium
2278 734 2382 789 sibi
2444 738 2710 805 paraturi.
2763 737 2905 793 Dicit
2959 736 3142 807 itaque
3195 737 3479 806 propheta:

1913 823 2203 893 Obstupeas
2245 827 2431 878 coelum
2453 867 2468 892 ,
2497 838 2543 880 et
2568 845 2723 897 super
2748 829 2845 881 hoc
2880 829 3149 881 inhorreat
3176 838 3338 889 terra,
3368 828 3489 896 qui:

1905 917 2009 969 duo
2035 933 2229 987 magna
2258 930 2305 971 et
2331 919 2473 979 mala
2505 917 2627 985 fecit
2675 920 2899 989 populus
2946 922 3029 974 hic
3050 936 3069 973 :
3096 937 3176 974 me
3201 920 3473 989 derelique-

1906 1019 2066 1076 runt,
2100 1010 2294 1078 fontem
2328 1013 2498 1065 rivum
2527 1054 2540 1077 ,
2584 1022 2632 1065 et
2664 1014 2911 1081 foderunt
2952 1013 3054 1066 sibi
3083 1014 3333 1066 cisternas
3364 1029 3487 1066 con-

1905 1102 2058 1154 tritas
2089 1102 2154 1156 ⁵⁸.
2202 1100 2458 1172 Nunquid
2490 1114 2639 1172 petra
2679 1106 2877 1158 sterilis
2925 1104 3213 1175 [aquarum
3262 1102 3482 1175 expers]

1903 1201 1979 1246 est
2010 1209 2157 1246 mons
2200 1204 2413 1247 sanctus
2440 1212 2582 1248 meus
2625 1194 2797 1250 Sion?
2826 1196 2995 1250 Eritis
3036 1199 3174 1251 enim
3205 1198 3341 1251 velut
3370 1199 3481 1251 avis

1901 1283 2038 1353 pulli
2084 1285 2353 1341 avolantes
2382 1327 2396 1352 ,
2441 1288 2567 1341 nido
2613 1288 2794 1342 ablato
2823 1290 2887 1343 ⁸ο.
2936 1288 3001 1343 Et
3033 1306 3223 1344 rursus
3254 1291 3329 1344 ait
3353 1305 3482 1359 pro-

1902 1380 2063 1447 pheta
2096 1399 2107 1433 :
2137 1378 2251 1451 Ego
2283 1380 2370 1433 ibo
2421 1392 2544 1435 ante
2585 1391 2632 1435 te
2660 1424 2675 1449 ,
2706 1393 2753 1437 et
2792 1396 2992 1438 montes
3026 1384 3399 1454 complanabo,
3437 1395 3485 1437 et

1899 1482 2080 1541 portas
2107 1488 2272 1527 (creas
2296 1484 2585 1539 conteram,
2609 1486 2658 1529 et
2684 1486 2845 1531 vectes
2884 1478 3080 1547 ferreos
3113 1479 3441 1549 confringam
3467 1497 3485 1542 ;

1900 1573 1948 1616 α
1981 1563 2119 1617 dabo
2152 1565 2251 1618 tibi
2279 1566 2553 1620 thesauros
2578 1568 2835 1634 occultos,
2861 1568 3218 1635 absconditos,
3245 1570 3476 1623 invisibi-

1899 1658 1995 1724 les,
2024 1667 2083 1711 ut
2116 1660 2312 1724 sciant,
2343 1661 2468 1730 quia
2497 1676 2590 1729 ego
2623 1660 2883 1714 Dominus
2910 1661 3050 1715 Deus
3072 1662 3135 1716 “.
3171 1661 3236 1716 Et
3267 1682 3279 1716 :
3322 1662 3483 1715 Ilabi-

1900 1751 2033 1803 tabi!
2064 1751 2117 1803 in
2142 1751 2352 1808 excelsa
2374 1753 2625 1822 spelunca
2656 1763 2820 1823 petrae
2862 1754 3173 1824 fortissima:
3194 1756 3259 1808 °’.
3282 1753 3485 1810 Deinde

1898 1842 2029 1912 quid
2066 1843 2143 1901 ait
2191 1844 2258 1898 de
2288 1843 2470 1899 Filio?
2530 1846 2681 1914 Aqua
2730 1846 2880 1903 illius
2919 1848 3094 1917 ﬁdelis
3132 1846 3437 1919 [perennis]
3468 1866 3479 1901 :

1900 1951 2071 2005 regem
2101 1952 2219 1989 cum
2249 1935 2422 2006 gloria
2461 1936 2701 1990 videbitis
2723 1978 2737 2001 ,
2769 1947 2815 1991 et
2847 1942 3029 1993 anima
3056 1949 3227 1993 vestra
3258 1941 3483 1994 medita—

1899 2028 2042 2080 bitur
2076 2029 2321 2081 timorem
2347 2026 2563 2081 Domini
2587 2029 2653 2082 °’.
2682 2029 2745 2083 Et
2771 2030 2968 2084 iterum
2999 2032 3051 2085 in
3083 2032 3190 2084 alio
3220 2031 3483 2101 propheta

1899 2120 2065 2174 dicit:
2097 2118 2257 2185 Erit,
2289 2120 2379 2189 qui
2404 2119 2514 2174 [nec
2543 2120 2756 2189 fecerit,
2786 2130 3038 2191 tanquam
3079 2122 3315 2193 lignum,
3343 2125 3481 2191 quod

194 2202 331 2273 (27).
377 2203 488 2256 Καὶ
518 2204 677 2258 πάλιν
711 2206 769 2257 ὲν
803 2206 1235 2290 ἅλλιξηνῖιροφήτῃ
1281 2206 1454 2276 λέγει·
1504 2210 1715 2263 Ἔσται
1758 2243 1760 2254 ς

1901 2212 2198 2282 plantatum
2244 2221 2323 2267 est
2356 2229 2504 2265 secus
2550 2212 2803 2265 decursus
2862 2230 3155 2282 aquarum,
3184 2216 3323 2284 quod
3364 2215 3482 2284 fru-

193 2298 383 2352 τιιῦτα
412 2298 618 2363 ποιῶν,
641 2301 722 2366 ὠς
749 2300 814 2353 τὸ
846 2300 1037 2364 ξύλον
1060 2300 1124 2354 τὸ
1153 2301 1605 2371 πεφυτευμένον
1634 2303 1792 2368 παρὰ

193 2394 304 2459 τὰς
337 2394 647 2461 διεξόδους
677 2395 795 2448 τῶν
822 2396 1089 2460 ὑδάτων,
1125 2395 1156 2448 ὃ
1189 2395 1296 2449 τὸν
1339 2395 1572 2465 καρπὸν
1602 2378 1793 2449 ab???)

191 2487 375 2543 δώσει
395 2489 465 2542 έν
484 2488 666 2557 καιρῷ
685 2489 893 2544 αὑτοῦ·
918 2490 1015 2543 καὶ
1040 2490 1105 2543 τὸ
1127 2492 1369 2559 φύλλον
1388 2491 1573 2545 αὐτοῦ
1595 2493 1705 2545 οὐκ
1728 2492 1794 2544 ἀ-

194 2581 624 2651 πορῤυήσεται,
650 2583 747 2636 καὶ
778 2582 1001 2647 πάντα,
1060 2583 1178 2637 ὅσα
1206 2581 1281 2637 ἂν
1305 2583 1467 2653 ποιῇ,
1502 2583 1795 2638 κατευδω-

196 2677 448 2743 θήσεται
480 2676 613 2748 (28).
654 2679 779 2746 Οὐχ
811 2678 999 2743 οὕτως
1033 2680 1086 2731 οἱ
1118 2678 1376 2744 ἀσεϐεῖς,
1428 2680 1541 2746 οὐχ
1581 2678 1790 2743 οὕτως,

194 2772 336 2827 ἀλλ’
386 2772 530 2825 ὡσεὶ
575 2771 765 2840 χνοῦς
799 2771 932 2836 (29),
967 2771 1039 2823 ὃν
1067 2770 1329 2839 ἐκρίπτει
1362 2774 1394 2825 ὀ
1425 2771 1643 2841 ἄνεμος
1672 2771 1791 2824 ἀπὸ

1897 2316 2039 2360 ctum
2068 2322 2224 2358 suum
2256 2305 2404 2358 dabit
2427 2306 2481 2358 in
2512 2314 2740 2374 tempore
2763 2322 2893 2371 suo;
2924 2316 2971 2359 ct
3018 2306 3205 2376 folium
3237 2307 3349 2376 ejus
3377 2324 3479 2362 non

1898 2400 2091 2467 deﬂuet
2114 2408 2161 2452 et
2186 2399 2365 2451 omnia
2387 2440 2401 2465 ,
2436 2415 2754 2467 quacunque
2788 2400 2980 2468 faciet,
3009 2401 3475 2469 prosperabuntur.

1904 2490 2027 2544 Non
2053 2492 2130 2544 sic
2159 2491 2344 2560 impii,
2377 2507 2478 2545 non
2509 2491 2617 2554 sic;
2645 2495 2733 2544 sed
2783 2502 3035 2561 tanquam
3083 2492 3271 2562 palea,
3319 2508 3478 2562 quam

1903 2590 2082 2635 ventus
2112 2582 2348 2651 dispellit
2379 2599 2410 2635 a
2447 2583 2584 2651 facie
2617 2594 2786 2638 terrae.
2840 2582 2969 2637 Ideo
3000 2600 3101 2637 non
3134 2585 3346 2639 stabunt
3372 2586 3476 2638 im-

1894 2676 1969 2744 pii
1996 2675 2045 2727 in
2063 2674 2291 2743 judicio,
2325 2690 2484 2744 neque
2509 2685 2804 2745 peccatores
2848 2676 2902 2728 in
2933 2675 3155 2729 concilio
3175 2676 3470 2744 justorum,

1895 2772 2144 2840 quoniam
2177 2770 2317 2824 novit
2343 2768 2597 2825 Dominus
2629 2770 2764 2823 viam
2781 2769 3052 2838 justorum
3081 2778 3130 2822 et
3162 2771 3262 2823 iter
3285 2770 3477 2833 impio-

1530 2888 1711 2945 I'etus
1745 2885 2209 2962 interpretatio.

192 2997 794 3079 popuqlumAJtLdaaprum
825 2999 958 3071 (50),
985 3017 1095 3079 quo
1122 3003 1293 3079 modo
1314 3003 1625 3079 unctionem
1660 2999 1962 3079 ηοξ-εὕει(
1979 3000 2355 3079 remissionem
2382 3008 2751 3079 peccatorum,
2782 2998 3200 3079 nonnrecipiant,
3230 2996 3327 3053 sed
3360 2994 3460 3079 sibi

194 3067 505 3141 instituant.
535 3067 671 3123 Dicit
696 3067 1133 3140 ergo'propheta:
1156 3072 1245 3126 Sic
1274 3073 1477 3126 horruit
1502 3067 1690 3126 caeltmi
1712 3072 1845 3141 (51),
1871 3079 1919 3123 et
1944 3071 1993 3122 in
2021 3070 2117 3124 hoc
2139 3067 2429 3139 plurimum
2448 3073 2654 3139 expavit
2681 3084 2839 3124 terra.
2870 3070 3009 3134 Quia
3034 3067 3157 3122 duo.
3205 3110 3218 3123 .

3267 3111 3279 3122 .
3322 3067 3468 3119 mala

194 3138 321 3196 fecit
341 3140 562 3207 populus
591 3142 675 3193 hic
700 3157 719 3193 :
751 3138 832 3193 me
848 3138 1242 3200 dereliquerunt
1270 3142 1467 3207 fontem
1501 3160 1652 3207 aqua:
1680 3138 1818 3203 vitta,
1844 3150 1894 3195 et
1925 3138 2173 3207 foderunt
2202 3143 2305 3195 sibi
2329 3141 2479 3194 lacus
2503 3138 2744 3203 detritos,
2772 3144 2859 3207 qui
2891 3158 2989 3193 non
3020 3148 3237 3200 possunt
3275 3150 3469 3207 aquam

189 3219 427 3279 portare.
449 3204 732 3279 (Nunquid
762 3215 910 3275 petra
938 3204 1302 3279 renuosaq(52)
1331 3218 1424 3271 est,
1459 3204 1607 3279 mons
1640 3216 1852 3279 sanctus
1884 3204 2029 3261 meus
2062 3206 2195 3262 Sina
2231 3208 2347 3279 (55)
2370 3210 2395 3261 .9
2428 3209 2599 3261 Erilis
2644 3204 2792 3261 enim
2831 3218 3079 3277 tanquam
3112 3209 3233 3259 aliis
3261 3206 3468 3279 pusillis

203 3277 407 3331 ablatis
440 3277 576 3345 (54).
609 3276 675 3330 Et
698 3278 893 3330 iterum
925 3277 1057 3331 dicit
1083 3276 1254 3330 Isaias
1277 3276 1292 3330 :'
1336 3318 1349 3331 .
1394 3316 1408 3330 .

1454 3276 1568 3349 Ego
1600 3276 1906 3349 antecedam
1937 3286 2005 3340 te,
2038 3289 2084 3331 et
2119 3274 2594 3349 mon'tes'tequabo,
2622 3288 2669 3332 et
2716 3279 2853 3332 ostia
2903 3274 3042 3332 terea
3079 3274 3465 3349 contribulabo,

191 3360 242 3402 et
280 3365 426 3402 seras
454 3348 655 3415 ferreas
692 3348 1062 3417 confringam;
1092 3356 1137 3399 et
1176 3346 1430 3401 dabotibi
1474 3345 1748 3399 thesauros
1775 3345 2044 3401 obscuros.
2089 3388 2103 3402 .

191 3417 363 3481 Deus,
395 3418 702 3472 inhabitans
733 3419 786 3470 in
814 3419 1079 3471 altissima
1104 3419 1353 3484 spelunca
1383 3418 1539 3485 fortis
1566 3426 1748 3486 petraz.
1792 3456 1828 3486 ῃ
1850 3455 1864 3470 .
1907 3456 1920 3469 .
1968 3457 1981 3469 .
2028 3458 2041 3470 .
2087 3417 2154 3469 Et
2182 3435 2319 3483 aqua
2350 3419 2496 3472 illius

2150 3387 2164 3401 .
2200 3347 2432 3411 invisos;
2466 3359 2520 3401 ut
2556 3351 2750 3410 sciant,
2779 3349 2903 3418 quia
2937 3367 3028 3417 ego
3057 3364 3171 3400 sum
3212 3347 3467 3399 Dominus

2524 3419 2717 3487 ﬁdelis.
2744 3418 2930 3487 Regem
2955 3434 3071 3469 cum
3104 3418 3469 3487 magnitudine

191 3490 483 3553 videbitis;
512 3498 560 3541 et
603 3491 785 3542 anima
821 3499 999 3558 vestra
1038 3484 1390 3541 meditabitur
1429 3484 1689 3539 timorem.
1733 3527 1746 3539 .
1790 3484 1855 3539 Et
1886 3487 2081 3540 iterum
2114 3486 2279 3541 David
2326 3489 2458 3542 dicit
2485 3507 2498 3542 :
2524 3484 2684 3551 'Erit,
2708 3484 2948 3558 qui'hmc
3000 3484 3463 3553 facereea-perit,

196 3570 456 3628 tanquam
506 3558 709 3628 lignum
742 3560 881 3629 quod
924 3557 1229 3629 plantatum
1256 3567 1332 3613 est
1368 3558 1530 3627 juxta
1569 3566 1771 3611 tractus
1814 3573 2095 3625 aquarum,
2135 3560 2274 3628 quod
2306 3560 2537 3628 fructum
2583 3557 2737 3611 suum
2783 3559 2930 3611 dabit
2969 3572 3195 3626 tempore
3237 3571 3365 3610 suo:
3402 3567 3450 3608 et

263 3681 307 3710 “
338 3678 449 3735 Jer.
477 3696 537 3747 ιι,
566 3680 652 3743 12,
682 3681 767 3733 15.
848 3680 891 3711 ⁶⁰
921 3680 1045 3735 Issi.
1082 3696 1195 3746 xvi,
1250 3679 1302 3732 2.
1386 3680 1426 3709 ⁶¹
1462 3676 1587 3731 Isai.
1618 3692 1737 3741 νιν,

1972 3676 2016 3707 θ’
2048 3673 2173 3729 Isai.
2204 3692 2401 3740 XXXIII,
2440 3677 2523 3730 I6.

2612 3677 2656 3708 ⁸³
2686 3675 2797 3729 Ibid
2810 3716 2821 3727 .
2854 3676 2970 3728 ΗΜ
2984 3675 3032 3730 8.

1521 3787 1878 3843 VARIORUM
1927 3787 2155 3843 NOTAE.

267 3906 380 3975 (20)
422 3908 688 3977 ῌξσφέρον
719 3907 933 3976 ἄφεσιν,
972 3906 1111 3960 ΜΕΝ.

268 3969 383 4045 (Ἠ)
423 3969 547 4029 Non
573 3969 858 4032 necessum
896 3969 1017 4033 esse
1052 3987 1183 4046 puto
1208 4020 1221 4044 ,
1256 3986 1314 4032 ut
1336 3991 1459 4030 cum
1493 3969 1788 4046 Yossio‘et

190 4039 317 4102 (Σοὶ.
366 4039 707 4115 reponamus
761 4039 1222 4119 οἰκονομήσουσιξ
1286 4062 1411 4101 nam
1455 4042 1534 4112 τῷ
1580 4039 1785 4119 οἰνοδο-

196 4123 322 4189 μεῖν
356 4111 669 4171 instituendi
702 4121 784 4173 vel
815 4111 1048 4187 faciendi
1071 4120 1152 4173 vis
1189 4111 1366 4189 inesse
1398 4111 1598 4189 pOLéSl.
1624 4111 1784 4164 ducta

192 4184 266 4247 ob
300 4189 544 4244 tedilieiis
567 4184 909 4258 metaphora.
944 4189 1077 4243 st.
1098 4220 1167 4228 —
1191 4187 1443 4257 Intelligit
1475 4184 1637 4258 Barn.
1668 4196 1787 4235 cre—

190 4264 289 4315 bra
323 4270 376 4313 ct
398 4251 779 4327 superstitiosa
802 4258 1116 4314 Judteorum
1150 4251 1503 4326 baptisniata.
1528 4251 1672 4327 ΜΕΝ.

164 4338 167 4345 “
267 4330 381 4398 (22)
424 4322 500 4382 Ita
530 4330 566 4383 I.
604 4346 727 4383 cum
756 4322 1240 4397 LXX,Cot.,FeIII
1276 4327 1373 4383 Ms.
1409 4326 1569 4398 Ewd,
1588 4322 1744 4375 male.

266 4393 405 4471 (25)
429 4400 512 4453 ΑΙ.
545 4393 925 4471 ἀνιστάμενοι,
955 4399 1258 4471 instabiles,
1276 4393 1746 4471 depulsi._Sensus
1774 4410 1786 4444 :

190 4487 284 4525 me
314 4470 689 4539 relinquentes
725 4468 912 4535 eritis,
946 4470 1089 4524 sicut
1128 4468 1261 4538 pulli
1287 4470 1416 4522 nido
1441 4468 1643 4539 ablato.

272 4542 389 4601 (24)
436 4538 644 4595 sensus
671 4540 806 4594 :Per
850 4540 1167 4609 prophetam
1194 4539 1449 4593 Christus
1470 4538 1535 4591 de
1559 4550 1617 4588 se
1647 4547 1789 4585 nun—

186 4614 299 4667 tiat
330 4631 341 4664 :
374 4610 485 4680 Ego
511 4612 627 4678 fons
662 4614 806 4665 vivus
834 4613 917 4680 (ut
949 4614 1208 4733 sgpra)...
1240 4610 1399 4663 beabo
1426 4624 1533 4662 vos.

264 4683 385 4733 (25)
423 4680 612 4733 Γνώστι
688 4684 863 4733 scias.
894 4680 982 4733 LX
1046 4721 1059 4733 .

264 4683 385 4754 (25)
423 4680 647 4754 Ιξνώιι-’ῃ⁹
688 4684 863 4754 scias,
894 4680 1059 4734 LXX.

164 4808 165 4811 η
267 4753 379 4822 (26)
426 4750 635 4822 Sensus
664 4772 676 4806 :
700 4753 954 4807 Christus
976 4761 1059 4806 est
1081 4766 1221 4820 aqua
1246 4750 1523 4820 perennis,
1548 4753 1600 4805 in
1627 4768 1789 4808 cacu--

185 4825 340 4880 mine
376 4823 579 4877 montis
616 4821 820 4876 fontem
857 4823 1085 4875 habens.

268 4894 381 4961 (‘27)
419 4894 629 4948 Sensus
665 4912 677 4947 :
714 4893 771 4945 in
814 4901 1137 4962 perpetuum
1172 4891 1344 4961 gratia
1378 4892 1581 4948 Christi
1630 4896 1787 4951 vobis

189 4965 403 5031 amuit';
437 4964 734 5032 aliquando
768 4979 897 5017 vero
947 4963 1201 5017 videbitis
1229 4978 1353 5015 eum
1388 4964 1441 5016 in
1478 4964 1784 5033 majestate,

188 5046 247 5091 et
271 5035 616 5091 reniebimini
650 5035 973 5088 reverentia.

265 5103 380 5173 (28)
422 5104 583 5159 Hisce
624 5105 806 5158 verbis
837 5103 1119 5159 Barnabas
1169 5106 1317 5169 larga
1370 5106 1513 5159 bona
1559 5107 1784 5172 indicat,

188 5192 318 5246 qua
350 5192 413 5229 ex
448 5176 722 5243 baptismo
748 5183 800 5228 et
827 5190 989 5246 cruce
1023 5176 1180 5230 nobis
1204 5176 1446 5246 allluant.

264 5246 381 5316 (29)
418 5247 629 5311 Χνοῦς,
671 5246 814 5315 quod
847 5244 1044 5316 Noster
1087 5263 1209 5300 cum
1260 5245 1395 5299 LXX
1428 5246 1590 5315 legit;
1627 5247 1647 5298 l
1682 5247 1788 5311 (la-

188 5314 369 5384 nugo,
394 5317 449 5385 2)
484 5320 654 5371 tenuis
680 5314 868 5385 palea,
902 5314 1103 5384 gluma.
1154 5318 1441 5372 Schleusn.
1488 5314 1555 5370 L.
1604 5317 1782 5381 Χοῦς,

190 5398 337 5440 terra
370 5403 573 5453 errata,
609 5388 801 5457 pulvis.
840 5388 1000 5441 Voss.

260 5458 375 5530 (50)
412 5457 1100 5530 Ιιιιίαιονιιηι.ιοῐ›εεινει)ᾖι
1125 5458 1328 5530 lector,
1342 5474 1530 5513 vocem
1569 5458 1784 5530 Ἰσραήλ

189 5529 397 5595 unique
432 5533 500 5582 ab
528 5531 829 5598 interprete
855 5530 1006 5582 reddi
1036 5528 1280 5582 Iudaeus.
1315 5529 1480 5583 FELL.
1648 5528 1656 5530 “
1738 5528 1746 5529 ί

230 5598 374 5669 ’(51)
424 5599 651 5652 Horruit
684 5599 894 5664 ccelum,
928 5608 1033 5653 etc.
1064 5598 1226 5652 Juxta
1296 5597 1437 5652 LXX
1471 5598 1723 5669 εἘξέστη
1755 5602 1784 5653 ὁ

187 5641 419 5742 ᾳῖιρανδς
455 5672 547 5723 ἐπὶ
573 5670 747 5741 τούτῳ
770 5709 784 5733 ,
825 5641 918 5723 κοί).
950 5669 1165 5742 ἔφριξεν
1194 5671 1287 5722 ἐπὶ
1330 5670 1515 5742 πλεῖον
1530 5641 1777 5742 ,ἔφιδρω

191 5736 300 5794 Sed
334 5741 487 5796 deest
518 5743 550 5809 ἡ
578 5742 648 5810 γῆ
678 5760 689 5795 :
719 5736 868 5810 quod
916 5736 1093 5796 tamen
1130 5742 1458 5796 vocabulum
1498 5736 1781 5795 Maldoiia-

1896 3909 1985 3955 tns
2032 3901 2177 3956 hunc
2220 3902 2400 3955 locum
2453 3917 2754 3969 exponens,
2801 3906 2851 3956 in
2901 3903 3227 3972 quibusdam
3274 3919 3464 3956 exem-

1894 3972 2141 4041 plaribus
2168 3973 2395 4041 reperiri
2429 3980 2679 4041 testatur.
2714 3975 2855 4029 Mss.

1963 4043 2075 4123 (52)
2124 4040 2389 4123 Βςιιιιοειι,
2432 4040 2587 4123 Puta
2625 4045 2907 4123 legendum
2964 4045 3199 4097 ruinoso.
3232 4042 3371 4097 Men.
3397 4074 3467 4123 τ-

1893 4112 2221 4168 Oxoniensis
2280 4113 2458 4166 editor
2501 4113 2664 4167 habet
2710 4116 2762 4167 in
2808 4123 3062 4168 contextu
3110 4130 3376 4176 eremosa;
3410 4114 3464 4167 in

1894 4184 2041 4237 notis
2070 4199 2202 4238 vero
2252 4183 2542 4252 conjicitur
2597 4201 2819 4237 arenosa
2844 4200 2863 4237 :
2904 4200 3058 4241 nam.
3112 4185 3306 4249 inquit,
3348 4184 3463 4237 loca

1892 4268 2124 4307 arenosa
2150 4255 2205 4307 in
2238 4251 2433 4323 primis
2462 4254 2697 4318 deserta,
2726 4256 2807 4309 vel
2843 4255 3124 4307 renudosa.
3158 4251 3466 4321 Stephanus

1899 4324 1942 4376 te
1982 4323 2158 4377 Moine
2182 4324 2509 4393 conjiciebat
2540 4326 2767 4384 rimosa.
2801 4326 2903 4377 hoc
2944 4333 3047 4387 est,
3078 4339 3185 4391 prte
3217 4325 3466 4379 siccitate

1894 4394 2076 4465 hians.
2109 4394 2243 4449 Vide
2265 4410 2388 4463 quae
2414 4396 2629 4465 scripsit
2661 4412 2713 4465 p.
2740 4395 2866 4459 8l8,
2898 4396 2950 4447 in
2982 4393 3308 4465 Barnabam.
3336 4396 3466 4447 Cre-

1892 4464 2121 4518 diderim
2152 4466 2416 4533 scriptum
2441 4464 2610 4519 fuisse
2642 4467 2829 4524 eremi.
2874 4466 3034 4532 idque
3067 4480 3096 4517 a
3135 4464 3466 4518 dormitante

1898 4535 2121 4588 librario
2148 4546 2502 4603 corruptum;
2544 4536 2787 4604 qualium
2835 4533 3283 4602 depravationum
3318 4535 3464 4588 nulla

1895 4614 2041 4660 certa
2072 4607 2213 4658 ratio
2240 4606 2536 4673 excogitari
2570 4615 2769 4674 potest.
2803 4607 2971 4659 CLI-1R.

1964 4675 2079 4743 (55)
2115 4674 2269 4729 Sina.
2352 4673 2604 4744 Oportuit
2640 4675 2770 4729 Sion
2804 4676 3004 4730 dicere.
3052 4673 3180 4728 Sina
3215 4690 3344 4741 ergo
3383 4684 3465 4729 est

1892 4755 2155 4811 erratum,
2192 4754 2287 4799 aut
2318 4747 2596 4800 memoriae
2633 4747 2687 4801 in
2723 4746 2997 4809 Barnaba,
3028 4754 3120 4797 aut
3158 4745 3379 4797 incuria:
3410 4746 3467 4798 in

1894 4816 2150 4870 librariis.
2180 4814 2280 4869 Vis
2311 4816 2456 4869 enim
2490 4817 2835 4880 crediderim,
2867 4817 2934 4869 ab
2978 4832 3043 4869 eo
3091 4824 3304 4867 montes
3335 4812 3468 4868 Sina

1892 4896 1945 4940 et
1974 4884 2105 4939 Sion
2133 4902 2232 4955 pro
2272 4902 2393 4939 uno
2429 4888 2733 4955 eodemque
2775 4886 2947 4940 fuisse
2988 4886 3223 4939 habitos.
3265 4883 3339 4938 De
3380 4886 3467 4938 di-

1893 4958 2191 5011 stinctione
2244 4957 2441 5009 horum
2483 4960 2752 5011 montium
2796 4964 2974 5011 exstat
3008 4963 3275 5009 tractatus
3327 4956 3468 5008 anti-

1891 5043 2035 5097 quus
2068 5028 2209 5099 inter
2231 5042 2393 5099 opera
2430 5027 2704 5099 Cypriano
2729 5028 3032 5097 supposita.
3052 5026 3188 5099 Cor.
3212 5054 3279 5066 —
3304 5023 3469 5099 Utro:-

1893 5096 2057 5167 bique
2085 5096 2213 5152 Sion
2242 5098 2428 5153 Fellns
2451 5096 2711 5152 restituit.
2740 5096 3046 5166 Additque:
3080 5115 3097 5147 ι
3136 5097 3269 5150 Sion
3300 5096 3466 5149 scribi

1890 5168 2117 5223 omnino
2147 5170 2355 5223 debuit.
2385 5167 2487 5223 Sed
2533 5168 2703 5222 altera
2749 5169 2910 5223 lectio
2959 5168 3271 5237 interpretis
3325 5175 3466 5218 tem-

1890 5254 2020 5307 pore
2073 5239 2356 5294 obtinuit:
2410 5239 2629 5293 interim
2660 5240 2996 5294 inveteratus
3035 5253 3190 5293 error
3222 5246 3466 5305 tempore

1888 5326 1995 5363 non
2030 5311 2331 5366 invalescit.
2365 5330 2383 5363 ι

1958 5382 2072 5450 (54)
2104 5383 2241 5437 Aliis
2284 5381 2495 5452 pusillis
2524 5380 2738 5435 ablatis.
2779 5380 2935 5450 Apud
2965 5379 3147 5452 LXX):
3183 5378 3326 5452 Ἐσῃ
3355 5376 3464 5443 γὰρ

1887 5447 2229 5526 ᾡςξιιετεινοῦ
2245 5447 2620 5526 ἀνεπταμένου
2637 5447 2853 5515 νεοσσὺξ
2870 5450 3238 5526 ἀφῃρημένος.
3257 5447 3331 5498 Ei
3353 5460 3462 5526 quo

1888 5523 2045 5577 facile
2075 5527 2437 5579 emendantur
2459 5517 2621 5578 verba
2650 5534 2755 5578 vet.
2786 5517 3103 5593 interpretis
3131 5517 3460 5593 hoc__modo:

1888 5593 2057 5665 liritis
2085 5596 2226 5648 enim
2259 5606 2512 5665 tanquam
2543 5595 2688 5649 alitis
2732 5593 2913 5663 pullus
2937 5587 3183 5665 'ablatus.
3210 5587 3463 5665 _.\_lEN.__-:-

1887 5663 2069 5718 Fellns
2106 5667 2158 5719 in
2198 5657 2478 5731 contextu,
2503 5666 2652 5720 alitis
2694 5657 2919 5735 pusillus
2949 5662 3163 5715 ablatis.
3195 5660 3279 5713 AI.
3314 5657 3461 5711 alitis

1887 5735 2068 5788 pusilli
2103 5736 2290 5788 ablati.

1886 5737 2068 5800 pusilli
2103 5737 2290 5792 ablati.
