3818 6216
30 356 166 411 765

1308 346 1650 403 EPISTOLA
1689 337 2088 398 CATIIOLICA

3257 330 3362 384 766

344 468 482 524 XIII.
517 469 871 528 Christianos,
902 481 1006 518 non
1030 463 1272 524 Judteos,
1300 459 1512 528 [trderis
1545 457 1709 511 divini
1737 471 1849 509 esse
1870 457 2124 518 lueredes,
2148 451 2267 520 jam
2300 451 2357 504 in
2400 448 2461 503 Υ.
2495 447 2556 503 T.
2593 448 2968 502 annuntiatum
2995 452 3093 500 est.

141 585 298 638 Ἀλλ’
352 583 572 656 ἴδωμεν,
620 587 670 638 εἰ
716 580 869 648 οὗτος
912 586 940 638 6
984 583 1114 645 λαὸς
1155 579 1526 652 κληρονόμος,
1570 575 1603 647 ἦ
1645 576 1672 627 ὁ
1702 584 1746 637 Λ

33 677 318 748 πρῶτος,
355 676 448 729 καὶ
488 676 535 728 εἰ
571 677 604 747 ἡ
633 675 870 747 διαθήκη
913 677 990 738 εἰς
1028 674 1194 745 ἡμᾶς,
1229 670 1262 741 ἢ
1295 672 1374 733 εἰς
1405 668 1664 729 ἐκείνους·

49 769 384 823 Ἀκούσατε
435 768 531 827 νῦν
565 770 694 840 περὶ
737 768 831 822 τοῦ
881 766 1036 832 λαοῦ,
1084 766 1137 818 τί
1185 763 1334 832 λέγει
1375 764 1408 832 ἡ
1454 762 1664 832 Γραφή.

50 862 290 914 Ἐδεῖτο
323 860 381 914 δὲ
428 859 616 913 Ἰσαὰκ
646 860 773 931 περὶ
827 857 1122 917 Ῥεϐέκκας
1143 855 1244 925 τῆς
1278 851 1538 923 γυναικὸς
1566 851 1665 910 αἵθ-ς

31 952 178 1017 τοῦ,
234 951 321 1004 ὅτι
362 953 551 1020 στεῖρα
578 944 679 1020 ἦν’
715 949 809 1002 καὶ
842 945 1150 1001 συνέλαϐεν.
1186 937 1318 995 Εἶτα
1358 940 1452 993 καὶ
1481 934 1667 1008 ἐξῆλθε

50 1042 359 1098 Ῥεϐέκκα
402 1041 666 1095 πυθέσθαι
713 1039 864 1111 παρὰ
905 1040 1144 1108 Κυρίου,
1190 1035 1282 1088 καὶ
1316 1029 1435 1086 εἶπε
1465 1029 1669 1101 Κύριος

35 1136 204 1206 πρὸς
243 1135 420 1206 αὐτήν
444 1151 458 1164 ο
492 1134 608 1186 Δύο
634 1133 778 1200 ἔθνη
813 1131 882 1184 ἐν
914 1128 989 1198 τῇ
1022 1129 1236 1199 γαστρί
1266 1143 1406 1188 σου,
1437 1123 1532 1178 καὶ
1560 1123 1669 1175 δύο

39 1224 207 1279 λαοὶ
239 1223 314 1276 ἐν
349 1221 427 1291 τῇ
458 1222 658 1288 κοιλίᾳ
695 1235 834 1285 σου,
870 1219 966 1272 καὶ
1001 1218 1152 1284 λαὸς
1184 1216 1337 1271 λαοῦ
1371 1212 1665 1281 ὑπερέξει,

40 1318 159 1370 καὶ
190 1320 225 1370 ὁ
242 1315 461 1386 μείζων
492 1309 816 1368 δουλεύσει
849 1309 928 1376 τῷ
954 1309 1269 1364 ἐλάσσονι.
1305 1305 1668 1361 Αἱσθάνεσθαι

38 1406 320 1476 ὀφείλετε
341 1446 355 1470 ,
390 1405 474 1468 τίς
520 1406 548 1457 ὁ
590 1400 796 1467 Ἰσαὰκ,
826 1403 912 1466 τίς
953 1403 987 1473 ἡ
1022 1399 1305 1463 Ῥεϐέκκα,
1338 1400 1431 1452 καὶ
1460 1399 1552 1450 ἐπὶ
1584 1397 1668 1450 τί-

39 1516 169 1551 νων
219 1497 484 1566 δέδειχεν,
533 1496 616 1548 ὅτι
664 1492 864 1566 μείζων
905 1495 934 1546 6
973 1492 1099 1555 λαὸς
1145 1486 1332 1554 οὗτος,
1375 1489 1408 1561 ἢ
1443 1490 1663 1552 ἐκεῖνος.

41 1591 178 1644 Καὶ
215 1592 274 1656 ὲν
314 1588 451 1661 ἄλλῃ
485 1587 795 1659 προφητείᾳ
827 1585 974 1654 λέγει
1005 1581 1378 1655 φανερώτερον
1413 1583 1440 1634 ὁ
1473 1579 1667 1634 Ἰακὼϐ

42 1684 209 1754 πρὸς
240 1683 335 1735 τὸν
367 1681 566 1752 Ἰωσὴφ
597 1680 688 1732 τὸν
725 1679 836 1732 υἱὸν
860 1677 1046 1742 αὑτοῦ,
1077 1677 1250 1745 λέγων
1273 1693 1285 1705 ο
1340 1674 1513 1738 Ἰδοὺ,
1558 1676 1669 1726 οὐκ

41 1773 374 1842 ἐστέρησέ
395 1789 472 1842 με
501 1773 718 1840 Κύριος
757 1771 863 1825 τοῦ
899 1769 1222 1838 προσώπου
1265 1783 1412 1822 ονου⁹
1447 1765 1670 1835 προσά-

43 1866 212 1936 γαγέ
241 1883 346 1934 μοι
378 1864 520 1929 τοὺς
552 1864 724 1929 υἱούς
757 1879 893 1926 σου,
938 1863 1038 1914 ἵνα
1070 1858 1386 1930 εὐλογήσω
1424 1859 1663 1923 αὐτούς.

1851 569 1955 624 Sed
2002 568 2309 632 videamus,
2349 577 2532 622 utrum
2568 567 2658 621 hic
2691 565 2926 637 populus
2955 563 3132 618 haeres
3171 560 3260 626 sit,
3293 574 3360 613 an

1771 685 1900 724 vero
1945 670 2122 739 prior;
2161 677 2214 722 et
2263 674 2449 720 utrum
2505 671 2890 719 testamentum
2927 661 2993 715 ad
3037 675 3160 723 nos,
3191 674 3260 712 an
3295 657 3360 711 ad

1772 761 1896 815 illos
1931 761 2220 830 pertineat.
2271 757 2468 811 Audite
2509 770 2692 817 nunc,
2727 752 2859 822 quid
2893 750 3172 820 Scriptura
3217 749 3356 804 dicat

1770 854 1837 907 de
1869 852 2070 922 populo
2110 867 2124 902 :
2172 847 2378 904 Orabat
2430 847 2650 902 Isaacus
2705 844 2964 899 Rebeccae
3015 843 3203 896 uxoris
3250 857 3361 896 sua~

1770 963 1959 1011 causa,
1995 945 2141 1015 quod
2172 952 2316 998 esset
2357 941 2600 1007 sterilis;
2642 949 2694 994 et
2730 939 2824 992 illa
2875 937 3124 1005 concepit
3150 937 3232 986 7‘:
3264 950 3363 1003 po-

1771 1049 1887 1094 stea
1931 1053 2061 1092 vero
2102 1036 2347 1092 Rebecca
2399 1049 2618 1106 egressa
2668 1041 2753 1087 est
2805 1031 2873 1085 ad
2910 1027 3357 1098 interrogandum

1776 1129 2100 1194 Dominum,
2132 1137 2185 1182 et
2214 1127 2353 1182 dixit
2379 1125 2646 1180 Dominus
2685 1123 2750 1178 ad
2789 1123 2972 1176 illam:
3020 1119 3150 1174 Duce
3183 1127 3359 1189 gentes

1770 1220 1827 1281 in
1871 1229 2020 1272 utero
2067 1228 2156 1272 tuo
2211 1228 2372 1285 sunt,
2430 1235 2492 1270 ac
2542 1216 2650 1269 duo
2693 1215 2875 1285 populi
2922 1213 2976 1265 in
3021 1221 3196 1265 ventre
3247 1220 3358 1275 tuo,

1772 1321 1930 1382 atque
1963 1327 2102 1364 unus
2152 1310 2377 1379 populus
2438 1308 2666 1362 alterunt
2714 1305 3021 1376 superabit,
3080 1313 3128 1358 et
3185 1304 3351 1372 majo-

1777 1403 1959 1476 [natu]
1997 1404 2181 1458 serviet
2212 1403 2405 1456 minori
2433 1403 2502 1456 7’.
2535 1400 2754 1455 Debetis
2788 1399 3108 1468 intelligere,
3133 1397 3259 1466 quis
3288 1397 3354 1454 sit

1771 1496 2016 1561 lsaacus,
2034 1511 2156 1564 qua»
2180 1493 2450 1559 Rebecca,
2473 1503 2526 1548 et
2546 1493 2611 1547 de
2629 1493 2957 1562 quibusnam
2975 1490 3354 1550 deelaraverit,

1770 1582 1918 1652 quod
1953 1583 2190 1657 populus
2223 1581 2313 1635 hic
2347 1580 2418 1634 sit
2452 1579 2652 1648 major,
2687 1593 2850 1648 quam
2895 1577 3004 1630 ille.
3052 1574 3117 1628 Et
3156 1576 3208 1629 in
3252 1576 3358 1629 alia

1770 1675 2058 1744 prophetia
2109 1672 2460 1728 manifesuus
2514 1671 2761 1741 loquitur
2792 1668 3030 1723 Iacobus
3078 1668 3147 1722 ad
3186 1667 3360 1721 ﬁlium

1772 1784 1936 1823 suum
1967 1767 2293 1837 Josepbum,
2330 1767 2519 1821 dicens
2549 1782 2561 1817 ;
2599 1765 2757 1830 Ecce,
2786 1763 3046 1817 Dominus
3095 1778 3198 1816 non
3244 1761 3359 1830 pri-

1771 1863 1907 1916 vavit
1958 1879 2039 1916 me
2089 1863 2226 1931 facie
2273 1871 2410 1924 tua;
2461 1860 2635 1912 adduc
2699 1859 2830 1912 mihi
2888 1859 3028 1927 ﬁlios
3087 1865 3236 1919 tuos,
3300 1865 3359 1907 ut

43 1935 177 2024 Κᾳὶ
203 1956 556 2028 προσήγαγεν
575 1954 687 2027 [τὸν
709 1954 974 2024 Μανασσῆ
1007 1953 1126 2024 καὶ]
1150 1953 1260 2022 (70)
1297 1950 1552 2022 Ἐφραῒμ,
1572 1951 1652 2002 τὸκ.

1801 1953 2073 2006 enedicam
2101 1954 2176 2004 eis
2204 1951 2271 2010 ⁸ο,
2300 1950 2367 2002 Et
2403 1949 2632 2003 adduxit
2661 1947 2978 2020 [Manassen
3011 1946 3088 2018 et]
3127 1945 3360 2016 Ephrai-

45 2047 346 2116 Μανασσῆ
395 2045 563 2099 θέλων
598 2045 686 2098 ἵνα
719 2044 984 2116 εὐλογηθῇ
1015 2045 1150 2115 (71),
1183 2045 1264 2096 ὅτι
1297 2042 1667 2114 πρεσϐύτερος

46 2138 127 2211 ἦν
154 2159 167 2170 ·
201 2142 234 2194 ὁ
263 2139 371 2210 γὰρ
415 2138 614 2208 Ἰωσὴφ
649 2140 1001 2210 προσήγαγεν
1036 2138 1116 2200 εἰς
1145 2137 1244 2207 τὴν
1289 2135 1466 2201 δεξιὰν
1511 2139 1666 2204 χεῖρα

47 2231 158 2285 τοῦ
194 2231 408 2303 πατρὸς
442 2227 655 2283 Ἰακώϐ.
682 2225 804 2282 Εἷδε
828 2229 885 2282 δὲ
918 2227 1113 2282 Ἰακὼϐ
1143 2228 1338 2290 τύπον,
1375 2227 1665 2298 πνεύματι,

49 2323 158 2376 τοῦ
209 2322 347 2374 λαοῦ
390 2321 484 2375 τοῦ
529 2319 751 2392 μεταξύ.
788 2319 898 2372 Καὶ
923 2318 978 2372 τε
1010 2318 1199 2387 λέγεις
1235 2318 1346 2370 Καὶ
1382 2319 1671 2384 ἐποίησεν

63 2415 294 2469 Ἰακὼϐ
307 2413 580 2478 ’ἐναλλὰξ
601 2414 708 2479 τὰς
736 2411 939 2480 χεῖρας
959 2411 1166 2472 αὑτοῦ,
1188 2409 1285 2464 καὶ
1305 2411 1522 2477 ἔθηκεν
1548 2409 1670 2481 [τὴν

51 2505 275 2577 δεξιὰν]
306 2505 418 2576 (72)
439 2505 536 2558 ἐπὶ
563 2504 678 2571 τὴν
698 2501 973 2572 κεφαλὴν
1000 2502 1246 2571 Ἐερραῒμ
1262 2502 1367 2554 τοῦ
1389 2501 1668 2569 δευτέρου

53 2597 164 2652 καὶ
193 2595 511 2664 νεωτέρου,
535 2595 632 2649 καὶ
659 2596 1008 2665 ηὺλόγησεν
1036 2594 1242 2648 αὐτόν.
1265 2593 1375 2647 Καὶ
1394 2595 1522 2647 εἷπε
1548 2595 1666 2648 Ἰω-

53 2689 198 2759 σὴφ
222 2688 375 2756 πρὸς
406 2686 614 2743 Ἰακώϐ
625 2705 637 2717 ·
662 2687 927 2753 Μετάθες
947 2702 1061 2740 σου
1080 2685 1194 2754 τὴν
1211 2685 1418 2750 δεξιὰν
1436 2686 1531 2739 ἐπὶ
1554 2684 1670 2753 τὴν

55 2783 350 2854 κεφαλὴν
380 2779 708 2848 Μανασσῆ,
767 2780 855 2832 ὅτι
911 2780 1286 2848 πρωτότοκος
1331 2780 1450 2849 μού
1497 2779 1669 2832 ἐστιν

55 2877 220 2942 υἱός.
256 2873 370 2928 Καὶ
411 2875 582 2928 εἶπεν
619 2871 829 2928 Ἰακὼϐ
866 2871 1016 2943 πρὸς
1051 2871 1274 2941 Ἰωσήφ
1299 2887 1311 2898 ·
1367 2871 1528 2935 Οἶδα,
1577 2870 1668 2924 τέ-

56 2985 242 3030 κνον,
275 2965 440 3020 οῖδα·
476 2967 613 3020 ἀλλ’
661 2968 694 3019 ό
722 2963 938 3034 μείζων
979 2963 1298 3018 δουλεύσει
1349 2961 1430 3036 τῷ
1478 2963 1664 3017 ἐλάσ-

56 3074 230 3121 σονι,
270 3058 368 3111 καὶ
404 3057 580 3122 οὗτος
614 3055 682 3109 δὲ
715 3055 1212 3123 εὐλογηθήσεται.
1276 3055 1534 3121 Βλέπετε,
1571 3057 1664 3109 ἐπὶ

58 3148 230 3200 τξνων
267 3145 514 3210 τέθεικε,
548 3146 638 3199 τὸν
670 3145 796 3198 λαὸν
852 3141 992 3198 εἶναι
1039 3145 1227 3199 τοῦτον
1288 3147 1525 3218 πρῶτον,
1571 3151 1664 3202 καὶ

1770 2062 1954 2107 tum“,
1989 2045 2250 2115 cupiens,
2301 2054 2362 2098 ut
2393 2042 2678 2100 Manasscs
2733 2041 3168 2104 benediceretur,
3229 2039 3359 2108 quia

1770 2149 1887 2193 erat
1922 2149 2052 2192 natu
2090 2138 2286 2207 major.
2341 2136 2528 2206 Itaque
2556 2135 2830 2205 Iosephus
2871 2135 3098 2189 adduxit
3123 2149 3246 2187 eum
3292 2133 3359 2186 ad

1773 2245 1999 2284 manum
2046 2228 2327 2282 dexteram
2383 2226 2556 2296 patris
2594 2225 2679 2280 sui
2735 2223 2949 2277 Jacobi.
2988 2221 3136 2276 Vidit
3175 2227 3358 2274 autem

1773 2317 1970 2386 spiritu
2016 2317 2255 2374 Iacobus
2322 2317 2555 2386 ﬁguram
2608 2315 2796 2386 populi
2849 2313 3086 2368 venturi.
3130 2311 3197 2365 Et
3229 2312 3358 2382 quid

1772 2423 1961 2468 narrat
2004 2413 2336 2484 Scriptura?
2371 2411 2440 2466 Et
2491 2410 2834 2464 commutavit
2883 2407 3115 2462 Iacobus
3169 2422 3358 2459 manus

1771 2524 1919 2574 suas,
1951 2518 1999 2562 et
2042 2505 2371 2580 [dexteram]
2421 2507 2600 2576 posuit
2648 2519 2805 2572 super
2847 2509 3005 2569 caput
3045 2498 3356 2567 Ephraimi,

1770 2599 1991 2653 minoris
2030 2617 2092 2653 ac
2121 2600 2355 2669 junioris
2382 2639 2395 2664 ,
2431 2611 2480 2651 et
2530 2596 2796 2650 benedixit
2826 2593 2929 2647 illi.
2973 2593 3226 2662 Dixitque
3258 2589 3358 2643 Jo-

1771 2690 1958 2759 sephus
1994 2691 2063 2744 ad
2089 2690 2348 2744 Jacobum
2379 2706 2398 2744 .'
2441 2689 2698 2758 Transfer
2722 2689 2992 2740 dexteram
3029 2695 3174 2736 tuam
3205 2699 3361 2749 super

1771 2792 1927 2852 caput
1963 2783 2231 2837 Manassis
2255 2825 2271 2850 ,
2311 2785 2435 2852 quia
2477 2782 2779 2852 primitivus
2823 2779 2969 2849 ﬁlius
3015 2794 3158 2830 meus
3193 2775 3356 2829 est“.

1770 2872 1840 2927 Et
1869 2875 2138 2944 respondit
2166 2873 2402 2928 Iacobus
2427 2873 2660 2943 Josepho
2697 2888 2714 2926 :
2761 2870 2904 2934 Scio,
2936 2868 3038 2939 ﬁli,
3083 2869 3225 2932 scio;
3268 2867 3358 2920 sed

1769 2965 1946 3034 major
2012 2967 2203 3020 serviet
2264 2966 2500 3030 minori;
2565 2965 2904 3020 benedicatur
2962 2972 3138 3015 autem
3197 2961 3359 3014 etiam

1767 3057 1859 3110 ille
1881 3057 1946 3111 ⁸¹.
1979 3055 2244 3126 Aspicite,
2295 3057 2363 3111 de
2399 3056 2731 3127 quibusnam
2758 3055 3009 3119 voluerit,
3043 3070 3167 3110 esse
3214 3053 3360 3106 hunc

1768 3149 2007 3218 primum
2045 3150 2312 3220 populum
2346 3157 2401 3204 et
2430 3149 2742 3204 testamenti
2799 3151 3089 3204 lurredem.
3134 3148 3192 3200 Si
3228 3162 3360 3214 ergo

58 3239 167 3328 τῆς
207 3237 474 3322 διαθήκης
512 3237 872 3324 κληρονόμον.
924 3239 987 3290 Ei
1035 3234 1126 3292 οὖν
1175 3237 1255 3291 ἔτι
1303 3240 1398 3292 καὶ
1446 3239 1534 3293 διὰ
1567 3239 1652 3293 τοῐ

1799 3240 1953 3295 dhuc
1988 3250 2042 3296 et
2078 3257 2174 3311 per
2201 3241 2576 3295 Abrahamum
2620 3241 2854 3310 populus
2892 3241 2982 3295 ille
3021 3254 3358 3294 commemo-

74 3322 336 3403 Ἃϐραὰμ
375 3322 650 3402 ἐμνήσθη,
693 3329 994 3400 ἀπείχομεν
1034 3329 1097 3382 τὸ
1136 3329 1340 3384 τέλειον
1390 3331 1489 3402 τῆς
1519 3331 1662 3400 γνώ-

63 3441 211 3487 ιεως
261 3423 438 3494 ἡμῶν.
469 3424 534 3476 Τί
569 3419 664 3477 οὖν
691 3425 838 3492 λέγει
886 3423 966 3494 τῷ
1014 3422 1299 3492 Ἀϐραάμ;
1356 3423 1484 3476 Ὅτι
1535 3423 1663 3476 ἐπί-

62 3529 362 3581 στευσας,
398 3513 568 3584 ἐτέθη
597 3517 685 3581 εἰς
708 3513 1102 3581 δικαιοσύνην
1121 3529 1133 3542 ·
1172 3512 1300 3565 ἰδοὺ
1323 3512 1554 3567 τέθεικά
1585 3529 1660 3568 σε

1766 3340 1919 3386 ratus
1941 3342 2021 3387 est
2045 3373 2059 3396 ,
2087 3342 2220 3387 tunc
2261 3333 2491 3388 scientia
2531 3341 2723 3389 nostra
2748 3334 2814 3387 ad
2842 3333 3233 3404 perfectionem
3275 3340 3359 3386 est

1769 3425 2012 3479 redacta.
2067 3423 2207 3490 Quid
2257 3425 2422 3495 igitur
2469 3425 2605 3480 dicit
2639 3425 2782 3480 Deus
2821 3425 3177 3480 Abraliamo?
3208 3423 3356 3489 Quo-

1768 3518 1914 3570 niam
1962 3517 2277 3580 credidisti,
2326 3515 2424 3570 tibi
2462 3517 2518 3570 in
2547 3517 2825 3586 justitiam
2861 3518 2964 3588 fuit
3007 3517 3355 3580 attributum;

1341 3629 1517 3690 Vetus
1550 3631 2025 3711 interpretatio.

69 3798 86 3812 .
137 3794 153 3808 .
198 3795 213 3809 .
259 3795 274 3810 .
319 3795 333 3808 .
381 3795 394 3808 .
439 3793 452 3806 .
499 3794 514 3808 .
559 3795 574 3808 .
619 3794 632 3807 .
681 3794 694 3807 .
742 3794 754 3808 .
800 3791 816 3806 .
864 3792 878 3821 ._
922 3750 1121 3807 Iterum
1159 3751 1290 3806 dicit
1342 3750 1554 3805 David:
1606 3752 1760 3806 Dirit
1795 3753 2058 3809 Dominus
2105 3755 2334 3809 Domino
2373 3769 2521 3808 meo:
2565 3753 2698 3810 Sede
2730 3756 2800 3809 ad
2840 3756 3110 3810 dexteram
3147 3772 3354 3820 meam,

63 3830 240 3882 donec
261 3842 451 3894 ponam
478 3826 722 3878 inimicos
749 3833 872 3896 tuos
906 3822 1000 3877 sub
1023 3821 1491 3896 pedibusjtuis.__l_‘3t
1519 3823 1713 3878 iterum
1737 3825 1870 3881 dicit
1892 3824 2060 3880 Isaias
2090 3844 2102 3878 :
2135 3825 2225 3880 Sic
2252 3828 2382 3880 dicit
2410 3825 2667 3880 Dominus
2702 3827 2914 3882 Christo
2941 3844 3073 3891 meo,
3101 3843 3214 3879 meo
3240 3827 3354 3896 (75)

68 3893 324 3954 Domino.
362 3895 512 3968 cujus
544 3895 686 3968 te_nui
720 3895 996 3968 dexteram
1019 3908 1037 3945 :
1069 3893 1354 3946 exaudiant
1386 3893 1542 3945 illunt
1576 3904 1778 3968 ﬂentes,
1804 3906 1850 3968 et
1893 3897 2141 3949 virtutem
2175 3913 2354 3968 regum
2401 3913 2763 3966 corrumpam.
2797 3896 3004 3964 Videte,
3036 3913 3148 3967 quo
3185 3893 3354 3951 modo

69 3950 232 4023 illum
265 3950 546 4036 proplieta:
576 3964 894 4030 Dominum,
933 3952 952 4018 ’.
999 4003 1014 4017 .
1059 4003 1074 4018 .
1121 4002 1135 4018 .
1178 3979 1286 4016 non
1325 3971 1541 4016 tantum
1575 3950 1777 4019 Filium
1811 3950 2026 4020 dicunt.

151 4057 286 4113 XIII.
326 4057 649 4124 Quzeramus
681 4057 872 4126 igitur,
910 4055 957 4109 si
1015 4055 1107 4110 hic
1149 4055 1390 4124 populus
1425 4055 1813 4126 litereditatem
1846 4057 2038 4126 capit,.
2083 4095 2099 4111 .
2141 4097 2156 4110 .

2203 4095 2217 4107 .
2256 4064 2306 4110 et
2340 4063 2728 4112 testamentum
2777 4059 2832 4112 in
2872 4057 2982 4113 illis
3010 4065 3114 4122 est,
3158 4057 3338 4111 autin

71 4131 259 4188 nobis.
298 4127 370 4183 De
410 4130 516 4182 hoc
568 4124 785 4192 audite;
830 4127 917 4198 sic,
961 4127 1235 4198 scriptum
1276 4133 1360 4180 est
1399 4124 1512 4198 (74)
1551 4144 1562 4178 :
1596 4125 1837 4196 Rogabat
1865 4124 2024 4180 Isaac
2063 4142 2159 4194 pro
2191 4125 2421 4198 Rebecca
2467 4141 2632 4198 uxore
2673 4145 2793 4195 sua,
2827 4130 2955 4198 quia
2987 4128 3188 4182 sterilis
3214 4139 3352 4181 erat.

85 4200 183 4253 Et.
231 4241 243 4253 .
290 4240 304 4253 .
350 4240 363 4254 .
410 4239 424 4253 .
467 4199 697 4252 Rebecca
721 4197 990 4266 quwrebat
1020 4212 1052 4248 a
1079 4195 1328 4259 Domina,
1361 4194 1492 4264 quid
1516 4194 1798 4264 portaret:
1833 4206 1884 4250 et
1917 4198 2055 4250 dixit
2097 4198 2180 4250 illi
2219 4197 2476 4250 Dominus
2509 4215 2532 4249 :
2570 4196 2706 4252 Dure
2737 4194 2971 4253 nationes
2999 4203 3054 4252 in
3093 4209 3242 4252 utero
3267 4209 3356 4251 tuo

76 4279 226 4335 sunt,
258 4281 306 4323 et
342 4270 447 4322 duo
474 4268 653 4338 populi
683 4284 748 4321 ea:
777 4276 928 4320 utero
951 4277 1041 4322 tuo
1066 4277 1412 4339 nascentum.
1445 4307 1476 4339 _.
1524 4306 1537 4319 .
1584 4307 1598 4320 .
1646 4306 1659 4321 .
1700 4280 1747 4321 et
1779 4267 1956 4336 major
1989 4270 2177 4339 serviet
2207 4269 2422 4321 minori.
2470 4266 2756 4338 Intelligite
2784 4289 2796 4324 :
2827 4271 2954 4339 quis
2991 4271 3061 4324 sit
3098 4271 3271 4332 Isaac,
3303 4277 3358 4321 et

79 4357 206 4413 qua:
254 4337 648 4413 Rebecca;_et.
694 4377 708 4413 τ
751 4379 764 4391 .
812 4376 826 4390 .
874 4377 887 4391 .
936 4378 948 4391 .
984 4338 1077 4413 qui
1113 4337 1346 4413 pOpulus
1385 4337 1600 4402 minor,
1654 4347 1749 4391 aut
1801 4339 1999 4413 major.
2045 4337 2330 4413 Iterum._.
2375 4375 2390 4392 .
2560 4377 2574 4390 .
2625 4337 2761 4394 dicit
2792 4337 2964 4413 Jacob
3004 4339 3357 4413 Iosephulilio

81 4428 285 4468 51102.

332 4453 344 4464 .
389 4400 532 4462 Ecce,
549 4409 808 4462 Dominus
848 4425 949 4478 non
975 4400 1253 4478 fraudavit
1270 4423 1350 4460 me
1376 4423 1440 4459 ex
1485 4400 1670 4476 genere
1686 4418 1787 4478 tuo
1820 4400 1936 4478 (75)
1961 4423 1979 4461 :
2010 4410 2205 4477 perduc
2233 4409 2302 4461 ad
2328 4425 2408 4460 me
2438 4409 2579 4476 ﬁlios
2609 4417 2772 4475 tuos;
2803 4421 2852 4464 et
2881 4400 3183 4464 benedicain
3210 4410 3352 4463 illos.

89 4484 160 4537 Et
191 4482 416 4535 adduxit
451 4480 742 4534 Manassen
792 4487 846 4532 et
891 4477 1173 4546 Ephraim.
1215 4475 1417 4532 Volens
1462 4475 1646 4531 autem
1685 4475 1972 4532 Manassen
2010 4475 2263 4533 benedici
2303 4475 2445 4546 quia
2469 4478 2647 4546 major
2673 4492 2792 4535 erat
2824 4522 2838 4544 ,
2867 4482 3058 4535 statuit
3088 4481 3238 4533 illum
3280 4520 3292 4533 .
3341 4520 3352 4532 .

79 4554 152 4608 ad
191 4553 470 4606 dexteram
522 4549 696 4620 patris
735 4549 819 4604 sui
864 4547 1055 4601 Jacob.
1092 4546 1238 4620 Vidit
1273 4554 1457 4602 autem
1493 4546 1666 4602 Iacob
1699 4550 1755 4602 in
1791 4549 1991 4620 spiritu
2036 4551 2266 4618 figuram
2303 4549 2512 4620 populi,
2563 4549 2656 4620 qui
2708 4562 2896 4620 postea
2937 4551 3156 4605 futurus
3179 4561 3298 4604 erat
3339 4569 3352 4603 :

76 4634 155 4678 et.
199 4663 214 4678 .
259 4663 272 4676 .
305 4619 557 4675 convertit
582 4637 794 4684 manus,
834 4628 883 4672 et
926 4619 1205 4672 transtulit
1240 4621 1516 4672 dexteram
1550 4635 1707 4687 super
1733 4629 1894 4688 caput
1927 4619 2188 4688 Epitraim
2222 4619 2484 4679 minoris;
2509 4629 2558 4671 et

2601 4618 2866 4675 benedixit
2890 4622 3068 4676 illum.
3110 4621 3179 4674 Et
3215 4622 3355 4674 dixit

76 4694 274 4762 Joseph
296 4693 437 4762 patri
469 4707 567 4762 suo
599 4707 616 4744 :
644 4690 905 4762 Transfer
942 4705 1159 4762 manum
1191 4698 1340 4762 tuam
1381 4688 1658 4762 dexteram
1685 4707 1843 4759 super
1884 4702 2042 4758 caput
2076 4689 2366 4762 Manassae,
2400 4689 2528 4762 quia
2570 4690 2873 4762 primitivus
2902 4693 3047 4762 filius
3073 4708 3218 4744 meus
3255 4701 3352 4746 est.

77 4765 151 4818 Et
195 4759 330 4816 dixit
373 4760 541 4816 Jacob
575 4777 593 4813 :
630 4760 775 4819 Scio,
822 4760 924 4828 ﬁli,
969 4760 1080 4832 scio
1119 4774 1136 4810 :
1176 4761 1266 4813 sed
1293 4759 1466 4832 major
1496 4761 1956 4832 serrielmntinori;
1998 4761 2089 4813 sed
2122 4769 2170 4812 et
2210 4760 2294 4812 hic
2320 4759 2675 4814 benedicetur.
2717 4759 2911 4817 Videte
2931 4777 3094 4832 quem
3126 4763 3358 4817 voluerit

76 4849 200 4889 esse
231 4834 490 4902 primum.

539 4873 551 4884 .
598 4872 611 4884 .
653 4873 665 4884 .
702 4830 1012 4885 testamenti
1047 4831 1338 4900 hmredem.
1373 4828 1465 4883 Sic
1491 4846 1621 4899 ergo
1652 4829 1764 4896 (76)
1795 4839 1849 4885 et
1877 4847 1960 4900 per
1995 4832 2276 4884 Abraham
2309 4841 2779 4887 commemoratus
2799 4842 2904 4898 est,
2935 4828 3199 4887 liabenlus
3225 4848 3358 4887 con-

77 4899 503 4959 summationem
537 4903 1043 4973 scientianostrm.
1076 4899 1216 4965 Quid
1246 4901 1538 4973 crgogdieit
1574 4899 2034 4973 Abi-aliam,’cum
2081 4901 2236 4955 solus
2283 4901 2631 4973 credidisset,
2661 4913 2717 4957 et
2763 4904 2975 4973 positus
3020 4913 3168 4958 esset
3193 4903 3358 4973 inju-

77 4976 225 5031 stitia
256 4975 278 5028 ?
301 4973 436 5028 Ecce
469 4975 622 5043 posui
645 4982 714 5041 te,
741 4971 1032 5034 Abraham,
1056 4981 1262 5039 patrem
1287 4971 1586 5036 nationum,
1616 4987 1734 5040 quae
1758 4973 1977 5024 credunt
2005 4971 2235 5025 Domino
2260 4987 2366 5024 non
2389 4971 2740 5029 circumcisw.

175 5095 220 5126 ⁷⁸
241 5093 374 5149 Gen.
403 5110 532 5155 xxv,
566 5094 658 5160 εις
710 5092 810 5148 cfr.
842 5093 1004 5148 Rom.
1058 5111 1133 5159 lx,
1181 5094 1368 5148 10-12.
1447 5097 1490 5126 ⁷⁹
1522 5095 1652 5150 Gen.

1799 5114 1831 5159 π,
1879 5097 1968 5150 25.
2048 5098 2093 5128 ⁸ο
2144 5096 2278 5152 Gen.
2327 5113 2516 5160 XLVIII,
2543 5095 2598 5163 9,
2636 5094 2725 5147 11.

43 5166 123 5197 “⁸²
158 5164 290 5220 Gen.
321 5179 512 5232 xpvm,
541 5165 628 5220 I9.

2800 5091 2842 5122 ⁸¹
2875 5093 3011 5146 Gen.
3045 5104 3236 5157 meI,
3268 5089 3352 5144 18.

1389 5279 1761 5338 VARIORUM
1794 5279 2025 5336 ΝΟΤᾸΞ.

83 5473 102 5517 ι
286 5389 458 5444 Verba
487 5391 646 5445 uncis
684 5389 894 5445 inclusa
925 5407 992 5445 ex
1023 5391 1306 5461 interpret.
1343 5389 1462 5446 Lat.
1491 5393 1652 5447 resti-

109 5479 158 5515 IIl
265 5477 353 5515 θη.

109 5477 185 5515 IIII
215 5477 353 5515 IIICI].

153 5532 260 5604 (71)
300 5529 669 5604 Εὐλογηθῆναι
707 5531 836 5586 Dav.
870 5532 1126 5597 benedici,
1161 5532 1283 5604 Vel.
1318 5534 1513 5603 interp.

176 5601 261 5673 72)
301 5601 374 5673 Ita
404 5619 468 5657 ex
498 5601 612 5655 'vet.
641 5603 842 5671 interp.
874 5603 1296 5658 restituendum.

158 5672 268 5742 (75)
294 5672 696 5737 Meo.,Alterum
733 5675 994 5726 abundat.
1021 5673 1203 5728 Fellus
1228 5685 1407 5728 tamen
1443 5683 1654 5728 utrum-

85 5761 189 5814 que
212 5745 450 5814 retinnit.

117 5823 120 5826 ’
160 5815 266 5884 (74)
290 5813 378 5881 Sic
409 5816 665 5885 scriptum
688 5823 780 5870 est.
809 5814 994 5882 Forte,
1021 5815 1149 5883 quid
1173 5817 1426 5885 scriptum
1451 5827 1549 5873 est.
1577 5815 1652 5871 Ita

1761 5393 1893 5447 edit.
1927 5391 2107 5448 Oxon.

1836 5463 1948 5534 (75)
1992 5463 2076 5515 Ea:
2116 5479 2298 5536 genere
2347 5473 2457 5536 tuo.
2501 5463 2594 5520 Gr.
2641 5476 2917 5536 conspectu
2942 5477 3058 5536 ituo
3095 5480 3114 5516 :
3154 5462 3358 5516 rectius

1760 5535 1914 5605 juxta
1966 5549 2180 5605 sacram
2240 5535 2602 5605 scripturam.
2636 5535 2774 5590 Max.
2818 5566 2888 5574 —
2939 5535 3058 5590 Vel.
3089 5535 3356 5600 interpres

1764 5603 1980 5659 ridetur
2015 5604 2211 5674 legisse
2240 5603 2444 5672 γένους.
2480 5604 2642 5658 ΡΕυη

1837 5670 2588 5746 (76)7_Sic'ergo.‘Menardus,
2623 5677 2685 5731 Si
2712 5677 2809 5730 hoc
2833 5693 2976 5745 ergo.
3007 5675 3092 5727 Al.
3127 5670 3187 5727 Si
3208 5688 3350 5739 ergo.

1765 5744 2170 5809 SicetFellnsi
2210 5745 2301 5813 qui
2340 5746 2502 5814 paulo
2529 5757 2652 5813 post
2685 5744 2926 5813 exhibet,
2971 5760 3350 5801 communem-

1770 5826 1879 5868 tnm
1912 5828 2012 5875 est.
2050 5818 2266 5885 vulgata
2302 5817 2532 5870 lectione
2560 5817 2775 5886 rejects.
