3818 6216
60 271 164 326 769

1290 258 1628 319 EPI'STOLA
1665 262 2083 320 CATHOLICA.

3222 259 3327 314 770

56 388 146 447 οὖν
205 393 235 446 6
281 397 570 463 προφήτης
613 407 626 421 ·
701 388 852 461 Ἐγὼ
916 387 1159 455 Κύριος,
1216 386 1249 438 ό
1285 386 1429 451 Θεός
1498 402 1636 447 σου,

1772 381 1887 435 licit
1936 383 2102 452 igitur
2147 382 2459 452 propheta:
2502 378 2615 451 Ego
2660 379 2941 441 Dominus,
2997 378 3133 431 Deus
3182 387 3324 445 tuus,

52 483 322 539 ἑκάλεσά
366 499 443 538 σε
504 483 575 536 ἐν
618 481 1007 549 δικαιοσύνῃ,
1054 478 1154 532 καὶ
1189 478 1473 547 κρατήσω
1527 476 1640 547 τῆς

51 576 252 644 χειρός
307 590 464 639 σου,
521 574 620 628 καὶ
679 574 986 642 ἐνισχύσω
1029 589 1140 638 σε,
1190 573 1286 625 καὶ
1336 571 1527 625 ἔδωκά
1568 588 1641 626 σε

52 670 138 734 εὶς
198 666 500 736 διαθήκην
544 666 787 737 γένους,
827 668 915 733 εὶς
951 664 1081 735 φῶς
1141 663 1353 728 ἐθνῶν,
1405 663 1641 728 ἀνοῖξαι

54 757 404 829 ὀφθαλμοὺς
442 757 720 829 τυφλῶν,
772 757 870 810 καὶ
919 756 1235 827 ἐξαγαγεῖν
1294 755 1363 809 ἐκ
1403 755 1643 825 δεσμῶν

54 849 541 920 πεπεδημένους,
576 849 646 915 ἐξ
700 850 871 903 οἴκου
928 848 1210 919 φυλακῆς
1268 848 1643 917 καθημένους

54 942 119 995 ἐν
159 943 370 996 σκότει
406 941 540 1013 (87).
603 940 907 995 Γινώσκετε
964 934 1078 1005 οὖν,
1133 940 1295 994 πόθεν
1334 938 1645 1011 ἐλυτρώθη-

59 1050 170 1103 μεν.
210 1033 347 1105 (Καὶ
408 1032 570 1087 πάλιν
622 1035 650 1086 6
692 1034 980 1106 προφήτης
1032 1031 1180 1101 λέγει
1230 1031 1391 1099 (88)·
1467 1030 1639 1096 Ἰδοὺ,

57 1122 282 1177 τέθεικά
317 1138 394 1178 σε
426 1127 514 1189 εὶς
546 1123 672 1193 φῶς
711 1122 923 1187 ἐθνῶν,
958 1124 1066 1178 τοῦ
1104 1123 1260 1178 εἷναί
1298 1138 1372 1177 σε
1401 1124 1489 1188 εὶς
1525 1138 1643 1177 σω-

58 1216 261 1284 τηρίαν
284 1216 401 1283 ἕως
431 1215 696 1286 ἐσχάτου
731 1216 841 1286 τῆς
874 1216 1006 1288 γῆς,
1035 1216 1198 1287 λέγει
1223 1217 1438 1285 Κύριος
1470 1218 1504 1269 ό
1530 1220 1642 1270 λυ-

59 1307 435 1377 τρωσάμενός
466 1323 541 1361 σε
572 1306 715 1374 Θεός
743 1306 911 1379 (89).)
941 1307 1051 1360 Καὶ
1082 1306 1242 1362 πάλιν
1278 1309 1306 1360 6
1358 1307 1645 1378 προφήτης

58 1400 217 1471 λέγει·
307 1402 561 1471 Πνεῦμα
627 1403 851 1469 Κυρίου
922 1400 1014 1453 ἐπ’
1090 1401 1233 1471 ἐμὲ,
1296 1400 1367 1454 οὗ
1439 1400 1646 1453 ἕνεκεν

60 1490 255 1560 ἕχρισέ
278 1510 378 1561 με,
412 1492 916 1563 εὐαγγελίσασθαι
933 1491 1233 1557 ταπεινοῖς
1258 1490 1462 1560 χάριν·
1497 1488 1643 1545 ἀπέ-

60 1584 279 1639 σταλκέ
313 1602 415 1655 με,
453 1584 741 1639 ἰάσασθαι
782 1584 924 1649 τοὺς
955 1583 1501 1653 συντετριμμένους
1532 1583 1647 1651 τὴν

62 1676 322 1747 καρδίαν,
368 1676 627 1746 κηρύξαι
673 1675 1072 1746 αἰχμαλώτοις
1120 1675 1358 1745 ἄφεσιν,
1408 1676 1507 1731 καὶ
1541 1694 1643 1730 τυ-

1742 476 1918 529 vocavi
1949 485 1996 529 te
2022 478 2078 528 in
2099 474 2340 544 justitia,
2374 483 2423 527 et
2459 473 2640 527 tenebo
2676 488 2893 525 manuni
2925 479 3092 537 tuam,
3128 493 3173 525 ον.
3208 486 3327 523 cor-

1744 567 2000 623 roborabo
2033 578 2116 633 te;
2153 580 2201 622 et
2233 567 2357 621 dedi
2401 576 2447 619 te
2480 567 2535 619 in
2569 572 2939 619 testamentum
2982 579 3221 633 generis,
3271 562 3327 615 in

1742 661 1911 715 lucem
1944 662 2197 731 gentium,
2242 660 2311 712 ad
2353 658 2693 728 aperiendum
2734 656 2912 709 oculos
2956 670 3237 718 cazcorum,
3275 664 3326 706 et

1743 749 1812 802 ad
1841 750 2167 803 educendum
2190 750 2253 802 de
2276 748 2502 803 vinculis
2539 747 2800 816 illigatos,
2827 747 2890 799 de
2910 746 3067 798 domo
3094 745 3323 797 carceris

1743 843 1979 897 sedentes
2012 843 2067 896 in
2104 842 2328 896 tenebris
2351 841 2422 895 ⁸⁸.
2468 840 2760 910 Agnoscite
2793 855 2945 910 ergo,
2974 839 3118 893 unde
3149 838 3323 893 simus

1744 934 2029 1005 redempti.
2067 932 2156 1004 (Et
2197 934 2393 988 iterum
2426 932 2690 1002 propheta
2724 931 2857 987 dicit
2885 951 2896 985 :
2927 930 3062 983 Ecce
3096 930 3247 999 posui
3274 939 3322 983 te

1743 1029 1798 1082 in
1821 1028 1989 1083 lucem
2013 1030 2271 1099 gentium,
2296 1037 2354 1081 ut
2371 1028 2446 1082 sis
2463 1027 2517 1081 in
2532 1024 2758 1083 salutem
2774 1042 2937 1097 usque
2949 1028 3020 1082 ad
3030 1036 3323 1081 extremum

1747 1133 1902 1176 terra:
1912 1139 1931 1188 ;
1958 1121 2118 1194 [haec]
2147 1122 2280 1175 dicit
2312 1120 2567 1175 Dominus
2585 1121 2901 1190 Redemptor
2927 1130 3047 1174 tuus
3071 1120 3162 1191 '9.)
3180 1119 3325 1173 Rur-

1746 1232 1841 1271 sus
1897 1217 2160 1287 propheta
2217 1216 2353 1271 dicit
2397 1234 2411 1270 :
2457 1214 2690 1286 Spiritus
2740 1216 2955 1269 Domini
3008 1230 3164 1284 super
3220 1230 3322 1278 me,

1745 1317 1957 1379 propter
1978 1310 2117 1379 quod
2146 1309 2299 1362 unxit
2324 1324 2425 1374 me,
2449 1309 2809 1379 evangelizare
2830 1308 3148 1371 humilibus;
3178 1308 3325 1361 misit

1746 1417 1847 1466 me,
1893 1418 2086 1455 sanare
2129 1402 2387 1455 contritas
2427 1401 2614 1467 corde,
2653 1401 2945 1471 praedicare
2979 1401 3199 1469 captivis
3239 1415 3326 1453 re-

1747 1495 2049 1549 missionem
2087 1502 2138 1549 et
2180 1494 2332 1549 caecis
2374 1494 2566 1560 visum,
2608 1502 2657 1546 et
2698 1493 2944 1546 nuntiare
2982 1508 3181 1546 annum
3216 1492 3327 1545 Do-

1748 1587 1880 1640 mini
1927 1596 2197 1656 acceptum
2228 1629 2243 1654 ,
2291 1595 2340 1640 et
2390 1586 2531 1640 diem
2599 1584 2965 1639 retributionis
3003 1620 3021 1650 ,
3063 1583 3327 1638 consolari

1750 1694 1928 1731 omnes
1966 1678 2201 1749 lugentes
2234 1678 2299 1732 ὀ.

63 1773 228 1841 pluit;
295 1771 662 1841 ἀνάϐλεψιν,
720 1771 819 1825 καὶ
900 1770 1160 1825 καλέσαι
1206 1770 1487 1825 ἐνιαυτὸν
1536 1771 1760 1839 Κυρίου
1803 1772 1913 1845 (90)
1966 1773 2199 1840 δεκτόν,
2258 1775 2358 1829 καὶ
2416 1774 2645 1844 ἡμέραν
2690 1772 3163 1838 ἀνταποδόσεως,
3221 1787 3329 1825 πα-

59 1865 385 1932 ρακαλέσαι
422 1862 655 1931 πάντας
688 1861 829 1928 τοὺς
856 1862 1225 1927 πενθοῦντος
1257 1862 1388 1935 (91).

654 1957 774 2014 XV.
811 1956 1101 2012 Sabbatum
1126 1956 1440 2014 Judteowm
1467 1974 1575 2012 non
1604 1966 1681 2011 est
1708 1968 1923 2017 verum;
1956 1952 2064 2007 Deo
2099 1963 2367 2024 acceptum
2386 1954 2694 2011 Sabbatum.

132 2068 247 2122 Ἔτι
269 2067 365 2120 καὶ
389 2066 637 2139 περὶτοῦ
652 2066 935 2123 Σαϐϐάτου
963 2070 1276 2142 γέγραπται
1294 2070 1352 2124 ὲν
1370 2072 1485 2134 τοῖς
1513 2070 1642 2125 δέκα

1819 2067 2015 2123 Adhuc
2049 2073 2102 2120 et
2143 2066 2210 2121 de
2238 2064 2478 2120 Sabbato
2515 2066 2778 2135 scriptum
2824 2068 2907 2118 est
2953 2062 3007 2116 in
3034 2060 3331 2133 [Decalogo

67 2152 252 2226 λόγοις,
280 2159 337 2211 ὲν
368 2138 746 2231 οἶςγὲλάλησεν
775 2161 834 2214 ὲν
864 2160 943 2231 τῷ
975 2138 1249 2232 ὄρει.ἚῦῙᾶ
1273 2162 1410 2231 πρὸς
1438 2161 1642 2231 Μωσῆν

1772 2158 1867 2231 ηειι]
1902 2159 2090 2214 decem
2140 2157 2359 2223 verbis,
2408 2173 2531 2227 quae
2571 2155 2838 2210 Dominus
2874 2154 2927 2206 in
2980 2162 3165 2206 monte
3196 2150 3329 2205 Sina

71 2247 198 2302 κατὰ
226 2250 524 2320 πρόσωπον
545 2266 557 2279 ⁸
589 2249 701 2303 Καὶ
749 2248 1038 2321 ἁγιάσατε
1086 2250 1151 2303 τὸ
1192 2250 1498 2306 Σάϐϐατον
1526 2255 1642 2306 Κυ-

1772 2258 1965 2306 oculus
2006 2257 2091 2305 est
2140 2248 2209 2302 ad
2254 2248 2463 2314 Mosen,
2506 2262 2570 2303 os
2615 2247 2681 2301 ad
2732 2261 2835 2301 os:
2882 2244 2953 2298 Et
2997 2244 3330 2313 sanctiﬁcata

67 2340 189 2406 plov
235 2342 409 2411 χερσὶ
472 2341 759 2410 καθαραῖς
810 2343 910 2396 καὶ
965 2341 1179 2411 καρδίᾳ
1227 2342 1476 2411 καθαρᾷ.
1535 2344 1642 2397 Καὶ

1772 2339 2044 2396 iabbatum
2072 2338 2292 2393 Domini
2322 2337 2565 2391 manibus
2598 2337 2811 2391 mundis
2847 2346 2897 2390 et
2930 2352 3063 2405 puro
3089 2334 3326 2389 corde".

72 2431 125 2485 tv
159 2431 511 2505 triptpjéyet
532 2449 545 2463 ο
589 2431 733 2487 Ἐὰν
791 2430 1151 2501 φυλάξωσιν
1183 2432 1241 2486 οὶ
1280 2432 1401 2487 υἱοί
1425 2451 1543 2502 μου
1574 2433 1642 2488 τὰ

1772 2432 1814 2487 Et
1860 2432 1989 2487 alibi
2039 2431 2173 2487 dicit
2215 2450 2229 2485 :
2287 2428 2348 2485 Si
2399 2430 2744 2484 custodierint
2789 2428 2894 2499 ﬁlii
2936 2429 3038 2482 mei
3064 2427 3327 2494 Sobbata,

71 2522 344 2587 Σάϐϐατα,
374 2524 513 2577 τότε
542 2521 812 2590 ἐπιθήσω
845 2522 911 2576 τὸ
940 2523 1113 2589 ἔλεός
1130 2541 1250 2592 μου
1271 2523 1363 2576 ἐπ’
1400 2526 1642 2592 αὐτούς.

1773 2543 1873 2580 unc
1896 2542 2091 2597 ponam
2121 2526 2542 2580 misericordiam
2572 2541 2740 2579 meam
2775 2540 2932 2593 super
2955 2522 3079 2576 illos
3100 2522 3166 2576 θ’.
3195 2521 3332 2576 Sab-

76 2614 139 2667 Τδ
166 2616 442 2671 Σάϐϐατον
479 2616 628 2685 λέγει
660 2617 717 2669 ὲν
746 2617 890 2688 ἀρχῇ
920 2616 1021 2687 τῆς
1055 2615 1287 2680 κτίσεως
1305 2634 1317 2646 ·
1340 2618 1451 2671 Καὶ
1482 2617 1642 2671 ἐποί-

1772 2619 1866 2675 )ati
1920 2618 2166 2673 meminit
2212 2615 2545 2689 [Scriptura]
2586 2617 2641 2670 in
2680 2616 2951 2686 principio
3005 2613 3328 2669 creatiouis:

76 2721 215 2771 ησεν
265 2710 297 2761 ό
339 2708 491 2774 Θεὸς
524 2708 594 2761 έν
624 2706 694 2772 ἒξ
722 2707 970 2776 ἡμέραις
1010 2708 1082 2761 τὰ
1106 2708 1251 2776 ἔργα
1279 2708 1399 2761 τῶν
1432 2708 1642 2777 χειρῶν

1772 2710 2009 2780 Fecitque
2035 2708 2178 2764 Deus
2212 2710 2267 2763 in
2290 2726 2384 2765 sea:
2406 2710 2591 2763 diebus
2615 2720 2774 2779 opera
2799 2724 3052 2763 manuum
3086 2723 3328 2772 suarum,

78 2796 267 2862 αὐτοῦ,
301 2798 399 2851 καὶ
425 2797 834 2852 συνετέλεσεν
872 2797 943 2851 έν
972 2796 1049 2867 τῇ
1079 2798 1269 2867 ἡμέρᾳ
1300 2797 1378 2867 τῇ
1402 2800 1642 2870 ἐϐδόμῃ,

1772 2810 1802 2853 :t
1829 2799 1989 2853 desiit
2018 2800 2105 2853 die
2125 2799 2374 2869 septima,
2399 2808 2449 2853 et
2478 2816 2540 2853 ea
2570 2799 2845 2869 requievit,
2882 2806 2933 2852 et
2974 2799 3333 2867 sanctiﬁcavit

79 2889 163 2942 καὶ
190 2891 571 2945 κατέπαυσεν
591 2891 662 2945 ἐν
687 2889 864 2959 αὐτῇ,
893 2890 991 2944 καὶ
1022 2891 1279 2960 ἡγίασεν
1301 2890 1495 2958 αὐτήν
1512 2891 1642 2963 (92).

1772 2908 1869 2945 eam
1888 2891 1957 2946 θ’.
1991 2891 2290 2956 Advertite,
2322 2891 2438 2959 lilii,
2473 2890 2605 2961 quid
2633 2890 2780 2946 dicat
2809 2908 2821 2945 :
2852 2889 3247 2947 Consummavit
3276 2892 3333 2945 in

79 2977 384 3051 Προσέχετε,
416 2983 607 3046 τέκνα,
656 2981 707 3034 τε
751 2981 897 3050 λέγει
936 2981 999 3035 τὸ
1026 2982 1434 3036 συνετέλεσεν
1472 2983 1543 3036 ἐν
1577 2982 1642 3047 ἐξ

1772 2999 1847 3038 sea:
1887 2983 2090 3039 diebus.
2127 2981 2187 3037 ld
2220 2983 2341 3037 ait:
2386 2982 2571 3037 omnia
2616 2983 3027 3037 consummabit
3066 2982 3333 3037 Dominus

79 3070 323 3138 ἡμέραις.
344 3072 518 3125 Τοῦτο
540 3071 687 3141 λέγει
710 3072 791 3125 ὅτι
820 3072 1065 3126 συντελεί
1088 3072 1199 3146 (95)
1226 3074 1255 3125 6
1285 3073 1418 3138 Θεὸς
1443 3073 1642 3146 Κύριος

1772 3074 1900 3131 Deus
1949 3074 2007 3129 in
2053 3090 2144 3131 sex
2190 3074 2432 3130 millibus
2477 3087 2784 3142 annorum;
2820 3089 2947 3129 nam
2998 3074 3140 3144 apud
3176 3074 3332 3130 illum

1322 3192 1506 3253 Vetus
1538 3193 2008 3273 interpretatio.

82 3317 399 3393 novissimum
417 3330 598 3387 terrm,
620 3323 756 3376 sicut
778 3322 913 3393 dicit
933 3320 1213 3387 Dominus,
1237 3320 1328 3391 qui
1347 3330 1394 3375 te
1410 3320 1654 3375 liberavit
1678 3320 1872 3393 Deus:
1902 3321 2086 3393 quiin
2108 3321 2219 3393 hoc
2241 3330 2465 3393 paratus
2494 3330 2598 3386 est,
2623 3329 2682 3375 ut
2703 3321 2996 3393 adventum
3027 3318 3139 3388 (94)
3159 3318 3333 3389 ipsius

84 3390 360 3462 praeordia
385 3400 576 3446 nostra
597 3393 849 3462 qumjam
869 3392 1155 3461 absumpta
1182 3390 1341 3445 erant
1364 3408 1395 3446 a
1430 3400 1608 3446 morte
1636 3399 1691 3446 et
1718 3390 2294 3462 traditainiquitatifu
2320 3393 2579 3462 liberaret
2608 3407 2639 3446 a
2670 3391 2928 3456 tenebris,
2953 3398 3008 3462 et
3036 3398 3335 3462 testaretur

84 3457 130 3509 in
156 3460 304 3513 nobis
326 3457 719 3517 testamentum
738 3457 1439 3529 'servoruinj(95)suorum.
1462 3462 1738 3530 Scriptum
1766 3470 1851 3532 est
1879 3463 2024 3518 enim
2046 3457 2330 3532 quomodo
2365 3462 2441 3516 illi
2469 3461 2631 3517 Pater
2660 3459 3111 3532 mandaverittut
3135 3460 3333 3515 libera-

89 3537 158 3581 ret
188 3545 280 3603 nos
306 3547 335 3585 a
381 3533 650 3596 tenebris,
693 3541 747 3587 et
787 3541 1008 3603 pararet
1034 3528 1140 3587 sibi
1170 3533 1433 3601 populum
1461 3528 1738 3587 sanctum.
1770 3531 1913 3588 Dicit
1946 3528 2377 3602 ergo—propheta
2420 3533 2501 3587 sic
2530 3551 2543 3586 :
2572 3532 2684 3603 Ego
2714 3531 2970 3603 Dominus
3012 3528 3156 3603 Deus
3182 3539 3329 3596 tuus,

84 3600 244 3673 vocavi
266 3612 313 3655 te
337 3603 393 3655 in
424 3604 682 3673 (equitate
710 3619 728 3656 :
755 3599 934 3657 tenebo
958 3620 1171 3656 manum
1202 3599 1351 3655 tuam
1382 3614 1432 3656 et
1464 3603 1658 3671 fortem
1682 3612 1728 3656 te
1752 3604 1952 3673 faciam
1981 3599 2145 3656 :dedi
2174 3599 2229 3657 te
2247 3607 2302 3655 in
2328 3599 2691 3657 testimonium
2730 3602 2970 3673 gentibus
3008 3599 3158 3670 (96),
3203 3610 3252 3653 et
3276 3603 3331 3673 in

84 3666 241 3743 lumen
270 3666 587 3743 nationum;
616 3685 673 3727 ut
705 3675 915 3743 aperias
955 3674 1135 3727 oculos
1173 3666 1474 3743 caecorum;
1501 3682 1547 3726 et
1581 3666 1777 3727 educas
1811 3675 1876 3727 de
1908 3674 2134 3727 vinculis
2158 3673 2431 3743 alligatos.
2478 3714 2491 3726 .
2537 3714 2549 3726 .
2596 3714 2609 3727 .
2657 3714 2669 3726 .
2715 3666 2751 3727 ,⁷
2775 3671 2983 3743 Scitote
3009 3666 3163 3741 ergo,
3188 3672 3333 3743 unde

86 3736 279 3815 liberati
309 3758 527 3815 sumus.
561 3736 762 3798 lterum
800 3744 1068 3814 propheta
1099 3744 1233 3799 dicit
1259 3761 1272 3797 :
1307 3742 1541 3815 Spiritus
1582 3743 1799 3815 Domini
1836 3760 1995 3814 super
2034 3760 2149 3807 me,
2181 3736 2395 3814 propter
2433 3744 2573 3815 quod
2603 3745 2757 3797 unxit
2783 3758 2898 3805 me;
2929 3742 3056 3815 bene
3077 3736 3334 3815 nuntiare

84 3806 359 3868 hominibus
402 3814 521 3883 (97)
564 3815 709 3886 misit
744 3806 845 3877 me,
882 3806 1070 3886 curare
1112 3806 1496 3867 contribulatos
1535 3813 1726 3881 corde,
1767 3806 2059 3883 prwdicare
2106 3806 2329 3886 captivis
2370 3806 2753 3879 remissionem,
2813 3823 2862 3868 et
2908 3813 3061 3866 cacis
3120 3813 3329 3880 visum,

84 3888 126 3929 et
153 3895 328 3936 vacare
355 3900 561 3938 annum
594 3885 808 3938 Domini
832 3884 1231 3955 acceptabilem.
1275 3924 1289 3938 .
1335 3923 1350 3938 .
1397 3925 1410 3937 .
1456 3924 1471 3939 .
1515 3926 1527 3938 .
1573 3925 1586 3937 .
1633 3924 1646 3936 .
1693 3923 1707 3939 .

150 3968 257 4026 XV.
287 3974 484 4057 Adhuc
514 3976 665 4057 etde
694 3976 939 4057 sabbato
970 3977 1232 4057 script-um
1261 3983 1346 4057 est
1376 3974 1431 4028 in
1460 3974 1647 4057 decem
1685 3975 1889 4057 verbis,
1921 3976 2122 4046 quibus
2151 3974 2780 4057 locutusestmonte
2814 3974 2945 4057 Sina
2981 3975 3048 4031 ad
3084 3974 3331 4057 Moysen,

94 4076 190 4117 ιτ...
218 4082 231 4095 .
338 4063 388 4117 ἐε
421 4046 770 4115 Sanctiﬁcate
801 4044 1095 4100 Sabbatum
1125 4045 1876 4117 Dominimanibusmun‘dis,
1903 4044 1954 4100 et
1983 4064 2115 4117 puro
2138 4048 2313 4103 corde.
2348 4047 2412 4101 Et
2461 4046 2590 4117 alibi
2647 4046 2811 4101 dicit:
2865 4044 2928 4099 Si
2976 4044 3332 4117 custodierint

92 4108 181 4187 [itii
204 4114 296 4187 mei
328 4108 646 4182 Sabbatum,
673 4127 796 4170 tunc
826 4118 1024 4186 faciam
1044 4115 1549 4187 misericordiamin
1577 4116 1708 4187 illis.
1737 4108 2038 4171 Sabbatum
2061 4118 2196 4172 dicit
2229 4118 2444 4171 initium
2477 4116 2588 4187 (98)
2615 4116 3071 4187 constitutionis;
3104 4116 3173 4170 Et
3205 4118 3331 4186 fecit

95 4177 218 4257 Deus
239 4184 322 4237 die
349 4196 499 4239 sexto
529 4177 687 4255 opera
708 4177 835 4251 sua,
850 4200 900 4239 et
925 4188 1308 4257 consummavit
1352 4186 1405 4238 in
1430 4186 1513 4257 die
1537 4186 1780 4255 septimo,
1812 4198 1863 4242 et
1900 4190 2151 4257 requievit
2181 4190 2237 4241 in
2259 4188 2353 4242 illo
2373 4177 2493 4252 die,‘
2522 4224 2537 4240 .
2561 4177 2581 4238 .’
2609 4226 2623 4239 .

2661 4228 2675 4241 .
2730 4188 3026 4252 Attendite,
3050 4186 3168 4252 lilii,
3196 4188 3331 4252 quid

92 4248 231 4328 dicit,
258 4248 642 4329 consummavit
674 4258 730 4329 in
759 4248 849 4311 sea:
871 4257 1004 4329 dies.
1035 4255 1149 4329 Hoc
1171 4256 1477 4329 dicit,4quia
1513 4248 1917 4329 consummavit
1954 4248 2068 4329 (99)
2095 4258 2239 4313 Deus
2260 4259 2443 4312 omnia
2468 4248 2527 4311 in
2556 4273 2647 4312 sex
2688 4258 2852 4311 millia
2879 4248 3173 4329 annorum.
3205 4248 3330 4329 Dies

91 4326 221 4397 3min
251 4327 391 4393 apud
419 4328 596 4393 illum,
618 4328 767 4383 mille
785 4328 915 4382 anni
949 4337 1097 4382 sunt.
1130 4328 1254 4395 Ipse
1276 4326 1411 4379 mihi
1430 4327 1591 4397 testis
1616 4335 1722 4392 est,
1748 4326 1972 4382 dicens:
2002 4328 2137 4382 Ecce
2165 4330 2451 4384 hodiernus
2474 4329 2584 4383 dies
2612 4329 2711 4381 erit
2736 4336 2987 4397 tanquam
3010 4327 3155 4381 mille
3177 4327 3327 4381 anni.

90 4383 229 4468 {inde
251 4383 389 4468 scire
411 4383 697 4468 debetis”
724 4438 739 4451 .
769 4435 786 4451 .
817 4397 946 4468 quia
966 4435 981 4451 .
1020 4434 1034 4450 .
1057 4436 1072 4451 .

1113 4398 1169 4452 in
1199 4410 1292 4469 sex
1324 4396 1497 4469 millia
1522 4411 1793 4469 annorum
1821 4401 2355 4454 consummahuntur
2378 4400 2585 4453 omnia.
2611 4398 2679 4453 Et
2717 4396 2849 4469 quid
2877 4398 3028 4469 dicit,
3055 4397 3329 4468 Requicvit

92 4457 212 4540 Dens
237 4465 319 4540 die
347 4469 593 4540 septima
610 4457 770 4524 ΡἨοε
786 4457 890 4533 est,
928 4483 1053 4540 cum
1085 4466 1299 4521 venerit
1325 4465 1497 4540 Filius
1524 4466 1695 4540 illius,
1713 4475 1766 4522 et
1797 4469 2102 4537 amputabit
2134 4479 2351 4540 tempus
2379 4470 2712 4539 iniquitatis,
2733 4457 2791 4524 ct
2810 4468 3082 4540 judicabit
3104 4457 3324 4540 impios,

90 4535 139 4610 gl
162 4537 387 4610 mutabit
406 4535 603 4601 Solem,
634 4540 821 4593 lunam
845 4548 898 4594 et
918 4539 1106 4595 stellas
1131 4556 1147 4604 ;
1192 4546 1340 4610 tunc
1370 4538 1509 4592 bene
1543 4538 1849 4610 requiescet
1868 4535 1921 4610 in
1951 4541 2039 4594 die
2064 4535 2318 4610 septinia.
2361 4541 2443 4594 Ad
2469 4535 2741 4610 summam
2780 4535 2885 4592 hoc
2913 4538 3075 4610 dicit:
3110 4535 3327 4593 Sancti-

93 4598 254 4657 ﬁcabis
276 4605 430 4661 illum
454 4598 599 4662 diem
622 4610 864 4663 manibus
888 4598 1188 4676 mundis,et
1213 4607 1367 4660 corde
1389 4623 1543 4676 puro.
1568 4598 1741 4673 Quem
1768 4608 1919 4678 (100)
1943 4625 2073 4681 ergo
2096 4598 2239 4666 diem
2270 4610 2633 4666 sanctiﬁcavit
2661 4609 2827 4674 Deus,
2847 4609 2973 4679 quis
2997 4617 3174 4678 potest
3201 4625 3330 4666 san-

150 4724 310 4781 "lsa.
338 4742 473 4791 xm,
508 4725 563 4791 6,
597 4725 649 4783 7.
725 4728 769 4760 °’
791 4727 897 4781 lsa.
957 4741 1086 4780 xux
1111 4765 1128 4792 ,
1164 4725 1217 4779 6.
1296 4723 1341 4755 ⁸ο
1366 4721 1472 4779 lsa.
1516 4739 1627 4791 mu,

1776 4725 1830 4780 2.
1908 4728 1952 4758 ⁹¹
1976 4726 2149 4780 Exod.
2200 4742 2304 4791 xx,
2361 4724 2429 4792 8;
2483 4724 2641 4779 Deut.
2688 4740 2741 4790 v,
2774 4723 2859 4778 ~12.
2939 4721 3116 4778 "Jer.
3171 4738 3327 4787 xvii,

91 4792 170 4857 24,
196 4796 281 4853 25.
360 4799 409 4831 ⁸³
438 4796 578 4853 Gen.
614 4814 676 4865 ιι,
706 4801 762 4853 ‘2.

1377 4887 1746 4945 VARIORUM
1782 4887 2014 4944 NOTAE.

156 4981 259 5067 (8_7_)
294 4984 420 5041 Haec
448 5002 545 5057 per
572 4986 900 5057 prophetam
949 4983 1095 5041 Deus
1123 4984 1287 5039 Pater
1335 4984 1405 5039 ad
1425 4981 1646 5054 _Filium

112 5064 332 5121 oquuur.

155 5125 259 5199 @8)
296 5126 407 5199 αι’.
444 5143 633 5199 supra,
664 5135 779 5199 not.
812 5128 901 5184 8i.

175 5195 262 5323 89)
296 5195 651 5284 Ιιενιιῐιίιιιεε
677 5196 840 5254 Pater
873 5200 942 5255 ad
967 5198 1166 5254 Filium
1199 5197 1461 5267 loquitur.

178 5266 242 5321 90
297 5270 377 5323 Al.
414 5271 625 5323 Κυοιω.

297 5287 625 5412 ἓέιεελιῖξέῗίιιῖζ
659 5340 901 5410 loquitur
934 5357 1031 5412 per
1060 5340 1405 5412 prophetam.

178 5405 263 5479 92)
299 5410 427 5467 Gen.
455 5424 514 5477 ιι,
540 5412 596 5477 2,
623 5405 1128 5468 secundum'ﬂebr.
1162 5405 1271 5465 non
1299 5410 1453 5480 juxta
1480 5405 1644 5473 LXX,

101 5477 432 5557 τιυὶὲιέὼεηις
459 5482 618 5557 ἕκτῃ·

166 5548 264 5625 (95)
301 5552 541 5609 Davisius
567 5548 825 5625 'postulat
874 5552 1238 5625 συντελέσαι
1260 5549 1442 5617 male;
1495 5564 1643 5625 Διιξιιιι

106 5620 439 5746 inﬁnitae“
480 5618 725 5681 futurum
768 5625 917 5681 attic.
950 5624 1154 5680 Buttm.
1199 5621 1443 5677 Gramm.
1491 5618 1638 5693 §86,

155 5125 178 5475 ξ

1829 4981 1943 5052 (94)
1978 4984 2291 5038 Adventum.
2315 4982 2425 5037 Aut
2461 4980 2638 5050 suppl.
2678 4993 2789 5049 per,
2791 4984 2911 5052 ξιιμ
2936 4975 3038 5045 leg.
3079 4973 3333 5028 adventu.

1832 5046 1944 5123 (95)
1977 5052 2280 5108 Serrorum.
2311 5054 2395 5106 Al.
2432 5046 2751 5105 sermonum.
2789 5046 2972 5101 Fellus
3009 5063 3023 5099 :
3060 5060 3337 5098 servorum

1759 5140 1975 5194 suorum
1996 5142 2087 5194 per
2112 5123 2342 5179 verbum.

1830 5193 1943 5263 (96)
1985 5192 2258 5250 Gentibus.
2297 5195 2378 5248 Al.
2414 5192 2603 5263 gentis.

1831 5256 1943 5335 (97)
1970 5265 2308 5319 Hominibus.
2326 5256 2727 5335 Alfliumilib‘us
2758 5259 2897 5335 nihil
2923 5265 3101 5335 mutat
3122 5256 3326 5335 Eellus.

1827 5328 1939 5406 (98)
1983 5335 2331 5390 Initium.Al.
2366 5332 2772 5406 maluntinitio.
2808 5329 2899 5385 Sic
2930 5329 3098 5406 edidit
3124 5328 3325 5406 Fellus.

1829 5397 1942 5479 (99)
1984 5406 2402 5462 Consummavit.
2427 5402 2591 5458 Forte
2621 5401 3026 5456 cansummabit.
3062 5400 3140 5453 Ita
3195 5397 3329 5451 Felli

1754 5479 1941 5533 editio.

1825 5511 2200 5617 (ἳδὸἥριιεηι.
2227 5548 2313 5602 Al.
2350 5543 2410 5601 Si
2448 5561 2600 5616 quem
2622 5586 2636 5615 ,
2661 5542 2818 5614 juxta
2843 5542 3113 5599 Gracum.
3145 5511 3327 5593 Fcllus

1753 5620 1886 5674 nihil
1921 5620 2090 5676 addit.
