3818 6216
79 261 208 318 775

1374 250 1713 307 EPISTULA
1744 251 2157 309 CATIlOLlCA.

3303 254 3405 309 774

82 373 141 425 οἱ
200 370 547 441 ταλαίπωροι
580 368 674 420 ἐπὶ
706 367 796 419 τὸν
832 364 994 435 δόμον
1036 362 1146 434 (19)
1178 362 1435 435 ἠλπισαν,
1474 365 1569 415 καὶ
1618 362 1706 414 οὐκ

1838 372 2007 418 'antes
2061 361 2273 427 miseri,
2325 376 2434 414 non
2498 377 2554 415 m
2599 361 2781 430 ipsum
2834 362 3030 429 Deum,
3084 364 3401 422 effectorem

84 466 193 517 ἐπὶ
224 462 320 516 τὸν
370 461 502 513 Θεὸν
536 460 701 512 αὑτὸν
720 499 733 521 ,
760 458 854 511 τὸν
900 458 1206 527 ποιήσαντα
1236 455 1454 516 αὐτοὺς,
1499 452 1612 506 ἁλλ’
1640 454 1715 516 ὼς

85 553 234 608 ὂντα
267 550 416 607 οἶκον
442 552 600 604 Θεοῦ.
626 550 820 620 Σχεδὸν
853 548 983 621 γὰρ,
1013 550 1089 611 ὡς
1113 547 1182 601 τὰ
1215 547 1363 616 ἔθνη,
1395 546 1715 617 ἀφιέρωσαν

90 648 277 700 αὐτὸν
304 646 363 697 ὲν
388 644 465 714 τῷ
489 644 621 714 ναῷ.
665 641 824 695 Ἀλλά
851 640 970 704 πῶς
1002 640 1151 709 λέγει
1176 638 1401 711 Κύριος,
1426 636 1717 708 καταργῶν

90 738 307 800 αὐτὸν,
360 736 593 807 μάθετε·
636 734 732 799 Τίς
782 731 1076 802 ἐμέτρησε
1127 732 1232 783 τὸν
1271 729 1534 798 οὐρανὸν
1574 744 1716 781 σπιο

94 829 291 899 θαμῇ,
308 829 407 881 καὶ
422 829 512 892 τίς
529 823 774 894 τὴνζγῆν
789 823 985 891 δρακί;
1006 824 1127 875 Οὐκ
1142 821 1278 891 erit);
1295 822 1463 889 Λέγει
1483 822 1714 888 Κύριος·

110 922 181 972 '0
205 920 470 987 οὐρανός
496 934 597 986 μοι
618 915 852 983 θρόνος,
875 915 913 981 ὴ
934 913 1001 966 δὲ
1016 913 1093 983 γνῆ
1115 913 1451 967 ὑποπόδιον
1474 911 1592 965 τῶν
1612 927 1719 963 πο-

96 1012 230 1065 δῶν
252 1028 403 1081 μου·
436 1009 610 1062 ποῖον
638 1007 807 1060 οἷκον
827 1004 1255 1075 οἰκοδομήσετέ
1281 1003 1391 1075 (20)
1411 1022 1535 1074 μοι,
1558 1003 1596 1071 ἢ
1625 1004 1718 1069 τίς

96 1106 298 1170 τόπος
325 1102 437 1172 τῆς
462 1099 899 1165 καταπαύσεώς
923 1114 1080 1168 μου;
1111 1097 1313 1160 Γνῶτε,
1345 1098 1424 1149 ὅτι
1452 1096 1655 1168 ματαία
1683 1097 1716 1166 ἠ

97 1196 266 1259 ἐλπὶς
301 1194 481 1248 αὐτῶν
517 1192 651 1264 (21).
686 1193 869 1263 Πέρας
898 1190 1029 1259 γοῦν
1065 1188 1392 1259 πάλινλέγει
1413 1204 1425 1217 ’
1462 1188 1637 1251 Ἰδοὺ,
1663 1191 1716 1241 οὶ

97 1291 476 1354 καθελόντες
523 1286 629 1339 τὸν
672 1290 824 1339 ναόν
862 1283 1080 1337 τοῦτον
1123 1281 1292 1336 αὐτοὶ
1335 1281 1522 1335 αὐτὸν
1557 1285 1716 1336 οἱκο-

97 1382 477 1453 δομήσουσι.
504 1380 718 1431 Γίνεται
739 1376 873 1448 (22)·
896 1375 995 1429 Διὰ
1015 1375 1124 1446 γὰρ
1148 1375 1210 1427 τὸ
1237 1373 1491 1445 πολεμεῖν
1520 1376 1717 1439 αὐτοὺς

98 1472 398 1547 καθῃρέθη
453 1471 558 1524 ὑπὸ
610 1470 718 1522 τῶν
762 1468 1005 1540 ἐχθρῶν·
1036 1467 1131 1521 νῦν
1173 1468 1267 1520 καὶ
1310 1467 1463 1520 αὐτοὶ
1507 1468 1555 1520 οἱ
1607 1467 1716 1521 τῶν

100 1566 329 1638 ἐχθρῶν
357 1564 629 1635 ὑπηρέται
658 1562 1176 1633 άνοικοδομήσουσιν
1208 1560 1388 1613 αὐτόν.
1423 1561 1610 1624 Πάλιν,
1641 1560 1716 1623 ὡς

100 1659 350 1730 ἤμελλεν
377 1660 409 1728 ἡ
438 1656 593 1719 πόλις
625 1656 719 1708 καὶ
741 1658 769 1708 ὁ
799 1654 926 1716 ναὸς
956 1654 1051 1706 καὶ
1076 1654 1103 1705 ὁ
1132 1652 1256 1716 λαὸς
1293 1653 1508 1725 Ἰσραὴλ
1535 1670 1713 1725 παρα-

99 1749 374 1810 δίδοσθαι,
407 1745 749 1818 ἐφανερώθη.
785 1745 949 1814 Λέγει
974 1744 1083 1817 γὰρ
1107 1747 1139 1816 ἡ
1164 1746 1354 1815 Γραφή
1376 1762 1389 1773 ·
1417 1744 1527 1798 Καὶ
1546 1746 1717 1799 ἔσται
1748 1731 1791 1785 Β

98 1839 200 1891 ἐπ’
247 1837 525 1907 ἐσχάτων
567 1834 821 1905 ἡμερῶν,
854 1833 1194 1902 παραδώσει
1224 1835 1440 1902 Κύριος
1468 1835 1540 1888 τὰ
1571 1836 1715 1902 πρό-

101 1934 262 1985 ϐατα
293 1930 406 1998 τῆς
434 1929 643 1998 νομῆς,
684 1928 783 1982 καὶ
821 1928 937 1995 τὴν
977 1927 1254 1996 μάνδραν
1306 1928 1536 1982 καὶτὸν
1569 1930 1715 1997 πύρ-

100 2041 219 2093 τον
249 2022 451 2077 αὐτῶν
478 2025 564 2086 εὶς
594 2019 978 2089 καταφθοράν
999 2018 1133 2091 (25).
1162 2020 1271 2073 Καὶ
1298 2020 1511 2089 ἐγένετο
1531 2020 1652 2073 καθ’
1680 2019 1715 2073 δι

101 2118 343 2188 ἐλάλησε
380 2116 599 2186 Κύριος.
638 2116 973 2185 Ζητήσωμεν
1018 2108 1196 2176 οὗν,εί
1237 2112 1352 2164 ἐστι
1394 2112 1521 2175 ναὸς
1578 2112 1712 2164 Θεοῦ

101 2210 246 2279 (24).
280 2210 470 2261 Ἔστιν
492 2224 502 2237 ·
529 2208 661 2259 ὅπου
685 2205 848 2267 αὐτὸς
866 2204 1014 2272 λέγει
1038 2206 1210 2256 ποιεῖν
1228 2202 1322 2256 καὶ
1346 2202 1709 2273 καταρτίζειν.
1730 2242 1791 2295 ν,

101 2304 426 2371 Γέγραπται
456 2300 563 2370 γάρ
585 2316 596 2328 ·
649 2297 758 2351 Καὶ
796 2297 968 2351 ἔσται
991 2336 1004 2360 ,
1039 2294 1150 2364 τῆς
1192 2292 1517 2363 ἑϐδομάδος
1561 2310 1712 2347 συν-

102 2376 484 2462 τελουῇἐνης
528 2387 1064 2458 οἰκοδομηθήσεται
1107 2386 1254 2453 ναὸς
1289 2386 1436 2439 Θεοῦ
1465 2385 1713 2451 ἔνδοξος

108 2486 226 2555 (23)
256 2485 357 2538 ἐπὶ
389 2483 468 2549 τῷ
501 2483 745 2552 ὀνόματι
782 2480 1029 2548 Κυρίου.
1071 2480 1325 2552 Εὑρίσκω
1351 2474 1464 2542 οὖν,
1491 2479 1570 2531 ὅτι
1599 2477 1711 2531 ἔστι

105 2580 259 2641 ναός.
298 2576 424 2639 Πῶς
464 2572 556 2629 οὖν
593 2572 1082 2643 οἰκοδομηθήσεται
1112 2573 1169 2624 ἐν
1205 2570 1429 2641 ὀνόματι
1463 2571 1709 2642 Κυρίου;

111 2670 324 2742 μάθετε
351 2668 483 2739 (26).
512 2667 624 2737 Πρὸ
667 2665 763 2718 τοῦ
811 2666 959 2735 ἡμᾶς
1012 2662 1302 2716 πιστεῦσαι
1340 2662 1419 2732 τῷ
1460 2661 1614 2733 Θεῷ,
1643 2658 1712 2733 ἧν

109 2763 271 2836 ἡμῶν
324 2762 385 2814 τὸ
438 2758 860 2829 κατοικητήριον
920 2756 1020 2827 τῆς
1060 2754 1288 2826 καρδίας
1335 2754 1568 2825 φθαρτὸν
1620 2756 1712 2808 καί

109 2854 378 2915 ἀσθενὲς,
430 2853 506 2915 ὡς
549 2850 768 2922 ἀληθῶς
817 2848 1173 2919 οἰκοδομητὸς
1219 2848 1346 2911 ναὸς
1377 2847 1465 2900 διὰ
1500 2848 1706 2920 χειρός·

111 2949 195 3000 ὅτι
248 2942 318 3015 ἦν
366 2944 581 3015 πλήρης
632 2944 731 3014 μὲν
772 2941 1220 3012 είδωλολατρείας
1261 2941 1408 3012 (27),
1457 2940 1599 3013 [καὶ]
1643 2937 1710 3012 ἦν

111 3035 262 3101 οἶκος
296 3036 588 3107 δαιμονίων
610 3075 624 3098 ,
668 3033 757 3087 διὰ
789 3034 851 3086 τὸ
896 3035 1106 3098 ποιεῖν,
1146 3033 1247 3085 ὅσα
1288 3028 1355 3103 ἦν
1381 3034 1597 3085 ἐναντία
1631 3032 1709 3103 τῷ
1738 3074 1781 3129 C

112 3131 253 3203 Θεῷ.
300 3128 801 3200 Οἰκοδομηθήσεται
847 3127 904 3179 δὲ
950 3127 1044 3179 ἐπὶ
1086 3125 1165 3196 τῷ
1209 3126 1433 3196 ὀνόματι
1462 3128 1707 3198 Κυρίου,

115 3224 438 3296 προσέχετε,
463 3221 549 3274 ἵνα
578 3223 606 3274 ὁ
630 3221 758 3283 ναὸς
788 3219 995 3290 Κυρίου
1025 3217 1251 3283 ἐνδόξως
1275 3218 1387 3291 (28)
1421 3219 1711 3291 οἰκοδομη-

115 3314 205 3387 θῇ.
237 3312 396 3377 Πῶς;
434 3311 651 3383 μάθετε.
706 3309 978 3373 Λαϐόντες
1027 3310 1115 3381 τὴν
1154 3309 1349 3379 ἄφεσιν
1386 3308 1494 3361 τῶν
1529 3310 1707 3381 ἁμαρ-

1820 471 2035 518 eorum,
2065 470 2218 524 spem
2248 453 2581 519 habuerunt,
2602 456 2693 509 sed
2720 456 2773 508 in
2806 457 3000 521 aedem,
3025 459 3180 526 quasi
3208 460 3405 517 domus

1821 545 1914 599 Dei
1950 555 2115 600 esset.
2158 544 2293 598 Nam
2320 544 2434 598 fere
2466 546 2641 600 instar
2664 549 2908 616 gentium
2945 548 3099 603 illum
3126 550 3178 603 in
3204 555 3407 623 templo

1819 639 2061 694 venerati
2114 647 2263 693 sunt.
2318 638 2424 694 Sed
2479 641 2758 710 quomodo
2802 641 3069 697 Dominus
3117 644 3403 714 loquatur,

1820 731 2193 800 templumque
2240 732 2456 785 irritum
2510 734 2711 799 faciat,
2767 734 3228 792 animadvertite:
3274 737 3406 803 Quis

1818 839 2029 875 mensus
2066 835 2142 876 est
2181 823 2366 876 caelum
2397 825 2687 891 spithama,
2720 836 2768 879 et
2795 829 2913 897 quis
2952 837 3148 882 terram
3184 832 3409 899 palma?

1820 913 2013 968 Nonne
2042 916 2230 985 ego”?
2267 915 2412 969 Dicit
2448 917 2706 972 Dominus
2730 932 2749 971 :
2784 918 2984 973 Caelum
3016 922 3144 973 mihi
3189 923 3405 976 thronus

1817 1014 1916 1069 est,
1950 1014 2091 1057 terra
2122 1016 2296 1059 autem
2349 1008 2639 1061 scabellum
2690 1009 2879 1078 pedum
2918 1027 3175 1064 meorum.
3232 1012 3406 1076 Quam

1821 1102 1951 1154 nti/ti
1991 1104 2206 1155 domum
2250 1105 2618 1173 wdiﬁcabitis,
2655 1115 2747 1158 aut
2793 1106 2909 1175 quis
2964 1105 3111 1159 locus
3158 1108 3405 1177 requietis

1818 1195 2049 1248 meas"?
2074 1193 2425 1266 Cognoscite,
2463 1198 2609 1267 quod
2637 1214 2773 1251 vana
2801 1211 2884 1253 est
2914 1215 3038 1268 spes
3068 1200 3307 1253 illorum.
3339 1196 3407 1252 Et

1819 1288 2036 1341 tandem
2063 1304 2257 1343 rursus
2293 1289 2368 1342 ait
2396 1306 2408 1341 :
2446 1288 2599 1351 Ecce,
2630 1291 2720 1359 qui
2750 1291 3126 1343 destruxerunt
3155 1287 3404 1358 templum

1816 1376 1946 1444 hoc,
2000 1378 2103 1447 ipsi
2149 1379 2286 1432 illud
2329 1381 2760 1450 wdiﬁcabunt”.
2817 1382 2980 1453 quue
3024 1384 3222 1437 evenit.
3264 1382 3401 1437 Nam

1817 1470 1944 1539 quia
1986 1470 2190 1525 bellum
2225 1482 2535 1543 gesserunt,
2570 1474 2639 1528 ab
2666 1475 2916 1529 hostibus
2945 1474 3290 1529 destructum
3321 1484 3400 1529 est

1820 1564 2122 1646 templum;
2156 1581 2305 1621 nunc
2333 1574 2386 1621 et
2411 1567 2513 1636 ipsi
2542 1568 2781 1622 hostium
2814 1569 3051 1622 ministri
3075 1569 3405 1623 reaedilicant

1819 1654 1974 1710 illud.
2012 1656 2239 1723 lterum,
2273 1660 2417 1728 quod
2455 1659 2720 1713 tradenda
2748 1668 2895 1715 esset
2918 1661 3115 1715 civitas
3142 1676 3253 1715 una
3278 1677 3404 1715 cum

1825 1747 2026 1816 templo
2054 1756 2108 1802 et
2139 1764 2262 1803 cum
2304 1751 2506 1819 populo
2552 1749 2852 1805 Israelitico
2874 1791 2887 1813 ,
2918 1760 3002 1806 est
3043 1752 3401 1807 declaratum.

1818 1836 1909 1891 Ait
1933 1839 2133 1911 quippe
2166 1838 2489 1910 Scriptura:
2523 1840 2592 1895 Et
2640 1844 2741 1896 erit
2770 1844 2825 1895 in
2859 1844 3156 1897 novissimis
3196 1844 3398 1907 diebus,

1821 1932 1993 1985 tradet
2024 1932 2285 1986 Dominus
2318 1950 2433 1987 ores
2463 1935 2650 2003 pascui
2678 1944 2727 1987 et
2757 1936 2887 1989 ovile
2913 1945 2962 1989 et
2993 1936 3185 1989 turrim
3222 1952 3403 1989 eorum

1818 2023 1872 2075 in
1900 2023 2143 2077 exitium.
2187 2025 2366 2093 Atque
2396 2024 2645 2095 contigit,
2679 2026 3146 2094 quemadmodum
3180 2026 3403 2081 locutus

1816 2123 1901 2169 est
1940 2113 2226 2170 Dominus.
2254 2114 2579 2181 Quaeramus
2624 2116 2833 2184 itaque,
2865 2133 2931 2170 an
2964 2126 3141 2172 exstet
3174 2116 3403 2191 [adhuc]

1816 2208 2080 2274 templum
2125 2207 2244 2263 Dei.
2284 2207 2544 2273 Exsistit,
2584 2208 2676 2261 ubi
2719 2210 2952 2277 ipsemet
2978 2224 3036 2263 se
3065 2210 3196 2263 illud
3227 2209 3407 2265 facere

1816 2302 1881 2355 ac
1917 2298 2180 2367 perlicere
2224 2307 2479 2353 testatur.
2512 2299 2786 2368 Scriptum
2835 2300 2981 2353 enim
3008 2309 3130 2353 est:
3166 2298 3237 2351 Et
3280 2301 3402 2367 erit,

1816 2393 2149 2446 Iteddomada
2178 2390 2460 2461 completa,
2493 2390 2856 2459 wdiﬁcabitur
2878 2392 3222 2463 magniﬁcum
3275 2402 3406 2446 tem-

1814 2485 1960 2555 plum
1984 2484 2104 2551 Dei,
2130 2485 2187 2536 in
2210 2484 2418 2537 nomine
2442 2482 2659 2536 Domini
2683 2481 2772 2538 ¹⁰⁰,
2797 2481 3021 2537 Invenio
3048 2484 3231 2553 igitur,
3256 2486 3405 2554 quod

1816 2578 2078 2647 templum
2108 2576 2342 2630 exsistit.
2376 2574 2495 2640 Qua
2527 2574 2743 2628 ratione
2782 2589 2912 2645 ergo
2949 2576 3312 2630 aedilicabitur
3347 2577 3403 2629 in

1815 2671 2040 2722 nomine
2065 2666 2301 2731 Domini,
2323 2665 2537 2720 discite.
2558 2664 2867 2733 Antequam
2894 2664 3003 2719 Deo
3032 2666 3402 2732 crederemus,

1815 2767 1933 2815 erat
1956 2760 2139 2815 cordis
2166 2758 2339 2812 nostri
2368 2757 2709 2811 domicilium
2742 2756 3078 2826 corruptioni
3103 2757 3403 2811 obnoxium

1814 2860 1869 2905 et
1917 2850 2222 2913 imbecille,
2259 2849 2326 2903 ad
2384 2848 2611 2902 modum
2667 2848 2858 2917 templi
2889 2864 3015 2902 vere
3058 2864 3154 2918 per
3206 2865 3403 2903 manus

1814 2943 2107 3007 aediﬁcati;
2155 2942 2376 3011 plenum
2432 2940 2702 3010 siquidem
2748 2948 2867 2993 erat
2914 2940 3188 2994 idolorum
3227 2942 3403 3007 cultu,

1814 3045 1868 3091 et
1893 3046 2009 3091 erat
2037 3034 2234 3089 domus
2255 3032 2591 3096 daemonum,
2615 3032 2742 3102 quia
2776 3032 3032 3099 fecimus,
3060 3048 3405 3103 quaecunque

1819 3126 1931 3181 Deo
1963 3125 2245 3181 contraria
2286 3133 2431 3179 sunt.
2468 3123 2853 3179 .Edilicabitur
2878 3135 3084 3190 autem,
3118 3128 3401 3191 attendite,

1818 3218 1875 3271 in
1906 3218 2130 3271 nomine
2162 3215 2413 3282 Domini,
2459 3224 2518 3269 ut
2551 3217 2811 3285 templum
2849 3216 3068 3270 Domini
3117 3218 3406 3287 magnilice

1819 3310 2133 3365 aediﬁcetur.
2180 3308 2507 3375 Quomodo?
2541 3307 2765 3363 Discite.
2798 3307 3034 3379 Accepta
3074 3311 3405 3365 remissione

115 3406 282 3469 τιῶν,
330 3406 423 3459 καὶ
457 3404 780 3466 ἐλπίσαντες
820 3403 914 3455 ἐπὶ
963 3400 1042 3473 τῷ
1075 3402 1300 3473 ὀνόματι
1336 3401 1432 3455 τοῦ
1462 3401 1669 3473 Κυρίου
1690 3441 1703 3464 ,

1836 3406 2165 3455 Seccatorum
2198 3408 2251 3452 et
2280 3413 2375 3467 spe
2413 3397 2601 3451 habita
2632 3398 2686 3450 in
2744 3413 2942 3451 nomen
2989 3396 3230 3465 Domini,
3274 3398 3404 3454 facti

115 3498 418 3569 ἐγενόμεθα
452 3498 647 3560 καινοὶ,
682 3494 843 3549 πάλιν
872 3492 930 3561 ἐξ
955 3494 1128 3565 ἀρχῆς
1166 3491 1495 3565 κτιζὸμενοι.
1648 3495 1704 3547 ἐν

1815 3506 2005 3547 sumus
2033 3489 2180 3556 novi,
2209 3489 2407 3542 iterum
2434 3488 2503 3542 ab
2526 3489 2740 3558 integro
2766 3488 2956 3544 creati.
2987 3488 3110 3545 ldco
3136 3490 3192 3544 in
3219 3492 3401 3557 nobis,

1425 3612 1609 3673 Vetus
1641 3613 2111 3691 interpretatio.

118 3732 186 3785 Et
211 3734 301 3787 liet
327 3731 441 3802 (29)
469 3749 483 3784 :
509 3731 640 3786 dum
664 3731 810 3785 enim
844 3727 1249 3802 belligerarent,
1280 3728 1721 3802 depositumuest
1762 3728 1831 3782 ab
1863 3724 2260 3802 inimicis__(5_0)
2296 3766 2308 3777 .
2338 3765 2352 3802 τ
2392 3765 2406 3779 .
2444 3765 2456 3778 .

120 3803 335 3864 civitas,
370 3841 384 3853 .
422 3796 435 3854 ζ
475 3843 486 3854 .
525 3841 540 3856 .
584 3810 637 3855 et
666 3802 900 3871 populus
940 3796 1088 3853 totus
1135 3796 1449 3871 Judaaorum
1498 3800 1661 3871 tradi,
1711 3799 2039 3868 propalavit.
2097 3796 2238 3871 Dicit
2266 3797 2412 3850 enim

2487 3766 2500 3778 .
2534 3765 2549 3780 .
2581 3766 2595 3779 .
2635 3766 2648 3779 .
2692 3726 2896 3782 lterum
2929 3728 3073 3783 sicut
3103 3728 3403 3798 incipiebat

2463 3796 2749 3867 Scriptura
2778 3816 2791 3852 :
2821 3838 2834 3851 .
2869 3837 2882 3851 .
2918 3836 2932 3851 .
2976 3798 3043 3852 In
3090 3796 3397 3853 novissimis

120 3873 303 3927 diebus
335 3873 507 3926 tradet
531 3868 791 3925 Dominus
819 3886 935 3924 oves
963 3885 1196 3938 pascuae,
1219 3879 1269 3923 et
1301 3870 1473 3923 cubile
1497 3870 1633 3940 (51),
1663 3879 1713 3922 et
1739 3879 1938 3921 turrem
1969 3868 2226 3940 eorum_in
2244 3868 2636 3940 exterminium.
2664 3868 2731 3940 Et
2756 3868 2959 3922 factum
2980 3879 3063 3924 est
3096 3871 3397 3925 secundum

119 3960 244 4012 quae
268 3942 557 4007 Dominus,
586 3942 803 4012 locutus
824 3950 927 3995 est.
955 3937 1284 4012 Quaeramus
1304 3955 1458 4009 ergo,
1488 3940 1535 3995 si
1563 3937 1647 3994 est
1678 3940 1939 4012 templum
1967 3939 2100 4012 Deo.
2128 3937 2255 4012 Est:
2291 3939 2381 3991 ubi
2407 3938 2523 4012 ipse
2541 3937 2873 4012 dicitfacere
2900 3948 2960 4012 et
2982 3955 3391 3995 consummare.

124 4015 401 4083 Scriptum
437 4053 450 4065 .
484 4052 496 4065 .
531 4051 544 4065 .

588 4022 707 4066 est:
740 4010 807 4064 Et
832 4012 952 4076 erit,
979 4012 1200 4079 septimo
1230 4011 1314 4063 die
1342 4008 1705 4063 consummato
1741 4010 1878 4079 (52),
1932 4008 2290 4079 wdiﬁcabttur
2343 4008 2594 4079 templum
2645 4009 2753 4061 Deo
2798 4009 3056 4078 prwclare
3104 4012 3156 4063 in
3187 4013 3397 4065 nomine

128 4078 361 4137 Domini.
399 4083 646 4147 Invenio,
673 4084 801 4151 quia
831 4082 1095 4150 templum
1116 4090 1220 4134 est.
1252 4079 1373 4146 Quo
1401 4080 1565 4134 modo
1598 4096 1730 4149 ergo
1750 4078 2121 4133 Vaadilicabitur
2149 4078 2203 4130 in
2240 4079 2459 4151 nomine
2497 4078 2757 4151 Domini?
2805 4079 3024 4134 Discite.
3064 4080 3204 4135 Ante
3226 4097 3395 4151 quam

125 4155 473 4209 crederemus
502 4152 634 4214 Deo,
668 4149 788 4207 erat
819 4149 1084 4206 habitatio
1121 4160 1308 4204 nostra
1333 4189 1346 4203 .
1382 4190 1395 4203 .
1433 4190 1446 4203 .
1470 4160 1731 4219 corrupta
1759 4159 1814 4203 et
1850 4151 2088 4215 inlirma,
2120 4150 2265 4202 sicut
2295 4149 2558 4217 templum
2589 4150 2735 4218 quod
2762 4165 2857 4219 per
2886 4166 3083 4205 manus
3117 4191 3130 4204 .
3172 4190 3186 4204 .
3316 4189 3332 4205 .
3372 4191 3386 4204 .

123 4224 458 4279 aediﬁcatur:
490 4225 620 4293 quia

127 4298 455 4359 faceremus,
487 4309 611 4364 qua:

126 4367 275 4436 plum
298 4364 432 4418 Deo.
458 4362 757 4436 attendite.
792 4362 856 4416 Et

688 4224 792 4277 leni
824 4237 1044 4276 eramus
1078 4222 1493 4276 adorationibus
1520 4221 1792 4274 idolorum

639 4238 749 4345 Beo
775 4300 962 4345 essent
1002 4293 1300 4345 contraria.
1329 4290 1712 4345 Ediﬁcabitur
1738 4306 1791 4343 at

1803 4263 1815 4284 ,
1852 4260 1866 4273 .
1900 4258 1912 4271 .
1942 4259 1955 4272 .
2002 4231 2055 4273 et
2087 4227 2205 4273 erat
2229 4222 2443 4290 domus
2466 4220 2900 4285 daemoniorum;
2963 4230 3183 4290 propter
3240 4223 3389 4290 quod

685 4309 749 4347 eo
775 4300 962 4347 essent
1002 4293 1300 4345 contraria.
1329 4290 1712 4345 Edilicabitur
1738 4301 1923 4344 autem
1955 4293 2008 4343 in
2036 4292 2260 4343 nomine
2294 4288 2531 4354 Domini,
2566 4329 2579 4341 .
2617 4328 2635 4345 .
2672 4327 2684 4341 .
2728 4291 2988 4359 praeclare
3017 4331 3030 4344 .
3063 4288 3082 4345 ζ
3115 4330 3130 4345 .
3156 4330 3171 4346 .
3203 4331 3217 4346 .
3260 4288 3398 4346 tem-

898 4377 1009 4431 quo
1042 4363 1240 4415 modo?
1270 4361 1514 4416 Discite:
1555 4369 1616 4415 ut
1649 4362 1933 4431 accipiatis
1968 4360 2345 4431 remissionem
2399 4369 2772 4428 peccatorum.
2821 4361 2957 4415 Cum
3001 4362 3397 4417 crediderimus

128 4430 182 4490 in
216 4436 436 4490 nomine
464 4433 703 4501 Domini,
728 4447 839 4487 non
877 4447 1072 4487 sumus
1114 4433 1228 4504 (55)
1256 4433 1372 4502 jam
1402 4432 1556 4499 tales,
1587 4430 1783 4501 quales
1806 4431 2051 4485 abinitio
2078 4430 2280 4484 creati:
2306 4438 2528 4499 propter
2562 4432 2708 4499 quod
2742 4471 2755 4484 .
2784 4468 2799 4484 .
2830 4470 2845 4484 .
2884 4471 2898 4484 .
2928 4469 2942 4485 .
2987 4433 3042 4485 in
3070 4433 3229 4488 nobis
3267 4448 3395 4487 vere

171 4550 371 4620 (9’lsa.
424 4569 513 4616 XL,
564 4551 648 4606 12.
730 4552 905 4608 "lsa.
942 4564 1089 4614 wa,
1130 4550 1179 4603 l.
1253 4550 1297 4581 ⁹⁹
1320 4547 1424 4604 lsa.
1453 4561 1602 4615 xm,
1644 4547 1706 4601 l7

1836 4547 1877 4579 °°
1898 4546 2035 4601 Dan.
2078 4563 2154 4611 ιχ,
2192 4545 2280 4613 24,
2310 4546 2401 4611 25,
2429 4546 2529 4613 27;
2562 4546 2699 4617 Agg.
2735 4563 2794 4615 ιι,
2821 4547 2905 4601 10.

1446 4682 1814 4739 VARIORUM
1852 4680 2088 4736 ΝΟΤᾹΞ.

202 4808 314 4879 (19)
356 4806 433 4879 Ita
458 4806 579 4862 Cot.
606 4802 752 4879 οἶκον
779 4804 1004 4879 Men_._et
1032 4804 1166 4879 Fell.
1191 4804 1374 4879 οδδόν,
1398 4804 1559 4879 limen
1589 4802 1705 4857 Ma—

130 4874 490 4947 zoéwadent
519 4885 628 4947 vet.
660 4877 858 4946 interp.
890 4874 991 4931 Ms.
1033 4877 1131 4947 τὴν
1156 4875 1308 4947 Δὁδόν,
1334 4877 1495 4947 male.

200 4950 314 5024 (2ο)
356 4948 431 5024 ita
657 4956 711 5000 et
756 4945 864 5001 vet.
893 4945 1119 5017 interpr.
1153 4945 1255 5001 Ms.
1291 4945 1703 5016 οἰκοδομήσατε.

222 5016 314 5091 21)
352 5018 397 5091 l_.
425 5034 473 5071 e.
491 5016 843 5091 AJudaeorum.

222 5029 314 5091 21)
352 5029 397 5073 ι.
425 5034 473 5071 e.
507 5029 843 5074 Judaaorum.

201 5029 316 5163 (22)
358 5087 760 5163 _S_piritualiter,_
780 5099 838 5163 ut
863 5103 991 5163 mox
1020 5086 1316 5142 videbitur.
1347 5086 1487 5140 Mea.

205 5157 317 5232 (25)
358 5158 518 5232 Hace,
544 5167 709 5232 prout
746 5158 835 5232 h_ic
866 5160 1155 5232 habentur,
1188 5172 1297 5212 non
1339 5169 1467 5212 sunt
1497 5157 1550 5211 in
1592 5164 1705 5210 tota

136 5226 436 5300 Scriptura.
465 5228 604 5286 ΜΕΝ.
632 5230 732 5283 cl'r.
758 5226 869 5284 Jer.
904 5246 1032 5283 xxv.
1060 5227 1166 5300 l_s_a.
1191 5244 1244 5281 v.

208 5298 320 5374 (211)
360 5300 479 5355 Jam
519 5301 799 5374 destructo
834 5301 1037 5369 templo
1072 5298 1367 5374 Hierosol.,
1403 5299 1599 5368 quaerit
1636 5313 1706 5352 an

138 5368 365 5429 alterum
398 5370 662 5440 templum
696 5368 1083 5440 successurum
1116 5371 1207 5423 sit.
1241 5368 1381 5423 ΜΕΝ.

206 5443 317 5514 (25)
359 5441 478 5514 Vel.
512 5439 737 5514 interpr.
768 5441 874 5514 leg.
912 5439 1158 5508 ἐνδόξως,
1176 5440 1461 5514 praelate.

209 5509 318 5582 (26)
358 5513 531 5567 Clem.
564 5512 719 5565 Alex.
756 5509 956 5564 Strom.
991 5527 1053 5575 ιι,
1093 5528 1140 5565 c.
1168 5512 1259 5575 20,
1294 5527 1349 5579 p.
1379 5509 1504 5565 490.

207 5580 319 5655 (27)
358 5583 436 5637 lta
480 5599 547 5638 ex
581 5583 754 5655 (item.
783 5583 937 5655 Alex_.
975 5590 1028 5636 et
1064 5591 1174 5655 vel.
1199 5580 1703 5655 _interp._restit_uo.

139 5647 223 5739 in;
243 5647 509 5777 ms.£post
542 5652 1003 5723 εἰδωλολατρείας,
1031 5651 1309 5708 abundant
1346 5647 1541 5713 ξοῖκος
1567 5650 1718 5704 εἰδω-

140 5741 351 5777 λοΑατοε
375 5742 434 5777 α.

140 5741 434 5798 ΑοΑατρεια.

1883 4799 1997 4871 (28)
2031 4799 2114 4871 l_ta
2140 4798 2315 4871 Clem.
2349 4807 2547 4871 et_vet.
2576 4772 2779 4867 interp.
2820 4795 3174 4871 Ms._€v__69¢';o;.

1883 4866 1998 4940 (29)
2021 4869 2091 4923 Et
2113 4871 2222 4939 ﬁet.
2243 4867 2457 4939 Leg.Et
2474 4871 2558 4938 ﬁt.
2574 4871 2651 4923 lta
2673 4866 2892 4939 quoque
2910 4866 3190 4940 Felliedit.
3209 4866 3365 4925 Oxon
3388 4914 3399 4926 .

1818 5012 1827 5019 .
2038 4936 2122 4993 ΑΗ
2155 4936 2414 5023 inimicis._
2443 4936 2983 5023 "cod:
3019 4936 3177 5023 lxutic
3204 4950 3254 4993 et
3285 4942 3340 5010 ip
3356 4946 3401 4998 si

1812 5008 2151 5066 inimicorum
2183 5012 2415 5064 ministri
2443 5012 2508 5063 ab
2533 5011 2688 5063 initio
2714 5010 2984 5075 ludiﬁcant
3013 5008 3170 5063 illud.

1884 5083 1999 5153 (51)
2041 5080 2244 5153 Culiile,
2281 5092 2385 5135 etc.
2425 5079 2566 5150 Lege
2612 5081 2766 5153 ovile,
2802 5090 2860 5153 ut
2898 5079 2960 5153 in_
2988 5088 3136 5153 textu
3175 5079 3386 5148 Graco,

1816 5149 2074 5225 μάνδραν.
2102 5151 2171 5204 Ει
2199 5162 2395 5225 turrem
2427 5149 2629 5225 eorum.
2658 5151 2867 5225 Alludit
2893 5149 2962 5225 ad
2990 5152 3184 5225 tur_r_im
3214 5152 3386 5217 illam,

1815 5219 1883 5279 de
1916 5219 2024 5293 qua
2056 5224 2110 5275 in
2137 5224 2395 5291 parabola
2428 5223 2599 5275 vinea:
2627 5221 2771 5289 apud
2801 5219 2938 5275 lsai.
2975 5237 3028 5293 Υ.
3064 5219 3206 5277 ΜΕΝ.

1887 5291 2000 5364 (52)
2042 5293 2275 5361 Septimo
2299 5293 2382 5364 die
2409 5302 2791 5364 consummato.
2848 5293 2906 5343 In
2934 5291 3148 5364 _Graaco
3189 5291 3388 5364 legitur

1815 5362 2143 5429 ex‘Daniele,
2169 5363 2268 5433 τῆς
2296 5363 2587 5433 ἑϐδομάδος
2618 5362 3065 5433 συντελουμένης,
3102 5372 3159 5416 ιιι
3187 5362 3387 5416 intelli-

1820 5444 1980 5506 gatur
2011 5436 2313 5506 septimana
2331 5450 2394 5506 ex
2423 5436 2584 5487 annis
2611 5444 2915 5506 constare.__
2947 5433 3113 5506 γεω..

1891 5506 2007 5577 (55)
2049 5500 2119 5577 Ut
2141 5505 2488 5577 accipiatis...
2518 5519 2839 5577 nonsumus.
2872 5501 3029 5577 Hunc
3055 5504 3232 5577 locum
3258 5500 3385 5556 Fel-

1818 5574 1908 5630 lus'
1932 5577 2011 5629 sic
2036 5575 2292 5629 exhibet:
2333 5574 2471 5644 quod
2502 5576 2815 5642 accipientes
2862 5574 3221 5644 remissionem
3260 5588 3383 5644 neci-

1825 5656 2088 5710 catorum,
2121 5655 2171 5697 et
2204 5643 2740 5699 cum'crediderimus
2788 5647 2844 5696 in
2895 5644 3102 5697 nomine
3146 5643 3384 5708 Domini,

1825 5734 1917 5773 nos
1944 5732 2144 5783 sumus,
2169 5728 2274 5771 eLc.
