3818 6216
132 278 233 332 ’77
1367 283 1707 341 EPISTOLA
1734 284 2146 347 CATﬂOLlCA.
3300 300 3404 358 778

130 402 219 454 δύο
237 399 383 453 ὁδῶν.
438 399 550 471 Ἐφ’
572 394 641 473 ἧς
676 402 776 473 μὲν
806 404 912 475 γάρ
939 405 1046 457 είσι
1086 404 1409 474 τεταγμένοι
1439 421 1638 473 φωταγ‹

1897 409 2134 464 'omnlta
2178 418 2413 464 duarum
2448 413 2681 466 viarum.
2726 409 2829 466 Uni
2858 410 3129 481 siquidem
3181 427 3405 484 praepo-

129 498 213 564 γοὶ
242 495 462 565 ἄγγελοι
488 495 581 550 τοῦ
608 496 766 562 Θεοῦ,
806 498 891 567 ἐφ’
916 491 984 569 ἦς
1010 497 1067 549 δὲ
1101 497 1323 565 ἄγγελοι
1349 496 1444 549 τοῦ
1471 498 1637 549 Σατακ

1895 500 2067 555 isunt
2096 502 2271 571 angeli
2307 502 2401 556 Dei
2432 503 2607 558 lucem
2656 502 3026 572 praeferentes,
3065 504 3223 559 alteri
3273 518 3403 559 vero

130 592 232 644 Καὶ
259 593 288 643 ὁ
318 590 417 661 μὲν
450 590 565 644 ἔστι
591 591 799 663 Κύριος
838 591 934 645 ἀπ’
968 590 1179 645 αίώνων
1208 591 1290 652 είς
1326 590 1453 652 τοὺς
1487 588 1638 642 αίῶνε

1894 591 1995 662 geli
2024 590 2243 647 Satanm
2268 595 2304 646 ‘.
2342 594 2421 648 Ac
2450 595 2539 648 ille
2570 594 2791 663 quidem
2823 593 3084 648 Dominus
3116 606 3199 650 est
3227 611 3256 649 a
3299 610 3402 649 sae-

128 688 156 740 ὁ
182 686 236 738 δὲ
262 686 445 758 ἄρχων
473 685 667 758 καιροῦ
693 686 793 757 τῆς
822 684 1071 755 ἀνομίας.

1893 684 1957 739 lis
2033 685 2089 739 in
2141 684 2372 753 saecula;
2434 686 2524 742 hic
2581 694 2765 741 autem
2818 687 3073 758 princeps
3129 688 3401 758 temporis

1823 788 2019 843 Iniqui.

1466 882 1609 937 XIX.
1642 883 1719 938 De
1750 887 1834 940 via
1873 888 2030 943 lucis.

202 1001 265 1056 Ἦ
314 998 406 1057 οὖν
443 1004 561 1067 ὁδὸς
586 1001 681 1056 τοῦ
716 1002 893 1073 φωτός
934 1002 1079 1054 ἐστιν
1124 997 1289 1069 αὕτη.
1338 998 1463 1051 Ἐάν
1510 1014 1595 1060 τις
1632 996 1710 1049 θέ-

1891 999 1989 1054 Via
2023 1001 2189 1071 igitur
2220 1003 2360 1058 lucis
2388 1004 2501 1059 haec
2530 1016 2613 1060 est
2641 1025 2653 1058 :
2686 1006 2742 1061 SI
2773 1009 2897 1076 quis
2925 1009 3077 1077 cupit
3107 1012 3390 1079 pervenire

124 1094 223 1149 λων
242 1095 349 1166 (52)
365 1094 568 1148 ὁδεύειν
584 1096 676 1148 ἐπὶ
700 1095 788 1147 τὸν
809 1092 1112 1165 ὡρισμένον
1138 1090 1322 1153 τόπον,
1349 1088 1570 1142 σπεύσει
1598 1106 1632 1140 τι

1932 1081 2257 1147 praefinitum
2308 1093 2513 1161 locum,
2570 1094 2686 1150 suis
2718 1098 2977 1166 operibus
3028 1100 3080 1153 id
3120 1103 3390 1173 consequi

124 1186 292 1259 ἔργοις
322 1186 508 1241 αὐτοῦ.
542 1187 730 1241 Ἔστιν
760 1182 854 1238 οὖν
883 1187 917 1256 ή
947 1183 1162 1237 δοθεῖσα
1204 1184 1335 1253 ἡμῖν
1364 1181 1569 1249 γνῶσις
1609 1198 1632 1232 τ

1881 1180 2047 1236 tdcat.
2078 1180 2333 1253 Cognitio
2366 1185 2553 1254 itaque
2583 1187 2745 1243 nobis
2776 1188 2901 1243 data
2931 1190 2984 1243 in
3016 1191 3117 1246 hac
3152 1194 3239 1247 via
3270 1209 3389 1248 am-

123 1280 432 1348 περιπατεῖν
484 1278 542 1329 ἐν
591 1278 751 1348 αὐτῇ,
797 1273 1045 1344 τοιαύτη.
1114 1272 1446 1343 Ἀγαπήσεις
1498 1272 1592 1323 τόν

1875 1272 2033 1326 Ilandi
2086 1274 2356 1343 ejusmodi
2409 1285 2514 1331 est.
2560 1277 2763 1350 Diliges
2809 1280 3127 1338 Creatorem
3187 1294 3383 1351 tuum,

124 1372 430 1440 ποιήσαντα,
458 1368 705 1433 δοξάσεις
745 1367 835 1421 τόν
870 1383 928 1418 σε
971 1364 1391 1435 λυτρωσάμενον
1436 1362 1502 1415 ὲκ
1536 1361 1630 1414 θαν

1878 1362 1981 1416 n'ia
2027 1362 2231 1418 aﬂicies
2278 1380 2425 1430 eum,
2467 1366 2559 1435 qui
2592 1368 2824 1422 redemit
2864 1378 2917 1423 te
2964 1385 2995 1424 a
3039 1381 3235 1426 morte.
3264 1371 3386 1429 Eris

120 1481 225 1519 του.
259 1465 397 1537 "Eon
423 1463 631 1526 ἁπλοῦς
652 1466 717 1534 τῇ
751 1461 967 1534 καρδίᾳ,
1006 1460 1101 1513 καὶ
1137 1458 1391 1520 πλούσιος
1426 1457 1505 1528 τῷ
1542 1476 1628 1511 πνε

1883 1456 1976 1509 rde
2017 1456 2245 1525 simplex
2278 1468 2332 1511 et
2372 1458 2570 1527 spiritu
2598 1459 2773 1513 dives.
2819 1458 2935 1515 Non
2966 1462 3270 1518 adhaerebis
3317 1465 3384 1519 ad

123 1576 258 1629 ματι.
300 1536 377 1612 Οὑί
416 1557 729 1629 κολληθήσῃ
768 1554 906 1626 μετὰ
932 1553 1040 1607 τῶν
1070 1553 1453 1625 πορευομένων
1496 1553 1553 1603 ἐν
1594 1552 1631 1603 όι

1878 1563 1922 1612 s,
1953 1548 2046 1615 qui
2079 1549 2339 1603 incedunt
2368 1550 2422 1603 in
2458 1550 2541 1603 via
2568 1552 2783 1607 mortis.
2814 1549 2953 1607 0dio
3003 1554 3230 1610 habebis
3260 1572 3386 1626 per-

120 1649 359 1703 θανάτου.
516 1649 783 1719 Μισήσεις
814 1649 1007 1711 ποιεῖν,
1029 1645 1066 1718 ὃ.
1088 1646 1189 1699 ούκ
1211 1644 1439 1717 ἀρεστὸν
1458 1642 1535 1713 τῷ
1562 1641 1628 1693 Θε

1879 1648 2024 1694 trare
2076 1642 2227 1712 quod
2250 1642 2361 1697 Deo
2391 1659 2499 1697 non
2532 1645 2730 1713 placet,
2765 1647 2891 1701 odio
2926 1648 3128 1703 habeas
3165 1665 3385 1708 omnem

121 1743 358 1813 μισήσεις
388 1741 569 1793 πᾶσαν
601 1737 909 1808 ὑπόκρισιν.
938 1737 1013 1789 Οὐ
1043 1737 1120 1807 μὴ
1141 1735 1518 1808 ὲγκαταλίπῃς
1550 1735 1629 1787 ὲντ

1875 1733 2235 1789 nulationem.
2264 1734 2343 1791 Ne
2374 1736 2727 1807 derelinquas
2763 1739 3017 1794 mandata
3043 1739 3280 1796 Domini.
3308 1740 3383 1798 Te

118 1830 206 1893 λὰς
233 1830 456 1901 Κυρίου.
488 1829 601 1900 (54)
628 1829 739 1901 Ούχ
761 1827 998 1899 soracng
1030 1827 1274 1901 σεαυτὸν,
1308 1827 1406 1900 ἔσῃ
1431 1826 1488 1878 δὲ
1515 1843 1626 1879 ταπ

1875 1838 1983 1878 sum
2024 1840 2132 1880 non
2157 1827 2445 1894 exaltabis,
2477 1829 2587 1884 eris
2629 1838 2811 1884 autem
2849 1829 3095 1886 humilis.
3128 1830 3252 1887 Non
3296 1848 3383 1889 as-

117 1900 335 1990 νόφρων.
360 1916 485 1974 Ὀὐκ
519 1918 673 1989 ἀρεῖς
709 1918 804 1970 ἐπὶ
836 1919 1058 1971 σεαυτὸν
1083 1900 1261 1984 δόξαν.
1292 1919 1367 1971 Ού
1396 1916 1542 1989 λήψῃ
1576 1915 1625 1987 βε

1874 1929 1990 1970 mes
2024 1916 2121 1971 tibi
2166 1918 2417 1988 gloriam.
2452 1918 2572 1974 Non
2618 1921 2801 1990 capies
2847 1922 3051 1977 malum
3090 1925 3380 1980 consilium

120 2010 210 2081 λὴν
233 2010 471 2082 πονηρὰν
498 2009 643 2064 κατὰ
664 2009 757 2062 τὸν
785 1998 1017 2079 πλησῖον
1052 2025 1167 2063 σου.
1201 2009 1275 2062 Οὐ
1306 2007 1497 2070 δώσεις
1519 2010 1584 2077 τῇ
1608 2007 1628 2075 ι)

1877 2023 2065 2063 versus
2097 2011 2408 2078 proximum
2439 2023 2615 2065 tuum.
2649 2011 2769 2067 Non
2799 2014 2955 2068 dabis
2985 2016 3183 2072 animae
3226 2018 3380 2073 inso-

119 2106 179 2174 χῇ
208 2102 417 2175 θράσος.
446 2103 561 2175 (55)
587 2104 662 2156 Οὐ
690 2102 1028 2173 πορνεύσεις,
1052 2102 1112 2154 ού
1143 2100 1467 2171 μοιχεύσεις,
1485 2099 1545 2151 ού
1571 2116 1627 2151 πε

1869 2097 2052 2152 ntiam.
2096 2098 2214 2154 Non
2258 2099 2643 2170 fornicaberis,
2674 2119 2784 2158 non
2817 2106 3143 2161 adulterium
3179 2107 3377 2177 facies,

118 2195 481 2267 δοφθορεύσεις
519 2194 631 2266 (56)
654 2194 730 2246 Ού
761 2194 834 2264 μή
864 2210 945 2246 σοι
976 2194 1004 2244 ό
1034 2192 1192 2261 λὸγός
1228 2192 1322 2245 τοῦ
1349 2191 1485 2244 Θεοῦ
1510 2189 1626 2256 ὲξέλ

1867 2202 2006 2242 Ieros
2053 2202 2165 2243 non
2196 2204 2539 2260 corrumpes.
2572 2192 2690 2247 Non
2737 2210 2804 2248 ex
2850 2204 2899 2249 te
2930 2196 3157 2251 verbum
3191 2197 3285 2253 Dei
3321 2200 3375 2255 in

118 2285 169 2337 ὲν
196 2286 503 2357 ἀκαθαρσίᾳ
536 2283 718 2338 τινῶν.
751 2283 865 2354 (57)
887 2282 962 2335 Οὐ
1163 2283 1452 2354 πρόσωπον
1474 2280 1626 2349 ὲλέγξ

1868 2281 2167 2336 lorumdam
2201 2280 2517 2352 impuritate
2556 2294 2732 2340 exeat.
2761 2284 2880 2341 Non
2910 2289 3148 2358 accipies
3186 2306 3376 2360 perso-

117 2376 225 2430 τινὰ
240 2378 329 2431 ἐπὶ
361 2377 473 2449 (58)
510 2374 937 2448 παραπτώματι.
960 2376 1100 2447 Ἔσῃ
1128 2373 1431 2445 πραῢς,ἕσῃ
1454 2373 1625 2443 ἡσύχιε

1867 2387 1930 2425 im
1974 2372 2029 2426 in
2071 2375 2352 2444 arguendo
2389 2364 2699 2446 cujuspiam
2731 2379 2921 2449 lapsu.
2966 2379 3088 2435 Eris
3119 2398 3375 2439 mansue-

122 2470 249 2540 Ἐσῃ
270 2468 486 2541 τρέμων
515 2469 643 2530 τοὺς
678 2467 890 2537 λόγους,
924 2467 1019 2531 οὓς
1044 2468 1304 2537 ἤκουσας.
1344 2465 1419 2518 Οὐ
1454 2464 1527 2535 μὴ
1562 2480 1630 2535 μν

1870 2476 1913 2525 s,
1947 2463 2060 2516 eris
2090 2463 2330 2533 quietus.
2369 2465 2774 2522 Contremisces
2806 2469 2873 2523 ad
2905 2470 3089 2536 verba,
3120 2487 3242 2541 quae
3284 2489 3378 2528 au-

119 2560 404 2630 σικακήσῃς
434 2556 755 2628 τῷρδελφῷ
778 2574 894 2611 σου.
916 2556 1028 2627 (59)
1060 2557 1135 2609 Οὐ
1163 2556 1237 2626 μὴ
1258 2553 1584 2627 διψυχήσῃς,
1609 2571 1627 2605 ι

1861 2554 1925 2607 sti
1945 2553 1989 2607 ¹.
2020 2551 2196 2608 Fratri
2245 2565 2339 2610 tuo
2386 2556 2655 2627 ignosces.
2702 2556 2822 2613 Non
2866 2562 3135 2631 ambigas,
3188 2572 3369 2618 utrum

116 2664 257 2723 τερον
283 2651 389 2722 (60)
418 2650 590 2713 ἔσται,
621 2649 654 2721 ή
680 2649 759 2704 οῦ.
792 2650 867 2703 Οὐ
908 2650 982 2721 μὴ
1011 2649 1181 2723 λάϐῃς
1221 2650 1315 2701 ἐπὶ
1348 2647 1559 2719 ματαίῳ
1580 2646 1624 2718 (6

1863 2652 2043 2699 turum
2068 2645 2159 2711 sit,
2206 2662 2395 2703 necne.
2429 2647 2508 2703 Ne
2547 2663 2801 2705 assumas
2832 2652 2887 2705 in
2925 2668 3123 2707 vanum
3170 2670 3371 2710 nomen

116 2741 269 2814 ὄνομα
291 2746 517 2817 Κυρίου.
560 2745 894 2816 Ἀγαπήσεις
916 2744 1008 2797 τὸν
1044 2742 1273 2814 πλησίον
1310 2758 1404 2795 σου
1433 2741 1574 2818 ὑπὲρ
1593 2757 1624 2793 τ

1860 2736 2040 2790 )mini.
2072 2735 2275 2808 Diliges
2305 2740 2617 2810 proximum
2665 2750 2819 2797 tuum
2873 2744 2995 2813 plus
3036 2761 3199 2815 quam
3247 2747 3368 2801 ani-

115 2835 276 2908 ψυχήν
303 2855 416 2891 σου.
461 2837 576 2909 (62)
610 2838 685 2890 Οὐ
719 2834 999 2905 φονεύσεις
1023 2834 1211 2889 τέκνον
1236 2835 1295 2887 ὲν
1334 2832 1529 2905 φθορᾷ,
1571 2834 1623 2886 οξ

1863 2843 1945 2882 am
1982 2839 2152 2884 tuam.
2181 2828 2300 2887 Non
2328 2831 2622 2888 interticies
2647 2832 2813 2889 fetum
2841 2835 2895 2889 in
2925 2837 3231 2905 abortione,
3270 2854 3371 2894 nec

118 2929 262 2982 πάλιν
284 2929 544 3000 γεννηθὲν
588 2928 818 2991 ἀνελεῖς.
858 2925 971 2997 (65)
1005 2926 1080 2979 Οὐ
1124 2925 1199 2997 μὴ
1237 2924 1375 2998 ἄρῃς
1401 2924 1501 2994 τὴν
1535 2925 1620 2993 χεῖ

1862 2921 1965 2975 iam
2012 2922 2294 2979 interimes
2341 2932 2462 2994 post
2496 2926 2858 2981 nativitatem.
2898 2926 2977 2982 Ne
3004 2928 3222 2985 auferas
3245 2946 3370 2986 ma—

119 3037 199 3073 σου
233 3023 335 3076 ἀπὸ
359 3023 451 3076 τοῦ
485 3021 606 3075 υἱοῦ
634 3038 750 3086 σου,
780 3019 813 3091 ἢ
842 3019 951 3074 ἀπὸ
990 3019 1092 3089 τῆς
1128 3016 1394 3089 θυγατρός
1423 3032 1538 3079 σου,
1577 3014 1627 3069 ἁ]

1858 3029 1932 3068 ιω
1966 3023 2117 3069 tuam
2148 3031 2179 3069 a
2210 3015 2322 3071 ﬁlio
2354 3024 2471 3083 tuo,
2497 3017 2637 3073 vela
2669 3019 2779 3073 lilia
2810 3029 2941 3085 tua;
2977 3021 3073 3077 sed
3115 3038 3146 3076 a
3177 3024 3366 3092 pueri-

116 3113 209 3165 ἀπὸ
229 3114 473 3186 νεότητος
498 3113 729 3177 διδάξεις
754 3111 917 3181 φόϐον
952 3109 1264 3182 Κυρίου.ού
1310 3109 1384 3179 μὴ
1413 3108 1549 3180 γένη
1571 3107 1624 3159 ὲτ

1856 3122 1873 3161 ι
1898 3106 2119 3163 docebis
2145 3124 2241 3163 eos
2265 3110 2520 3164 timorem
2565 3108 2805 3164 Domini.
2842 3108 2992 3167 Bona
3019 3114 3253 3182 proximi
3287 3116 3364 3171 tui

116 3203 281 3274 Θυμῶν
302 3206 368 3259 τὰ
388 3205 483 3259 τοῦ
513 3204 741 3275 πλησίον
770 3218 863 3256 σου
889 3200 1025 3273 (64),
1055 3200 1175 3254 οὐδὲ
1202 3200 1277 3272 μὴ
1307 3199 1443 3272 γένῃ
1472 3198 1624 3252 πλεον

1856 3215 1906 3254 ιιι
1937 3201 2315 3271 concupisces,
2350 3216 2453 3257 nec
2480 3202 2591 3257 eris
2621 3217 2841 3257 avarus.
2867 3201 3055 3274 Neque
3081 3219 3147 3260 ex
3181 3207 3364 3263 anima

116 3313 252 3368 κτης.
282 3299 413 3353 Οὐδὲ
450 3298 764 3370 κολληθήσῃ
806 3297 873 3349 ὲκ
911 3295 1092 3365 ψυχῆς
1129 3310 1222 3347 σου
1270 3292 1407 3364 μετὰ
1445 3290 1624 3362 ὑψηλᾶ

1858 3306 1885 3345 a
1914 3292 2216 3347 adhaerebis
2237 3293 2515 3363 superbis;
2543 3294 2636 3349 sed
2662 3309 2787 3349 cum
2803 3294 2970 3364 justis
2992 3306 3154 3365 atque
3179 3297 3366 3352 burni-

117 3389 235 3443 ἀλλὰ
258 3391 390 3462 μετὰ
407 3390 633 3444 δικαίων
665 3389 759 3443 καὶ
782 3387 1051 3443 ταπεινῶν
1073 3386 1454 3459 ἀναγραφήσῃ.
1476 3384 1625 3456 (65)’]

1853 3399 1936 3438 ius
1986 3384 2299 3440 ascriberis.
2352 3384 2485 3451 Qua:
2528 3385 2625 3439 tibi
2670 3385 2994 3455 contingunt
3022 3388 3361 3453 vexationes.

119 3481 459 3551 συμϐαίνοντα
490 3467 575 3535 σοι
621 3480 731 3552 (66)
760 3482 1130 3552 ἐνεργήματα,
1170 3478 1247 3542 ὡς
1280 3476 1480 3547 ἀγαθὰ,
1517 3477 1623 3549 πρό

1854 3493 2051 3547 nquam
2080 3478 2219 3533 bona
2253 3478 2495 3533 admitte.
2525 3475 2644 3532 Non
2677 3478 2786 3533 eris
2810 3478 3131 3536 inconstans
3159 3497 3259 3536 nec
3279 3482 3362 3543 bi-

115 3569 260 3639 δεξαι.
296 3574 403 3646 (67)
430 3575 548 3628 Οὐκ
570 3573 669 3646 ἔσῃ
689 3572 977 3643 δίγνωμος,
1009 3570 1130 3623 οὐδὲ
1153 3569 1447 3639 δίγλωσσος
1466 3585 1479 3599 ο
1518 3586 1623 3638 παγ

1846 3570 2023 3640 rguis;
2058 3569 2287 3639 laqueus
2332 3574 2477 3624 enim
2520 3569 2715 3624 mortis
2770 3578 2854 3625 est
2901 3570 3086 3641 lingua
3133 3572 3354 3644 duplex.

114 3663 208 3735 γὰρ
229 3665 451 3719 θανάτου
482 3666 634 3719 ἐστὶν
670 3666 702 3735 ὴ
730 3663 1044 3734 διγλωσσία.
1094 3662 1442 3735 ’Υποταγήσῃ
1469 3661 1622 3733 Κυρίι

1847 3661 2114 3731 rbjicieris
2165 3660 2397 3715 Domino
2446 3660 2643 3734 [Deo],
2688 3663 2926 3717 dominis
2974 3679 3125 3729 vero,
3155 3674 3215 3719 ut
3263 3664 3355 3720 Dei

114 3757 301 3827 κυρίοις
334 3758 408 3821 ὡς
443 3757 603 3827 τύπῳ
646 3755 803 3820 Θεοῦ,
843 3756 900 3809 ὲν
934 3754 1167 3828 αἰσχύνῃ
1203 3755 1297 3808 καὶ
1343 3754 1510 3825 φόϐῳ.
1571 3752 1622 3828 (6

1848 3752 2033 3822 nagini,
2070 3752 2122 3805 in
2153 3751 2481 3806 verecundia
2508 3761 2562 3806 et
2595 3751 2848 3807 timore'.
2889 3749 2967 3807 Ne
3002 3751 3056 3805 in
3089 3761 3356 3806 amaritu-

114 3850 178 3902 Οὔ
203 3852 270 3922 μὴ
290 3852 550 3923 ὲπιτάξῃς
570 3849 833 3921 παιδίσκῃ
864 3849 897 3920 ἢ
924 3849 1094 3919 δούλῳ
1122 3864 1215 3900 σου
1241 3849 1299 3900 ὲν
1324 3848 1537 3918 πικρίᾳ,
1568 3863 1622 3899 το

1844 3858 1910 3898 ne
1937 3844 2171 3913 imperes
2194 3843 2405 3898 ancillae
2431 3853 2526 3896 aut
2554 3858 2715 3897 servo
2748 3853 2861 3909 tuo,
2894 3844 2989 3912 qui
3022 3844 3075 3896 in
3099 3842 3352 3898 eumdem

114 3940 193 3993 ἐπὶ
227 3942 311 3995 τὸν
339 3944 500 3997 αὑτὸν
533 3942 838 4005 ἐλπίζουσι,
886 3941 959 4011 μή
996 3955 1127 3992 ποτε
1167 3940 1228 3991 ού
1257 3937 1545 4010 φοϐηθήσῃ
1583 3939 1622 3991 τί

1846 3945 2038 4002 erant;
2082 3951 2150 3990 ne
2202 3934 2344 3990 forte
2393 3950 2502 3988 non
2547 3935 2744 3989 timeas
2793 3933 2988 4000 Deum,
3036 3936 3130 4005 qui
3186 3951 3354 4004 super

113 4031 187 4084 ἐπ’
226 4034 546 4107 ἀμφοτέροις
578 4034 743 4087 Θεόνο
782 4033 866 4085 ὅτι
906 4028 1069 4103 ἦλθεν
1110 4032 1211 4084 οὐκ
1252 4033 1343 4085 ἐπὶ
1385 4032 1621 4103 πρόσωπι

1847 4041 2079 4096 rumque
2098 4034 2203 4091 est,
2230 4025 2490 4095 quoniam
2522 4039 2632 4078 non
2655 4024 2804 4079 venit
2832 4039 3025 4078 vocare
3049 4029 3353 4080 secundum

113 4122 333 4189 καλέσαι,
360 4125 473 4179 ἀλλ’
499 4126 585 4194 ἐφ’
617 4123 711 4187 οὒς
734 4125 795 4176 τὸ
817 4122 1041 4192 Πνεῦμα
1073 4122 1357 4193 ἡτοίμασε.
1386 4122 1497 4193 (69)
1542 4126 1621 4178 Κο

1849 4115 2125 4181 rsouam‘,
2143 4118 2235 4173 sed
2268 4118 2572 4173 seCundum
2629 4123 2738 4175 ‘cos
2772 4131 2913 4185 quos
2949 4114 3186 4187 Spiritus
3216 4133 3355 4187 pra:-

113 4218 344 4286 νωνήσεις
370 4220 426 4271 ὲν
453 4219 589 4271 πᾶσι
619 4215 699 4286 τῷ
734 4213 960 4285 πλησίον
989 4231 1106 4278 σου,
1133 4215 1234 4267 οὐκ
1261 4215 1407 4284 ἐρεῖς
1446 4214 1553 4267 ἴδια
1571 4232 1584 4245 ·

1850 4211 2049 4267 raverit
2064 4211 2107 4264 ⁸.
2127 4208 2575 4265 Communicabis
2601 4207 2654 4261 in
2676 4207 2931 4262 omnibus
2954 4223 3076 4262 eum
3102 4210 3353 4277 proximo

113 4302 207 4375 γὰρ
226 4307 277 4359 ἐν
298 4311 403 4372 τοῖς
427 4307 728 4379 ἀφθάρτοις
754 4306 1000 4360 κοινωνοί
1021 4306 1169 4369 ἐστε,
1202 4305 1355 4376 πόσῳ
1382 4305 1580 4376 μᾶλλον
1614 4309 1621 4358 i

1843 4323 1895 4372 ο,
1930 4321 2031 4360 nec
2054 4304 2354 4375 quidquam
2388 4301 2537 4356 dices
2573 4300 2891 4371 proprium;
2927 4301 2973 4354 si
3002 4301 3147 4355 enim
3180 4302 3235 4355 in
3262 4302 3350 4355 in-

112 4398 209 4459 τοῐς
236 4397 517 4469 φθαρτοῖς;
546 4398 658 4452 Οὐκ
685 4397 784 4471 ἔσῃ
812 4396 1192 4471 πρὸγλωσσος·
1228 4397 1394 4464 παγὶς
1420 4395 1531 4467 γὰρ
1560 4414 1620 4450 στ

1840 4398 2051 4468 ιιειυριὶε
2081 4404 2365 4451 consortes
2394 4394 2545 4459 estis,
2571 4401 2775 4463 quanto
2823 4393 2995 4464 magis
3023 4393 3075 4447 in
3109 4394 3194 4458 iis,
3226 4410 3348 4464 quae

116 4503 183 4557 μα
203 4489 436 4547 θανάτου.
476 4493 641 4547 Ὅσον
666 4490 913 4557 δύνασαι,
942 4489 1054 4562 (70)
1079 4490 1208 4562 περὶ
1246 4488 1346 4560 τὴν
1371 4488 1547 4561 ψυχήν
1572 4505 1624 4542 σε

1845 4497 2201 4560 rrumpuntur
2223 4487 2279 4539 ﬁ?
2308 4483 2428 4541 Non
2452 4486 2563 4540 eris
2596 4486 2777 4555 lingua
2818 4499 3087 4555 praeceps;
3118 4501 3182 4540 os
3201 4488 3347 4540 enim

177 4624 191 4653 ¹
218 4623 255 4678 ll
277 4626 398 4682 Cor.
430 4644 533 4695 xu,
560 4626 611 4680 7.
690 4627 710 4657 ²
732 4623 835 4681 lsa.
869 4640 1016 4687 uvr,
1048 4623 1114 4690 2;
1142 4620 1340 4691 Philip.
1374 4636 1438 4689 ιι,
1463 4622 1550 4676 12.
1617 4624 1623 4653 ³

115 4690 253 4749 “Aet.
280 4715 347 4754 Iv.
375 4701 463 4754 32.
679 4694 685 4703 ’

1844 4662 1860 4676 .
1893 4637 1968 4685 vr,
2020 4622 2073 4676 5.
2151 4618 2397 4689 "Ephes.
2436 4634 2510 4682 v1,
2568 4620 2620 4674 9.
2699 4615 2902 4674 “Rom.
2938 4636 3060 4689 vnt,
3114 4620 3207 4689 29,
3256 4623 3349 4677 50.

1400 4838 1763 4897 VARIORUM
1803 4840 2038 4896 NOTAE.

178 4928 647 5055 (521Particigium
680 4936 799 4991 loco
830 4934 980 4990 verbi
1012 4933 1172 4997 ﬁniti,
1219 4940 1278 4986 ut
1312 4946 1478 5001 supra
1516 4950 1564 4985 e.
1599 4933 1651 4999 6,
1836 4933 1950 5055 (60)
1987 4932 2078 4988 Sc.
2110 4933 2255 5004 quod
2280 4932 2424 5013 Deus
2451 4933 2720 5029 promisit.

178 5008 216 5052 ι.
280 5004 331 5055 5.
364 5008 467 5055 col-
537 5007 631 5055 Μ.
1859 5005 1949 5055 bii
1980 5004 2108 5055 Post
2139 5003 2350 5055 ματαίω
2377 5016 2431 5055 m
2463 5018 2566 5055 ms.
2605 5007 2720 5055 abu.

117 5001 331 5075 θοις-μί,
364 5008 467 5061 col.
498 5001 631 5060 7M.
1196 5074 1204 5075 ,
1235 5072 1245 5075 _

1836 5001 1949 5075 (61)
1980 5001 2350 5075 Ροειματαίῳ
2377 5004 2431 5055 'm
2463 5018 2566 5075 ms.
2605 5001 2843 5055 abundat
2876 5001 2974 5064 είς.

176 5069 276 5145 (ξῗξ)
307 5074 504 5131 Eadem
532 5079 583 5130 in
612 5075 796 5131 Const.
824 5085 1022 5145 apost.,
1056 5089 1151 5141 vn,
1185 5072 1273 5126 M.

1017 5115 1022 5135 ,
1056 5089 1151 5141 vn,
1185 5072 1273 5126 M.
1837 5069 1952 5145 (62)
1979 5069 2164 5131 Consi.
2198 5069 2439 5145 ap.,vu,
2471 5072 2525 5125 5.

179 5140 281 5213 (54)
305 5146 479 5200 Const.
510 5157 706 5216 apost.,
740 5162 837 5212 vn,
858 5140 914 5199 8.
1138 5140 1141 5141 ⁷

179 5210 279 5283 (55)
308 5216 481 5271 Const.
517 5236 628 5283 ap.,
656 5233 751 5281 vn,
782 5216 837 5269 2.

765 5162 811 5199 ἸΙ
836 5166 837 5169 η
858 5140 914 5199 8.
1138 5140 1141 5141 ⁷
1842 5140 1943 5213 (65
1986 5144 2153 5209 Ibid.,
2188 5140 2273 5197 l2.

782 5188 837 5269 εἴ
1841 5153 1955 5283 (δι)
1986 5216 2150 5283 11:121.,
2176 5215 2229 5269 ιι.

308 5216 481 5288 Const.
517 5210 628 5288 ap.,
656 5210 751 5281 vn,
782 5210 837 5269 2.
944 5283 977 5288 ,μ
1242 5285 1273 5288 ,_

720 5233 751 5281 I,
782 5210 837 5269 2'.
944 5283 977 5288 ,μ
1242 5285 1273 5288 Α
1841 5210 1954 5288 (ei)
1986 5216 2150 5288 im,
2176 5215 2228 5288 ιι.

180 5282 345 5358 (56)(1.
369 5302 415 5341 e.
442 5282 791 5358 Evangeliqu
815 5283 1139 5356 praedicans,
1166 5285 1311 5339 nulla
1354 5295 1513 5355 parte
1537 5301 1658 5340 mo-
1841 5282 1955 5358 (65)
1985 5286 2151 5358 I_bi«l.,
2185 5287 2238 5339 8.

119 5353 621 5427 ηΨ-δίελπιριινυδῖ
815 5353 832 5356 ’
1355 5353 1370 5355 ⁷
1847 5353 1961 5427 (66)
1992 5356 2248 5427 Operatio
2273 5356 2568 5420 laboriosa,
2592 5353 2855 5427 molestia.

311 5420 483 5499 (ἷοηέιυ
511 5439 683 5499 αροδι.
712 5443 813 5499 VII.
838 5427 924 5481 1οο
1601 5494 1611 5499 _
1985 5420 2167 5482 Const.
2196 5436 2367 5496 apost.
2399 5444 2458 5492 ιι,
2483 5428 2675 5499 ϐεειι,
2707 5425 2761 5478 ι.

180 5490 281 5567 (58)
319 5497 390 5552 lla
431 5490 657 5555 restituo
683 5516 751 5555 ex
776 5490 960 5554 Const.
992 5506 1186 5569 apost.,
1215 5510 1318 5552 ms.
1345 5494 1653 5567 παραπτώ-

1126 5506 1186 5563 t.,
1215 5510 1318 5552 ms.
1345 5494 1653 5567 παραπτώ-
1836 5490 1951 5568 (68)
1980 5498 2161 5552 Const.
2189 5490 2385 5565 (ipost,
2418 5490 2512 5561 vin,

122 5564 272 5639 μαξᾳ.
1025 5564 1034 5569 ’
1323 5636 1339 5639 _
1391 5564 1441 5639 -ξ

1323 5636 1339 5639 -
1391 5564 1441 5639 -ξ
1647 5637 1657 5639 _
1836 5564 1947 5639 (69)
1983 5570 2164 5624 Const.
2196 5564 2392 5637 (ipost,
2424 5584 2518 5627 vn.
2547 5564 2632 5617 i2.

184 5631 285 5705 (59)
312 5636 485 5695 Const.
517 5650 710 5710 apost.,
742 5656 840 5713 vn,
871 5640 956 5695 Η.
982 5640 1095 5695 Cir.
1124 5639 1293 5711 Epist.
1320 5636 1340 5690 Ι
1379 5636 1556 5692 Clem.
1596 5637 1662 5692 ad
1838 5631 1951 5713 (70)
1984 5639 2060 5695 Ita
2085 5631 2241 5703 Dav.,
2270 5631 2561 5708 msera-Ep.

122 5697 231 5755 COi'.
255 5697 299 5763 (Ξ.
326 5726 377 5765 ιι
403 5724 456 5766 et
482 5697 638 5772 χχιιι,
662 5697 715 5767 et
743 5697 858 5764 Jac.
888 5727 901 5763 ι
961 5714 1015 5767 8.

368 5808 635 5869 ΡΑΤιιοι..
691 5806 811 5867 Gn.
876 5806 954 5865 ll.

3016 5787 3094 5847 25
