3818 6216
449 262 551 316 ’179

1763 267 1817 321 S.
1864 267 2097 321 DARNA
2109 268 2213 321 ῐῖΛζ
2259 269 2596 325 APOSTOLI

3620 285 3712 340 780

446 404 677 467 laqueus
723 408 807 455 est
854 402 1066 456 mortis.
1120 401 1399 468 Quantum
1462 416 1639 474 potes,
1689 417 1875 461 castus
1940 408 1985 462 si

2141 389 2423 456 ίγνεύσεις.
2452 392 2503 461 (7
2520 392 2567 460 l)
2594 392 2684 462 Μὴ
2706 392 2859 460 γίνου
2886 394 3022 465 πρὸς
3050 395 3150 466 μὲν
3172 395 3233 449 τὸ
3253 397 3441 451 λαϐεῖν
3465 400 3714 458 ἐκτείνων

438 490 807 546 animaJNoli
834 493 1109 563 porrigere
1137 510 1333 549 manus
1368 504 1490 549 tuas
1521 498 1587 550 ad
1617 498 2018 567 accipiendum,

434 582 509 635 ad
538 583 777 638 dandum
825 601 955 639 vero
986 586 1311 641 contrahere
1334 588 1614 659 'JDiliges
1652 600 1710 643 ut
1756 591 2015 660 pupillam

435 673 585 727 oculi
621 675 699 728 tui
730 691 973 742 omnem,
997 678 1090 746 qui
1116 678 1211 731 tibi
1239 678 1497 747 loquetur
1522 682 1749 735 verbum
1777 681 2013 738 Domini.

438 761 498 816 in
545 766 865 819 memoriam
895 776 1043 820 tuam
1078 776 1239 821 nocte
1284 784 1348 823 ac
1378 770 1465 825 die
1503 761 1789 827 remeabis
1826 772 2019 842 judicii

376 882 395 906 ι
441 854 607 910 diem.
653 856 926 926 Exquiras
982 858 1229 925 quotidie
1276 864 1459 915 vultus
1501 871 1837 927 sanctorum,
1873 871 1928 915 et
1963 863 2018 918 in

438 960 692 1003 sermone
722 962 817 1000 eos
845 956 1223 1016 perscrutans,
1249 957 1303 1002 et
1327 950 1394 1003 ad
1426 952 1830 1005 exhortandum
1866 952 2018 1007 ince-

435 1038 593 1101 dens,
635 1047 689 1091 et
722 1037 1012 1103 meditans,
1061 1040 1341 1107 quomodo
1386 1042 1627 1095 animam
1673 1043 1841 1097 verbo
1872 1042 2015 1115 [tuo]

434 1141 655 1181 servare
688 1129 885 1197 possis.
930 1129 996 1183 Et
1024 1130 1277 1185 manibus
1321 1133 1429 1187 tuis
1466 1133 1782 1202 Operaberis
1825 1136 1893 1189 ad
1929 1150 2017 1190 re-

433 1219 801 1290 demptionem
847 1234 1197 1292 peccatorum
1248 1232 1471 1278 tuorum
1498 1224 1541 1279 ⁸.
1576 1223 1693 1279 Νοη
1735 1226 2015 1282 dubitabis

431 1314 597 1375 dare,
653 1315 1272 1383 nequemurmurabis,
1330 1332 1458 1370 cum
1514 1317 1635 1372 das.
1702 1316 1861 1372 Οιηηὶ
1921 1336 2013 1388 pe-

439 1404 567 1460 tenti
613 1416 659 1458 te
703 1405 941 1473 tribuet;
980 1422 1278 1477 cognosces
1309 1420 1514 1474 autem,
1559 1410 1685 1479 quis
1732 1411 1804 1465 sit
1832 1412 2013 1468 bonus

441 1496 712 1550 mercedis
748 1498 1068 1553 retributor.
1118 1498 1402 1565 Servabis,
1436 1515 1557 1569 quae
1592 1501 1874 1569 accepisti,
1908 1517 2007 1557 nec

430 1588 661 1652 addens,
694 1605 796 1643 nec
827 1590 1073 1645 demens.
1100 1590 1273 1645 Malus
1302 1592 1527 1647 odiosus
1554 1593 1649 1647 tibi
1676 1594 1782 1648 erit
1809 1595 1863 1648 in
1887 1609 2010 1663 per-

430 1690 673 1747 petuum.
701 1680 855 1736 Juste
890 1682 1188 1751 jadicabis.
1219 1682 1340 1737 Non
1372 1682 1539 1739 facies
1561 1685 1885 1752 dissidium;
1914 1686 2006 1741 Sed

428 1754 618 1840 pacem
665 1774 988 1828 conciliabis
1041 1775 1183 1828 inter
1228 1775 1655 1843 contendentes,
1707 1792 1805 1832 eos
1853 1793 2006 1833 asso-

427 1864 601 1920 ciaus.
624 1864 984 1921 Conﬁteberis
1007 1876 1226 1936 peccata
1256 1877 1369 1921 tua.
1394 1865 1513 1921 Non
1541 1868 1770 1924 accedes
1794 1868 1860 1923 ad
1887 1884 2007 1924 ora-

432 1953 633 2008 tionem
667 1962 817 2008 tuam
857 1954 908 2008 in
953 1957 1292 2012 conscientia
1326 1959 1487 2013 mala.
1525 1988 1596 2000 —
1626 1956 1753 2014 Haec
1795 1969 1881 2015 est
1918 1960 2007 2014 via

434 2046 595 2102 lucis.

2040 1730 2081 1785 Β

2122 480 2221 542 τάς
2259 484 2466 552 χεῖρας,
2501 482 2636 554 πρὸς
2663 484 2721 537 δὲ
2764 484 2826 537 τὸ
2852 485 3037 540 δοῦναι
3066 490 3307 544 συσπῶν.
3358 491 3707 565 Ἀγαπήσεις,

2121 573 2198 637 ὼς
2238 576 2407 645 κόρην
2446 576 2726 647 ὀφθαλμοῦ
2750 597 2866 645 σου,
2900 581 3079 635 πάντα
3098 582 3189 637 τὸν
3212 584 3484 647 λαλοῦντά
3512 605 3597 641 σοι
3632 588 3708 640 λό-

2120 678 2218 732 γον
2235 665 2329 717 τοῦ
2350 667 2574 736 Κυρίου.
2594 668 2707 737 (72)
2728 671 3030 744 Μνησθήσῃ
3045 674 3205 727 αὐτὸν
3228 676 3446 746 ἡμέρας
3461 680 3707 749 κρίσεως,

2119 755 2314 818 νυκτὸς
2346 758 2437 808 καὶ
2471 758 2704 829 ἡμέρας.
2762 761 3114 831 Ἐκξητήσεις
3142 764 3264 817 καθ’
3296 767 3543 837 ἑκάστην
3578 771 3706 839 ἠμέ-

2123 863 2220 917 ραν
2245 847 2313 899 τὰ
2341 848 2607 918 πρόσωπα
2639 850 2746 903 τῶν
2773 853 2966 919 ἁγίων,
2997 856 3090 907 καὶ
3126 856 3237 926 (7⁸5)
3274 857 3364 910 διά
3396 857 3561 926 λόγου
3598 878 3711 913 σκο-

2119 939 2239 992 πῶν
2268 940 2362 993 καὶ¹
2403 942 2767 1012 πορευόμενος
2803 945 2884 1007 είς
2908 945 2969 997 τὸ
2994 948 3397 1018 παρακαλέσαι,
3426 954 3524 1004 καὶ
3561 955 3707 1022 μελε-

2116 1032 2224 1086 τῶν
2250 1034 2329 1096 είς
2363 1034 2423 1085 τὸ
2460 1033 2633 1087 σῶσαι
2658 1034 2835 1107 ψυχὴν
2865 1037 2944 1106 τῷ
2982 1037 3145 1109 λόγῳ.
3182 1040 3296 1112 (74)
3334 1044 3448 1096 Καὶ
3474 1044 3570 1099 διὰ
3606 1048 3707 1099 τῶν

2117 1124 2316 1195 χειρῶν
2377 1142 2470 1177 σου
2538 1126 2749 1199 ἐργάσῃ
2810 1129 2891 1190 είς
2938 1128 3205 1199 λύτρωσιν
3261 1132 3370 1185 τῶν
3425 1135 3706 1207 ἁμαρτιῶν

2117 1232 2233 1269 σου.
2264 1216 2377 1285 (75)
2406 1218 2479 1269 οὐ
2504 1217 2780 1281 διστάσεις
2802 1218 3005 1283 δοῦναι,
3049 1221 3171 1274 οὐδὲ
3197 1223 3375 1287 διδοὺς
3398 1228 3703 1294 γογγύσεις.

2113 1308 2301 1359 Παντὶ
2337 1309 2603 1362 αἰτοῦντί
2629 1326 2704 1363 σε
2731 1309 2903 1365 δίδου
2924 1329 2938 1341 ·
2982 1312 3167 1386 γνώσῃ
3207 1315 3284 1379 δὲ,
3317 1317 3405 1379 τίς
3430 1320 3460 1370 ό
3485 1318 3585 1371 τοῦ
3619 1340 3704 1390 μι-

2117 1398 2244 1451 σθοῦ
2288 1399 2452 1463 καλὸς
2498 1402 2895 1473 ἀνταποδότης.
2941 1404 3052 1475 (76)
3080 1407 3358 1473 Φυλάξεις,
3400 1408 3436 1462 ἃ
3465 1412 3704 1482 παρίω-

2111 1491 2226 1553 ὂες,
2259 1492 2394 1561 μήτε
2426 1492 2761 1561 προστιθεὶς,
2793 1498 2927 1567 μήτε
2950 1497 3197 1568 ἀφαιρῶν
3243 1499 3336 1559 Ei;
3360 1500 3521 1564 τέλος
3546 1505 3704 1573 μισ-ξ-

2113 1596 2224 1641 σεις
2246 1580 2337 1632 τὸν
2364 1582 2617 1651 πονηρόν.
2648 1583 2761 1655 (ῙἹ)
2781 1587 3003 1654 Κρινεῖς
3024 1586 3263 1651 δικαίως.
3293 1589 3408 1659 (78)
3438 1593 3516 1644 Οὐ
3552 1596 3704 1663 ποιή-
3758 1644 3761 1645 ν

2114 1685 2226 1732 σεις
2251 1670 2475 1741 σχίσμα,
2500 1673 2908 1743 είρηνεύσειςδὲ
2937 1678 3278 1748 μαχομένους
3298 1682 3573 1748 συνάγων.
3594 1685 3703 1754 (79)

2125 1762 2523 1838 Ἐξομολογήσῃ
2549 1767 2640 1819 ἐπὶ
2676 1769 2973 1840 ἁμαρτίαις
3005 1788 3124 1825 σου.
3162 1772 3275 1842 (80)
3310 1775 3427 1845 Οὐχ
3458 1776 3612 1845 ἣξεις
3648 1780 3705 1829 ὲν

2083 1855 2390 1923 προσευχῇ
2439 1870 2534 1905 σου
2581 1856 2639 1908 ἐν
2674 1857 2974 1928 συνειδήσει
3020 1862 3249 1931 πονηρᾷ.
3296 1862 3452 1933 Αὕτη
3495 1866 3643 1919 ἐστὶν
3670 1869 3703 1937 ἡ

2112 1941 2230 2005 ὁδὸς
2261 1942 2354 1995 τοῦ
2384 1944 2572 2012 φωτός.

1680 2142 1799 2199 XX.
1829 2142 1907 2198 De
1935 2145 2019 2198 via
2055 2142 2411 2197 tenebrarum.

497 2251 597 2308 Via
657 2262 837 2309 autem
889 2254 1239 2308 tenebrarum
1310 2254 1533 2325 obliqua
1590 2264 1675 2310 est
1729 2254 1998 2325 plenaque

426 2346 841 2401 maledictionis.
869 2345 963 2400 Est
984 2346 1127 2399 enim
1155 2346 1240 2400 via
1268 2348 1463 2400 mortis
1488 2356 1704 2402 aeterna:
1727 2363 1850 2401 cum
1876 2362 1998 2416 sup-

424 2435 609 2505 plicio,
652 2436 707 2489 in
752 2451 858 2505 qua
902 2444 1051 2500 sunt,
1098 2451 1220 2504 quae
1247 2436 1484 2505 perdunt
1509 2438 1750 2491 animam
1794 2436 1995 2508 [homi-

423 2526 578 2597 num]
608 2546 619 2580 :
656 2527 985 2591 idololatria,
1022 2529 1319 2592 temeritas,
1375 2528 1541 2581 elatio
1573 2529 1644 2582 ob
1671 2530 1991 2597 potentiam,

420 2617 717 2683 simulatio,
748 2633 843 2671 cor
864 2618 1084 2687 duplex,
1112 2618 1467 2682 adulterium,
1498 2619 1874 2685 homicidium,
1900 2635 1989 2674 ra-

420 2707 572 2777 pina,
600 2709 876 2778 superbia,
910 2710 1295 2780 transgressio,
1338 2709 1519 2774 dolus,
1565 2710 1793 2775 malitia,
1837 2726 1992 2766 arro-

417 2802 624 2870 gantia,
671 2800 1013 2861 veneﬁcium,
1056 2801 1253 2870 magia,
1292 2801 1546 2864 avaritia,
1588 2802 1771 2857 nullus
1798 2802 1891 2857 Dei
1922 2803 1989 2857 ti-

416 2906 555 2945 mor.
587 2890 667 2963 [In
710 2907 816 2960 qua
844 2892 993 2963 sunt]
1036 2892 1303 2946 bonorum
1352 2902 1747 2962 persecutores,
1792 2909 1984 2950 osores

416 2982 680 3046 veritatis,
721 2991 995 3036 amatores
1045 2981 1394 3053 [mendacii],
1445 2999 1553 3038 nou
1594 2992 1986 3054 cognoscentes

414 3072 719 3125 mercedem
753 3071 998 3139 justitiae,
1032 3088 1139 3124 non
1174 3072 1416 3143 adjuncti
1448 3075 1513 3127 ad
1545 3074 1771 3139 bonum,
1812 3075 1986 3130 vidua

411 3170 467 3214 et
494 3162 698 3231 pupillo
729 3180 833 3215 non
868 3164 1206 3218 attendentes
1236 3181 1299 3217 ex
1331 3164 1732 3234 jnstujudicio,
1763 3166 1986 3235 vigilan-

412 3262 493 3307 tes
522 3269 627 3306 non
653 3254 717 3307 ad
746 3255 997 3307 timorem
1040 3253 1151 3317 Dei,
1179 3256 1271 3307 sed
1309 3255 1375 3308 ad
1406 3256 1693 3320 malitiam,
1725 3271 1756 3309 a
1780 3255 1982 3324 quibus

409 3343 569 3413 longe
597 3361 660 3398 ac
690 3346 877 3413 procul
904 3356 1028 3398 sunt
1071 3346 1437 3399 mansuetudo
1474 3356 1525 3399 et
1564 3346 1848 3415 patientia,
1884 3346 1980 3416 qui

408 3437 635 3506 diligunt
682 3452 840 3499 vana,
885 3446 1273 3491 consectantur
1304 3438 1825 3503 remunerationem,
1870 3454 1977 3492 non

2178 2250 2289 2321 (8l)
2333 2252 2396 2304 Ἡ
2426 2252 2483 2305 δὲ
2508 2251 2602 2305 τοῦ
2628 2253 2857 2324 μέλανος
2880 2256 3001 2321 ὁδός
3023 2259 3138 2312 ἐστι
3168 2260 3380 2325 σκολιὰ,
3408 2264 3507 2318 καὶ
3540 2268 3694 2320 κατά-

2100 2358 2197 2411 ρας
2230 2343 2416 2413 μεστή,
2458 2344 2615 2395 Ἔστι
2645 2344 2753 2415 γάρ
2778 2346 2895 2409 ὁδὸς
2916 2348 3011 2401 τοῦ
3037 2349 3267 2404 θανάτου
3294 2354 3525 2407 αἰωνίου
3558 2359 3693 2426 μετὰ

2094 2433 2366 2504 τιμωρίας
2398 2434 2456 2486 ἐν
2554 2435 2671 2487 ἐστι
2694 2436 2761 2488 τά
2792 2437 3096 2494 ἀπολοῦντα
3121 2442 3220 2511 τὴν
3254 2444 3439 2515 ψυχὴν
3473 2448 3688 2501 αὐτῶνθ

2090 2524 2525 2596 είδωλολατρεία,
2558 2526 2852 2599 θρασύτης,
2886 2529 3021 2600 ὕψος
3048 2532 3349 2605 δυνάμεως,
3379 2537 3690 2610 ὑπόκρισις,

2092 2615 2470 2686 διπλοκαρδία,
2525 2619 2761 2688 μοιχεία,
2799 2620 2979 2689 φόνος,
3012 2624 3257 2695 ἁρπαγὴ,
3303 2627 3689 2699 ύπρηφανία,

2092 2705 2424 2776 παράϐασις,
2457 2707 2627 2770 δόλος,
2664 2711 2851 2775 κακία,
2884 2712 3165 2779 αὐθάδεια,
3200 2721 3552 2787 φαρμακεία,
3591 2741 3691 2794 μα-

2089 2797 2232 2864 γεία,
2265 2797 2561 2865 πλεονεξία,
2586 2802 2785 2870 ἀφοϐία
2817 2804 2973 2860 Θεοῦ.
3005 2806 3114 2877 (82)
3135 2808 3375 2863 Διῶκται
3404 2812 3518 2867 τῶν
3554 2817 3688 2884 ἁγα-

2089 2885 2217 2950 θῶν,
2256 2888 2539 2957 μισοῦντες
2584 2891 2868 2962 ἀλήθειαν,
2916 2895 3238 2963 ἀγαπῶντες
3274 2898 3389 2970 (85)
3424 2902 3685 2977 [Lf/5550;].

2086 2979 2146 3031 οὺ
2179 2978 2539 3047 γινώσκοντες
2588 2984 2777 3053 μισθὸν
2822 2986 3186 3062 δικαιοσύνης,
3234 2993 3296 3044 ού
3350 2993 3685 3068 κολλώμενοι

2085 3068 2291 3138 ἀγαθῷ,
2320 3070 2380 3122 ού
2415 3072 2594 3141 κρίσει
2625 3071 2809 3144 δικαίᾳ
2832 3077 2978 3149 χήρα
3010 3080 3102 3131 καὶ
3129 3081 3351 3153 ὀρφανῷ
3383 3089 3688 3157 προσέχον-

2083 3176 2193 3223 τες,
2240 3160 2643 3231 ἀγρυπνοῦντες
2686 3164 2787 3217 οὐκ
2831 3166 2911 3229 είς
2944 3168 3107 3236 φόϐον
3137 3171 3296 3237 Θεοῦ,
3499 3180 3597 3231 ἐπὶ
3626 3182 3687 3233 τὸ

2083 3252 2339 3323 πονηρὸν,
2373 3244 2447 3305 ὧν
2484 3253 2701 3325 μακρὰν
2743 3257 2833 3309 καὶ
2887 3258 3077 3331 πόρρω
3118 3264 3369 3336 πραΰτης
3422 3271 3518 3322 καὶ
3554 3272 3687 3324 ὑπο-

2084 3343 2239 3415 μονὴ,
2268 3345 2591 3412 ἀγαπῶντες
2620 3348 2846 3417 μάταια,
2866 3348 3157 3417 διώκοντες
3179 3357 3562 3432 ἀνταπόδομα,
3584 3366 3683 3417 οὐκ

2083 3432 2367 3499 ἐλεοῦντες
2391 3441 2627 3507 πτωχὸν,
2659 3439 2721 3491 ού
2771 3440 3059 3508 πονοῦντες
3093 3446 3186 3500 ἐπὶ
3218 3449 3297 3519 τῷ
3332 3468 3683 3508 καταπονου-

408 3528 738 3581 miserentur
780 3527 982 3596 inopis,
1027 3543 1133 3581 non
1175 3527 1425 3582 laborant
1456 3530 1507 3582 in
1553 3529 1782 3598 gratiam
1845 3528 1990 3584 illius

2141 3524 2258 3596 ἑνῳ,
2294 3527 2537 3599 εὐχερεῖς
2587 3531 2645 3583 ἐν
2702 3534 3022 3607 καταλαλίᾳ,
3073 3538 3133 3590 ού
3186 3541 3562 3609 γινώσκοντες
3596 3548 3686 3599 τὸν

407 3618 499 3685 qui
526 3617 711 3671 labore
754 3632 818 3672 ae
844 3618 1105 3672 aerumnis
1133 3618 1421 3674 confectus
1463 3628 1567 3685 est,
1604 3619 1672 3673 ad
1703 3621 1977 3675 obtrecta-

407 3707 612 3761 tionem
639 3709 894 3777 prompti,
914 3724 1019 3762 non
1038 3718 1434 3778 cognoscentes
1456 3708 1769 3764 Creatorem
1796 3724 1981 3775 suum,

402 3798 701 3853 liberorum
746 3800 1158 3869 iuteremptores
1198 3799 1281 3871 {in
1338 3799 1646 3871 abortione]
1672 3842 1687 3867 ,
1733 3816 1981 3856 corrum-

403 3904 594 3961 pentes
639 3891 731 3945 Dei
766 3901 1098 3958 creaturam,
1133 3903 1451 3947 aversantes
1499 3908 1753 3962 egenum,
1791 3892 1979 3962 oppri-

401 3994 613 4039 mentes
642 3984 923 4050 alllictum,
954 3984 1181 4037 divitum
1225 3984 1501 4049 advocati,
1532 3998 1831 4053 pauperum
1875 3981 1978 4035 ini-

398 4079 493 4149 qui
524 4078 761 4148 judices;
796 4092 889 4146 per
919 4076 1099 4131 omnia
1129 4084 1462 4145 peccatores.

2084 3620 2385 3690 ποιήσαντα
2411 3621 2627 3686 αὐτοὺς,
2653 3628 2833 3692 φονεῖς
2861 3628 3087 3693 τέκνων,
3112 3630 3336 3704 φθορεῖς
3358 3638 3687 3708 πλάσματος

2086 3708 2243 3774 Θεοῦ,
2278 3712 2746 3784 ἀποστρεφόμενοι
2777 3718 2867 3771 τὸν
2899 3720 3243 3793 ἐνδεόμενον,
3301 3731 3687 3784 καταπονοῦν-

2084 3816 2178 3894 τες
2206 3801 2297 3856 τὸν
2335 3801 2669 3894 θλιϐόμενον,
2706 3807 2975 3865 πλουσίων
3007 3815 3371 3887 παράκλητοι,
3429 3825 3692 3894 πενήτων

2030 3938 2033 3941 λ
2086 3889 2280 3960 ἄνομοι
2314 3892 2519 3963 κριταὶ,
2552 3896 3022 3970 πανταμάρτητοι.

1596 4188 1736 4245 XXI.
1761 4188 2044 4246 Conclusio
2082 4192 2465 4248 admonitoria.

469 4310 711 4380 Equum
777 4309 940 4379 igitur
1004 4318 1122 4372 est,
1196 4317 1257 4362 ut
1311 4312 1474 4362 homo
1539 4306 1765 4361 edoctus
1822 4321 1979 4360 man-

2162 4307 2341 4361 Καλὸν
2375 4304 2469 4364 οὖν
2492 4311 2627 4375 ἐστι,
2662 4314 2901 4382 μαθόντα
2932 4316 2999 4371 τὰ
3034 4318 3381 4393 δικαιώματα
3427 4328 3686 4399 Κυρίου,

394 4404 520 4459 data
569 4402 805 4466 Domini,
850 4410 1120 4471 quotquot
1161 4401 1315 4471 prius
1364 4400 1567 4469 scripta
1608 4408 1756 4466 sunt,
1798 4400 1852 4453 in
1887 4400 1968 4454 eis

2141 4416 2179 4452 α
2234 4401 2678 4493 προγέγραπται,
2727 4407 2785 4457 ὲν
2829 4407 3040 4474 τούτοις
3069 4419 3419 4483 περιπατεῖν.
3468 4398 3537 4473 ’οΫ
3576 4423 3689 4493 γὰρ

394 4496 653 4551 ambulet.
683 4493 786 4560 Qui
826 4494 971 4547 enim
1002 4507 1065 4546 ea
1092 4492 1328 4562 perlicit,
1360 4491 1415 4545 in
1456 4506 1625 4561 regno
1650 4490 1745 4545 Dei
1788 4492 1959 4561 gloria

2143 4490 2243 4543 ῦτα
2267 4486 2507 4545 ποιῶνὲν
2532 4497 2596 4565 τῇ
2618 4494 2863 4568 βασιλείᾳ
2887 4498 2981 4551 τοῦ
3017 4499 3153 4555 Θεοῦ
3191 4486 3602 4580 δοξασθήσεται
3624 4530 3636 4540 ·

392 4587 790 4651 cumulabitur;
817 4588 910 4655 qui
943 4600 1072 4639 vero
1096 4585 1203 4638 alia
1230 4583 1471 4653 elegerit,
1505 4582 1669 4636 simul
1695 4598 1822 4637 eum
1845 4584 1963 4637 suis

2141 4584 2252 4635 εῖνα
2277 4582 2389 4653 (84)
2409 4582 2783 4655 ἐκλεγόμενος,
2811 4591 2948 4659 μετά
2992 4594 3101 4647 τῶν
3131 4598 3310 4665 ἔργων
3344 4601 3520 4654 αὑτοῦ
3560 4620 3689 4657 συν-

394 4683 653 4753 operibus
682 4678 898 4750 peribit.
939 4676 1233 4747 Propterea
1276 4675 1627 4740 resurrectio,
1678 4683 1966 4744 propterea

2141 4672 2380 4728 πολεῖται.
2406 4675 2689 4761 Διά-..τοῦτο
2717 4680 3035 4749 ἀνάστασις,
3063 4685 3335 4755 διάέρῦτο
3369 4692 3687 4748 ἀνταπόδο-

393 4746 699 4829 letributio.
728 4772 880 4841 Rogo
907 4784 1026 4836 vos,
1052 4746 1349 4838 proceres,
1381 4767 1426 4823 si
1456 4765 1704 4835 accipitis
1746 4763 1968 4835 aliquod

2141 4780 2178 4825 ς,
2222 4763 2441 4833 Ἐρωτῶ
2456 4746 2596 4827 ττῖῖς
2631 4746 3029 4840 ὑπερέχοντας,
3055 4775 3111 4827 εἴ
3132 4746 3255 4831 {Ca
3287 4796 3395 4850 μου
3442 4746 3686 4855 γνώμης

468 4942 492 4978 ⁷
523 4940 688 4999 Eccli.
719 4953 791 5003 IV,
813 4934 908 4998 5|,
942 4930 1028 4983 56.
1106 4931 1126 4960 ⁸
1158 4931 1173 4981 l
1216 4928 1342 4981 Cor.
1376 4942 1447 4986 ιγ,
1476 4923 1562 4975 l2.
1640 4918 1875 4980 “Matth.
1902 4941 1957 4990 v,
1991 4962 1993 4968 ι

2141 4924 2265 4982 Luc.
2292 4945 2367 4997 v1,
2393 4933 2482 4987 50.

1691 5046 2057 5104 VARIORUM
2096 5046 2304 5102 NOTAE

2278 5162 2458 5237 Const.
2496 5177 2693 5236 apost,
2730 5186 2829 5237 vn,
2864 5173 2949 5227 lO.

2131 5230 2244 5318 (gs)
2273 5231 2437 5318 ρέα,
2466 5230 2567 5290 ms.
2601 5230 3130 5318 cxﬁpa.l_.paxopé».

2131 5261 2244 5377 ἒῗεῖἱ
2273 5261 2937 5377 ἒ”ἆέἑὶ.’¹ἑῖ›ὀὲίᾞῗῖξ’ϊίῗα

2138 5324 2250 5438 lilii
2278 5324 2460 5426 3351f“
2491 5324 2571 5429 ῗξ⁴

2134 5442 2247 5509 (δι)
2276 5441 2442 5509 Ibid.,
2476 5447 2561 5501 18.

2278 5515 3099 5610 [Silub‘a‘u‘di‘exlantecedentibus
3126 5535 3183 5587 ἐν
3279 5541 3412 5596 εἰσι.

2356 5587 2496 5662 ³⁴Ῑ¹¹υ
2520 5603 2584 5642 ex
2617 5590 2796 5647 Const.
2832 5612 2920 5662 ap.
2948 5601 2984 5654 Ι,
3127 5581 3175 5587 ’⁷
3222 5581 3232 5610 ³

2282 5654 2586 5742 Ἐκεῖνα-ε.-
2625 5677 2745 5729 quae
2763 5651 2996 5742 “divinie
3026 5651 3311 5734 voluntati
3340 5694 3473 5740 sunt
3504 5701 3655 5742 σοαπ

2050 5724 2240 5792 traria,
2272 5724 2339 5780 de
2398 5728 2598 5795 quibus
2642 5724 2702 5786 ὀ.
2762 5734 2831 5791 2ο
2863 5737 3043 5804 fuerat
3071 5724 3277 5803 sermo.

456 5150 566 5223 (7i)
604 5151 785 5223 Const.
820 5164 1015 5223 apost.,
1048 5171 1145 5219 vn,
1179 5156 1266 5209 ll.

452 5220 564 5291 (γε)
602 5220 765 5285 Ibid,
793 5225 846 5277 9.

455 5291 565 5361 (75⁷)
584 5291 644 5345 F.
663 5293 756 5344 καὶ
786 5293 1059 5361 διαλόγους
1086 5304 1189 5366 [ες.
1211 5298 1410 5364 αὐτῶν]
1444 5298 1663 5351 σκοπῶν
1681 5339 1695 5362 ,
1733 5316 1949 5356 sermo-

382 5378 478 5415 nes
515 5377 704 5416 eorum
747 5374 1112 5430 perscrutans.

444 5432 554 5501 (74)
611 5431 791 5485 Const.
822 5445 1015 5501 apost.,
1062 5452 1157 5495 vn,
1210 5438 1297 5491 1’2.
1330 5437 1439 5493 Aut
1483 5440 1639 5493 labor
1684 5456 1947 5497 manuum

378 5503 812 5566 commendatur,
862 5512 956 5558 aut
985 5506 1297 5562 distributio
1325 5508 1643 5564 facultatum
1696 5511 1750 5563 in
1802 5512 1947 5567 elec-

374 5586 624 5625 mosvna.
653 5572 786 5625 Cor.

448 5642 557 5707 (75)
584 5642 764 5695 Const.
790 5655 984 5710 apost.,
1014 5645 1048 5697 l.
1081 5662 1131 5699 c.

450 5710 559 5775 (76)
586 5711 766 5766 Const.
801 5725 994 5781 apost.,
1019 5732 1114 5782 vn,
1146 5718 1233 5775 14.
