3818 6216
150 307 250 363 781

1345 298 1683 355 EPISTOLA
1709 296 2121 354 CATHOLICA.

3292 295 3396 353 782

145 416 355 487 ἀγαθῆς
380 414 687 488 λαμϐάνετε
716 416 1079 489 συμϐουλίαν·
1116 416 1290 488 ἔχετε,
1324 417 1404 480 είς
1431 414 1525 480 οὒς
1567 415 1714 485 εὐερ-

1828 414 1987 470 bonae
2017 413 2313 469 voluntatis
2335 427 2469 469 meae
2489 412 2782 470 consilium
2809 430 2823 468 :
2851 411 3065 469 habetis
3086 410 3393 475 vobiscum.

144 507 408 577 γάσασθε,
448 508 565 579 μεθ’
609 508 847 563 ἐαυτῶνο
905 511 981 582 μὴ
1037 509 1463 580 ἐγκαταλίπητε.
1532 507 1761 579 E7713;

142 604 249 676 γάρ
294 605 498 677 ἡμέρα,
534 607 595 660 ἐν
637 601 673 680 ᾖ
708 592 1089 661 συναπολεῖται
1144 606 1323 661 πάντα.
1366 604 1446 677 τῷ
1484 602 1723 674 πονηρῷ.

154 695 350 763 Ἐγγὺς
382 698 412 749 ὀ
458 696 665 768 Κύριος
711 698 806 751 καὶ
833 699 862 751 ὁ
900 698 1090 769 μισθὸς
1121 696 1307 750 αὑτοῦ.
1361 696 1483 749 Ἐτι
1515 696 1608 748 καὶ
1644 694 1725 746 ἐτι

141 786 327 858 ἐρωτῶ
356 787 531 859 ὑμᾶς’
565 788 775 844 ἑαυτῶν
812 789 1027 859 γίνεσθε
1053 788 1338 860 νομοθέται
1364 786 1576 856 ἀγαθοὶ,
1600 786 1726 841 ἐαυξ-

136 878 243 933 τῶν
277 878 471 951 μένετε
499 872 794 953 σύμϐουλοι
825 883 1027 948 πιστοὶ,
1064 881 1234 952 ἄρατε
1265 881 1323 947 ἐξ
1353 879 1506 950 ὑμῶν
1546 868 1723 932 πᾶσαν

140 972 451 1043 ὑπόκρισιν.
476 973 589 1044 (85)
621 973 678 1027 Ὀ
699 974 756 1027 δὲ
785 973 938 1039 Θεὸς,
967 975 995 1026 ὁ
1025 972 1226 1036 παντὸς
1252 969 1348 1025 τοῦ
1378 971 1585 1043 κόσμου
1623 987 1721 1024 κυ-

140 1060 351 1132 ριεύων,
378 1060 492 1134 δῴη
527 1064 655 1133 ὑμῖν
690 1064 903 1132 σοφίαν,
938 1063 1267 1135 ἐπιστήμην,
1299 1060 1535 1127 σύνεσιν,
1579 1060 1720 1129 γνῶ-

140 1171 221 1207 σιν
249 1156 358 1207 τῶν
389 1156 776 1228 δικαιωμάτων
810 1156 995 1223 αὐτοῦ,
1026 1158 1085 1210 ἐν
1117 1158 1383 1228 ὑπομονῇ.
1415 1154 1635 1209 Γίνεσθε
1662 1154 1720 1207 δὲ

137 1244 484 1313 θεοδίδακτοι,
518 1247 899 1319 ἐκζητοῦντες,
930 1249 983 1301 τί
1015 1248 1167 1319 ζητεῖ
1186 1248 1393 1319 Κύριος
1417 1246 1511 1316 ἀφ’
1542 1245 1715 1318 ὑμῶν,

144 1340 233 1392 καὶ
265 1343 491 1405 ποιεῖτε,
520 1341 607 1394 ἵνα
635 1340 842 1413 σωθῆτε
868 1343 927 1395 ἐν
956 1341 1139 1413 ἡμέρᾳ
1169 1340 1419 1413 κρίσεως.
1456 1339 1521 1393 El
1540 1338 1598 1392 δέ
1634 1338 1719 1402 τίς

143 1433 287 1486 ἐστιν
331 1434 541 1503 ἀγαθοῦ
577 1435 752 1506 μνεία,
811 1434 1176 1507 μνημονεύετέ
1225 1450 1346 1504 μου,
1390 1431 1719 1504 μελετῶντες

134 1523 321 1590 ταῦτα,
359 1525 449 1578 ἵνα
484 1527 578 1579 καὶ
609 1528 641 1597 ἡ
693 1526 958 1598 ἐπιθυμία
1006 1527 1098 1580 καὶ¹
1147 1527 1181 1598 ἡ
1215 1526 1493 1596 ἀγρυπνία
1545 1525 1624 1589 είς
1662 1541 1715 1578 τι

133 1615 329 1685 ἀγαθὸν
370 1620 619 1690 χωρήσῃ.
685 1618 913 1691 Ἐρωτῶ
951 1620 1115 1689 ὑμᾶς,
1164 1618 1321 1689 χάριν
1375 1616 1711 1689 αἰτούμενος.

143 1702 226 1767 Ὧς
246 1703 323 1758 ἐτι
357 1706 419 1757 τὸ
447 1706 614 1760 καλὸν
648 1707 758 1779 (86)
791 1706 985 1772 σκεῦός
1016 1709 1133 1761 ἐστι
1159 1708 1275 1779 μεθ’
1307 1707 1481 1779 ὑμῶν,
1520 1708 1594 1779 μὴ
1619 1708 1714 1761 ἐκ-

1786 546 1791 549 .
1828 504 2029 577 quibus
2066 504 2205 559 bene
2244 502 2485 569 fecistis;
2526 518 2597 558 ne
2636 518 2731 559 eos
2764 502 3177 573 derelinquatis.
3219 500 3398 573 Prope

1825 593 1974 649 enim
2015 601 2100 649 est
2139 593 2280 659 dies,
2314 592 2371 647 in
2411 608 2520 663 qua
2553 592 2738 648 omnia
2781 607 2907 647 cum
2936 592 3083 646 malo
3114 591 3391 662 peribunt.

1824 683 2000 755 Prope
2044 693 2128 740 est
2176 684 2442 740 Dominus
2476 693 2531 740 et
2570 699 2781 740 merces
2822 684 2965 754 ejus.
3008 682 3187 738 Etiam
3230 692 3396 754 atque

1823 778 1988 833 etiam
2013 792 2148 849 rogo
2169 791 2265 833 vos
2287 785 2490 834 :estote
2514 776 2672 832 vobis
2697 775 2826 831 boni
2844 775 3204 846 legislatores,
3237 775 3395 831 vobis

1822 877 2039 925 manete
2072 870 2376 925 consiliarii
2422 868 2631 936 ﬁdeles,
2680 868 2854 924 tollite
2880 883 2947 923 ex
2992 867 3147 922 vobis
3175 882 3394 922 omnem

1822 961 2180 1033 hypocrisim.
2210 961 2355 1017 Deus
2386 970 2594 1029 autem,
2625 960 2721 1031 qui
2766 960 3023 1016 universo
3051 960 3255 1015 mundo
3295 960 3396 1015 do—

1821 1054 2084 1122 minatur,
2125 1054 2216 1109 det
2244 1053 2402 1109 vobis
2444 1052 2792 1124 sapientiam,
2838 1052 3149 1119 scientiam,
3200 1051 3397 1107 intelli-

1821 1144 2087 1214 gentiam,
2128 1144 2498 1216 cognitionem
2541 1144 2928 1199 mandatorum
2962 1158 3222 1209 suorum,
3265 1159 3392 1199 cum

1818 1237 2243 1307 perseverantia.
2290 1234 2613 1292 Elliciamini
2658 1246 2843 1292 autem
2886 1235 3034 1291 docti
3070 1252 3101 1291 a
3135 1234 3268 1303 Deo,
3304 1250 3395 1291 ex-

1819 1328 2117 1399 quirentes,
2156 1328 2287 1398 quid
2317 1343 2348 1383 a
2377 1328 2535 1383 vobis
2572 1327 2820 1398 requirat
2849 1326 3154 1395 Dominus;
3194 1336 3250 1383 et
3279 1327 3393 1383 elli-

1818 1420 1953 1488 cite,
1981 1428 2043 1475 ut
2067 1419 2202 1475 salvi
2227 1420 2348 1475 sitis
2373 1419 2428 1474 in
2465 1420 2552 1476 die
2582 1418 2795 1490 judicii.
2826 1417 2885 1474 Si
2912 1435 3021 1490 qua
3043 1435 3173 1475 vero
3197 1427 3280 1474 est
3308 1417 3390 1491 [in

1816 1512 1994 1584 vobis]
2021 1513 2149 1568 boni
2178 1513 2505 1580 recordatio,
2534 1519 2868 1567 mementote
2897 1512 3025 1579 mei,
3050 1512 3167 1568 haec
3198 1511 3389 1584 [verba

1815 1605 1962 1678 mea]
2015 1606 2359 1673 meditantes,
2406 1613 2465 1661 ut
2510 1613 2566 1661 et
2612 1605 2951 1660 desiderium
2998 1611 3054 1659 et
3104 1604 3387 1675 vigilantia

1817 1697 1986 1772 [mea]
2010 1698 2065 1752 in
2094 1698 2315 1769 aliquod
2346 1698 2550 1753 bonum
2576 1697 2793 1752 evadat.
2829 1695 2983 1767 Rogo
3014 1711 3113 1752 vos
3157 1697 3387 1767 gratiam

131 1795 345 1869 λείπητε
369 1798 562 1870 μηδενὶ
583 1776 783 1864 αὐτῶν,
807 1799 944 1853 ἀλλά
969 1776 1203 1871 συνεχῶς
1220 1776 1500 1872 ἐκζητεῖτε
1514 1776 1706 1865 ταῧτα,

1821 1790 2127 1860 postulans.
2154 1789 2292 1844 Cum
2317 1788 2498 1844 adhuc
2524 1788 2580 1842 in
2604 1802 2737 1843 vase
2759 1787 2913 1853 estis,
2939 1788 2996 1841 in
3017 1786 3167 1841 nullo
3189 1785 3387 1841 horum

132 1890 219 1942 καὶ
263 1890 645 1961 ἀναπληροῦτε
690 1893 871 1945 πᾶσαν
916 1891 1166 1964 ἐντολήν·
1215 1891 1331 1945 ἐστι
1381 1890 1491 1964 γὰρ
1538 1890 1711 1945 ταῦτα

132 1979 270 2045 ἄξια.
443 1982 645 2054 μᾶλλον
674 1983 984 2038 ἐσπούδασα
1012 1984 1241 2055 γράψαι,
1284 1984 1377 2054 ἀφ’
1407 1980 1482 2037 ὧν
1511 1982 1712 2055 ὴδυνή-
1744 2004 1765 2045 ι

135 2074 247 2145 θην,
275 2062 355 2140 είς
381 2077 444 2130 τὸ
476 2077 743 2149 εὐφρᾶναι
778 2078 941 2148 ὑμᾶς.
981 2077 1247 2142 Σώζεσθε,
1287 2077 1505 2147 ἀγάπης
1543 2075 1709 2129 τέκνα

134 2172 221 2225 καὶ
248 2173 487 2245 εἰρήνης.
538 2174 597 2228 Ὀ
623 2172 827 2246 Κύριος
850 2174 948 2245 τῆς
968 2173 1125 2244 δόξης
1150 2173 1245 2229 καὶ
1278 2173 1459 2243 πάσης
1488 2172 1709 2243 χάριτος

135 2262 263 2333 μετά
289 2262 384 2317 τοῦ
410 2264 723 2337 πνεύματος
750 2262 923 2333 ὑμῶν.
967 2263 1154 2335 Ἀμήν.

1817 1877 2250 1954 [mandatorum]
2278 1877 2511 1945 deﬁcite,
2537 1876 2633 1933 sed
2658 1876 3036 1931 indesinenter
3060 1874 3176 1930 haec
3197 1873 3376 1943 exqui-

1802 1973 1940 2040 trite,
1969 1980 2025 2027 et
2063 1971 2358 2041 adimplete
2390 1985 2556 2025 omne
2600 1969 2923 2024 mandatum
2960 1987 2975 2023 :
3005 1968 3123 2022 haec
3151 1980 3389 2037 namque

1813 2064 1977 2135 digna
2024 2072 2171 2119 sunt.
2231 2063 2417 2130 Quare
2454 2062 2808 2134 potissimum
2861 2061 2917 2116 id
2966 2070 3187 2130 operam
3230 2058 3385 2125 dedi,

1812 2165 2083 2227 quantum
2106 2155 2163 2209 in
2196 2171 2285 2211 me
2314 2154 2439 2223 fuit,
2463 2164 2523 2209 ut
2551 2154 2848 2209 scriberem
2877 2152 3055 2219 vobis,
3087 2165 3199 2222 quo
3230 2150 3387 2206 exhi-

1810 2247 2044 2302 lararem
2075 2262 2196 2302 vos.
2237 2244 2477 2313 Salvete,
2507 2245 2605 2299 ﬁlii
2635 2244 2944 2300 dilectionis
2976 2250 3031 2298 et
3069 2243 3242 2312 pacis.
3280 2240 3386 2295 Do-

1808 2339 1993 2393 minus
2014 2338 2198 2409 gloriae
2212 2346 2267 2394 et
2293 2338 2475 2393 omnis
2495 2337 2685 2410 gratia:
2714 2336 2786 2393 sit
2808 2351 2933 2393 cum
2958 2334 3152 2405 spiritu
3176 2342 3384 2391 vestro.

1807 2437 2005 2493 Amen.

1436 2570 1807 2631 VARIORUM
1853 2573 2089 2631 NOTAE.

199 2662 310 2737 (85)
341 2662 472 2721 Haec
496 2663 698 2720 recitat
726 2663 897 2720 Clem.
925 2663 1085 2721 Alex.
1119 2663 1322 2721 Strom.
1354 2681 1417 2735 ιι,
1461 2681 1512 2723 c.
1550 2666 1640 2735 i8,
1665 2684 1721 2741 p.
1744 2668 1870 2726 472.

2043 2668 2158 2741 (86)
2185 2667 2243 2725 ld
2272 2676 2358 2726 est
2377 2684 2589 2739 corpus,
2616 2676 2677 2722 ut
2703 2666 2920 2736 sacpius.

751 2993 1217 3086 DICTUM
1288 2995 1386 3086 s.
1462 2992 2048 3087 BARNABAB
2143 2988 2771 3091 APOSTOLI,

894 3231 1087 3308 Quod
1126 3231 1195 3295 in
1227 3233 1370 3313 ejus
1394 3232 1719 3297 Catholica
1760 3231 2053 3314 Epistola
2090 3248 2223 3295 non
2254 3230 2598 3312 reperitur.

862 3443 1271 3508 (Gaum.,Vet.
1306 3445 1451 3497 Patr.
1476 3442 1727 3507 Biblioth,
1753 3443 1795 3506 Ι,
1821 3443 1932 3507 140,
1951 3458 2015 3497 ea:
2032 3444 2199 3497 codice
2218 3446 2394 3497 Barac.
2416 3441 2649 3508 XXXIX.)

201 3659 476 3731 Βαρνάϐας
507 3663 540 3716 ὁ
596 3660 891 3726 ἀπόστολος
934 3662 1068 3735 ἔφη’
1116 3663 1205 3717 Ἐν
1251 3661 1506 3734 ἁμίλλαις
1536 3677 1703 3732 πονη-

144 3752 250 3819 ραῖς
290 3752 615 3825 ἀθλιώτερος
659 3755 690 3808 ὁ
722 3755 949 3826 νικήσας
971 3794 987 3820 ,
1021 3753 1157 3809 διότι
1199 3753 1499 3827 ἀπέρχεται
1539 3753 1702 3807 πλέον

140 3841 264 3915 ίχων
289 3847 386 3918 τῆς
412 3847 710 3922 ἁμαρτίας.

1878 3660 2159 3718 Barnabas
2200 3661 2478 3733 apostolus
2515 3661 2591 3716 ait
2624 3678 2639 3714 :
2691 3657 2749 3714 In
2790 3658 2953 3714 malis
2989 3657 3380 3715 certaminibus

1750 3750 1787 3789 έν
1806 3751 2081 3808 infelicior
2111 3760 2231 3820 est,
2274 3752 2369 3823 qui
2401 3752 2610 3808 vincit:
2661 3750 2774 3805 abit
2802 3748 2981 3819 enim,
3016 3748 3140 3820 plus
3173 3747 3380 3805 habens

1802 3843 2037 3916 peccati.
