  <div class='ocr_page' id='page_1' title='image "/cluster/home/n/w/nwhite01/storage/ocr_20150623/2/nnc1.0114695790/451.png"; bbox 0 0 3818 6216; ppageno 0'>
   <div class='ocr_carea' id='block_1_1' title="bbox 584 609 3441 804">
    <p class='ocr_par' dir='ltr' id='par_1_1' title="bbox 584 609 3441 804">
     <span class='ocr_line' id='line_1_1' title="bbox 584 609 3441 804; baseline -0.004 -2"><span class='ocrx_word' id='word_1_1' title='bbox 584 625 755 804; x_wconf 87' lang='lat' dir='ltr'><strong>S.</strong></span> <span class='ocrx_word' id='word_1_2' title='bbox 888 612 2019 798; x_wconf 86' lang='lat' dir='ltr'><strong>MATTHIAS</strong></span> <span class='ocrx_word' id='word_1_3' title='bbox 2139 609 3441 798; x_wconf 86' lang='lat' dir='ltr'><strong>APOSTOLUS</strong></span> 
     </span>
    </p>
   </div>
   <div class='ocr_carea' id='block_1_2' title="bbox 1490 1255 2515 1387">
    <p class='ocr_par' dir='ltr' id='par_1_2' title="bbox 1490 1255 2515 1387">
     <span class='ocr_line' id='line_1_2' title="bbox 1490 1255 2515 1387; baseline -0.004 0"><span class='ocrx_word' id='word_1_4' title='bbox 1490 1255 2515 1387; x_wconf 81' lang='lat' dir='ltr'><strong>FRAGMENTA.</strong></span> 
     </span>
    </p>
   </div>
   <div class='ocr_carea' id='block_1_3' title="bbox 384 1584 3653 1684">
    <p class='ocr_par' dir='ltr' id='par_1_3' title="bbox 384 1584 3653 1684">
     <span class='ocr_line' id='line_1_3' title="bbox 384 1584 3653 1684; baseline -0.005 -22"><span class='ocrx_word' id='word_1_5' title='bbox 384 1600 499 1684; x_wconf 81' lang='lat' dir='ltr'><strong>(Ex</strong></span> <span class='ocrx_word' id='word_1_6' title='bbox 562 1599 890 1663; x_wconf 85' lang='lat' dir='ltr'><strong>Clemente</strong></span> <span class='ocrx_word' id='word_1_7' title='bbox 943 1592 1401 1667; x_wconf 78' lang='lat' dir='ltr'><strong>Alexandrino,</strong></span> <span class='ocrx_word' id='word_1_8' title='bbox 1457 1589 1714 1684; x_wconf 42' lang='lat' dir='ltr'><strong>Strom‘.’</strong></span> <span class='ocrx_word' id='word_1_9' title='bbox 1747 1586 1863 1684; x_wconf 59' lang='lat' dir='ltr'><strong>lib.</strong></span> <span class='ocrx_word' id='word_1_10' title='bbox 1897 1584 2473 1684; x_wconf 40' lang='lat' dir='ltr'><strong>tr,_”c&#39;ap.u9n;_&#39;l‘ib.</strong></span> <span class='ocrx_word' id='word_1_11' title='bbox 2512 1604 2624 1657; x_wconf 85' lang='grc' dir='ltr'><strong>ιιι,</strong></span> <span class='ocrx_word' id='word_1_12' title='bbox 2684 1602 2822 1665; x_wconf 80' lang='lat' dir='ltr'><strong>cap.</strong></span> <span class='ocrx_word' id='word_1_13' title='bbox 2876 1586 2949 1661; x_wconf 73' lang='lat' dir='ltr'><strong>lt;</strong></span> <span class='ocrx_word' id='word_1_14' title='bbox 3003 1584 3170 1665; x_wconf 89' lang='lat' dir='ltr'><strong>Opp.</strong></span> <span class='ocrx_word' id='word_1_15' title='bbox 3243 1592 3399 1649; x_wconf 88' lang='lat' dir='ltr'><strong>tom.</strong></span> <span class='ocrx_word' id='word_1_16' title='bbox 3431 1586 3486 1659; x_wconf 85' lang='lat' dir='ltr'><strong>l,</strong></span> <span class='ocrx_word' id='word_1_17' title='bbox 3546 1586 3653 1649; x_wconf 85' lang='lat' dir='ltr'><strong>ed.</strong></span> 
     </span>
    </p>
   </div>
   <div class='ocr_carea' id='block_1_4' title="bbox 1660 1664 2400 1743">
    <p class='ocr_par' dir='ltr' id='par_1_4' title="bbox 1660 1664 2400 1743">
     <span class='ocr_line' id='line_1_4' title="bbox 1660 1664 2400 1743; baseline -0.007 -14"><span class='ocrx_word' id='word_1_18' title='bbox 1660 1667 1888 1730; x_wconf 86' lang='lat' dir='ltr'><strong>Venet.</strong></span> <span class='ocrx_word' id='word_1_19' title='bbox 1926 1666 2106 1740; x_wconf 85' lang='lat'><strong>1757,</strong></span> <span class='ocrx_word' id='word_1_20' title='bbox 2148 1664 2400 1743; x_wconf 82' lang='lat' dir='ltr'><strong>in-fol.)</strong></span> 
     </span>
    </p>
   </div>
   <div class='ocr_carea' id='block_1_5' title="bbox 2025 2154 2069 2211">
    <p class='ocr_par' dir='ltr' id='par_1_5' title="bbox 2025 2154 2069 2211">
     <span class='ocr_line' id='line_1_5' title="bbox 2025 2154 2069 2211; baseline 0.045 -2"><span class='ocrx_word' id='word_1_21' title='bbox 2025 2154 2069 2211; x_wconf 86' lang='grc'><strong>1.</strong></span> 
     </span>
    </p>
   </div>
   <div class='ocr_carea' id='block_1_6' title="bbox 462 2350 1970 2439">
    <p class='ocr_par' dir='ltr' id='par_1_6' title="bbox 462 2350 1970 2439">
     <span class='ocr_line' id='line_1_6' title="bbox 462 2350 1970 2439; baseline -0.01 -20"><span class='ocrx_word' id='word_1_22' title='bbox 462 2367 675 2439; x_wconf 77' lang='grc' dir='ltr'><strong>Ταύτης</strong></span> <span class='ocrx_word' id='word_1_23' title='bbox 716 2366 772 2420; x_wconf 76' lang='grc' dir='ltr'>δὲ</span> <span class='ocrx_word' id='word_1_24' title='bbox 808 2363 926 2436; x_wconf 78' lang='grc' dir='ltr'><strong>(τῆς</strong></span> <span class='ocrx_word' id='word_1_25' title='bbox 966 2360 1240 2435; x_wconf 81' lang='grc' dir='ltr'><strong>ἀληθείας)</strong></span> <span class='ocrx_word' id='word_1_26' title='bbox 1288 2358 1430 2430; x_wconf 81' lang='grc' dir='ltr'><strong>ἀρχὴ</strong></span> <span class='ocrx_word' id='word_1_27' title='bbox 1474 2356 1535 2410; x_wconf 84' lang='grc' dir='ltr'>τδ</span> <span class='ocrx_word' id='word_1_28' title='bbox 1577 2354 1857 2426; x_wconf 84' lang='grc' dir='ltr'><strong>θαυμάσαι</strong></span> <span class='ocrx_word' id='word_1_29' title='bbox 1908 2350 1970 2405; x_wconf 71' lang='grc' dir='ltr'><strong>τὰ</strong></span> 
     </span>
    </p>
   </div>
   <div class='ocr_carea' id='block_1_7' title="bbox 2155 2350 3663 2439">
    <p class='ocr_par' dir='ltr' id='par_1_7' title="bbox 2155 2350 3663 2422">
     <span class='ocr_line' id='line_1_7' title="bbox 2155 2350 3663 2422; baseline -0.003 -17"><span class='ocrx_word' id='word_1_30' title='bbox 2155 2351 2286 2422; x_wconf 83' lang='lat' dir='ltr'><strong>Ejus</strong></span> <span class='ocrx_word' id='word_1_31' title='bbox 2315 2360 2496 2406; x_wconf 90' lang='lat' dir='ltr'><strong>autem</strong></span> <span class='ocrx_word' id='word_1_32' title='bbox 2528 2351 2817 2422; x_wconf 77' lang='lat' dir='ltr'><strong>(veritatis)</strong></span> <span class='ocrx_word' id='word_1_33' title='bbox 2849 2361 2934 2407; x_wconf 88' lang='lat' dir='ltr'><strong>est</strong></span> <span class='ocrx_word' id='word_1_34' title='bbox 2975 2352 3301 2422; x_wconf 86' lang='lat' dir='ltr'><strong>principium</strong></span> <span class='ocrx_word' id='word_1_35' title='bbox 3346 2366 3440 2406; x_wconf 88' lang='lat' dir='ltr'><strong>res</strong></span> <span class='ocrx_word' id='word_1_36' title='bbox 3484 2350 3663 2404; x_wconf 85' lang='lat' dir='ltr'><strong>admi-</strong></span> 
     </span>
    </p>
   </div>
   <div class='ocr_carea' id='block_1_8' title="bbox 393 2440 1901 2530">
    <p class='ocr_par' dir='ltr' id='par_1_8' title="bbox 393 2447 1901 2530">
     <span class='ocr_line' id='line_1_8' title="bbox 393 2447 1901 2530; baseline -0.011 -16"><span class='ocrx_word' id='word_1_37' title='bbox 393 2460 730 2530; x_wconf 78' lang='grc' dir='ltr'>πράγματα,</span> <span class='ocrx_word' id='word_1_38' title='bbox 788 2458 864 2521; x_wconf 81' lang='grc' dir='ltr'><strong>ὡς</strong></span> <span class='ocrx_word' id='word_1_39' title='bbox 925 2456 1150 2509; x_wconf 83' lang='grc' dir='ltr'><strong>Πλάτων</strong></span> <span class='ocrx_word' id='word_1_40' title='bbox 1214 2454 1272 2505; x_wconf 88' lang='grc' dir='ltr'>ὲν</span> <span class='ocrx_word' id='word_1_41' title='bbox 1316 2448 1610 2515; x_wconf 76' lang='grc' dir='ltr'><strong>Θεαιτήτῳ</strong></span> <span class='ocrx_word' id='word_1_42' title='bbox 1641 2447 1826 2515; x_wconf 82' lang='grc' dir='ltr'><strong>λέγει·</strong></span> <span class='ocrx_word' id='word_1_43' title='bbox 1885 2462 1901 2498; x_wconf 75' lang='grc' dir='ltr'><strong>ι</strong></span> 
     </span>
    </p>
   </div>
   <div class='ocr_carea' id='block_1_9' title="bbox 2158 2440 3666 2530">
    <p class='ocr_par' dir='ltr' id='par_1_9' title="bbox 2158 2440 3666 2510">
     <span class='ocr_line' id='line_1_9' title="bbox 2158 2440 3666 2510; baseline -0.003 -12"><span class='ocrx_word' id='word_1_44' title='bbox 2158 2445 2227 2510; x_wconf 83' lang='lat' dir='ltr'><strong>ri,</strong></span> <span class='ocrx_word' id='word_1_45' title='bbox 2267 2454 2327 2499; x_wconf 92' lang='lat' dir='ltr'><strong>ut</strong></span> <span class='ocrx_word' id='word_1_46' title='bbox 2372 2445 2506 2498; x_wconf 90' lang='lat' dir='ltr'><strong>dicit</strong></span> <span class='ocrx_word' id='word_1_47' title='bbox 2548 2443 2702 2499; x_wconf 88' lang='lat' dir='ltr'><strong>Plato</strong></span> <span class='ocrx_word' id='word_1_48' title='bbox 2746 2445 2801 2498; x_wconf 86' lang='lat' dir='ltr'><strong>in</strong></span> <span class='ocrx_word' id='word_1_49' title='bbox 2854 2440 3157 2509; x_wconf 70' lang='lat' dir='ltr'><strong>Theaeteto;</strong></span> <span class='ocrx_word' id='word_1_50' title='bbox 3207 2452 3261 2498; x_wconf 86' lang='lat' dir='ltr'><strong>et</strong></span> <span class='ocrx_word' id='word_1_51' title='bbox 3306 2441 3666 2496; x_wconf 72' lang='lat' dir='ltr'><strong>MATTHIAS</strong></span> 
     </span>
    </p>
   </div>
   <div class='ocr_carea' id='block_1_10' title="bbox 394 2535 1902 2611">
    <p class='ocr_par' dir='ltr' id='par_1_10' title="bbox 394 2535 1902 2611">
     <span class='ocr_line' id='line_1_10' title="bbox 394 2535 1902 2611; baseline -0.01 -6"><span class='ocrx_word' id='word_1_52' title='bbox 394 2549 789 2607; x_wconf 77' lang='grc' dir='ltr'><strong>ΜΑΤΘΙΛΣιὲν</strong></span> <span class='ocrx_word' id='word_1_53' title='bbox 833 2539 1665 2611; x_wconf 74' lang='grc' dir='ltr'><strong>ταίςΠαραδόσεσιπαραινῶνο</strong></span> <span class='ocrx_word' id='word_1_54' title='bbox 1708 2558 1725 2589; x_wconf 79' lang='grc' dir='ltr'><strong>ι</strong></span> <span class='ocrx_word' id='word_1_55' title='bbox 1753 2535 1902 2608; x_wconf 73' lang='grc' dir='ltr'><strong>Θαὺμ</strong></span> 
     </span>
    </p>
   </div>
   <div class='ocr_carea' id='block_1_11' title="bbox 2153 2535 3661 2611">
    <p class='ocr_par' dir='ltr' id='par_1_11' title="bbox 2156 2535 3661 2604">
     <span class='ocr_line' id='line_1_11' title="bbox 2156 2535 3661 2604; baseline -0.005 -12"><span class='ocrx_word' id='word_1_56' title='bbox 2156 2539 2380 2593; x_wconf 82' lang='lat' dir='ltr'><strong>hortans</strong></span> <span class='ocrx_word' id='word_1_57' title='bbox 2416 2537 2467 2590; x_wconf 92' lang='lat' dir='ltr'><strong>in</strong></span> <span class='ocrx_word' id='word_1_58' title='bbox 2506 2536 2899 2592; x_wconf 84' lang='lat' dir='ltr'><strong>Traditionibus</strong></span> <span class='ocrx_word' id='word_1_59' title='bbox 2926 2547 2945 2585; x_wconf 91' lang='lat'><strong><em>:</em></strong></span> <span class='ocrx_word' id='word_1_60' title='bbox 2967 2556 2985 2586; x_wconf 72' lang='grc' dir='ltr'><strong>ι</strong></span> <span class='ocrx_word' id='word_1_61' title='bbox 3003 2535 3291 2590; x_wconf 87' lang='lat' dir='ltr'><strong>Admirare</strong></span> <span class='ocrx_word' id='word_1_62' title='bbox 3316 2536 3661 2604; x_wconf 45' lang='lat' dir='ltr'><strong>praesentia”</strong></span> 
     </span>
    </p>
   </div>
   <div class='ocr_carea' id='block_1_12' title="bbox 398 2624 1906 2711">
    <p class='ocr_par' dir='ltr' id='par_1_12' title="bbox 398 2630 1906 2711">
     <span class='ocr_line' id='line_1_12' title="bbox 398 2630 1906 2711; baseline -0.01 -16"><span class='ocrx_word' id='word_1_63' title='bbox 398 2659 490 2695; x_wconf 87' lang='grc' dir='ltr'><strong>σον</strong></span> <span class='ocrx_word' id='word_1_64' title='bbox 536 2641 605 2694; x_wconf 78' lang='grc' dir='ltr'><strong>τὰ</strong></span> <span class='ocrx_word' id='word_1_65' title='bbox 650 2639 890 2711; x_wconf 83' lang='grc' dir='ltr'>παρόντα</span> <span class='ocrx_word' id='word_1_66' title='bbox 929 2637 1040 2707; x_wconf 82' lang='grc'><strong>(1),</strong></span> <span class='ocrx_word' id='word_1_67' title='bbox 1071 2655 1089 2687; x_wconf 83' lang='grc' dir='ltr'><strong>ι</strong></span> <span class='ocrx_word' id='word_1_68' title='bbox 1140 2634 1343 2705; x_wconf 78' lang='grc' dir='ltr'><strong>βαθμὸν</strong></span> <span class='ocrx_word' id='word_1_69' title='bbox 1391 2630 1580 2685; x_wconf 74' lang='grc' dir='ltr'>τοῦτον</span> <span class='ocrx_word' id='word_1_70' title='bbox 1630 2630 1845 2700; x_wconf 84' lang='grc' dir='ltr'>πρῶτον</span> <span class='ocrx_word' id='word_1_71' title='bbox 1878 2645 1906 2680; x_wconf 84' lang='grc' dir='ltr'><strong>τ</strong></span> 
     </span>
    </p>
   </div>
   <div class='ocr_carea' id='block_1_13' title="bbox 2162 2624 3670 2711">
    <p class='ocr_par' dir='ltr' id='par_1_13' title="bbox 2162 2624 3670 2699">
     <span class='ocr_line' id='line_1_13' title="bbox 2162 2624 3670 2699; baseline -0.005 -16"><span class='ocrx_word' id='word_1_72' title='bbox 2162 2644 2207 2683; x_wconf 90' lang='lat' dir='ltr'><strong>m</strong></span> <span class='ocrx_word' id='word_1_73' title='bbox 2238 2642 2360 2684; x_wconf 84' lang='lat' dir='ltr'><strong>esse</strong></span> <span class='ocrx_word' id='word_1_74' title='bbox 2388 2628 2624 2699; x_wconf 86' lang='lat' dir='ltr'><strong>primum</strong></span> <span class='ocrx_word' id='word_1_75' title='bbox 2647 2626 2875 2697; x_wconf 85' lang='lat' dir='ltr'><strong>gradum</strong></span> <span class='ocrx_word' id='word_1_76' title='bbox 2901 2635 3147 2681; x_wconf 84' lang='lat' dir='ltr'><strong>statuens</strong></span> <span class='ocrx_word' id='word_1_77' title='bbox 3171 2626 3454 2681; x_wconf 88' lang='lat' dir='ltr'><strong>ulterioris</strong></span> <span class='ocrx_word' id='word_1_78' title='bbox 3480 2624 3670 2695; x_wconf 81' lang='lat' dir='ltr'><strong>cogni-</strong></span> 
     </span>
    </p>
   </div>
   <div class='ocr_carea' id='block_1_14' title="bbox 397 2715 2270 2802">
    <p class='ocr_par' dir='ltr' id='par_1_14' title="bbox 397 2715 2270 2802">
     <span class='ocr_line' id='line_1_14' title="bbox 397 2715 2270 2802; baseline -0.01 -15"><span class='ocrx_word' id='word_1_79' title='bbox 397 2733 653 2799; x_wconf 75' lang='grc' dir='ltr'><strong>ἐπέκεινα</strong></span> <span class='ocrx_word' id='word_1_80' title='bbox 674 2731 924 2802; x_wconf 79' lang='grc' dir='ltr'>γνώσεως</span> <span class='ocrx_word' id='word_1_81' title='bbox 957 2726 1358 2797; x_wconf 75' lang='grc' dir='ltr'><strong>ὑποτιθέμενος.</strong></span> <span class='ocrx_word' id='word_1_82' title='bbox 2086 2715 2270 2771; x_wconf 81' lang='lat' dir='ltr'><strong>tionis.</strong></span> 
     </span>
    </p>
   </div>
   <div class='ocr_carea' id='block_1_15' title="bbox 2012 2892 2080 2949">
    <p class='ocr_par' dir='ltr' id='par_1_15' title="bbox 2012 2892 2080 2949">
     <span class='ocr_line' id='line_1_15' title="bbox 2012 2892 2080 2949; baseline -0.029 0"><span class='ocrx_word' id='word_1_83' title='bbox 2012 2892 2080 2949; x_wconf 86' lang='lat' dir='ltr'><strong>ll.</strong></span> 
     </span>
    </p>
   </div>
   <div class='ocr_carea' id='block_1_16' title="bbox 474 3067 1982 3156">
    <p class='ocr_par' dir='ltr' id='par_1_16' title="bbox 474 3078 1981 3156">
     <span class='ocr_line' id='line_1_16' title="bbox 474 3078 1981 3156; baseline -0.008 -14"><span class='ocrx_word' id='word_1_84' title='bbox 474 3088 705 3156; x_wconf 83' lang='grc' dir='ltr'><strong>Λέγουσι</strong></span> <span class='ocrx_word' id='word_1_85' title='bbox 734 3086 784 3154; x_wconf 78' lang='grc' dir='ltr'><strong>γ’</strong></span> <span class='ocrx_word' id='word_1_86' title='bbox 829 3078 920 3137; x_wconf 77' lang='grc' dir='ltr'>οὖν</span> <span class='ocrx_word' id='word_1_87' title='bbox 953 3082 1045 3136; x_wconf 76' lang='grc' dir='ltr'><strong>καὶ</strong></span> <span class='ocrx_word' id='word_1_88' title='bbox 1077 3081 1167 3135; x_wconf 77' lang='grc' dir='ltr'><strong>τὸν</strong></span> <span class='ocrx_word' id='word_1_89' title='bbox 1200 3080 1508 3134; x_wconf 83' lang='grc' dir='ltr'><strong>ΜΑΤΘΙΑΝ</strong></span> <span class='ocrx_word' id='word_1_90' title='bbox 1538 3080 1710 3145; x_wconf 77' lang='grc' dir='ltr'>οὕτως</span> <span class='ocrx_word' id='word_1_91' title='bbox 1740 3078 1945 3145; x_wconf 80' lang='grc' dir='ltr'><strong>διδάξαι</strong></span> <span class='ocrx_word' id='word_1_92' title='bbox 1967 3094 1981 3108; x_wconf 74' lang='grc' dir='ltr'><strong>ο</strong></span> 
     </span>
    </p>
   </div>
   <div class='ocr_carea' id='block_1_17' title="bbox 2167 3067 3675 3156">
    <p class='ocr_par' dir='ltr' id='par_1_17' title="bbox 2167 3067 3675 3141">
     <span class='ocr_line' id='line_1_17' title="bbox 2167 3067 3675 3141; baseline 0 -16"><span class='ocrx_word' id='word_1_93' title='bbox 2167 3071 2363 3128; x_wconf 88' lang='lat' dir='ltr'><strong>Dicunt</strong></span> <span class='ocrx_word' id='word_1_94' title='bbox 2396 3072 2579 3141; x_wconf 90' lang='lat' dir='ltr'><strong>itaque</strong></span> <span class='ocrx_word' id='word_1_95' title='bbox 2609 3067 2971 3124; x_wconf 81' lang='lat' dir='ltr'><strong>MATTHIAM</strong></span> <span class='ocrx_word' id='word_1_96' title='bbox 3000 3085 3217 3141; x_wconf 88' lang='lat' dir='ltr'><strong>quoque</strong></span> <span class='ocrx_word' id='word_1_97' title='bbox 3247 3072 3328 3125; x_wconf 90' lang='lat' dir='ltr'><strong>sic</strong></span> <span class='ocrx_word' id='word_1_98' title='bbox 3366 3072 3631 3125; x_wconf 80' lang='lat' dir='ltr'><strong>docuisse</strong></span> <span class='ocrx_word' id='word_1_99' title='bbox 3658 3110 3675 3133; x_wconf 85' lang='lat'><strong>,</strong></span> 
     </span>
    </p>
   </div>
   <div class='ocr_carea' id='block_1_18' title="bbox 409 3165 1917 3252">
    <p class='ocr_par' dir='ltr' id='par_1_18' title="bbox 409 3172 1914 3252">
     <span class='ocr_line' id='line_1_18' title="bbox 409 3172 1914 3252; baseline -0.005 -19"><span class='ocrx_word' id='word_1_100' title='bbox 409 3201 427 3233; x_wconf 69' lang='grc' dir='ltr'><strong>ι</strong></span> <span class='ocrx_word' id='word_1_101' title='bbox 456 3180 623 3252; x_wconf 79' lang='grc' dir='ltr'>Σαρκὶ</span> <span class='ocrx_word' id='word_1_102' title='bbox 649 3178 746 3249; x_wconf 83' lang='grc' dir='ltr'><strong>μὲν</strong></span> <span class='ocrx_word' id='word_1_103' title='bbox 775 3174 1038 3247; x_wconf 82' lang='grc' dir='ltr'>μάχεσθαι</span> <span class='ocrx_word' id='word_1_104' title='bbox 1064 3173 1157 3227; x_wconf 72' lang='grc' dir='ltr'>καὶ</span> <span class='ocrx_word' id='word_1_105' title='bbox 1182 3172 1566 3245; x_wconf 82' lang='grc' dir='ltr'>παραχρῆσθαι</span> <span class='ocrx_word' id='word_1_106' title='bbox 1586 3214 1600 3239; x_wconf 89' lang='grc'><em>,</em></span> <span class='ocrx_word' id='word_1_107' title='bbox 1656 3172 1825 3245; x_wconf 84' lang='grc' dir='ltr'>μηθὲν</span> <span class='ocrx_word' id='word_1_108' title='bbox 1848 3172 1914 3224; x_wconf 81' lang='grc' dir='ltr'><strong>αὑ</strong></span> 
     </span>
    </p>
   </div>
   <div class='ocr_carea' id='block_1_19' title="bbox 2170 3165 3678 3252">
    <p class='ocr_par' dir='ltr' id='par_1_19' title="bbox 2173 3165 3678 3236">
     <span class='ocr_line' id='line_1_19' title="bbox 2173 3165 3678 3236; baseline 0.001 -19"><span class='ocrx_word' id='word_1_109' title='bbox 2173 3166 2285 3219; x_wconf 70' lang='lat' dir='ltr'><strong>lum</strong></span> <span class='ocrx_word' id='word_1_110' title='bbox 2332 3180 2497 3219; x_wconf 86' lang='lat' dir='ltr'><strong>carne</strong></span> <span class='ocrx_word' id='word_1_111' title='bbox 2544 3165 2762 3236; x_wconf 83' lang='lat' dir='ltr'><strong>quidem</strong></span> <span class='ocrx_word' id='word_1_112' title='bbox 2812 3181 3054 3235; x_wconf 89' lang='lat' dir='ltr'><strong>pugnare</strong></span> <span class='ocrx_word' id='word_1_113' title='bbox 3082 3174 3138 3219; x_wconf 87' lang='lat' dir='ltr'><strong>et</strong></span> <span class='ocrx_word' id='word_1_114' title='bbox 3184 3180 3247 3220; x_wconf 83' lang='lat' dir='ltr'><strong>ea</strong></span> <span class='ocrx_word' id='word_1_115' title='bbox 3292 3165 3401 3229; x_wconf 86' lang='lat' dir='ltr'><strong>uti,</strong></span> <span class='ocrx_word' id='word_1_116' title='bbox 3436 3165 3577 3219; x_wconf 81' lang='lat' dir='ltr'><strong>nihil</strong></span> <span class='ocrx_word' id='word_1_117' title='bbox 3629 3167 3678 3219; x_wconf 85' lang='lat' dir='ltr'><strong>ei</strong></span> 
     </span>
    </p>
   </div>
   <div class='ocr_carea' id='block_1_20' title="bbox 407 3256 1915 3343">
    <p class='ocr_par' dir='ltr' id='par_1_20' title="bbox 407 3261 1915 3343">
     <span class='ocr_line' id='line_1_20' title="bbox 407 3261 1915 3343; baseline -0.007 -18"><span class='ocrx_word' id='word_1_118' title='bbox 407 3270 542 3343; x_wconf 77' lang='grc' dir='ltr'><strong>πρὸς</strong></span> <span class='ocrx_word' id='word_1_119' title='bbox 578 3268 770 3341; x_wconf 80' lang='grc' dir='ltr'>ἡδονὴν</span> <span class='ocrx_word' id='word_1_120' title='bbox 816 3265 1110 3320; x_wconf 76' lang='grc' dir='ltr'><strong>ἀκόλαστον</strong></span> <span class='ocrx_word' id='word_1_121' title='bbox 1153 3264 1453 3318; x_wconf 79' lang='grc' dir='ltr'>ἐνδιδόντα·</span> <span class='ocrx_word' id='word_1_122' title='bbox 1500 3264 1676 3337; x_wconf 69' lang='grc' dir='ltr'>ψυχὴν</span> <span class='ocrx_word' id='word_1_123' title='bbox 1716 3264 1772 3317; x_wconf 76' lang='grc' dir='ltr'>δὲ</span> <span class='ocrx_word' id='word_1_124' title='bbox 1800 3261 1915 3330; x_wconf 77' lang='grc' dir='ltr'>αὕξι</span> 
     </span>
    </p>
   </div>
   <div class='ocr_carea' id='block_1_21' title="bbox 2172 3256 3680 3343">
    <p class='ocr_par' dir='ltr' id='par_1_21' title="bbox 2172 3256 3680 3327">
     <span class='ocr_line' id='line_1_21' title="bbox 2172 3256 3680 3327; baseline 0 -17"><span class='ocrx_word' id='word_1_125' title='bbox 2172 3256 2427 3327; x_wconf 91' lang='lat' dir='ltr'><strong>pudicum</strong></span> <span class='ocrx_word' id='word_1_126' title='bbox 2458 3256 2738 3327; x_wconf 79' lang='lat' dir='ltr'><strong>largiendo</strong></span> <span class='ocrx_word' id='word_1_127' title='bbox 2777 3256 2844 3311; x_wconf 89' lang='lat' dir='ltr'><strong>ad</strong></span> <span class='ocrx_word' id='word_1_128' title='bbox 2876 3257 3233 3327; x_wconf 86' lang='lat' dir='ltr'><strong>voluptatem;</strong></span> <span class='ocrx_word' id='word_1_129' title='bbox 3262 3271 3465 3325; x_wconf 81' lang='lat' dir='ltr'><strong>augere</strong></span> <span class='ocrx_word' id='word_1_130' title='bbox 3490 3266 3680 3312; x_wconf 86' lang='lat' dir='ltr'><strong>autem</strong></span> 
     </span>
    </p>
   </div>
   <div class='ocr_carea' id='block_1_22' title="bbox 405 3349 1913 3428">
    <p class='ocr_par' dir='ltr' id='par_1_22' title="bbox 405 3356 1201 3428">
     <span class='ocr_line' id='line_1_22' title="bbox 405 3356 1201 3428; baseline -0.01 -11"><span class='ocrx_word' id='word_1_131' title='bbox 405 3362 492 3417; x_wconf 85' lang='grc' dir='ltr'>διὰ</span> <span class='ocrx_word' id='word_1_132' title='bbox 515 3362 748 3424; x_wconf 78' lang='grc' dir='ltr'><strong>πίστεως</strong></span> <span class='ocrx_word' id='word_1_133' title='bbox 770 3361 861 3413; x_wconf 76' lang='grc' dir='ltr'><strong>καὶ</strong></span> <span class='ocrx_word' id='word_1_134' title='bbox 883 3356 1133 3428; x_wconf 80' lang='grc' dir='ltr'><strong>γνώσεως</strong></span> <span class='ocrx_word' id='word_1_135' title='bbox 1183 3376 1201 3409; x_wconf 86' lang='grc' dir='ltr'><strong>ι</strong></span> 
     </span>
    </p>
   </div>
   <div class='ocr_carea' id='block_1_23' title="bbox 1674 3349 3182 3428">
    <p class='ocr_par' dir='ltr' id='par_1_23' title="bbox 2094 3349 3182 3420">
     <span class='ocr_line' id='line_1_23' title="bbox 2094 3349 3182 3420; baseline -0.006 -15"><span class='ocrx_word' id='word_1_136' title='bbox 2094 3350 2332 3405; x_wconf 87' lang='lat' dir='ltr'><strong>animam</strong></span> <span class='ocrx_word' id='word_1_137' title='bbox 2360 3364 2456 3420; x_wconf 87' lang='lat' dir='ltr'><strong>per</strong></span> <span class='ocrx_word' id='word_1_138' title='bbox 2477 3349 2638 3405; x_wconf 84' lang='lat' dir='ltr'><strong>ﬁdem</strong></span> <span class='ocrx_word' id='word_1_139' title='bbox 2668 3358 2721 3405; x_wconf 90' lang='lat' dir='ltr'><strong>et</strong></span> <span class='ocrx_word' id='word_1_140' title='bbox 2751 3349 3138 3420; x_wconf 81' lang='lat' dir='ltr'><strong>cognitionem.</strong></span> <span class='ocrx_word' id='word_1_141' title='bbox 3165 3367 3182 3399; x_wconf 80' lang='grc' dir='ltr'><strong>ι</strong></span> 
     </span>
    </p>
   </div>
   <div class='ocr_carea' id='block_1_24' title="bbox 1675 3785 2434 3885">
    <p class='ocr_par' dir='ltr' id='par_1_24' title="bbox 1675 3785 2434 3885">
     <span class='ocr_line' id='line_1_24' title="bbox 1675 3785 2434 3885; baseline -0.005 -7"><span class='ocrx_word' id='word_1_142' title='bbox 1675 3785 2434 3885; x_wconf 84' lang='lat' dir='ltr'><strong>ADNOTATIO.</strong></span> 
     </span>
    </p>
   </div>
   <div class='ocr_carea' id='block_1_25' title="bbox 497 4026 3692 4102">
    <p class='ocr_par' dir='ltr' id='par_1_25' title="bbox 497 4026 3692 4102">
     <span class='ocr_line' id='line_1_25' title="bbox 497 4026 3692 4102; baseline -0 -17"><span class='ocrx_word' id='word_1_143' title='bbox 497 4031 573 4102; x_wconf 83' lang='lat' dir='ltr'><strong>(l)</strong></span> <span class='ocrx_word' id='word_1_144' title='bbox 615 4028 783 4085; x_wconf 74' lang='lat' dir='ltr'><strong>Vetus</strong></span> <span class='ocrx_word' id='word_1_145' title='bbox 809 4042 892 4085; x_wconf 72' lang='lat' dir='ltr'><strong>cat</strong></span> <span class='ocrx_word' id='word_1_146' title='bbox 912 4028 1055 4099; x_wconf 87' lang='lat' dir='ltr'><strong>apud</strong></span> <span class='ocrx_word' id='word_1_147' title='bbox 1080 4028 1409 4084; x_wconf 81' lang='lat' dir='ltr'><strong>Clementem</strong></span> <span class='ocrx_word' id='word_1_148' title='bbox 1438 4027 1863 4083; x_wconf 75' lang='lat' dir='ltr'><strong>Alexandrinum</strong></span> <span class='ocrx_word' id='word_1_149' title='bbox 1913 4029 1967 4084; x_wconf 92' lang='lat' dir='ltr'><strong>in</strong></span> <span class='ocrx_word' id='word_1_150' title='bbox 1999 4028 2241 4084; x_wconf 89' lang='lat' dir='ltr'><strong>secundo</strong></span> <span class='ocrx_word' id='word_1_151' title='bbox 2292 4028 2603 4085; x_wconf 90' lang='lat' dir='ltr'><strong>Stromateo</strong></span> <span class='ocrx_word' id='word_1_152' title='bbox 2631 4028 2862 4099; x_wconf 84' lang='lat' dir='ltr'><strong>apostoli</strong></span> <span class='ocrx_word' id='word_1_153' title='bbox 2887 4026 3125 4083; x_wconf 75' lang='lat' dir='ltr'><strong>Matthia:</strong></span> <span class='ocrx_word' id='word_1_154' title='bbox 3147 4028 3353 4085; x_wconf 87' lang='lat' dir='ltr'><strong>dictum</strong></span> <span class='ocrx_word' id='word_1_155' title='bbox 3374 4070 3389 4096; x_wconf 96' lang='lat'><strong>,</strong></span> <span class='ocrx_word' id='word_1_156' title='bbox 3426 4028 3483 4083; x_wconf 91' lang='lat' dir='ltr'><strong>in</strong></span> <span class='ocrx_word' id='word_1_157' title='bbox 3505 4028 3692 4084; x_wconf 84' lang='lat' dir='ltr'><strong>Tradi-</strong></span> 
     </span>
    </p>
   </div>
   <div class='ocr_carea' id='block_1_26' title="bbox 406 4121 3688 4195">
    <p class='ocr_par' dir='ltr' id='par_1_26' title="bbox 406 4121 3688 4195">
     <span class='ocr_line' id='line_1_26' title="bbox 406 4121 3688 4195; baseline -0.001 -14"><span class='ocrx_word' id='word_1_158' title='bbox 406 4124 632 4181; x_wconf 84' lang='lat' dir='ltr'><strong>tionibus</strong></span> <span class='ocrx_word' id='word_1_159' title='bbox 656 4167 671 4192; x_wconf 89' lang='lat'><strong>,</strong></span> <span class='ocrx_word' id='word_1_160' title='bbox 722 4122 868 4192; x_wconf 90' lang='lat' dir='ltr'><strong>quod</strong></span> <span class='ocrx_word' id='word_1_161' title='bbox 892 4121 1155 4174; x_wconf 88' lang='lat' dir='ltr'><strong>admirari</strong></span> <span class='ocrx_word' id='word_1_162' title='bbox 1177 4122 1325 4193; x_wconf 84' lang='lat' dir='ltr'><strong>jubet</strong></span> <span class='ocrx_word' id='word_1_163' title='bbox 1358 4124 1668 4191; x_wconf 76' lang='lat' dir='ltr'><strong>prwsentia,</strong></span> <span class='ocrx_word' id='word_1_164' title='bbox 1700 4139 1762 4178; x_wconf 91' lang='lat' dir='ltr'><strong>ac</strong></span> <span class='ocrx_word' id='word_1_165' title='bbox 1786 4139 1883 4193; x_wconf 89' lang='lat' dir='ltr'><strong>per</strong></span> <span class='ocrx_word' id='word_1_166' title='bbox 1905 4138 1969 4179; x_wconf 89' lang='lat' dir='ltr'><strong>ea</strong></span> <span class='ocrx_word' id='word_1_167' title='bbox 1992 4139 2096 4179; x_wconf 92' lang='lat' dir='ltr'><strong>nos</strong></span> <span class='ocrx_word' id='word_1_168' title='bbox 2121 4123 2389 4195; x_wconf 83' lang='lat' dir='ltr'><strong>gradatim</strong></span> <span class='ocrx_word' id='word_1_169' title='bbox 2416 4123 2481 4178; x_wconf 88' lang='lat' dir='ltr'><strong>ad</strong></span> <span class='ocrx_word' id='word_1_170' title='bbox 2513 4124 2864 4190; x_wconf 88' lang='lat' dir='ltr'><strong>ulteriorem,</strong></span> <span class='ocrx_word' id='word_1_171' title='bbox 2893 4125 2997 4179; x_wconf 93' lang='lat' dir='ltr'><strong>hoc</strong></span> <span class='ocrx_word' id='word_1_172' title='bbox 3024 4134 3108 4181; x_wconf 92' lang='lat' dir='ltr'><strong>est</strong></span> <span class='ocrx_word' id='word_1_173' title='bbox 3132 4126 3446 4180; x_wconf 85' lang='lat' dir='ltr'><strong>divinarum</strong></span> <span class='ocrx_word' id='word_1_174' title='bbox 3479 4140 3688 4188; x_wconf 84' lang='lat' dir='ltr'><strong>rerum,</strong></span> 
     </span>
    </p>
   </div>
   <div class='ocr_carea' id='block_1_27' title="bbox 414 4214 3689 4287">
    <p class='ocr_par' dir='ltr' id='par_1_27' title="bbox 414 4214 3689 4287">
     <span class='ocr_line' id='line_1_27' title="bbox 414 4214 3689 4287; baseline -0.001 -16"><span class='ocrx_word' id='word_1_175' title='bbox 414 4217 777 4287; x_wconf 82' lang='lat' dir='ltr'><strong>cognitionem</strong></span> <span class='ocrx_word' id='word_1_176' title='bbox 810 4215 1079 4269; x_wconf 85' lang='lat' dir='ltr'><strong>attollere.</strong></span> <span class='ocrx_word' id='word_1_177' title='bbox 1106 4214 1221 4267; x_wconf 92' lang='lat' dir='ltr'><strong>lmo</strong></span> <span class='ocrx_word' id='word_1_178' title='bbox 1252 4214 1379 4283; x_wconf 89' lang='lat' dir='ltr'><strong>quia</strong></span> <span class='ocrx_word' id='word_1_179' title='bbox 1412 4229 1516 4268; x_wconf 81' lang='lat' dir='ltr'><strong>vox</strong></span> <span class='ocrx_word' id='word_1_180' title='bbox 1550 4214 1665 4283; x_wconf 85' lang='lat' dir='ltr'><strong>ipsa</strong></span> <span class='ocrx_word' id='word_1_181' title='bbox 1696 4214 1996 4286; x_wconf 77' lang='grc' dir='ltr'>θαυμάζειν</span> <span class='ocrx_word' id='word_1_182' title='bbox 2033 4231 2143 4270; x_wconf 94' lang='lat' dir='ltr'><strong>non</strong></span> <span class='ocrx_word' id='word_1_183' title='bbox 2181 4217 2371 4269; x_wconf 88' lang='lat' dir='ltr'><strong>mirari</strong></span> <span class='ocrx_word' id='word_1_184' title='bbox 2411 4217 2624 4283; x_wconf 91' lang='lat' dir='ltr'><strong>solum,</strong></span> <span class='ocrx_word' id='word_1_185' title='bbox 2664 4216 2757 4271; x_wconf 88' lang='lat' dir='ltr'><strong>sed</strong></span> <span class='ocrx_word' id='word_1_186' title='bbox 2792 4216 2955 4270; x_wconf 89' lang='lat' dir='ltr'><strong>etiam</strong></span> <span class='ocrx_word' id='word_1_187' title='bbox 2991 4218 3219 4285; x_wconf 77' lang='lat' dir='ltr'><strong>discere,</strong></span> <span class='ocrx_word' id='word_1_188' title='bbox 3258 4234 3324 4272; x_wconf 91' lang='lat' dir='ltr'><strong>ac</strong></span> <span class='ocrx_word' id='word_1_189' title='bbox 3364 4218 3689 4286; x_wconf 78' lang='lat' dir='ltr'><strong>discipulum</strong></span> 
     </span>
    </p>
   </div>
   <div class='ocr_carea' id='block_1_28' title="bbox 413 4308 3688 4384">
    <p class='ocr_par' dir='ltr' id='par_1_28' title="bbox 413 4308 3688 4384">
     <span class='ocr_line' id='line_1_28' title="bbox 413 4308 3688 4384; baseline 0 -21"><span class='ocrx_word' id='word_1_190' title='bbox 413 4325 525 4363; x_wconf 85' lang='lat' dir='ltr'><strong>esse</strong></span> <span class='ocrx_word' id='word_1_191' title='bbox 547 4309 853 4380; x_wconf 81' lang='lat' dir='ltr'><strong>signiﬁcat,</strong></span> <span class='ocrx_word' id='word_1_192' title='bbox 880 4320 940 4364; x_wconf 92' lang='lat' dir='ltr'><strong>ut</strong></span> <span class='ocrx_word' id='word_1_193' title='bbox 978 4308 1321 4379; x_wconf 89' lang='lat' dir='ltr'><strong>grammatici</strong></span> <span class='ocrx_word' id='word_1_194' title='bbox 1350 4308 1551 4363; x_wconf 86' lang='lat' dir='ltr'><strong>docent</strong></span> <span class='ocrx_word' id='word_1_195' title='bbox 1572 4349 1587 4374; x_wconf 92' lang='lat'><strong>,</strong></span> <span class='ocrx_word' id='word_1_196' title='bbox 1620 4319 1675 4363; x_wconf 90' lang='lat' dir='ltr'><strong>et</strong></span> <span class='ocrx_word' id='word_1_197' title='bbox 1704 4310 1847 4365; x_wconf 89' lang='lat' dir='ltr'><strong>inter</strong></span> <span class='ocrx_word' id='word_1_198' title='bbox 1883 4325 1980 4365; x_wconf 87' lang='lat' dir='ltr'><strong>eos</strong></span> <span class='ocrx_word' id='word_1_199' title='bbox 2011 4308 2319 4382; x_wconf 83' lang='lat' dir='ltr'><strong>Hesychius</strong></span> <span class='ocrx_word' id='word_1_200' title='bbox 2341 4352 2356 4378; x_wconf 94' lang='lat'><strong>,</strong></span> <span class='ocrx_word' id='word_1_201' title='bbox 2389 4311 2476 4367; x_wconf 87' lang='lat' dir='ltr'><strong>his</strong></span> <span class='ocrx_word' id='word_1_202' title='bbox 2509 4312 2657 4367; x_wconf 85' lang='lat' dir='ltr'><strong>velut</strong></span> <span class='ocrx_word' id='word_1_203' title='bbox 2690 4312 2968 4384; x_wconf 85' lang='lat' dir='ltr'><strong>magistris</strong></span> <span class='ocrx_word' id='word_1_204' title='bbox 3001 4325 3066 4364; x_wconf 87' lang='lat' dir='ltr'><strong>ac</strong></span> <span class='ocrx_word' id='word_1_205' title='bbox 3099 4308 3454 4372; x_wconf 85' lang='lat' dir='ltr'><strong>doctoribus,</strong></span> <span class='ocrx_word' id='word_1_206' title='bbox 3492 4310 3564 4364; x_wconf 90' lang='lat' dir='ltr'><strong>ad</strong></span> <span class='ocrx_word' id='word_1_207' title='bbox 3598 4309 3688 4363; x_wconf 81' lang='lat' dir='ltr'><strong>Dei</strong></span> 
     </span>
    </p>
   </div>
   <div class='ocr_carea' id='block_1_29' title="bbox 416 4401 3692 4476">
    <p class='ocr_par' dir='ltr' id='par_1_29' title="bbox 416 4401 3692 4476">
     <span class='ocr_line' id='line_1_29' title="bbox 416 4401 3692 4476; baseline -0.001 -19"><span class='ocrx_word' id='word_1_208' title='bbox 416 4403 666 4458; x_wconf 84' lang='lat' dir='ltr'><strong>notitiam</strong></span> <span class='ocrx_word' id='word_1_209' title='bbox 694 4402 960 4473; x_wconf 85' lang='lat' dir='ltr'><strong>prolicere</strong></span> <span class='ocrx_word' id='word_1_210' title='bbox 987 4442 1002 4469; x_wconf 92' lang='lat'><strong>,</strong></span> <span class='ocrx_word' id='word_1_211' title='bbox 1029 4417 1094 4456; x_wconf 91' lang='lat' dir='ltr'><strong>ac</strong></span> <span class='ocrx_word' id='word_1_212' title='bbox 1128 4401 1207 4455; x_wconf 90' lang='lat' dir='ltr'><strong>sic</strong></span> <span class='ocrx_word' id='word_1_213' title='bbox 1241 4410 1497 4471; x_wconf 87' lang='lat' dir='ltr'><strong>tanquam</strong></span> <span class='ocrx_word' id='word_1_214' title='bbox 1529 4403 1581 4456; x_wconf 91' lang='lat' dir='ltr'><strong>in</strong></span> <span class='ocrx_word' id='word_1_215' title='bbox 1615 4403 1745 4457; x_wconf 92' lang='lat' dir='ltr'><strong>ludo</strong></span> <span class='ocrx_word' id='word_1_216' title='bbox 1773 4404 2012 4473; x_wconf 91' lang='lat' dir='ltr'><strong>quodam</strong></span> <span class='ocrx_word' id='word_1_217' title='bbox 2036 4412 2090 4458; x_wconf 84' lang='lat' dir='ltr'><strong>et</strong></span> <span class='ocrx_word' id='word_1_218' title='bbox 2112 4404 2299 4459; x_wconf 88' lang='lat' dir='ltr'><strong>schola</strong></span> <span class='ocrx_word' id='word_1_219' title='bbox 2328 4404 2527 4459; x_wconf 68' lang='lat' dir='ltr'><strong>divina:</strong></span> <span class='ocrx_word' id='word_1_220' title='bbox 2563 4404 3079 4476; x_wconf 85' lang='lat' dir='ltr'><strong>contemplationis,</strong></span> <span class='ocrx_word' id='word_1_221' title='bbox 3112 4402 3168 4457; x_wconf 88' lang='lat' dir='ltr'><strong>in</strong></span> <span class='ocrx_word' id='word_1_222' title='bbox 3202 4403 3305 4457; x_wconf 86' lang='lat' dir='ltr'><strong>hac</strong></span> <span class='ocrx_word' id='word_1_223' title='bbox 3344 4417 3535 4457; x_wconf 88' lang='lat' dir='ltr'><strong>rerum</strong></span> <span class='ocrx_word' id='word_1_224' title='bbox 3570 4403 3692 4457; x_wconf 82' lang='lat' dir='ltr'><strong>uni—</strong></span> 
     </span>
    </p>
   </div>
   <div class='ocr_carea' id='block_1_30' title="bbox 416 4497 3689 4572">
    <p class='ocr_par' dir='ltr' id='par_1_30' title="bbox 416 4497 3689 4572">
     <span class='ocr_line' id='line_1_30' title="bbox 416 4497 3689 4572; baseline -0.001 -18"><span class='ocrx_word' id='word_1_225' title='bbox 416 4501 676 4555; x_wconf 76' lang='lat' dir='ltr'><strong>versitate</strong></span> <span class='ocrx_word' id='word_1_226' title='bbox 705 4501 911 4555; x_wconf 88' lang='lat' dir='ltr'><strong>versari</strong></span> <span class='ocrx_word' id='word_1_227' title='bbox 943 4516 1045 4556; x_wconf 92' lang='lat' dir='ltr'><strong>nos</strong></span> <span class='ocrx_word' id='word_1_228' title='bbox 1069 4500 1285 4553; x_wconf 79' lang='lat' dir='ltr'><strong>volebat</strong></span> <span class='ocrx_word' id='word_1_229' title='bbox 1320 4500 1621 4569; x_wconf 90' lang='lat' dir='ltr'><strong>apostolus.</strong></span> <span class='ocrx_word' id='word_1_230' title='bbox 1652 4500 1864 4556; x_wconf 87' lang='lat' dir='ltr'><strong>Tritum</strong></span> <span class='ocrx_word' id='word_1_231' title='bbox 1898 4501 2032 4557; x_wconf 92' lang='lat' dir='ltr'><strong>illud</strong></span> <span class='ocrx_word' id='word_1_232' title='bbox 2061 4511 2146 4557; x_wconf 90' lang='lat' dir='ltr'><strong>est</strong></span> <span class='ocrx_word' id='word_1_233' title='bbox 2173 4517 2277 4557; x_wconf 91' lang='lat' dir='ltr'><strong>usu</strong></span> <span class='ocrx_word' id='word_1_234' title='bbox 2303 4504 2631 4572; x_wconf 86' lang='lat' dir='ltr'><strong>scriptorum</strong></span> <span class='ocrx_word' id='word_1_235' title='bbox 2662 4499 2908 4555; x_wconf 91' lang='lat' dir='ltr'><strong>omnium</strong></span> <span class='ocrx_word' id='word_1_236' title='bbox 2930 4538 2945 4565; x_wconf 86' lang='lat'><strong>,</strong></span> <span class='ocrx_word' id='word_1_237' title='bbox 2978 4513 3042 4553; x_wconf 88' lang='lat' dir='ltr'><strong>ac</strong></span> <span class='ocrx_word' id='word_1_238' title='bbox 3070 4513 3321 4552; x_wconf 90' lang='lat' dir='ltr'><strong>sermone</strong></span> <span class='ocrx_word' id='word_1_239' title='bbox 3371 4497 3689 4561; x_wconf 85' lang='lat' dir='ltr'><strong>communi,</strong></span> 
     </span>
    </p>
   </div>
   <div class='ocr_carea' id='block_1_31' title="bbox 418 4591 3693 4668">
    <p class='ocr_par' dir='ltr' id='par_1_31' title="bbox 418 4591 3693 4668">
     <span class='ocr_line' id='line_1_31' title="bbox 418 4591 3693 4668; baseline -0.001 -21"><span class='ocrx_word' id='word_1_240' title='bbox 418 4594 567 4663; x_wconf 89' lang='lat' dir='ltr'><strong>quod</strong></span> <span class='ocrx_word' id='word_1_241' title='bbox 598 4608 829 4664; x_wconf 85' lang='lat' dir='ltr'><strong>magnus</strong></span> <span class='ocrx_word' id='word_1_242' title='bbox 876 4593 965 4648; x_wconf 90' lang='lat' dir='ltr'><strong>ille</strong></span> <span class='ocrx_word' id='word_1_243' title='bbox 1007 4593 1344 4663; x_wconf 63' lang='lat' dir='ltr'><strong>praedicabat</strong></span> <span class='ocrx_word' id='word_1_244' title='bbox 1393 4594 1697 4649; x_wconf 86' lang='lat' dir='ltr'><strong>Antonius:</strong></span> <span class='ocrx_word' id='word_1_245' title='bbox 1732 4594 1993 4668; x_wconf 83' lang='lat' dir='ltr'><strong>grandem</strong></span> <span class='ocrx_word' id='word_1_246' title='bbox 2041 4611 2164 4651; x_wconf 89' lang='lat' dir='ltr'><strong>esse</strong></span> <span class='ocrx_word' id='word_1_247' title='bbox 2195 4599 2393 4651; x_wconf 90' lang='lat' dir='ltr'><strong>librum</strong></span> <span class='ocrx_word' id='word_1_248' title='bbox 2437 4597 2705 4651; x_wconf 90' lang='lat' dir='ltr'><strong>mundum</strong></span> <span class='ocrx_word' id='word_1_249' title='bbox 2740 4595 2887 4650; x_wconf 88' lang='lat' dir='ltr'><strong>hunc</strong></span> <span class='ocrx_word' id='word_1_250' title='bbox 2910 4637 2924 4662; x_wconf 93' lang='lat'><strong>,</strong></span> <span class='ocrx_word' id='word_1_251' title='bbox 2959 4595 3015 4649; x_wconf 90' lang='lat' dir='ltr'><strong>in</strong></span> <span class='ocrx_word' id='word_1_252' title='bbox 3051 4608 3181 4664; x_wconf 89' lang='lat' dir='ltr'><strong>quo,</strong></span> <span class='ocrx_word' id='word_1_253' title='bbox 3206 4592 3359 4647; x_wconf 83' lang='lat' dir='ltr'><strong>velut</strong></span> <span class='ocrx_word' id='word_1_254' title='bbox 3393 4591 3693 4661; x_wconf 84' lang='lat' dir='ltr'><strong>antiquarit</strong></span> 
     </span>
    </p>
   </div>
   <div class='ocr_carea' id='block_1_32' title="bbox 419 4684 3695 4759">
    <p class='ocr_par' dir='ltr' id='par_1_32' title="bbox 419 4684 3695 4759">
     <span class='ocr_line' id='line_1_32' title="bbox 419 4684 3695 4759; baseline -0 -20"><span class='ocrx_word' id='word_1_255' title='bbox 419 4684 581 4755; x_wconf 88' lang='lat' dir='ltr'><strong>periti</strong></span> <span class='ocrx_word' id='word_1_256' title='bbox 610 4701 772 4739; x_wconf 91' lang='lat' dir='ltr'><strong>manu</strong></span> <span class='ocrx_word' id='word_1_257' title='bbox 797 4725 811 4749; x_wconf 98' lang='lat'><strong>,</strong></span> <span class='ocrx_word' id='word_1_258' title='bbox 856 4686 1248 4755; x_wconf 88' lang='lat' dir='ltr'><strong>pulcherrimis</strong></span> <span class='ocrx_word' id='word_1_259' title='bbox 1288 4688 1593 4742; x_wconf 89' lang='lat' dir='ltr'><strong>litterarum</strong></span> <span class='ocrx_word' id='word_1_260' title='bbox 1630 4690 1773 4745; x_wconf 90' lang='lat' dir='ltr'><strong>notis</strong></span> <span class='ocrx_word' id='word_1_261' title='bbox 1814 4690 2057 4745; x_wconf 89' lang='lat' dir='ltr'><strong>auctoris</strong></span> <span class='ocrx_word' id='word_1_262' title='bbox 2098 4706 2271 4755; x_wconf 74' lang='lat' dir='ltr'><strong>tpsnus</strong></span> <span class='ocrx_word' id='word_1_263' title='bbox 2312 4700 2634 4745; x_wconf 86' lang='lat' dir='ltr'><strong>ornamenta</strong></span> <span class='ocrx_word' id='word_1_264' title='bbox 2674 4690 2946 4759; x_wconf 90' lang='lat' dir='ltr'><strong>descripta</strong></span> <span class='ocrx_word' id='word_1_265' title='bbox 3001 4698 3147 4744; x_wconf 90' lang='lat' dir='ltr'><strong>sunt.</strong></span> <span class='ocrx_word' id='word_1_266' title='bbox 3188 4686 3254 4740; x_wconf 86' lang='lat' dir='ltr'><strong>In</strong></span> <span class='ocrx_word' id='word_1_267' title='bbox 3297 4686 3695 4755; x_wconf 80' lang='lat' dir='ltr'><strong>pulchritudine</strong></span> 
     </span>
    </p>
   </div>
   <div class='ocr_carea' id='block_1_33' title="bbox 420 4776 3693 4853">
    <p class='ocr_par' dir='ltr' id='par_1_33' title="bbox 420 4776 3693 4853">
     <span class='ocr_line' id='line_1_33' title="bbox 420 4776 3693 4853; baseline -0.004 -6"><span class='ocrx_word' id='word_1_268' title='bbox 420 4778 536 4831; x_wconf 73' lang='grc' dir='ltr'><strong>εωίί</strong></span> <span class='ocrx_word' id='word_1_269' title='bbox 563 4785 611 4831; x_wconf 71' lang='grc' dir='ltr'><strong><em>ει</em></strong></span> <span class='ocrx_word' id='word_1_270' title='bbox 646 4788 799 4831; x_wconf 56' lang='lat' dir='ltr'><strong>“me</strong></span> <span class='ocrx_word' id='word_1_271' title='bbox 822 4776 919 4846; x_wconf 67' lang='grc' dir='ltr'><strong>(θίῑ</strong></span> <span class='ocrx_word' id='word_1_272' title='bbox 944 4788 1148 4834; x_wconf 78' lang='lat' dir='ltr'><strong>auctor</strong></span> <span class='ocrx_word' id='word_1_273' title='bbox 1168 4779 1425 4850; x_wconf 74' lang='lat' dir='ltr'><strong>Epistolze</strong></span> <span class='ocrx_word' id='word_1_274' title='bbox 1446 4784 1513 4839; x_wconf 90' lang='lat' dir='ltr'><strong>ad</strong></span> <span class='ocrx_word' id='word_1_275' title='bbox 1538 4782 1960 4847; x_wconf 82' lang='lat' dir='ltr'><strong>Demetriadem,</strong></span> <span class='ocrx_word' id='word_1_276' title='bbox 1980 4798 2102 4852; x_wconf 71' lang='lat' dir='ltr'><strong>quae</strong></span> <span class='ocrx_word' id='word_1_277' title='bbox 2125 4792 2207 4837; x_wconf 90' lang='lat' dir='ltr'><strong>est</strong></span> <span class='ocrx_word' id='word_1_278' title='bbox 2231 4784 2370 4837; x_wconf 89' lang='lat' dir='ltr'><strong>inter</strong></span> <span class='ocrx_word' id='word_1_279' title='bbox 2393 4782 2782 4840; x_wconf 86' lang='lat' dir='ltr'><strong>Ambrosianas</strong></span> <span class='ocrx_word' id='word_1_280' title='bbox 2810 4784 2901 4853; x_wconf 76' lang='lat'><strong>5&#39;5)</strong></span> <span class='ocrx_word' id='word_1_281' title='bbox 2921 4782 3190 4853; x_wconf 70' lang='lat' dir='ltr'><strong>:qaaadam</strong></span> <span class='ocrx_word' id='word_1_282' title='bbox 3221 4790 3343 4834; x_wconf 89' lang='lat' dir='ltr'><strong>sunt</strong></span> <span class='ocrx_word' id='word_1_283' title='bbox 3373 4780 3693 4851; x_wconf 77' lang='lat' dir='ltr'><strong>pagince,ad</strong></span> 
     </span>
    </p>
   </div>
   <div class='ocr_carea' id='block_1_34' title="bbox 422 4870 3697 4946">
    <p class='ocr_par' dir='ltr' id='par_1_34' title="bbox 422 4870 3697 4946">
     <span class='ocr_line' id='line_1_34' title="bbox 422 4870 3697 4946; baseline 0 -21"><span class='ocrx_word' id='word_1_284' title='bbox 422 4871 657 4925; x_wconf 84' lang='lat' dir='ltr'><strong>omnium</strong></span> <span class='ocrx_word' id='word_1_285' title='bbox 686 4870 866 4923; x_wconf 89' lang='lat' dir='ltr'><strong>oculos</strong></span> <span class='ocrx_word' id='word_1_286' title='bbox 888 4886 1090 4939; x_wconf 79' lang='lat' dir='ltr'><strong>semper</strong></span> <span class='ocrx_word' id='word_1_287' title='bbox 1113 4881 1370 4941; x_wconf 86' lang='lat' dir='ltr'><strong>patentes,</strong></span> <span class='ocrx_word' id='word_1_288' title='bbox 1390 4884 1438 4927; x_wconf 89' lang='lat' dir='ltr'><strong>et</strong></span> <span class='ocrx_word' id='word_1_289' title='bbox 1464 4885 1733 4928; x_wconf 84' lang='lat' dir='ltr'><strong>auctorem</strong></span> <span class='ocrx_word' id='word_1_290' title='bbox 1763 4890 1919 4927; x_wconf 87' lang='lat' dir='ltr'><strong>suum</strong></span> <span class='ocrx_word' id='word_1_291' title='bbox 1957 4889 2223 4943; x_wconf 82' lang='lat' dir='ltr'><strong>nunquam</strong></span> <span class='ocrx_word' id='word_1_292' title='bbox 2246 4884 2474 4928; x_wconf 78' lang='lat' dir='ltr'><strong>tacentes</strong></span> <span class='ocrx_word' id='word_1_293' title='bbox 2492 4915 2505 4936; x_wconf 90' lang='lat'><strong>,</strong></span> <span class='ocrx_word' id='word_1_294' title='bbox 2532 4892 2758 4945; x_wconf 89' lang='lat' dir='ltr'><strong>quarum</strong></span> <span class='ocrx_word' id='word_1_295' title='bbox 2784 4876 3097 4946; x_wconf 89' lang='lat' dir='ltr'><strong>protestatio</strong></span> <span class='ocrx_word' id='word_1_296' title='bbox 3120 4874 3419 4927; x_wconf 82' lang='lat' dir='ltr'><strong>doctrinam</strong></span> <span class='ocrx_word' id='word_1_297' title='bbox 3449 4875 3697 4929; x_wconf 83' lang='lat' dir='ltr'><strong>imitatur</strong></span> 
     </span>
    </p>
   </div>
   <div class='ocr_carea' id='block_1_35' title="bbox 424 4961 3696 5037">
    <p class='ocr_par' dir='ltr' id='par_1_35' title="bbox 424 4961 3696 5037">
     <span class='ocr_line' id='line_1_35' title="bbox 424 4961 3696 5037; baseline 0.001 -20"><span class='ocrx_word' id='word_1_298' title='bbox 424 4965 801 5033; x_wconf 86' lang='lat' dir='ltr'><strong>magistrorum</strong></span> <span class='ocrx_word' id='word_1_299' title='bbox 822 5003 836 5026; x_wconf 91' lang='lat'><strong>,</strong></span> <span class='ocrx_word' id='word_1_300' title='bbox 864 4970 912 5015; x_wconf 89' lang='lat' dir='ltr'><strong>et</strong></span> <span class='ocrx_word' id='word_1_301' title='bbox 947 4961 1155 5032; x_wconf 87' lang='lat' dir='ltr'><strong>eloquia</strong></span> <span class='ocrx_word' id='word_1_302' title='bbox 1180 4962 1604 5035; x_wconf 88' lang='lat' dir='ltr'><strong>Scripturarum.</strong></span> <span class='ocrx_word' id='word_1_303' title='bbox 1638 4967 1847 5037; x_wconf 88' lang='lat' dir='ltr'><strong>Atque,</strong></span> <span class='ocrx_word' id='word_1_304' title='bbox 1877 4977 1937 5022; x_wconf 90' lang='lat' dir='ltr'><strong>ut</strong></span> <span class='ocrx_word' id='word_1_305' title='bbox 1967 4964 2261 5023; x_wconf 86' lang='lat' dir='ltr'><strong>Facundus</strong></span> <span class='ocrx_word' id='word_1_306' title='bbox 2290 4963 2699 5022; x_wconf 83' lang='lat' dir='ltr'><strong>llermianeusis</strong></span> <span class='ocrx_word' id='word_1_307' title='bbox 2727 4968 2867 5021; x_wconf 91' lang='lat' dir='ltr'><strong>libro</strong></span> <span class='ocrx_word' id='word_1_308' title='bbox 2900 4982 2977 5020; x_wconf 77' lang='lat' dir='ltr'><strong>xu</strong></span> <span class='ocrx_word' id='word_1_309' title='bbox 3005 4967 3225 5031; x_wconf 85' lang='lat' dir='ltr'><strong>scribit,</strong></span> <span class='ocrx_word' id='word_1_310' title='bbox 3262 4964 3415 5019; x_wconf 80' lang='lat' dir='ltr'><strong>Sicut</strong></span> <span class='ocrx_word' id='word_1_311' title='bbox 3449 4966 3601 5019; x_wconf 84' lang='lat' dir='ltr'><strong>nobis</strong></span> <span class='ocrx_word' id='word_1_312' title='bbox 3630 4966 3696 5019; x_wconf 79' lang='lat' dir='ltr'><strong>ad</strong></span> 
     </span>
    </p>
   </div>
   <div class='ocr_carea' id='block_1_36' title="bbox 425 5056 3697 5130">
    <p class='ocr_par' dir='ltr' id='par_1_36' title="bbox 425 5056 3697 5130">
     <span class='ocr_line' id='line_1_36' title="bbox 425 5056 3697 5130; baseline 0 -21"><span class='ocrx_word' id='word_1_313' title='bbox 425 5072 600 5110; x_wconf 87' lang='lat' dir='ltr'><strong>rerum</strong></span> <span class='ocrx_word' id='word_1_314' title='bbox 637 5056 1079 5126; x_wconf 81' lang='lat' dir='ltr'><strong>signiﬁcationem</strong></span> <span class='ocrx_word' id='word_1_315' title='bbox 1108 5058 1262 5111; x_wconf 83' lang='lat' dir='ltr'><strong>verba</strong></span> <span class='ocrx_word' id='word_1_316' title='bbox 1291 5068 1413 5112; x_wconf 90' lang='lat' dir='ltr'><strong>sunt</strong></span> <span class='ocrx_word' id='word_1_317' title='bbox 1440 5059 1569 5111; x_wconf 90' lang='lat' dir='ltr'><strong>data</strong></span> <span class='ocrx_word' id='word_1_318' title='bbox 1589 5100 1604 5125; x_wconf 94' lang='lat'><strong>,</strong></span> <span class='ocrx_word' id='word_1_319' title='bbox 1633 5060 1709 5113; x_wconf 88' lang='lat' dir='ltr'><strong>sic</strong></span> <span class='ocrx_word' id='word_1_320' title='bbox 1737 5062 2081 5130; x_wconf 86' lang='lat' dir='ltr'><strong>omnipotens</strong></span> <span class='ocrx_word' id='word_1_321' title='bbox 2121 5060 2294 5127; x_wconf 78' lang='lat' dir='ltr'><strong>Deus,</strong></span> <span class='ocrx_word' id='word_1_322' title='bbox 2328 5061 2479 5129; x_wconf 83' lang='lat' dir='ltr'><strong>cujus</strong></span> <span class='ocrx_word' id='word_1_323' title='bbox 2510 5060 2761 5128; x_wconf 84' lang='lat' dir='ltr'><strong>potestati</strong></span> <span class='ocrx_word' id='word_1_324' title='bbox 2790 5059 3026 5123; x_wconf 87' lang='lat' dir='ltr'><strong>subiecta</strong></span> <span class='ocrx_word' id='word_1_325' title='bbox 3055 5069 3177 5111; x_wconf 91' lang='lat' dir='ltr'><strong>sunt</strong></span> <span class='ocrx_word' id='word_1_326' title='bbox 3205 5060 3384 5112; x_wconf 84' lang='lat' dir='ltr'><strong>omnia</strong></span> <span class='ocrx_word' id='word_1_327' title='bbox 3406 5101 3420 5125; x_wconf 90' lang='lat'><strong>,</strong></span> <span class='ocrx_word' id='word_1_328' title='bbox 3449 5068 3503 5112; x_wconf 87' lang='lat' dir='ltr'><strong>et</strong></span> <span class='ocrx_word' id='word_1_329' title='bbox 3547 5059 3697 5126; x_wconf 81' lang='lat' dir='ltr'><strong>cujus</strong></span> 
     </span>
    </p>
   </div>
   <div class='ocr_carea' id='block_1_37' title="bbox 426 5148 3695 5223">
    <p class='ocr_par' dir='ltr' id='par_1_37' title="bbox 426 5148 3695 5223">
     <span class='ocr_line' id='line_1_37' title="bbox 426 5148 3695 5223; baseline 0.001 -20"><span class='ocrx_word' id='word_1_330' title='bbox 426 5148 686 5218; x_wconf 86' lang='lat' dir='ltr'><strong>sapientia</strong></span> <span class='ocrx_word' id='word_1_331' title='bbox 709 5148 1053 5217; x_wconf 82' lang='lat' dir='ltr'><strong>singulariter</strong></span> <span class='ocrx_word' id='word_1_332' title='bbox 1077 5153 1217 5204; x_wconf 86' lang='lat' dir='ltr'><strong>novit</strong></span> <span class='ocrx_word' id='word_1_333' title='bbox 1255 5151 1310 5203; x_wconf 91' lang='lat' dir='ltr'><strong>in</strong></span> <span class='ocrx_word' id='word_1_334' title='bbox 1331 5167 1483 5204; x_wconf 87' lang='lat' dir='ltr'><strong>usum</strong></span> <span class='ocrx_word' id='word_1_335' title='bbox 1509 5151 1768 5206; x_wconf 75' lang='lat' dir='ltr'><strong>doctrina:</strong></span> <span class='ocrx_word' id='word_1_336' title='bbox 1790 5155 1954 5206; x_wconf 88' lang='lat' dir='ltr'><strong>etiam</strong></span> <span class='ocrx_word' id='word_1_337' title='bbox 1979 5154 2315 5208; x_wconf 88' lang='lat' dir='ltr'><strong>voluntarios</strong></span> <span class='ocrx_word' id='word_1_338' title='bbox 2341 5152 2683 5206; x_wconf 86' lang='lat' dir='ltr'><strong>nescientium</strong></span> <span class='ocrx_word' id='word_1_339' title='bbox 2704 5161 2876 5205; x_wconf 90' lang='lat' dir='ltr'><strong>matus</strong></span> <span class='ocrx_word' id='word_1_340' title='bbox 2901 5154 3262 5206; x_wconf 78' lang='lat' dir='ltr'><strong>convenienter</strong></span> <span class='ocrx_word' id='word_1_341' title='bbox 3291 5163 3481 5222; x_wconf 89' lang='lat' dir='ltr'><strong>aptare</strong></span> <span class='ocrx_word' id='word_1_342' title='bbox 3497 5195 3513 5217; x_wconf 88' lang='lat'><strong>,</strong></span> <span class='ocrx_word' id='word_1_343' title='bbox 3537 5170 3695 5223; x_wconf 83' lang='lat' dir='ltr'><strong>quas-</strong></span> 
     </span>
    </p>
   </div>
   <div class='ocr_carea' id='block_1_38' title="bbox 429 5238 3695 5315">
    <p class='ocr_par' dir='ltr' id='par_1_38' title="bbox 429 5238 3695 5315">
     <span class='ocr_line' id='line_1_38' title="bbox 429 5238 3695 5315; baseline 0.002 -22"><span class='ocrx_word' id='word_1_344' title='bbox 429 5255 628 5309; x_wconf 86' lang='lat' dir='ltr'><strong>cunque</strong></span> <span class='ocrx_word' id='word_1_345' title='bbox 651 5255 730 5293; x_wconf 88' lang='lat' dir='ltr'><strong>res</strong></span> <span class='ocrx_word' id='word_1_346' title='bbox 760 5238 998 5306; x_wconf 86' lang='lat' dir='ltr'><strong>voluerit,</strong></span> <span class='ocrx_word' id='word_1_347' title='bbox 1025 5250 1146 5294; x_wconf 90' lang='lat' dir='ltr'><strong>actu</strong></span> <span class='ocrx_word' id='word_1_348' title='bbox 1176 5253 1433 5297; x_wconf 75' lang='lat' dir='ltr'><strong>creatura:</strong></span> <span class='ocrx_word' id='word_1_349' title='bbox 1464 5260 1575 5298; x_wconf 76' lang='lat' dir='ltr'><strong>sua:</strong></span> <span class='ocrx_word' id='word_1_350' title='bbox 1596 5245 2426 5315; x_wconf 82' lang='lat' dir='ltr'><strong>signiﬁcat.—Quemadmodum</strong></span> <span class='ocrx_word' id='word_1_351' title='bbox 2461 5244 2644 5314; x_wconf 83' lang='lat' dir='ltr'><strong>igitur,</strong></span> <span class='ocrx_word' id='word_1_352' title='bbox 2678 5252 2737 5297; x_wconf 91' lang='lat' dir='ltr'><strong>ut</strong></span> <span class='ocrx_word' id='word_1_353' title='bbox 2760 5243 3052 5314; x_wconf 84' lang='lat' dir='ltr'><strong>Augustini</strong></span> <span class='ocrx_word' id='word_1_354' title='bbox 3091 5244 3274 5300; x_wconf 81' lang='lat' dir='ltr'><strong>verbis</strong></span> <span class='ocrx_word' id='word_1_355' title='bbox 3315 5247 3625 5311; x_wconf 69' lang='lat' dir='ltr'><strong>absolvam,</strong></span> <span class='ocrx_word' id='word_1_356' title='bbox 3654 5249 3695 5302; x_wconf 90' lang='lat' dir='ltr'><strong>si</strong></span> 
     </span>
    </p>
   </div>
   <div class='ocr_carea' id='block_1_39' title="bbox 427 5329 3695 5410">
    <p class='ocr_par' dir='ltr' id='par_1_39' title="bbox 427 5329 3695 5410">
     <span class='ocr_line' id='line_1_39' title="bbox 427 5329 3695 5410; baseline 0.002 -21"><span class='ocrx_word' id='word_1_357' title='bbox 427 5335 634 5389; x_wconf 85' lang='lat' dir='ltr'><strong>litteras</strong></span> <span class='ocrx_word' id='word_1_358' title='bbox 679 5329 925 5399; x_wconf 83' lang='lat' dir='ltr'><strong>pulchras</strong></span> <span class='ocrx_word' id='word_1_359' title='bbox 974 5331 1171 5385; x_wconf 86' lang='lat' dir='ltr'><strong>alicubi</strong></span> <span class='ocrx_word' id='word_1_360' title='bbox 1214 5334 1624 5404; x_wconf 87' lang='lat' dir='ltr'><strong>inspiceremus,</strong></span> <span class='ocrx_word' id='word_1_361' title='bbox 1674 5354 1778 5390; x_wconf 89' lang='lat' dir='ltr'><strong>non</strong></span> <span class='ocrx_word' id='word_1_362' title='bbox 1824 5339 1973 5392; x_wconf 87' lang='lat' dir='ltr'><strong>nobis</strong></span> <span class='ocrx_word' id='word_1_363' title='bbox 2021 5340 2277 5408; x_wconf 75' lang='lat' dir='ltr'><strong>suﬁiceret</strong></span> <span class='ocrx_word' id='word_1_364' title='bbox 2324 5338 2550 5392; x_wconf 89' lang='lat' dir='ltr'><strong>laudare</strong></span> <span class='ocrx_word' id='word_1_365' title='bbox 2594 5337 2865 5406; x_wconf 85' lang='lat' dir='ltr'><strong>scriptoris</strong></span> <span class='ocrx_word' id='word_1_366' title='bbox 2922 5338 3244 5403; x_wconf 88' lang='lat' dir='ltr'><strong>articulum,</strong></span> <span class='ocrx_word' id='word_1_367' title='bbox 3303 5343 3572 5410; x_wconf 80' lang='lat' dir='ltr'><strong>quomodo</strong></span> <span class='ocrx_word' id='word_1_368' title='bbox 3612 5359 3695 5395; x_wconf 80' lang='lat' dir='ltr'><strong>eas</strong></span> 
     </span>
    </p>
   </div>
   <div class='ocr_carea' id='block_1_40' title="bbox 427 5420 3696 5504">
    <p class='ocr_par' dir='ltr' id='par_1_40' title="bbox 427 5420 3696 5504">
     <span class='ocr_line' id='line_1_40' title="bbox 427 5420 3696 5504; baseline 0.002 -26"><span class='ocrx_word' id='word_1_369' title='bbox 427 5425 622 5496; x_wconf 85' lang='lat' dir='ltr'><strong>pariles</strong></span> <span class='ocrx_word' id='word_1_370' title='bbox 644 5466 658 5489; x_wconf 92' lang='lat'><strong>,</strong></span> <span class='ocrx_word' id='word_1_371' title='bbox 685 5420 909 5491; x_wconf 76' lang='lat' dir='ltr'><strong>wquales</strong></span> <span class='ocrx_word' id='word_1_372' title='bbox 932 5464 945 5489; x_wconf 94' lang='lat'><strong>,</strong></span> <span class='ocrx_word' id='word_1_373' title='bbox 978 5425 1295 5496; x_wconf 84' lang='lat' dir='ltr'><strong>decorasque</strong></span> <span class='ocrx_word' id='word_1_374' title='bbox 1321 5429 1443 5497; x_wconf 83' lang='lat' dir='ltr'><strong>fecit</strong></span> <span class='ocrx_word' id='word_1_375' title='bbox 1462 5471 1477 5496; x_wconf 90' lang='lat'><strong>,</strong></span> <span class='ocrx_word' id='word_1_376' title='bbox 1506 5430 1608 5484; x_wconf 84' lang='lat' dir='ltr'><strong>nisi</strong></span> <span class='ocrx_word' id='word_1_377' title='bbox 1633 5432 1794 5485; x_wconf 86' lang='lat' dir='ltr'><strong>etiam</strong></span> <span class='ocrx_word' id='word_1_378' title='bbox 1821 5430 2101 5501; x_wconf 86' lang='lat' dir='ltr'><strong>legerimus</strong></span> <span class='ocrx_word' id='word_1_379' title='bbox 2123 5473 2138 5498; x_wconf 90' lang='lat'><strong>,</strong></span> <span class='ocrx_word' id='word_1_380' title='bbox 2163 5432 2289 5502; x_wconf 89' lang='lat' dir='ltr'><strong>quid</strong></span> <span class='ocrx_word' id='word_1_381' title='bbox 2325 5431 2482 5485; x_wconf 90' lang='lat' dir='ltr'><strong>nobis</strong></span> <span class='ocrx_word' id='word_1_382' title='bbox 2514 5446 2605 5499; x_wconf 83' lang='lat' dir='ltr'><strong>per</strong></span> <span class='ocrx_word' id='word_1_383' title='bbox 2641 5428 2767 5483; x_wconf 83' lang='lat' dir='ltr'><strong>illas</strong></span> <span class='ocrx_word' id='word_1_384' title='bbox 2806 5430 3119 5485; x_wconf 83' lang='lat' dir='ltr'><strong>indicaverit</strong></span> <span class='ocrx_word' id='word_1_385' title='bbox 3146 5448 3165 5485; x_wconf 88' lang='lat'><strong><em>:</em></strong></span> <span class='ocrx_word' id='word_1_386' title='bbox 3195 5433 3273 5486; x_wconf 87' lang='lat' dir='ltr'><strong>ita</strong></span> <span class='ocrx_word' id='word_1_387' title='bbox 3318 5432 3415 5487; x_wconf 88' lang='lat' dir='ltr'><strong>Dei</strong></span> <span class='ocrx_word' id='word_1_388' title='bbox 3445 5451 3578 5503; x_wconf 85' lang='lat' dir='ltr'><strong>opus</strong></span> <span class='ocrx_word' id='word_1_389' title='bbox 3614 5451 3696 5504; x_wconf 81' lang='lat' dir='ltr'><strong>qu.</strong></span> 
     </span>
    </p>
   </div>
   <div class='ocr_carea' id='block_1_41' title="bbox 431 5518 3700 5598">
    <p class='ocr_par' dir='ltr' id='par_1_41' title="bbox 431 5518 3700 5598">
     <span class='ocr_line' id='line_1_41' title="bbox 431 5518 3700 5598; baseline 0.003 -27"><span class='ocrx_word' id='word_1_390' title='bbox 431 5527 637 5571; x_wconf 88' lang='lat' dir='ltr'><strong>tantum</strong></span> <span class='ocrx_word' id='word_1_391' title='bbox 665 5519 913 5588; x_wconf 81' lang='lat' dir='ltr'><strong>inspicit,</strong></span> <span class='ocrx_word' id='word_1_392' title='bbox 945 5518 1238 5573; x_wconf 87' lang='lat' dir='ltr'><strong>delectatur</strong></span> <span class='ocrx_word' id='word_1_393' title='bbox 1266 5522 1662 5588; x_wconf 80' lang='lat' dir='ltr'><strong>pulchritudine</strong></span> <span class='ocrx_word' id='word_1_394' title='bbox 1692 5526 1859 5593; x_wconf 86' lang='lat' dir='ltr'><strong>operis</strong></span> <span class='ocrx_word' id='word_1_395' title='bbox 1885 5566 1899 5589; x_wconf 90' lang='lat'><strong>,</strong></span> <span class='ocrx_word' id='word_1_396' title='bbox 1930 5534 1989 5577; x_wconf 91' lang='lat' dir='ltr'><strong>ut</strong></span> <span class='ocrx_word' id='word_1_397' title='bbox 2024 5524 2328 5579; x_wconf 87' lang='lat' dir='ltr'><strong>admiretur</strong></span> <span class='ocrx_word' id='word_1_398' title='bbox 2365 5524 2660 5592; x_wconf 79' lang='lat' dir='ltr'><strong>artiﬁcem;</strong></span> <span class='ocrx_word' id='word_1_399' title='bbox 2686 5524 2777 5593; x_wconf 88' lang='lat' dir='ltr'><strong>qui</strong></span> <span class='ocrx_word' id='word_1_400' title='bbox 2814 5534 2993 5577; x_wconf 88' lang='lat' dir='ltr'><strong>autem</strong></span> <span class='ocrx_word' id='word_1_401' title='bbox 3039 5525 3323 5596; x_wconf 73' lang='lat' dir='ltr'><strong>intelligit,</strong></span> <span class='ocrx_word' id='word_1_402' title='bbox 3353 5531 3511 5582; x_wconf 86' lang='lat' dir='ltr'><strong>auasi</strong></span> <span class='ocrx_word' id='word_1_403' title='bbox 3556 5529 3700 5598; x_wconf 85' lang='lat' dir='ltr'><strong>legit.</strong></span> 
     </span>
    </p>
   </div>
   <div class='ocr_carea' id='block_1_42' title="bbox 429 5604 1937 5693">
    <p class='ocr_par' dir='ltr' id='par_1_42' title="bbox 429 5604 1937 5684">
     <span class='ocr_line' id='line_1_42' title="bbox 429 5604 1937 5684; baseline 0.007 -25"><span class='ocrx_word' id='word_1_404' title='bbox 429 5604 545 5662; x_wconf 85' lang='lat' dir='ltr'><strong>Hoc</strong></span> <span class='ocrx_word' id='word_1_405' title='bbox 568 5618 685 5663; x_wconf 88' lang='lat' dir='ltr'><strong>est:</strong></span> <span class='ocrx_word' id='word_1_406' title='bbox 712 5607 1009 5678; x_wconf 78' lang='grc' dir='ltr'>θαυμάζειν</span> <span class='ocrx_word' id='word_1_407' title='bbox 1036 5608 1104 5661; x_wconf 87' lang='grc' dir='ltr'><strong>τὰ</strong></span> <span class='ocrx_word' id='word_1_408' title='bbox 1128 5611 1367 5681; x_wconf 86' lang='grc' dir='ltr'>παρόντα</span> <span class='ocrx_word' id='word_1_409' title='bbox 1387 5653 1400 5667; x_wconf 85' lang='grc'><strong>.</strong></span> <span class='ocrx_word' id='word_1_410' title='bbox 1429 5629 1539 5666; x_wconf 83' lang='lat' dir='ltr'><strong>non</strong></span> <span class='ocrx_word' id='word_1_411' title='bbox 1568 5614 1804 5669; x_wconf 90' lang='lat' dir='ltr'><strong>otiosum</strong></span> <span class='ocrx_word' id='word_1_412' title='bbox 1838 5630 1937 5684; x_wconf 30' lang='lat' dir='ltr'><strong>spei</strong></span> 
     </span>
    </p>
   </div>
   <div class='ocr_carea' id='block_1_43' title="bbox 2193 5604 3701 5693">
    <p class='ocr_par' dir='ltr' id='par_1_43' title="bbox 2193 5615 3701 5693">
     <span class='ocr_line' id='line_1_43' title="bbox 2193 5615 3701 5693; baseline 0.009 -26"><span class='ocrx_word' id='word_1_413' title='bbox 2193 5633 2200 5667; x_wconf 86' lang='grc' dir='ltr'><strong>ι</strong></span> <span class='ocrx_word' id='word_1_414' title='bbox 2236 5626 2289 5669; x_wconf 90' lang='lat' dir='ltr'><strong>ct</strong></span> <span class='ocrx_word' id='word_1_415' title='bbox 2320 5615 2717 5670; x_wconf 86' lang='lat' dir='ltr'><strong>admiratorem</strong></span> <span class='ocrx_word' id='word_1_416' title='bbox 2758 5629 2917 5680; x_wconf 91' lang='lat' dir='ltr'><strong>esse,</strong></span> <span class='ocrx_word' id='word_1_417' title='bbox 2952 5616 3046 5671; x_wconf 91' lang='lat' dir='ltr'><strong>sed</strong></span> <span class='ocrx_word' id='word_1_418' title='bbox 3095 5618 3355 5690; x_wconf 70' lang='lat' dir='ltr'><strong>docilem,</strong></span> <span class='ocrx_word' id='word_1_419' title='bbox 3393 5622 3701 5693; x_wconf 83' lang='lat' dir='ltr'><strong>intelligen-</strong></span> 
     </span>
    </p>
   </div>
   <div class='ocr_carea' id='block_1_44' title="bbox 434 5699 3286 5781">
    <p class='ocr_par' dir='ltr' id='par_1_44' title="bbox 434 5699 3286 5781">
     <span class='ocr_line' id='line_1_44' title="bbox 434 5699 3286 5781; baseline 0.004 -28"><span class='ocrx_word' id='word_1_420' title='bbox 434 5710 648 5770; x_wconf 81' lang='lat' dir='ltr'><strong>temque</strong></span> <span class='ocrx_word' id='word_1_421' title='bbox 670 5699 1017 5770; x_wconf 88' lang='lat' dir='ltr'><strong>discipulum.</strong></span> <span class='ocrx_word' id='word_1_422' title='bbox 1051 5734 1119 5743; x_wconf 93' lang='lat'><strong><em>—</em></strong></span> <span class='ocrx_word' id='word_1_423' title='bbox 1147 5701 1417 5761; x_wconf 66' lang='lat' dir='ltr'><strong>Pennus</strong></span> <span class='ocrx_word' id='word_1_424' title='bbox 1437 5745 1451 5769; x_wconf 88' lang='lat'><strong>,</strong></span> <span class='ocrx_word' id='word_1_425' title='bbox 1496 5704 1805 5775; x_wconf 78' lang='lat' dir='ltr'><strong>Theolagica</strong></span> <span class='ocrx_word' id='word_1_426' title='bbox 1835 5706 2095 5777; x_wconf 86' lang='lat' dir='ltr'><strong>Dogmata</strong></span> <span class='ocrx_word' id='word_1_427' title='bbox 2116 5748 2130 5775; x_wconf 89' lang='lat'><strong>,</strong></span> <span class='ocrx_word' id='word_1_428' title='bbox 2158 5716 2197 5761; x_wconf 94' lang='lat' dir='ltr'><strong>t.</strong></span> <span class='ocrx_word' id='word_1_429' title='bbox 2234 5704 2300 5762; x_wconf 86' lang='lat' dir='ltr'><strong>Ill</strong></span> <span class='ocrx_word' id='word_1_430' title='bbox 2322 5747 2337 5773; x_wconf 93' lang='lat'><strong>,</strong></span> <span class='ocrx_word' id='word_1_431' title='bbox 2369 5705 2447 5760; x_wconf 88' lang='lat' dir='ltr'><strong>De</strong></span> <span class='ocrx_word' id='word_1_432' title='bbox 2476 5705 2693 5776; x_wconf 78' lang='lat' dir='ltr'><strong>opiﬁcio</strong></span> <span class='ocrx_word' id='word_1_433' title='bbox 2718 5721 2771 5759; x_wconf 79' lang='lat' dir='ltr'><strong>v1</strong></span> <span class='ocrx_word' id='word_1_434' title='bbox 2796 5703 3003 5759; x_wconf 84' lang='lat' dir='ltr'><strong>dierum</strong></span> <span class='ocrx_word' id='word_1_435' title='bbox 3024 5748 3039 5773; x_wconf 87' lang='lat'><strong>,</strong></span> <span class='ocrx_word' id='word_1_436' title='bbox 3072 5723 3129 5781; x_wconf 85' lang='lat' dir='ltr'><strong>p.</strong></span> <span class='ocrx_word' id='word_1_437' title='bbox 3160 5706 3286 5764; x_wconf 71' lang='grc'><strong>221.</strong></span> 
     </span>
    </p>
   </div>
  </div>
