3818 6216
162 676 318 833 S.
474 676 2084 842 BARTHOLOM/EUS
2229 678 3403 844 APOSTOLUS.

1072 1236 1885 1357 SENTENTIA
2000 1242 2514 1363 BREVIS

1696 1547 1875 1600 QUAM

156 1764 293 1826 SUB
339 1765 662 1829 NOMINE
714 1769 1326 1833 BARTHOLOMIEI
1383 1771 1781 1834 APOSTOLI
1838 1773 2158 1834 AFFERT
2242 1774 2303 1835 S.
2382 1771 2809 1835 DIONYSIUS
2866 1769 3403 1833 AREOPAGITA.

523 1998 616 2059 (De
637 2000 837 2061 mystica
862 2000 1115 2071 theologia,
1142 2018 1244 2069 cap.
1279 2007 1322 2067 l,
1350 2008 1474 2072 Opp.
1500 2014 1617 2060 tom.
1642 2008 1681 2071 Ι,
1706 2010 1786 2059 ed.
1813 2009 2053 2069 Corderii,
2080 2008 2325 2071 Venetiis,
2352 2010 2491 2062 1755.
2515 2009 2727 2072 lii-folio,
2757 2021 2865 2071 pag.
2893 2007 3027 2061 δην

1752 2228 1823 2242 —

221 2404 373 2494 ρῦτω
418 2407 552 2477 γοῦν
589 2413 618 2465 ὁ
656 2412 798 2478 Θείος
837 2416 1359 2474 ΒΑΡΘΟΛΟΜΑΙΟΣ
1408 2440 1540 2493 φησι
1587 2444 1605 2475 ι
1634 2426 1727 2479 καὶ

1911 2422 2025 2479 Hac
2064 2424 2250 2494 utique
2273 2422 2480 2478 ratione
2508 2421 2665 2476 divus
2698 2415 3291 2474 BARTHOLOMJEUS
3338 2419 3412 2473 ait

158 2491 349 2585 πολλὴν
378 2498 476 2569 τὴν
512 2499 791 2572 οεολογίαν
842 2502 980 2559 εἶναι
1030 2508 1122 2561 καὶ
1170 2491 1488 2583 ἐλαχίστηννλ
1526 2514 1620 2566 καὶ

1904 2525 1951 2569 et
1979 2491 2259 2585 copiosam
2298 2530 2421 2570 esse
2448 2515 2775 2585 theologiam
2804 2520 2859 2567 et
2892 2511 3215 2578 minimam;
3251 2519 3412 2580 atque

162 2584 477 2678 Εραγγέλιον
515 2592 687 2647 πλατὺ
723 2597 815 2649 καὶ
857 2598 1034 2670 μέγα,
1090 2601 1183 2653 καὶ
1228 2597 1379 2666 αὖθις
1432 2621 1667 2675 συντετμ

1904 2607 2197 2678 iangclium
2229 2606 2469 2678 amplum
2506 2614 2561 2663 et
2592 2619 2850 2676 magnum
2874 2645 2888 2671 ,
2916 2612 2970 2659 et
3004 2619 3198 2660 rursus
3227 2604 3412 2659 conci-

164 2677 327 2744 μένον.
362 2701 379 2734 ι

1844 2714 1988 2754 sum.
2018 2718 2035 2751 ι

939 3090 1518 3185 CORDERII
1598 3091 2575 3188 COMMENTARIUM

241 3344 348 3399 Hac
371 3350 551 3417 utique
581 3348 784 3402 ratione
814 3346 882 3400 Β.
917 3346 1371 3405 Bartholomwus.
1410 3348 1564 3404 Unde
1595 3348 1887 3419 colligitur,
1914 3355 2162 3403 sanctum
2188 3347 2644 3403 Bartholomzeum
2676 3349 2856 3418 aliqua
2892 3347 3054 3402 etiam
3104 3347 3407 3417 theologica

174 3436 441 3503 scripsisse
462 3480 476 3504 ,
514 3440 592 3493 uti
617 3449 671 3493 et
706 3440 843 3495 alios
868 3442 1149 3510 apostolos
1180 3442 1492 3497 verosimile
1513 3453 1597 3497 est
1617 3484 1631 3509 ,
1663 3444 1730 3498 de
1764 3443 1930 3498 rebus
1961 3458 2024 3497 ac
2046 3443 2443 3513 quaestionibus
2466 3442 2668 3497 divinis
2695 3456 2791 3511 per
2819 3442 3104 3511 epistolam
3132 3457 3233 3511 pro
3253 3458 3409 3496 ocea-

173 3528 314 3583 sione
336 3529 700 3601 interrOgatos
721 3574 736 3597 ,
762 3532 828 3586 de
858 3532 1049 3587 iisdem
1075 3534 1238 3588 verba
1278 3534 1473 3589 saltem
1499 3536 1702 3604 scripto
1730 3534 2109 3604 respondisse,
2139 3544 2192 3589 et
2222 3534 2617 3590 sublimissima
2636 3574 2651 3599 ,
2683 3549 2805 3604 quae
2825 3551 2890 3589 ex
2925 3535 3045 3604 ipso
3074 3534 3186 3590 Deo
3208 3535 3411 3591 hause-

174 3630 285 3677 rant
311 3626 532 3680 oracula
553 3666 567 3690 ,
596 3624 917 3692 tradidisse,
946 3642 1069 3696 qua:
1114 3628 1431 3697 aliquandiu
1452 3669 1467 3694 ,
1496 3628 1572 3681 uti
1612 3628 1791 3683 solent
1812 3627 2056 3697 epistolae.
2075 3667 2089 3691 ,
2125 3627 2579 3692 asservabantur,
2610 3636 2663 3681 et
2711 3624 3008 3680 Catholieis
3038 3626 3408 3681 communica—

176 3712 377 3780 bantur,
405 3720 497 3775 sed
528 3719 877 3789 postmodum
909 3729 1216 3790 temporum
1250 3721 1469 3791 injuriis
1519 3720 1917 3775 interciderint.
1954 3720 2045 3774 Ait
2073 3729 2121 3774 et
2148 3721 2415 3790 copiosam
2430 3735 2539 3772 esse
2562 3717 2897 3787 theologiam,
2916 3717 2967 3770 id
2984 3726 3065 3770 est
3080 3714 3280 3785 fusam,
3302 3733 3407 3786 qua

177 3814 316 3870 parte
340 3809 586 3864 videlicet
607 3824 673 3863 ex
706 3811 978 3865 creaturis
1002 3821 1062 3865 ut
1088 3810 1328 3872 effectis,
1363 3820 1622 3881 tanquam
1663 3824 1695 3864 a
1730 3810 2035 3879 posteriore
2059 3854 2073 3877 ,
2106 3820 2164 3865 ut
2199 3811 2355 3864 aiunt
2383 3810 2725 3880 philosophi,
2758 3808 2813 3862 in
2841 3808 3106 3864 creatoris
3132 3823 3197 3862 ac
3230 3825 3409 3864 causa:

176 3898 349 3965 primae
374 3902 626 3956 notitiam
656 3902 963 3969 devehitur,
992 3920 1113 3974 quae
1139 3904 1363 3974 quidem
1410 3920 1537 3974 pars
1563 3912 1647 3958 est
1680 3904 1968 3974 theologia:
2000 3904 2430 3959 demonstrantis
2451 3943 2464 3967 ,
2500 3904 2582 3957 vel
2608 3911 2753 3958 certe
2783 3917 2891 3972 qua
2927 3914 3077 3973 parte
3111 3907 3405 3975 symbolica

177 3998 251 4044 est
267 4032 285 4056 ,ν
310 4008 427 4063 qua:
449 4003 587 4050 teste
611 3994 874 4067 Dionysio
903 4014 1025 4067 cap.
1055 4014 1170 4067 seq.
1217 3999 1374 4068 longe
1416 3997 1696 4053 fusissima
1723 3997 1939 4053 exsistit
1971 4013 1989 4047 :
2016 4007 2065 4050 et
2113 3997 2386 4050 minimam
2405 4037 2420 4062 ,
2466 3995 2517 4049 id
2545 4004 2629 4050 est
2671 3995 3050 4051 brevissimam
3072 4038 3087 4063 ,
3117 4014 3224 4067 qua
3258 4007 3411 4068 parte

179 4085 418 4143 nimirum
450 4090 683 4161 mystica
712 4102 827 4152 est,
864 4102 923 4147 ut
950 4092 1150 4147 ibidem
1174 4091 1468 4163 Dionysius
1495 4093 1757 4162 explicat;
1790 4092 1876 4146 vel
1912 4102 2063 4147 certe
2090 4092 2218 4161 quia
2249 4090 2393 4145 Deus
2427 4106 2455 4145 a
2484 4091 2654 4160 priori
2681 4091 3182 4148 indemonstrabilis
3206 4104 3291 4149 est
3310 4136 3325 4161 ,
3351 4107 3409 4153 ut

181 4192 375 4237 carens.
408 4184 579 4255 Atque
610 4184 953 4255 Evangelium
995 4185 1228 4255 amplum
1265 4195 1315 4239 et
1357 4202 1644 4255 maguum,
1687 4187 1898 4242 scilicet
1948 4192 2166 4256 propter
2211 4200 2394 4239 rerum
2441 4200 2581 4255 quas
2621 4185 2863 4240 continet
2898 4188 3314 4256 amplitudinem
3355 4202 3409 4247 et

183 4276 520 4339 granditatem
541 4322 557 4346 ,
580 4290 631 4334 et
663 4297 845 4334 rursus
870 4281 1139 4334 convisunt
1167 4295 1260 4334 seu
1284 4288 1650 4350 contractum,
1678 4281 1731 4335 id
1754 4289 1838 4335 est
1860 4280 1945 4351 (ut
1968 4295 2069 4350 ego
2089 4278 2309 4349 quidem
2337 4278 2684 4347 interpretor)
2712 4279 2856 4333 mole
2880 4280 3097 4349 quidem
3125 4282 3406 4352 exiguum,

184 4375 330 4420 sensu
377 4383 555 4426 autem
598 4383 653 4433 et
698 4373 1033 4442 perfectione
1083 4372 1403 4427 maximum.
1445 4371 1597 4428 Unde
1640 4374 1935 4443 Apostolus
1986 4374 2161 4445 (Rom.
2195 4390 2271 4438 Ix,
2322 4370 2414 4441 28)
2450 4372 2682 4441 appellat
2721 4373 2947 4428 verbum
2994 4375 3406 4437 abbreviatum.

185 4465 352 4525 utpote
384 4466 673 4522 continens
707 4468 1088 4523 brevissimum
1122 4467 1242 4521 ﬁdei
1271 4473 1325 4520 et
1346 4466 1656 4522 dilectionis
1687 4477 2050 4539 praeceptum,
2086 4470 2233 4539 quod
2275 4484 2372 4539 pro
2402 4468 2617 4523 cunctis
2645 4467 2882 4522 sinuosa:
2908 4467 3040 4538 legis
3070 4470 3411 4524 caremoniis

188 4554 447 4611 successit.
470 4557 551 4612 Ita
581 4558 873 4614 Anselmus
894 4569 949 4614 et
971 4560 1359 4617 OEcumenius.
1385 4560 1479 4615 Vel
1510 4562 1637 4631 quia
1665 4562 1908 4617 continet
1932 4560 2173 4623 Verbum
2198 4563 2540 4620 incarnatum
2558 4602 2574 4629 ,
2598 4560 2664 4616 ad
2692 4560 2931 4617 hominis
2962 4576 3137 4633 usque
3160 4568 3409 4617 naturam

190 4640 542 4708 abbreviatum
576 4661 631 4710 et
659 4652 1001 4711 exinanitum
1025 4698 1039 4725 ,
1073 4657 1221 4727 quod
1253 4656 1433 4713 salvas
1464 4652 1592 4709 fecit
1622 4656 1881 4726 reliquias
1918 4654 2104 4711 Israel.
