3818 6216
410 457 3687 500 =22“—

779 736 1137 948 AN
1150 736 1952 948 ACLE']

2061 732 2357 948 US
2569 732 3253 945 ΡΑΡΑ

1706 1293 2364 1425 ΝΟΤΙΤΙΑ

1168 1562 1261 1627 (Ex
1288 1562 1431 1615 Libro
1453 1561 1718 1628 pontiﬁcali
1736 1563 1930 1615 Damasi
1954 1574 2111 1626 papae,
2145 1576 2224 1625 ap.
2248 1561 2420 1623 Mssst,
2447 1560 2650 1626 Concil.,
2674 1561 2717 1618 l.
2744 1560 2878 1623 597.)

466 1735 763 1791 Anacletus
802 1734 881 1807 (l)
921 1735 1142 1792 natione
1200 1734 1422 1793 Grmcus
1448 1738 1465 1768 ¹
1523 1752 1591 1792 ex
1638 1747 1792 1806 patre
1843 1737 2148 1802 Antiocho,
2190 1735 2332 1791 sedit
2379 1749 2555 1791 annos
2600 1748 2833 1800 novem,
2879 1748 3096 1791 menses
3139 1741 3250 1791 tres
3292 1731 3449 1805 [ςοά.
3487 1733 3667 1792 Lua.

398 1829 613 1903 duos],
648 1829 766 1886 dies
794 1829 1013 1897 decem;
1049 1829 1154 1885 fuit
1187 1840 1370 1886 autem
1395 1830 1731 1901 temporibus
1760 1828 2053 1886 Domitiani
2073 1829 2172 1899 (2),
2204 1844 2234 1884 a
2261 1829 2547 1884 consulatu
2579 1826 2874 1882 Domitiani
2903 1828 3115 1882 decimo
3140 1837 3194 1882 et
3225 1825 3432 1895 S'abini,
3469 1840 3665 1898 usque

397 1924 467 1979 ad
521 1922 891 1979 Domitianum
942 1924 1156 1980 decimo
1212 1926 1444 1995 septimo
1496 1924 1575 1995 (ὅ)
1614 1932 1668 1979 et
1714 1924 2046 1980 Clementem
2094 1922 2368 1978 consules.
2403 1920 2503 1977 Hic
2540 1922 2861 1975 memoriam
2893 1920 3038 1975 beati
3074 1919 3214 1975 Petri
3246 1919 3564 1975 construxit
3593 1928 3662 1973 es

396 2018 702 2087 composuit
730 2018 842 2089 (4),
871 2016 999 2071 dum
1038 2017 1318 2089 presbyter
1346 2016 1522 2073 factus
1552 2016 1751 2073 fuisset
1799 2032 1831 2073 a
1874 2016 2034 2073 beato
2077 2015 2269 2080 Petro,
2304 2031 2399 2072 seu
2436 2015 2541 2069 alia
2584 2014 2735 2082 loca,
2782 2015 2876 2069 ubi
2920 2014 3163 2085 episcopi
3213 2015 3660 2071 reconderentur

395 2108 689 2180 sepulturae
720 2129 732 2164 :
762 2108 855 2165 ubi
886 2117 1066 2165 autem
1097 2119 1152 2165 et
1183 2110 1299 2181 ipse
1328 2110 1572 2180 sepultus
1601 2118 1688 2165 est
1719 2110 1775 2164 in
1805 2125 1957 2181 pace,
1987 2110 2144 2180 juxta
2186 2125 2389 2178 corpus
2429 2108 2575 2163 beati
2619 2105 2799 2171 Petri,
2827 2107 2985 2162 tertio
3008 2108 3134 2163 ldus
3180 2105 3331 2163 Julii.
3377 2106 3479 2162 Hic
3513 2106 3657 2162 fecit

395 2199 770 2256 ordinationes
814 2199 951 2257 duas
1004 2200 1195 2273 [juxta
1240 2200 1549 2268 Plotinam,
1593 2200 1784 2274 unam]
1829 2217 1923 2272 per
1972 2218 2214 2259 mensem
2264 2201 2651 2265 Decembrem,
2691 2200 3035 2271 presbyteros
3078 2201 3350 2273 quinque,
3378 2201 3659 2256 diaconos

398 2298 527 2360 tres,
560 2292 847 2365 episcopos
892 2308 989 2364 per
1019 2294 1234 2351 diversa
1256 2294 1378 2350 loca
1406 2310 1641 2351 numero
1671 2311 1785 2352 sex.
1814 2294 1882 2351 Et
1908 2297 2145 2353 cessavit
2171 2296 2520 2366 episcopatus
2545 2294 2664 2350 dies
2690 2308 2815 2349 xm.

474 2496 491 2527 ¹
514 2492 588 2549 De
622 2494 868 2555 Athenis.

1925 2674 2155 2732 NOTE.

468 2903 545 2976 (ί)
583 2904 890 2960 Auacletus.
944 2902 1075 2958 Post
1117 2903 1486 2972 interregnum
1528 2908 1762 2971 quatuor
1802 2914 1959 2954 men-

398 2994 541 3051 sium
589 3004 645 3052 et
695 2996 880 3051 decem
925 2996 1161 3062 dierum,
1216 3009 1361 3049 anno
1400 2993 1603 3048 Christi
1632 2992 1735 3047 105
1785 2990 1967 3064 [102],

396 3085 623 3158 Trajani
671 3087 1015 3157 imperatoris
1067 3102 1140 3153 tv,
1173 3086 1329 3141 tertia
1374 3085 1463 3141 die
1494 3085 1698 3140 mensis
1736 3084 1960 3154 Aprilis,

392 3176 686 3233 Anacletus
728 3176 918 3232 multis
969 3176 1131 3231 rebus
1163 3176 1421 3246 praeclare
1456 3176 1621 3245 gestis
1668 3175 1960 3230 celeberri-

394 3282 547 3332 mus,
579 3265 903 3322 Christianae
941 3266 1219 3338 religionis
1263 3281 1538 3320 summum
1584 3265 1961 3336 pontiﬁcatum

396 3358 645 3429 adeptus,
677 3356 941 3413 Clementi
972 3373 1067 3427 per
1096 3358 1417 3427 martyrium
1448 3356 1665 3412 sublato
1696 3357 1961 3426 subroga-

395 3460 509 3506 tur.
537 3449 695 3516 Quod
726 3449 883 3505 Liber
912 3451 1233 3521 pontiﬁcalis
1287 3449 1343 3503 in
1369 3446 1491 3503 Vita
1519 3449 1815 3505 Clementis
1846 3451 1960 3520 epi-

401 3552 686 3614 scopatum
720 3539 977 3595 Romanae
1000 3539 1257 3596 Ecclesia:
1298 3541 1490 3613 viginti
1529 3543 1723 3599 diebus
1765 3552 1819 3599 et
1852 3558 1960 3599 uno

393 3650 641 3692 cessasse
688 3634 902 3699 scribit,
930 3634 1020 3689 vix
1055 3643 1140 3689 est
1177 3635 1452 3701 credibile,
1486 3651 1611 3691 cum
1656 3646 1766 3691 tam
1808 3637 1959 3692 brevi

396 3726 659 3796 temporis
688 3726 867 3795 spatio
911 3727 1232 3797 martyrium
1265 3726 1578 3792 Clementis,
1616 3726 1959 3784 Chersoneso

392 3827 549 3873 trans
576 3817 807 3873 Pontum
843 3818 969 3884 sita,
1003 3817 1231 3875 Romam
1283 3819 1521 3873 nuntiari
1562 3834 1668 3874 non
1696 3820 1952 3890 potuerit.

392 3909 595 3964 Baron.
638 3924 781 3966 anno
808 3910 931 3976 l02,
982 3926 1134 3965 num.
1160 3910 1214 3977 9.,
1263 3920 1316 3964 et
1343 3926 1458 3981 seq.
1520 3927 1684 3979 anno,
1714 3928 1866 3967 num.
1898 3913 1955 3967 2.

392 3999 549 4057 Unde
601 4002 861 4057 acciderit
910 4003 1053 4072 quod
1081 4002 1373 4061 Anacletus
1408 4020 1439 4059 a
1468 4004 1806 4061 Tertulliano
1836 4006 1959 4067 (Ile-

394 4095 566 4150 menti
597 4104 977 4165 anteponatur,
1009 4096 1078 4150 ab
1108 4094 1410 4165 Epiphanio
1440 4108 1619 4153 autem
1653 4099 1846 4155 haeresi
1883 4103 1954 4155 27

396 4188 557 4259 plane
589 4188 893 4251 omittatur,
943 4204 1104 4258 supra
1152 4190 1391 4245 diximus
1430 4191 1483 4243 in
1513 4192 1955 4252 adnotationibus

396 4280 657 4337 adVitam
685 4278 999 4335 Clementis.
1040 4277 1164 4335 Sev.
1197 4280 1400 4337 BINIUS.

460 4413 536 4485 (2)
574 4412 703 4466 Fuit
735 4421 909 4467 autem
959 4416 1275 4484 temporibus
1306 4415 1624 4473 Domitiani.
1648 4420 1783 4476 Mira
1809 4421 1957 4476 Libri

381 4506 704 4578 pontiﬁcalis
766 4506 1000 4560 varietas
1050 4516 1105 4560 et
1152 4511 1505 4579 repugnantia
1549 4529 1561 4563 :
1607 4527 1733 4569 cum
1789 4530 1951 4584 supra

385 4595 718 4651 Clementem
770 4595 1016 4651 Anacleti
1080 4599 1535 4667 praedecessorem
1592 4606 1751 4659 tertio
1808 4622 1953 4661 anno

386 4688 611 4760 Trajani
647 4705 677 4744 e
707 4690 815 4745 vita
845 4692 1118 4746 sublatum
1167 4707 1289 4747 esse
1328 4695 1629 4763 scripserit,
1658 4698 1953 4756 Anacletus

382 4798 495 4837 non
523 4784 627 4837 sub
648 4782 979 4851 Domitiano,
1013 4784 1107 4839 sed
1138 4785 1318 4840 verius
1350 4788 1453 4841 sub
1480 4787 1717 4859 Trajano
1746 4792 1951 4848 sedisse

385 4877 579 4944 potuit.
614 4873 690 4928 In.

455 4987 533 5057 (ὅ)
570 4988 613 5039 Α
645 4988 924 5042 consulatu
958 4988 1247 5043 Domitiani
1295 5007 1329 5044 χ
1367 5001 1416 5045 et
1441 4990 1627 5049 Sabini
1675 5011 1838 5058 usque
1878 4997 1947 5050 ad

383 5080 715 5134 consulatum
740 5080 1039 5141 Domitiani
1073 5098 1206 5137 xvu.
1260 5082 1446 5140 Novus
1491 5101 1643 5141 error
1680 5090 1943 5144 auctoris.

384 5173 440 5226 Si
467 5172 761 5229 Anacletus
790 5174 893 5227 sub
921 5175 1197 5232 adnotatis
1226 5177 1542 5234 consulibus
1569 5180 1943 5249 pontiﬁcatum

383 5264 578 5329 tenuit,
628 5279 753 5319 eum
785 5264 1116 5321 Clementem
1175 5271 1556 5337 antecessisse,
1616 5271 1727 5327 imo
1782 5274 1944 5331 simul

380 5366 505 5409 enm
532 5355 683 5409 Cleto
709 5366 761 5410 et
784 5356 1057 5411 Clemente
1086 5359 1291 5415 sedisse
1331 5364 1590 5431 oportuit.
1631 5364 1766 5420 Nam
1795 5368 1944 5422 deci-

381 5463 504 5526 mus
534 5446 827 5502 Domitiani
879 5450 1197 5505 consulatus
1248 5470 1370 5507 cum
1423 5471 1567 5512 anno
1629 5457 1834 5513 Christi
1874 5460 1943 5513 86

380 5537 518 5610 [84],
552 5538 844 5593 Domitiani
890 5540 1236 5609 imperatoris
1262 5559 1321 5597 ιιι
1354 5546 1634 5602 coincidit.
1689 5548 1942 5606 Decimus

378 5631 643 5699 septimus
669 5646 798 5686 vero
826 5631 1070 5716 ejusdem
1108 5635 1424 5692 consulatus
1455 5653 1577 5693 cum
1609 5654 1753 5694 anno
1782 5642 1943 5696 Chri-

378 5722 444 5775 sti
494 5721 563 5777 94
601 5720 735 5795 [92],
765 5711 1055 5780 Domitiani
1120 5726 1465 5798 imperatoris
1522 5748 1575 5788 XI
1643 5735 1939 5792 concurrit.

2064 2895 2202 2953 Cum
2248 2896 2413 2967 igitur
2438 2897 2712 2965 Clemens,
2765 2898 2930 2969 hujus
2956 2899 3201 2956 Anacleti
3248 2900 3652 2972 praedecessor,

2064 3004 2209 3045 anno
2236 3004 2296 3043 ιιι
2316 2988 2538 3060 Trajani
2566 2991 2913 3061 imperatoris
2936 2991 3045 3046 vita
3067 2992 3300 3047 simulet
3318 2994 3651 3063 pontiﬁcatu

2062 3079 2352 3137 defunctus
2379 3082 2471 3147 sit,
2505 3090 2564 3137 ut
2604 3092 2800 3152 praeter
2826 3095 3110 3140 auctorem
3136 3083 3301 3154 hujus
3324 3085 3474 3151 libri,
3507 3084 3651 3141 Hie-

2062 3190 2276 3245 ronym.
2317 3183 2371 3229 et
2395 3174 2597 3231 Euseb.
2630 3176 2766 3231 locis
2801 3193 2966 3248 supra
2990 3178 3153 3234 dictis
3196 3187 3493 3245 testantur,
3523 3195 3648 3234 non

2061 3266 2220 3321 video
2247 3282 2355 3338 qua
2400 3267 2613 3323 ratione
2652 3268 2758 3323 dici
2806 3272 2979 3339 possit
3005 3270 3327 3326 Anacletum
3372 3282 3505 3325 ante
3534 3273 3653 3326 im—

2063 3358 2272 3427 perium
2291 3358 2512 3430 Trajani
2533 3360 2867 3431 pontiﬁciam
2890 3363 3071 3418 sedem
3096 3363 3537 3421 administrasse.
3558 3363 3644 3421 In.

2131 3513 2211 3582 (4)
2252 3512 2354 3567 Hic
2395 3515 2534 3569 beati
2566 3515 2717 3571 Petri
2768 3521 3077 3574 memoriam
3129 3524 3424 3577 construxit
3481 3535 3650 3596 atque

2061 3606 2373 3673 composuit.
2428 3605 2533 3661 Per
2586 3611 2908 3664 memoriam
2976 3611 3121 3667 beati
3172 3611 3316 3668 Petri
3391 3615 3649 3688 intellige

2061 3696 2353 3764 quamdam
2404 3699 2618 3754 aedilicii
2670 3710 3002 3757 structuram
3053 3704 3123 3759 ab
3168 3705 3449 3773 Anacleto,
3508 3710 3648 3765 dum

2061 3788 2240 3844 adhuc
2288 3792 2572 3863 presbyter
2619 3808 2784 3861 esset,
2839 3796 2893 3849 in
2956 3796 3218 3853 Vaticano
3271 3809 3646 3871 exstructam,

2059 3896 2223 3950 quam
2244 3883 2374 3937 olim
2406 3885 2705 3955 antiquitas
2741 3889 2997 3945 usitatius
3021 3892 3311 3948 ecclesiam
3340 3897 3645 3953 nominare

2059 3976 2362 4030 consuevit.
2416 3974 2553 4031 Nam
2596 3987 2651 4033 et
2676 3980 2909 4050 August.
2944 3981 3017 4037 De
3065 3986 3212 4040 civit.
3236 3985 3337 4039 Dei
3361 3988 3462 4043 lib.
3499 4006 3646 4058 xm,

2061 4079 2111 4119 c.
2138 4065 2236 4118 10:
2262 4065 2398 4131 Nos,
2434 4067 2631 4152 inquit,
2668 4074 2993 4142 martyribus
3034 4078 3230 4132 nostris
3268 4095 3375 4133 non
3413 4085 3640 4153 templa,

2064 4158 2198 4212 sicut
2229 4159 2360 4226 diis,
2393 4162 2484 4215 sed
2519 4166 2829 4232 memorias,
2866 4168 3003 4222 sicut
3041 4168 3342 4226 hominibus
3384 4181 3639 4246 mortuis,

2055 4267 2276 4320 quorum
2310 4254 2450 4323 apud
2478 4253 2642 4309 Deum
2671 4258 2848 4312 vivunt
2873 4261 3115 4329 spiritus,
3135 4263 3494 4332 fabricamus.
3529 4267 3643 4325 Has

2055 4343 2253 4398 merito
2279 4342 2445 4401 Caius
2475 4349 2737 4418 antiquus
2775 4352 3088 4421 theologus,
3120 4356 3211 4424 qui
3248 4364 3501 4427 tempore
3538 4360 3642 4416 Ze-

2056 4433 2275 4505 phyrini
2305 4438 2580 4505 pontiﬁcis
2610 4442 2828 4509 claruit,
2861 4452 2997 4500 teste
3026 4446 3265 4504 Eusebio
3296 4451 3397 4507 lib.
3434 4469 3504 4509 ιιι
3536 4454 3644 4509 Hi-

2054 4527 2364 4593 storiarum,
2412 4529 2504 4596 24,
2544 4541 2745 4602 tropaea
2778 4537 3013 4605 appellat
3039 4557 3052 4592 :
3078 4540 3281 4611 quippe
3303 4559 3431 4613 qua:
3458 4549 3640 4603 victo-

2054 4617 2165 4671 rias
2186 4620 2554 4687 apostolorum
2577 4625 2643 4678 de
2667 4627 2910 4684 subactis
2934 4630 3185 4688 hostibus
3212 4649 3635 4705 repraesentem.

2055 4706 2230 4765 Verba
2283 4712 2429 4769 illius
2488 4716 2629 4786 apud
2666 4717 2961 4776 Eusebium
3020 4726 3284 4793 praedicto
3337 4729 3467 4785 loco
3521 4734 3638 4789 hinc

2052 4806 2226 4852 sunt:
2261 4799 2373 4871 Ego
2415 4805 2776 4873 apostolorum
2829 4818 3031 4880 troptea
3083 4819 3361 4887 perspicue
3412 4837 3638 4890 possunt

2051 4893 2359 4948 ostendere:
2386 4912 2509 4949 nam
2533 4900 2580 4951 si
2602 4900 2743 4955 lubet
2772 4905 2829 4956 in
2860 4903 3176 4963 Vaticanum
3205 4913 3511 4980 proﬁcisci,
3542 4928 3637 4970 aut

2049 4985 2105 5035 in
2148 4986 2289 5038 viam
2334 5002 2451 5056 qua:
2479 4988 2735 5047 Ostiensis
2780 4996 2995 5062 dicitur,
3032 5008 3080 5053 te
3112 5002 3374 5071 conferre,
3426 5015 3636 5076 tropica

2047 5092 2229 5133 eorum
2270 5083 2361 5150 qui
2401 5083 2559 5136 istam
2586 5086 2881 5143 Ecclesium
2926 5107 3022 5145 suo
3056 5109 3295 5150 sermone
3342 5108 3395 5151 et
3435 5102 3636 5158 virtute

2046 5178 2402 5247 stabilierunt,
2453 5182 2701 5239 invenies.
2778 5183 2932 5241 Hanc
2981 5187 3251 5258 insignem
3299 5192 3633 5267 claramque

2046 5273 2366 5327 memoriam
2396 5290 2427 5327 a
2452 5275 2667 5331 turbine
2698 5278 3093 5346 persecutionis
3125 5297 3231 5335 non
3268 5280 3449 5342 fuisse
3478 5289 3631 5358 deje-

2046 5374 2211 5430 ctam,
2259 5368 2355 5422 sed
2410 5369 2618 5438 majore
2666 5370 2849 5439 potius
2899 5374 2953 5426 in
2996 5373 3115 5430 dies
3155 5376 3407 5445 singulos
3448 5380 3628 5451 gloria

2046 5468 2283 5522 auctam,
2307 5473 2522 5513 omnem
2552 5462 2967 5518 admirationem
2994 5476 3235 5536 superat.
3255 5467 3461 5525 Baron.
3484 5488 3629 5527 anno

2046 5547 2171 5615 106,
2200 5564 2256 5604 n.
2286 5552 2320 5604 2
2348 5560 2403 5607 et
2429 5552 2483 5607 3.
2519 5553 2893 5628 Magdeburg.,
2942 5560 3038 5629 qui
3082 5562 3225 5615 hanc
3274 5563 3347 5616 ob
3395 5580 3627 5620 causam

2044 5642 2362 5697 Anaeletum
2390 5649 2817 5718 reprehendunt,
2844 5667 2875 5705 a
2900 5652 3159 5709 Bellarm.
3190 5655 3287 5710 lib.
3316 5672 3373 5711 tv
3400 5657 3485 5712 De
3514 5660 3623 5715 Ro-

2045 5751 2186 5793 man.
2216 5738 2433 5808 pontif.,
2465 5753 2513 5795 c.
2542 5740 2597 5806 8,
2629 5741 2695 5798 de
2717 5744 2992 5800 calumnia
3018 5755 3300 5802 notantur.
3340 5748 3420 5805 in.
