3818 6216
434 308 531 367 791

1798 310 2145 368 ANACLETI
2198 312 2395 368 PAPA'J

3605 318 3699 373 793

428 430 641 485 animas
674 446 799 485 suas
827 431 880 485 in
906 428 1192 501 benefactis
1209 430 1272 485 ".
1299 429 1461 495 Nam.
1488 440 1547 486 ut
1572 432 1646 487 ait
1670 432 1865 487 beatus
1900 429 2020 483 Cle-
2052 431 2096 487 A
2129 426 2273 483 fecto
2298 436 2740 498 transgressores
2773 426 2908 498 legis
2943 425 3037 482 Dei
3061 436 3115 481 et
3146 435 3593 498 contemptores.
3625 441 3699 484 at-

432 537 588 578 mcns
616 532 933 577 antecessor
964 533 1152 578 noster
1176 524 1240 590 “,
1272 525 1468 579 similis
1491 533 1575 579 est
1609 524 1790 580 omnis
1822 522 2011 578 Eccle-

431 614 528 668 siae
555 622 731 670 status
764 616 887 669 navi
919 630 1161 685 magnas,
1196 631 1317 686 quae
1351 630 1447 686 per
1483 616 1756 671 undosum
1788 617 2013 686 pelagus

431 704 665 761 diversis
711 721 742 761 e
784 706 919 762 locis
966 716 1019 761 et
1066 707 1381 777 regionibus
1428 709 1582 764 viros
1631 710 1895 779 portat“,
1946 710 2013 764 ad

432 810 598 850 unam
642 796 882 867 potentis
932 796 1084 868 regni
1131 798 1323 853 urbem
1371 813 1663 873 properare
1706 799 2010 869 cupientes.

434 887 516 943 Sit
546 904 677 959 ergo
711 890 865 945 navis
898 899 1088 947 auctor
1118 892 1321 962 hujus,
1372 892 1642 949 Dominus
1672 895 1787 965 ipse
1830 896 2012 952 omni-

430 989 621 1048 potens
655 980 800 1037 Deus
850 1000 863 1035 :
905 983 1238 1052 gubernator
1270 1002 1400 1041 vero
1446 986 1517 1042 sit
1554 987 1808 1045 Christus
1842 1009 1854 1045 :
1896 1000 2012 1045 tum

429 1072 627 1128 deinde
659 1083 892 1143 proreta:
913 1075 1149 1131 ofﬁcium
1180 1078 1473 1150 episcopus
1499 1080 1722 1151 impleat
1749 1099 1762 1136 :
1789 1083 2014 1154 presby-

429 1164 531 1219 teri
580 1176 870 1220 nautarum
898 1208 913 1234 ,
960 1166 1177 1224 diaconi
1219 1170 1663 1241 dispensatorem
1708 1174 1891 1231 locum
1930 1182 2011 1229 te-

427 1264 595 1311 neant
628 1257 720 1312 :hi
758 1259 851 1328 qui
877 1261 1240 1327 catecltizant,
1283 1264 1593 1335 nautologis
1632 1265 2007 1321 conferantur:

428 1348 662 1416 epibatis
707 1360 924 1417 autem,
981 1353 1151 1409 totius
1198 1353 1564 1412 fraternitatis
1614 1358 1908 1413 multitudo
1941 1359 2013 1413 sit

432 1438 651 1494 similis.
689 1439 868 1510 Ipsum
903 1458 1123 1513 quoque
1150 1460 1299 1501 mare
1332 1447 1420 1502 bic
1454 1448 1693 1504 mundus
1722 1449 2007 1506 habeatur.

425 1528 725 1587 Ventorum
766 1549 897 1588 vero
946 1536 1236 1592 varietates
1284 1546 1337 1592 et
1382 1540 1701 1609 turbinum,
1759 1541 1993 1598 diversis

428 1626 826 1682 tentationibus
855 1626 1209 1683 conferantur
1240 1647 1254 1683 :
1287 1632 1703 1699 persecutiones
1728 1674 1742 1697 ,
1777 1634 2007 1687 tribula-

428 1716 608 1772 tiones
638 1718 752 1773 sive
781 1720 1047 1789 pericula,
1084 1720 1342 1778 fluetibus
1373 1734 1746 1794 exaequentur.
1781 1724 2005 1781 Terrcui

425 1822 557 1862 vero
574 1810 820 1878 spiritus,
836 1812 929 1879 qui
944 1813 1025 1866 vel
1038 1813 1102 1867 de
1116 1814 1470 1879 torrentibus,
1488 1816 1571 1869 vel
1586 1815 1650 1870 de
1664 1816 2006 1872 convallibus

425 1900 1257 1973 spirant,pseudoprophetarum
1274 1915 1327 1959 et
1341 1908 1813 1976 seductorum,seu
1830 1926 2007 1980 pravae

423 1992 688 2048 doctrina:
703 1995 864 2050 verba
878 1997 1177 2051 doceantur
1195 1998 1260 2053 ³³.
1276 1996 1656 2054 Promontoria
1677 2016 1806 2056 vero
1822 2010 1874 2056 et
1887 2002 2002 2057 loca

422 2084 771 2156 confragosa,
793 2087 846 2140 bi
861 2087 955 2157 qui
976 2088 1027 2142 in
1043 2090 1403 2159 potestatibus
1421 2092 1603 2145 surculi
1629 2092 2001 2164 suntjudices,

423 2188 478 2234 et
516 2180 609 2249 qui
643 2180 885 2249 pericula
933 2182 1215 2237 minantur
1250 2200 1315 2239 ac
1356 2196 1584 2241 mortes.
1626 2184 1933 2242 Dithalassa
1961 2187 2004 2219 “

422 2286 553 2325 vero
606 2272 748 2339 loca,
800 2288 923 2343 quae
965 2275 1273 2344 duplicibus
1320 2278 1481 2332 undae
1526 2277 1736 2334 fallacis
1780 2280 2003 2336 aestibus

421 2362 801 2430 verberantur,
843 2366 1025 2421 dubiis
1060 2377 1240 2424 mente
1264 2411 1277 2436 ,
1333 2379 1386 2425 et
1412 2370 1479 2425 de
1510 2372 1999 2441 repromissionum

421 2452 647 2508 veritate
682 2456 1027 2521 nutantibus,
1058 2457 1435 2528 conferantur,
1471 2471 1635 2533 atque
1668 2462 1755 2517 his
1790 2463 1883 2534 qui
1928 2464 2002 2518 it-

421 2545 736 2601 rationabili
772 2548 931 2603 fidem
964 2561 1208 2606 nostram
1240 2554 1451 2609 ratione
1475 2554 1794 2611 discutiunt.
1827 2554 2002 2627 Hypo-

418 2636 568 2691 critae
600 2654 730 2693 vero
761 2649 815 2694 et
842 2640 1043 2709 dolosi,
1074 2643 1264 2713 piratis
1288 2646 1492 2701 similes
1520 2648 1846 2705 habeantur.
1876 2649 1997 2705 lam

421 2742 549 2783 vero
580 2730 805 2800 rapidus
827 2743 1037 2800 vortex,
1072 2747 1124 2792 et
1151 2745 1388 2793 tartarea
1417 2737 1743 2813 Charybdis,
1772 2750 1825 2797 et
1852 2744 2000 2799 saxis

418 2820 565 2876 illisa
599 2822 885 2895 naufragia
906 2867 920 2891 ,
964 2842 1030 2882 ac
1063 2828 1360 2885 mortifera:
1390 2832 1796 2889 submersiones
1821 2877 1835 2901 ,
1868 2835 1998 2905 quid

418 2912 565 2967 aliud
591 2913 909 2971 azstimanda
936 2927 1085 2987 sunt,
1117 2936 1282 2990 quam
1306 2924 1568 2992 peccata?
1596 2923 1783 2981 Restat
1811 2927 1994 2997 igitur,

419 3012 481 3059 ut
530 3005 646 3061 haec
690 3006 847 3063 navis
893 3023 1059 3065 cursu
1107 3027 1372 3082 prospero
1420 3024 1533 3070 tuta
1570 3018 1743 3087 possit
1776 3028 1993 3088 portum

2122 536 2229 589 que
2262 519 2642 574 inobedientes
2675 520 2797 589 ejus
2823 518 3107 589 praeceptis
3135 520 3429 574 exsistunt.
3465 517 3627 575 Unde
3653 533 3699 575 et

2122 608 2181 664 Β.
2214 608 2448 664 Jacobus
2481 609 2763 679 apostolus
2794 610 2907 663 ait:
2940 607 2997 663 Si
3023 609 3249 679 diligitis
3272 610 3549 678 proximos
3571 612 3698 664 sicut

2118 718 2206 755 vos
2238 702 2400 771 ipsos,
2434 700 2767 771 benefacitis.
2815 700 2874 755 Si
2922 711 3098 754 autem
3136 718 3388 769 personas
3433 705 3697 771 accipitis,

2117 802 2389 862 peccatum
2419 795 2747 865 operamini,
2791 795 3064 865 redarguti
3100 811 3130 846 a
3160 794 3269 864 lege
3289 835 3304 859 ,
3335 797 3496 865 quasi
3531 806 3699 850 trans-

2119 902 2380 955 gressores
2405 886 2472 954 ",
2520 895 2625 940 etc.
2674 885 2740 940 Et
2764 887 2955 942 beatus
2982 887 3348 958 praedecessor
3372 896 3569 942 noster
3589 886 3698 942 Cle-

2115 995 2273 1033 mens
2293 980 2376 1033 vir
2402 980 2754 1051 apostolicus,
2781 988 2834 1034 et
2859 980 3049 1049 spiritu
3079 978 3170 1033 Dei
3190 980 3408 1049 plenus,
3441 994 3555 1033 una
3578 995 3697 1034 cum

2115 1072 2343 1142 reliquis
2384 1072 2591 1128 sanctis
2653 1072 2876 1142 collegis
2945 1072 3062 1126 suis
3110 1072 3337 1138 statuit,
3383 1072 3582 1127 dicens
3615 1072 3694 1127 ":

2115 1165 2161 1195 '°
2173 1164 2483 1219 Accusandi
2498 1166 2581 1219 vel
2598 1163 2922 1219 testiﬁcandi
2950 1164 3168 1220 licentia
3191 1164 3495 1234 denegetur
3508 1165 3694 1235 bisqui

2112 1255 2442 1312 Christianae
2470 1256 2751 1327 religionis
2779 1264 2833 1311 et
2860 1256 3103 1311 nominis
3130 1256 3478 1326 dignitatem,
3504 1267 3561 1311 et
3589 1273 3695 1312 sua:

2112 1347 2249 1418 legis
2278 1349 2361 1404 vel
2390 1350 2475 1404 sui
2506 1349 2769 1419 propositi
2798 1362 3067 1411 normam,
3094 1357 3189 1402 aut
3219 1347 3546 1417 regulariter
3576 1363 3693 1417 pro-

2112 1440 2282 1495 hibita
2305 1442 2660 1512 neglexerint.
2687 1441 3148 1509 Transgressores
3170 1440 3314 1493 enim
3335 1450 3541 1509 sponte
3566 1441 3693 1511 legis

2113 1547 2247 1596 suae,
2297 1533 2527 1603 ejusque
2575 1533 2871 1587 violatores
2918 1540 2974 1586 et
3024 1531 3377 1597 recedentes,
3430 1541 3695 1600 apostata:

2112 1624 2485 1678 nominantur.
2532 1621 2724 1679 Omnis
2752 1622 2901 1679 enim
2938 1632 3188 1692 apostata
3233 1621 3568 1677 refutandus
3612 1633 3695 1678 est

2113 1726 2239 1771 ante
2266 1717 2634 1771 reversionem
2674 1732 2831 1770 suam
2855 1756 2868 1780 ,
2916 1732 3025 1771 non
3073 1717 3125 1769 in
3162 1716 3516 1771 accusatione
3549 1726 3692 1771 recte

2112 1809 2387 1879 agentium
2415 1850 2428 1871 ,
2480 1819 2575 1863 aut
2622 1808 2933 1863 testimonio
2976 1808 3397 1877 suscipiendus;
3443 1810 3578 1877 quia
3614 1810 3693 1862 vir

2110 1902 2313 1971 duplex
2343 1901 2549 1963 animo,
2582 1900 2903 1956 inconstans
2931 1909 3014 1954 est
3042 1900 3097 1953 in
3122 1898 3383 1953 omnibus
3414 1898 3520 1953 viis
3550 1900 3687 1955 suis.

2110 1992 2422 2063 Quicunque
2453 2002 2661 2060 autem,
2694 2001 2753 2047 ut
2778 1992 2855 2046 ait
2885 1990 3167 2061 apostolus
3198 1989 3443 2046 Iacobus
3464 2030 3478 2052 ,
3526 2001 3690 2045 totam

2107 2088 2271 2159 legem
2296 2087 2601 2153 servaverit,
2641 2085 2922 2155 offenderit
2956 2097 3129 2139 autem
3166 2085 3221 2139 in
3248 2100 3374 2151 uno,
3406 2085 3583 2153 factus
3612 2096 3687 2138 est

2108 2195 2225 2233 reus
2278 2178 2534 2233 omnium.
2583 2176 2689 2243 Qui
2736 2178 2875 2231 enim
2918 2178 3057 2231 dixit
3089 2193 3107 2229 :
3138 2175 3262 2231 Non
3307 2177 3686 2241 mwchaben’s;

2105 2271 2243 2325 dixit
2290 2280 2386 2324 et:
2424 2268 2547 2323 Non
2594 2268 2819 2323 occides.
2871 2266 3026 2333 Quod
3067 2270 3114 2322 si
3158 2284 3262 2321 non
3307 2268 3681 2333 masc/laberis,

2105 2362 2314 2416 occidas
2340 2370 2536 2427 autem,
2564 2361 2737 2430 factus
2758 2378 2810 2415 es
2840 2371 3198 2431 transgressor
3220 2360 3371 2430 legis.
3398 2358 3490 2415 Sic
3517 2362 3686 2431 loqui-

2104 2453 2257 2514 mini,
2308 2461 2361 2505 et
2392 2453 2467 2504 sic
2499 2452 2681 2521 facite,
2718 2452 2858 2505 sicut
2904 2468 2998 2521 per
3040 2451 3203 2522 legem
3250 2452 3514 2507 libertatis
3555 2453 3687 2506 inci-

2102 2544 2300 2613 pientes
2328 2544 2590 2613 judicari.
2638 2543 2916 2597 Iudicium
2966 2545 3107 2597 enim
3153 2544 3267 2597 sine
3317 2544 3686 2598 misericordia

2100 2635 2191 2705 ﬁet
2222 2635 2322 2701 illi,
2363 2636 2455 2706 qui
2494 2652 2599 2689 non
2642 2636 2769 2705 fecit
2819 2636 3263 2689 misericordiam.
3309 2633 3687 2705 Supereraltat

2102 2737 2281 2780 autem
2335 2728 2703 2782 misericordia
2746 2727 3095 2796 judicium“.
3146 2726 3212 2781 Et
3256 2726 3527 2783 Dominus
3576 2728 3684 2782 ait:

2103 2819 2246 2874 Nolo
2270 2830 2489 2874 mortem
2506 2821 2821 2888 peccatoris,
2838 2821 2929 2875 sed
2950 2831 3007 2874 ut
3024 2831 3380 2886 convertatur,
3400 2832 3448 2876 et
3464 2824 3606 2875 vivat
3619 2824 3685 2875 ".

2099 2912 2166 2969 Et
2188 2914 2357 2969 multa
2384 2914 2531 2976 talia,
2558 2914 2867 2983 horumque
2891 2912 3294 2970 similia.Nemo
3316 2916 3478 2981 enim,
3508 2916 3691 2985 inquit

2099 3007 2420 3076 Apostolus,
2451 3015 2692 3059 nostrum
2721 3005 2823 3059 sibi
2854 3006 3002 3071 vivit,
3031 3015 3081 3059 et
3109 3021 3257 3059 nemo
3290 3007 3397 3059 sibi
3432 3008 3685 3060 moritur.

418 3095 741 3153 desiderata:
768 3099 921 3155 urbis
954 3100 1195 3170 intrare,
1245 3105 1320 3159 ita
1355 3104 1466 3161 Deo
1504 3124 1717 3177 precem
1772 3109 1998 3166 fundere

2116 3098 2220 3153 Sive
2253 3115 2374 3169 ergo
2406 3099 2649 3164 vivimus,
2684 3099 2789 3152 sive
2822 3099 3101 3165 morimur,
3136 3097 3350 3152 Domini
3383 3116 3589 3153 sumus.
3622 3098 3691 3153 In

419 3188 761 3260 navigantes,
798 3199 859 3246 ut
892 3203 1205 3249 mereantur
1237 3197 1443 3252 audiri.

743 3487 814 3540 De
848 3488 912 3540 iis
946 3490 1035 3557 qui
1066 3491 1362 3544 sacerdotes
1401 3504 1671 3545 accusant.

488 3644 758 3701 Audimus
784 3688 798 3712 ,
849 3646 1083 3714 fratres,
1119 3649 1265 3718 quod
1299 3651 1520 3720 quidam
1566 3654 1895 3724 detrahunt,
1944 3667 1997 3710 et

416 3748 677 3793 accusant
699 3740 1011 3795 sacerdotes
1033 3740 1149 3809 Dei,
1176 3744 1455 3813 cupientes
1474 3761 1569 3800 eos
1590 3746 1859 3813 damnari,
1886 3764 1994 3803 non

416 3828 781 3899 intelligentes
814 3829 1044 3887 forsitan
1068 3873 1080 3897 ,
1117 3834 1263 3903 quod
1295 3835 1493 3905 injuria
1532 3838 1880 3892 sacerdotum
1928 3841 1993 3894 ad

414 3918 694 3975 Christum
730 3923 993 3992 pertinet,
1032 3925 1189 3995 cujus
1224 3927 1338 3982 vice
1380 3926 1701 3998 funguntur.
1748 3930 1858 3985 Nec
1892 3932 1995 3986 hoc

416 4013 728 4083 aspiciunt,
758 4017 902 4084 quod
949 4015 1010 4069 Β.
1056 4015 1249 4072 Petrus
1287 4018 1540 4089 princeps
1586 4022 1991 4090 apostolorum,

415 4104 715 4159 instructor
738 4116 943 4169 noster,
970 4108 1045 4160 ait
1072 4127 1084 4161 :
1119 4108 1437 4177 Deponentes
1463 4111 1626 4179 igitur
1645 4128 1847 4165 omnem
1881 4129 1996 4166 ma-

416 4196 613 4262 litiam,
639 4207 688 4251 et
712 4214 915 4251 omnem
940 4200 1142 4267 dolum,
1175 4211 1223 4253 et
1248 4201 1634 4268 simulationes,
1664 4213 1713 4256 et
1742 4205 1990 4272 invidias,

417 4299 465 4342 et
496 4307 671 4345 omnes
698 4292 1070 4355 detractiones,
1097 4295 1232 4348 sicut
1260 4294 1411 4347 modo
1434 4296 1597 4364 geniti
1627 4296 1877 4365 infantes,
1905 4313 1993 4349 ra-

415 4382 735 4448 tionabile",
754 4383 865 4436 sine
883 4383 1004 4436 dolo
1022 4384 1105 4437 lac
1126 4387 1500 4454 concupiscite,
1520 4397 1577 4440 ut
1600 4388 1652 4440 in
1670 4389 1992 4443 eocrescatis

2100 3192 2195 3243 hoc
2229 3191 2368 3244 enim
2405 3189 2650 3244 Christus
2685 3198 2923 3243 mortuus
2952 3199 3052 3255 est,
3090 3199 3139 3243 et
3172 3192 3383 3256 revixit,
3426 3201 3485 3243 ut
3525 3202 3576 3245 et
3614 3193 3693 3245 vi-

2100 3297 2282 3334 vorum
2315 3290 2365 3334 et
2396 3290 2725 3334 mortuorum
2758 3281 3081 3335 dominetur.
3121 3281 3198 3336 Tu
3226 3292 3405 3336 autem
3434 3285 3569 3353 quid
3593 3285 3693 3351 ju—

2100 3372 2246 3425 dicas
2286 3374 2507 3440 fratrem
2544 3374 2735 3426 tuum?
2773 3384 2866 3426 aut
2916 3384 2973 3427 tu
3003 3391 3166 3444 quare
3206 3375 3413 3442 spernis
3460 3375 3692 3442 fratrem

2101 3468 2294 3518 tuum?
2326 3465 2516 3520 Omnes
2566 3468 2705 3520 enim
2749 3466 3010 3520 stabimus
3058 3476 3179 3519 ante
3222 3466 3461 3520 tribunal
3496 3466 3599 3521 Dei
3621 3470 3688 3521 ”.

2100 3556 2375 3627 Scriptum
2408 3567 2491 3613 est
2520 3559 2668 3612 enim
2704 3578 2717 3612 :
2761 3558 2885 3613 Vivo
2913 3576 3030 3629 ego,
3062 3559 3192 3611 dicit
3223 3558 3521 3625 Dominus,
3554 3577 3692 3628 quo-

2098 3647 2239 3700 niam
2276 3648 2404 3701 milii
2435 3649 2677 3717 ﬂectetur
2705 3665 2855 3703 omne
2881 3665 3036 3719 genu,
3072 3658 3121 3702 et
3149 3649 3318 3702 omnis
3340 3647 3535 3718 lingua
3564 3665 3694 3704 cou-

2098 3739 2334 3807 ﬁtebitur
2364 3738 2493 3794 Deo.
2525 3739 2713 3810 Itaque
2738 3741 3095 3811 unusquisque
3121 3748 3359 3794 nostrum
3385 3756 3483 3808 pro
3514 3757 3571 3795 se
3601 3758 3696 3793 ra-

2101 3832 2296 3884 tionem
2324 3831 2503 3884 reddet
2536 3830 2666 3885 Deo.
2706 3830 2829 3884 Non
2855 3848 2976 3902 ergo
3010 3831 3240 3901 amplius
3274 3832 3499 3886 invicem
3528 3834 3693 3902 judi—

2098 3938 2293 3985 cemus,
2327 3921 2416 3974 sed
2445 3926 2539 3975 tioc
2560 3922 2802 3991 judicate
2829 3923 3020 3993 magis,
3056 3940 3117 3977 ne
3147 3926 3359 3992 ponatis
3387 3925 3699 3993 offendicu-

2097 4016 2208 4066 lum
2255 4015 2417 4082 fratri
2469 4014 2547 4068 vel
2592 4015 2908 4067 scandalum
2928 4016 2994 4070 “.
3046 4012 3266 4073 Scimus
3300 4019 3449 4072 enim
3479 4062 3495 4085 ,
3556 4020 3696 4091 quia

2098 4106 2327 4159 multum
2348 4107 2393 4137 ³⁸
2442 4106 2727 4176 derogatio
2776 4108 3073 4176 praavalet,
3117 4112 3339 4177 quando
3388 4112 3699 4181 derogator

2097 4198 2340 4253 creditur
2368 4198 2471 4251 fide
2500 4198 2721 4268 dignus.
2754 4197 2900 4265 ideo,
2936 4202 3153 4263 fratres,
3192 4202 3361 4257 variis
3386 4203 3699 4259 detractio-

2099 4292 2260 4344 nibus
2290 4300 2343 4345 et
2390 4290 2836 4345 accusationibus
2878 4306 2987 4345 non
3028 4302 3245 4362 oportet
3264 4291 3311 4324 “
3359 4293 3696 4350 labefactari

2095 4384 2310 4453 iudices
2341 4390 2395 4437 et
2418 4383 2679 4451 primates
2706 4382 2965 4437 Ecclesiae
2992 4384 3092 4454 (4),
3134 4386 3226 4439 sed
3249 4386 3429 4456 magis
3455 4397 3695 4456 aposto-

412 4475 469 4527 in
491 4474 715 4527 salutem
733 4474 792 4528 “.
821 4474 885 4528 Et
902 4474 1166 4531 Dominus
1185 4492 1279 4546 per
1302 4477 1628 4547 Prophetam
1652 4479 1829 4550 inquit
1854 4499 1865 4534 :
1888 4481 1993 4546 Qui
2028 4464 2070 4519 ί)
2100 4476 2276 4529 lorum
2300 4486 2353 4529 et
2374 4476 2556 4530 doctor
2572 4491 2664 4529 um
2688 4476 2891 4545 regulis
2912 4474 3195 4531 informati
3223 4477 3299 4548 (5)
3323 4494 3388 4533 ac
3408 4480 3693 4535 roborari.

411 4565 711 4620 vultvitam
759 4566 999 4637 diligere,
1051 4578 1100 4623 et
1149 4570 1325 4624 videre
1372 4570 1482 4623 dies
1531 4571 1713 4638 bonos,
1757 4584 1991 4628 coerceat

410 4658 650 4728 linguam
680 4675 832 4712 suam
869 4676 901 4712 a
946 4660 1121 4726 malo,
1169 4670 1219 4714 et
1254 4661 1399 4715 labia
1434 4663 1549 4731 ejus
1592 4680 1655 4716 ne
1704 4664 1990 4733 loquantur

409 4751 590 4806 dolum
616 4752 679 4817 ¹⁷,
723 4760 829 4805 etc.
860 4749 961 4817 Qui
988 4761 1168 4806 autem
1201 4754 1305 4807 ista
1339 4755 1833 4824 transgrediuntur,
1862 4772 1988 4826 pro-

483 5000 558 5053 ¹⁰1
586 5000 729 5053 Petr.
774 5016 846 5063 tv,
876 4999 1063 5055 12-19.

411 5072 568 5125 annis
621 5080 743 5139 post
793 5071 1111 5125 Anacletum
1154 5072 1306 5125 vixit.

412 5139 490 5192 ιδι
518 5140 663 5194 Petr.
688 5156 748 5201 ιι,
792 5141 844 5202 l,
869 5139 923 5192 2.
1016 5141 1220 5197 “Psal.
1248 5158 1444 5208 χχχιιι,
1476 5142 1561 5205 15,
1594 5144 1680 5197 14.

412 5226 493 5273 ιιι,
517 5227 572 5278 q.
606 5212 659 5272 4,
686 5210 882 5263 Beatus
927 5211 1316 5278 prwdecessor-
1354 5212 1421 5265 Et
1454 5213 1506 5267 in
1539 5212 1693 5267 Dccr.
1722 5212 1832 5278 lvo,
1859 5214 1953 5268 lib.
1985 5230 2057 5267 ιν.

1274 5284 1318 5315 "
1340 5282 1499 5336 Rom.
1544 5299 1660 5349 xw,
1712 5283 1866 5337 7-l0.
1944 5283 2161 5347 "Ibid.,
2214 5285 2398 5340 ἸΙ-15.

410 5279 576 5335 ill-l5
639 5280 893 5334 “Ezeclt.
921 5296 1076 5345 xvni,
1106 5283 1195 5336 '52.

1171 4999 1288 5054 “In
1329 5002 1603 5071 epistolal
1636 5004 1702 5057 ad
1753 5004 2036 5061 Jacobum.

1416 5073 1459 5105 ¹³
1524 5070 1815 5133 dicantur,
1864 5071 2168 5133 ducantur,
2220 5080 2482 5125 vocentur.

1789 5144 1960 5198 “Jac.
1988 5160 2048 5208 ιι,
2081 5146 2135 5210 8,
2173 5145 2227 5199 9.

2105 4567 2258 4623 Unde
2294 4568 2505 4638 justum
2535 4576 2653 4633 est,
2688 4582 2878 4624 omnes
2910 4569 2964 4622 in
2999 4571 3257 4625 universo
3302 4570 3694 4627 Romanorum

2096 4664 2229 4719 orbe
2258 4664 2514 4717 doctores
2544 4662 2699 4733 legis,
2737 4679 2801 4718 ea
2828 4680 2950 4734 quae
2977 4664 3113 4734 legis
3143 4673 3275 4719 sunt
3299 4674 3449 4720 recte
3488 4682 3695 4736 sapere

2099 4767 2153 4813 et
2188 4756 2428 4827 operari,
2461 4766 2515 4810 et
2545 4773 2651 4810 non
2690 4758 2906 4827 regulas
2936 4759 3215 4814 nascentis
3249 4757 3517 4815 Ecclesiae
3545 4775 3693 4817 con-

2143 5007 2359 5060 ”verba
2413 5015 2543 5061 sunt
2602 5008 2912 5080 interpretis
2974 5008 3154 5080 Rufini
3186 5047 3201 5069 ,
3272 5009 3369 5080 qui
3420 5013 3698 5068 trecentis

2590 5077 2634 5108 ιδ
2676 5074 2989 5131 bithalassa.
3090 5079 3130 5109 ”‘
3151 5093 3257 5134 ms.
3290 5074 3695 5138 rationabiles.

2329 5144 2440 5198 ¹⁹Ιιι
2462 5146 2621 5214 epist.
2648 5161 2747 5201 sua
2782 5146 2820 5210 Ι,
2848 5146 2917 5200 ad
2946 5145 3211 5203 Iacobum
3236 5152 3691 5217 sententialiter;

2165 5215 2478 5270 IloAnianus
2508 5217 2601 5270 lib.
2645 5231 2731 5268 xv:
2754 5259 2766 5277 ,
2800 5226 2978 5271 const.
3017 5219 3080 5277 1,
3110 5220 3193 5272 tit.
3228 5219 3279 5273 7.
3358 5222 3400 5252 ’ί
3432 5220 3538 5277 Jac
3606 5239 3646 5276 ιι

2503 5258 3080 5354 ίῖι”νί“ιιῖιὶξιὲιῖιὶὲ’”ιῖἷεί.’
3104 5258 3193 5356 illi:
3234 5258 3289 5356 ‘8',
3345 5258 3697 5347 haeca‘venllui

406 5348 574 5433 leges.
615 5350 766 5406 Felix
800 5367 859 5415 ιι,
882 5352 1040 5433 epist.
1077 5354 1127 5420 l,
1158 5353 1346 5409 eadem
1376 5362 1622 5423 usurpat.
1650 5348 1655 5349 ί
1701 5353 2030 5424 ’ﬁDamasus
2051 5371 2136 5425 ep.
2167 5356 2231 5410 ad
2266 5357 2552 5427 episcopos
2578 5348 2793 5426 Illyrici,
2821 5360 2964 5426 apud
2996 5348 3201 5415 Theod'.
3231 5348 3289 5417 ei
3311 5361 3438 5416 Soz.
3467 5363 3697 5433 scripta

407 5435 473 5473 ex
506 5421 754 5476 liornano
781 5422 1035 5475 concilio.

480 5622 499 5691 (
513 5621 558 5694 ἦ)
582 5623 1019 5694 Accusationibus
1043 5641 1143 5677 non
1166 5635 1365 5694 oportet
1389 5623 1703 5692 labefactari
1726 5627 1977 5694 primates

413 5692 679 5747 Ecclesia.
706 5692 840 5748 Vide
862 5710 980 5762 quae
1001 5692 1233 5753 dicimus
1262 5697 1317 5750 in
1348 5696 1490 5751 notis
1521 5697 1586 5753 ad
1614 5692 1809 5752 canon.
1848 5712 1979 5757 ano-

409 5764 532 5817 stol.
569 5763 654 5818 74.
690 5763 815 5819 Ssv.
854 5763 1057 5821 BlNlUS.

2159 5630 2237 5710 (5)
2281 5629 2653 5710 Apostolorum
2684 5633 2875 5710 tegulis
2900 5636 3209 5710 informari.
3247 5635 3511 5693 Canones
3549 5653 3695 5710 apo-

2084 5702 2374 5767 stolorum,
2406 5702 2492 5770 Si,
2525 5702 2590 5757 75
2618 5714 2669 5759 et
2694 5702 2759 5757 74
2785 5702 3055 5778 intelligit.
3091 5708 3166 5761 lo.
