3818 6216
124 234 238 291 793

1642 226 2026 287 EPISTOLAE.

3337 231 3443 287 Ἴθι

130 352 378 406 fundere
408 392 425 416 ,
484 359 590 405 aut
632 348 794 405 fidem
818 390 835 415 ,
881 359 978 405 aut
1021 349 1335 405 doctrinam
1383 350 1758 421 apostolorum
1790 355 1836 410 Α
1867 346 2069 401 vinitas
2103 346 2456 409 immensa”,
2491 343 2830 415 tempestatis
2864 342 3069 399 incerta
3116 344 3261 400 bono
3295 362 3440 404 scre

126 443 308 498 variis
340 442 645 497 maculare
666 442 956 508 doctrinis,
1015 457 1115 497 nec
1165 442 1363 499 fratres
1406 442 1748 501 infestare".

131 536 177 568 ⁸⁸
197 534 262 591 Si
297 544 498 589 autem
538 534 725 589 omnia
750 533 806 587 in
844 535 951 588 hoc
984 534 1189 589 saeculo
1215 535 1491 589 vindicata
1530 544 1751 602 essent,

129 626 323 681 locum
364 624 804 693 divinajudicia
839 638 949 678 non
994 622 1328 681 haberent."
1384 618 1754 690 Supervacuis

131 719 287 774 enim
322 717 406 772 ad
460 716 739 772 beneficia
785 716 1001 771 laborat
1057 715 1393 786 impendiis,
1444 715 1539 784 qui
1579 714 1752 768 solem

132 818 319 865 certat
345 808 583 864 facibus
616 807 897 878 adjuvare.
945 806 1070 863 ldeo
1121 807 1167 862 si
1219 805 1420 876 aliquis
1460 813 1756 874 putat,'se

133 897 251 953 Deo
290 900 349 953 in
396 901 514 955 hoc
552 900 800 970 placere,
832 897 981 968 quod
1018 912 1208 953 servos
1237 912 1367 953 suos
1393 906 1654 963 accusat;
1701 906 1755 951 et

136 1000 197 1044 ut
229 990 509 1045 meliores
561 990 727 1056 flant,
772 989 908 1044 dicit
958 1003 1018 1043 se
1064 987 1170 1042 hoc
1215 1002 1410 1057 agere;
1458 986 1512 1040 in
1552 1002 1753 1042 vanum

134 1085 395 1151 laborat,
429 1093 490 1139 et
537 1084 663 1154 plus
708 1081 932 1136 invidiae
978 1079 1220 1134 stimulis
1261 1078 1537 1149 agitatur,
1586 1093 1754 1148 quam

136 1178 438 1234 charitatis
494 1196 511 1231 :
572 1175 836 1247 quoniam
888 1174 1078 1246 gratiae
1119 1173 1405 1243 plenitudo
1450 1172 1756 1241 adjectione

136 1286 251 1325 non
284 1268 531 1339 indiget,
579 1283 681 1323 nec
711 1268 821 1323 ulla
861 1266 1093 1337 requirit
1121 1264 1618 1321 commendationis
1652 1280 1755 1318 au-

140 1362 446 1436 gmenta.“
514 1361 692 1431 Erigit
718 1376 851 1432 ergo
885 1361 1138 1416 doctores
1170 1358 1507 1414 conscientia
1540 1372 1638 1413 sua
1658 1400 1671 1424 ,
1702 1367 1757 1414 et

138 1459 185 1514 si
237 1456 477 1526 quando
532 1455 762 1510 incertis
795 1463 1101 1523 temporum
1134 1451 1354 1507 flatibus
1379 1460 1752 1520 opponuntur,

140 1547 428 1603 sustinent
455 1546 631 1609 mala,
656 1559 779 1614 quas
800 1543 1017 1600 saeculis
1048 1543 1225 1613 magis
1256 1549 1385 1596 sunt
1407 1540 1753 1607 ascribenda,

138 1655 309 1710 quam
346 1638 650 1695 meritis.“
705 1637 897 1692 Datam
935 1637 1080 1692 enim
1109 1636 1318 1691 scimus
1349 1634 1565 1689 Satanae
1602 1644 1756 1703 pote-

141 1741 371 1797 statem,
426 1740 494 1786 ut
544 1745 739 1786 servos
782 1728 989 1784 Christi
1035 1728 1304 1783 cribraret
1339 1745 1351 1781 :
1384 1735 1445 1781 ut
1491 1730 1638 1796 quod
1686 1727 1754 1781 de

140 1827 329 1882 tritico
359 1826 844 1896 inveniri'posset,
871 1824 1086 1880 horreis
1111 1823 1455 1894 ingereretur
1488 1841 1501 1877 :
1530 1832 1583 1878 et
1604 1821 1753 1892 quod

143 1921 209 1974 de
238 1920 446 1989 paleis,
478 1920 550 1975 ad
580 1920 786 1991 ignium
810 1919 1069 1973 alimenta
1092 1918 1372 1973 transiret.
1399 1917 1479 1971 Ad
1503 1932 1603 1972 vos
1632 1931 1753 1986 spe-

144 2012 361 2067 cialiter
401 2013 622 2067 dictum
656 2020 741 2066 est
790 2030 803 2065 :
840 2009 1023 2065 Nolite
1066 2012 1271 2075 timere,
1319 2008 1550 2079 pusillus
1600 2023 1750 2077 grex,

144 2103 271 2173 quia
303 2104 646 2174 complacuit
687 2102 840 2156 Patri
889 2111 1060 2157 uestro
1102 2103 1225 2156 dari
1252 2101 1396 2155 vobis
1446 2117 1662 2171 regnum
1685 2101 1749 2153 ³¹.

146 2192 311 2249 Venit
361 2195 516 2249 inter
570 2209 671 2249 vos
720 2193 935 2264 gladius
983 2193 1344 2263 perfidorum,
1398 2200 1460 2246 ut
1508 2191 1752 2246 marcida

150 2284 414 2342 Ecclesia-
444 2286 698 2340 membra
728 2294 1019 2352 resecaret,
1051 2294 1106 2340 et
1131 2284 1198 2341 ad
1223 2284 1500 2340 ctelestem
1523 2281 1750 2353 gloriam

148 2394 281 2433 saa
308 2379 666 2449 perduceret.
695 2376 849 2445 Quos
878 2378 1075 2433 habeat
1098 2376 1353 2432 Christus
1384 2375 1607 2441 milites,
1634 2388 1755 2429 cer-

150 2479 334 2525 tamen
389 2470 642 2526 ostendit
682 2487 696 2523 :
743 2470 838 2539 qui
884 2468 1223 2538 triumphum
1272 2475 1615 2532 mereantur,
1656 2479 1754 2535 per

153 2562 289 2617 bella
320 2570 743 2634 cognoscuntur
765 2561 833 2615 ³³.
882 2558 1102 2615 Scimus
1142 2566 1326 2614 autem
1360 2556 1564 2611 multos
1593 2556 1664 2610 ob
1698 2554 1752 2611 id

152 2652 422 2709 infestare
460 2656 747 2720 doctores,
788 2660 850 2707 ut
886 2667 983 2706 eos
1012 2652 1279 2722 perdant,
1309 2658 1364 2704 et
1392 2649 1629 2719 propriae
1656 2663 1750 2703 vo-

155 2744 382 2801 luntatis
413 2746 620 2816 placita
658 2743 1013 2814 adimpleant.
1062 2741 1181 2798 Non
1227 2750 1520 2812 propterea
1569 2750 1752 2795 tamen

156 2838 414 2895 doctores
435 2840 799 2911 (inquantum
826 2837 975 2893 vires
999 2835 1315 2905 suppetunt)
1346 2848 1378 2887 a
1407 2842 1554 2887 recta
1583 2847 1754 2887 aemu-

158 2928 358 2983 latione
383 2939 439 2984 et
460 2930 611 2984 bona
642 2929 947 2983 intentione
972 2926 1228 2983 recedere
1250 2924 1471 2991 debent,
1494 2925 1751 2991 scientes,

159 3021 282 3089 quia
310 3020 450 3075 beati
480 3022 575 3091 qui
598 3022 1010 3090 persecutionem
1033 3020 1319 3089 patiuntur
1345 3027 1561 3087 propter
1578 3017 1750 3086 justi-

162 3111 373 3166 tiam“.
428 3111 649 3167 "Nihil
700 3122 883 3168 autem
923 3113 1016 3168 illo
1058 3121 1143 3168 est
1194 3120 1416 3181 pastore
1464 3110 1746 3175 miserius,

163 3203 253 3270 qui
277 3202 543 3273 luporum
577 3205 835 3259 laudibus
864 3203 1151 3276 gloriatur.
1188 3202 1405 3270 Quibus
1447 3204 1493 3259 si
1534 3203 1751 3272 placere

164 3294 412 3363 voluerit,
448 3306 621 3367 atque
647 3296 717 3352 ab
760 3297 847 3351 his
893 3297 1069 3351 amari
1119 3295 1420 3366 delegerit,
1471 3294 1575 3349 erit
1624 3293 1751 3348 hinc

167 3385 357 3443 ovibus
408 3405 613 3459 magna
661 3389 956 3459 pernicies.
1007 3386 1201 3443 Nullus
1246 3401 1377 3458 ergo
1420 3395 1706 3455 pastorum
1733 3425 1748 3449 ,

167 3477 374 3545 placere
430 3483 580 3552 lupis
626 3490 682 3537 et
719 3481 976 3552 gregibus
1016 3480 1202 3535 ovium
1236 3477 1487 3550 potest."
1566 3476 1752 3531 Perdit

170 3570 306 3624 enim
332 3572 541 3628 laboris
570 3573 895 3627 memoriam
926 3587 1082 3627 mens
1106 3569 1341 3627 terrenis
1365 3568 1601 3640 obligata
1630 3584 1752 3623 car-

171 3659 445 3717 ceribus."
503 3661 661 3719 Sicut
691 3664 896 3717 artium
938 3662 993 3716 in
1028 3678 1130 3719 suo
1157 3677 1377 3732 quoque
1403 3675 1570 3730 opere
1602 3659 1752 3715 inve-

171 3749 313 3804 nitur
347 3767 525 3811 mater
578 3757 840 3812 instantia
862 3796 876 3821 ,
935 3757 1010 3811 ita
1041 3768 1273 3809 noverca
1309 3752 1635 3808 eruditionis
1666 3760 1751 3806 est

170 3839 519 3912 negligentia.
551 3845 744 3903 Nullus
775 3862 908 3918 ergo
940 3845 1321 3916 praajudicium
1359 3844 1515 3900 alteri
1552 3842 1748 3909 faciat,

172 3942 341 4000 neque
385 3939 536 4005 quod
588 3937 694 3993 sibi
746 3939 867 3992 fieri
915 3951 1025 3992 non
1071 3936 1206 4003 vult,
1255 3944 1527 3991 exerceat.
1575 3932 1748 3989 Nemo

172 4017 367 4076 dictum
397 4026 465 4081 de
491 4026 680 4097 aliquo
725 4024 1039 4088 inveniat,”
1091 4026 1240 4096 quod
1276 4026 1331 4079 in
1379 4025 1502 4094 ejus
1530 4024 1745 4081 actibus

174 4121 276 4163 non
308 4125 589 4184 agnoscat.
624 4116 739 4188 Ego
783 4126 965 4171 autem
1011 4116 1393 4171 labefactatam
1429 4131 1537 4170 non
1567 4114 1743 4171 solum

174 4202 401 4268 quietem
435 4223 637 4275 meam,
666 4209 759 4264 sed
787 4219 841 4263 et
871 4209 1126 4271 salutem,
1155 4207 1506 4263 inimicorum
1534 4206 1744 4260 valetu-

176 4292 295 4350 dine
325 4309 378 4353 et
406 4315 692 4357 rumorum
726 4302 983 4371 procellis
1019 4316 1277 4373 agnosco.
1306 4298 1506 4355 Potens
1536 4310 1619 4355 est
1654 4300 1746 4354 l)i--
1776 4319 1825 4377 ι)

249 4588 289 4665 ’_"
314 4589 444 4665 L_uc.
488 4594 615 4648 cod.
648 4592 958 4665 inseril_hic
982 4592 1132 4665 hunc
1157 4592 1377 4665 titulum
1407 4610 1419 4644 :
1454 4592 1591 4665 Item
1620 4593 1685 4665 die
1708 4609 1771 4665 ea
1802 4611 1857 4647 re
1893 4593 2178 4665 Anacletus
2214 4594 2266 4647 in
2297 4594 2470 4665 prima
2486 4594 2708 4665 epistola
2732 4596 2807 4647 ita
2832 4595 2905 4648 ait
2936 4613 2952 4649 :
3000 4594 3082 4661 Si,
3116 4605 3220 4651 etc.

1862 438 2052 493 uitatis
2082 451 2358 492 amovere.
2407 434 2475 491 Et
2502 436 2634 507 quid
2668 435 2835 499 aliud,
2875 435 2921 490 si
2952 434 3205 492 Christus
3247 454 3445 507 passus

1858 540 1945 585 est
1997 545 2097 599 pro
2142 529 2341 595 nobis,
2395 529 2554 584 nobis
2603 529 2921 596 relinquens
2974 530 3324 599 exemplum,
3390 542 3446 589 et

1865 622 2099 692 apostoli
2133 621 2284 691 passi
2324 629 2489 688 sunt,
2525 630 2819 691 sequentes
2845 621 2967 691 ejus
2995 623 3345 691 exemplum,
3391 634 3445 680 et

1856 714 2057 785 reliqui
2110 724 2318 783 patres,
2358 714 2464 768 nisi
2518 722 2578 768 ut
2627 729 2928 783 sequamur
2975 722 3085 769 tam
3135 714 3441 771 doctrinam

1856 821 2049 860 eorum
2080 821 2245 876 quam
2293 806 2624 875 exemplum,
2674 814 2727 860 et
2770 805 3045 874 patiamur
3074 808 3303 863 adversa
3346 822 3445 879 pro

1856 897 2114 965 Christo,
2182 907 2238 954 et
2294 914 2419 954 cum
2472 897 2719 967 patribus
2776 905 2940 967 atque
2991 914 3115 953 cum
3182 899 3445 957 fratribus

1857 1005 2076 1045 crucem
2101 1002 2384 1061 portemus
2406 1031 2420 1057 ,
2468 1004 2772 1060 eorumque
2809 991 3252 1047 tribulationibus
3291 1007 3448 1047 comu-

1857 1083 2135 1153 patiamur
2165 1123 2181 1150 ,
2227 1092 2286 1137 ut
2335 1081 2540 1137 Christi
2594 1082 2710 1137 veri
2760 1083 3014 1153 discipuli
3053 1084 3442 1151 inveniamur,

1856 1176 1952 1247 qui
1981 1177 2117 1231 dixit
2148 1195 2159 1230 :
2188 1175 2293 1240 Qui
2323 1174 2431 1228 vult
2482 1185 2601 1245 post
2647 1192 2727 1229 me
2776 1178 2949 1232 venire
2968 1220 2982 1244 ,
3012 1180 3226 1247 abneget
3252 1188 3444 1232 semet—

1856 1270 2065 1339 ipsum,
2115 1278 2161 1321 et
2208 1267 2361 1322 tollat
2422 1284 2628 1322 crucem
2678 1285 2869 1333 suam,
2912 1278 2962 1323 et
3010 1280 3259 1339 sequatur
3300 1268 3445 1324 me“

1855 1371 1908 1417 et
1964 1359 2285 1430 reliqua?M
2352 1359 2717 1431 Praesumplio
2791 1371 2916 1429 est,
2981 1362 3028 1417 si
3092 1362 3442 1417 dominorum

1856 1453 2121 1509 beneﬁcia
2174 1452 2366 1507 famuli
2413 1469 2522 1508 non
2580 1463 2904 1523 sequantur.
2941 1451 3278 1525 Obsequium
3314 1470 3447 1525 ergo

1857 1544 2241 1601 aestimandum
2274 1554 2430 1615 puto,
2469 1547 2616 1615 quod
2648 1546 2929 1615 pariturus
2978 1547 3255 1617 impendo.
3304 1546 3444 1613 Quid

1857 1646 1941 1691 est
1970 1639 2140 1704 enim,
2170 1638 2316 1708 quod
2342 1638 2466 1707 plus
2495 1638 2737 1692 creditur
2765 1637 2861 1691 lilii
2894 1638 3218 1693 vocabulum
3241 1638 3444 1705 valere,

1856 1744 2023 1800 quam
2057 1730 2417 1797 obsequium,
2450 1737 2505 1784 et
2537 1745 2647 1784 non
2679 1730 2964 1799 quaeritur,
2992 1730 3123 1799 quid
3155 1730 3210 1783 in
3243 1730 3446 1786 amoris

1856 1822 2012 1876 lance
2042 1836 2369 1891 promoveas
2390 1863 2405 1888 ,
2442 1821 2537 1876 sed
2583 1820 2745 1890 quale
2773 1822 2841 1875 ad
2886 1821 3267 1891 praejudicium
3301 1825 3431 1878 aesti-

1855 1912 2029 1966 manti
2058 1927 2258 1966 nomen
2295 1927 2561 1982 apponas,
2592 1927 2716 1966 cum
2742 1913 2885 1982 apud
2916 1914 3216 1983 prudentes
3244 1913 3443 1969 frustra

1856 2006 2099 2062 sobolem
2154 2007 2432 2074 dicimus,
2501 2006 2607 2061 nisi
2654 2007 2912 2062 exhibeat
2960 2009 3109 2078 quod
3179 2010 3448 2065 vocatur?

1857 2096 1973 2167 Ego
2007 2113 2140 2153 vero
2174 2099 2305 2153 nolo
2335 2114 2524 2153 errore
2556 2114 2680 2152 meo
2713 2098 2923 2155 alienas
2954 2100 3146 2170 culpas
3177 2116 3444 2168 asserere,

1855 2201 1916 2246 ut
1959 2190 2164 2246 factum
2194 2232 2209 2257 ,
2268 2193 2418 2261 quod
2482 2190 2642 2246 doleo
2666 2194 2734 2255 “,
2787 2192 3076 2248 admisisse
3124 2195 3444 2251 convincar.

1861 2282 2077 2349 Odisti,
2132 2283 2313 2353 inquit
2362 2280 2629 2336 Dominus
2682 2297 2779 2351 per
2834 2280 3205 2352 Prophetam,
3268 2301 3446 2340 omnes

1855 2384 2131 2443 operantes
2176 2374 2544 2444 iniquitatem,
2574 2373 2755 2443 perdes
2786 2373 3052 2443 loquentes
3090 2377 3442 2431 mendacium.

1870 2465 2053 2520 Virum
2073 2466 2393 2537 sanguinum
2419 2476 2467 2521 et
2491 2465 2732 2520 dolosum
2752 2464 3146 2519 abominabitur
3163 2466 3446 2530 Dominus;

1855 2578 1949 2632 ego
1979 2570 2156 2614 autem
2188 2562 2243 2613 in
2277 2559 2625 2613 multitudine
2657 2561 3040 2615 misericordia:
3072 2572 3175 2615 tua:
3214 2563 3445 2617 introibo

1855 2657 1908 2709 in
1944 2655 2160 2708 domum
2197 2666 2364 2719 tuam,
2393 2653 2730 2724 adoraboque
2755 2656 2811 2706 in
2838 2655 3029 2723 templo
3058 2663 3241 2707 sancto
3272 2663 3361 2709 tuo
3389 2656 3446 2710 in

1856 2747 2043 2799 timore
2066 2753 2177 2799 tuo.
2210 2743 2459 2810 Domine,
2487 2744 2656 2798 deduc
2682 2761 2761 2798 me
2790 2746 2847 2797 in
2865 2745 3084 2813 justitia
3110 2756 3202 2799 tua
3230 2758 3447 2816 propter

1855 2837 2099 2890 inimicos
2129 2852 2293 2903 meos,
2321 2837 2493 2908 dirige
2528 2847 2650 2890 ante
2682 2838 2870 2906 faciem
2903 2854 3073 2892 meam
3102 2840 3241 2893 viam
3275 2849 3443 2897 tuam.

1857 2927 1983 2982 Non
2006 2938 2083 2983 est
2109 2930 2248 2983 enim
2270 2931 2324 2984 in
2351 2946 2440 2983 ore
2465 2946 2645 2983 eorum
2674 2942 2875 2985 rectum
2895 2930 2962 2997 “,
2991 2932 3244 2986 interiora
3264 2949 3446 2986 eorum

1856 3021 2092 3076 insidiae.
2144 3019 2458 3091 Sepulcrum
2506 3018 2692 3091 patens
2743 3030 2926 3092 guttur
2963 3038 3165 3089 eorum,
3206 3023 3446 3095 linguam

1855 3130 2009 3167 suam
2032 3113 2327 3182 leniﬁcant.
2350 3114 2656 3169 Condemna
2678 3131 2787 3181 eos,
2813 3115 2976 3182 Deus,
2996 3118 3241 3171 decidant
3269 3135 3301 3171 a
3328 3135 3446 3173 con-

1854 3205 1996 3259 siliis
2028 3206 2139 3260 suis
2168 3221 2187 3257 :
2217 3205 2381 3273 juxta
2409 3205 2804 3259 multitudinem
2836 3208 3091 3260 scelerum
3121 3225 3302 3262 eorum
3346 3226 3436 3264 ea:-

1854 3297 1989 3365 pelle
2037 3314 2147 3362 eos,
2192 3298 2445 3368 quoniam
2495 3312 2905 3367 prouocauerunt
2960 3309 3026 3352 te.
3075 3300 3143 3353 Et
3196 3301 3445 3357 lwtentur

1854 3406 2035 3445 omnes
2064 3392 2155 3460 qui
2191 3401 2401 3459 sperant
2436 3392 2488 3444 in
2527 3401 2595 3457 te,
2628 3392 2682 3445 in
2716 3401 2972 3445 wternum
3009 3392 3324 3449 laudabunt.
3368 3394 3440 3449 Et

1853 3492 2062 3553 protege
2088 3500 2175 3538 eos
2198 3523 2213 3548 ,
2255 3494 2304 3538 et
2336 3484 2662 3538 lwtabuntur
2687 3485 2744 3537 in
2775 3493 2844 3550 te,
2875 3486 2965 3555 qui
2994 3486 3223 3556 diligunt
3251 3504 3440 3543 nomen

1857 3587 2027 3641 tuum,
2049 3578 2301 3648 quoniam
2331 3586 2385 3630 tu
2410 3577 2678 3630 benedices
2686 3577 2859 3646 justo.
2883 3578 3121 3641 Domine,
3150 3590 3205 3633 ut
3225 3579 3445 3636 hasta“

1854 3668 2239 3739 placabilitatis
2286 3670 2568 3724 coronabis
2614 3670 2815 3726 eum“.
2882 3670 2992 3725 Deo
3037 3671 3183 3725 enim
3231 3673 3442 3729 sacriﬁ-

1855 3769 2043 3815 cantes
2073 3759 2310 3829 perfecte
2331 3800 2345 3824 ,
2381 3776 2490 3815 non
2522 3761 2726 3816 debent
2767 3761 2986 3827 vexari,
3020 3764 3113 3818 sed
3144 3764 3350 3833 portari
3370 3765 3438 3830 ν,

1856 3852 2159 3918 consolari,
2189 3860 2352 3921 atque
2382 3852 2453 3907 ab
2486 3853 2743 3907 omnibus
2773 3853 3040 3909 venerari.

2590 4027 2652 4080 ll.

1864 4162 1930 4216 Ut
1974 4165 2245 4233 episwpus
2288 4164 2394 4217 Deo
2438 4166 2748 4234 sacriﬁcans
2798 4174 2952 4221 testes
2999 4182 3173 4220 secum
3224 4167 3435 4223 habeat.

1935 4300 2039 4371 ipsi
2086 4312 2289 4368 autem,
2315 4301 2534 4371 quando
2577 4300 2806 4358 Domino
2855 4299 3164 4358 sacrificant
3195 4303 3294 4373 (6),
3326 4316 3439 4359 non

3298 4599 3434 4667 "vr,

180 4657 303 4734 9.1.
334 4660 391 4716 Si
420 4666 598 4718 omnia
626 4666 700 4739 in:
766 4666 811 4739 ’_’
838 4662 1124 4739 Ennodius
1158 4678 1228 4727 ιι,
1264 4662 1361 4739 22ἱ
1387 4672 1441 4739 et
1475 4664 1609 4739 dict.
1640 4664 1694 4718 9.
1724 4663 1790 4717 Et
1811 4664 1897 4739 hic
1923 4665 2067 4719 enim
2112 4657 2390 4739 incipiunt
2411 4657 2719 4719 Enuodiani
2748 4676 3003 4739 centones
3038 4657 3248 4723 fraudis
3274 4657 3439 4739 atque

183 4725 483 4790 imUOStura:
516 4733 953 4789 manifestissimi
985 4734 1216 4788 indices.

183 4794 373 4870 ’_‘_Eun.
408 4819 468 4869 ll,
505 4806 592 4858 14.
675 4804 874 4858 "Luc.
927 4820 1039 4870 xu,
1088 4803 1179 4856 52.

184 4865 264 4919 45.
309 4865 511 4928 Scimus
543 4884 721 4928 autem
756 4876 971 4928 multos.

1052 4874 1099 4905 ³⁸
1131 4873 1322 4928 Matth.
1364 4873 1438 4937 vi,
1482 4876 1569 4928 10.

186 4934 224 4964 ³⁸
246 4936 375 4995 Εηη.
403 4961 476 5006 ιν,
517 4946 550 4999 9
579 4946 746 5000 6124.

1320 4734 1364 4765 ³⁰
1389 4733 1616 4803 Erigunt
1665 4750 1802 4806 ergo,
1828 4735 2066 4788 doctores
2104 4736 2481 4806 conscientiam
2516 4752 2700 4800 suam;
2740 4737 2822 4789 vel
2864 4735 2983 4788 Erit
3014 4754 3135 4806 ergo
3178 4733 3431 4796 doctoris.

1259 4803 1305 4875 f'
1336 4806 1695 4874 cognoscitur,
1721 4804 1882 4875 habet
1904 4804 2333 4875 editioiEnnodii
2368 4822 2396 4858 a
2429 4805 2723 4860 Sirmondo
2750 4817 3003 4860 accurata
3027 4848 3040 4871 ,
3074 4803 3135 4875 'p.
3168 4809 3266 4874 58,
3302 4810 3432 4865 dist.

1654 4876 1697 4906 ³⁸
1735 4873 1870 4930 Dist.
1914 4876 2002 4929 '58.
2045 4874 2199 4927 Nihil
2221 4874 2338 4929 illo.

859 4946 1188 4998 “immensa:
1219 4947 1546 5015 tempestatis
1574 4946 1645 5015 ita
1672 4961 1776 5000 ms.
1806 4956 1862 5001 et
1892 4945 2170 5000 Sirmondi
2208 4946 2394 5012 editio,
2423 4961 2477 5015 p.
2509 4946 2630 4999 126.

2418 4876 2463 4906 ³6
2496 4876 2635 4928 Eum.
2675 4877 2806 4930 dict.
2847 4878 2899 4929 8.
2983 4878 3025 4908 ³⁷
3058 4877 3201 4932 Idem
3239 4888 3293 4934 et
3346 4882 3433 4935 Η.

2730 4949 2775 4979 ⁸ο
2797 4947 2985 5001 Matth.
3013 4965 3101 5001 xvr
3119 4989 3135 5014 ,
3169 4948 3241 5004 24
3261 4968 3275 5016 ;
3298 4949 3431 5005 Luc.

186 5018 258 5084 εξ,
287 5011 371 5065 25.
444 5016 487 5046 ⁸³
513 5014 654 5069 Εηη.
681 5030 748 5070 ex
772 5015 895 5070 libri
925 5031 999 5081 IV,
1025 5016 1079 5081 4,
1098 5014 1151 5081 8,
1188 5015 1276 5081 l9,
1304 5011 1575 5084 epistolis.
1606 5014 1755 5072 Obiit
1780 5032 1911 5071 vero
1933 5015 2241 5070 Ticinensis
2273 5016 2360 5070 ille
2384 5011 2477 5084 ep.
2506 5034 2595 5071 an.
2625 5014 2756 5071 Chr.
2779 5018 2876 5073 521
2901 5059 2914 5081 ,
2941 5011 3157 5073 Valerio
3188 5011 3432 5075 consule.

249 5086 450 5161 utquod
480 5086 680 5161 [actum
714 5085 883 5153 doleo,
932 5071 1106 5161 habet
1136 5071 1607 5161 editioSirmondi
1627 5128 1642 5154 ,
1672 5071 1727 5161 γρ.
1757 5087 1861 5140 122
1884 5128 1899 5153 ,
1924 5097 2087 5161 atque
2116 5087 2230 5161 haec
2263 5087 2343 5140 vel
2373 5071 2487 5141 sdla
2526 5103 2590 5161 ex
2626 5071 2876 5161 Ennodio
2900 5071 3431 5161 fultaiinipostu‘ram

189 5156 351 5226 sutilis
370 5158 589 5210 cordato
612 5156 885 5226 detegunt.
928 5156 1067 5210 “Ex
1090 5171 1236 5210 vers.
1264 5156 1579 5224 Hieronymi
1623 5157 1714 5226 qui
1753 5158 2024 5226 posterior
2054 5157 2314 5212 Auaclcto
2339 5159 2593 5212 trecentis
2627 5161 2804 5213 annis.
2866 5158 2912 5190 ‘”
2932 5170 3103 5214 scuto.
3143 5156 3189 5192 ⁵⁵
3206 5159 3349 5216 Psal.
3378 5177 3432 5224 v,

190 5209 325 5272 7-13.
392 5226 436 5258 ⁸⁸
455 5209 627 5294 Quam
652 5209 861 5283 absunt
886 5228 1000 5282 haec
1025 5209 1066 5281 a7
1091 5209 1777 5295 praisedentibu'siEnnOdiri
1799 5209 2044 5284 laciniis!

257 5439 882 5523 (5)1psiautem,quando
916 5451 1136 5506 Domino
1164 5453 1491 5522 sacriﬁcant.
1526 5454 1743 5508 Confir-

195 5518 355 5594 tttatur
381 5518 1025 5594 apostolica'cmistitutio
1056 5524 1196 5594 ista,
1244 5518 1352 5593 qua
1402 5525 1738 5594 praecipitur,

196 5585 248 5661 Ψ
282 5585 503 5661 ββὶεθὸρί
548 5593 973 5647 solemniorihus
1015 5585 1208 5648 diebus
1254 5585 1378 5648 cum
1404 5585 1741 5650 'n'tini'sterio

199 5648 468 5720 ‘."“Ill1rum'
507 5665 666 5717 altari
733 5664 1025 5717 astantium
1075 5674 1129 5717 et
1183 5648 1615 5720 inservientium
1649 5682 1739 5717 so-

202 5710 357 5782 lemne
400 5734 726 5791 sacrificium
781 5733 892 5791 Deo
931 5734 1198 5802 offerant,
1243 5710 1480 5806 ipsiqié'
1506 5710 1739 5792 ministri

1849 5471 2040 5511 omnes
2078 5469 2201 5525 post
2249 5458 2557 5513 absolutum
2608 5457 2937 5512 sacrificium
2985 5452 3429 5525 communicent,

1850 5526 1973 5595 luisi
2014 5510 2095 5581 exi
2121 5510 2373 5583 rationali
2408 5510 2643 5598 diust}.
2674 5510 2841 5582 causa
2895 5536 3240 5598 excuseutur.
3296 5510 3429 5598 Yide

1851 5592 2241 5721 queldicimus
2275 5600 2328 5654 in
2361 5592 2513 5657 notis
2537 5600 2603 5654 ad
2635 5612 2875 5654 canones
2898 5594 3267 5666 apostolorum
3300 5592 3334 5647 9
3375 5600 3428 5646 et

1925 5707 1935 5721 .
1996 5684 2047 5721 ιι.

1925 5707 1935 5722 .
1975 5684 2047 5723 ID.
