3818 6216
429 297 530 353 195

1751 289 2030 340 ΑΝΛωΛι
2046 287 2100 337 ΙἸ
2168 284 2368 338 ΙἈΡᾹΞ

3635 286 3750 341 796

429 412 522 469 soli
559 411 662 464 hoc
691 423 851 479 agerc
882 408 1100 472 debent,
1134 407 1226 465 sed
1260 416 1426 461 testes
1457 421 1643 460 secum
1687 404 2001 468 adhibeant,
2033 401 2078 456 A
2109 400 2336 455 adventu
2370 402 2506 471 ejus.
2557 400 2616 456 Si
2665 402 2814 455 scitis
2858 404 3108 470 quoniam
3144 404 3325 472 justus
3362 416 3473 467 est,
3522 405 3748 457 εεὶεαιε

425 514 482 558 ut
516 502 749 558 Domino
778 501 1017 572 perfecte
1048 505 1102 554 in
1129 500 1362 555 sacratis
1396 497 1505 552 Deo
1533 498 1842 552 sacrilicare
1869 497 2004 552 locis

425 592 745 661 probentur.
802 589 894 644 Ait
933 605 1169 658 namque
1218 589 1518 644 auctoritas
1569 588 1703 657 legis
1755 588 2000 642 divinae:

429 682 562 736 Vide
621 698 682 735 ne
713 682 907 750 offeras
940 680 1250 733 holocausta
1295 689 1386 732 tua
1436 680 1492 732 in
1533 680 1679 732 omni
1709 679 1822 731 loco
1851 693 2004 748 quem

423 776 637 841 videris,
657 775 746 828 sed
761 778 816 827 in
832 774 944 827 loco
961 791 1111 843 quem
1134 773 1344 842 elegerit
1368 771 1624 826 Dominus
1642 770 1781 825 Deus
1799 781 1922 825 tuus
1932 770 1998 822 ".

423 863 792 935 “Episcopus
846 864 955 919 Deo
999 865 1338 931 sacriﬁcans,
1373 873 1540 919 testes
1581 864 1665 933 (ut
1720 865 2000 933 prtulixum

422 958 527 1025 est)
561 972 746 1012 secum
779 957 996 1022 habeat,
1031 967 1084 1011 et
1112 957 1296 1026 plures
1333 972 1499 1026 quam
1535 957 1675 1010 alius
1721 957 1998 1010 sacerdos.

422 1045 577 1101 Sicut
598 1047 742 1101 enim
775 1047 997 1117 majoris
1026 1047 1252 1103 honoris
1280 1047 1449 1116 gradu
1474 1045 1694 1108 (ruitur.
1718 1046 1799 1101 sic
1829 1047 2002 1116 majo-

422 1139 500 1193 ris
525 1138 821 1194 testimonii
861 1140 1202 1195 incrcmento
1235 1139 1461 1209 indiget.
1489 1139 1549 1193 ln
1571 1139 1999 1194 solemnioribus

420 1232 622 1301 quippe
659 1231 875 1298 diebus,
921 1241 1017 1286 aut
1054 1242 1284 1302 septem,
1317 1241 1408 1286 aut
1447 1233 1712 1302 quinque,
1757 1240 1853 1286 aut
1890 1240 2001 1287 tres

419 1322 698 1390 diaconos,
730 1325 824 1393 qui
867 1324 988 1393 ejus
1029 1325 1174 1379 oculi
1221 1324 1498 1390 dicuntur,
1550 1335 1603 1378 et
1635 1323 2000 1379 subdiaconos

419 1423 582 1485 atque
608 1416 849 1486 reliquos
896 1416 1180 1472 ministros
1222 1432 1408 1471 secum
1453 1417 1670 1481 habeat,
1697 1415 1791 1487 qui
1826 1416 1999 1471 sacris

419 1505 591 1561 induti
617 1508 978 1571 vestimentis,
1019 1508 1072 1561 in
1116 1508 1296 1563 fronte
1327 1519 1379 1563 et
1429 1523 1458 1562 a
1492 1517 1664 1579 tergo,
1687 1516 1742 1562 et
1775 1508 1998 1578 presby-

418 1603 521 1657 teri
544 1617 574 1658 e
592 1603 813 1674 regione
842 1603 1031 1660 dextra
1061 1603 1326 1673 laavaque,
1352 1603 1590 1658 contrito
1613 1603 1776 1657 corde
1802 1610 1855 1658 et
1896 1603 1996 1656 hu-

418 1694 628 1748 miliato
669 1695 889 1764 spiritu,
929 1709 992 1750 ac
1039 1710 1214 1764 prono
1248 1701 1392 1750 stent
1423 1697 1597 1762 vultu,
1627 1695 1996 1751 custodientes

417 1803 542 1841 eum
577 1802 606 1839 a
631 1786 912 1842 malevolis
936 1787 1272 1852 hominibus,
1289 1797 1342 1842 et
1369 1804 1699 1843 consensum
1730 1788 1850 1858 ejus
1872 1804 2001 1859 prte-

418 1879 582 1934 beant
599 1879 888 1934 sacriﬁcio.
907 1878 1131 1934 Peracta
1155 1890 1334 1935 autem
1358 1881 1792 1945 consecratione,
1812 1897 2005 1938 omnes

417 1973 856 2036 communicent,
901 1973 992 2041 qui
1048 1973 1325 2026 noluerint
1375 1973 1766 2028 ecclesiasticis
1816 1989 2005 2028 carere

418 2063 720 2119 liminibus.
770 2063 862 2120 Sic
893 2067 1038 2119 enim
1089 2075 1139 2118 et
1193 2065 1421 2134 apostoli
1471 2073 1780 2119 statuerunt
1812 2065 1911 2134 (7),
1951 2075 2006 2120 et

420 2161 608 2208 sancta
650 2153 896 2210 Romana
935 2165 1080 2210 tenet
1114 2154 1378 2211 Ecclesia.
1427 2156 1650 2224 Servite,
1693 2158 1870 2229 inquit
1897 2157 2004 2213 Do-

418 2245 602 2301 minus
650 2263 746 2317 per
792 2248 1111 2318 prophetam
1154 2248 1341 2315 David,
1377 2251 1430 2302 in
1463 2251 1688 2317 timore,
1733 2262 1782 2305 et
1822 2252 2002 2306 exsul-

420 2346 528 2389 tatc
553 2331 599 2385 ei
621 2331 1308 2389 cumtremore."Adorate
1333 2352 1494 2405 pure,
1532 2353 1594 2389 ne
1625 2337 1762 2405 forte
1797 2341 2000 2392 irasca—

421 2437 529 2490 tur,
571 2435 620 2478 et
649 2431 878 2496 pereatis
931 2429 996 2481 de
1049 2424 1155 2480 via.
1204 2429 1252 2461 '°
1307 2429 1400 2482 llle
1430 2433 1574 2483 enim
1625 2445 1730 2482 non
1762 2431 1902 2498 perit
1934 2430 2001 2486 de

418 2519 528 2585 vla,
559 2519 652 2589 qui
684 2527 831 2575 recte
866 2519 1131 2590 graditur,
1170 2529 1220 2575 et
1250 2531 1517 2592 praecepta
1551 2521 1786 2576 custodit
1823 2521 2000 2591 majo-

420 2624 566 2670 rum.

492 2700 683 2758 Doceri
712 2720 843 2775 ergo
864 2719 1057 2764 omnes
1103 2718 1336 2779 oportet,
1367 2711 1460 2781 qui
1498 2711 1712 2767 Domini
1744 2716 2002 2770 sacerdo-

418 2788 496 2842 tio
525 2787 846 2859 iunguntur,
876 2803 933 2848 ut
960 2802 1010 2849 et
1043 2806 1269 2851 cancros
1298 2799 1575 2855 instruant
1609 2812 1663 2856 et
1698 2803 1800 2857 sibi
1836 2805 2000 2873 proii-

419 2882 586 2935 ciant.
621 2880 895 2952 Scriptum
936 2893 1020 2939 est
1049 2898 1228 2942 autem
1264 2907 1276 2943 :
1313 2891 1418 2954 Qui
1460 2893 1602 2946 docti
1635 2894 1856 2962 fuerint,
1891 2897 2001 2964 ful-

417 2971 606 3038 gebunt
631 2977 784 3042 quasi
824 2978 1072 3046 splendor
1105 2981 1424 3049 ﬁrmamenti
1467 2999 1485 3037 :
1527 2996 1576 3038 et
1597 2987 1686 3056 qui
1725 2989 1795 3041 ad
1831 2989 2002 3057 justi-

2107 495 2358 566 quoniam
2390 503 2438 547 et
2471 494 2640 546 omnis
2671 494 2761 564 qui
2804 493 2932 562 facit
2958 495 3252 563 justitiam;
3283 512 3348 549 ea:
3393 497 3521 565 ipso
3560 509 3744 552 natas

2106 597 2185 642 est
2217 587 2283 641 ⁵⁸.
2325 586 2502 640 Videte
2529 586 2739 656 qualem
2771 587 3083 641 charitatem
3130 589 3272 643 dedit
3316 589 3478 644 nobis
3522 588 3740 655 Pater,

2109 691 2167 734 ut
2193 682 2295 750 ﬁlii
2320 680 2415 734 Dei
2447 681 2777 735 nominemur
2805 692 2852 735 et
2877 681 3064 735 simus.
3091 679 3316 750 Propter
3342 682 3449 735 hoc
3475 684 3742 736 mundus

2106 793 2210 829 non
2243 775 2382 829 novit
2411 791 2526 838 nos,
2551 774 2678 844 quia
2714 790 2817 827 non
2845 774 2983 828 novit
3012 791 3150 828 eum.
3176 775 3535 842 Charissimi,
3582 793 3732 830 nunc

2104 869 2207 939 ﬁlii
2231 869 2327 923 Dei
2352 886 2555 935 sumus,
2578 879 2626 923 et
2651 869 2882 923 nondum
2904 869 3150 938 apparuit
3171 869 3299 939 quid
3329 870 3576 924 erimus.
3607 867 3722 924 Sci-

2106 980 2221 1016 mus
2271 963 2523 1033 quoniam
2574 978 2691 1016 cum
2741 964 3076 1032 apparuerit,
3121 962 3319 1016 similes
3371 964 3425 1016 ei
3481 963 3731 1025 erimus,

2105 1055 2356 1124 quoniam
2393 1053 2682 1107 videbimus
2708 1070 2825 1107 eum
2865 1053 3026 1107 sicuti
3052 1063 3147 1107 est.
3179 1052 3248 1106 Et
3280 1054 3466 1107 omnis
3493 1056 3601 1124 qui
3630 1056 3726 1106 Ita-

2103 1144 2184 1196 bet
2211 1160 2350 1212 spem
2368 1144 2502 1196 hanc
2525 1144 2579 1196 in
2603 1144 3094 1214 eo,sanctiﬁcatse,
3113 1145 3251 1199 sicut
3278 1155 3330 1198 et
3354 1145 3457 1199 ille
3490 1156 3730 1199 sanctus

2100 1245 2198 1289 est.
2227 1236 2410 1289 Omnis
2427 1235 2516 1305 qui
2541 1235 2672 1304 facit
2701 1246 2992 1304 peccatum,
3020 1245 3069 1290 et
3094 1237 3433 1306 iniquitatem
3466 1238 3642 1304 facit,
3677 1248 3728 1290 et

2100 1334 2370 1393 peccatum
2405 1334 2480 1377 est
2518 1325 2794 1394 iniquitas.
2823 1324 2890 1378 Et
2909 1327 3056 1381 scitis
3075 1327 3201 1396 quia
3221 1327 3311 1380 ille
3331 1331 3634 1396 apparuit,
3669 1339 3724 1380 ut

2099 1425 2311 1485 peccata
2343 1415 2567 1478 tolleret,
2589 1427 2638 1470 et
2675 1427 2946 1485 peccatum
2968 1419 3021 1470 in
3059 1436 3116 1471 eo
3134 1435 3234 1472 non
3260 1431 3364 1473 est.
3400 1418 3614 1473 Omnis
3631 1423 3725 1489 qui

2099 1509 2152 1561 in
2178 1523 2237 1560 eo
2257 1517 2452 1574 manet,
2474 1523 2575 1561 non
2604 1518 2783 1578 peccat
2803 1524 2820 1560 :
2837 1518 2886 1562 et
2908 1509 3076 1562 omnis
3097 1510 3186 1579 qui
3207 1518 3411 1578 peccat,
3445 1525 3561 1562 non
3585 1511 3722 1563 vidit

2101 1617 2242 1665 eum,
2271 1617 2361 1654 nec
2388 1602 2622 1671 cognovit
2654 1619 2792 1655 eum.
2819 1601 3026 1669 Filioli,
3049 1618 3198 1656 nemo
3215 1619 3300 1656 vos
3323 1602 3586 1657 seducat.
3611 1603 3723 1667 Qui

2104 1693 2236 1761 facit
2279 1693 2576 1762 justitiam,
2608 1693 2790 1762 justus
2828 1703 2928 1757 est,
2973 1693 3106 1746 sicut
3142 1702 3192 1747 et
3243 1693 3335 1746 ille
3378 1694 3582 1762 justus
3616 1703 3718 1746 est.

2108 1786 2213 1851 Qui
2246 1786 2378 1855 facit
2407 1796 2700 1856 peccatum,
2723 1801 2788 1840 ex
2809 1786 3022 1840 diabolo
3049 1797 3146 1852 est,
3169 1789 3423 1858 quoniam
3454 1787 3528 1841 ab
3555 1789 3719 1842 initio

2105 1878 2349 1933 diabolus
2375 1888 2574 1948 peccat.
2611 1877 2679 1932 In
2725 1879 2821 1932 hoc
2859 1880 3104 1948 apparuit
3131 1878 3178 1932 F
3181 1879 3304 1934 ilius
3348 1879 3476 1944 Dei,
3509 1894 3573 1934 ut
3596 1882 3708 1934 dis-

2106 1971 2274 2025 solvat
2309 1988 2466 2040 opera
2495 1972 2720 2026 diaboli.
2760 1970 2944 2026 Omnis
2983 1987 3072 2042 qui
3102 1981 3280 2036 ;natus
3331 1982 3409 2026 est
3458 1989 3535 2027 ea:
3574 1973 3710 2039 Deo,

2104 2073 2379 2132 peccatum
2429 2079 2532 2117 non
2585 2063 2717 2132 facit
2747 2079 2764 2116 :
2792 2065 3041 2133 quoniam
3094 2081 3266 2119 semen
3312 2067 3492 2134 ipsius
3549 2068 3606 2118 in
3651 2084 3712 2119 eo

2106 2167 2304 2223 manet,
2333 2167 2382 2210 et
2415 2174 2518 2211 non
2543 2167 2710 2226 potest
2739 2174 2973 2226 peccare,
3006 2159 3254 2227 quoniam
3285 2175 3352 2212 ea:
3389 2157 3506 2213 Deo
3544 2171 3706 2213 natus

2103 2259 2201 2304 est.
2240 2248 2307 2302 In
2347 2250 2444 2302 hoc
2483 2250 2754 2319 manifesti
2800 2261 2920 2304 sunt
2961 2251 3065 2319 ﬁlii
3101 2251 3192 2305 Dei
3229 2261 3279 2305 et
3317 2253 3425 2321 ﬁlii
3471 2254 3695 2306 diaboli.

2108 2341 2294 2396 Omnis
2330 2343 2420 2412 qui
2448 2359 2551 2395 non
2579 2343 2654 2396 est
2678 2343 2884 2412 justus,
2911 2359 3012 2396 non
3039 2359 3114 2397 est
3141 2360 3204 2396 ea:
3237 2343 3364 2408 Deo,
3399 2361 3444 2398 et
3479 2346 3574 2415 qui
3593 2361 3701 2398 non

2103 2437 2279 2508 diligit
2307 2437 2530 2506 fratrem
2568 2453 2724 2491 suum
2749 2451 2769 2488 .'
2795 2439 3044 2507 quoniam
3085 2438 3196 2492 hcec
3238 2449 3314 2490 est
3343 2440 3699 2491 annuntiatio

2101 2546 2261 2600 quam
2305 2531 2535 2583 audistis
2581 2531 2646 2583 ab
2678 2531 2852 2597 initio,
2905 2540 2962 2584 ut
3009 2532 3296 2600 diligamus
3343 2530 3695 2585 alterutrum.

2106 2619 2228 2674 Non
2254 2622 2391 2674 sicut
2430 2621 2588 2688 Cain,
2617 2624 2708 2692 qui
2741 2638 2804 2675 ea:
2829 2623 3060 2693 ntaligno
3088 2633 3220 2688 erat,
3258 2633 3308 2677 et
3347 2625 3546 2677 occidit
3579 2625 3698 2692 fra-

2103 2725 2237 2768 trem
2282 2731 2457 2782 suum.
2508 2713 2578 2768 Et
2626 2729 2840 2784 propter
2886 2717 2983 2769 hoc
3016 2717 3209 2769 occidit
3250 2733 3391 2783 eum,
3433 2719 3699 2786 quoniam

2103 2821 2261 2874 opera
2291 2805 2404 2874 ejus
2439 2805 2674 2875 maligna
2709 2817 2883 2872 erant,
2927 2806 3113 2874 fratris
3145 2815 3319 2859 autent
3360 2806 3539 2875 justa.
3569 2805 3696 2858 No-

2102 2895 2195 2948 lite
2224 2896 2432 2963 mirari,
2463 2896 2679 2964 fratres,
2712 2898 2758 2950 si
2806 2897 2917 2952 odit
2952 2912 3038 2952 vos
3075 2897 3318 2950 mundus.
3352 2895 3463 2950 Nos
3491 2898 3693 2949 scimus

2081 2993 2354 3062 quoniam
2393 2992 2646 3046 translati
2693 3009 2874 3046 smnus
2915 2993 2977 3044 de
3020 3002 3185 3044 morte
3233 2991 3301 3044 ad
3341 2993 3527 3052 vitam,
3559 2989 3696 3057 quia

418 3063 548 3116 tiam
617 3067 866 3120 erudiunt
912 3070 1143 3138 multos,
1190 3076 1344 3142 quasi
1395 3076 1564 3131 stella:
1610 3081 1666 3132 in
1718 3093 1996 3150 perpetuas
2025 3094 2068 3151 ρ
2100 3083 2375 3153 diligimus
2413 3084 2626 3154 fratres.
2662 3085 2765 3149 Qui
2799 3099 2902 3137 non
2923 3083 3123 3152 diligit,
3155 3091 3328 3135 manet
3379 3083 3430 3135 in
3478 3091 3648 3134 morte
3674 3123 3685 3134 .

417 3157 737 3211 teternitates
765 3158 832 3212 ".
856 3159 922 3214 Et
947 3163 1107 3217 alibi:
1147 3162 1382 3234 Populus
1421 3180 1596 3223 autent
1631 3175 1798 3227 sciens
1829 3172 1997 3228 Deum

415 3265 592 3316 suum,
631 3251 905 3319 obtinebit,
939 3266 986 3310 et
1029 3258 1206 3329 faciet,
1253 3273 1301 3317 et
1344 3264 1485 3318 docti
1525 3266 1578 3318 iu
1614 3267 1806 3335 populo
1841 3269 1997 3323 doce-

415 3341 542 3394 bunt
588 3345 842 3411 plurimos
883 3347 948 3402 ".
994 3348 1112 3420 Ipsa
1154 3355 1297 3408 enim
1351 3355 1564 3416 Veritas
1600 3373 1696 3427 per
1738 3375 1795 3413 se
1835 3359 1999 3416 infert

413 3440 469 3485 et
505 3432 678 3488 dicit:
710 3435 906 3491 Beatus
949 3443 1138 3512 estqui
1167 3462 1267 3499 non
1301 3447 1466 3516 fuerit
1501 3451 1900 3504 scandalizatus
1941 3455 1998 3506 in

413 3539 495 3576 me
527 3524 594 3578 ⁸³.
627 3525 671 3557 ⁸⁸
713 3525 802 3582 Ille
843 3531 1029 3598 procul
1077 3535 1244 3589 dubio
1279 3540 1682 3596 scandalizatur
1716 3543 1768 3596 in
1804 3542 1994 3609 Deum,

417 3616 513 3684 qui
544 3627 689 3672 recte
715 3635 820 3672 non
853 3623 1028 3687 docet,
1059 3637 1111 3679 et
1140 3627 1232 3695 qui
1265 3630 1384 3698 ejus
1415 3634 1750 3689 scandalizat
1784 3638 1997 3705 episeo-

424 3723 551 3778 puin
586 3711 668 3763 vel
707 3713 1064 3770 sacerdotem.
1099 3718 1265 3790 lmpie
1314 3739 1551 3794 namque
1597 3738 1838 3797 agentes,
1870 3744 1998 3785 sunt

419 3802 594 3872 impii,
625 3819 801 3874 neque
853 3806 1156 3878 intelligent
1197 3827 1384 3867 omnes
1427 3817 1598 3886 impii,
1644 3835 1806 3886 porro
1849 3822 1994 3876 docti

413 3895 734 3964 intelligent.
784 3897 975 3952 Omnes
1020 3903 1158 3954 enim
1203 3903 1422 3958 invicem
1471 3911 1822 3964 humilitatem
1864 3915 1997 3967 insi-

413 3997 592 4051 nuate,
621 3991 743 4058 quia
773 3989 913 4044 Deus
959 3995 1194 4062 superbis
1241 3998 1458 4064 resistit,
1491 4000 1777 4056 humilibus
1817 4018 1994 4060 autem

411 4080 505 4131 dat
524 4081 752 4148 gratiam
769 4082 836 4134 ⁸⁵.
856 4081 1056 4150 Nolite,
1075 4085 1248 4154 inquit
1271 4085 1513 4144 Joannes
1535 4094 1835 4160 apostolus,
1852 4098 1994 4150 omni

411 4171 624 4236 spiritui
647 4174 882 4239 credere,
909 4175 999 4228 sed
1027 4176 1243 4244 probate
1273 4180 1514 4248 spiritus,
1547 4184 1593 4234 si
1622 4200 1686 4236 ea:
1716 4184 1820 4238 Deo
1845 4197 1988 4249 sunt;

409 4263 664 4330 quoniam
697 4267 1158 4337 pseudopropheta:
1190 4273 1428 4326 exierunt
1460 4276 1513 4326 in
1537 4277 1790 4330 mundum
1819 4279 1883 4332 ⁵⁵.
1927 4278 1996 4333 ΕΙ.

413 4355 552 4408 idem
587 4357 702 4426 ipse
723 4358 848 4412 alibi
881 4360 956 4414 ait
976 4379 989 4415 :
1009 4361 1106 4413 Vos
1124 4363 1262 4431 quod
1289 4367 1514 4420 audistis
1539 4368 1602 4420 ab
1629 4370 1802 4436 initio,
1827 4372 1881 4423 in
1915 4389 1996 4425 vo-

2102 3178 2270 3229 onmis
2293 3178 2382 3247 qui
2407 3177 2517 3230 odit
2543 3177 2762 3246 fratrem
2793 3193 2968 3241 suum,
3005 3175 3272 3228 homicida
3306 3184 3402 3230 est.
3433 3173 3502 3227 Et
3536 3175 3692 3229 scitis

2100 3269 2352 3337 quoniam
2381 3269 2552 3321 omnis
2583 3267 2849 3320 homicida
2894 3283 2996 3320 non
3049 3266 3200 3318 habet
3230 3267 3391 3320 vitam
3429 3275 3693 3320 (sternam

2101 3361 2156 3413 in
2184 3377 2238 3413 se
2270 3369 2584 3412 manentem.
2622 3358 2685 3411 In
2716 3360 2812 3412 hoc
2844 3359 3176 3428 cognovimus
3217 3359 3528 3411 charitatem
3560 3357 3690 3425 Dei,

2099 3451 2350 3520 quoniam
2374 3449 2465 3502 ille
2505 3466 2600 3516 pro
2632 3450 2779 3502 nobis
2809 3449 3045 3501 animam
3089 3464 3240 3502 suam
3290 3449 3486 3517 posuit,
3512 3458 3559 3500 et
3584 3465 3690 3501 nos

2099 3545 2343 3597 debemus
2369 3561 2466 3612 pro
2495 3543 2753 3612 fratribus
2786 3544 2994 3596 animas
3037 3558 3244 3610 ponere.
3287 3540 3390 3605 Qui
3440 3541 3692 3595 habuerit

2099 3635 2453 3688 substantiam
2496 3633 2653 3702 hujus
2693 3633 2896 3698 mundi,
2943 3643 2991 3685 et
3041 3633 3231 3684 viderit
3270 3632 3489 3699 fratrem
3526 3647 3692 3684 suum

2099 3727 2461 3778 necessitatem
2497 3724 2706 3788 habere,
2733 3732 2781 3775 et
2819 3722 3066 3775 clauserit
3105 3722 3303 3775 viscera
3347 3739 3446 3775 sua
3495 3722 3559 3774 ab
3594 3739 3688 3788 eo,

2097 3816 2356 3886 quomodo
2405 3816 2640 3869 charitas
2671 3813 2769 3868 Dei
2808 3823 2980 3868 manet
3054 3813 3106 3865 in
3159 3815 3256 3866 eo?
3317 3813 3500 3868 Filioli
3554 3819 3685 3878 mei,

2099 3925 2202 3960 non
2265 3909 2554 3978 diligamus
2618 3909 2768 3962 verbo
2823 3923 2983 3978 neque
3034 3905 3240 3976 lingua,
3291 3909 3380 3960 sed
3433 3925 3585 3976 opere
3631 3919 3686 3961 et

2097 4000 2336 4054 veritate.
2385 3998 2453 4051 In
2504 3999 2600 4051 hoc
2645 4001 3008 4069 cognoscimus
3047 4000 3298 4070 quoniam
3350 4015 3416 4051 ea:
3461 4001 3685 4054 veritate

2097 4108 2300 4154 sumus,
2332 4101 2381 4144 et
2411 4092 2466 4144 in
2497 4102 2773 4162 conspectu
2813 4092 2928 4159 ejus
2969 4093 3254 4147 suademus
3287 4091 3434 4143 cordi
3473 4103 3676 4146 nostra.

2099 4180 2362 4245 Quoniam
2385 4183 2431 4234 si
2459 4182 2845 4251 reprehenderit
2874 4198 2965 4234 nos
2997 4199 3086 4235 cor
3111 4191 3368 4245 nostrum,
3395 4181 3568 4248 major
3602 4193 3680 4234 est

2097 4273 2238 4326 Deus
2275 4273 2430 4327 corde
2478 4286 2680 4340 nostra,
2723 4285 2770 4327 et
2826 4275 2968 4327 novit
3018 4275 3218 4326 omnia.
3261 4272 3601 4334 Charissimi,
3631 4276 3679 4326 si

2097 4383 2188 4419 cor
2225 4375 2464 4419 nostrum
2508 4383 2612 4420 non
2658 4368 3042 4436 reprehenderit
3079 4384 3195 4428 nos,
3224 4367 3477 4436 fiduciam
3519 4368 3677 4421 habe-

411 4441 489 4496 bis
520 4457 634 4512 pert
655 4457 842 4502 aneat.
872 4448 932 4503 Si
962 4451 1014 4503 in
1045 4451 1185 4504 vobis
1208 4458 1552 4520 permanserit
1578 4461 1715 4528 quod
1739 4431 1802 4513 ab
1836 4463 1991 4516 initio
2024 4431 2072 4491 θ
2099 4473 2212 4511 mus
2245 4459 2312 4511 ad
2359 4458 2564 4511 Deum:
2586 4469 2635 4512 et
2685 4431 2940 4529 quidquid
2981 4461 3312 4528 petierimus,
3358 4461 3676 4528 accipiemus

410 4535 631 4590 audisti:
653 4547 726 4591 .et
747 4555 834 4593 vos
861 4541 914 4594 iu
937 4541 1078 4596 Filio
1099 4555 1145 4598 et
1172 4545 1332 4600 Patre
1360 4551 1744 4604 manebitistt
1775 4553 1885 4607 hwc
1913 4566 1990 4608 est

409 4640 627 4695 repronu
648 4631 767 4697 tsic,
793 4649 951 4701 quam
971 4634 1081 4688 inse
1109 4636 1375 4705 pollicitus
1397 4649 1472 4692 est
1495 4643 1635 4694 vobis
1660 4643 1820 4697 vitam
1845 4657 1993 4700 teter-

407 4734 534 4770 nam
557 4718 624 4774 ⁵⁷.
661 4719 789 4776 Ila‘c
829 4725 1019 4794 scripsi
1060 4727 1203 4780 tabis
1245 4729 1309 4782 de
1344 4731 1424 4784 his
1461 4733 1553 4801 qui
1595 4735 1845 4789 seducunt
1877 4754 1986 4793 vos.

409 4805 479 4860 Et
507 4813 685 4864 unctio
713 4829 871 4882 quam
893 4817 1167 4872 accepistis
1192 4817 1254 4871 ab
1288 4835 1367 4884 eo,
1402 4834 1610 4876 maneat
1644 4825 1696 4876 in
1725 4825 1887 4880 vobis.
1918 4828 1988 4881 Et

408 4913 510 4950 non
542 4915 744 4954 nexsse
772 4903 971 4957 habetis
1004 4916 1062 4957 ut
1093 4906 1285 4976 aliquis
1320 4910 1502 4961 doceat
1546 4926 1675 4974 vos;
1719 4916 1809 4965 sed
1851 4915 1987 4967 sicut

406 4992 588 5043 unctio
631 4992 744 5061 ejus
795 4994 944 5049 docet
975 5013 1059 5050 vos
1107 4999 1170 5051 de
1215 4999 1478 5065 omnibus,
1507 5012 1556 5054 et
1598 5020 1774 5056 verum
1809 5015 1908 5072 est,
1941 5017 1993 5060 et

408 5098 512 5135 non
541 5094 615 5136 est
655 5087 1007 5142 mendacium.
1039 5089 1107 5143 Et
1144 5092 1279 5144 sicut
1323 5092 1500 5146 docuit
1547 5112 1654 5162 vos,
1700 5108 1905 5152 manete
1935 5101 1991 5152 in

405 5186 486 5225 eo.
523 5171 588 5225 Et
619 5189 775 5238 nunc,
803 5177 983 5246 ﬁlioli,
1019 5193 1222 5236 manete
1259 5185 1315 5237 in
1357 5203 1438 5250 eo,
1469 5198 1548 5252 ut,
1582 5203 1698 5240 cum
1730 5206 1992 5260 apparue—

410 5265 501 5330 rit,
529 5265 813 5320 habeamus
837 5269 1112 5339 ﬁduciam,
1143 5283 1191 5326 et
1215 5292 1315 5329 non
1341 5280 1730 5348 confundamur
1759 5282 1822 5336 ab
1849 5302 1908 5338 eo
1936 5287 1992 5340 in

2097 4550 2161 4602 ab
2184 4567 2262 4615 eo,
2295 4552 2543 4619 quoniant
2571 4552 2828 4605 mandata
2856 4552 2969 4621 ejus
2998 4554 3345 4614 custodimus,
3381 4562 3431 4605 et
3473 4570 3535 4606 ea
3562 4570 3674 4622 qaa'

2096 4651 2216 4694 sunt
2239 4641 2440 4711 placita
2463 4659 2641 4696 coram
2663 4659 2743 4709 eo,
2771 4645 3014 4711 facimus.
3047 4642 3114 4696 Et
3141 4645 3236 4696 hoc
3259 4653 3336 4698 est
3367 4645 3672 4697 mandatum

2096 4735 2208 4802 ejus
2238 4751 2256 4788 .°
2297 4733 2363 4788 Ut
2397 4735 2673 4789 credamus
2704 4738 2758 4789 in
2795 4739 3002 4791 nemine
3033 4737 3166 4791 Filii
3193 4739 3308 4807 ejus
3356 4737 3485 4791 Iesu
3521 4739 3672 4791 Chri-

2097 4823 2185 4885 sti,
2226 4832 2280 4874 ut
2319 4823 2604 4893 diligamus
2636 4825 2976 4890 alterutrum,
3013 4829 3152 4881 sicut
3184 4829 3330 4881 dedit
3366 4829 3671 4881 mandatum

2097 4915 2264 4968 nobis.
2299 4913 2367 4967 Et
2399 4917 2489 4985 qui
2523 4928 2694 4969 servat
2741 4919 2997 4972 mandata
3039 4919 3152 4987 ejus
3191 4921 3244 4973 in
3277 4921 3372 4974 illo
3405 4932 3597 4985 manet,
3623 4934 3669 4975 et

2095 5005 2204 5074 ipse
2232 5007 2284 5059 in
2308 5023 2386 5060 eo.
2426 5007 2495 5059 Et
2523 5011 2577 5060 in
2614 5009 2710 5061 hoc
2750 5011 2965 5074 scimus,
2996 5013 3245 5080 quoniam
3287 5024 3464 5067 manet
3492 5017 3556 5082 in
3584 5033 3671 5068 no-

2095 5101 2174 5154 bis
2209 5101 2272 5155 de
2303 5101 2497 5177 spiritu
2527 5119 2679 5172 quem
2705 5103 2849 5157 dedit
2878 5105 3024 5158 nobis
3052 5105 3142 5158 '3‘.
3169 5105 3214 5137 ⁸⁸
3245 5105 3312 5159 Ει
3345 5107 3489 5161 sicut
3539 5109 3670 5164 Deus

2096 5204 2332 5260 creator,
2359 5196 2451 5264 qui
2483 5196 2762 5251 hominem
2796 5197 2864 5250 ad
2888 5196 3302 5252 similitudinem
3331 5215 3494 5252 suam
3524 5217 3668 5254 crea-

2094 5289 2193 5355 vit,
2226 5297 2312 5344 cst
2361 5289 2626 5356 Charitas,
2653 5297 2738 5344 est
2766 5288 2966 5353 bonus,
2999 5290 3204 5359 justus,
3245 5293 3482 5360 patiens,
3513 5301 3668 5362 atque

478 5387 525 5480 ’ζ
544 5385 698 5480 Peli;-
729 5403 828 5480 XI’L.
991 5388 1136 5480 “Pe
1169 5407 1417 5480 consec'r.
1451 5395 1578 5451 dist.
1616 5399 1965 5480 i_,_Epi_s_cqpus
1991 5413 2099 5467 Deo
2137 5410 2468 5478 sacriﬁcans.
2511 5408 2641 5480 "ex
2665 5405 3088 5480 llieronymiana
3120 5411 3394 5480 versione.
3460 5411 3505 5442 ⁵ο
3529 5409 3661 5466 Psal.

411 5459 591 5550 πρέ,
629 5458 716 5511 12.
772 5461 824 5550 χι
861 5458 1221 5550 [Ξεέρ.1111,5.
1287 5464 1486 5550 f’Da-n.
1513 5458 1733 5550 W553
1773 5472 1819 5502 ³³
1845 5458 1997 5536 iam

2103 5458 2244 5550 ιξῐίῖ
2261 5458 2503 5550 idle—ﬁ},
2531 5458 3088 5550 εὲζίίὶιῖῦίέἷίὶῖζῖὲῖ
3127 5458 3454 5550 Πὶἱῷὶῖἐιιι
3491 5458 3660 5537 ait:

409 5527 501 5599 ’Ἴ
524 5527 666 5582 Petr.
692 5545 743 5593 v,
769 5529 821 5582 5.
885 5529 965 5582 “l
996 5529 1154 5586 Joan.
1181 5549 1253 5599 tv,
1285 5535 1336 5588 l.

409 5596 529 5652 “S.
562 5599 750 5653 Anthr.
786 5599 878 5654 lib.
929 5601 1004 5654 De
1055 5596 1313 5672 dignitate
1364 5605 1626 5673 hominis,
1650 5596 1716 5665 Ic.
1749 5613 1800 5666 5.

1414 5537 1457 5566 ⁸⁷
1484 5539 1630 5591 nobis
1648 5580 1662 5605 ,
1705 5542 1810 5595 vita
1837 5559 2056 5607 ωιετηα,

2135 5553 2215 5605 ⁸⁸1
2246 5549 2404 5606 Joan.
2439 5565 2498 5613 ιι,
2529 5548 2718 5605 24—29.
2800 5551 2867 5582 ⁵³·
2911 5549 3117 5608 lJoan.
3177 5548 3276 5606 ilt’
3325 5568 3426 5623 per
3479 5561 3657 5613 totum.

481 5711 558 5781 (7)
598 5711 899 5771 Sicenimet
919 5719 1146 5786 apostoli
1199 5730 1518 5777 statuerunt.
1580 5723 1803 5785 Canone
1845 5731 1878 5785 9
1937 5741 1986 5786 et
2021 5732 2103 5788 10.
2144 5732 2272 5787 Ser.
2307 5730 2510 5789 BINIUS.
