3818 6216
151 307 249 363 797

1611 308 1988 367 EPISTOLIE.

3307 313 3409 368 798

148 430 297 484 mitis
327 436 380 483 et
411 443 754 494 misericors,
801 437 855 483 et
890 438 1084 483 czetera
1122 436 1432 484 sanctarum
1461 431 1722 485 virtutum
1754 447 1800 495 Α
1832 431 1887 482 in
1938 437 2187 483 wtemum
2235 430 2632 496 ﬂuctuationem
2669 428 2900 497 ,ηεσιοδῆ
2938 429 2981 459 ⁸⁸
3023 426 3212 484 Omnis
3259 432 3404 485 enim

145 518 401 589 insignia,
453 533 581 588 quae
623 518 689 574 de
729 533 798 573 eo
839 519 1096 589 leguntur
1132 538 1146 573 :
1188 520 1261 575 ita
1300 520 1467 578 homo
1506 529 1723 576 creatus

144 619 247 677 est,
275 620 335 665 ut
361 610 690 665 charitatem
714 610 960 677 haberet,
986 621 1047 665 ut
1068 610 1247 665 bonus
1272 620 1416 666 esset
1443 621 1496 666 et
1515 610 1719 680 justus,

144 709 203 755 ut
230 701 446 770 patiens
469 711 635 771 atque
660 701 831 763 mitis,
864 701 1103 756 mundus
1136 710 1189 755 et
1216 701 1532 757 misericors
1560 700 1718 757 foret.

145 796 289 862 Quas
318 795 557 850 virtutes
586 803 792 865 quanto
825 794 946 864 plus
981 794 1214 863 quisque
1248 793 1301 846 in
1328 784 1509 863 seipso
1537 793 1719 857 habet,

145 900 289 946 tanto
317 891 549 960 propior
577 901 662 946 est
694 888 806 945 Deo
842 898 895 944 et
934 890 1109 959 major
1133 899 1237 953 est,
1268 904 1331 944 ac
1360 890 1446 945 sui
1471 890 1722 944 condito-

144 985 217 1039 ris
239 984 374 1056 gerit
407 981 845 1039 similitudinem.
880 980 938 1035 Si
963 996 1110 1047 vero,
1144 980 1289 1050 quod
1321 979 1493 1034 absit!
1523 980 1721 1049 aliquis

142 1091 234 1145 per
266 1075 422 1130 devia
458 1074 722 1129 vitiorum
768 1082 820 1128 et
867 1073 1100 1127 divortia
1153 1072 1470 1138 criminum,
1503 1072 1573 1126 ab
1618 1071 1723 1126 hac

143 1167 481 1223 nobilissima
512 1166 600 1222 sui
641 1165 945 1221 conditoris
972 1164 1329 1219 similitudine
1361 1164 1595 1234 degener
1624 1162 1720 1217 ab-

142 1267 299 1326 erret,
333 1267 464 1315 tunc
509 1258 605 1314 ﬁet
630 1258 697 1314 de
739 1273 805 1313 eo
825 1256 971 1328 quod
994 1256 1257 1326 scriptum
1295 1264 1417 1311 est:
1460 1254 1532 1308 Et
1565 1255 1719 1309 homo

143 1366 253 1403 cum
278 1351 333 1403 in
362 1351 563 1404 honore
601 1359 757 1415 esset,
800 1364 901 1401 non
937 1346 1201 1401 intellexit
1228 1364 1244 1401 :
1274 1356 1610 1417 comparatus
1642 1357 1719 1400 est

132 1442 381 1513 jumentis
410 1440 803 1510 insipientibus,
845 1452 895 1495 ct
936 1440 1128 1494 similis
1174 1441 1347 1509 factus
1390 1448 1467 1493 est
1505 1438 1616 1492 illis
1648 1440 1714 1491 ⁸ο.

140 1532 238 1600 Qui
272 1533 449 1604 major
500 1534 680 1588 honor
710 1533 888 1603 potuit
923 1531 1131 1588 homini
1180 1546 1323 1598 esse,
1358 1546 1523 1601 quam
1559 1540 1617 1584 ut
1649 1532 1714 1584 ad

141 1625 551 1680 similitudinem
606 1626 691 1681 sui
741 1624 966 1681 factoris
1013 1625 1361 1687 conderetur,
1410 1631 1465 1677 et
1510 1623 1715 1678 eisdem

139 1719 396 1773 virtutum
431 1718 776 1774 vestimentis
809 1726 1118 1783 ornaretur,
1170 1716 1370 1787 quibus
1414 1724 1469 1770 et
1521 1713 1713 1769 condi-

1826 522 1993 574 homo
2030 520 2096 589 ,in
2148 535 2247 575 sua
2292 535 2458 575 causa
2506 520 2785 586 deﬁciens,
2816 529 2872 575 et
2900 521 2953 574 in
2998 522 3114 577 suis
3149 522 3405 578 haesitans

1825 612 2093 679 consiliis,
2125 613 2324 682 quaerit
2355 612 2457 667 sibi
2492 613 2729 669 amicum
2753 612 2990 679 ﬁdelem,
3019 614 3073 667 in
3101 614 3259 681 cujus
3282 630 3408 667 con-

1824 704 1963 758 siliis
1995 704 2254 766 confidat,
2283 706 2379 773 qui
2408 705 2462 758 in
2498 705 2614 760 suis
2637 704 2943 760 difﬁdebat:
2978 713 3033 759 et
3068 705 3231 758 talem
3270 704 3408 757 fidu-

1822 797 1964 850 ciam
2003 797 2167 852 habet
2201 797 2256 851 in
2300 797 2413 862 illo,
2452 806 2512 852 ut
2542 812 2703 852 omne
2738 807 3010 853 secretum
3045 799 3129 853 sui
3164 798 3405 867 pectoris

1821 886 1869 940 ei
1906 888 2111 957 pandat
2135 897 2189 942 et
2213 889 2443 958 aperiat.
2479 888 2619 955 Quid
2657 889 2869 944 dulcius
2902 899 2985 945 est
3017 906 3181 959 quam
3207 899 3268 944 ut
3302 891 3403 943 ha-

1822 978 1952 1033 beas
1977 979 2128 1033 illum
2153 980 2219 1046 “,
2246 995 2371 1035 cum
2395 996 2507 1050 quo
2528 981 2711 1035 omnia
2736 982 2914 1050 possis
2934 982 3083 1051 loqui
3110 991 3167 1035 ut
3190 980 3407 1037 tecum?

1826 1069 1881 1124 Si
1920 1071 2024 1126 ista
2078 1087 2202 1127 cum
2250 1072 2569 1127 hominibus
2612 1073 2771 1135 ﬁunt,
2816 1082 3023 1141 quanto
3072 1073 3245 1143 magis
3278 1088 3403 1128 cum

1823 1163 1934 1218 Deo
1969 1164 2073 1218 hoc
2104 1172 2187 1218 est
2219 1171 2511 1235 agendum.
2543 1165 2636 1233 qui
2673 1180 2866 1220 omnes
2902 1166 3013 1219 vult
3048 1166 3233 1221 salvos
3264 1166 3400 1232 ﬁeri,

1818 1264 1873 1310 et
1907 1256 2180 1310 neminem
2204 1257 2424 1326 perire?
2455 1259 2496 1288 ⁸⁷
2519 1256 2653 1311 Nam
2697 1259 2742 1313 si
2772 1258 3038 1312 veraciter
3074 1257 3243 1313 Deum
3283 1274 3401 1312 cre~

1819 1346 2023 1409 dimus,
2059 1361 2296 1417 eumque
2328 1349 2605 1417 diligimus
2646 1362 2701 1403 ut
2734 1350 3019 1413 debemus,
3047 1358 3100 1403 et
3123 1350 3401 1418 proximos

1820 1424 1964 1492 sicut
2020 1438 2409 1508 nosmetipsos,
2464 1439 2518 1493 in
2577 1455 2702 1494 eum
2752 1455 2972 1510 quoque
3032 1450 3200 1495 totam
3250 1456 3400 1510 spem

1819 1526 2213 1596 projecerimus
2243 1539 2518 1596 nostram;
2550 1530 2663 1600 ipse
2700 1547 2803 1587 nos
2844 1531 3037 1597 eripiet
3066 1541 3120 1585 et
3152 1534 3397 1587 consola-

1819 1618 1983 1673 bitur.
2011 1618 2076 1673 Et
2100 1620 2243 1675 sicut
2270 1637 2364 1690 per
2384 1622 2648 1692 angelum
2681 1638 2863 1688 suum,
2889 1622 3145 1678 Habacuc
3169 1624 3391 1693 prophe-

1818 1722 1930 1765 tam
1982 1726 2107 1765 cum
2160 1713 2392 1781 prandio
2438 1715 2492 1767 in
2542 1714 2717 1769 lacum
2770 1716 2985 1769 leonum
3020 1716 3084 1769 ad
3122 1714 3399 1769 Daniclem

139 1810 249 1865 tor?
298 1810 374 1866 De
420 1825 537 1881 quo
585 1810 784 1881 legitur
819 1828 832 1863 :
874 1808 1128 1863 Dominus
1180 1810 1435 1879 regnavit,
1476 1808 1715 1861 decorem
1748 1789 1789 1849 Β
1816 1811 1992 1857 vatem
2029 1804 2178 1859 misit
2202 1805 2267 1870 ⁸⁸,
2302 1815 2355 1861 et
2384 1806 2716 1877 Philippum,
2750 1825 2923 1863 unum
2951 1810 3017 1864 de
3048 1820 3251 1879 septem
3282 1810 3399 1864 dia-

137 1902 345 1955 indutus
374 1909 454 1956 est
488 1901 568 1967 “;
606 1901 661 1955 id
694 1909 776 1957 est
809 1901 1053 1955 omnium
1091 1900 1351 1954 virtutum
1401 1899 1712 1969 splendore,

137 2003 187 2047 et
217 1994 382 2048 totius
415 1993 683 2048 bonitatis
725 1992 924 2048 decore
956 2003 1203 2047 ornatus.
1230 1989 1326 2046 Vel
1358 1991 1504 2061 quod
1535 1991 1713 2060 majus

139 2085 335 2140 homini
371 2094 557 2156 potest
587 2099 709 2140 esse
736 2084 994 2148 dedecus,
1030 2092 1125 2137 aut
1158 2083 1432 2138 infelicior
1462 2082 1711 2149 miseria,

137 2191 293 2246 quam
347 2185 408 2230 ut
458 2175 566 2230 hac
621 2174 1001 2230 similitudinis
1052 2174 1226 2245 gloria
1275 2174 1359 2227 sui
1411 2172 1711 2229 conditoris

136 2267 347 2333 amissa,
394 2267 464 2323 ad
508 2266 803 2322 informem
854 2273 908 2321 et
958 2264 1388 2349 irrationabilem
1424 2265 1710 2319 brutorum

132 2359 611 2430 jumentorumque
645 2358 1060 2415 similitudinem
1105 2356 1427 2412 delabatur?
1460 2355 1711 2425 Quapro-

135 2461 244 2522 pter
274 2454 514 2525 quisque
559 2452 873 2525 diligentius
920 2450 1166 2506 attendat
1203 2450 1395 2522 prima:
1439 2450 1710 2505 conditio-

135 2546 211 2601 nis
250 2562 362 2602 suaa
393 2544 810 2611 excellentiam,
860 2553 920 2599 ut
951 2543 1315 2597 venerandam
1351 2550 1556 2597 sanctae
1587 2540 1709 2595 Tri-

134 2636 307 2691 nitatis
339 2636 393 2691 iu
429 2653 490 2692 se
525 2636 643 2706 ipso
676 2635 971 2706 imaginem
1010 2642 1288 2706 agnoscat,
1327 2635 1707 2705 honoremque

134 2727 494 2784 similitudinis
530 2727 746 2795 divinae,
782 2727 850 2782 ad
893 2743 1059 2798 quam
1102 2736 1323 2782 creatus
1360 2736 1467 2793 est,
1506 2728 1708 2783 nobili-

133 2828 283 2875 tatem
320 2820 364 2853 “
409 2836 656 2886 morum,
692 2819 1100 2875 exsecutionem
1139 2818 1422 2883 virtutum,
1470 2817 1706 2887 dignita-

133 2920 229 2966 tem
260 2914 584 2969 meritorum
637 2914 837 2968 habere
884 2911 1210 2977 contendat;
1248 2920 1307 2965 ut
1351 2911 1571 2980 quando
1610 2926 1706 2980 ap-

132 3006 355 3073 paruerit
415 3006 599 3075 qualis
634 3007 744 3073 sit,
792 3014 923 3059 tunc
955 3003 1151 3059 similis
1174 2996 1229 3058 ei
1264 3006 1566 3073 appareat”,
1607 3004 1703 3073 qui

133 3110 186 3150 se
237 3097 558 3152 mirabiliter
620 3098 685 3151 ad
750 3097 1160 3152 similitudinem
1209 3111 1364 3150 suam
1416 3095 1470 3149 in
1525 3095 1703 3164 primo

130 3186 286 3242 Adam
320 3190 604 3255 condidit,
664 3188 1079 3257 mirabiliusque
1133 3188 1188 3241 in
1244 3184 1486 3241 secundo
1518 3184 1696 3239 refor-

134 3281 304 3335 uiavit.

191 3369 370 3429 Omnis
398 3390 531 3446 ergo
563 3375 752 3441 homo,
798 3374 893 3445 qui
941 3372 1010 3428 ad
1055 3370 1348 3441 imaginem
1390 3371 1485 3427 Dei
1519 3370 1697 3427 factus

128 3473 220 3527 est,
248 3464 393 3519 illum
424 3465 586 3520 debet
615 3465 837 3531 imitari,
873 3464 1032 3534 cujus
1071 3462 1139 3517 ad
1167 3462 1461 3532 imaginem
1502 3464 1696 3518 condi-

131 3563 209 3612 tus
232 3564 310 3611 est
334 3575 346 3611 :
381 3556 531 3613 illius
555 3556 715 3612 debet
736 3555 893 3627 sequi
917 3556 1168 3627 vestigia,
1194 3556 1290 3625 qui
1318 3570 1442 3610 eum
1469 3555 1536 3609 ad
1558 3554 1697 3609 ima-

128 3647 289 3716 ginem
325 3650 407 3706 sui
439 3649 706 3705 condidit.
744 3647 1137 3704 Consiliarium
1167 3662 1299 3702 vero
1328 3661 1393 3701 ac
1424 3653 1697 3715 protecto‘

131 3753 232 3793 rem
254 3740 532 3795 meliorem
554 3740 793 3810 reperire
820 3755 928 3794 non
960 3739 1182 3809 poterit,
1216 3753 1381 3808 quam
1414 3738 1569 3792 illum
1596 3737 1693 3806 qui

129 3842 238 3884 eum
270 3832 335 3886 ad
368 3832 663 3903 imaginem
701 3831 785 3887 sui
821 3830 1088 3897 condidit,
1139 3831 1234 3901 qui
1278 3845 1406 3885 eum
1455 3828 1694 3899 pretioso

128 3923 372 3991 sanguine
404 3940 507 3980 suo
539 3923 791 3989 redemit,
826 3931 881 3978 et
926 3930 1151 3993 propter
1199 3937 1327 3977 eum
1376 3924 1543 3976 homo
1576 3920 1693 3974 ﬁeri

127 4020 226 4060 non
256 4018 336 4065 est
378 4011 723 4081 dedignatus.
775 4011 947 4079 Quem
1002 4011 1191 4081 procul
1228 4011 1395 4066 dubio
1428 4012 1687 4076 inveniet,

128 4096 169 4150 si
200 4098 253 4153 in
282 4115 400 4157 eum
438 4111 607 4157 totam
646 4117 798 4172 spem
844 4119 1027 4167 suam,
1057 4103 1215 4173 juxta
1256 4101 1563 4156 Psalmistai
1593 4116 1689 4156 vo-

126 4201 253 4257 cem,
276 4194 580 4264 projecerit.
620 4195 713 4249 Ait
740 4210 981 4265 namque
1003 4194 1047 4226 °'
1084 4213 1097 4249 :
1139 4193 1348 4264 Projice
1390 4210 1547 4263 super
1574 4194 1689 4247 Do-

1817 1895 2073 1963 conibus,
2098 1896 2169 1951 ad
2197 1899 2512 1953 eunuchum
2548 1902 2611 1968 5’,
2644 1900 2716 1954 ita
2761 1902 2914 1956 dabit
2957 1903 3113 1957 nobis
3148 1904 3401 1957 consola-

1817 1988 2024 2042 tionem
2055 1996 2110 2043 et
2139 1989 2535 2046 liberationem.
2572 1990 2699 2048 Haec
2720 1994 3029 2059 sectamini,
3066 1994 3399 2063 charissimi,

1813 2086 1867 2133 et
1891 2079 2026 2133 nulli
2066 2096 2306 2151 unquam
2341 2090 2552 2137 nocete.
2594 2082 2815 2139 Fratres
2849 2086 2999 2152 estis,
3034 2086 3265 2141 invicem
3302 2104 3400 2143 vos

1816 2170 2046 2241 diligite,
2077 2180 2138 2227 ut
2167 2174 2281 2227 veri
2322 2173 2539 2229 Domini
2590 2175 2844 2245 discipuli
2880 2177 3015 2232 efIici
3053 2180 3395 2233 mereamini.

1811 2260 1948 2317 Nam
1980 2264 2073 2333 qui
2104 2264 2328 2319 rancida
2358 2267 2524 2321 corda
2549 2267 2793 2322 virorum
2826 2269 2872 2300 "°
2905 2269 3096 2337 inlicit,
3130 2271 3398 2325 malitiam

1811 2355 1952 2409 inter
1996 2355 2248 2411 homines
2294 2358 2539 2427 spargit:
2576 2367 2631 2412 et
2658 2360 2752 2429 qui
2797 2361 3037 2415 detrahit
3080 2362 3230 2415 fratri
3270 2378 3394 2426 suo,

1811 2446 2087 2501 homicida
2120 2457 2222 2503 est.
2257 2449 2302 2479 '”
2334 2448 2400 2504 Et
2428 2448 2523 2519 qui
2549 2450 2838 2505 abstulerit
2879 2452 3084 2522 aliquid
3133 2453 3273 2522 patri
3309 2454 3396 2507 vel

1810 2536 1995 2603 matri,
2032 2537 2272 2608 dicitque
2321 2539 2427 2594 hoc
2467 2550 2752 2610 peccatum
2787 2558 2895 2597 non
2932 2558 3073 2606 esse,
3109 2544 3397 2599 homicidae

1808 2626 2084 2697 particeps
2113 2637 2215 2681 est.
2248 2626 2409 2682 Pater
2441 2638 2627 2684 noster
2651 2630 2770 2685 sine
2796 2630 2963 2685 dubio
2992 2630 3133 2685 Deus
3166 2641 3267 2697 est,
3299 2633 3394 2702 qui

1808 2732 1911 2773 nos
1947 2719 2155 2773 creavit
2189 2738 2201 2774 :
2236 2729 2412 2775 mater
2444 2736 2573 2775 vero
2607 2731 2795 2777 nostra
2839 2722 3098 2790 Ecclesia,
3142 2740 3263 2794 qua:
3295 2740 3396 2779 nos

1809 2808 1862 2862 in
1917 2809 2189 2880 baptismo
2251 2812 2607 2881 spiritualiter
2660 2816 3023 2885 regeneravit.
3088 2814 3228 2886 Ergo
3298 2816 3395 2880 qui

1806 2900 2010 2955 Christi
2041 2902 2303 2971 pecunias
2343 2912 2395 2957 et
2426 2903 2681 2959 Ecclesia
2718 2906 2880 2975 rapit,
2909 2906 3087 2961 aufert
3118 2908 3202 2961 vel
3240 2906 3395 2960 frau-

1804 2993 1920 3059 dat,
1947 2994 2222 3050 homicida
2245 3006 2347 3062 est,
2382 3006 2544 3065 atque
2581 2998 2855 3053 homicida
2882 3008 3007 3054 ante
3038 3009 3392 3069 conspectum

1803 3078 1938 3149 justi
1970 3081 2175 3150 judicis
2205 3099 2327 3139 esse
2371 3085 2739 3154 deputabitur.
2775 3086 2881 3153 Qui
2931 3089 3071 3155 rapit
3106 3091 3393 3158 pecuniam

1806 3173 2040 3242 proximi
2066 3175 2173 3239 sui,
2207 3176 2550 3245 iniquitatem
2584 3188 2841 3247 Operatur
2884 3198 2896 3233 :
2934 3181 3029 3249 qui
3069 3190 3250 3234 autem
3298 3197 3392 3251 pe-

1806 3265 2024 3319 cuniam
2060 3267 2144 3319 vel
2175 3282 2262 3321 res
2303 3267 2560 3323 Ecclesia:
2592 3269 2895 3337 abstulerit,
2933 3272 3276 3335 sacrilegium
3310 3270 3393 3327 fa-

1807 3354 1954 3408 cit."
2008 3353 2298 3428 Privilegia
2346 3360 2491 3413 enim
2535 3361 2889 3415 ecclesiarum
2924 3371 2978 3415 et
3018 3362 3385 3427 sacerdotum,

1806 3446 1982 3501 sancti
2035 3451 2302 3518 apostoli,
2350 3451 2509 3520 jussu
2569 3451 2902 3520 Salvatoris,
2971 3455 3287 3509 intemerata
3335 3464 3390 3510 et

1806 3538 2065 3594 inviolata
2130 3543 2389 3598 omnibus
2461 3544 2825 3599 decreverunt
2882 3560 3102 3600 manere
3176 3555 3386 3617 tempo-

1802 3631 1977 3687 ribus.

2552 3792 2634 3847 ΙΙΙ.

1976 3945 2054 4001 De
2080 3947 2368 4018 peregrinis
2400 3959 2449 4003 et
2478 3950 2892 4020 provincialibus
2913 3952 3201 4022 judicibus.

1867 4103 2047 4178 Leges
2079 4111 2335 4169 Ecclesiae
2350 4114 2647 4183 apostolica
2664 4114 2946 4171 ﬁrmamus
2964 4115 3311 4181 auctoritate,
3328 4124 3386 4171 et

1795 4198 2082 4268 peregrina
2125 4199 2328 4268 judicia
2372 4201 2761 4255 submovemus
2799 4203 2898 4269 (ὃ).
2931 4200 3084 4257 Unde
3112 4213 3165 4256 et
3200 4202 3383 4257 Domi-

128 4277 311 4335 minum
337 4284 649 4340 charitatem
678 4294 846 4352 tuam,
870 4296 919 4340 et
946 4287 1055 4355 ipse
1083 4297 1130 4340 te
1149 4287 1398 4355 euutriet,
1426 4303 1519 4340 nec
1540 4286 1688 4342 dabit
1720 4302 1769 4362 υ
1796 4306 1900 4345 nus
1928 4290 2256 4345 mentionem
2308 4289 2521 4345 faciens
2561 4290 2684 4357 Lot,
2726 4308 2828 4361 per
2862 4291 3083 4364 Moysen
3114 4294 3377 4365 loquitur,

215 4551 417 4611 “Psal.
455 4572 648 4623 vam,
689 4558 775 4612 15.
870 4556 1085 4623 “IPsaI.
1118 4574 1250 4614 xcn.
1278 4561 1327 4614 1.

130 4614 265 4675 Hier.
301 4693 308 4694 ί
338 4626 548 4682 umin.
608 4614 716 4694 ιἰν,
752 4628 845 4682 25.

126 4702 261 4768 ³1ηξο
298 4693 417 4768 754:
461 4698 660 4753 Cicero
704 4697 780 4751 De
844 4700 1087 4753 amicitia
1116 4693 1152 4768 ,⁷
1192 4699 1458 4754 Martinus
1514 4693 1903 4765 Bracarénsis,
1962 4710 2017 4755 et
2054 4700 2165 4754 alii.
2241 4702 2286 4733 ⁶⁶
2321 4701 2420 4755 Ms.

762 4770 805 4800 ⁶⁹
824 4770 941 4823 Act.
990 4786 1107 4823 vm.
1183 4771 1229 4801 ⁷ο
1248 4772 1501 4824 vivorum.
1533 4769 1607 4823 lla
1649 4787 1754 4825 ms.

128 4773 183 4823 ll,
204 4762 254 4816 4.
318 4766 360 4796 ⁸⁸
381 4765 518 4822 Dan.
560 4784 672 4823 xw.

1409 4558 1783 4626 “nobilitate,
1822 4570 1928 4615 etc.
1987 4560 2042 4614 in
2091 4575 2196 4613 ms.
2246 4559 2386 4615 Just.
2444 4562 2609 4615 cuin
2662 4561 2793 4615 edit.
2848 4558 3147 4613 Ambrosii.

947 4631 969 4709 ξ’
1006 4629 1258 4730 ΕἎΠΒῘἮ.
1306 4630 1585 4730 abbatissa
1616 4630 1671 4683 in
1698 4646 1785 4700 ep.
1817 4633 1883 4686 ad
1914 4630 1971 4686 S.
2012 4629 2367 4730 Bo‘nifacieqin‘
2394 4632 2634 4700 archiep.
2667 4630 3055 4730 lilipgunt'i’num
3232 4631 3381 4730 Ιξξὺίἱι.

947 4701 1087 4730 milia
1248 4701 1455 4730 Λευίς-...υ
1561 4702 1866 4730 ῇηηα-πηνιοῖα
1964 4710 2011 4730 ne
2054 4716 2079 4730 η
2109 4701 2141 4730 Η
2347 4718 2399 4730 ,τι
2467 4718 2619 4730 nu...“
2683 4720 2727 4730 ,η
2750 4718 2847 4730 unm
2875 4702 2892 4730 ἱ
2938 4717 3023 4730 ...ιι
3282 4702 3351 4730 ἒ-ηη

3226 4561 3272 4593 6³
3310 4576 3377 4615 ex

2463 4699 2622 4771 quain
2662 4699 2847 4754 habere
2875 4700 3045 4771 illum.
3115 4699 3198 4754 "l
3232 4699 3375 4755 Tim.

1835 4770 2212 4825 “Bonifacius
2243 4786 2329 4839 ep.
2364 4772 2451 4836 15,
2476 4770 2551 4824 ad
2587 4771 2934 4825 Ethibaldnm
2963 4770 3060 4834 12,
3097 4780 3289 4839 quaest.
3324 4772 3376 4825 1.

129 4825 559 4911 Qui_abs_tulerit.i
595 4838 662 4892 Et
700 4840 897 4911 partim
928 4839 1126 4894 ibidem
1176 4855 1225 4897 c.
1272 4841 1376 4905 Qui
1421 4840 1621 4895 Christi
1668 4843 1937 4911 pecunias.
1980 4840 2045 4894 Et
2091 4858 2143 4894 in
2193 4825 2339 4895 decr.
2379 4825 2529 4896 Lucii
2572 4858 2756 4911 papae,
2792 4857 2935 4905 xvu,
2965 4825 3157 4910 quaesit.
3189 4841 3242 4894 4.
3273 4840 3378 4905 Qui

126 4902 274 4980 rapit.
322 4904 385 4960 Et
424 4909 491 4980 in
531 4902 717 4964 decr.'
741 4908 1092 4980 Luciiﬂpapae
1122 4928 1251 4977 xxv,
1275 4902 1579 4980 quastione
1602 4902 1678 4978 2,
1707 4911 2000 4980 Privilegia
2043 4912 2383 4965 ecclesiarum
2413 4924 2461 4965 et
2497 4902 2757 4968 saieriiot.
2782 4912 2847 4965 Et
2879 4902 2972 4977 Ill,

802 4930 895 4963 lC"
939 4930 1092 4980 papa:
1122 4930 1251 4977 XXV,
1275 4930 1579 4980 ψιξεειιοηθ
1602 4930 1668 4978 Ζ,
1707 4930 1908 4965 rrivue
1946 4936 1948 4961 τ

802 4982 846 5011 τ’
887 4978 1023 5036 Vide
1072 4980 1289 5037 Hincm.
1323 4982 1421 5038 lib.
1467 4998 1567 5044 Lv,
1594 4997 1645 5037 c.
1674 4982 1776 5049 15,
1809 4990 1864 5037 et
1900 4930 1948 5036 ἦ

123 4965 269 5040 Leges
325 4978 667 5033 ecclesiarum
700 5020 714 5033 .

122 5051 203 5095 an.
244 5041 361 5100 856.

190 5241 261 5313 (8)
307 5245 585 5319 Peregrina
598 5250 811 5319 judicia
838 5249 1689 5307 submovemus.ChristusDomi-

130 5322 263 5387 ξψξλ
303 5320 390 5387 qui
426 5320 527 5376 fuit
581 5337 675 5374 rex
721 5329 777 5373 et
817 5321 1077 5375 sacerdos
1108 5322 1407 5375 secundum
1440 5323 1685 5377 ordinem

128 5376 495 5461 Melchisedech
516 5434 531 5457 ,
566 5390 621 5444 in
643 5390 883 5445 Ecclesia
914 5391 1093 5459 regale
1121 5376 1485 5446 sacerdotium
1525 5393 1687 5447 insti-

132 5456 257 5532 ιυῖῐ,
296 5456 563 5532 _:_lpostolis
610 5475 913 5529 eorumque
959 5456 1371 5516 successoribus
1416 5463 1686 5532 episcopis

129 5527 411 5602 {egendi'et
436 5532 719 5600 judicandi
762 5527 1084 5602 potestatem
1128 5532 1361 5602 contulit
1395 5549 1408 5585 :
1446 5527 1685 5602 ideoque

131 5584 245 5670 hac
260 5584 476 5670 epistola
508 5584 979 5657 vsuann'acletus
1012 5584 1311 5670 pontifex,
1350 5584 1680 5658 doctrinam

131 5652 182 5710 δ·
213 5652 354 5739 ξᾳὺι.
383 5670 401 5723 l
426 5672 493 5727 ad
521 5673 672 5737 Cor.,
704 5686 823 5739 cap.
843 5687 919 5737 v1,
949 5652 1171 5726 secrutus
1191 5714 1205 5737 ,
1241 5652 1386 5725 recte
1413 5675 1675 5737 decernit,

129 5739 188 5783 ne
214 5730 501 5799 Christiani
542 5730 747 5799 ethnici
772 5730 1022 5813 'alicujus
1068 5752 1163 5798 aut
1193 5730 1439 5801 inﬁdelis
1476 5730 1677 5814 judicis

3042 4911 3297 4964 uwstione
3321 4912 3375 4978 6,

1953 4982 2047 5036 ial.
2093 4983 2156 5036 de
2188 4993 2330 5035 statu
2368 4981 2650 5038 Ecclesiw.
2686 5000 2749 5038 ac
2774 4982 2969 5038 concil.
3002 4981 3377 5037 Carisiacense

1795 5254 2035 5308 tribunal
2106 5256 2299 5310 adeant
2342 5297 2356 5319 ,
2436 5256 2719 5325 liliumque
2776 5272 3001 5312 suarum
3069 5257 3372 5313 discussio-

1794 5340 1952 5397 nem,
1997 5325 2263 5395 judicium
2319 5342 2383 5381 ac
2427 5327 2794 5397 deﬁnitionem
2840 5337 3046 5397 petant.
3098 5327 3213 5393 Qua
3258 5328 3375 5396 lege

1794 5395 2079 5464 politicum
2128 5397 2415 5466 imperium
2475 5413 2504 5450 a
2558 5396 2668 5450 Dco
2705 5395 2854 5453 bene
2902 5400 3208 5451 institutum
3261 5395 3371 5449 nun

1796 5467 2000 5520 tollitur
2030 5469 2203 5536 ,hsed
2262 5466 2518 5522 Ecclesiae
2568 5466 2817 5523 dominio
2849 5483 2915 5521 ac
2954 5468 3206 5536 potestati
3237 5467 3372 5520 sub-

1787 5537 1996 5605 jicitur.
2051 5534 2184 5591 Vide
2238 5536 2435 5591 Baron.
2484 5554 2573 5591 an.
2623 5538 2731 5598 57,
2779 5534 3046 5591 nuin.721
3121 5545 3175 5590 et
3213 5549 3366 5605 seqq.

1794 5609 2058 5732 usquclad
2084 5608 2171 5662 4‘2.
2214 5607 2466 5663 Bcllarm.
2512 5607 2585 5661 De
2614 5606 2759 5663 Rom.
2788 5618 2933 5677 poni.
2962 5607 3054 5661 lib.
3095 5622 3147 5673 v,
3179 5620 3230 5662 c.
3254 5607 3287 5660 4
3315 5613 3372 5661 et

1794 5694 1942 5732 SL‘tltl.
1996 5696 2046 5732 υ.

1790 5694 1942 5749 seqq.
1973 5694 2046 5733 ID.
