3818 6216
446 293 554 351 799

1806 299 2146 357 ANACLETI
2205 304 2406 361 ΡΑΡᾹΞ

3699 326 3786 377 δξλῢ

446 409 635 465 dicens
670 427 683 464 :
718 407 1001 481 Ingressus
1034 428 1087 466 es
1124 413 1353 482 quidem,
1397 416 1674 486 inquiunt,
1720 427 1777 470 ut
1821 418 2044 485 advena,
2074 436 2121 493 Α
2150 422 2263 475 rint
2294 426 2655 493 quaestiones,
2686 435 2782 484 aut
2808 429 3190 501 episcoporum
3220 433 3309 488 vel
3348 432 3684 504 majorum
3710 437 3783 504 ju-

449 503 687 573 nunquid
721 512 777 555 ut
798 504 1010 573 judices
1043 505 1091 536 ⁷³
1114 506 1137 557 ?
1164 504 1211 537 ’δ
1247 504 1597 578 [Ιιιιιᾳιιιιειιιιε
1630 511 1907 579 provincia
1930 522 2041 568 tant

443 595 599 664 juxta
629 593 885 650 Ecclesiae
912 610 1077 665 quam
1099 597 1255 665 juxta
1292 600 1476 653 saeculi
1518 601 1685 671 leges,
1724 617 1855 657 suos
1882 602 2044 659 debet

444 689 626 757 justos
689 698 743 743 et
782 705 892 744 non
926 690 1143 759 iniquos
1168 691 1371 747 habere
1389 692 1625 762 judices,
1650 703 1704 749 et
1730 710 1839 750 non
1860 704 2043 751 exter-

448 797 580 848 nos,
606 781 713 836 nisi
745 783 1057 852 apostolica:
1087 784 1234 839 sedis
1271 785 1437 855 hujus
1470 786 1766 843 decreverit
1801 790 2043 845 auctori-

449 881 554 939 tas,
604 883 879 943 quatenus
930 876 1245 947 quicunque
1295 892 1519 933 causam
1552 878 1836 945 habuerit,
1897 882 2042 952 apud

448 979 582 1019 suos
611 966 660 997 ⁷⁸
693 966 906 1036 judices
932 967 1243 1037 judicetur;
1273 981 1327 1025 et
1356 986 1464 1025 non
1500 971 1566 1025 ad
1600 971 1831 1037 alienos,
1871 989 2039 1029 causa

447 1058 702 1127 vagandi,
746 1058 1061 1113 stimulante
1087 1060 1381 1129 protervia,
1416 1076 1573 1115 suam
1602 1060 1910 1131 despiciens
1939 1077 2039 1132 pa-

446 1150 632 1215 triam,
680 1158 943 1217 transeat,
998 1151 1093 1206 sed
1121 1151 1187 1205 ad
1214 1151 1263 1183 ⁷⁸
1295 1152 1585 1207 duodecim
1620 1153 1867 1223 ejusdem
1908 1170 2039 1223 pro~

445 1240 641 1296 vinciae
665 1240 900 1311 judices,
938 1242 1006 1297 ad
1032 1258 1269 1313 quorum
1314 1243 1585 1313 judicium
1634 1260 1825 1300 omnes
1858 1260 2039 1301 causa:

445 1334 728 1389 civitatum
761 1335 1094 1404 referuntur,
1120 1336 1397 1391 deferatur
1435 1338 1736 1408 negotium.
1772 1336 1829 1391 Si
1854 1348 2036 1392 autem

446 1422 612 1480 fuerit
656 1426 1088 1481 ecclesiasticum
1119 1428 1261 1497 apud
1296 1430 1583 1498 episcopos
1621 1428 2038 1497 (interveniente

444 1518 725 1588 primate),
750 1519 1021 1589 siquidem
1046 1521 1225 1589 major
1253 1536 1420 1575 causa
1455 1520 1621 1575 fuerit
1653 1539 1666 1574 :
1702 1521 1747 1575 si
1778 1536 1908 1575 vero
1932 1521 2035 1575 mi-

446 1625 570 1675 nor,
620 1612 1083 1680 metropolitano;
1116 1612 1159 1667 si
1208 1628 1338 1666 vero
1382 1612 1548 1667 fuerit
1580 1613 1865 1678 saaculare,
1891 1612 2035 1682 apud

444 1702 690 1771 ejusdem
716 1703 926 1757 ordinis
948 1704 1117 1768 viros,
1140 1704 1348 1773 judicio
1392 1715 1571 1759 tamen
1606 1705 1990 1775 episcoporum
2018 1723 2032 1772 ;

2152 514 2318 582 dicia,
2352 524 2446 571 aut
2474 518 2710 587 majores
2738 534 2919 576 causa:
2940 520 3143 577 fuerint
3166 542 3181 590 ;
3208 524 3253 555 ⁸¹
3285 526 3359 580 ad
3384 527 3627 582 salem
3667 544 3781 597 apo-

2148 604 2402 660 stolicam
2466 607 2538 676 (si
2591 608 2920 679 appellatum
2973 608 3159 683 fuerit)
3211 612 3574 671 referantur
3634 618 3778 687 (10;;

2152 697 2417 766 quoniam
2459 700 2693 768 apostoli
2722 700 2832 756 hoc
2861 712 3169 759 statuerunt
3195 706 3309 777 (11)
3334 707 3651 779 jussione
3678 710 3781 766 Sal-

2144 789 2351 844 vatoris
2382 830 2397 855 ,
2451 799 2513 844 ut
2563 792 2800 862 majores
2850 802 2905 849 et
2968 794 3305 855 difﬁciliores
3372 804 3778 870 quaestiones,

2140 895 2359 950 semper
2405 882 2473 937 ad
2515 884 2699 939 sedem
2743 885 3065 942 deferantur
3110 892 3542 959 apostolicam,
3616 913 3778 966 super

2140 987 2309 1043 quam
2364 972 2618 1031 Christus
2684 976 2998 1033 universam
3035 982 3348 1037 construxit
3403 982 3775 1055 Ecclesiam,

2139 1061 2353 1119 dicente
2395 1064 2515 1136 ipso
2542 1067 2610 1121 ad
2638 1067 2857 1124 beatum
2887 1071 3188 1143 principem
3220 1077 3650 1144 apostolorum
3683 1079 3776 1135 Pe-

2140 1162 2287 1208 trum
2324 1174 2336 1208 2
2378 1154 2455 1209 Tu
2484 1174 2559 1222 es,
2587 1158 2800 1229 inquit,
2843 1160 3057 1228 Petrus,
3087 1173 3137 1217 et
3174 1181 3331 1235 super
3358 1167 3527 1222 hanc
3559 1180 3772 1239 petram

2140 1248 2414 1316 adiﬁcabo
2446 1249 2741 1305 Ecclesium
2776 1270 2948 1308 meam
2975 1256 3056 1321 ⁸⁸,
3096 1266 3151 1312 et
3180 1260 3418 1330 reliqua.
3458 1260 3561 1318 Sit
3613 1280 3769 1335 ergo,

2141 1338 2362 1407 fratres,
2390 1345 2703 1400 constantia
2728 1357 2911 1403 vestra
2939 1349 3204 1406 adversus
3230 1355 3660 1410 contentiones
3680 1372 3770 1410 eo-

2139 1446 2262 1485 rum
2293 1435 2387 1501 qui
2416 1434 2649 1490 adversa
2677 1438 2937 1508 sapiunt,
2969 1448 3024 1493 et
3056 1456 3164 1495 non
3189 1458 3314 1512 quae
3344 1442 3449 1499 Dei
3488 1458 3642 1501 sunt
3678 1463 3767 1503 sa—

2140 1523 2319 1593 piunt,
2366 1535 2420 1580 et
2452 1528 2558 1583 erit
2590 1528 2785 1584 fortior
2827 1542 2977 1600 petra
3008 1537 3323 1592 constantia
3346 1548 3587 1606 vestra,
3619 1541 3768 1595 sicut

2138 1619 2403 1688 scriptum
2434 1630 2516 1675 est
2543 1638 2557 1676 :
2588 1619 2669 1676 Ne
2701 1625 2985 1679 timueritis
3015 1625 3079 1678 ab
3104 1627 3209 1694 his,
3231 1644 3397 1698 neque
3426 1634 3763 1685 terreamini

2138 1728 2172 1763 a
2206 1711 2345 1780 facie
2382 1728 2563 1766 eorum
2606 1716 2697 1782 qui
2734 1731 2922 1784 corpus
2954 1718 3222 1783 occidunt,
3258 1722 3519 1775 animam
3576 1734 3759 1777 autem

446 1809 571 1848 cum
606 1793 903 1863 Apostolus
954 1795 1293 1865 privatorum
1353 1796 1798 1851 Christianorum
1836 1812 2034 1852 causas
2064 1800 2107 1857 Β
2136 1816 2239 1856 non
2271 1813 2489 1871 possunt
2524 1805 2759 1861 occidere
2802 1807 2866 1860 “.
2894 1807 3048 1874 Quod
3091 1819 3266 1861 antem
3315 1811 3371 1862 in
3407 1828 3559 1865 aure
3590 1813 3753 1863 audi-

445 1886 622 1954 magis
645 1886 892 1941 ecclesiis
913 1887 1135 1955 deferri,
1175 1897 1231 1944 et
1253 1890 1451 1944 ibidem
1476 1889 1800 1946 sacerdotali
1823 1889 2031 1959 judicio

446 1977 729 2033 terminari
761 1978 929 2034 voluit
959 1981 1025 2035 ".

1188 2152 1278 2207 1V.

446 2332 514 2388 Ut
547 2349 823 2403 oppressus
857 2333 1067 2401 judicio
1108 2331 1453 2385 smeularium
1504 2331 1730 2400 appellet
1762 2330 2032 2403 judicium

510 2401 844 2458 sacerdotum
875 2445 891 2470 ,
948 2414 999 2457 et
1056 2404 1121 2457 de
1163 2402 1460 2472 majoribus
1510 2404 1689 2457 causis
1741 2403 1810 2455 ad
1858 2401 2032 2454 sedem

512 2474 863 2543 apostolicum
909 2475 1217 2545 referendis.

510 2653 556 2685 ’⁷⁸
587 2652 778 2707 Omnis
820 2652 966 2706 enim
1013 2667 1329 2721 oppressus,
1375 2652 1421 2683 ⁷⁹
1472 2651 1642 2706 libere
1684 2650 2030 2705 sacerdotum

441 2744 511 2813 (si
550 2742 807 2809 voluerit)
842 2742 1075 2812 appellet
1098 2741 1391 2810 judicium,
1426 2750 1480 2795 et
1512 2741 1713 2797 annllo
1734 2741 2030 2811 prohibea-

440 2845 551 2901 tur,
577 2834 669 2889 sed
695 2834 764 2889 ab
791 2834 877 2907 his
910 2832 1169 2889 fulciatur
1199 2843 1253 2895 et
1288 2834 1566 2888 liberetur.
1599 2831 1657 2887 Si
1686 2843 1865 2888 autem
1900 2834 2032 2889 dilll-

439 2926 571 2980 ciles
618 2940 820 2988 causae,
853 2933 948 2978 aut
989 2924 1199 2994 majora
1250 2926 1469 2995 negotia
1519 2935 1637 2979 orta
1686 2924 1910 2990 fuerint,
1962 2924 2030 2980 ad

440 3018 705 3087 majorem
757 3016 944 3072 sedem
994 3015 1324 3071 referantur.
1372 3016 1436 3070 Et
1481 3017 1527 3071 si
1570 3017 1680 3071 illic
1728 3016 1887 3072 facile
1916 3016 2030 3072 dis-

440 3110 586 3165 cerni
616 3126 724 3163 non
772 3118 1051 3179 poterunt,
1093 3119 1186 3163 aut
1222 3109 1369 3178 juste
1403 3109 1711 3175 terminari,
1739 3110 1829 3163 ubi
1866 3108 2030 3163 fuerit

440 3217 782 3255 summorum
828 3210 1155 3271 congregata
1209 3202 1557 3270 congregatio
1586 3242 1600 3267 ,
1641 3217 1763 3271 quae
1790 3218 1886 3272 per
1914 3201 2027 3255 sin-

439 3293 596 3362 gulos
632 3308 805 3347 annos
849 3293 934 3347 bis
989 3293 1106 3347 fieri
1160 3294 1301 3349 solet
1345 3294 1443 3363 (9),
1487 3302 1543 3349 et
1580 3294 1770 3359 debet;
1805 3294 1952 3363 juste
1974 3302 2027 3348 et

442 3382 551 3437 Deo
589 3384 786 3453 placito
819 3399 1004 3437 coram
1036 3385 1346 3453 patriarcha
1391 3394 1483 3438 aut
1514 3386 1742 3454 primate
1769 3385 2026 3439 ecclesia-

448 3474 600 3540 ;tico,
651 3483 705 3528 et
754 3490 941 3529 coram
984 3476 1214 3545 patricio
1246 3477 1290 3507 ³ο
1339 3476 1584 3531 smculari
1623 3476 1666 3507 ⁸⁸
1709 3476 2026 3545 judicentur

441 3564 658 3634 negotia
690 3564 744 3617 in
767 3580 1079 3619 commune.
1115 3565 1272 3631 Quod
1309 3566 1355 3620 si
1383 3566 1714 3621 difﬁciliores
1749 3574 1883 3620 orta:
1905 3562 2025 3618 fue-

2056 3157 2098 3214 C

510 3830 558 3863 ⁷³
597 3832 795 3885 Genes.
844 3847 971 3897 xu,
1023 3832 1077 3886 9.
1190 3832 1351 3898 "In,

448 3905 494 3968 2,
520 3918 578 3974 q.
607 3903 658 3956 6.
739 3902 784 3933 7“
799 3902 969 3974 Cone.
992 3901 1250 3974 Carthag.
1290 3920 1342 3957 xl
1369 3946 1383 3970 ,
1414 3906 1499 3957 10.
1573 3902 1652 3954 ⁷⁷1
1692 3901 1945 3974 Corinth.
1969 3901 2042 3957 vi.

439 3975 525 4026 tit.
554 3973 621 4038 lt,
647 3981 824 4027 const.
858 3973 890 4025 8
967 3982 1021 4027 et
1058 3975 1111 4028 9.
1171 3973 1340 4028 Cenc.
1387 3974 1577 4028 Colon.
1629 3976 1753 4028 887.

440 4044 664 4113 prazside
694 4044 927 4112 reponit.
1007 4044 1049 4073 ει
1078 4060 1180 4097 ms.
1217 4044 1525 4097 sa'cularia.
1604 4044 1648 4075 ⁸³
1690 4046 1877 4099 Innoc.
1929 4044 1984 4107 I,

449 4116 483 4145 ⁸⁵
505 4114 692 4166 Matth.
754 4130 819 4179 Χ,
871 4113 960 4166 '28.

1392 3840 1584 3901 quaest.
1618 3831 1650 3904 εξ
1674 3874 1689 3899 ,
1736 3832 2075 3904 Unaqquue

2122 3906 2166 3935 ⁷⁸
2206 3921 2302 3969 ιιι,
2328 3912 2520 3973 quaest.
2546 3901 2578 3953 6
2602 3944 2619 3967 ,
2662 3902 2847 3957 Omnis
2879 3920 3178 3971 oppressus.

1834 3976 1877 4006 ⁸ο
1906 3973 2042 4028 Vide
2090 3974 2215 4028 Ant.
2263 3971 2625 4043 Augustinum
2660 3975 2713 4026 in
2748 3974 2891 4027 notis
2935 3974 2999 4026 ad
3030 3975 3156 4027 coll.
3190 3971 3355 4026 Hadr.
3400 3988 3448 4027 (ε.
3514 3976 3574 4042 9,
3640 3976 3723 4028 ubi

1040 4045 1180 4097 lms.
1217 4044 1525 4097 sa'cularia.
1604 4044 1648 4075 ⁸³
1690 4046 1877 4099 Innoc.
1929 4044 1984 4107 I,
2039 4061 2128 4113 cp.
2182 4061 2257 4109 XI,
2308 4060 2428 4113 cap.
2469 4044 2521 4096 ὅ.
2592 4044 2648 4074 ’⁸³
2674 4044 2863 4097 Matth.
2912 4060 3044 4106 xvi,
3077 4044 3163 4097 18.
3272 4044 3318 4073 ⁸⁸
3357 4044 3496 4097 Luc.
3548 4062 3647 4110 xu,
3676 4047 3720 4097 i.

1040 4115 1085 4144 ⁸⁸
1110 4113 1149 4167 ll
1181 4115 1306 4168 Cor.
1368 4132 1420 4177 ιι,
1457 4115 1573 4169 5-5.
1644 4114 1686 4145 ⁸⁷
1713 4116 1908 4183 Ephes.
1956 4132 2043 4178 vt,
2086 4114 2170 4167 l0.
2249 4116 2406 4168 “llas
2492 4115 2814 4181 similesque
2853 4115 3059 4183 passim
3117 4124 3475 4170 occurrentes
3516 4116 3723 4170 lacinia:

2138 1894 2228 1958 tis,
2258 1896 2545 1964 prwdicat‘e
2576 1898 2630 1951 in
2659 1898 2857 1954 lumine
2878 1939 2892 1963 ,
2938 1900 3092 1955 illum
3137 1903 3387 1957 timentes
3435 1906 3542 1974 qui
3577 1916 3752 1974 potest

2138 1989 2377 2042 animum
2427 1999 2478 2042 et
2539 2006 2731 2060 corpus
2783 1992 3019 2049 occidere
3067 2004 3117 2048 et
3166 1996 3377 2050 mittere
3427 1998 3487 2049 in
3551 2000 3750 2068 genen-

2139 2098 2263 2136 nam
2289 2082 2356 2138 ⁸⁸.
2395 2080 2617 2138 Fratres
2662 2084 2784 2148 ntei,
2824 2086 2881 2137 in
2908 2101 3067 2140 carne
3104 2086 3474 2151 ambulantes,
3514 2107 3629 2143 non
3668 2107 3750 2144 se-

2133 2166 2365 2219 cundum
2410 2184 2623 2222 carnem
2666 2169 2983 2228 militamus.
3013 2172 3177 2226 Arma
3212 2174 3360 2227 enim
3396 2176 3625 2229 militia.-
3652 2194 3745 2229 no-

2132 2269 2257 2314 stra:
2302 2276 2403 2313 non
2445 2260 2709 2328 carnalia,
2757 2262 2847 2316 sed
2875 2265 3111 2332 potentia
3136 2264 3269 2333 Deo,
3302 2269 3379 2319 ad
3408 2268 3741 2321 destructio-

2134 2367 2251 2404 nem
2293 2352 2653 2405 munitionum
2685 2392 2699 2417 ,
2744 2355 2970 2409 consilia
3010 2355 3367 2423 destruentes,
3426 2369 3478 2412 et
3530 2377 3737 2412 omnem

2131 2442 2511 2495 exultationem
2542 2443 2879 2499 extollentem
2909 2462 2964 2500 se
3000 2446 3248 2500 adversus
3284 2448 3583 2502 scientiam
3616 2450 3735 2513 Dei,

2132 2544 2182 2587 et
2226 2536 2282 2588 in
2311 2536 2673 2604 captivitatem
2731 2537 3023 2606 redigentes
3074 2554 3277 2591 omnem
3324 2542 3735 2611 cogitationem,

2132 2638 2181 2681 et
2220 2628 2273 2681 in
2312 2627 2617 2699 obsequium
2657 2628 2871 2709 Christo
2903 2630 3249 2699 perducentes
3274 2632 3345 2685 ⁸⁸.
3389 2632 3469 2688 De
3512 2646 3735 2697 (cetera,

2135 2722 2353 2790 fratres,
2389 2722 2769 2791 confortamini
2805 2724 2859 2776 in
2897 2722 3147 2792 Domino,
3176 2736 3228 2779 et
3256 2726 3311 2778 in
3343 2729 3597 2795 potentia
3629 2728 3741 2796 for-

2135 2815 2382 2869 titudinis
2412 2814 2525 2883 ejus
2555 2816 2597 2847 ⁸⁷
2619 2856 2635 2881 ,
2668 2823 2727 2870 ιιι
2754 2831 2858 2885 pax
2894 2816 3049 2872 vobis
3080 2817 3250 2872 multa
3281 2827 3339 2873 et
3370 2821 3737 2888 gratiaaDeo

2132 2916 2185 2962 et
2223 2906 2455 2962 Domino
2502 2917 2689 2962 nostro
2732 2906 2860 2965 Jesu
2906 2907 3130 2964 Christo
3173 2911 3552 2967 ministretur.
3605 2914 3736 2965 Am-

2132 2999 2422 3068 plectimur
2458 3008 2513 3054 et
2556 3000 2875 3055 osculamur
2897 3043 2912 3067 ,
2944 3018 3007 3057 ac
3039 3002 3083 3057 si
3120 3013 3451 3072 praesentes,
3489 3007 3733 3060 charitao

2134 3104 2240 3149 tem
2274 3104 2535 3160 vestram,
2580 3095 2634 3149 in
2683 3097 2889 3151 unitate
2935 3098 3185 3168 spiritus,
3230 3099 3285 3153 in
3315 3100 3551 3156 vinculo
3586 3104 3736 3171 pacis

2131 3198 2188 3243 et
2213 3189 2497 3244 charitatis
2534 3188 2760 3244 Christi.
2798 3188 3025 3259 Propter
3061 3192 3224 3261 quod,
3262 3194 3615 3262 charissimi,
3645 3212 3734 3249 e1—

2134 3288 2449 3350 spectantes,
2496 3281 2723 3349 satagite
2757 3282 3087 3335 immaculati
3117 3293 3166 3336 et
3206 3284 3465 3339 inviolati
3504 3288 3735 3341 inveniri

2132 3376 2186 3428 in
2220 3390 2370 3443 pace,
2402 3385 2453 3427 et
2497 3374 2715 3428 Domini
2742 3377 2920 3439 fnostri
2952 3376 3451 3446 longanimitatem,
3498 3382 3731 3434 salutem

2133 3466 2490 3530 arbitremini,
2543 3465 2589 3495 ⁸⁸
2637 3466 2774 3519 sicut
2824 3475 2873 3518 et
2928 3465 3277 3520 charissimtts
3337 3468 3521 3535 frater
3559 3478 3734 3522 noster

2134 3558 2341 3615 Paulus
2374 3558 2661 3613 secundum
2687 3559 2871 3611 datam
2897 3558 2999 3611 sibi
3034 3559 3358 3627 sapientiam
3389 3562 3619 3631 scripsit
3650 3578 3732 3615 ro-

2668 3747 2695 3763 ρ

2506 3830 2552 3862 ⁷⁸
2579 3830 2787 3885 Codex.
2818 3829 3029 3886 Theod.
3060 3832 3160 3887 lib.
3189 3847 3264 3895 ιι,
3311 3833 3376 3885 tit
3397 3859 3411 3885 ι
3436 3832 3464 3884 1
3499 3874 3513 3896 ,
3552 3841 3722 3889 const.

2507 3942 2520 3955 .
2546 3901 2578 3953 6
2602 3944 2619 3959 .
2662 3902 2847 3957 Omnis
2879 3920 3178 3959 Oppressus.
3260 3905 3302 3933 7’
3322 3903 3443 3956 Lib.
3506 3920 3558 3959 t.
3596 3906 3722 3959 Cod.

2129 3833 2425 3900 provincia.

2592 4044 2648 4074 ’⁸³
2674 4044 2863 4097 Matth.
2912 4060 3001 4096 xvi
3028 4083 3044 4106 ,
3077 4044 3163 4097 18.
3272 4044 3318 4073 ⁸⁸
3357 4042 3496 4097 Luc.
3548 4062 3647 4110 xu,
3676 4047 3720 4097 i.

444 4199 477 4240 e
523 4185 706 4240 bibliis
758 4184 1047 4254 descriptae
1099 4184 1261 4254 longe
1325 4186 1527 4240 absunt
1592 4201 1624 4239 a
1700 4186 1841 4255 stylo
1882 4186 2166 4250 Anacleti,
2230 4187 2523 4243 alteriusve
2573 4185 2807 4240 Romani
2861 4185 3153 4255 pontiﬁcis.

514 4429 593 4499 (9)
635 4427 767 4493 Qua:
809 4444 901 4495 per
930 4428 1165 4498 singulos
1203 4443 1367 4481 annos
1402 4426 1479 4499 bis
1525 4427 1640 4496 ﬁeri
1681 4428 1830 4481 solet.
1870 4427 2032 4483 Juxta

448 4498 825 4571 apostolorum
859 4500 1031 4571 legem
1061 4515 1123 4571 ae
1150 4498 1607 4571 consuetudinem
1637 4516 1650 4552 :
1684 4500 1751 4553 de
1776 4514 1884 4568 qua
1912 4500 2033 4554 vide

447 4568 648 4629 canon.
678 4570 912 4638 apostol.
945 4570 1034 4623 58.
1071 4570 1199 4623 Sev.
1233 4568 1439 4623 BINIUS.

520 4642 634 4711 (10)
679 4639 912 4711 Majores
951 4640 1462 4694 cauete...adsedem
1504 4639 1871 4711 apostolicam,
1896 4640 2033 4709 refe-

452 4709 665 4767 rantur.
708 4709 820 4764 lloc
844 4712 1083 4763 Anacleti
1117 4712 1393 4763 decretum
1436 4711 1573 4764 bene
1602 4719 1655 4763 et
1684 4711 1831 4777 juste
1864 4710 2033 4763 latum

453 4799 577 4837 esse
606 4797 670 4835 ex
706 4796 770 4833 eo
796 4790 961 4849 patet,
987 4781 1128 4847 quod
1157 4779 1463 4833 universale
1493 4790 1544 4833 et
1576 4781 1876 4849 legitimum
1905 4781 2035 4835 Sar-

456 4855 679 4907 dicense
710 4850 1004 4904 concilium
1030 4866 1239 4903 canone
1276 4850 1310 4902 4
1347 4859 1400 4903 ct
1442 4850 1495 4914 '7,
1529 4851 1688 4919 plane
1718 4850 1860 4904 idem
1899 4867 2033 4904 con-

457 4922 700 4978 stituerit
730 4939 743 4973 :
775 4920 1033 4990 quodque
1054 4920 1305 4975 Gelasius
1330 4920 1383 4973 in
1406 4922 1652 4990 epistolis
1678 4922 1741 4974 ad
1771 4922 2034 4975 Faustum

455 5003 511 5046 et
543 4992 607 5045 ad
641 4990 929 5058 episcopos
962 4989 1247 5044 Dardaniae
1276 4989 1502 5056 scribat,
1536 4992 1835 5045 secundum
1868 5008 2035 5044 cano-

458 5078 554 5116 nes
588 5060 725 5119 fieri,
758 5061 902 5127 quod
931 5062 1096 5113 totius
1123 5060 1381 5115 Ecclesia:
1412 5062 1800 5130 appellationes
1832 5062 1898 5115 ad
1924 5060 2033 5114 Ro-

459 5146 634 5185 manae
667 5130 811 5183 sedis
840 5146 1068 5201 examen
1097 5130 1433 5201 deferantur,
1467 5133 1534 5185 ab
1567 5132 1682 5199 ipsa
1717 5141 1897 5185 autem
1932 5148 2030 5201 ap-

460 5201 669 5271 pellare
710 5200 913 5252 nemini
940 5203 1321 5271 permittatur.
1366 5200 1847 5271 Hancﬂappellandi
1894 5200 2029 5255 con-

457 5269 801 5327 suetudinem
839 5270 1278 5341 antiquissimam
1304 5288 1426 5326 csse
1457 5271 1513 5325 S.
1533 5269 1903 5341 Leo,epistola
1928 5272 2027 5328 89.

457 5348 712 5404 testatur,
745 5348 798 5393 et
839 5339 1349 5407 antiquissitttorttm
1404 5344 1469 5395 ad
1502 5343 1687 5395 sedem
1711 5339 2030 5394 Romanam

458 5410 863 5481 appellantium
876 5411 1122 5479 exempla
1148 5414 1493 5466 confirmant.
1528 5412 1765 5465 Marcion
1788 5413 1937 5481 enim
1966 5411 2033 5464 ab

456 5477 715 5550 episcopo
744 5479 799 5550 in
832 5477 1007 5550 Ponto
1037 5477 1548 5535 excommunicatus
1568 5523 1581 5547 ,
1628 5491 1689 5537 ut
1720 5498 1750 5535 a
1784 5480 2033 5535 Romano

456 5548 1154 5621 pontihce‘abeolveretur,
1210 5550 1439 5605 Romam
1481 5552 1647 5606 venit.
1694 5552 2032 5621 Epiphanius

455 5617 647 5692 [tmlt’bl
680 5618 763 5673 12.
779 5617 1119 5692 Fortunatus
1142 5631 1194 5675 et
1219 5621 1367 5675 Felix
1393 5622 1445 5673 in
1474 5622 1655 5675 Africa
1684 5638 1714 5675 a
1736 5617 2028 5692 Cfpriano,

456 5688 713 5760 llasilides
778 5688 844 5760 in
883 5687 1166 5757 llispania,
1219 5692 1475 5760 depositi,
1523 5693 1588 5745 ad
1618 5687 1933 5746 Cornelium
1979 5701 2032 5744 et

452 5756 790 5823 Stephanum
812 5756 1070 5814 Romanun
1093 5756 1347 5818 Ecclcsix
1366 5763 1648 5832 pontifices
1667 5762 2026 5833 appellarunt.

2139 4428 2444 4500 Cyprianus
2472 4429 2612 4485 libro
2636 4426 2834 4500 primo,
2863 4430 3095 4500 epistola
3129 4432 3164 4485 '5
3193 4440 3246 4487 ct
3283 4432 3335 4486 4,
3382 4432 3715 4488 Athanasius

2140 4500 2209 4553 ab
2244 4500 2597 4572 orientalibus
2622 4502 2935 4572 depositus,
2969 4502 3035 4555 ad
3064 4503 3373 4570 pontiﬁcem
3406 4502 3712 4572 appellavii,

2138 4580 2192 4643 et
2230 4571 2298 4624 ab
2341 4586 2415 4643 eo
2440 4573 2853 4643 restitutusest.
2882 4570 3222 4643 Soeomettus
3250 4573 3345 4625 lib.
3386 4570 3627 4643 ιιιίεορ.
3668 4572 3709 4622 7.

2137 4638 2452 4763 Pluraﬂpid'e
2484 4641 2627 4711 apud
2653 4639 2911 4695 Bellarm.
2938 4642 3032 4697 lib.
3063 4658 3127 4709 ιι,
3158 4641 3236 4696 De
3263 4643 3495 4697 Roman.
3528 4638 3710 4714 pontif.

2138 4728 2257 4763 can.
2365 4750 2379 4763 .
2439 4727 2489 4763 ι).

2138 4728 2257 4765 Ci”).
2288 4727 2348 4763 ’ΖΙ
2365 4750 2379 4763 .
2415 4727 2489 4765 ΙΙ).

2274 4728 2889 4865 Ιῗιρξιῐζηὶαιιιῃαρρδιοιξ
2917 4783 3021 4865 hate
3048 4791 3371 4865 statuerunt.
3409 4782 3570 4865 Hanc
3598 4800 3711 4865 apo-
3799 4744 3801 4865 ι

2138 4855 2406 4907 stolorunt
2464 4852 2912 4907 constitutionem
2962 4854 3219 4909 Clemens
3261 4856 3297 4907 Ι.
3351 4871 3392 4907 ιι
3446 4852 3710 4917 Constit.,
3800 4852 3801 4893 ἶ

2138 4937 2187 4975 c.
2216 4924 2320 4988 45,
2350 4937 2416 4976 ex
2449 4922 2901 4990 interpretatione
2929 4922 3189 4978 Turriani
3212 4966 3226 4988 ,
3269 4940 3334 4978 ex
3368 4923 3525 4978 Bovii
3562 4929 3709 4979 inter-

2136 4994 2435 5060 pretatione
2463 5002 2643 5046 autem
2678 5008 2729 5046 c.
2758 4992 2849 5055 49,
2881 5003 3131 5049 recenset
3161 4996 3246 5049 his
3267 4995 3451 5049 verbis
3479 5013 3494 5048 :
3534 5014 3556 5047 ι
3586 4996 3711 5050 Prae-

2137 5063 2284 5117 clara
2318 5063 2615 5135 Christiani
2650 5064 2770 5116 laus
2794 5074 2883 5135 est
2907 5106 2922 5131 ,
2966 5081 3090 5119 cum
3125 5066 3277 5120 nullo
3314 5066 3524 5119 habere
3557 5080 3708 5135 nego-

2136 5135 2294 5187 tium.
2336 5133 2493 5198 Quod
2547 5133 2592 5186 si
2641 5150 2709 5186 εχ
2758 5133 2942 5203 aliqua
2986 5136 3277 5189 vexatione
3322 5144 3377 5187 et
3419 5133 3708 5190 tentatione

2136 5204 2297 5257 alicui
2332 5204 2399 5258 lis
2434 5204 2661 5275 oriatur,
2692 5216 2849 5275 curet
2880 5214 2939 5258 ut
2968 5220 3033 5259 ea
3084 5207 3453 5275 transigatur,
3506 5204 3705 5260 etiamsi

2136 5275 2520 5350 detrimentum
2557 5274 2666 5343 pati
2697 5273 2928 5350 debeat;
2985 5291 3085 5350 nec
3128 5275 3198 5329 ad
3242 5273 3534 5350 ethnicum
3574 5277 3705 5350 judi-

2136 5345 2281 5397 cium
2314 5344 2571 5415 accedat,
2617 5345 2710 5397 sed
2754 5360 2855 5399 nec
2898 5348 3139 5415 patiatur
3168 5348 3483 5399 mundanos
3554 5344 3705 5411 Inagi-

2136 5413 2422 5469 stratusde
2443 5415 2600 5467 nobis
2632 5415 2726 5482 jus
2753 5413 2936 5470 dicere
2963 5436 2975 5470 :
3010 5431 3139 5470 nam
3172 5431 3272 5483 per
3307 5414 3433 5469 illos
3465 5418 3705 5471 diabolus

2136 5499 2321 5563 servos
2349 5484 2441 5537 Dei
2472 5493 2655 5550 vexat,
2692 5494 2750 5537 et
2779 5487 2936 5563 nobis
2967 5496 3154 5539 notam
3182 5485 3385 5563 inurit,
3418 5489 3702 5563 quasinon

2139 5555 2437 5607 habeamus
2466 5570 2567 5609 nos
2601 5570 2769 5609 unum
2813 5556 3117 5626 sapientem
3144 5595 3161 5619 ,
3210 5556 3305 5626 qui
3353 5556 3538 5623 possit
3584 5560 3701 5611 inter

2136 5634 2316 5693 partes
2353 5626 2445 5748 jlus
2486 5626 2873 5683 administrare
2921 5637 2977 5682 et
3026 5626 3435 5683 controversias
3489 5642 3701 5699 tempo-

2136 5710 2281 5748 nere.
2317 5714 2335 5746 ›
2395 5712 2447 5748 n.

2136 5710 2281 5751 HCI‘C.
2317 5714 2335 5746 υ
2372 5710 2447 5749 ID.

3796 5318 3802 5495 η
