3818 6216
47 274 174 333 80!
1571 270 1954 329 EPISTOLA‘].

52 414 185 481 bis,
236 413 389 469 sicut
435 422 485 468 et
528 413 586 468 in
617 412 857 467 omnibus
894 412 1165 484 epistolis,
1205 413 1419 483 loquens
1445 412 1499 465 in
1522 412 1597 465 eis
1627 412 1691 466 de
1721 393 1769 448 Α

51 476 190 570 his,
231 505 295 559 in
330 505 522 575 quibus
553 512 678 559 sunt
707 476 953 577 qutedam
982 476 1221 575 diﬁicilia
1249 476 1542 570 intellectu,
1575 519 1695 573 qua:
2571 476 2611 529 ί·

52 596 305 651 indocti
332 607 382 650 et
407 596 683 651 instabiles
712 598 1022 667 depravant,
1047 598 1186 652 sicut
1225 605 1275 650 et
1303 604 1522 651 cazteras
1550 594 1694 649 Scri-

53 700 312 758 pturas,
365 690 436 743 ad
492 707 647 744 suam
697 692 1068 761 perditionem.
1122 690 1223 744 Vos
1278 708 1423 761 ergo,
1471 691 1691 762 fratres,

56 781 441 851 praesciean
487 783 751 836 custodite
788 798 806 835 :
841 801 905 837 ne
956 785 1326 854 insipientium
1372 800 1550 838 errore
1582 792 1695 837 tra-

61 873 274 939 ducti,
308 874 572 928 ezcidatis
603 892 635 928 a
661 876 880 945 propria
912 876 1189 945 ﬁrmitate.
1225 875 1460 932 Crescite
1490 893 1609 931 vero
1638 876 1695 929 in

62 967 285 1035 gratia
324 976 376 1019 et
416 968 712 1036 cognitione
760 966 975 1021 Domini
1012 970 1183 1023 nostri
1228 967 1357 1023 Jesu
1406 966 1606 1023 Christi
1644 979 1693 1023 et

66 1057 411 1112 Saluatoris
437 1057 503 1115 ⁸⁸.
541 1056 641 1113 Vos
673 1068 870 1123 autem,
902 1060 1224 1128 charissimi,
1251 1078 1503 1116 memores
1532 1072 1694 1117 estote

66 1149 407 1217 verborum,
456 1167 574 1221 qua:
607 1153 868 1220 prazdicta
913 1161 1033 1206 sunt
1079 1155 1142 1207 ab
1191 1154 1445 1224 apostolis
1476 1154 1693 1209 Domini

67 1241 275 1295 nostri
311 1240 442 1295 Iesu
473 1242 693 1307 Christi,
740 1244 830 1313 qui
878 1244 1121 1298 dicebant
1158 1245 1324 1312 vobis,
1362 1248 1611 1318 quoniam
1638 1249 1695 1302 in

68 1335 397 1388 novissimo
427 1344 657 1403 tempore
690 1336 896 1390 venient
927 1334 1197 1407 illusores,
1240 1339 1528 1393 secundum
1555 1340 1695 1395 desi-

70 1424 253 1479 deria
285 1443 387 1480 sua
429 1426 762 1481 ambulantes
803 1429 859 1481 in
888 1425 1178 1499 impietate.
1228 1429 1303 1484 Hi
1341 1440 1463 1486 sunt
1494 1432 1585 1501 qui
1609 1449 1692 1487 se-

73 1518 1283 1618 g‘fcga"‘_seme‘fps‘35~_a’fimal“2Sﬂlfﬂum
1307 1539 1408 1577 ηοη
1425 1524 1691 1618 ἰαθεηιεεο
1796 1548 2074 1614 unctione,
2123 1549 2374 1618 exemplo
2419 1518 2811 1618 prophetarum
2846 1556 2901 1601 et
2942 1518 3154 1617 regum,
3210 1518 3388 1616 capita

88 1605 214 1660 Vos
249 1616 453 1711 autem,
483 1609 806 1715 charissimi,
837 1613 1327 1681 superaediﬁcantes
1352 1616 1694 1686 vosmetipsos
1797 1658 1988 1699 eorum
2022 1605 2198 1715 (ἧλοι-θ
2230 1605 2605 1712 apostolorum
2629 1650 2683 1694 et,
2705 1639 2929 1711 Moysis)
2950 1605 3236 1711 tingentes,
3261 1605 3388 1710 quia

74 1708 466 1803 sanctissime
504 1710 691 1807 vestra:
714 1702 867 1807 ﬁdei.1
910 1721 963 1807 in
1003 1703 1213 1774 Spiritu
1247 1717 1432 1761 sancto
1462 1717 1693 1807 orantes,
1727 1740 1774 1801 Β
1802 1735 1984 1790 omnis
2016 1733 2381 1789 sanctiﬁcatio
2409 1741 2625 1788 constat
2664 1733 2718 1787 in
2752 1732 2957 1802 Spiritu
2983 1740 3194 1798 sancto,
3230 1732 3390 1801 cujus

74 1807 248 1894 ipsos
295 1808 387 1895 vos
426 1808 482 1846 in
507 1793 795 1895 dilectione
821 1795 1698 1895 Dei.servatetepspecutnwimi‘
1804 1828 1977 1883 virtus
2018 1826 2313 1882 invisibilis
2354 1835 2546 1882 sancto
2579 1826 2864 1881 chrismati
2895 1833 2979 1881 est
3020 1826 3307 1895 permista,
3338 1835 3392 1880 ct

76 1882 460 1937 sericordiam
508 1884 723 1939 Domini
770 1888 941 1942 nostri
987 1887 1117 1943 .lesu
1177 1889 1381 1945 Christi
1429 1893 1483 1945 in
1534 1892 1698 1947 vitam

1823 1934 1909 1975 106
1936 1919 2046 1973 ritu
2079 1918 2380 1974 solemnem
2405 1919 2680 1974 celebrent
2707 1919 3132 1973 ordinationem.
3164 1919 3209 1949 9’
3234 1917 3391 1984 Quod

77 1984 397 2080 animum",
428 1975 492 2080 Et!
523 1977 614 2031 hos
643 1977 854 2080 quidem
876 1982 1083 2050 “rgum
1103 1981 1403 2051 iudicato"
1433 1982 1554 2038 mas
1580 2000 1698 2039 υθτο
1803 2012 1849 2068 si
1874 2011 2040 2067 simul
2073 2027 2266 2066 omnes
2296 2013 2595 2066 convenire
2627 2012 2852 2066 minime
2889 2020 3167 2080 poterunt,
3200 1975 3392 2067 assen-

82 2068 339 2171 salvate,
361 2069 573 2174 deligne
600 2072 885 2141 rapientes.
920 2073 1059 2128 Aliis
1086 2086 1263 2130 autem
1292 2077 1618 2133 miseremini
1645 2080 1700 2133 in
1803 2120 1925 2161 sum
1958 2114 2138 2159 tamen
2164 2104 2279 2159 suis
2307 2104 2563 2173 precibus
2587 2068 2977 2174 ριιεειηαηι,ὐι
3010 2102 3078 2157 ab
3106 2068 3221 2173 ip'sa
3245 2103 3391 2157 ordi-

1918 658 1994 713 De
2039 659 2469 783 ordinationibu;
2515 658 2888 742 episcoporum
2935 667 2985 711 et
3026 656 3260 710 omnium

2420 744 2755 783 censorum.

2420 744 2755 785 ctertoorum.

1868 905 1912 936 θ’
1957 904 2347 961 Ordinationes
2392 906 2779 975 episcoporum
2848 903 3001 975 (12),
3059 904 3386 960 auctoritate

1795 997 2119 1066 apostolica,
2180 998 2250 1053 ab
2298 998 2557 1052 omnibus
2589 997 2683 1067 qui
2712 997 2765 1050 in
2791 996 2980 1051 eadem
3014 995 3217 1051 luerim
3258 1012 3385 1066 pro-

1798 1089 1973 1143 vincia
2006 1090 2279 1160 cpisc0pis
2306 1099 2433 1145 sunt
2462 1089 2804 1144 celebranda:
2830 1089 2897 1143 9’.
2929 1088 3033 1155 Qui
3061 1089 3225 1143 simul
3254 1104 3385 1143 con-

1795 1182 2100 1248 venientes,
2129 1183 2456 1237 scrutinium
2476 1182 2769 1251 diligenter
2792 1189 2975 1251 agant,
3002 1182 3385 1251 jejuniumun

1797 1290 1921 1329 cum
1961 1275 2219 1330 omnibus
2263 1276 2541 1331 celebrent
2590 1275 2866 1345 precibus,
2918 1284 2973 1329 et
3020 1290 3217 1328 manus
3259 1290 3383 1328 cum

1797 1365 2004 1421 sanctis
2055 1364 2389 1436 Evangeliis,
2443 1381 2567 1436 quae
2609 1366 2960 1435 praedicaturi
3009 1375 3157 1432 sunt,
3210 1366 3389 1434 impo-

1795 1466 1991 1513 nentes
2016 1455 2303 1512 Dominica
2334 1458 2442 1524 die,
2475 1459 2612 1511 hora
2642 1457 2802 1513 tertia
2828 1466 3072 1523 orantes,
3120 1472 3389 1526 sacraque

88 2161 328 2226 timore,
383 2161 614 2216 odientes
641 2178 757 2215 eam
789 2179 908 2233 qua:
946 2166 1185 2220 carnalis
1222 2175 1322 2235 est,
1374 2168 1696 2223 maculatam

87 2254 372 2308 tunicam.
406 2252 474 2307 Ei
503 2264 679 2308 autem
711 2257 801 2326 qui
828 2265 1012 2326 potens
1037 2270 1115 2313 est
1142 2275 1231 2313 vos
1254 2277 1564 2317 conservare
1585 2264 1699 2318 sine

86 2355 351 2417 peccato,
388 2356 439 2401 et
486 2350 809 2404 constituere
846 2360 967 2405 ante
1017 2363 1351 2422 conspectum
1381 2354 1566 2425 gloria:
1590 2374 1702 2412 sua:

87 2440 489 2494 immaculatos
519 2442 576 2495 in
606 2442 982 2511 exsultatione,
1030 2445 1132 2499 soli
1161 2444 1268 2499 Deo
1300 2444 1569 2502 Salvatori
1609 2464 1705 2502 no-

97 2539 227 2584 stro
256 2547 353 2599 per
376 2530 563 2586 Iesum
604 2532 876 2589 Christum
908 2535 1196 2591 Dominam
1228 2548 1489 2606 nostrum,
1530 2541 1705 2611 gloria

93 2632 152 2678 et
203 2625 630 2694 magniﬁcentia,
673 2628 958 2698 imperium
998 2639 1051 2684 et
1086 2640 1343 2700 potestas,
1368 2644 1492 2687 ante
1527 2637 1705 2689 omnia

94 2716 335 2781 sarcula,
393 2724 443 2769 et
500 2731 637 2771 nunc
692 2727 743 2772 et
801 2720 859 2774 in
881 2720 1061 2775 omnia
1113 2723 1311 2777 sarcula
1366 2725 1701 2780 surculorum.

95 2810 145 2863 Α
160 2825 283 2862 men
299 2807 366 2863 ".

682 2944 1028 3003 EPISTOLA
1076 2950 1135 3006 ll.

1803 2200 2025 2252 natione
2061 2198 2250 2251 animo
2288 2211 2397 2250 non
2430 2196 2632 2251 desint.
2676 2197 2721 2227 θ’
2752 2194 2927 2249 Porro
2969 2203 3023 2249 et
3072 2194 3393 2266 Hierosoly-

1803 2290 2065 2344 mitarum
2125 2290 2338 2360 primus
2384 2288 2836 2358 archiepisc0pus
2881 2287 3075 2342 beatus
3126 2285 3391 2351 Jacohus,

1804 2384 1897 2454 qui
1917 2384 2105 2453 justus
2140 2384 2454 2448 dicebatur,
2490 2392 2544 2439 et
2570 2382 2871 2438 secundum
2897 2398 3143 2449 carnem,
3177 2382 3391 2438 Domini

1804 2486 2156 2548 nuncupatus
2198 2486 2283 2533 est
2318 2477 2487 2533 frater
2515 2519 2528 2544 ,
2562 2492 2592 2531 a
2622 2476 2805 2541 Petro,
2853 2476 3058 2534 Jacobo
3092 2488 3145 2531 et
3183 2475 3395 2531 Joanne

1806 2572 2067 2642 apostolis
2128 2580 2214 2627 est
2276 2571 2604 2636 ordinatus,
2669 2569 3085 2625 successoribus
3140 2569 3394 2625 videlicet

1806 2662 2065 2717 dantibus
2111 2661 2344 2717 formam
2394 2676 2618 2725 eorum,
2669 2669 2729 2715 ut
2777 2676 2888 2714 non
2926 2661 3110 2714 minus
3150 2676 3313 2730 quam
3363 2676 3393 2715 a

1812 2754 1988 2809 tribus
2037 2753 2309 2824 episcopis
2341 2795 2357 2821 ,
2411 2753 2749 2823 reliquisque
2797 2753 3054 2807 omnibus
3104 2767 3392 2807 assensum

1808 2846 2200 2914 praebentibus,
2228 2846 2502 2899 ullatenus
2525 2844 2817 2914 episcopus
2842 2843 3217 2909 ordinetur,et
3246 2859 3393 2898 com-

1809 2935 1963 2989 muni
2025 2946 2153 2991 voto
2204 2935 2478 2990 ordinatio
2535 2934 2863 2990 celebretur.
2906 2934 2952 2965 ³⁸
2998 2933 3214 3002 Reliqui
3265 2949 3386 2987 veru.

1812 3026 2125 3081 sacerdotes
2150 3043 2179 3080 a
2205 3028 2430 3097 proprio
2466 3026 2790 3079 ordinentur
2821 3024 3100 3093 episcopo,
3134 3024 3205 3077 ita
3233 3032 3292 3077 ut
3317 3024 3397 3077 ci-

101 3109 193 3156 νε
234 3100 574 3157 ordinatione
604 3105 1123 3186 archiepiscoporum
1152 3118 1207 3186 et_
1235 3108 1705 3186 reliquorumepi-
1733 3111 1777 3169 C
1813 3132 1905 3173 ves
1944 3130 1998 3172 et
2043 3118 2133 3173 alii
2181 3120 2495 3174 sacerdotes
2521 3132 2812 3173 assensum
2842 3117 3143 3186 praebeant,
3174 3126 3227 3171 et
3253 3116 3391 3186 jeju-

185 3186 471 3251 scoporum
508 3185 668 3245 atque
710 3179 1046 3231 sacerdotum
1093 3187 1142 3232 et
1174 3180 1238 3233 de
1269 3182 1370 3250 ﬁde
1399 3183 1707 3252 cwterisque

184 3257 390 3298 causis.

190 3422 519 3478 ANACLE'I'US
543 3423 858 3495 episcopus,
875 3426 1149 3484 universis
1172 3430 1448 3500 episcopis
1474 3432 1529 3487 in
1554 3432 1711 3489 Italia

113 3516 462 3570 constitutis.

191 3607 465 3675 Quoniam
492 3612 535 3643 ⁹¹
562 3614 880 3683 apostolicae
911 3615 1057 3670 sedis
1080 3615 1317 3670 debitam
1348 3620 1711 3675 reverentiam

112 3718 251 3773 erga
287 3719 372 3759 me
405 3705 648 3761 charitas
688 3716 872 3762 vestra
921 3708 1221 3776 distribuit,
1270 3719 1322 3764 et
1370 3711 1498 3780 quia
1539 3713 1709 3781 pluri-

114 3811 273 3850 mum
298 3797 672 3854 venerationis
696 3838 711 3865 ,
738 3799 1048 3855 charissimi
1072 3801 1192 3868 ﬁlii,
1225 3803 1536 3871 praebuistis
1561 3804 1708 3874 (nam

114 3890 255 3945 licet
299 3888 585 3955 Ecclesia,
641 3895 697 3947 in
740 3909 849 3963 qua
880 3905 1105 3951 sanctus
1145 3898 1436 3966 apostolus
1463 3899 1709 3955 residens

116 3983 330 4050 docuit,
376 3986 790 4054 quodammodo
838 4002 937 4042 nos
984 3988 1354 4058 gubernacula
1400 3980 1704 4060 teneamus,

116 4088 307 4132 tamen
348 4077 672 4147 proﬁtemur
702 4094 805 4133 nos
828 4078 1038 4134 honore
1062 4089 1115 4135 et
1140 4083 1433 4137 sanctitate
1471 4083 1712 4138 minores

117 4182 269 4233 esse,
318 4178 373 4223 et
416 4178 705 4239 propterea
745 4170 973 4226 omnino
1014 4171 1362 4240 festinamus,
1393 4184 1454 4229 ut
1488 4177 1555 4231 ad
1591 4176 1710 4246 glo-

118 4260 263 4315 riam
295 4260 413 4330 ejus
447 4262 808 4317 beatitudinis
846 4264 1130 4332 pervenire
1174 4267 1510 4337 possimus);
1547 4268 1711 4338 igitur

120 4352 622 4407 consultationibus
676 4355 880 4409 vestris
936 4355 1154 4424 plenius
1213 4358 1707 4426 respondissemus,

1810 3220 2005 3267 nantes
2036 3212 2439 3267 ordinationem
2464 3210 2741 3265 celebrent
2773 3227 2788 3265 :
2815 3210 3068 3264 similiter
3099 3218 3151 3264 et
3178 3208 3396 3263 diaconi

1810 3310 2179 3374 ordinentur;
2230 3316 2551 3361 czeterorum
2596 3310 2777 3357 autem
2829 3303 3093 3372 graduum
3128 3303 3396 3358 distribu-

1812 3400 1971 3467 tioni,
2008 3399 2172 3453 trium
2205 3396 2482 3452 veracium
2530 3392 2941 3459 testimonium,
2980 3408 3105 3447 cum
3150 3391 3394 3463 episcopi

1812 3493 2019 3549 scilicet
2039 3492 2460 3562 approbatione,
2493 3487 2749 3545 sufﬁcere
2777 3495 2974 3557 potest.

2131 3874 2208 3930 De
2231 3874 2659 3929 accusationibus
2687 3875 3067 3944 episcoporum.

1886 4081 1929 4115 ³⁷
1956 4078 2251 4134 Accusatio
2273 4091 2490 4148 quoque
2522 4092 2738 4143 eorum,
2777 4090 2943 4146 super
2970 4091 3078 4146 qua
3119 4091 3222 4133 nos
3259 4091 3395 4132 con-

1815 4176 1997 4232 sulere
2020 4174 2296 4239 voluistis,
2322 4190 2431 4229 non
2459 4174 2566 4229 nisi
2598 4175 2668 4229 ab
2708 4173 2945 4240 idoneis,
2969 4182 3025 4228 et
3045 4174 3092 4205 ⁹⁸
3118 4175 3394 4244 probatis-

1816 4269 1972 4324 simis
2002 4269 2157 4334 viris,
2190 4277 2245 4322 et
2272 4267 2369 4338 qui
2410 4266 2823 4336 suspicionibus
2867 4274 2922 4319 et
2965 4264 3262 4320 sceleribus
3305 4281 3398 4318 ca—

1814 4371 1993 4427 reant,
2024 4360 2140 4414 ﬁeri
2171 4358 2366 4424 debet;
2401 4357 2528 4427 quia
2558 4356 2824 4411 Dominus
2862 4356 3004 4410 sacri
3036 4356 3121 4409 sui
3150 4356 3397 4424 corporis

123 4445 178 4502 si
209 4445 477 4512 licuisset;
526 4446 623 4501 sed
651 4447 988 4504 inﬁrmitatis
1012 4464 1077 4504 ac
1111 4450 1447 4520 reliquarum
1478 4468 1706 4522 oppres-
1736 4460 1783 4515 D
1814 4460 2169 4517 tractatores,
2204 4466 2235 4505 a
2280 4450 2482 4504 vilibus
2528 4457 2583 4503 et
2627 4447 2877 4516 reprobis
2927 4462 2991 4502 ac
3021 4460 3129 4501 non
3183 4446 3396 4501 idoneis

123 4540 344 4596 sionum
389 4554 557 4596 onere
622 4543 847 4611 pressi,
907 4543 1151 4599 breviter
1204 4548 1390 4614 (prout
1437 4544 1706 4599 Dominus

125 4632 333 4698 tribuit,
366 4642 419 4687 et
458 4642 517 4687 ut
557 4647 586 4686 a
640 4633 800 4687 beato
842 4632 1004 4690 Petro
1044 4636 1288 4705 principe
1334 4636 1707 4706 apostolorum

125 4740 322 4781 sumus
348 4726 601 4780 instructi
627 4766 641 4791 ,
679 4741 711 4779 a
740 4740 851 4796 quo
882 4736 939 4782 et
969 4728 1253 4799 presbyter
1309 4744 1432 4783 sum
1482 4729 1708 4784 ordina-

126 4816 241 4887 tus)
288 4817 525 4872 scribere
577 4817 735 4873 vobis
785 4818 955 4886 (sicut
999 4821 1256 4891 petiistis)
1302 4837 1410 4876 non
1463 4821 1705 4893 denega-

124 4924 323 4965 vnnus.

1812 4544 2067 4615 personis
2092 4542 2351 4597 infamari
2381 4541 2577 4607 noluit,
2610 4554 2712 4595 nec
2752 4537 3080 4594 calumniari
3122 4537 3393 4607 permisit,

1816 4637 1910 4693 sed
1957 4636 2073 4706 ipse
2136 4636 2359 4706 proprio
2410 4632 2623 4704 ﬂagello
2677 4642 2969 4701 peccantes
3015 4631 3327 4687 sacerdotes
3364 4646 3395 4684 a

1813 4729 2019 4798 templo
2042 4727 2222 4797 eiecit.
2249 4726 2408 4783 Unde
2437 4725 2633 4795 liquet,
2662 4723 2808 4793 quod
2834 4722 3034 4778 summi
3065 4722 3394 4789 sacerdotes,

1814 4823 1869 4877 id
1914 4832 2000 4878 est
2049 4821 2293 4892 episcopi
2314 4821 2383 4887 θ’,
2416 4835 2446 4874 a
2495 4818 2609 4873 Deo
2658 4825 2787 4873 sunt
2810 4817 3093 4887 judicandi
3121 4858 3135 4882 ,
3166 4831 3276 4881 non
3329 4815 3398 4868 ab

1815 4915 2077 4970 humanis
2112 4922 2205 4969 aut
2243 4927 2425 4984 prava:
2458 4912 2585 4967 vitae
2626 4910 2943 4965 hominibus
2972 4908 3270 4975 lacerandi,
3299 4907 3396 4962 sed

241 5172 282 5242 9
317 5170 359 5225 ll
402 5170 547 5227 Petr.
600 5188 683 5242 ιιι,
716 5173 902 5227 14-18.
995 5173 1039 5204 ⁹⁰
1097 5172 1258 5238 «Ιιιίὶο,
1303 5172 1488 5226 17-25·
1567 5172 1705 5226 "Da

1823 5174 1849 5226 si
1886 5188 1973 5242 ep.
2011 5172 2078 5226 ad
2122 5169 2430 5242 Orientales
2457 5167 2625 5242 φήῃ.
2668 5165 3137 5242 II_i_storr_(e_c.A15__,
3173 5166 3269 5220 lib.
3316 5181 3395 5242 ts,

130 5259 201 5300 ex
236 5241 552 5298 Theodoreti
588 5241 735 5296 Hist.
767 5259 820 5306 ν,
859 5243 944 5296 l0.

131 5329 438 5384 scoparum:
466 5323 521 5367 et
555 5314 611 5367 in
644 5313 796 5384 Decr.
828 5313 980 5367 Ivon.
1019 5313 1110 5384 lib.
1146 5328 1225 5366 ιιι.

134 5383 228 5450 66,
247 5383 432 5446 Porro,
460 5394 563 5439 etc.
644 5386 691 5416 ³⁸
708 5383 843 5438 Dist.
874 5385 939 5436 67
960 5424 975 5447 ,
1009 5383 1214 5452 Reliqui
1242 5384 1561 5436 sacerdotes.

1047 5243 1091 5273 θ’
1112 5242 1245 5297 Dist.
1284 5242 1372 5305 64,
1408 5242 1657 5296 Ordinat.
1683 5245 2069 5311 episcoporum.

1047 5313 1110 5365 il).
1146 5328 1225 5366 ιιι.
1304 5315 1351 5347 οδ
1376 5312 1510 5366 Dist.
1545 5313 1613 5366 64
1639 5352 1654 5366 .
1685 5313 1937 5366 Ordinat.
1975 5314 2069 5366 cui:

1425 5316 1510 5367 ist.
1545 5316 1613 5366 64
1639 5352 1654 5379 ,
1685 5316 1937 5366 Ordinat.
1975 5316 2359 5380 episcoporum.
2441 5316 2561 5361 “In
2615 5316 2771 5361 Decr.
2822 5316 2972 5361 tvon.
3011 5316 3103 5363 lib.
3139 5324 3232 5369 ιιι,
3263 5316 3391 5360 dist.

1429 5394 1561 5436 otes.
1691 5383 1735 5415 ’7
1762 5398 1846 5445 ιιι,
1889 5391 2084 5453 quaest.
2118 5380 2172 5447 7,
2204 5379 2489 5435 Accusatio
2516 5395 2738 5449 quoque.
2759 5376 2825 5433 Et
2854 5379 2904 5432 in
2935 5377 3089 5434 Decr.
3130 5376 3391 5432 lvon.lib.

2148 5240 2424 5293 “Concil.
2457 5237 2576 5291 Nic.
2606 5255 2678 5303 IV,
2702 5239 2828 5291 dist.
2866 5236 2953 5301 75,
2998 5236 3247 5291 Ordinat.
3281 5238 3394 5304 epi-

2441 5310 2561 5361 “In
2615 5308 2771 5361 Decr.
2822 5306 2972 5361 Ivon.
3011 5308 3103 5363 lib.
3139 5324 3232 5369 ιιι,
3263 5306 3393 5360 dist.

137 5471 212 5512 Iv.
284 5454 439 5523 περ.
472 5455 818 5510 Constantini
849 5455 920 5507 Μ.
946 5455 1014 5508 ad
1033 5455 1342 5508 Ablavium.
1415 5455 1460 5486 ’9
1480 5452 1707 5509 Isid.sen

1829 5452 1921 5519 u,’
1952 5452 2041 5507 59.

217 5705 317 5775 (l2)
359 5702 735 5775 Ordinatiorres
783 5703 1140 5775 episcoporum
1213 5699 1287 5755 De
1325 5698 1720 5768 episcoporum
1760 5696 2129 5755 ordinatione.
2163 5694 2285 5750 vide
2347 5707 2468 5763 quae
2539 5689 2778 5745 diximus
2823 5699 2985 5756 supra
3048 5698 3101 5738 in
3133 5682 3277 5738 uotis
3324 5681 3392 5737 ad

143 5772 330 5834 canon.
362 5786 540 5849 apost.
579 5775 628 5829 1.
661 5772 778 5828 Sev.
816 5773 1022 5828 BINIUS.
