3818 6216
459 295 565 351 805

1796 286 1887 341 AN
1899 285 2144 342 ACLETI
2190 284 2387 339 PAPA'I

3664 290 3768 346 ﬁt

460 411 643 480 potius
671 410 740 464 ab
767 409 1028 463 omnibus
1054 409 1123 441 ¹⁶⁶
1159 410 1412 466 fidelibus
1454 406 1734 480 portandi,
1770 407 1891 475 ipso
1934 405 2043 458 Do-
2074 412 2119 466 Α
2148 402 2294 456 tibus
2326 399 2677 463 consentire;
2734 398 2864 469 quia
2918 412 3029 453 non
3094 398 3271 454 solum
3316 397 3418 469 qui
3474 396 3762 461 faciunt.

2144 493 2479 547 damnantur
2504 533 2519 557 ,
2554 493 2649 545 sed
2699 491 2797 559 qui
2840 489 3192 544 consentiunt
3232 488 3635 545 facientibus.
3695 490 3763 545 De

2145 579 2345 633 talibus
2381 588 2436 633 et
2488 579 2574 632 his
2623 579 2894 633 similibus
2944 579 3064 648 ipsa
3108 576 3319 634 Veritas
3364 580 3447 633 ait
3486 598 3507 633 :
3563 579 3763 650 Vulpes

2144 672 2319 739 foveas
2349 670 2574 736 habent,
2603 682 2652 724 et
2690 671 2921 724 volucres
2967 670 3083 723 εωιί
3112 672 3263 725 nidos
3287 685 3306 723 :
3338 668 3391 723 Ρ
3396 672 3544 723 ilius
3576 684 3763 725 ante:

2143 764 2373 819 hominis
2400 781 2503 818 non
2531 764 2684 817 habet
2710 765 2799 816 ubi
2828 773 2987 833 caput
3028 781 3184 817 suum
3216 750 3438 817 rec'linet
3464 764 3549 829 ",
3590 764 3655 819 id
3688 775 3765 818 est

2143 858 2200 911 in
2232 858 2433 911 talibus
2456 874 2565 912 non
2595 859 2806 913 habitat
2835 856 3118 923 Dominus,
3139 872 3239 912 nec
3263 858 3369 927 ipsi
3413 867 3684 912 manent
3714 861 3763 910 iu

2141 964 2228 1005 eo.
2250 947 2317 1002 Et
2350 948 2611 1005 Salomon
2638 950 2903 1020 loquitur,
2931 950 3121 1004 dicens
3150 968 3162 1002 :
3196 948 3301 1015 Qui
3326 950 3476 1018 fodit
3504 951 3760 1018 foveam.

2140 1042 2336 1095 incidet
2369 1044 2423 1095 in
2450 1060 2565 1096 eam
2589 1058 2607 1095 :
2638 1052 2688 1096 et
2722 1044 2813 1113 qui
2849 1042 3007 1095 volvit
3042 1041 3307 1111 lapidem,
3340 1052 3676 1096 revertetur
3702 1044 3762 1093 ad

2138 1150 2278 1187 eum.
2303 1133 2513 1203 Lingua
2545 1134 2720 1203 fallax
2744 1151 2847 1187 non
2882 1142 3029 1187 amat
3055 1135 3351 1199 veritatem,
3376 1143 3433 1187 et
3473 1151 3542 1187 os
3578 1134 3759 1187 lubri-

2140 1245 2258 1281 cum
2289 1240 2541 1298 operatur
2564 1229 2749 1281 ruinas
2778 1228 2842 1281 ".
2880 1226 3048 1281 Grave
3075 1238 3155 1281 est
3183 1243 3400 1293 saxum,
3427 1238 3484 1282 et
3516 1244 3758 1282 onerosa

2137 1337 2341 1375 arena:
2372 1322 2461 1375 sed
2506 1323 2589 1374 ira
2625 1320 2801 1387 stulti,
2840 1331 3060 1391 utroque
3100 1321 3312 1391 gravior
3340 1321 3408 1374 η.
3447 1320 3757 1375 Hominem

2136 1416 2227 1481 qui
2260 1413 2621 1466 calumniatur
2649 1414 2845 1466 anima:
2881 1414 3211 1482 sanguinem,
3231 1414 3279 1466 si
3313 1429 3491 1482 usque
3539 1414 3627 1465 ad
3676 1414 3757 1465 la-

461 503 612 555 mino
642 501 952 568 exemplum
976 500 1162 568 dante,
1185 501 1406 571 quando
1441 515 1536 568 per
1568 498 1832 567 seipsum,
1854 505 1909 551 et
1932 510 2039 548 non

460 607 557 661 per
586 592 779 657 alium,
812 591 1133 655 vendentes,
1166 602 1221 645 et
1257 601 1502 644 ementes
1532 590 1693 658 eiecit
1721 589 1789 643 de
1818 586 2039 655 templo,

406 736 415 739 γ
456 693 512 734 et
535 696 752 736 mensas
774 682 1274 735 nummulariorum
1300 692 1351 734 et
1372 680 1661 734 cathedras
1688 678 2040 733 vendentium

460 774 684 841 prOprio
714 774 908 826 evertit
936 772 1169 839 ﬂagello,
1195 781 1249 825 et
1278 773 1440 841 ejecit
1460 773 1527 826 de
1558 772 1781 840 templo.
1806 770 1871 824 Et
1899 770 2042 825 sicut

456 864 586 916 alibi
618 866 693 917 ait
721 883 732 916 :
766 864 907 917 Deus
932 866 1077 917 stetit
1107 866 1161 917 in
1196 881 1465 933 synagoga
1504 865 1744 929 deorum,
1776 864 1829 915 in
1870 864 2038 916 medio

454 966 629 1009 autem
650 958 771 1009 deos
792 959 807 988 '
835 959 1067 1011 decernit
1091 961 1111 988 ²
1139 976 1152 1023 ;
1186 968 1239 1011 et
1259 960 1387 1012 alibi
1420 977 1432 1010 :
1468 957 1577 1027 Ego
1604 959 1750 1010 dixi:
1774 957 1866 1009 Dii
1888 958 2037 1023 estis,

456 1061 507 1101 et
552 1050 889 1117 ﬁliih‘xcelsi
923 1068 1100 1105 omnes
1121 1054 1159 1106 ³.
1224 1050 1419 1105 Nullus
1448 1052 1693 1119 enim(ut
1716 1053 1859 1119 reor)
1883 1051 2037 1105 inve-

455 1144 606 1195 nitur
658 1144 801 1196 inter
838 1160 970 1209 nos,
1005 1144 1097 1215 qui
1148 1145 1278 1199 velit
1320 1161 1482 1199 suum
1532 1161 1751 1198 servum
1792 1145 1861 1198 ab
1906 1144 2032 1208 alio,

452 1250 618 1303 quam
649 1251 678 1287 a
720 1252 797 1299 se,
839 1237 1075 1303 iudicari
1106 1255 1119 1290 :
1151 1238 1297 1306 quod
1344 1239 1388 1291 si
1424 1247 1812 1307 praesumptum
1847 1236 2035 1307 fuerit,

452 1334 551 1379 aut
596 1327 765 1379 multa
806 1329 921 1396 ipse
973 1329 1350 1398 indignatione
1393 1328 1683 1394 irascitur,
1730 1339 1825 1383 aut
1856 1333 2035 1399 potius

453 1422 718 1477 ultionem
749 1424 947 1491 quaerit
980 1440 1146 1493 super
1170 1442 1318 1478 cum.
1357 1424 1413 1479 Si
1459 1442 1587 1479 vero
1612 1426 1717 1479 hoc
1760 1426 1900 1480 inter
1930 1427 2033 1481 ho-

450 1513 629 1566 mines
655 1514 835 1580 agitur
856 1554 868 1575 ,
902 1513 1033 1581 quid
1085 1514 1288 1582 putatis
1330 1512 1492 1567 faciet
1521 1513 1663 1567 Deus
1690 1514 1940 1579 deorum,
1980 1522 2036 1568 et

452 1603 719 1658 Dominus
750 1606 1175 1667 dominantium,
1206 1606 1300 1675 qui
1333 1606 1599 1659 ultionem
1638 1620 1865 1660 suorum
1902 1621 2034 1675 pro-

451 1697 603 1749 misit
630 1712 737 1749 non
772 1697 989 1749 differre
1018 1697 1343 1750 servorum?
1374 1694 1529 1749 Unde
1558 1706 1612 1750 et
1640 1697 1755 1765 ipse
1783 1711 1877 1765 per
1892 1694 2029 1749 Pro-

2136 1521 2256 1558 cum
2284 1506 2504 1575 Ingerit,
2548 1522 2699 1559 nemo
2726 1507 2968 1559 sustinet.
3005 1505 3188 1569 Qui“
3210 1505 3390 1574 jactat
3425 1514 3481 1558 et
3516 1506 3753 1567 dilatat,

2128 1594 2315 1663 jurgia
2346 1598 2597 1649 concitat.
2642 1594 2749 1660 Qui
2781 1606 2957 1665 sperat
3004 1599 3060 1649 in
3112 1595 3360 1661 Domino,
3400 1596 3749 1651 salvabitur.

2138 1684 2244 1749 Qui
2281 1687 2500 1755 conﬁdit
2550 1688 2603 1739 in
2639 1686 2796 1741 corde
2837 1704 2964 1752 suo,
3014 1687 3210 1741 stultus
3233 1698 3311 1741 est
3341 1703 3360 1739 :
3406 1689 3512 1757 qui
3565 1698 3751 1740 autem

448 1788 667 1856 phetam
700 1788 960 1856 loquitur,
994 1792 1182 1843 dicens
1209 1807 1221 1841 :
1276 1788 1413 1841 Deus
1461 1788 1723 1841 ultionum
1748 1788 2030 1853 Dominus,

2135 1781 2383 1849 graditur
2426 1781 2717 1848 sapienter,
2768 1781 2877 1849 ipse
2916 1780 3229 1834 laudabitur
3256 1782 3320 1834 ¹⁹.
3370 1780 3493 1845 Qui
3526 1782 3749 1850 fortiter

453 1877 595 1930 Deus
628 1878 890 1931 ultionem
922 1879 1081 1932 libere
1128 1881 1231 1949 egit
1256 1880 1313 1932 ¹⁵ε
1347 1889 1403 1933 et
1430 1880 1663 1948 reliqua.
1696 1879 1759 1933 Et
1792 1881 2031 1947 Aposto-

453 1967 539 2021 lus
574 1968 751 2036 inquit
778 1987 789 2020 :
820 1968 898 2021 Tu
923 1970 1040 2038 quis
1068 1986 1143 2035 es,
1170 1971 1259 2038 qui
1277 1969 1492 2037 judicas
1525 1986 1731 2023 servum
1760 1970 2033 2024 alienum?

450 2057 561 2111 Suo
607 2061 745 2111 enim
779 2060 993 2112 domino
1037 2071 1142 2113 stat
1176 2072 1268 2112 aut
1300 2060 1443 2112 cadit
1467 2060 1509 2113 ⁸.
1559 2059 1626 2113 Et
1658 2062 1811 2129 ipse:
1849 2060 2032 2116 Nolite

440 2150 690 2220 judicare
717 2152 958 2217 invicem,
986 2153 1074 2205 sed
1104 2153 1200 2205 hoc
1238 2154 1483 2222 judicate
1512 2154 1701 2223 magis,
1727 2171 1789 2208 ne
1819 2156 2031 2223 ponatis

446 2242 829 2311 o/fendiculum
854 2244 1014 2312 fratri
1052 2245 1129 2297 vel
1158 2246 1473 2298 scandalum
1492 2248 1531 2300 ⁸.
1559 2245 1623 2299 Et
1648 2245 1911 2301 Dominus
1938 2262 2033 2316 per

446 2335 767 2403 prophetam
798 2336 975 2405 inquit
1003 2354 1014 2389 :
1054 2338 1159 2401 Qui
1203 2354 1291 2391 vos
1323 2339 1523 2408 tangit,
1555 2339 1725 2408 tangit
1768 2339 2031 2409 pupillam

446 2426 589 2477 oculi
627 2427 727 2478 mei
751 2427 792 2478 ⁷.
820 2424 955 2478 Nam
992 2427 1037 2480 si
1067 2426 1270 2497 aliquis
1299 2443 1444 2481 nunc
1488 2429 1542 2481 in
1585 2429 1791 2481 malum
1842 2429 2031 2484 oculos

448 2516 722 2586 alicujus”
752 2518 1018 2587 principis
1044 2520 1237 2589 incipit
1271 2530 1530 2585 tractare,
1566 2522 1857 2577 manifeste
1904 2538 2031 2577 reus

449 2609 755 2677 majestatis
782 2610 1087 2678 judicatur,
1122 2624 1176 2666 et
1206 2611 1429 2667 infamis
1459 2613 1709 2677 efﬁcitur,
1735 2625 1826 2670 aut
1850 2618 2032 2685 potius

447 2700 666 2768 capitali
721 2701 1003 2755 sententiae
1062 2702 1330 2771 subjacet.
1380 2702 1535 2769 Haec,
1592 2703 1823 2771 fratres,
1876 2706 2031 2760 valde

447 2794 686 2845 cavenda
722 2801 876 2857 sunt,
911 2802 965 2846 et
1013 2794 1159 2861 quod
1195 2795 1447 2849 homines
1492 2795 1688 2848 nolunt
1738 2796 1840 2851 sibi
1872 2797 1985 2850 fieri
2012 2838 2026 2863 ,

450 2883 563 2937 Deo
585 2884 813 2937 deorum
849 2900 959 2937 non
996 2886 1197 2939 debent
1226 2887 1445 2953 inferre,
1492 2903 1559 2941 ne
1593 2887 1731 2942 forte
1762 2889 2030 2944 irascatur

446 2974 733 3042 Dominus,
780 2986 834 3030 et
866 2975 1033 3030 faciat
1068 2978 1366 3032 vindictam
1397 2994 1612 3043 eorum,
1642 2982 1805 3035 etiam
1852 2982 1906 3035 in
1933 2996 2030 3036 eos

446 3069 541 3138 qui
562 3085 669 3123 non
690 3080 1075 3138 peccaverunt;
1102 3073 1229 3141 quia
1256 3073 1395 3141 perit
1414 3075 1909 3143 saapissimejnstus
1930 3090 2029 3145 pro

447 3161 634 3231 impio.
689 3161 993 3216 Imitandus
1045 3173 1130 3217 est
1180 3164 1343 3217 etiam
1389 3163 1693 3234 Propheta,
1728 3182 1822 3236 per
1866 3182 2029 3237 quem

449 3254 717 3308 Dominus
745 3256 821 3307 ait
849 3273 862 3309 :
898 3253 1343 3308 Perambulabam
1381 3259 1437 3308 in
1467 3257 1810 3325 simplicitate
1858 3259 2031 3311 cordis

446 3348 569 3413 mei,
594 3349 649 3400 in
676 3348 848 3400 medio
870 3347 1058 3400 domus
1087 3364 1214 3402 mete
1237 3364 1254 3400 :
1292 3347 1415 3401 Non
1450 3365 1642 3419 ponam
1662 3350 1880 3403 coram’
1906 3366 2031 3404 ocu-

445 3439 514 3492 lis
540 3440 667 3492 meis
694 3442 901 3493 verbum
929 3439 1102 3493 Belial
1128 3441 1191 3493 ¹⁰.
1219 3438 1538 3511 Loquentem
1564 3442 1602 3473 ¹¹
1635 3444 1691 3494 in
1722 3443 2031 3496 abscondito

444 3545 630 3586 contra
658 3536 959 3603 proximum
991 3536 1033 3565 "
1070 3551 1244 3601 suum,
1271 3535 1408 3588 hunc
1432 3537 1752 3605 interﬁciam
1778 3536 1912 3592 ¹⁹·¹¹⁵.
1966 3537 2034 3593 Et

447 3628 503 3680 hi
544 3628 770 3681 cavendi
803 3639 952 3694 sunt,
987 3629 1053 3682 de
1089 3629 1292 3697 quibus
1323 3628 1582 3685 Salomon
1612 3634 1688 3684 ait
1715 3648 1730 3686 :
1762 3631 1913 3685 Sicut
1939 3649 2032 3686 no-

442 3721 566 3773 xius
596 3731 673 3774 est
707 3722 797 3790 qui
834 3723 999 3775 mittit
1043 3722 1278 3789 lanceas,
1325 3734 1372 3777 et
1410 3726 1636 3793 sagittas
1688 3726 1743 3779 in
1786 3736 2029 3793 mortem,

445 3814 521 3866 sic
554 3814 634 3865 vir
686 3814 777 3883 qui
824 3814 1195 3881 fraudulenter
1242 3828 1388 3871 nocet
1434 3818 1605 3869 amico
1644 3834 1774 3883 suo,
1817 3830 1866 3872 et
1912 3835 2031 3872 cum

448 3906 611 3973 fuerit
647 3906 996 3975 deprehensus
1027 3908 1200 3959 dicit:
1234 3906 1446 3962 Ludens
1487 3910 1607 3977 feci.
1643 3908 1794 3964 Sicut
1840 3912 2029 3965 carbo-

446 4012 534 4049 nes
558 3996 625 4048 ad
650 4012 872 4064 prunas,
892 4005 939 4049 et
965 3996 1113 4066 ligna
1143 3998 1212 4050 ad
1240 3998 1434 4068 ignem,
1458 4000 1536 4052 sic
1564 4000 1717 4053 homo
1739 4002 2030 4055 iracundus

445 4088 668 4141 suscitat
702 4089 871 4143 rixas.
912 4088 1080 4142 Verba
1117 4093 1426 4145 susurronis
1472 4095 1629 4161 quasi
1664 4094 1949 4163 simplicia,
1980 4104 2031 4147 et

446 4181 563 4248 ipsa
588 4182 898 4251 perveniunt
922 4180 991 4235 ad
1015 4183 1205 4236 intima
1227 4185 1420 4237 ventris
1442 4185 1505 4238 ’⁵.
1537 4184 1669 4240 Etsi
1693 4186 2029 4243 detractores

444 4288 903 4343 quorumcunque
956 4276 1192 4345 graviter
1242 4276 1601 4346 judicantur,
1641 4290 1695 4333 et
1744 4280 1797 4333 in
1844 4280 2022 4349 perdi-

447 4366 613 4419 tionis
672 4366 926 4435 laqueum
981 4370 1223 4436 eadunt,
1288 4372 1460 4425 multo
1518 4372 1692 4441 magis
1765 4372 2031 4428 lacerato-

2135 1874 2325 1942 premit
2357 1874 2519 1927 ubera
2552 1875 2621 1927 ad
2657 1874 2973 1927 eliciendum
3009 1874 3115 1940 lac,
3144 1875 3398 1943 exprimit
3432 1876 3746 1945 butyrum:

2134 1967 2225 2036 qui
2264 1966 2586 2020 vehementer
2625 1968 2858 2037 emungit
2885 2009 2899 2033 ,
2946 1967 3089 2021 elicit
3131 1969 3498 2038 sanguinem:
3547 1980 3604 2022 et
3658 1968 3745 2036 qui

2133 2068 2383 2129 provocat
2429 2059 2577 2125 iras,
2632 2060 2878 2128 producit
2919 2060 3216 2114 discordias
3239 2060 3308 2112 ’°.
3344 2058 3486 2114 Hec
3532 2071 3595 2114 et
3639 2060 3743 2113 alia

2136 2151 2447 2223 periculosa
2498 2152 2912 2207 considerantes
2963 2153 3195 2222 apostoli
3246 2160 3622 2217 statuerunt,
3678 2167 3741 2205 ne

2134 2247 2293 2302 facile
2337 2255 2855 2313 commoverentur,
2913 2256 3008 2300 aut
3051 2246 3431 2301 lacerarentur
3458 2286 3479 2311 ,
3515 2246 3605 2300 vel
3651 2260 3740 2299 ac-

2134 2352 2462 2397 cusarentur
2516 2343 2787 2396 columna:
2837 2350 3039 2394 sanctas
3097 2338 3193 2393 Dei
3244 2337 3521 2393 Ecclesiae
3553 2378 3573 2403 ,
3616 2352 3734 2409 qua:

2134 2436 2369 2505 apostoli
2417 2446 2470 2488 et
2509 2446 2861 2488 successores
2917 2446 3109 2485 eorum
3151 2446 3262 2485 non
3308 2430 3606 2484 immerito
3648 2430 3728 2483 di-

2134 2537 2359 2583 cuntur.
2397 2528 2437 2557 ¹¹
2468 2524 2573 2579 Sed
2609 2526 2655 2579 si
2694 2524 2819 2594 quis
2868 2524 3133 2579 adversus
3178 2538 3274 2578 eos
3330 2523 3419 2578 vel
3467 2522 3729 2577 ecclesias

2132 2636 2323 2675 eorum
2383 2626 2695 2675 commotus
2750 2616 2953 2677 fuerit.
3011 2624 3107 2670 aut
3162 2629 3364 2670 causas
3424 2614 3725 2679 habuerit;

2132 2716 2288 2784 prius
2317 2714 2385 2768 ad
2412 2729 2508 2769 eos
2538 2722 2789 2769 recurrat
2816 2710 3102 2767 charitatis
3130 2708 3337 2774 studio,
3373 2716 3437 2760 ut
3464 2705 3727 2761 familiari

2132 2807 2408 2875 colloquio
2430 2805 2754 2861 commoniti
2777 2820 2842 2860 ea
2880 2811 3096 2869 sanent,
3135 2816 3259 2871 qua:
3286 2799 3549 2857 sananda
3581 2812 3723 2863 sunt,

2132 2900 2186 2945 et
2230 2892 2554 2947 charitative
2597 2893 2931 2957 emendent,
2990 2908 3114 2962 quae
3165 2892 3316 2961 juste
3376 2890 3725 2947 emendanda

2132 2987 2480 3056 agnoverint.
2533 2988 2592 3039 Si
2632 2996 2816 3040 autem
2865 2986 3036 3056 aliqui
3068 3000 3185 3049 eos,
3236 2983 3582 3055 priusquam
3628 2985 3725 3039 hoc

2059 3113 2101 3171 α
2136 3081 2367 3149 egerint,
2401 3080 2667 3147 lacerare,
2692 3094 2986 3142 accusare,
3020 3087 3115 3132 aut
3160 3076 3427 3133 infestare
3458 3092 3727 3147 presum-

2137 3174 2369 3243 pserint,
2398 3172 2967 3238 excommunicentur,
2995 3180 3051 3226 et
3077 3170 3305 3225 minime
3337 3171 3723 3236 absolvantur,

2133 3274 2427 3335 antequam
2475 3280 2571 3334 per
2618 3262 3049 3319 satisfactionem
3081 3265 3172 3335 (ut
3196 3263 3309 3333 jam
3360 3262 3585 3318 dictum
3614 3267 3724 3318 esti

2134 3358 2467 3427 condignam
2514 3357 2727 3428 egerint
2763 3357 3175 3428 paenitentiam,
3207 3356 3482 3426 quoniam
3522 3356 3723 3427 injuria

2132 3464 2323 3505 eorum
2379 3450 2448 3505 ad
2500 3450 2781 3505 Christum
2834 3450 3072 3520 pertinet
3114 3450 3193 3512 “,
3230 3448 3393 3517 cujus
3446 3448 3723 3521 legatione

2133 3539 2460 3612 funguntur.
2495 3539 2605 3596 Nec
2650 3541 2754 3595 hoc
2805 3541 3037 3607 mirum,
3072 3540 3200 3610 quia
3250 3541 3295 3595 si
3343 3541 3723 3611 quisquam-

2135 3644 2313 3690 strum
2351 3633 2571 3689 cuidam
2621 3648 2904 3688 servorum
2928 3633 2974 3663 ³³
3021 3631 3351 3701 legationem
3385 3632 3720 3705 iniungeret,

2132 3736 2243 3782 eta
2285 3740 2569 3795 quoquam
2622 3724 3012 3795 impediretur,
3057 3734 3151 3779 aut
3182 3725 3254 3779 ab
3286 3724 3481 3794 aliquo
3528 3726 3719 3781 subdi-

2133 3827 2315 3872 torum
2365 3830 2593 3871 suorum
2622 3816 3037 3885 despiceretur;
3068 3830 3197 3869 mox
3238 3815 3564 3884 indignatus
3606 3816 3719 3869 ira-

2133 3919 2403 3975 sceretur,
2434 3918 2531 3963 aut
2562 3908 2691 3962 talia
2723 3909 2912 3978 (prout
2956 3908 3164 3979 posset)
3205 3907 3540 3972 vindicaret,
3569 3918 3625 3963 et
3652 3909 3717 3963 ad

2134 4002 2395 4072 injuriam
2429 4017 2498 4057 ac
2529 4001 2920 4055 contumeliam
2973 4015 3130 4054 suam
3172 4000 3281 4064 hoc,
3307 3997 3518 4053 factum
3556 4015 3716 4070 repu-

2133 4105 2274 4151 taret
2317 4105 2370 4151 et
2394 4096 2652 4151 talionem
2682 4095 2751 4163 (si
2782 4095 2835 4148 in
2867 4094 3120 4164 praesenti
3147 4109 3256 4149 non
3280 4094 3491 4163 posset)
3516 4092 3715 4147 futuris

2132 4190 2474 4259 temporibus
2503 4189 2772 4243 redderet.
2804 4185 2939 4241 Nam
2972 4188 3019 4242 si
3050 4188 3105 4241 in
3134 4185 3377 4240 hominis
3401 4198 3572 4239 causa
3600 4182 3711 4238 hac

2133 4282 2306 4349 fiunt,
2347 4283 2478 4351 quid
2519 4282 2728 4351 putatis
2763 4280 2908 4336 Deus
2946 4279 3113 4334 faciet
3149 4280 3216 4334 de
3261 4278 3378 4333 suis
3404 4319 3420 4344 ,
3464 4278 3561 4347 qui
3614 4293 3710 4333 nec

2134 4376 2392 4444 capillum
2422 4375 2618 4444 capitis
2652 4388 2843 4428 eorum
2882 4373 3060 4443 perire
3100 4372 3301 4427 dixerit
3320 4370 3409 4422 ’δῖ
3458 4370 3614 4426 Unde
3660 4382 3709 4426 et

446 4472 569 4520 res,
620 4471 674 4513 et
732 4459 1067 4515 detractorcs
1126 4472 1288 4532 atque
1352 4473 1703 4519 accusatores
1756 4481 2030 4520 memora-
2065 4460 2104 4511 ῐ)
2135 4466 2402 4522 Dominus
2434 4482 2529 4537 per
2561 4465 2779 4520 Nabum
2821 4466 3141 4536 prOphetam
3177 4464 3442 4533 loquitur,
3475 4463 3703 4518 dicens:

448 4558 627 4603 torum
677 4548 771 4603 Dei
819 4548 1149 4606 famulorum
1198 4563 1365 4623 atque
1416 4564 1830 4624 persecuturum
1872 4557 2027 4611 dam-

446 4651 679 4705 nantur,
719 4650 774 4696 et
806 4642 859 4695 in
907 4642 1226 4698 barathrum
1250 4687 1264 4709 ,
1320 4647 1427 4701 nisi
1480 4663 1540 4703 se
1566 4650 1938 4713 correxerint,
1973 4659 2028 4704 et

445 4750 544 4803 per
597 4750 790 4788 eorum
832 4736 1269 4793 satisfactionem
1301 4740 1625 4811 condignam
1657 4744 1867 4813 egerint
1910 4758 2027 4814 poe-

448 4827 757 4893 nitentiam,
783 4828 1153 4885 indubitanter
1185 4832 1413 4898 vadunt,
1438 4842 1492 4887 et
1526 4833 1838 4890 vindicibus
1865 4834 2025 4890 flam-

448 4920 555 4972 mis
584 4931 913 4976 exuruntur.
958 4920 1303 4993 Quapropter
1349 4934 1563 4994 oportet
1602 4942 1793 4982 omnes
1834 4929 1904 4983 ab
1939 4929 2027 4985 his

447 5026 661 5078 cavere,
692 5021 747 5067 et
792 5028 902 5068 non
939 5016 1117 5070 solum
1168 5032 1275 5072 non
1323 5017 1525 5084 facere,
1559 5019 1654 5075 sed
1682 5036 1782 5076 nec
1812 5020 2024 5076 facien-

550 5339 617 5371 ¹⁰⁰
678 5338 995 5394 hominibus.

451 5412 473 5442 ‘
496 5408 653 5473 ibid.,
688 5409 775 5463 15.

1100 5346 1117 5374 ¹
1140 5345 1414 5401 discernit.

854 5410 1059 5466 ’Zach.
1094 5430 1154 5478 ll,
1183 5415 1216 5467 8
1316 5419 1336 5449 ⁸
1357 5416 1481 5472 Νοι.
1512 5435 1638 5474 vox.

452 5551 494 5582 ¹³
533 5550 789 5603 sodalem.

449 5621 584 5695 hunc
622 5622 1022 5691 interﬁciebam.
1104 5628 1146 5657 ¹³
1173 5626 1334 5682 Prov.
1376 5647 1503 5685 xxv:
1529 5673 1542 5695 ,
1574 5621 1759 5687 13—22.

519 5689 677 5773 Prov.
701 5689 897 5773 xxviii,
925 5695 1011 5766 l7,
1040 5697 1131 5765 Q5,
1160 5699 1249 5754 26.
1332 5689 1551 5758 "Prov.
1580 5720 1708 5773 xxx,
1733 5706 1822 5761 55.

451 5760 496 5792 ⁸⁸⁸
518 5759 647 5815 Luc.
681 5778 795 5829 ιιι,
828 5763 912 5818 l8.

1522 5351 1542 5380 ³
1581 5348 1727 5403 Psal.
1784 5368 1983 5417 Lxxxt,
2035 5353 2089 5405 1.

706 5424 810 5494 ιο..
860 5424 1059 5494 ’Lach.
1094 5430 1154 5478 ll,
1183 5424 1216 5467 δ
1268 5487 1281 5494 _
1316 5424 1638 5494 'Not._vo_35.
1700 5492 1711 5494 _
1738 5424 2125 5494 ’proponﬁeﬁbam
2175 5434 2296 5477 ante
2335 5425 2539 5479 oculos.

451 5495 551 5558 nas
606 5483 911 5558 variantes:
943 5483 1201 5558 lectiones
1251 5487 1523 5558 decerpsit
1571 5483 1906 5549 Harilui'nus'.
1965 5493 2067 5548 Ms.
2109 5510 2290 5547 coram
2352 5496 2519 5548 oculis
2574 5496 2784 5549 verbum
2838 5498 2945 5549 oris
3004 5496 3198 5549 Belial.

870 5552 988 5636 ίξ⁶¹δ
1009 5554 1157 5636 Psal.
1176 5572 1233 5636 ξ,
1267 5558 1324 5622 2,
1358 5552 1432 5612 ρκ’
1470 5561 1695 5636 interpr.
1722 5562 1805 5636 iS.
1842 5564 2177 5636 Hieronymi.
2256 5564 2357 5620 Ms.
2406 5566 2774 5619 Detrahentem
2814 5568 2869 5620 in
2919 5568 3234 5636 abscondito
3269 5566 3507 5619 sodalem
3556 5586 3691 5621 suam

1842 5636 1885 5665 ¹⁶
1916 5635 2058 5689 Luc.
2093 5653 2147 5701 Ix
2175 5676 2191 5702 ,
2220 5636 2311 5690 58.

1903 5708 1942 5737 ²¹
1966 5698 2153 5763 Aurel.
2177 5698 2250 5769 ἰν,
2275 5707 2359 5763 l7.

2100 4557 2274 4613 .Deus
2304 4557 2590 4612 aemulator
2617 4599 2631 4625 ,
2662 4567 2712 4611 et
2765 4556 3022 4612 ulciscens
3066 4555 3324 4610 Dominus
3348 4596 3365 4623 ,
3410 4563 3462 4608 et
3516 4555 3702 4609 habens

2132 4650 2387 4719 furorem,
2422 4650 2681 4704 ulciscens
2712 4649 2971 4704 Dominus
3002 4651 3058 4703 in
3100 4650 3275 4703 hostes
3323 4664 3469 4711 suos,
3501 4656 3552 4701 et
3589 4648 3701 4701 ira-

2129 4757 2278 4795 scens
2308 4742 2419 4811 ipse
2453 4741 2685 4796 inimicis
2730 4742 2879 4806 suis;
2911 4750 3034 4795 ante
3085 4740 3279 4809 faciem
3319 4739 3701 4810 indignationis

2127 4835 2245 4904 ejus
2275 4836 2392 4905 quis
2420 4835 2629 4889 stabit?
2653 4844 2703 4889 et
2739 4835 2856 4906 quis
2884 4835 3091 4888 resistet
3131 4834 3185 4886 in
3218 4834 3302 4886 ira
3327 4831 3529 4901 furoris
3554 4832 3702 4902 ejus?

2132 4925 2443 4997 Indignatio
2471 4926 2584 4995 ejus
2607 4926 2779 4995 e/Iusa
2808 4935 2887 4980 est
2912 4927 3051 4980 sicut
3077 4926 3238 4995 ignis,
3258 4934 3308 4978 et
3334 4933 3500 4994 petra:
3530 4924 3697 4978 disso-

2134 5019 2260 5074 lutae
2288 5031 2412 5075 sunt
2454 5021 2519 5073 ab
2557 5037 2639 5075 eo.
2670 5019 2851 5075 Bonus
2878 5031 2955 5076 est
2988 5020 3269 5086 Dominus,
3309 5028 3362 5071 et
3405 5018 3697 5088 confortans

3736 5192 3755 5220 ι’

2168 5354 2189 5383 ³
2225 5353 2391 5417 ibid.,
2450 5353 2501 5406 6.
2585 5353 2605 5383 ⁸
2644 5353 2791 5409 Psal.
2844 5370 3021 5420 xcut,
3076 5356 3126 5408 1.
3235 5353 3435 5408 “Rom.
3482 5371 3608 5419 λιν,
3646 5358 3693 5412 4.

2621 5424 2759 5477 "Ex
2797 5428 2965 5481 citato
3001 5441 3108 5481 ms.
3139 5424 3366 5493 Collegii
3410 5424 3537 5480 Sec.
3579 5428 3692 5482 Jesu

3278 5498 3319 5527 ¹¹
3347 5496 3693 5552 detrahentem

2393 5636 2614 5690 "Prov.
2660 5652 2818 5698 xxvi,
2860 5637 3071 5691 27—28.
3155 5638 3197 5667 ¹⁸
3223 5635 3382 5692 Prov.
3427 5654 3601 5703 xxvii,
3643 5638 3689 5689 5.

2439 5710 2482 5739 ²²
2508 5707 2563 5763 S.
2598 5708 2784 5779 Greg.,
2819 5724 2904 5777 ep.
2940 5708 3010 5762 52
3034 5749 3048 5775 ,
3082 5706 3178 5764 lib.
3204 5723 3324 5762 xui.
3402 5709 3447 5740 ”
3469 5724 3687 5763 suorum.
