3818 6216
64 284 214 342 805

1592 288 1975 345 EPISTOLIE.

3303 298 3410 355 806

67 408 150 461 in
187 406 295 461 die
331 407 736 476 tribulationis,
788 417 835 462 et
867 413 1033 465 sciens
1070 422 1337 483 sperantes
1382 415 1435 465 in
1479 429 1532 467 se
1553 413 1599 443 "
1622 455 1637 478 ,
1668 421 1722 466 et
1750 420 1795 476 Α
1823 414 2016 467 lineam
2061 423 2109 467 et
2148 415 2383 468 tunicam
2406 457 2419 480 ,
2453 425 2503 469 et
2554 417 3005 485 superhumerale,
3044 428 3092 473 et
3118 422 3403 490 rationale,

74 502 367 570 reliqua.
403 500 662 568 Quaedam
698 512 879 557 autem
906 519 974 557 ex
1005 505 1108 569 his,
1136 504 1249 573 jam
1296 504 1421 557 aliis
1452 502 1715 557 fratribus

76 593 458 662 scripsimus
492 633 508 658 ,
546 608 670 661 qua:
721 594 880 648 toties
919 603 1048 648 sunt
1086 595 1400 664 replieanda
1428 634 1443 659 ,
1497 595 1715 664 quoties

81 683 337 738 fuerim
370 685 834 739 necessaria."M8
852 684 1518 757 Ejectionemquoque(ut
1548 703 1712 756 supra

82 786 497 831 memoratum
535 777 654 847 est)
685 793 1032 832 summorum
1080 781 1426 834 sacerdotum
1460 779 1561 834 sibi
1610 779 1714 833 Do-

86 869 314 921 minus
348 869 666 933 reservavit,
698 869 823 923 licet
855 871 1175 925 electionem
1208 888 1398 925 eorum
1434 872 1593 924 bonis
1619 886 1710 925 sa-

85 958 448 1013 cerdotibus
506 968 560 1012 et
615 960 993 1029 spiritualibus
1056 964 1274 1031 populis
1324 964 1709 1017 concessisset.

84 1049 469 1104 Electionem
521 1052 669 1105 enim
727 1052 946 1106 illorum
1007 1054 1189 1107 taliter
1244 1054 1537 1123 Apostolus
1595 1054 1712 1107 ﬁeri

78 1143 272 1213 jubet
302 1163 315 1196 :
350 1142 411 1197 Si
439 1144 556 1213 quis
584 1145 696 1197 sine
727 1146 945 1199 crimine
977 1155 1075 1211 est,
1103 1147 1261 1199 unius
1286 1148 1469 1200 uxoris
1501 1148 1669 1199 virum
1694 1188 1709 1213 ,

86 1235 262 1303 ﬁlios
289 1235 571 1288 habentem
603 1235 785 1303 ﬁdeles
810 1278 824 1302 ,
855 1254 956 1291 non
990 1239 1047 1290 in
1080 1240 1415 1292 accusatione
1444 1237 1675 1291 luxuria:
1694 1279 1708 1303 ,

88 1337 207 1380 aut
246 1344 357 1380 non
380 1327 619 1380 subditos
650 1328 718 1392 ’9,
748 1337 802 1383 et
826 1330 1061 1399 reliqua.
1091 1330 1137 1362 ³ο
1170 1330 1225 1384 Si
1266 1331 1411 1383 enim
1450 1331 1568 1384 sine
1597 1330 1709 1383 cri-

88 1416 269 1469 mine
318 1418 579 1471 sacerdos
608 1418 735 1488 eligi
768 1420 1121 1489 praecipitur,
1156 1420 1470 1475 nullatenus
1512 1421 1580 1475 ab
1606 1421 1708 1474 ho-

89 1508 370 1562 minibus
424 1510 747 1565 criminibus
791 1511 1018 1566 irrctitis
1050 1513 1302 1567 accusari
1360 1520 1455 1566 aut
1498 1512 1709 1567 calum-

90 1601 262 1653 niari
313 1603 687 1669 permittitur,
736 1618 836 1657 nec
862 1605 931 1657 ab
962 1605 1126 1671 aliis,
1177 1620 1339 1674 quam
1381 1606 1449 1659 ab
1478 1606 1565 1659 his
1612 1604 1709 1673 qui

90 1693 238 1746 sine
273 1691 509 1747 crimine
541 1703 692 1758 sunt,
720 1702 774 1748 et
797 1694 955 1763 juxta
982 1690 1306 1749 electionem
1339 1695 1406 1760 ³¹,
1440 1695 1486 1749 si
1518 1709 1709 1748 ncces-

92 1786 261 1839 sitas
293 1784 480 1851 fuerit,
510 1802 603 1839 aut
632 1786 733 1854 ipsi
761 1788 996 1842 volendo
1036 1788 1271 1841 Domino
1300 1788 1506 1843 servire
1530 1787 1707 1856 elege—
1738 1764 1781 1823 Β

91 1879 253 1943 rint,
299 1879 346 1909 ⁸⁸
372 1879 797 1948 sacerdotesque
828 1879 946 1934 sine
971 1878 1201 1933 crimine
1232 1878 1347 1933 ﬁeri
1381 1887 1433 1933 et
1460 1877 1703 1932 ordinari

91 1968 359 2037 possint,
390 1978 446 2023 et
493 1970 630 2025 tales
678 1984 773 2039 per
803 1972 991 2025 omnia
1036 1970 1283 2037 fuerint.
1342 1972 1530 2041 quales
1579 1970 1704 2041 eligi

93 2060 440 2116 sacerdotes
477 2061 818 2130 jubentur.”
866 2061 1039 2117 Porro
1066 2070 1121 2116 et
1153 2062 1330 2133 Moysi
1364 2061 1700 2132 praecipitur,

95 2162 176 2207 ut
203 2153 375 2223 eligat
404 2153 817 2224 presbyteros.“
873 2153 1027 2209 Unde
1055 2164 1108 2210 et
1141 2155 1196 2209 in
1226 2153 1539 2209 Proverbiis
1565 2153 1703 2208 dici-

100 2255 205 2300 tur
239 2266 253 2300 :
314 2246 501 2302 Gloria
544 2264 727 2303 senum
764 2247 985 2300 canities
1010 2248 1077 2303 ³⁵.
1125 2247 1253 2302 Haac
1296 2262 1427 2302 vero
1474 2247 1701 2302 canities

100 2336 448 2406 sapientiam
473 2339 744 2408 designat,
777 2339 844 2393 de
872 2353 981 2407 qua
1008 2338 1274 2407 scriptum
1310 2346 1396 2392 est
1421 2355 1434 2390 :
1468 2337 1701 2390 Canities

100 2429 396 2482 hominum
440 2431 724 2499 prudentia
769 2440 847 2484 est
887 2429 951 2483 “.
999 2428 1250 2499 Cumque
1296 2437 1604 2498 nongentos
1649 2437 1704 2482 et

102 2522 359 2591 amplius
384 2536 559 2576 annos
590 2522 658 2575 ab
684 2521 857 2575 Adam
892 2536 1065 2590 usque
1094 2520 1161 2574 ad
1193 2519 1473 2573 Abraham
1498 2519 1702 2574 vixisse

102 2615 377 2669 homines
422 2614 739 2683 legerimus,
784 2613 969 2667 nullus
1009 2613 1153 2667 alius
1194 2612 1346 2681 prius
1396 2611 1701 2680 appellatus

102 2716 203 2761 est
229 2706 547 2778 presbyter,
595 2706 647 2760 id
704 2714 790 2760 est
837 2706 1056 2771 senior,
1107 2704 1212 2758 nisi
1271 2702 1702 2772 Abraham,qui

104 2798 297 2852 multo
327 2797 681 2867 paucioribus
717 2798 923 2853 vixisse
975 2795 1136 2850 annis
1178 2795 1540 2850 convincitur.
1582 2794 1700 2849 Non

104 2906 253 2961 ergo
284 2901 504 2961 propter
552 2892 885 2961 decrepitam
926 2899 1261 2947 senectutem
1288 2930 1303 2955 ,
1338 2890 1432 2945 sed
1481 2898 1702 2959 propter

106 2983 449 3052 sapientiam
485 2982 789 3054 presbyteri
823 2982 1249 3037 nominantur."
1304 2979 1521 3035 initium
1552 2981 1700 3035 enim

109 3071 415 3127 sacerdotii
461 3073 645 3127 Aaron
691 3072 827 3140 fuit,
856 3073 983 3128 licet
1022 3071 1383 3127 Melchisedec
1408 3071 1559 3140 prior
1601 3071 1701 3126 ob—
1725 3111 1769 3170 α

112 3164 310 3219 tulerit
339 3166 709 3234 sacriﬁeiumf,
736 3173 791 3219 et
835 3174 959 3235 post
985 3166 1131 3220 hunc
1176 3165 1486 3230 Abraham,
1521 3162 1697 3230 Isaac,

108 3265 175 3311 et
200 3254 406 3311 Jacob:
454 3257 550 3311 sed
584 3258 638 3311 hi
684 3267 987 3326 spontanea
1019 3256 1296 3311 voluntate
1322 3295 1337 3318 ,
1368 3270 1479 3309 non
1516 3269 1701 3311 sacer-

108 3347 290 3401 dOtali
319 3348 665 3414 auctoritate,
709 3348 815 3403 ista
850 3347 1117 3403 fecerunt.
1153 3347 1197 3378 ³⁸
1219 3346 1488 3400 Caeterum
1513 3345 1697 3399 Aaron

110 3439 332 3508 primus
387 3440 440 3492 in
478 3440 595 3510 lege
653 3441 992 3494 sacerdotale
1050 3454 1252 3493 nomen
1298 3437 1527 3508 accepit,
1583 3437 1697 3505 pri-

115 3545 351 3594 musque
382 3532 681 3599 pontilicali
731 3532 872 3587 stola
906 3532 1130 3585 indutus
1175 3531 1427 3585 victimas
1474 3528 1692 3594 obtulit,

109 3622 342 3693 jubente
374 3621 607 3677 Domino
661 3639 727 3678 ac
770 3624 1028 3694 loquente
1064 3623 1132 3678 ad
1184 3622 1405 3694 Moysen
1436 3640 1448 3676 :
1479 3620 1690 3690 Accipe,

115 3715 317 3783 inquit,
351 3715 525 3770 Aaron
551 3726 600 3769 et
643 3716 783 3785 ﬁlios
813 3705 949 3785 ejus,
990 3726 1039 3770 et
1073 3716 1366 3785 applicabis
1397 3716 1466 3769 ad
1500 3715 1694 3769 ostium

117 3808 447 3862 tabernaculi
481 3810 792 3864 testimonii.
820 3809 1055 3878 Cumque
1092 3808 1287 3862 laveris
1325 3817 1529 3878 patrem
1576 3822 1696 3860 cum

115 3898 251 3969 ﬁliis
281 3916 452 3971 aqua,
496 3900 683 3958 induas
724 3903 905 3956 Aaron
948 3902 1267 3956 vestimentis
1322 3902 1469 3967 suis,
1516 3901 1573 3954 id
1616 3909 1695 3954 est

195 4209 464 4266 "Nahum
521 4229 571 4280 ι,
604 4215 769 4279 2,6,
801 4214 851 4268 7.

118 4284 361 4355 sacerdos
399 4284 529 4337 sine.
608 4287 651 4317 ⁸¹
686 4287 841 4355 justa
873 4284 1139 4355 electione.

121 4354 180 4407 7.
254 4352 465 4407 “Prov.
496 4370 588 4421 xx,
635 4351 727 4412 29.
806 4354 973 4409 “Job
1018 4370 1116 4415 xtl,
1147 4364 1198 4408 et
1234 4351 1361 4420 Sap.
1394 4368 1466 4404 IV.

932 4213 1046 4244 ¹⁶ο¹⁸
1068 4210 1263 4267 Distin.
1289 4211 1358 4264 79
1382 4251 1397 4275 ,
1425 4206 1751 4279 Ejectionem

1548 4352 1587 4381 ³⁷
1613 4350 1755 4403 Idem

124 4439 278 4485 χχιχ,
306 4423 418 4477 4·9.
493 4422 539 4456 ⁸ο
577 4418 641 4481 21
675 4428 799 4482 dist-
825 4468 839 4491 ,
872 4425 934 4478 In
964 4441 1091 4477 novo
1121 4435 1263 4487 tes!.,
1288 4418 1337 4476 et
1384 4423 1436 4475 in
1480 4421 1630 4475 Decr.
1670 4418 1821 4472 Ivon.
1878 4420 1970 4473 lib.
2016 4435 2096 4472 ιιι.

120 4495 173 4527 ⁸³
196 4492 320 4548 Luc.
361 4509 393 4546 ιι
412 4534 426 4558 ,
454 4493 539 4547 16.

198 4736 303 4807 (15)
322 4734 383 4789 In
411 4735 583 4788 locum
604 4751 785 4789 eorum
809 4742 1171 4807 successerunt
1190 4734 1439 4807 episcopi.
1462 4731 1685 4807 Hoe_est

126 4803 270 4877 quod
288 4803 429 4877 'psal.
454 4822 620 4877 suv,
671 4804 1146 4877 prophetaJDayid
1174 4804 1528 4877 pra‘dixcrat:
1574 4803 1682 4856 Pro

126 4873 488 4949 patribus_tuis
508 4877 622 4929 noti
643 4873 765 4929 sunt
794 4874 887 4928 tibi
908 4874 1027 4943 ﬁlii.
1056 4873 1682 4949 Nam_Augustino_prze-

128 4944 253 5003 dicti
276 4947 373 5000 loci
413 4947 729 5015 interprete,
768 4954 951 5014 patres
983 4944 1214 5014 apostoli
1268 4952 1419 5009 sunt,
1449 4945 1545 4997 ﬁlii
1588 4956 1687 5015 pro

128 5017 363 5089 patrihus
410 5014 969 5089 nati,’apostolorum
1016 5029 1363 5089 successores
1418 5014 1683 5083 episcopi.

129 5084 419 5142 Concilium
449 5084 821 5139 Florentinum
850 5087 902 5139 in
927 5085 1287 5139 instructione
1314 5084 1683 5137 Armenorum

128 5167 186 5213 et
219 5158 399 5211 conril.
443 5155 744 5210 Tridentin.
788 5171 927 5210 sess.
956 5156 1049 5217 25,
1099 5170 1218 5223 cap.
1254 5155 1307 5217 4,
1348 5154 1489 5208 ἰι1ειιι
1544 5170 1688 5208 asse-

132 5236 277 5283 runt.
300 5227 561 5281 Dicuntur
593 5237 775 5280 autem
808 5226 1046 5294 episcopi
1072 5223 1336 5294 apostolis
1367 5225 1682 5289 succedere,

133 5315 236 5353 non
274 5298 484 5368 proprie
510 5311 574 5350 eo
606 5296 769 5352 modo
799 5310 910 5368 quo
946 5296 1235 5368 episcopus
1260 5295 1547 5368 episcopo,
1587 5309 1683 5348 rex

130 5370 239 5439 regi
269 5364 645 5439 succedit,_sed
677 5364 1021 5439 duplicialia
1058 5366 1288 5439 ratione.
1314 5364 1500 5417 Primo
1522 5404 1536 5426 ,
1588 5380 1682 5417 ra-

129 5435 267 5494 tione
294 5438 428 5492 sacri
454 5437 782 5506 episcopalis
808 5436 1049 5500 ordinis;
1078 5435 1468 5506 secundo,per
1486 5449 1681 5506 quam-

130 5511 247 5564 dam
276 5505 679 5562 similitudinem
702 5516 756 5561 et
789 5507 1192 5576 proportionem
1218 5523 1232 5570 ;
1267 5505 1394 5574 quia
1420 5505 1679 5576 nimirum

133 5580 265 5633 sicut
287 5578 502 5632 Christo
528 5578 581 5630 iu
614 5573 1043 5639 terris—viventi,
1092 5576 1247 5644 primi
1305 5577 1407 5629 sub
1460 5573 1683 5628 Christo

132 5660 277 5703 erant
306 5649 531 5716 apostoli
583 5648 892 5711 duodecim,
946 5647 1141 5716 deinde
1191 5645 1537 5716 septuaginta
1574 5646 1684 5698 duo

132 5714 364 5789 discipuli
388 5736 399 5771 :
426 5720 499 5773 ita
522 5734 666 5773 nunc
687 5718 847 5787 primi
878 5718 981 5771 sub
1007 5715 1255 5789 Romano
1276 5714 1533 5789 pontiﬁce
1555 5724 1684 5769 sunt

135 5785 375 5859 episcopi,
418 5799 539 5859 post
590 5785 703 5844 eos
739 5789 1039 5860 presbyteri
1076 5828 1091 5855 ,
1144 5787 1267 5841 inde
1296 5785 1536 5855 diaconi,
1576 5795 1681 5841 etc.

1719 4915 1763 4970 Ι)

1222 4280 1447 4335 "lladr.
1496 4282 1645 4343 coll.,
1680 4295 1729 4333 c.
1784 4280 1870 4333 19.

1818 508 1958 576 quod
1996 509 2323 577 constringes
2365 508 2577 561 balteo:
2608 519 2656 561 et
2692 526 2852 578 pones
2896 512 3093 564 tiaram
3132 513 3185 565 in
3235 517 3405 583 capite

1816 598 1950 667 ejus,
1980 608 2028 653 et
2073 599 2332 651 laminam
2385 609 2624 652 sanctam
2677 616 2836 665 super
2890 602 3106 667 tiaram,
3129 612 3179 656 et
3231 603 3401 658 oleum

1818 690 2083 743 unctionis
2137 690 2324 759 fundes
2356 706 2515 758 super
2567 703 2726 753 caput
2768 691 2920 760 ejus,
2964 703 3118 762 atque
3147 696 3243 748 hoc
3297 697 3401 749 ritu

1815 781 2229 835 consecrabitur.
2287 780 2460 835 Filios
2507 800 2711 853 quoque
2768 784 2915 837 illius
2973 786 3299 854 applicabis,
3351 798 3403 843 et

1812 869 1999 924 induas
2034 872 2226 923 tunicis
2263 872 2415 925 lineis
2437 914 2451 937 ,
2494 874 2770 943 cingesque
2814 874 2989 928 balteo
3021 877 3203 929 Aaron
3245 888 3294 931 et
3326 878 3401 931 li~

1814 964 1961 1016 beros
1992 964 2128 1033 ejus,
2170 973 2220 1017 et
2267 966 2498 1032 impones
2545 968 2733 1019 mitras
2783 968 2899 1033 eis,
2937 979 3190 1039 eruntque
3219 986 3399 1023 sacer-

1811 1054 1958 1109 dotes
1989 1055 2122 1108 milri
2164 1056 2416 1125 religione
2452 1066 2704 1125 perpetua
2729 1058 2794 1112 ³⁸.
2834 1058 2954 1123 Quo
2986 1059 3107 1113 loco
3149 1068 3399 1115 eontem-

1812 1148 1950 1217 plari
1986 1156 2225 1217 oportet,
2257 1149 2441 1201 Aaron
2476 1164 2752 1203 summum
2800 1152 3179 1217 sacerdotem,
3222 1153 3274 1207 id
3312 1161 3399 1209 est

1810 1238 2132 1307 episcopum
2174 1237 2373 1304 fuisse,
2410 1254 2575 1307 porro
2607 1241 2749 1295 ﬁlios
2797 1242 2919 1311 ejus
2952 1243 3397 1314 presbyterorum

1810 1329 2221 1384 demonstrasse
2267 1330 2521 1401 ﬁguram.
2558 1331 2670 1386 Hoc
2697 1334 2843 1388 enim
2889 1333 2993 1387 fuit
3027 1334 3169 1389 inter
3211 1336 3395 1390 Aaron

1810 1435 2089 1474 summum
2126 1422 2489 1487 sacerdotem,
2515 1432 2571 1477 et
2615 1424 2756 1478 tilios
2785 1425 2905 1494 ejus
2951 1426 3045 1495 qui
3084 1428 3395 1483 sacerdotes

1808 1523 1986 1580 erant,
2019 1514 2167 1584 quod
2195 1516 2377 1568 Aaron
2418 1531 2583 1585 super
2614 1517 2857 1572 tunicam
2892 1518 3197 1587 accipiebat
3225 1520 3393 1588 pode-

1806 1621 1945 1671 rem,
1976 1608 2173 1661 stolam
2200 1617 2469 1673 sanctam,
2496 1616 2549 1662 et
2571 1623 2833 1662 coronam
2867 1625 3115 1676 auream,
3146 1612 3391 1677 mitram,

1807 1707 1861 1751 et
1907 1713 2101 1752 zonam
2155 1715 2412 1763 auream,
2471 1708 2526 1753 ct
2559 1702 3045 1768 superhumerale,
3080 1711 3133 1757 et
3182 1704 3393 1773 reliqua

1808 1804 1929 1859 qua:
1960 1789 2180 1859 praslixa
2212 1799 2341 1843 sunt
2377 1808 2390 1843 :
2441 1790 2537 1843 lilii
2587 1804 2768 1844 autem
2816 1792 3027 1861 Aaron,
3056 1809 3221 1863 super
3244 1796 3395 1849 tuni-

1806 1896 1900 1936 cas
1929 1880 2104 1936 lineas
2133 1883 2300 1935 cincti
2327 1882 2709 1936 tantummodo
2746 1894 2801 1937 et
2831 1883 3034 1950 tiarati,
3064 1885 3393 1940 assistebant

1806 1971 2076 2027 sacriﬁcio
2122 1972 2361 2026 Domini.
2402 1973 2447 2003 ⁸ο
2479 1972 2535 2025 ln
2591 1988 2734 2027 novo
2785 1983 2970 2028 autem
3022 1984 3389 2042 testamento,

1802 2070 1927 2131 post
1953 2061 2234 2117 Christum
2269 2062 2588 2129 Dominum,
2614 2078 2645 2116 a
2678 2062 2844 2117 Petro
2875 2065 3237 2120 sacerdotalis
3272 2083 3387 2122 cm-

1802 2152 1883 2221 pit
1912 2153 2070 2218 ordo,
2126 2153 2256 2223 quia
2307 2153 2413 2223 ipsi
2467 2154 2649 2223 primo
2676 2154 3026 2224 pontiﬁcatus
3057 2156 3111 2209 in
3144 2155 3389 2214 Ecclesia

1802 2243 2004 2299 Christi
2039 2245 2198 2299 datus
2229 2254 2332 2309 est,
2373 2244 2588 2299 dicente
2625 2244 2859 2300 Domino
2892 2247 2957 2301 ad
2986 2263 3110 2301 eum
3140 2266 3152 2301 :
3195 2246 3272 2300 Tu
3310 2264 3387 2311 es,

1802 2334 1998 2404 inquit,
2023 2334 2219 2389 Petrus
2240 2345 2290 2389 et
2320 2352 2476 2405 super
2505 2337 2641 2390 hanc
2663 2346 2867 2406 petram
2896 2339 3173 2407 aediﬁcabo
3205 2338 3387 2392 Eccle—

1801 2427 1935 2480 siam
1965 2444 2155 2493 meam,
2183 2438 2231 2481 ot
2268 2440 2437 2497 porta:
2480 2430 2641 2499 inferi
2670 2446 2770 2484 non
2801 2431 3159 2499 prtevalebunt
3195 2432 3385 2486 adver-

1802 2534 1891 2571 sus
1918 2534 2069 2585 eam,
2110 2529 2159 2572 et
2193 2519 2289 2572 tibi
2331 2520 2469 2573 dabo
2502 2521 2673 2575 claves
2714 2524 2860 2592 regni
2907 2523 3157 2575 cwlorum
3180 2522 3246 2578 δ’.
3288 2522 3387 2579 Hic

1801 2625 1933 2680 ergo
1961 2611 2167 2681 ligandi
2197 2620 2361 2680 atque
2412 2613 2660 2669 solvendi
2696 2622 3019 2684 potestatem
3054 2616 3265 2685 primus
3290 2630 3385 2669 ac-

1802 2701 1947 2770 cepit
1983 2717 2014 2756 a
2044 2702 2301 2769 Domino,
2328 2704 2647 2775 primusque
2690 2705 2758 2761 ad
2789 2705 2951 2761 ﬁdem
2985 2708 3246 2777 populum
3274 2709 3386 2761 vir-

1800 2799 1916 2846 tute
1954 2808 2067 2848 sua:
2111 2795 2518 2863 praedicationis
2561 2796 2809 2850 adduxit.
2844 2797 3040 2852 Crateri
3077 2813 3206 2853 vero
3251 2814 3385 2868 apo-

1802 2882 1925 2937 stoli
1949 2898 2073 2937 cum
2097 2884 2288 2939 eodem
2320 2886 2435 2954 pari
2466 2887 2747 2941 consortio
2769 2887 3031 2943 honorem
3059 2897 3113 2943 et
3147 2898 3383 2959 potesta-

1804 2986 1913 3031 tem
1944 2988 2310 3047 acceperunt,
2348 2980 2640 3049 ipsumque
2689 2982 2991 3051 principem
3023 2998 3216 3037 eorum
3262 2997 3384 3038 esse

1802 3072 2113 3125 voluerunt.
2132 3069 2235 3136 Qui
2262 3072 2451 3139 etiam,
2474 3071 2699 3139 jubente
2727 3071 2983 3138 Domino,
3016 3074 3070 3127 in
3103 3082 3221 3128 toto
3248 3074 3383 3128 orbe

1804 3164 2038 3233 dispersi
2077 3162 2431 3234 Evangelium
2468 3163 2939 3233 pradicaverunt:
2985 3165 3117 3234 ipsis
3162 3180 3382 3235 quoque

1802 3254 2225 3318 decedentibus,
2256 3254 2311 3307 in
2366 3254 2547 3309 locum
2593 3270 2783 3310 eorum
2831 3264 3219 3310 successerunt
3268 3259 3373 3326 epi-

1801 3349 1949 3418 scopi
1985 3348 2121 3417 (15),
2153 3361 2389 3416 quorum
2421 3347 2695 3402 ordinatio
2724 3356 2980 3417 przetaeto
3003 3346 3049 3379 δ’
3082 3347 3198 3401 ﬁeri
3224 3348 3383 3403 debet

1800 3440 1995 3495 ordine
2020 3448 2074 3494 et
2098 3438 2265 3493 modo
2294 3457 2306 3492 :
2345 3453 2487 3508 quos
2509 3439 2605 3509 qui
2635 3439 2831 3509 recipit
2872 3448 2928 3495 et
2956 3440 3124 3497 verba
3163 3455 3378 3504 eorum,

1802 3529 1971 3585 Deum
2002 3531 2197 3599 recipit
2226 3548 2239 3583 :
2276 3530 2372 3599 qui
2404 3540 2586 3585 autem
2623 3546 2721 3587 eos
2763 3532 3002 3600 spernit,
3034 3546 3161 3586 eum
3211 3546 3241 3584 a
3270 3547 3377 3600 quo

1800 3623 1955 3678 missi
1988 3633 2137 3689 sunt,
2172 3632 2227 3677 et
2276 3623 2435 3693 cujus
2485 3622 2790 3693 iunguntur
2819 3624 3109 3695 legatione,
3150 3624 3378 3696 spernit,

1800 3725 1853 3771 et
1879 3718 1994 3785 ipse
2028 3715 2409 3771 indubitanter
2436 3726 2727 3786 spernetur
2750 3732 2779 3771 a
2819 3716 3054 3772 Domino
3082 3719 3149 3770 ⁸³.
3180 3716 3381 3773 Viden-

1801 3817 1882 3863 tes
1926 3817 2110 3862 autem
2147 3807 2251 3877 ipsi
2284 3808 2518 3877 apostoli
2565 3824 2801 3863 messem
2854 3824 2977 3863 esse
3025 3810 3256 3864 multam
3282 3850 3296 3871 .
3326 3820 3380 3863 et

1802 3901 2090 3972 operarios
2124 3915 2355 3970 paucos,
2394 3910 2729 3972 rogaverunt
2755 3902 3041 3957 dominum
3072 3903 3288 3969 messis,
3320 3912 3379 3956 ut

2051 4208 2095 4238 ²⁹
2138 4204 2245 4260 Tit.
2303 4221 2367 4271 ι,
2435 4205 2489 4260 6.
2605 4206 2648 4238 ³ο
2680 4222 2777 4271 vr,
2837 4206 3141 4274 quaestione
3198 4207 3252 4267 1,
3310 4206 3372 4261 Si

1826 4280 1870 4333 9.
1949 4277 1991 4308 ³³
2026 4276 2214 4330 Distin.
2245 4276 2334 4340 84,
2372 4276 2538 4329 Porro
2566 4276 2723 4329 Mosi.
2802 4277 2845 4307 ³³
2870 4278 2995 4331 Ιεὶι1.
3034 4276 3109 4330 De
3150 4278 3242 4345 o/f.
3278 4294 3368 4341 xl,

1826 4349 1920 4401 sid.
1958 4364 2077 4401 can.
2109 4346 2161 4400 5.
2270 4346 2500 4401 “Clem.
2556 4346 2740 4400 Const.
2795 4362 2845 4398 vr
2878 4387 2893 4401 .
2942 4346 3032 4399 20.
3118 4347 3159 4378 ³⁸
3198 4350 3366 4401 Exod.

1795 4348 1920 4403 Isid.
1958 4364 2077 4417 cap.
2109 4348 2161 4400 5.
2270 4348 2500 4401 “Clem.
2556 4348 2740 4400 Const.
2795 4362 2845 4398 vr
2878 4387 2893 4411 ,
2942 4348 3032 4399 20.
3118 4348 3159 4378 ³⁸
3198 4350 3366 4401 Exod.

1795 4439 1821 4472 ι.
1878 4420 1970 4473 lib.
2016 4435 2096 4472 ιιι.
2190 4414 2443 4469 “Matth.
2506 4434 2624 4483 xvr,
2672 4416 2774 4483 18,
2824 4417 2909 4469 19.
2990 4419 3367 4486 ⁸³ρνωιιιχαιυ.

1803 4225 1943 4262 vero.

1789 4728 1910 4785 Non
1966 4731 2124 4785 aliter
2172 4738 2354 4785 autem
2405 4732 2694 4799 episcopos
2742 4729 3008 4798 apostolis
3040 4729 3364 4791 succedere,

1794 4802 1918 4855 inde
1966 4810 2133 4871 patet,
2165 4802 2310 4869 quod
2357 4817 2385 4855 ε
2430 4800 2598 4869 iscopi
2631 4799 2835 4853 nullam
2886 4816 3025 4853 vera:
3055 4800 3368 4869 apostolica:

1794 4872 2134 4924 auctoritatis
2161 4880 2365 4924 partem
2391 4818 2659 4924 ﬁabeant:
2692 4868 2922 4924 aoostoli
2950 4871 3116 4924 enim.
3148 4881 3208 4923 ut
3234 4885 3367 4924 con—

1792 4868 2134 4926 auctoritatis
2160 4868 2365 4939 partem
2391 4868 2659 4934 habeant;
2692 4868 2922 4938 apostoli
2950 4868 3116 4935 enim,
3148 4881 3208 4923 ut
3234 4885 3367 4924 con—

1793 4951 1899 4998 stat
1932 4941 2123 4996 Matth.
2145 4950 2201 4995 et
2223 4940 2391 4995 Mare.
2415 4957 2535 5010 cap.
2564 4940 2777 5010 ultimo,
2800 4948 2917 4993 toto
2936 4949 3206 5010 terrarum
3231 4941 3363 4994 orbe

1792 5014 2107 5082 praedicare,
2147 5012 2284 5065 alias
2308 5021 2469 5080 atque
2489 5009 2631 5064 alias
2657 5009 2927 5064 Eeclesias
2973 5009 3221 5082 fundare,
3269 5026 3362 5064 ca-

1790 5080 2018 5136 nonicos
2042 5083 2210 5136 libros
2234 5083 2472 5137 scribere
2502 5089 2783 5150 poterant:
2815 5096 2980 5149 porro
3004 5080 3138 5133 nihil
3168 5082 3361 5133 horum

1790 5154 2029 5221 episcopi
2047 5162 2360 5221 potuerunt.
2375 5150 2662 5215 Prmterca,
2677 5152 2880 5205 donum
2908 5150 3106 5221 lingua:
3127 5157 3180 5205 et
3198 5151 3364 5204 mira-

1788 5223 2038 5277 culorum
2088 5222 2395 5275 habuerunt
2446 5222 2721 5291 apostoli,
2770 5236 2879 5273 non
2938 5230 3117 5274 autem
3145 5235 3361 5291 Aomnes

1789 5293 2054 5362 episc0pi.
2088 5292 2367 5362 Apostolis
2398 5288 2654 5346 omnibus
2705 5292 3018 5362 immediate
3064 5307 3093 5344 a
3132 5288 3355 5362 Christo

1788 5360 2099 5417 universam
2133 5360 2432 5417 Ecclesiam
2453 5361 2790 5432 gubernandi
2822 5370 3067 5430 potestas
3098 5376 3163 5413 ac
3198 5360 3361 5432 juris-

1788 5434 1959 5488 dictio
1986 5433 2184 5487 collata
2222 5443 2323 5497 est,
2347 5427 2504 5487 Joau.
2535 5447 2654 5501 cap.
2693 5431 2785 5496 20,
2822 5427 2920 5485 ἰιὶε
2960 5432 3171 5484 verbis:
3202 5427 3357 5481 Sicut

1790 5504 1935 5556 misit
1964 5520 2042 5555 me
2071 5503 2243 5556 vivens
2282 5502 2462 5565 Pater,
2518 5511 2566 5555 et
2595 5518 2688 5571 ego
2710 5502 2863 5555 mitto
2895 5516 2981 5553 vos
3020 5504 3356 5569 (quanquam

1791 5574 2069 5628 ordinaria
2107 5572 2436 5641 iurisdictio,
2484 5589 2604 5641 quae
2632 5576 2681 5625 in
2717 5582 2965 5640 posteros
3003 5586 3100 5641 per
3136 5582 3355 5641 succes-

1792 5644 2003 5717 sionem
2034 5638 2441 5717 transferretur,
2472 5638 2571 5697 soli
2592 5638 2778 5717 Petro,
2810 5638 3239 5717 extraordinaria
3269 5651 3354 5716 re:

1792 5713 1960 5783 liquis
1988 5716 2249 5783 apostolis
2278 5729 2538 5783 concessa
2562 5713 2652 5783 sit)
2670 5732 2683 5766 :
2703 5727 2893 5783 omnes
2911 5713 3355 5783 autcm_cpiscopi

1794 5729 1960 5781 liquis
1988 5729 2249 5783 aposrous
2278 5730 2379 5767 con
2480 5729 2538 5767 sa
2562 5729 2652 5783 Sll)
2670 5732 2683 5766 :
2703 5729 2893 5765 omnes
2911 5729 3088 5763 autem
3114 5729 3354 5776 episcopi

1794 5800 1826 5837 a
1871 5781 2018 5839 Petri
2060 5729 2671 5841 srrccessor'cai'isoriiauo
2708 5780 2984 5854 pontiﬁce,
3025 5778 3111 5834 cui
3148 5779 3354 5833 dictum
