3818 6216
410 273 513 327 807
1769 274 1997 331 ANACL

2175 276 2379 332 ΡΑΡᾹΞ
3618 277 3710 335 808

416 385 655 437 mitteret
684 383 973 453 operarios
1021 384 1074 437 in
1114 398 1351 440 messem
1398 400 1554 440 suam
1581 386 1648 440 “.
1680 386 1810 443 Inde
1842 388 2001 442 electi
2032 397 2077 452 Α
2105 389 2381 456 civitates,
2413 405 2538 460 qua:
2568 389 2814 447 minores
2839 390 3054 461 iudices
3085 391 3365 447 habebant
3391 392 3571 462 (licet
3597 410 3707 449 ma-

421 485 542 529 sunt
585 475 655 527 ab
708 476 788 528 eis
838 476 1185 544 septuaginta
1209 476 1320 530 duo
1346 477 1393 507 "
1429 478 1708 548 discipuli,
1760 496 1999 550 quorum
2098 480 2251 550 jores
2298 483 2596 538 comitibus
2650 484 2881 553 essent),
2918 484 3187 539 baberent
3233 487 3708 556 metropolitanos

411 575 601 637 typum
628 578 824 636 gerunt
846 567 1147 637 presbyteri
1170 568 1307 636 (Μ),
1334 576 1497 637 atque
1524 570 1576 622 in
1599 586 1791 624 eorum
1819 570 1999 624 locum

418 671 544 714 alii".
570 661 854 714 constituti
898 661 952 713 in
982 658 1249 725 Ecclesia,
1275 660 1343 715 de
1368 676 1605 730 quorum
1653 664 2002 718 ordinatione

418 764 468 807 ct
517 754 855 823 reliquorum
908 753 1333 818 ministrorum,
1388 754 1595 809 dixisse
1646 770 1815 825 supra
1847 757 1997 812 sufti-

418 847 545 902 ciat.

418 1121 571 1187 Quod
614 1122 788 1173 minus
818 1136 979 1190 quam
1010 1137 1038 1172 a
1070 1120 1239 1174 tribus
1289 1122 1543 1189 episcopis
1584 1123 1856 1192 episcopus
1895 1138 2000 1175 non

966 1192 1151 1244 debeat
1182 1192 1447 1245 ordinari.

489 1325 536 1358 “
565 1324 738 1380 Porro
765 1326 912 1396 quod
937 1327 1232 1396 cpiscopus
1265 1343 1373 1380 non
1414 1328 1484 1381 ab
1513 1343 1643 1393 uno,
1680 1328 1772 1382 sed
1807 1344 1837 1382 a
1867 1344 2004 1383 cun-

418 1418 543 1483 ctis,
571 1433 845 1473 consensu
875 1429 970 1472 aut
1001 1420 1287 1487 prtescntia
1322 1421 1893 1490 comprovincialium.
1923 1430 2007 1475 est

418 1509 758 1563 ordinandus
785 1552 798 1574 ,
834 1519 889 1562 et
940 1510 1257 1565 nullatenus
1303 1512 1488 1565 minus
1518 1527 1681 1581 quam
1734 1526 1765 1565 a
1803 1512 2001 1577 tribus,

418 1601 631 1655 ueteris
655 1602 1127 1657 consentientibus
1154 1603 1394 1665 cunctis;
1422 1604 1650 1667 idcirco,
1684 1604 2005 1659 instituente

420 1690 685 1757 Domino,
720 1692 837 1746 fieri
862 1692 1084 1761 jubetur
1105 1734 1119 1757 ,
1158 1708 1226 1745 ne
1254 1693 1459 1762 aliquid
1491 1702 1680 1748 contra
1712 1696 1872 1749 fidem
1902 1694 2006 1749 Ec-

2103 587 2270 636 suos,
2302 573 2396 642 qui
2432 574 2706 643 praedictis
2751 574 2904 643 juste
2930 575 2976 609 "
3009 575 3297 630 obedirent
3332 576 3705 645 primatibus.

2104 661 2247 715 sicut
2280 672 2333 717 et
2365 663 2419 715 in
2455 664 2665 731 legibus
2699 665 2883 719 saaculi
2911 665 3041 720 olim
3072 666 3390 720 ordinatum
3429 676 3591 731 erat,
3623 669 3705 737 qui

2103 770 2215 809 non
2260 756 2580 825 primatum,
2616 756 2712 811 sed
2747 766 2843 811 aut
2884 759 3447 829 mequolitatIorum
3485 770 3595 814 aut
3628 776 3707 814 ar-

2105 847 2579 916 chiepiscoporum
2612 850 2836 903 nomine
2863 848 3196 905 fruerentur.
3221 850 3288 906 Et
3312 852 3449 909 licet
3470 854 3705 923 singula:

2105 938 2439 1007 metropolcs
2483 939 2736 994 civitates
2779 955 2909 995 snas
2963 941 3275 1010 provincias
3315 943 3618 1009 habeant,
3658 953 3708 998 et

2106 1043 2238 1083 suos
2260 1029 2714 1099 metropolitanos
2734 1030 2951 1100 judices
2988 1031 3187 1087 habere
3212 1033 3461 1088 debeant
3488 1035 3705 1103 episco-

2106 1134 2240 1188 pos,
2276 1120 2421 1173 sicut
2477 1120 2630 1190 prius
2672 1121 3125 1189 metrOpolitanos
3163 1121 3384 1192 judices
3423 1124 3704 1177 habebant
3778 1120 3803 1192 ι

2108 1212 2431 1278 saeculares,
2482 1213 2744 1282 primates
2780 1222 2961 1267 tamen
3005 1214 3097 1282 (ut
3132 1215 3423 1285 praefixum
3475 1218 3607 1285 est)
3658 1226 3705 1269 et

2107 1314 2239 1359 tunc
2270 1314 2324 1359 et
2356 1320 2503 1359 nunc
2542 1305 2754 1361 habere
2788 1305 2956 1374 jussze
2983 1317 3135 1374 sunt,
3171 1308 3239 1362 ad
3266 1324 3415 1378 quos
3447 1320 3586 1378 post
3623 1325 3705 1363 se-

2106 1396 2229 1449 dem
2278 1397 2639 1465 apestolicam
2690 1414 2906 1452 summa
2960 1401 3174 1470 negotia
3228 1403 3619 1465 conveniant,
3653 1413 3706 1457 ut

2108 1488 2331 1554 ibidem,
2356 1490 2559 1559 quibus
2592 1505 2817 1546 necesse
2860 1490 3047 1559 fuerit,
3090 1493 3406 1548 releventur
3456 1506 3518 1549 et
3558 1495 3704 1564 iuste

2109 1581 2495 1647 restituantur,
2525 1591 2579 1636 et
2612 1582 2667 1635 bi
2700 1584 2794 1653 qni
2840 1584 3041 1653 injuste
3071 1587 3471 1656 opprimuntur
3497 1629 3514 1653 ,
3558 1588 3703 1657 juste

2109 1673 2478 1729 reformentur
2548 1684 2711 1745 atqu‘e
2779 1676 3120 1744 fulciantur,
3194 1679 3701 1750 episcoporumquc

417 1783 604 1837 clesia:
663 1785 828 1839 unius
884 1787 1170 1857 tyrannica
1222 1788 1523 1840 auctoritas
1570 1786 1900 1851 moliretur,
1950 1797 1997 1843 et

2121 1780 2321 1831 :ausaa,
2373 1773 2427 1819 et
2476 1782 2818 1820 summorum
2875 1769 3217 1837 negotiorum
3260 1769 3478 1838 judicia
3516 1770 3699 1838 (salva

420 1879 608 1949 regula
634 1880 718 1933 vel
753 1879 888 1934 ﬁdes
915 1879 1347 1935 confunderetur
1390 1879 1753 1935 credentium.

1169 2036 1257 2091 IV.

422 2195 489 2252 In
517 2198 707 2269 quibus
740 2198 1044 2252 civitatibus
1085 2198 1367 2269 primates,
1417 2195 1469 2248 in
1515 2194 1704 2267 quibus
1739 2204 2005 2264 metropo-

929 2268 1086 2321 litani
1113 2284 1223 2321 esse
1247 2268 1487 2320 debeant.

494 2406 537 2437 "
565 2404 872 2460 Provinciae
900 2414 1084 2460 autem
1118 2407 1289 2459 multo
1314 2415 1441 2460 ante
1470 2406 1676 2462 Christi
1707 2408 2003 2463 adventum

423 2505 674 2565 tempore
722 2497 913 2550 divisa:
958 2504 1088 2550 sunt
1120 2496 1361 2549 maxima
1404 2511 1470 2550 ex
1501 2507 1688 2566 parte,
1730 2509 1783 2553 et
1818 2509 2005 2568 postea

422 2588 493 2640 ab
520 2587 784 2655 apostolis
809 2595 861 2639 et
889 2586 1048 2640 beato
1072 2585 1355 2641 Clemente
1384 2589 1787 2657 praedecessore
1815 2602 2005 2645 nostro

423 2678 542 2747 ipsa
570 2678 769 2731 divisio
799 2686 885 2731 est
924 2688 1206 2732 renovata.
1242 2679 1287 2709 ⁸⁸
1315 2677 1379 2731 Ει
1411 2680 1466 2733 in
1492 2682 1669 2750 capite
1694 2683 2006 2751 provincia-

423 2784 571 2835 rum,
603 2769 694 2823 ubi
741 2768 947 2822 dudum
980 2768 1242 2837 primates
1274 2769 1408 2838 legis
1427 2770 1472 2801 "
1505 2772 1690 2825 szeculi
1723 2783 1906 2837 erant,
1940 2789 2003 2828 ac

424 2858 604 2929 prima
638 2858 931 2927 iudiciaria
957 2868 1220 2928 potestas,
1246 2860 1313 2913 ad
1341 2877 1481 2929 quos
1512 2862 1604 2930 qui
1637 2877 1733 2930 per
1761 2862 2003 2932 reliquas

424 2950 672 3005 civitates
705 2950 1216 3014 commorabantur,
1247 2953 1469 3020 quando
1500 2953 1579 3007 eis
1611 2969 1833 3009 necesse
1863 2963 2002 3020 erat,

424 3041 521 3109 qui
548 3040 614 3094 ad
650 3040 829 3093 aulam
865 3040 1211 3109 imperatoris
1245 3041 1328 3095 vel
1352 3057 1538 3111 regum
1567 3042 1863 3111 confugere
1894 3058 2001 3097 non

423 3140 679 3201 poterant
704 3173 720 3197 ,
748 3132 832 3185 vel
878 3132 1079 3201 quibus
1107 3134 1435 3201 permissum
1478 3150 1585 3187 non
1632 3144 1771 3200 erat,
1808 3134 2003 3189 confu-

426 3216 649 3293 giebant
708 3240 810 3294 pro
862 3226 1313 3294 oppressionibus
1367 3227 1449 3281 vel
1511 3226 1793 3296 injustitiis
1856 3229 2002 3294 suis,

426 3316 687 3385 ipsosque
734 3317 1115 3385 appellabant,
1155 3319 1371 3388 quoties
1397 3334 1537 3388 Opus
1566 3328 1719 3380 erat.
1765 3320 1907 3375 sicut
1948 3322 2000 3375 in

424 3407 545 3477 lege
582 3421 771 3462 eorum
806 3415 1138 3477 praeeptum
1172 3419 1290 3463 erat
1321 3427 1333 3463 :
1377 3410 1510 3478 ipsis
1537 3426 1756 3480 quoque
1782 3412 1836 3465 in
1870 3413 2004 3467 civi-

429 3498 633 3553 tatibus
666 3500 749 3554 vel
782 3500 918 3555 locis
966 3502 1195 3565 nostris,
1226 3502 1566 3571 patriarchas
1599 3503 1681 3556 vel
1720 3503 2002 3572 primates,

426 3590 522 3660 qui
552 3605 717 3643 unam
749 3589 981 3648 formam
1010 3600 1214 3653 tenent,
1236 3591 1361 3646 licet
1382 3592 1596 3646 diversa
1622 3592 1732 3646 sint
1760 3596 2002 3660 nomina,

427 3681 575 3751 leges
601 3682 799 3735 divina:
820 3692 873 3736 et
894 3683 1282 3737 ecclesiastica:
1306 3684 1435 3753 poni
1460 3690 1514 3738 et
1545 3700 1667 3739 esse
1690 3685 2001 3754 jusserunt,

428 3773 497 3827 ad
531 3788 672 3842 quos
704 3773 945 3843 episcopi
978 3776 1054 3843 (si
1097 3789 1325 3829 necesse
1374 3774 1568 3845 fuerit)
1603 3776 2002 3847 confugerent,

428 3880 638 3934 eosque
696 3868 1072 3937 appellarent,
1142 3878 1195 3921 et
1259 3866 1361 3936 ipsi
1430 3868 1726 3938 primatum
1782 3870 2007 3924 nomine

428 3955 764 4022 fruerentur,
792 3967 844 4013 et
870 3974 978 4013 non
1001 3959 1115 4014 alii.
1145 3958 1388 4030 Reliquae
1410 3976 1540 4013 vero
1565 3962 2004 4031 metropolitante

2109 1856 2425 1925 apostolica!
2460 1856 2607 1911 sedis
2640 1856 3000 1926 auctoritate)
3045 1858 3353 1927 justissime
3392 1859 3699 1913 terminen-

2111 1957 2222 2003 tur.
2256 1948 2380 2004 llaac
2410 1950 2479 2003 ab
2521 1950 2764 2019 antiquis
2789 1949 2858 2015 “,
2892 1950 3009 2005 haec
3056 1950 3127 2003 ab
3159 1950 3462 2019 apostolis,
3514 1951 3634 2006 haec
3668 1967 3697 2004 a

2110 2044 2318 2099 sanctis
2366 2043 2626 2100 Patribus
2680 2044 3031 2113 accepimus,
3069 2044 3336 2114 vobisque
3364 2048 3464 2113 (ut
3508 2057 3699 2115 postu-

2109 2136 2286 2207 lastis)
2313 2137 2586 2202 rimanda,
2614 2146 2667 2191 et
2692 2136 2894 2193 futuris
2922 2137 3157 2192 tenenda
3193 2138 3547 2208 temporibus
3575 2139 3695 2192 mit-

2110 2230 2299 2297 timus,
2324 2242 2377 2285 et
2407 2230 2637 2301 reliquis
2672 2228 2939 2284 fratribus
2970 2229 3340 2300 praedicanda,
3368 2244 3440 2284 ac
3485 2232 3692 2285 cunctis

2110 2320 2364 2375 fidelibus
2399 2321 2664 2375 tradenda
2708 2321 3037 2376 mandamus
3062 2362 3076 2387 ,
3110 2336 3178 2375 ne
3206 2330 3500 2390 pastorum
3528 2322 3691 2391 impe-

2109 2412 2260 2477 ritia,
2302 2411 2348 2442 "
2394 2412 2490 2481 qui
2542 2420 2854 2481 sequuntur
2878 2451 2893 2477 ,
2945 2412 3247 2467 deteriores
3271 2412 3408 2467 ﬁant
3433 2454 3450 2476 ,
3486 2415 3693 2468 dicente

2109 2503 2341 2559 Domino
2366 2521 2463 2575 per
2491 2505 2813 2576 prophetam
2844 2524 2857 2559 :
2890 2503 3003 2574 Ipsi
3032 2514 3269 2575 pastores
3316 2506 3689 2575 ignoramunt

2106 2597 2515 2667 intelligentiam
2534 2598 2602 2651 ⁵³.

2179 2684 2331 2752 Quos
2358 2702 2554 2743 rursus
2578 2686 2847 2743 Dominus
2892 2688 3217 2753 detestatur,
3248 2688 3483 2745 dicens:
3523 2688 3590 2743 Et
3619 2701 3692 2744 ιε-

2108 2789 2284 2834 nentes
2316 2780 2503 2850 legem,
2537 2782 2836 2835 nescierunt
2865 2798 2943 2836 me
2981 2782 3049 2835 “.
3083 2780 3293 2837 Nesciri
3324 2796 3462 2851 ergo
3486 2780 3695 2838 Veritas

2107 2884 2166 2924 se
2194 2870 2263 2924 ab
2300 2870 2379 2925 eis
2401 2873 2779 2940 conqueritur,
2842 2882 2897 2927 et
2952 2874 3166 2928 nescire
3211 2888 3270 2927 se
3320 2873 3693 2943 principatum

2107 2961 2472 3016 nescientium
2504 2972 2869 3032 protestatur;
2895 2966 3025 3035 quia
3058 2964 3307 3035 profecto
3356 2967 3415 3022 lii
3468 2970 3569 3037 qui
3612 2982 3695 3033 ea,

2030 3081 2071 3139 ο
2110 3068 2234 3122 qua:
2253 3064 2383 3110 sunt
2414 3053 2652 3120 Domini,
2680 3057 2952 3122 nesciunt,
2986 3072 3017 3111 a
3066 3056 3301 3113 Domino
3346 3061 3696 3121 nesciuntur,

2110 3146 2281 3202 Paulo
2316 3155 2632 3212 attestante,
2670 3148 2766 3219 qui
2796 3149 2901 3203 ait:
2935 3148 2997 3204 Si
3028 3151 3146 3220 quis
3181 3152 3399 3220 ignorat
3424 3153 3703 3223 ignorabio

2112 3245 2200 3289 tur
2223 3236 2285 3286 5'.
2324 3235 2463 3291 Hinc
2488 3248 2541 3292 et
2573 3237 2885 3303 Psalmista,
2918 3256 3027 3295 non
3071 3242 3314 3310 optantis
3363 3244 3582 3309 animo,
3608 3242 3699 3296 sed

2108 3330 2489 3398 prophetantis
2518 3333 2779 3402 mysterio
2806 3332 3118 3398 denuntiat,
3143 3334 3372 3391 dicens:
3397 3338 3704 3391 Ubscuren.

2114 3429 2203 3473 tur
2228 3422 2371 3475 oculi
2395 3440 2599 3489 eorum,
2627 3440 2689 3478 ne
2712 3425 2947 3491 videant,
2992 3436 3043 3480 et
3079 3428 3299 3480 dorsum
3340 3446 3536 3482 eorum
3569 3447 3697 3485 sem

2106 3528 2201 3581 per
2232 3513 2450 3565 incurva
2470 3513 2534 3565 ⁵⁸.
2565 3512 2889 3569 Obscuratis
2913 3530 3047 3584 ergo
3075 3516 3252 3570 oculis
3272 3558 3287 3580 ,
3313 3516 3554 3573 dorsum
3604 3518 3700 3573 ﬂe-

2109 3600 2304 3668 ctitur;
2334 3603 2596 3671 quoniam
2651 3619 2778 3659 cum
2832 3605 3015 3659 lumen
3043 3609 3284 3661 scientia:
3315 3610 3567 3677 perdunt
3609 3611 3702 3681 qui

2108 3703 2370 3761 praeuut,
2401 3698 2521 3750 sine
2547 3696 2716 3750 dubio
2738 3697 2805 3751 ad
2836 3699 3104 3765 portanda
3140 3711 3505 3769 peccatorum
3534 3718 3701 3757 onera

2106 3785 2443 3841 inclinantur
2474 3799 2783 3859 sequentes.
2824 3791 2869 3821 ⁵⁷
2913 3790 3012 3846 Hic
3041 3807 3171 3861 ergo
3192 3792 3338 3846 inter
3379 3810 3589 3851 manus
3627 3798 3703 3850 la-

2106 3883 2327 3932 tronum
2364 3888 2419 3933 et
2439 3879 2628 3936 dentes
2652 3880 2951 3936 furentium
2975 3883 3230 3954 luporum
3265 3894 3561 3957 utcunque
3580 3904 3699 3944 ver-

2104 3981 2309 4023 samur.
2337 3970 2467 4024 Ideo
2515 3981 2570 4027 ct
2627 3972 2826 4029 docere
2872 3973 3050 4040 alios,
3098 3985 3155 4030 et
3186 3990 3289 4031 nos
3318 3976 3480 4046 ipsos
3514 3982 3703 4050 (prout

536 4227 583 4261 ιι
598 4219 786 4312 blatth.
831 4238 895 4303 ,ιιι
917 4264 930 4287 ,
983 4222 1102 4312 575Ἶ
1152 4222 1286 4312 Rue:
1340 4242 1444 4312 ιλιι
1472 4225 1507 4278 2
1543 4296 1578 4312 Α
1606 4225 1649 4310 "f’
1670 4225 1801 4307 [.uc.
1832 4226 2860 4312 codaconstan_terhlcgit_septuaginta.
2932 4239 3133 4312 _‘f_l_sid.
3174 4238 3246 4295 De
3269 4241 3365 4310 off.
3396 4259 3481 4310 ιι,
3526 4246 3561 4300 5
3587 4289 3601 4312 ,
3633 4264 3696 4303 ex

427 4307 539 4361 quo
576 4302 629 4345 ct
664 4293 966 4359 superiora.

428 4364 685 4433 capitum.
762 4363 805 4400 δ⁹
838 4364 1487 4433 πρωτονομοδιδάσκαλοι.

1060 4295 1102 4330 ιτ
1152 4294 1345 4381 Distin.
1377 4295 1479 4381 ψ),
1534 4296 2047 4381 1:1;(5ttillciwlttltllo.
2094 4300 2161 4354 Et
2210 4303 2263 4381 i_n
2299 4294 2451 4381 Deci.
2480 4294 2629 4381 lvon.
2666 4294 2759 4381 lib.
2792 4324 2860 4359 Iv.
2904 4310 2948 4381 δέ
2968 4308 3180 4381 llincm.
3210 4294 3330 4381 cap:
3354 4294 3696 4379 didii}:

1568 4368 1774 4443 ξίξλιινς.
1853 4368 1961 4443 “th
2013 4374 2277 4443 martyrio
2308 4374 2365 4427 S.
2407 4374 2549 4428 Petri
2607 4377 2849 4430 nondum
2917 4379 2987 4433 60
3047 4368 3319 4436 ﬂuxeratit
3377 4368 3695 4442 anni—cuni

430 4433 544 4513 haec
570 4432 891 4523 .scrip‘s‘i'sse’
921 4432 1142 4523 fingitur
1180 4434 1490 4523 Anacletus.
1569 4438 1612 4467 δ’
1727 4435 1889 4523 Ereg.
1923 4438 2075 4493 Past.
2105 4432 2222 4523 l._'tn,
2254 4445 2581 4523 quibusdam
2629 4462 2730 4515 pro
2745 4432 2935 4523 ‘rnorei
2968 4432 3317 4523 interpolatis'
3356 4432 3697 4523 εἷ’ὖι-αέιέῖ-’ὶ

428 4504 632 4556 missis.

425 4574 750 4642 pastoribus.

724 4502 888 4559 53lsa.
928 4502 1047 4570 Lvi,
1078 4503 1162 4557 11.
1241 4504 1503 4559 “Jcrem.
1542 4521 1602 4574 tt,
1631 4507 1683 4561 8.
1728 4506 1808 4560 ⁵⁵1
1834 4502 1955 4564 Cor.
1996 4526 2109 4576 xiv,
2134 4502 2222 4566 58;
2271 4502 2338 4545 ’⁸⁸
2360 4516 2500 4570 Psal.
2527 4502 2717 4583 LXV-Ill,
2740 4518 2830 4572 24.
2906 4520 2949 4551 ⁸⁷
2971 4502 3450 4591 8.Ᾱιῖέιιξίξ”ο.νῖΐ,

422 4825 513 4908 est
528 4815 886 4908 :_Pascepves
922 4835 1089 4901 meas,
1112 4836 1266 4908 pasce
1295 4838 1455 4902 agnos
1479 4839 1618 4879 meos
1652 4823 1837 4908 (πίρςιηἶ
1876 4844 1990 4893 XXI,

2121 4833 2324 4908 Lcipulis
2362 4834 2580 4891 Domini
2606 4852 2713 4891 non
2745 4838 2904 4893 aliter
2934 4854 3098 4908 quam
3124 4854 3221 4908 per
3263 4840 3691 4897 similitudinem

426 4886 539 4959 Π),
558 4886 870 4959 immediate
897 4905 1050 4943 suam
1072 4886 1506 4959 jurisdictionem
1538 4886 1705 4951 certis
1726 4886 1990 4954 limitibus

419 4956 699 5031 deﬁnitam
737 4956 1178 5031 consequuntur.
1223 4961 1486 5031 Denique,
1522 4980 1629 5020 non
1679 4968 1991 5022 succeditur

421 5027 642 5106 proprie
696 5027 1218 5106 nisinprtecedcnti;
1253 5041 1307 5106 at
1357 5027 1539 5106 s'imul_
1569 5050 1694 5090 cum
1726 5040 1989 5106 apostolis

424 5095 648 5173 fuerunt
695 5096 751 5173 in
807 5095 1049 5173 Ecclesia
1097 5095 1449 5173 Timotheus,
1497 5103 1675 5170 Titus,
1724 5095 1986 5173 E-vodius,

422 5165 625 5245 aliique
659 5166 1127 5245 plures_epi_scopi.
1168 5170 1226 5245 ἓξ
1257 5165 1682 5245 igiturcpiscopi
1721 5165 1983 5245 apostolis

426 5235 743 5313 succedunt,
771 5238 857 5313 cui
881 5235 1139 5313 episcopo
1169 5235 1324 5296 Titus
1347 5244 1369 5297 ?
1399 5235 1493 5298 cui
1516 5235 1837 5301 Timotheus
1862 5264 1986 5302 suc-

424 5303 808 5377 cessitiPatet
835 5303 998 5377 igitur
1042 5303 1150 5363 n'on
1200 5313 1355 5366 aliter
1388 5314 1501 5368 haec
1530 5316 1777 5371 Anacleti
1820 5320 1986 5371 verba

425 5374 1100 5457 intelligi‘debere.__quam
1122 5380 1334 5457 duplici
1366 5384 1751 5457 jlla_ratione,
1786 5387 1853 5441 de
1877 5404 1985 5457 qua

424 5458 610 5527 supra.
651 5444 784 5527 γῇς
826 5444 1079 5527 genarum.
1122 5444 1323 5517 Ιὶὺξιν,
1357 5452 1431 5506 De
1480 5454 1631 5508 Rom.
1682 5444 1981 5527 ponttf.,'c.

423 5512 515 5579 23,
542 5513 611 5567 24
634 5522 685 5568 et
704 5514 794 5570 25.
825 5514 949 5569 Sev.
983 5517 1187 5576 BINHIS.

497 5582 608 5669 (ιι)
650 5583 994 5669 Septuaginta
1019 5589 1122 5669 duo
1147 5593 1417 5669 discipuli,
1444 5612 1667 5669 quorum
1698 5608 1878 5666 typum
1898 5617 1986 5669 ge-

426 5665 547 5706 runt
580 5656 865 5725 presbyteri
914 5657 1223 5731 Presbyteri
1252 5656 1591 5737 septuaginta
1640 5656 1853 5724 duobus
1894 5656 1979 5723 di-

2097 4907 2392 4983 quamdam
2427 4908 2719 4983 succedere
2742 4907 3023 4983 dicuntur,
3077 4907 3235 4983 sicut
3269 4914 3551 4979 apostolis
3578 4915 3692 4983 epi-

2094 4975 2265 5047 scopi.
2291 4976 2446 5041 Quod
2496 4988 2676 5031 autem
2706 4994 2817 5031 non
2844 4975 3016 5035 aliter
3041 4975 3365 5047 succedant,
3396 4984 3518 5036 hzec
3552 4975 3691 5037 ratio

2092 5046 2372 5121 evidenter
2416 5050 2641 5121 probat:
2702 5048 3060 5120 Septuaginta
3118 5050 3230 5105 duo
3262 5046 3529 5121 discipuli
3585 5071 3691 5107 non

2091 5114 2315 5191 fuerunt
2338 5114 2659 5191 presbyteri,
2689 5114 2791 5174 nec
2827 5114 2998 5174 ullum
3030 5122 3281 5176 ordinem
3326 5114 3425 5176 aut
3454 5124 3692 5191 jurisdi-

2092 5187 2330 5262 ctionem
2359 5204 2387 5242 a
2418 5187 2639 5242 Christo
2657 5202 3045 5262 susceperunt:
3082 5192 3356 5262 siquidem
3392 5187 3690 5262 Pliilippus

2092 5263 2147 5332 et
2177 5255 2599 5332 Stephanus,_et
2631 5258 2722 5332 alii
2764 5255 3249 5332 qtiinquediac'oni
3284 5264 3354 5316 ab
3388 5255 3689 5332 apostolis,

2091 5326 2278 5401 Actor.
2311 5343 2407 5401 vr,
2434 5328 2671 5401 ordinati
2696 5326 2855 5384 erant
2887 5326 2954 5384 εἰ
3003 5331 3069 5384 72
3099 5333 3389 5401 discipulis
3424 5326 3686 5397 'Domiui,

2095 5397 2336 5469 utdocet
2369 5398 2665 5469 Epipltam.
2696 5401 2896 5455 haeresn
2933 5401 3033 5467 20;
3067 5419 3175 5456 non
3210 5397 3453 5458 fuissent
3497 5415 3686 5458 autem

2094 5466 2310 5545 diaconi
2339 5466 2598 5545 ordinati,
2644 5472 2691 5545 si
2729 5471 2849 5545 jam
2894 5482 3030 5545 ante
3044 5472 3316 5545 ordinem
3344 5475 3687 5545 presbyterii

2094 5536 2436 5594 habuissent.
2488 5539 2621 5595 Vide
2651 5536 2967 5597 Bellarmin.
3020 5543 3115 5599 lib.
3144 5556 3199 5597 tv
3253 5536 3686 5615 De'Romfpon-

2094 5607 2200 5677 ti[.,
2234 5624 2355 5677 cap.
2380 5610 2469 5666 25.
2504 5609 2578 5665 lo.

2094 5607 2200 5677 ti[.,
2234 5624 2355 5679 cap.
2380 5610 2469 5666 25.
2504 5609 2578 5665 lo.
