3818 6216
382 280 479 334 8H

1759 267 2102 325 ANACLETI
2142 263 2341 325 PAPE

3561 266 3664 320 sis
3752 93 3773 343 |

384 404 504 444 rum
529 389 780 461 principe
815 388 1102 460 presbyter
1134 388 1443 451 ordinatus,
1473 385 1733 440 omnibus
1759 384 1970 454 episco-
1999 389 2045 444 Α
2071 384 2341 454 denegare
2364 383 2537 453 possit
2558 382 2926 439 dubitationes
2942 383 3028 438 vel
3047 382 3408 438 necessitates
3433 380 3667 436 eornm’

384 480 467 549 pis
491 494 556 534 ac
591 482 821 551 reliquis
846 479 1052 535 Christi
1076 478 1459 534 sacerdotibus
1494 476 1751 530 salutem.

451 587 773 646 Benedictus
800 590 938 643 Deus
962 598 1010 643 et
1033 588 1199 642 Pater
1228 587 1441 639 Domini
1472 586 1638 638 nostri
1661 583 1789 637 Jesu
1814 581 1968 635 Chri-

386 691 484 749 sti,
513 684 600 752 qui
622 682 887 736 benedixit
920 698 1012 733 nos
1045 681 1102 733 in
1135 680 1276 732 omni
1309 677 1666 730 benedictione
1696 673 1968 744 spirituali

385 772 445 827 in
478 773 767 828 caelestibus
798 774 852 825 in
869 771 1104 837 Christo,
1143 772 1279 825 sicut
1304 768 1461 837 elegit
1492 784 1583 821 nos
1612 768 1669 819 in
1698 767 1812 835 ipso
1847 772 1968 817 ante

390 866 575 919 mundi
605 864 1052 927 constitutionem,
1074 872 1132 915 ut
1158 877 1385 915 essemus
1423 859 1594 912 sancti
1619 867 1667 911 et
1703 858 1966 909 immacu-

393 958 490 1011 lati
522 958 575 1010 in
599 965 873 1025 conspectu
903 955 1017 1023 ejus
1041 956 1097 1007 in
1119 954 1414 1016 charitate,
1458 950 1845 1021 prwdestinans
1876 963 1967 999 nos

392 1051 449 1103 in
471 1050 803 1118 adoptionem
828 1048 1063 1116 ﬁliorum
1086 1061 1176 1115 per
1191 1044 1374 1099 Iesum
1389 1042 1661 1099 Christum
1688 1042 1744 1093 in
1772 1041 1965 1109 ipsum,

392 1139 676 1192 secundum
707 1139 1034 1207 propositum
1058 1135 1345 1189 voluntatis
1363 1150 1494 1199 suae,
1528 1135 1583 1187 in
1608 1132 1819 1185 laudem
1849 1129 1967 1199 glo-

392 1230 489 1283 riae
511 1228 699 1299 gratia:
713 1242 842 1291 sure,
859 1228 927 1279 .in
946 1242 1051 1295 qua
1071 1224 1392 1295 gratiﬁcavit
1418 1239 1510 1275 nos
1528 1223 1584 1274 in
1604 1221 1795 1274 dilecto
1824 1214 1969 1270 Filio

393 1339 509 1388 suo,
538 1322 595 1376 in
632 1337 732 1390 quo
764 1320 1015 1373 habemus
1066 1318 1475 1387 redemptionem
1515 1332 1607 1385 per
1660 1318 1970 1387 sanguinem

393 1416 528 1483 ejus,
559 1414 915 1468 remissionem
933 1420 1263 1480 peccatorum
1288 1408 1573 1463 secundum
1598 1407 1821 1461 divitias
1848 1424 1970 1479 gra-

397 1507 487 1559 tite
510 1504 647 1573 ejus,
671 1518 787 1573 quw
814 1501 1100 1554 abundavit
1129 1501 1184 1552 in
1204 1498 1428 1551 nobisin
1459 1499 1602 1549 omni
1633 1498 1893 1565 sapientia
1922 1505 1971 1549 et

394 1596 699 1668 prudentia,
720 1604 777 1647 ut
808 1602 985 1647 notum
1015 1591 1161 1645 nobis
1218 1591 1415 1661 faceret
1464 1600 1853 1643 sacramentum
1882 1606 1973 1643 vo-

397 1694 619 1745 luntatis
646 1707 774 1757 suta,
803 1690 1086 1743 secundum
1111 1687 1497 1757 beneplacitum
1526 1687 1662 1755 ejus,
1688 1687 1827 1757 quod
1855 1703 1973 1756 pro-

395 1784 571 1854 posuit
594 1784 649 1835 in
677 1799 758 1848 eo,
784 1782 838 1834 in
867 1780 1262 1849 dispensatione
1284 1777 1627 1844 plenitudinis
1658 1786 1969 1845 temporum,

397 1878 698 1929 instaurare
732 1874 911 1927 omnia
946 1874 999 1926 in
1036 1871 1270 1937 Christo,
1302 1886 1424 1940 qua:
1465 1869 1517 1921 in
1544 1867 1686 1922 caelis
1710 1878 1759 1921 et
1781 1884 1898 1941 qua:
1920 1870 1974 1921 in

400 1979 543 2022 terra
561 1977 682 2020 sunt
719 1967 774 2019 in
801 1966 934 2033 ipso.
971 1962 1037 2017 In
1069 1979 1171 2033 quo
1202 1964 1365 2015 etiam
1392 1970 1532 2015 sorte
1566 1962 1739 2014 vocati
1768 1976 1972 2025 sumus,

398 2060 763 2131 prwdestinati
793 2058 1077 2112 secundum
1112 2055 1443 2125 propositum
1484 2052 1621 2122 ejus,
1663 2054 1754 2123 qui
1795 2054 1975 2105 omnia

401 2160 651 2222 operatur
680 2150 970 2205 secundum
1000 2147 1283 2203 consilium
1325 2146 1611 2200 voluntatis
1662 2162 1791 2210 sua,
1816 2155 1871 2198 ut
1902 2144 1977 2198 si-

400 2263 518 2298 mus
550 2260 643 2299 nos
670 2244 726 2297 in
751 2242 964 2296 laudem
989 2242 1175 2312 gloria:
1209 2240 1348 2309 ejus,
1381 2240 1474 2309 qui
1503 2248 1626 2292 ante
1648 2239 1976 2308 speravimus

401 2339 457 2391 in
503 2335 714 2391 Christo
746 2334 814 2388 ".
858 2332 934 2389 De
980 2332 1327 2402 primatibus,
1360 2331 1409 2364 ⁸⁸
1432 2330 1779 2395 charissimi,
1814 2344 1978 2397 super

401 2428 604 2499 quibus
634 2441 722 2481 me
751 2424 973 2494 quidam
1012 2432 1253 2477 vestrum
1285 2422 1702 2483 consuluerunt,
1740 2427 1795 2475 et
1847 2436 1979 2489 apo-

404 2520 612 2575 stolica:
635 2514 974 2572 auctoritatis
1005 2514 1156 2585 (qua,
1184 2514 1311 2567 licet
1332 2514 1561 2583 indigni,
1596 2511 1824 2567 Domino
1866 2512 1980 2566 dis-

402 2619 687 2681 pensante,
728 2605 1030 2677 fungimur)
1077 2607 1354 2661 decretum
1393 2606 1828 2676 postulaverunt,
1885 2612 1982 2659 aut

404 2703 449 2757 si
475 2716 595 2755 esse
615 2700 894 2763 deberent,
935 2708 1028 2752 aut
1052 2713 1181 2762 non,
1207 2706 1474 2767 quantum
1510 2698 1778 2751 hactenus
1803 2698 1870 2751 de
1894 2697 1979 2751 his

406 2812 436 2847 η
462 2792 620 2846 beato
645 2790 809 2843 Petro
848 2789 1117 2858 apostolo,
1171 2797 1224 2842 et
1262 2803 1291 2842 a
1317 2788 1541 2857 reliquis
1572 2788 1857 2857 apostolis,
1916 2802 1981 2842 ac

406 2884 569 2939 beato
613 2882 894 2936 Clemente
945 2888 1135 2934 nostro
1190 2887 1382 2933 sancto
1444 2879 1869 2948 praedecessore,
1928 2888 1983 2934 et

414 2985 669 3047 martyre,
697 2972 949 3028 novimus
971 2979 1259 3034 statutum,
1284 2972 1552 3040 denegare
1580 2971 1733 3025 vobis
1757 2971 1983 3027 minime

2843 498 2885 551 ἰ.

2372 588 2449 643 De
2476 588 2729 660 bipartito
2760 591 2943 643 ordine
2971 590 3324 644 sacerdotum.

2140 702 2522 767 Sacerdotum,
2557 700 2777 766 fratres,
2816 701 2950 756 ordo
2974 701 3261 769 bipartitus
3284 708 3389 763 est,
3424 709 3481 753 et
3513 699 3662 754 sicut

2072 794 2337 849 Dominus
2360 795 2510 848 illum
2545 794 2849 859 constituit,
2884 808 2914 847 a
2945 794 3096 847 nullo
3118 792 3278 847 debet
3304 793 3657 861 perturbari.

2072 886 2236 941 Scitis
2264 894 2445 939 autem
2499 900 2526 938 a
2560 882 2792 939 Domino
2846 883 3125 954 apostolos
3166 897 3287 937 esse
3344 883 3564 937 electos
3610 892 3663 934 et

2069 976 2419 1040 constitutos,
2458 985 2512 1031 et
2558 986 2750 1047 postea
2803 992 2898 1046 per
2924 977 3168 1032 diversas
3218 976 3542 1046 provincias
3595 976 3659 1028 a-l

2068 1068 2476 1140 praedicandum
2509 1068 2806 1138 dispersos.
2838 1066 2974 1121 Cum
3007 1082 3136 1121 vero
3160 1067 3355 1122 messis
3388 1067 3661 1136 cmpisset

2070 1176 2341 1226 crescere,
2381 1160 2575 1214 videns
2616 1175 2819 1229 paucos
2849 1175 2969 1213 esse
3019 1158 3323 1227 operarios,
3359 1158 3431 1211 ad
3460 1173 3661 1212 eorum

2071 1251 2452 1321 adiumentum
2480 1252 2824 1321 septuaginta
2852 1250 2992 1303 duos
3014 1250 3059 1280 '°
3106 1249 3229 1319 eligi
3268 1250 3537 1319 praecepit
3576 1252 3661 1303 di-

2072 1344 2335 1413 scipulos.
2365 1341 2620 1412 Episcopi
2647 1358 2796 1408 vero,
2848 1342 3051 1395 domini
3083 1341 3499 1410 apostolorum;
3536 1358 3663 1411 pre-

2073 1436 2275 1507 sbyteri
2300 1448 2543 1504 quoque,
2591 1434 2931 1505 septuaginta
2972 1433 3208 1487 duorum
3248 1432 3661 1503 discipulorum

2073 1530 2253 1584 locum
2274 1535 2485 1580 tenent.

2831 1621 2897 1674 li.

2178 1714 2252 1767 De
2285 1714 2663 1767 constitutione
2692 1729 2779 1765 seu
2813 1713 3151 1765 ordinatione
3170 1713 3541 1780 episcoporum

2606 1800 2667 1835 ac
2692 1783 3133 1852 presbyterorum.

2149 1878 2193 1916 ’ί
2221 1876 2473 1945 Episcopi
2516 1885 2697 1930 autem
2734 1890 2842 1928 non
2898 1874 2951 1928 in
2986 1877 3226 1930 castellis
3277 1888 3369 1931 aut
3426 1878 3662 1933 modicis

2077 1967 2389 2022 civitatibus
2415 1968 2615 2022 debent
2643 1965 2901 2021 constitui
2928 2007 2943 2032 ,
2976 1968 3069 2021 sed
3102 1968 3403 2039 presbyteri
3439 1985 3538 2038 per
3568 1985 3660 2024 ca-

2077 2058 2233 2112 stella
2283 2067 2337 2112 et
2366 2058 2614 2113 modicas
2643 2058 2891 2112 civitates
2933 2067 3099 2126 atque
3148 2059 3307 2114 villas
3341 2061 3552 2114 debent
3595 2062 3661 2115 ab

2077 2150 2636 2219 episcopis'ordinari
2660 2158 2714 2203 et
2744 2150 2910 2219 poni;
2944 2151 3145 2222 singuli
3182 2162 3366 2206 tamen
3413 2169 3514 2223 per
3551 2153 3660 2207 sin-

2078 2246 2234 2314 gulos
2264 2244 2457 2299 titulos
2480 2259 2630 2299 suos.
2666 2239 2733 2296 Et
2763 2242 3054 2312 episcopus
3083 2260 3188 2298 non
3223 2245 3291 2299 ab
3327 2262 3466 2309 uno,
3510 2250 3599 2300 sed
3627 2262 3657 2301 ι

2078 2336 2327 2406 pluribus
2354 2336 2513 2391 debet
2529 2336 2805 2405 episcopis
2832 2337 3108 2391 ordinari:
3136 2348 3208 2403 et,
3238 2347 3297 2390 ut
3319 2339 3533 2393 dictum
3558 2350 3655 2405 est,

2078 2444 2187 2482 non
2236 2428 2301 2481 ad
2335 2428 2609 2483 modicam
2664 2428 2959 2492 civitatem,
2992 2430 3041 2468 ⁸⁸
3076 2446 3142 2484 ne
3174 2431 3403 2484 vilescat
3459 2448 3656 2486 nomen

2079 2521 2341 2590 episcopi,
2390 2531 2486 2574 aut
2536 2521 2762 2583 alicubi,
2812 2522 2903 2576 sed
2935 2523 3001 2575 ad
3058 2522 3438 2577 honorabilem
3476 2527 3655 2579 urbem

2080 2612 2393 2667 titulandus
2422 2626 2476 2666 et
2502 2613 2940 2667 denominandus
2968 2623 3070 2667 est.
3115 2612 3409 2685 Presbyter
3437 2631 3568 2669 vero
3597 2617 3659 2669 ad

2079 2703 2658 2771 quemcunquelocum
2688 2704 2771 2757 vel
2794 2704 3080 2758 ecclesiam
3108 2704 3161 2755 in
3192 2718 3258 2757 eo
3281 2705 3661 2765 constitutam,

2080 2804 2165 2851 est
2191 2796 2595 2865 praeﬁciendus,
2623 2809 2786 2865 atque
2816 2796 2872 2849 in
2900 2811 2963 2850 ea
2991 2795 3183 2849 diebus
3204 2797 3329 2850 vita:
3357 2812 3477 2851 sua:
3498 2798 3662 2850 dura-

2081 2894 2258 2939 turus.
2304 2886 2551 2954 Amplius
2575 2902 2740 2955 quam
2796 2885 2885 2939 isti
2937 2885 3047 2940 duo
3079 2888 3128 2924 ⁸³
3157 2886 3383 2941 ordines
3404 2888 3667 2941 sacerdo-

2084 2986 2223 3040 tum,
2252 2992 2352 3032 nec
2385 2972 2544 3031 nobis
2570 2993 2599 3031 a
2634 2977 2747 3032 Deo
2775 2977 2958 3031 collati
2988 2986 3135 3042 sunt,
3168 2994 3267 3033 nec
3298 2981 3541 3048 apostoli
3571 2983 3669 3035 do-

410 3053 724 3139 possunius.
749 3064 794 3099 "
826 3062 892 3118 Et
918 3062 1042 3133 quis
1071 3070 1171 3125 est,
1200 3062 1289 3133 qui
1314 3062 1689 3131 quaerentibus
1717 3061 1979 3119 fratribus
2007 3072 2049 3128 C
2082 3077 2335 3123 cuerunt.

478 3298 735 3370 "Ephes.
784 3313 823 3364 ι,
869 3296 1022 3370 5-12.
1120 3294 1394 3370 “Hincm.
1457 3311 1547 3370 op._

409 3374 456 3404 ⁹⁰
471 3366 834 3440 septuaginta;
860 3376 909 3421 et
935 3369 1251 3440 sicsemper.
1286 3366 1417 3440 Luc:

1611 3311 1697 3361 Lv,

1751 3306 1942 3366 quaest.
1970 3312 2015 3351 c.
2058 3297 2144 3351 l5.

1537 3368 1735 3422 “Dist.
1786 3368 1874 3430 80,
1912 3366 2161 3437 Episcopi
2202 3368 2405 3420 nonin.

2251 3296 2294 3328 θ’
2314 3312 2399 3365 ep.
2439 3297 2600 3350 Attici
2652 3295 2719 3350 ad
2763 3295 2863 3351 PP.
2921 3294 3371 3365 Carthaginensis
3425 3295 3674 3349 concilii.

2520 3369 2565 3398 "
2591 3366 2915 3423 Sardicense
2954 3382 3078 3424 can.
3112 3364 3166 3433 6,
3196 3377 3250 3421 et
3290 3364 3465 3419 Laod.
3510 3365 3601 3420 57.

410 3436 561 3495 "Ha:
591 3436 809 3511 quoque
835 3454 901 3493 ex
935 3438 1125 3493 eodem
1152 3453 1253 3491 ms.
1280 3439 1349 3491 ab
1378 3436 1657 3492 Harduino
1677 3438 1916 3493 collectae
1946 3436 2093 3494 sunt.
2121 3437 2221 3492 Ms.
2260 3454 2363 3490 non
2386 3446 2509 3491 sunt
2540 3439 2772 3493 ordines.

414 3642 611 3698 habitae
639 3650 787 3704 sunt,
807 3647 868 3693 ut
893 3646 1041 3709 patet
1065 3637 1230 3691 etiam
1260 3653 1328 3691 ex
1358 3651 1515 3709 conc.
1547 3634 1751 3709 Nicaen.
1772 3651 1981 3709 canone

415 3713 469 3779 6,
498 3711 754 3766 Chalced.
788 3706 910 3763 acti
929 3708 996 3762 16
1018 3749 1032 3772 ,
1071 3710 1198 3779 item
1228 3722 1293 3761 ex
1324 3708 1550 3779 epistola
1581 3708 1650 3761 55
1679 3706 1879 3779 Leonis
1908 3708 1979 3760 ad

414 3776 760 3837 Anatolium:
791 3795 860 3833 ex
887 3779 1112 3847 epistola
1139 3776 1387 3846 Gregorii
1414 3778 1482 3831 ad
1514 3776 1825 3846 Eulogium,
1859 3791 1983 3847 quae

413 3863 497 3908 est
526 3853 620 3906 lib.
645 3866 721 3912 vr,
754 3865 874 3919 cap.
903 3846 992 3905 57.
1023 3846 1516 3919 Hierosolymitana
1548 3862 1643 3915 per
1666 3862 1839 3901 annos
1870 3846 1982 3919 fere

416 3924 741 3992 quingentos
768 3961 782 3984 ,
813 3915 917 3972 non
949 3934 1007 3972 re
1035 3918 1129 3972 sed
1159 3915 1376 3992 nomine
1402 3958 1416 3981 ,
1450 3933 1561 3992 n_on_
1573 3925 1855 3992 potestate
1886 3915 1979 3969 sed

417 3986 624 4045 honore
671 3990 973 4054 duntaxat,
1016 3996 1207 4057 quarta
1240 3987 1618 4057 patriarchalis
1650 3986 1833 4039 habita
1863 3994 1981 4051 est;

414 4075 473 4116 ut
496 4069 640 4121 natet
662 4075 729 4115 ex
759 4058 962 4113 Nicaen.
995 4056 1213 4121 concil.,
1238 4072 1433 4110 canon.
1465 4056 1515 4120 7,
1550 4057 1643 4110 ubi
1673 4056 1982 4110 decernitur

417 4078 473 4116 ιιι
532 4078 640 4115 alet
662 4078 729 4115 CX
759 4078 962 4113 λῒιεὶεη.
995 4078 1213 4121 οοηυιι.,
1238 4078 1433 4110 canon.
1473 4078 1515 4120 Ι,
1551 4078 1643 4110 υυι
1673 4078 1981 4110 υυυυηηιιιι·

417 4144 475 4187 ut
496 4078 1057 4201 qlierpsolymitauus,
1079 4135 1332 4196 quartum
1359 4127 1579 4201 quidem
1602 4125 1981 4195 patriarchalis

416 4199 680 4257 sessionis
721 4196 902 4253 locum
945 4213 1009 4251 ac
1046 4198 1307 4251 honorem
1362 4196 1595 4262 habeat;
1644 4211 1753 4249 non
1799 4204 1979 4248 tamen

416 4281 703 4341 propterea
729 4285 759 4324 a
784 4268 1123 4338 subjectione
1151 4266 1502 4341 Caesariensis
1521 4305 1535 4327 ,
1564 4280 1687 4341 qua;
1710 4273 1983 4333 metropo-

417 4333 583 4396 litana
617 4349 771 4405 erat,
809 4333 1163 4393 eximeretur.
1200 4335 1351 4391 Unde
1390 4333 1597 4405 beatus
1618 4333 1981 4403 Hieronymus

419 4413 471 4465 in
501 4410 660 4480 epist.
692 4404 763 4464 ad
784 4407 1229 4480 Pammachium,
1251 4416 1439 4460 contra
1474 4404 1739 4480 Joannem
1771 4406 1983 4480 episco-

418 4471 552 4550 puni
576 4478 1269 4550 Hierosolymitanum,_sic
1301 4490 1434 4550 eum
1458 4476 1753 4550 alloquitur
1772 4471 1840 4550 :_:i
1875 4471 1979 4550 Tu,

424 4542 619 4619 inquit,
648 4550 742 4619 qui
772 4542 983 4619 regulas
1016 4547 1218 4619 quaeris
1244 4542 1747 4619 ecclesiasticastet
1775 4542 1981 4619 Niemni

422 4613 639 4675 concilii
667 4613 983 4674 'Canonibus
1014 4613 1184 4670 uteris
1209 4658 1224 4681 ,
1256 4616 1524 4683 responde
1555 4614 1688 4667 mihi
1709 4658 1722 4680 ,
1756 4613 1823 4667 ad
1854 4613 1982 4683 Alc:

422 4692 746 4745 xandrinum
784 4690 1097 4758 episcopum
1131 4681 1426 4758 Palatstiiiai
1461 4685 1593 4758 quid
1628 4682 1890 4753 pertinet?
1918 4681 1981 4758 ini

424 4761 584 4814 fallor
614 4760 718 4816 hoc
745 4753 1196 4822 ibi'decernitur,
1244 4764 1305 4808 ut
1337 4753 1637 4808 Palaestina:
1668 4753 1982 4819 metropolis

423 4831 670 4884 Caesarea
702 4830 789 4891 sit,
816 4837 869 4883 et
905 4828 1072 4882 totius
1099 4826 1327 4879 orientis
1352 4824 1655 4877 Antiochia.
1688 4824 1794 4876 Aut
1824 4822 1983 4890 igitur

426 4900 493 4953 ad
519 4897 911 4954 Caesariensem
950 4897 1416 4965 archiepiscopum
1456 4893 1658 4947 referre
1691 4895 1980 4954 debueras,

427 4970 515 5024 cui
545 4978 724 5038 spreta
754 4968 1137 5038 communione
1181 4976 1271 5020 tua
1309 4965 1718 5038 communicare
1753 4977 1854 5015 nos
1885 4976 1983 5012 no-

425 5033 624 5104 veras,
667 5045 760 5091 aut
790 5038 837 5091 si
868 5037 1059 5107 procul
1118 5035 1478 5107 expetendum
1528 5033 1791 5107 judicium
1829 5038 1978 5107 erat,

430 5102 775 5162 Antiochiam
804 5102 986 5177 potius
1014 5102 1207 5177 litterie
1236 5105 1549 5177 dirigendaa.
1586 5102 1690 5177 sed
1730 5104 1851 5155 novi
1868 5114 1982 5177 ειη·

427 5181 729 5233 Cmsarcam
750 5219 765 5244 ,
799 5168 893 5231 cur
920 5176 1264 5230 Antiochiam
1303 5168 1541 5227 nolueris
1571 5173 1816 5244 mittere.
1866 5168 1982 5221 Ma-

430 5253 577 5305 luisti
620 5248 901 5315 occupatis
949 5246 1172 5301 auribus
1221 5245 1529 5299 molestiam
1561 5243 1979 5315 facere,_quam

430 5321 668 5374 debitum
725 5313 1138 5383 metropolitano
1198 5323 1294 5369 tuo
1358 5316 1620 5367 honorem
1677 5313 1923 5366 reddere.
1960 5328 1979 5359 ι

428 5391 835 5443 l’niriarithatus
884 5385 1525 5455 ConstantinOpoIitanus
1564 5384 1711 5454 (quia
1742 5393 1984 5455 tempore

434 5460 629 5512 Nemini
662 5457 875 5511 concilii
905 5451 1407 5524 Constantinopolis
1450 5451 1581 5524 urbs
1609 5451 1849 5524 nondum
1886 5451 1982 5503 de—

430 5532 607 5584 dicata
640 5530 759 5594 fuit)
804 5528 952 5579 hisce
998 5534 1182 5594 postea
1226 5522 1469 5593 tempore
1496 5522 1787 5577 Justiniani
1814 5563 1828 5586 ,
1862 5528 1985 5587 post

434 5615 634 5652 nonum
665 5598 875 5649 Domini
904 5596 1398 5665 quingentesimum
1427 5636 1440 5658 ,
1479 5609 1645 5662 opera
1691 5595 1983 5665 imperato-

434 5672 529 5735 ris,
553 5678 605 5722 et
628 5661 994 5721 tioinauorum
1018 5661 1332 5735 pontiﬁcum
1352 5661 1709 5735 permissione
1731 5661 1975 5715 arcessit.

2080 3637 2137 3691 ln
2168 3636 2411 3707 concilio
2430 3636 2650 3707 quidem
2682 3636 3294 3707 Constantinopolitano
3328 3637 3518 3706 primo
3549 3681 3565 3703 ,
3612 3656 3677 3695 ac

2079 3715 2265 3777 postea
2299 3708 2353 3761 in
2384 3705 2845 3771 Chalcedononsi,
2881 3705 3536 3777 Constantinopol’itanus
3566 3727 3675 3765 non

2081 3778 2244 3831 modo
2285 3778 2712 3847 patriarchatum
2741 3817 2756 3840 ,
2791 3792 2981 3831 verum
3015 3780 3178 3832 etiam
3229 3780 3543 3834 secundum
3596 3781 3680 3835 lo-

2081 3862 2206 3901 cum
2255 3849 2502 3920 obtinere
2541 3849 3053 3920 conatusestgscd
3092 3847 3375 3920 (pontiﬁce
3409 3852 3680 3920 [eliquis-

2080 3933 2187 3986 que
2236 3918 2660 3971 reclamantibus
2714 3918 3066 3987 primatibus)
3114 3917 3340 3973 frustra.
3395 3917 3678 3977 Cur—tres

2089 3996 2299 4041 tantum
2354 3988 2623 4056 prtedictae
2670 3990 2829 4042 sedes
2874 3989 3269 4056 patriarchales
3318 3990 3427 4042 isto
3482 3993 3680 4047 ordine

2088 4057 2369 4129 collocatae
2423 4056 2631 4129 fuerint
2644 4127 2652 4129 _
2673 4059 2846 4111 solius
2878 4056 3020 4111 Petri
3054 4060 3430 4129 apostolorum
3468 4063 3679 4129 princi-

2087 4127 2572 4206 pisprarogativa,
2602 4126 2841 4206 dignitas
2863 4137 2916 4206 et
2944 4126 3233 4197 primatus,
3264 4128 3418 4206 velut
3443 4126 3677 4206 propria

2088 4206 2142 4250 et
2172 4197 2483 4267 immediata
2515 4212 2679 4250 causa
2722 4198 2948 4252 honoris
2981 4207 3034 4251 ct
3066 4199 3350 4267 potestatis
3378 4240 3393 4261 ,
3444 4197 3672 4255 eﬂ‘ecit:

2088 4281 2402 4340 quanquam
2451 4265 2665 4340 Petrum
2706 4268 2762 4340 in
2806 4268 2892 4340 his
2932 4265 3153 4340 sedibus
3185 4269 3450 4335 eligendis
3475 4311 3492 4335 ,
3526 4273 3675 4340 quod

2087 4335 2147 4409 S.
2177 4335 2288 4390 Leo
2318 4338 2371 4409 in
2402 4337 2626 4405 epistola
2656 4338 2761 4409 bi,
2781 4338 3435 4409 addAnastasiuntdocet,
3474 4335 3677 4409 qu'am-

2087 4408 2211 4459 dam
2266 4407 2536 4459 rationem
2585 4406 2981 4475 magnitudinis
3022 4418 3077 4462 et
3109 4408 3409 4462 nobilitatis
3442 4406 3670 4464 urbium

2086 4476 2346 4547 habuisse
2394 4475 2578 4543 negari
2615 4492 2721 4547 non
2746 4476 2937 4547 possit.
2971 4475 3217 4529 Romana
3244 4477 3403 4547 sedes
3428 4482 3670 4547 primam

2086 4545 2400 4617 dignitatem
2429 4546 2846 4617 patriarchalem
2868 4547 3101 4617 Vobtiuet,
3126 4548 3254 4617 quia
3276 4545 3481 4617 Petrus
3541 4564 3673 4617 apo-

2073 4615 2319 4686 stolusin
2340 4615 2440 4686 hac
2463 4630 2625 4686 quam
2654 4614 2938 4686 furndavit,
2963 4624 3022 4668 ut
3057 4616 3238 4686 inquit
3270 4615 3327 4669 S.
3364 4614 3673 4686 Gregorius

2084 4685 2179 4737 lib.
2213 4699 2288 4747 vr,
2320 4684 2481 4751 epist.
2514 4683 2603 4747 57,
2649 4685 2716 4736 ad
2750 4682 3033 4752 Eulogium
3070 4682 3333 4737 Alexand.
3378 4682 3674 4753 quiescere

2083 4764 2137 4807 et
2182 4754 2349 4805 vitam
2426 4754 2581 4805 linire
2642 4756 2895 4819 dignatus
2941 4764 3043 4806 est.
3094 4754 3493 4807 Alexandriam
3542 4760 3675 4811 sede

2083 4822 2432 4895 patriarchali
2454 4823 2727 4895 decoravit
2750 4824 2934 4895 (verba
2959 4822 3204 4895 Gregorii
3232 4830 3385 4889 sunt)
3416 4841 3477 4895 in
3498 4840 3672 4895 quam

2083 4890 2472 4962 evangelistam
2513 4890 2769 4962 Marcum
2815 4890 3144 4962 discipulum
3203 4895 3374 4947 misit.
3440 4890 3671 4959 Tertio.

2085 4961 2266 5015 sedem
2294 4963 2346 5014 in
2377 4976 2484 5029 qua
2511 4961 2624 5029 ipse
2648 4970 2853 5029 septem
2882 4961 3043 5017 armis
3070 4964 3230 5026 sedit,
3262 4965 3671 5019 Antiochenam

2084 5032 2345 5084 nimirum
2397 5032 2671 5103 firmavit,
2718 5040 2773 5085 et
2821 5033 2969 5103 sedis
3013 5034 3400 5103 patriarchalis
3450 5036 3673 5091 honore

2084 5102 2604 5173 condecoravit;_ita
2633 5099 2933 5173 Gregorius
2967 5099 3226 5173 pfzedicta
3276 5104 3514 5171 epistola
3542 5146 3559 5171 ,
3614 5107 3671 5159 S.

2085 5170 2448 5247 Leo_epistola
2477 5170 2567 5233 55,
2610 5171 2679 5247 ad
2722 5170 3057 5247 Anatolium.
3101 5175 3257 5247 Sicut
3299 5170 3673 5247 ergo__major

2083 5251 2165 5294 est
2195 5240 2388 5314 Petrus
2416 5241 2698 5314 apostolus
2743 5240 2927 5314 Marco
2965 5244 3297 5314 evangelista
3323 5283 3339 5307 ,
3368 5240 3423 5297 et
3446 5240 3673 5301 Marcus

2083 5311 2417 5387 evangelista
2447 5310 2680 5387 _Evodio
2707 5352 2721 5375 ,
2776 5311 2871 5379 qui
2921 5310 3445 5387 neque'apostolus
3490 5333 3672 5387 nisque

2082 5382 2414 5449 evangelista
2445 5379 2564 5443 fuit,
2595 5382 2667 5433 ita
2690 5397 2910 5449 quoque
2949 5379 3196 5438 Romana
3244 5385 3493 5439 Ecclesia
3544 5379 3671 5442 A'le-

2084 5452 2427 5514 xandrinam,
2452 5460 2507 5504 et
2524 5452 2889 5503 Alexandrina
2911 5452 3308 5509 Antiochenam
3333 5458 3671 5509 auctoritate

2083 5521 2416 5643 iatbdignitaie
2448 5530 2689 5591 supcrat.
2724 5521 2859 5576 Vide
2885 5521 3139 5579 Bellarm.
3176 5523 3251 5577 De
3279 5524 3435 5579 Rom.
3464 5528 3665 5593 pontii.

2106 5608 2117 5641 l
2163 5631 2175 5643 .
2209 5606 2245 5643 ι.
2278 5607 2325 5643 c.
2394 5612 2444 5643 ςι.

2106 5606 2175 5643 in.
2209 5606 2245 5655 ι,
2278 5607 2325 5644 c.
2364 5606 2444 5644 ti.

3764 362 3774 583 ἱ
