3818 6216
86 274 211 335 813

865 399 956 453 Ill.

295 487 375 542 De
401 488 718 543 discretione
740 489 1106 558 episcoporum
1136 496 1188 541 et
1214 486 1512 541 civitatum.

172 579 586 649 EpiscOporum
620 595 752 635 vero
782 581 919 635 ordo
964 595 1108 635 unus
1141 590 1246 642 est,
1278 579 1409 635 licet
1448 578 1560 635 sint
1585 592 1697 648 pn-

85 682 289 728 mates
315 674 393 727 illi
422 674 516 744 qui
548 674 757 743 primas
783 672 1035 727 civitates
1065 681 1272 735 tenent,
1305 671 1401 742 qui
1423 679 1475 724 et
1499 670 1554 723 in
1572 670 1699 740 qui-

87 764 351 820 busdam
376 765 517 821 locis
538 765 864 835 patriarchae
887 780 919 819 a
954 763 1235 819 nonnullis
1281 768 1568 817 vocantur.
1616 761 1697 815 llli

90 866 299 911 autem
327 856 422 927 qui
448 856 503 910 in
528 857 816 928 metropoli
840 872 867 910 a
887 857 1047 912 beato
1070 855 1231 911 Petro
1247 836 1518 924 apostolo,
1548 854 1698 907 ordi-

91 956 282 1002 nante
312 946 566 1010 Domino,
592 955 647 1001 et
676 961 707 1000 a
738 948 1139 1016 praedecessore
1191 953 1383 1000 nostro
1436 943 1698 1014 praedicto

92 1051 309 1095 sancto
337 1038 636 1104 Clemente,
684 1054 779 1094 seu
811 1054 841 1093 a
869 1039 1029 1094 nobis
1055 1039 1341 1094 constituti
1384 1048 1534 1101 sunt,
1587 1053 1696 1091 non

92 1148 310 1187 omnes
340 1133 604 1202 primates
655 1131 738 1185 vel
797 1131 1125 1200 patriarchae
1154 1146 1275 1186 esse
1299 1140 1565 1200 possunt:
1601 1131 1695 1185 sed

93 1225 216 1279 illae
242 1225 429 1289 urbes,
448 1239 570 1295 qua:
593 1222 835 1294 praefatis
855 1232 909 1277 et
926 1223 1123 1294 priscis
1151 1223 1490 1292 temporibus
1512 1222 1561 1265 οι
1580 1222 1696 1293 pri-

93 1327 326 1373 matum
380 1325 608 1372 tenuere
632 1355 647 1381 ,
676 1315 723 1355 ⁶⁸
762 1315 1204 1385 patriarcharum
1258 1323 1354 1368 aut
1394 1315 1695 1385 primatum

92 1410 341 1464 nomine
364 1410 654 1475 fruantur;
690 1409 917 1478 reliqum
946 1423 1075 1462 vero
1098 1407 1450 1477 metropoles,
1478 1407 1697 1463 archie-

91 1505 466 1575 piscoporum
498 1513 593 1558 aut
622 1503 1198 1573 metropolitanorum,
1230 1510 1283 1555 et
1313 1516 1422 1555 non
1455 1499 1696 1571 patriar-

92 1596 346 1651 charum
380 1603 474 1650 aut
529 1595 827 1664 primatum
882 1602 1106 1649 utantur
1156 1592 1512 1659 nominibus;
1565 1592 1696 1663 quia

93 1687 229 1741 haec
266 1687 455 1742 eadem
484 1693 540 1741 et
563 1686 709 1755 leges
732 1685 917 1741 saeculi
943 1686 997 1740 in
1033 1686 1150 1740 suis
1181 1684 1696 1754 continentprinci-

1545 275 1924 334 EPISTOLIE.

1728 402 1774 454 Α
1876 400 1899 432 ι
1923 393 2171 447 Secunda
2198 403 2378 448 autem
2417 393 2576 449 sedes
2603 393 2747 464 apud
2776 393 3159 448 Alexandriam
3184 437 3200 461 ,
3230 395 3375 452 beati

3269 281 3377 339 8M

1800 484 1943 539 Petri
1990 487 2214 541 nomine
2238 525 2254 547 .
2286 501 2315 541 a
2351 486 2536 542 Marco
2566 487 2687 554 ejus
2713 486 2981 557 discipulo
3018 494 3181 556 atque
3207 502 3375 543 evan-

1800 578 1991 646 gelista
2023 586 2343 632 consecrata
2371 587 2449 633 est
2481 596 2496 645 ;
2527 578 2658 648 quia
2689 579 2806 649 ipse
2832 585 2888 633 et
2916 577 2973 633 in
3003 576 3240 650 Egypto
3266 580 3378 649 pri-

1801 686 1951 724 mum
1978 670 2203 725 verbum
2232 670 2478 726 veritatis
2501 712 2516 736 ,
2558 670 2799 727 directus
2829 686 2860 725 a
2890 670 3051 726 Petro
3074 711 3089 734 ,
3114 672 3377 742 praedica-

1799 760 1913 827 vit,
1946 770 2000 817 et
2027 762 2324 839 gloriosum
2367 765 2608 834 suscepit
2645 764 2989 835 martyrium.
3016 762 3117 819 Cui
3147 780 3378 821 venera-

1800 855 1925 911 bilis
1953 856 2217 912 successit
2244 855 2457 911 Abilius
2477 856 2519 911 ⁸.

1869 948 1889 979 τ
1921 946 2103 1003 Tertia
2130 957 2311 1003 autem
2349 950 2506 1005 sedes
2538 950 2681 1017 a;‘ud
2711 948 3058 1005 Antiochiam
3081 990 3097 1015 ,
3131 949 3377 1018 ejusdem

1802 1038 1879 1107 (id
1912 1049 1998 1095 est
2023 1039 2167 1096 beati
2198 1040 2366 1110 Petri)
2395 1042 2627 1111 apostoli
2661 1043 2884 1097 nomine
2929 1042 3159 1096 habetur
3199 1043 3380 1097 hono-

1800 1131 2030 1187 rabilis:
2062 1133 2190 1203 quia
2218 1134 2350 1197 illic,
2384 1135 2703 1204 priusquam
2740 1133 2970 1188 Romam
3004 1133 3250 1200 veniret,
3282 1135 3380 1189 ha-

1800 1223 2026 1291 bitavit,
2071 1233 2125 1279 et
2155 1224 2419 1295 Ignatium
2448 1226 2762 1297 episcopum
2783 1226 2804 1257 "
2833 1226 3151 1293 constituit,
3187 1237 3240 1282 et
3272 1228 3382 1282 illic

1798 1314 2038 1385 primum
2064 1330 2264 1371 nomen
2294 1315 2733 1373 Christianorum
2761 1318 2988 1373 novella?
3014 1320 3189 1389 gentis
3215 1335 3381 1374 exor-

1799 1413 1916 1460 tum
1952 1416 2056 1463 est.
2090 1407 2351 1478 Reliquas
2382 1424 2512 1463 vero
2545 1417 2605 1464 ut
2648 1409 3000 1481 praediximus
3037 1410 3089 1464 in
3136 1412 3379 1482 quodam

1798 1505 1990 1566 tomo,
2040 1501 2405 1570 prolixitatem
2442 1502 2678 1559 vitantes
2724 1503 3002 1573 epistolae,
3049 1504 3206 1559 vobis
3248 1520 3381 1560 con-

1800 1594 2033 1664 scriptas
2064 1594 2430 1649 direximus.’
2453 1595 2590 1678 inde
2623 1612 2861 1666 namque
2895 1604 2950 1650 et
2977 1596 3117 1652 beati
3146 1597 3377 1667 apostoli

1800 1688 1941 1743 inter
1964 1702 2024 1743 se
2052 1694 2387 1752 statuerunt,
2414 1697 2475 1742 ut
2503 1688 2745 1759 episcopi
2792 1689 3130 1760 singularum
3174 1689 3380 1744 scirent

92 1780 310 1851 pibus;
343 1787 391 1822 ³⁸
415 1780 536 1835 alia:
562 1788 745 1835 autem
790 1779 983 1849 prima:
1035 1778 1286 1833 civitates
1340 1792 1481 1849 quas
1534 1776 1694 1831 vobis
1727 1785 1770 1840 Β
1798 1779 2124 1850 gentium,“
2172 1780 2299 1849 quis
2347 1779 2491 1834 inter
2519 1795 2616 1836 eos
2646 1781 2856 1850 primus
2884 1788 3062 1847 esset,
3105 1789 3378 1851 quatenus

90 1871 459 1940 conscriptas
508 1872 563 1925 in
619 1869 857 1939 quodam
893 1876 1047 1924 torno
1078 1866 1379 1934 mittimus,
1425 1884 1456 1923 a
1486 1867 1693 1923 sanctis

92 1963 401 2034 apostolis,
442 1972 496 2017 et
532 1978 563 2017 a
584 1962 748 2018 beato
792 1960 1097 2026 Clemente,
1125 1961 1240 2016 sive
1269 1975 1300 2015 a
1333 1960 1494 2016 nobis
1520 2000 1535 2024 ,
1577 1959 1695 2029 pri-

92 2065 287 2114 mates
310 2055 697 2127 praedicatores
726 2061 1079 2122 acceperunt.
1101 2050 1227 2108 Haec
1249 2066 1380 2106 vero
1403 2065 1695 2106 sacrosan-

92 2163 192 2207 cta
210 2149 467 2204 Romana
484 2155 539 2201 et
557 2146 859 2216 apostolica
879 2144 1147 2211 Ecclesia,
1174 2159 1285 2199 non
1313 2144 1383 2198 ab
1400 2143 1692 2213 apostolis,

94 2244 205 2300 sed
258 2243 330 2297 ab
384 2241 503 2310 ipso
558 2238 792 2294 Domino
831 2237 1113 2292 Salvatore
1168 2241 1428 2291 nostro"
1484 2250 1694 2305 prima-

96 2348 223 2392 tum
260 2333 518 2396 obtinuit,
551 2342 606 2386 et
642 2330 997 2386 eminentiam
1025 2328 1311 2399 potestatis
1363 2342 1526 2396 super
1568 2328 1695 2380 uni-

96 2446 300 2485 versas
332 2427 604 2483 Ecclesias
624 2442 689 2481 ac
714 2435 884 2480 totum
917 2422 1217 2478 Christiani
1255 2421 1440 2491 populi
1472 2435 1690 2491 gregem

96 2530 369 2578 assecuta
418 2528 524 2585 est,
554 2519 698 2574 sicut
736 2517 855 2587 ipse
908 2514 966 2569 Β.
1027 2512 1191 2569 Petro
1235 2511 1483 2582 apostolo
1513 2510 1686 2564 dixit:

104 2616 191 2669 Tu
223 2631 280 2669 es
311 2613 527 2679 Petrus,
555 2622 605 2665 et
634 2628 789 2680 super
810 2609 945 2663 hanc
969 2617 1174 2678 petram
1196 2603 1474 2675 aediﬁcabo
1503 2602 1690 2658 Eccle-

98 2712 249 2764 siam
266 2725 457 2774 meam,
481 2718 529 2761 et
552 2717 717 2777 parte
740 2706 900 2774 inferi
927 2720 1031 2758 non
1062 2700 1419 2773 prwvalebunt
1443 2700 1692 2753 adversus

100 2818 229 2855 eam
252 2817 271 2855 :
302 2810 351 2855 et
382 2800 478 2853 tibi
502 2799 639 2852 dabo
671 2797 843 2852 claves
869 2796 1014 2866 regni
1040 2794 1309 2848 caelorum.
1344 2792 1412 2846 Et
1438 2806 1693 2863 quaecun-

102 2911 209 2965 que
234 2893 482 2963 ligaveris
506 2906 662 2960 super
686 2899 905 2954 terram,
931 2898 1082 2941 erunt
1105 2886 1275 2955 ligata
1295 2894 1345 2940 et
1368 2886 1423 2937 in
1453 2883 1614 2938 caelo:
1642 2890 1691 2935 et

102 3000 439 3058 quaecunque
465 2982 683 3037 solveris
715 2995 869 3049 super
894 2987 1113 3043 terram,
1154 2986 1308 3031 erunt
1341 2974 1519 3030 soluta
1548 2984 1598 3029 et
1633 2974 1692 3027 in

104 3077 243 3131 caelo
272 3085 341 3131 κ.
372 3074 631 3129 Adhibita
679 3080 766 3127 est
796 3070 960 3125 etiam
1005 3071 1237 3124 societas
1272 3070 1328 3122 in
1358 3069 1546 3123 eadem
1579 3067 1693 3123 Ro-

1760 1926 1765 1931 .
1794 1873 1863 1928 ad
1891 1888 2016 1927 eum
2045 1872 2227 1943 potior
2255 1886 2444 1927 eorum
2477 1872 2789 1928 sollicitudo
2816 1874 3129 1943 pertineret.
3167 1874 3209 1906 “
3241 1872 3374 1928 Nam

1793 1969 1848 2015 et
1878 1960 2021 2014 inter
2054 1961 2247 2016 beatos
2278 1961 2558 2031 apostolos
2586 1962 2834 2031 qumdam
2868 1962 2972 2018 luit
2998 1965 3276 2020 discretio.
3313 1963 3380 2020 Et

1793 2051 1920 2107 licet
1948 2066 2141 2106 omnes
2161 2052 2204 2082 “
2232 2060 2418 2106 essent
2445 2053 2699 2122 apostoli,
2723 2052 2884 2109 Petro
2912 2063 3095 2110 tamen
3127 2071 3159 2110 a
3191 2056 3379 2111 Domi-

1794 2158 1867 2198 no
1894 2152 1981 2199 est
2006 2159 2332 2199 concessum
2353 2183 2368 2210 ,
2417 2152 2472 2199 et
2508 2145 2610 2215 ipsi
2640 2146 2781 2201 inter
2811 2162 2870 2202 se
2906 2147 3141 2218 idipsum
3185 2149 3376 2204 volue-

1792 2245 1962 2303 runt,
1994 2247 2055 2291 ut
2087 2235 2314 2306 reliquis
2358 2235 2616 2292 omnibus
2660 2245 2920 2307 prwesset
2974 2238 3275 2308 apostolis,
3322 2249 3378 2295 et

1793 2327 2030 2397 Cephas,
2060 2329 2114 2383 id
2138 2336 2243 2393 est,
2273 2336 2439 2399 caput
2465 2337 2521 2384 et
2540 2330 2583 2360 ¹⁸
2610 2330 2939 2401 principium
2972 2341 3185 2387 teneret
3210 2349 3376 2403 apos-

1793 2420 2031 2477 tolatus;
2078 2420 2173 2491 qui
2222 2428 2279 2475 et
2322 2420 2571 2476 eamdem
2622 2420 2855 2479 formam
2891 2424 3008 2480 suis
3038 2426 3374 2483 successori-

1792 2514 1898 2569 bus
1920 2554 1936 2579 ,
1968 2522 2024 2568 et
2047 2514 2245 2584 reliqui
2276 2514 2508 2585 apostoli
2544 2514 2820 2585 episcopis
2861 2518 3151 2573 tenendam
3199 2519 3373 2576 tradi—

1793 2607 2011 2662 derunt.
2040 2606 2107 2661 Et
2130 2621 2237 2660 non
2264 2606 2444 2661 solum
2476 2605 2583 2662 hoc
2622 2607 2678 2662 in
2732 2623 2873 2663 novo
2924 2618 3250 2665 testamento
3289 2620 3375 2667 est

1794 2698 2190 2761 constitutum,
2225 2697 2319 2752 sed
2346 2698 2512 2752 etiam
2546 2697 2600 2752 in
2628 2700 2797 2754 veteri
2828 2699 2951 2755 fuit.
2995 2699 3152 2756 Unde
3210 2700 3376 2758 .scri-

1780 2796 1932 2857 ptum
1947 2787 2275 2858 est,Mogses
2306 2799 2357 2843 et
2385 2787 2566 2842 Aaron
2594 2789 2650 2842 in
2685 2789 3051 2845 sacerdotibus
3079 2790 3195 2859 ejus
3221 2790 3287 2856 ",
3320 2790 3372 2844 id

1797 2885 1883 2932 est
1942 2877 2108 2948 primi
2152 2879 2296 2934 inter
2324 2893 2419 2934 eos
2455 2877 2693 2935 luerunt.
2728 2879 2796 2935 Et
2824 2880 3077 2949 quamvis
3114 2879 3187 2933 ita
3225 2879 3375 2933 ordi-

1792 2979 1983 3025 natum
2013 2969 2200 3038 fuerit,
2236 2986 2400 3027 nemo
2431 2980 2613 3027 tamen
2641 2973 2789 3043 quod
2815 2988 2977 3028 suum
3004 2980 3110 3036 est,
3142 2981 3372 3043 quaerat,

1797 3061 1891 3117 sed
1917 3062 2063 3131 quod
2091 3062 2340 3118 alterius.
2369 3060 2526 3117 Unde
2555 3063 2633 3118 ait
2660 3063 2855 3119 beatus
2903 3063 3182 3132 apostolus
3228 3062 3373 3118 Pau-

107 3186 280 3226 mana
304 3169 439 3224 urbe
461 3166 764 3223 beatissimi
787 3164 1015 3235 apostoli
1040 3162 1192 3217 Pauli
1211 3163 1357 3217 vasis
1381 3163 1691 3239 electionis,
1719 3131 1763 3188 θ
1797 3155 1916 3211 lus:
1950 3152 2316 3226 Unusquisque
2352 3154 2559 3224 placeat
2589 3156 2833 3225 proximo
2865 3131 2961 3208 suo
2987 3159 3044 3209 in
3073 3155 3265 3208 bonum
3304 3156 3373 3209 ad

108 3261 210 3332 qui
249 3276 357 3315 uno
380 3260 488 3325 die,
521 3273 630 3313 uno
658 3271 881 3329 quoque
933 3266 1197 3324 tempore,
1228 3253 1467 3324 gloriosa
1518 3264 1695 3310 morte

109 3368 242 3408 cum
275 3350 457 3415 Petro,
483 3350 587 3405 sub
615 3348 860 3418 principe
903 3344 1118 3401 Nerone
1160 3344 1479 3415 agonizans,
1539 3359 1697 3399 coro-

112 3455 281 3502 natus
321 3454 425 3507 est,
469 3454 524 3499 et
566 3443 730 3498 ambo
754 3449 1000 3496 sanctam
1050 3438 1356 3495 Romanam
1392 3437 1693 3495 Ecclesiam

110 3543 537 3598 consecrarunt.
561 3534 793 3603 aliisque
819 3530 1077 3587 omnibus
1104 3531 1331 3586 urbibus
1356 3530 1411 3584 in
1438 3530 1697 3584 universo

112 3629 324 3686 mundo
354 3643 475 3682 eam
503 3642 604 3683 sua
627 3628 916 3697 praesentia
945 3634 1111 3696 atque
1141 3623 1453 3680 venerando
1495 3622 1695 3676 trium-

111 3721 229 3793 pho
257 3720 632 3791 praetulerunt.
669 3717 714 3749 ’θ
758 3715 825 3771 Ει
873 3716 1001 3771 licet
1039 3732 1138 3786 pro
1186 3713 1444 3769 omnibus
1473 3712 1697 3768 assidua

111 3810 265 3881 apud
291 3808 461 3865 Deum
494 3808 741 3863 omnium
788 3815 1108 3862 sanctorum
1141 3803 1453 3859 eﬂundatur
1494 3801 1694 3868 oratio,

114 3903 210 3959 his
249 3911 429 3957 tamen
456 3900 642 3956 verbis
662 3897 869 3953 Paulus
887 3895 1243 3952 beatissimus
1273 3892 1556 3964 apostolus
1588 3890 1699 3945 Ro-

117 3993 303 4048 manis
326 3993 549 4064 prOprio
580 3990 948 4060 chirographo
975 3988 1264 4057 pollicetur
1284 4027 1300 4052 ,
1332 3985 1522 4042 dicens
1548 4003 1561 4038 :
1599 3982 1697 4037 Te-

120 4088 221 4141 stis
258 4087 392 4141 enim
418 4093 497 4139 est
522 4083 652 4137 mihi
678 4083 841 4149 Deus,
869 4082 955 4135 cui
979 4082 1147 4135 servio
1178 4081 1232 4133 in
1265 4079 1461 4149 spiritu
1500 4092 1611 4129 meo
1641 4076 1698 4128 in

120 4178 405 4249 Evangelia
438 4176 571 4230 Filii
594 4176 729 4245 ejus,
758 4174 897 4245 quod
925 4174 1038 4227 sine
1068 4171 1457 4226 intermissione
1502 4184 1697 4222 memo—

118 4276 262 4329 riam
291 4271 447 4326 vestri
480 4270 623 4340 facio
647 4283 851 4338 semper
874 4267 931 4319 in
956 4263 1285 4319 orationibus
1308 4263 1437 4316 meis
1478 4261 1568 4316 ‘°°.

197 4367 216 4398 ¹
253 4364 475 4419 Prima’
505 4377 635 4433 ergo
665 4361 822 4416 sedes
848 4367 933 4414 est
958 4357 1167 4413 caelesti
1198 4353 1461 4409 beneﬁcio
1494 4352 1696 4407 Roma-

119 4478 211 4519 me
237 4459 492 4516 Ecclesiae
509 4458 549 4523 ³,
581 4472 745 4528 quam
787 4455 871 4525 (ut
896 4460 1262 4508 memoratum
1299 4448 1405 4517 est)
1441 4446 1695 4502 beatissi-
1724 4488 1770 4544 Β

121 4555 202 4611 mi
241 4552 433 4609 Petrus
472 4560 525 4608 et
570 4549 775 4605 Paulus
820 4561 921 4602 suo
964 4544 1225 4616 martyrio
1278 4546 1691 4597 consecrarunt.

122 4648 297 4704 Roma
323 4661 446 4717 quae
466 4646 618 4715 prius
638 4650 758 4697 erat
777 4638 1172 4695 cacodaamonis
1195 4634 1426 4690 artiﬁcio
1447 4631 1695 4687 omnium

121 4753 371 4795 errorum
402 4733 610 4790 mater"
639 4741 694 4789 et
727 4732 915 4798 altrix,
947 4729 1196 4785 excussis
1228 4724 1486 4793 tenebris,
1515 4731 1571 4778 et
1596 4736 1694 4776 va-

124 4835 213 4891 nis
241 4829 689 4900 superstitionum
724 4825 925 4879 ritibus
964 4820 1227 4892 abjectis,
1275 4819 1513 4873 ﬁliorum
1563 4813 1694 4880 Dei,

125 4932 314 4984 exorto
336 4921 451 4977 sole
473 4918 699 4990 iustitia:
724 4956 739 4982 ,
781 4916 922 4971 facta
968 4924 1051 4970 est
1065 4912 1285 4983 copiosa
1320 4907 1694 4981 propagatrix.

1797 3246 2301 3315 azdiﬁcationem".
2354 3246 2422 3301 Et
2470 3247 2613 3301 sicut
2667 3246 2783 3317 ipse
2831 3245 3082 3302 Salvator
3132 3246 3248 3303 suis
3300 3248 3377 3302 ait

1798 3338 2116 3409 discipulis:
2146 3337 2251 3403 Qui
2271 3340 2445 3410 major
2468 3346 2546 3393 est
2578 3347 2831 3407 vestrum,
2862 3339 2965 3393 erit
2995 3340 3239 3392 minister
3288 3355 3376 3394 ve-

1796 3433 1987 3500 ster“,
2029 3440 2087 3488 et
2120 3432 2352 3503 reliqua.
2402 3431 2469 3488 Et
2513 3433 2641 3489 licet
2685 3447 2848 3503 super
2871 3432 2957 3487 his
3001 3432 3185 3502 aliqua
3227 3431 3373 3487 dicta

1796 3524 2033 3592 fuerint,
2057 3532 2365 3595 repetentes
2392 3533 2576 3581 tamen
2612 3524 2811 3595 saepius
2831 3566 2847 3589 ,
2875 3523 3239 3580 admonemus
3264 3564 3281 3588 ,
3314 3533 3374 3579 ut

1797 3634 2013 3691 semper
2037 3618 2091 3673 in
2118 3616 2375 3673 omnibus
2404 3624 2460 3672 et
2492 3616 2563 3672 ab
2593 3616 2853 3671 omnibus
2897 3615 3139 3670 vitentur
3180 3616 3374 3671 elatio-

1796 3726 1897 3769 nes
1924 3711 2122 3767 mentis
2149 3717 2205 3765 et
2232 3708 2503 3780 corporis.
2535 3707 2604 3764 Et
2631 3716 2839 3780 quanto
2869 3708 3049 3780 major
3074 3708 3376 3781 unusquis-

1795 3822 1904 3877 que
1925 3805 2140 3861 vidctur
2163 3819 2304 3873 esse,
2335 3812 2491 3859 tanto
2516 3803 2589 3859 sit
2616 3802 2906 3871 humilior,
2934 3802 3080 3858 sicut
3107 3800 3375 3857 Dominus

1803 3893 2056 3949 Salvator
2084 3904 2271 3950 noster
2309 3911 2411 3949 non
2455 3894 2594 3948 venit
2633 3877 2949 3959 ministrari,
2978 3893 3069 3948 sed
3102 3891 3381 3946 ministra-

1798 4001 1859 4040 re
1891 3986 1954 4040 ¹⁷.
1983 3983 2069 4051 Et,
2098 3986 2146 4040 si
2174 3986 2340 4057 frater
2368 3985 2562 4056 aliquis
2583 3993 2981 4056 prwoccupatus
3008 3984 3169 4056 fuerit
3191 3983 3246 4037 in
3275 3983 3381 4037 ali-

1794 4097 1896 4152 qua
1925 4080 2151 4145 delicto,
2182 4092 2305 4143 vos,
2332 4075 2424 4146 qui
2445 4072 2753 4144 spirituales
2781 4071 3223 4144 estis,_instruite
3252 4085 3373 4122 eum

1794 4175 1851 4228 in
1877 4172 2073 4243 spiritu
2098 4168 2335 4240 lenitatis
2359 4167 2423 4223 ⁸⁸.

2537 4298 2629 4354 IV.

1857 4417 1924 4472 Ut
1952 4415 2271 4488 diﬁiciliores
2298 4430 2475 4470 causa:
2504 4412 2572 4466 ad
2588 4412 2777 4536 tsedem
2807 4409 3151 4482 apostolicam
3179 4406 3316 4479 refe-

2485 4500 2582 4536 ran
2610 4498 2693 4536 ur.

2485 4498 2693 4537 rantur.

1870 4624 1914 4656 ¹⁹
1943 4621 2000 4676 Si
2028 4636 2151 4692 quae
2177 4633 2307 4675 vero
2337 4632 2518 4672 causa:
2545 4614 2878 4689 diliiciliores
2897 4614 2944 4646 '°
2972 4612 3119 4668 inter
3147 4626 3245 4668 vos
3273 4625 3371 4665 or-

1801 4727 1869 4773 tae
1893 4715 2115 4781 fuerint,
2147 4713 2214 4768 ad
2244 4712 2409 4782 hujus
2436 4718 2638 4767 sanctas
2664 4709 2810 4765 sedis
2831 4707 3042 4778 apicem
3063 4719 3179 4770 eas,
3209 4701 3371 4778 quasi

1801 4809 1868 4864 ad
1891 4816 2075 4877 caput,
2098 4804 2317 4869 referte,
2342 4811 2402 4858 ut
2422 4800 2725 4872 apostolico
2748 4799 3109 4855 terminentur
3125 4795 3368 4868 judicio:

1803 4900 2038 4975 quia‘sic
2076 4898 2367 4955 Dominum
2398 4894 2571 4960 velle,
2613 4894 2684 4949 ab
2707 4908 2882 4964 eoque
2909 4891 2984 4947 ita
3011 4889 3369 4948 constitutum

197 5127 244 5162 “
264 5139 362 5179 ms.
386 5121 685 5193 primatem.
706 5114 879 5193 iisan.
912 5109 1101 5193 "Isid.
1124 5105 1578 5193 Etympl.vn,12..
1611 5104 1659 5139 ὀ
1676 5102 2181 5193 Hincmarufncitat.
2223 5114 2344 5169 cap.
2390 5098 2463 5193 ξι
2498 5096 2594 5193 υυε
2639 5092 3231 5193 ριὲςάρειὶιιξξιιξοηξκρ..
3269 5090 3363 5193 lii

133 5210 263 5254 tom.
313 5182 398 5259 ι,’
429 5200 482 5245 et
536 5205 659 5260 pag.
690 5186 1002 5260 >429_;_tom.
1035 5182 1101 5245 ll,
1122 5194 1185 5260 ea

132 5272 174 5303 ’τ
196 5254 366 5322 Cone.
404 5254 565 5315 Rom'.
602 5254 723 5313 "sub
783 5254 1019 5311 Gelasio.

135 5341 201 5372 ¹⁶⁰
221 5336 377 5391 Rom.
420 5348 474 5399 ι,
515 5330 549 5385 9
573 5371 589 5396 ,
617 5327 704 5399 l0.

135 5387 361 5464 Gelasio.
440 5387 587 5455 "ms:
618 5398 851 5452 Romana
874 5393 1133 5447 Ecclesia.
1165 5387 1340 5464 lituo.
1376 5387 1615 5443 ‘absunt
1639 5403 1671 5441 a
1701 5401 1804 5440 ms.

136 5453 920 5531 ridemvconciv'Zacchaeum,
953 5471 1142 5531 postea
1176 5458 1627 5531 Evodium,p_ost_
1645 5470 1805 5527 quem
1838 5453 2107 5531 Ignatium

976 5531 1363 5602 xiguicitatur.
1408 5521 1718 5602 A_“_'S._Léo
1762 5521 2102 5602 ep.'_84,__c_.‘
2132 5521 2220 5575 Η.
2300 5522 2343 5551 ¹¹

1405 5597 1608 5651 “Psal.
1645 5583 1835 5659 xcvui,
1868 5595 1922 5648 6.
1946 5586 1957 5596 ’
1985 5583 2043 5625 ’⁸⁵
2065 5592 2222 5646 Rom.
2247 5608 2340 5653 xv,
2360 5583 2415 5643 ‘2.
2439 5651 2453 5659 Δ
2497 5588 2750 5659 “Matth.
2776 5598 2939 5653 xxnt,
2972 5583 3057 5638 ll.

891 5651 1201 5728 illisu—C22“;
1232 5651 1584 5725 sacrosancta
1619 5666 1767 5719 Rom.
1824 5651 1960 5717 "0S.
2001 5663 2130 5729 Leo,
2161 5676 2244 5731 ep.
2279 5651 2371 5723 81.
2401 5651 2557 5731 \‘igil.
2595 5673 2681 5728 ep.
2704 5656 2773 5714 2..

140 5551 233 5617 Ap.
260 5546 346 5609 55,
381 5558 448 5599 ex
472 5542 724 5617 versione
746 5538 902 5617 pinu.
929 5538 1122 5616 Εμευί
1143 5538 1267 5617 citat

334 5599 449 5685 'ep.
477 5611 514 5685 :2
536 5652 551 5670 .
583 5599 1324 5685 Δ(ιιιίδεί-ἁττέξᾳτῆς’.παιςὶςξοὶτιλῇς

144 5704 229 5754 xx,
252 5687 336 5741 28.
394 5678 459 5716 ’⁸⁸
476 5678 635 5737 Ρεδιξ
660 5678 810 5745 vr,‘l.

971 5306 1056 5376 his
1089 5319 1268 5374 verbis
1297 5332 1470 5385 usque
1497 5306 1564 5371 ad
1596 5306 1826 5370 secunda
1867 5323 2044 5385 autem
2096 5312 2296 5366 desunt
2330 5309 2516 5385 omnia
2554 5308 2607 5361 in
2632 5306 2766 5385 Luc.

1230 5160 1367 5242 .715,
1404 5160 1495 5247 op.
1541 5177 1628 5229 Lr.
1661 5173 2055 5247 qq.,_tlist.2_2,
2101 5160 2455 5247 Sacrosancta
2490 5160 2650 5247 Rom:
2681 5164 2842 5247 litin
2872 5165 3026 5217 Decr.
3072 5160 3190 5247 I'vo.
3216 5166 3254 5219 l.
3294 5175 3365 5247 Iv.

1121 5245 1374 5301 "Matth.
1436 5245 1545 5310 im,
1598 5245 1693 5310 18,7
1740 5245 1824 5298 19.

1922 5245 1967 5276 π
1990 5230 2256 5297 hactenus
2299 5241 2465 5294 verba
2518 5236 2721 5292 Gelasii
2761 5236 2819 5290 in
2880 5248 3037 5289 conc.
3096 5230 3369 5291 Romano.

2870 5306 2892 5337 ’
2914 5304 3054 5359 idem
3076 5318 3231 5358 conc.
3267 5300 3372 5355 sub

2782 5382 2908 5445 post
2955 5374 3099 5428 hunc
3136 5371 3367 5427 Abilius.

2782 5454 2883 5495 tcta
2913 5443 3066 5495 Rom.
3177 5444 3219 5474 “
3236 5440 3367 5495 Catt.

1912 5384 2091 5437 “idem
2112 5395 2267 5436 conc.
2346 5379 2653 5440 ‘Anianus,
2697 5384 2753 5432 et

2214 5450 2379 5505 ’dist.
2407 5448 2500 5515 22,
2527 5443 2883 5504 Sacrosancta
2913 5443 3066 5515 Rom.

2371 5511 2763 5616 rarae“?!-
2860 5515 2904 5546 "
2931 5514 3039 5616 51';
3075 5511 3373 5616 °t.t:..°‘

3177 5579 3370 5635 Matth.
