3822 6218
395 290 503 345 815

1724 274 2069 335 ANACLETI
2105 268 2310 330 ΡΛΡιΕ

3567 264 3677 320 8M

392 425 536 475 esse,
570 397 861 463 antedictis
908 396 1237 457 testimoniis
1280 392 1609 454 declaratur.
1664 388 1789 451 Hac
1835 407 1967 450 vero
1996 395 2042 451 Α
2071 401 2295 459 cusent,
2327 389 2451 446 ut"
2482 387 2753 461 (plebibus
2786 380 3356 460 languescentibus“,
3390 378 3483 433 vel
3524 376 3680 433 mala

394 498 688 571 apostolica
715 494 873 551 sedes
896 492 1062 548 cardo
1083 498 1140 546 et
1162 498 1323 560 caput
1344 490 1428 559 (ut
1449 494 1770 558 pratactum
1786 486 1831 519 “
1860 486 1969 554 est)

394 592 639 649 omnium
669 586 1060 650 Ecclesiarum,
1080 597 1111 637 a
1136 580 1393 646 Domino,
1420 590 1474 635 et
1496 594 1605 634 non
1630 577 1701 633 ab
1723 577 1857 641 alio,
1884 585 1971 632 est

395 684 719 742 constituta.
757 678 826 733 Et
846 676 991 732 sicut
1013 674 1234 730 cardine
1260 672 1464 727 ostium
1490 670 1720 742 regitur,
1756 669 1837 724 sic
1862 668 1972 723 bu-

391 780 485 850 jus
510 781 712 831 sancta
744 769 889 830 sedis
921 767 1245 823 auctoritate
1292 778 1484 821 omnes
1515 762 1774 820 Ecclesia
1798 803 1814 830 ,
1860 760 1970 816 Do-

396 872 547 927 mino
573 868 914 937 disponente,
946 867 1230 932 reguntur.

1162 972 1230 1027 Υ.

400 1077 523 1131 Νοη
555 1071 909 1127 admittendos
938 1068 1007 1123 ad
1046 1065 1439 1122 accusationem
1475 1063 1580 1117 sive
1614 1061 1684 1115 ad
1732 1060 1973 1114 testimo-

418 1150 563 1202 nium
580 1144 669 1215 qui
688 1154 843 1197 antea
859 1140 1062 1195 inimuci
1081 1140 1315 1207 fuerunt,
1332 1142 1382 1189 et
1398 1134 1461 1186 de
1476 1145 1559 1188 ext
1568 1148 1709 1186 remo
1716 1131 1948 1199 judicio.

468 1242 514 1273 “
535 1240 896 1293 Accusatores
926 1240 1109 1286 autem
1140 1238 1193 1283 et
1221 1234 1386 1282 testes
1410 1240 1535 1280 esse
1566 1238 1674 1278 non
1705 1228 1973 1292 possunt,

396 1333 492 1406 qui
524 1339 651 1387 ante
677 1328 997 1384 hesternum
1033 1321 1177 1378 diem
1209 1329 1305 1374 aut
1331 1317 1735 1372 nudiustertius
1764 1312 1973 1368 inimici

398 1428 642 1489 fuerunt,
669 1435 739 1476 ne
762 1417 907 1483 irati,
934 1428 1131 1471 nocere
1155 1412 1405 1482 cupiant,
1428 1409 1511 1464 vel
1539 1407 1676 1474 laesi,
1702 1422 1761 1462 se
1784 1406 1974 1460 ulcisci

398 1516 589 1571 velint.
618 1513 665 1544 ”
694 1508 1001 1565 lnofl‘ensus
1045 1504 1212 1575 igitur
1254 1508 1638 1556 accusatorum
1669 1507 1724 1553 et
1754 1496 1974 1551 testium

400 1604 629 1661 affectus
657 1596 986 1671 quarendus
1009 1602 1095 1649 est
1114 1634 1129 1659 ,
1168 1600 1224 1648 et
1254 1606 1362 1645 non
1394 1596 1705 1658 suspectus.
1735 1586 1974 1641 Causam

400 1694 548 1751 enim
610 1698 849 1746 vestram
902 1685 1081 1740 alieno
1124 1682 1295 1737 nolite
1351 1678 1693 1735 committere
1730 1677 1973 1748 judicio:

2072 482 2385 555 agentibus,
2414 497 2523 538 non
2549 481 2862 537 tenentibus
2889 477 3204 550 pastoribus
3238 472 3399 529 frena
3438 473 3680 539 eorum)

2072 575 2382 643 lasciviant,
2406 584 2570 645 atque
2594 574 2650 628 in
2680 574 2790 628 ima
2822 580 3005 627 ruant.
3037 570 3081 604 ’τ
3111 567 3341 623 Multum
3372 580 3521 621 vero
3588 562 3683 617 di-

2076 677 2227 727 stant
2249 669 2450 725 damna
2482 682 2699 723 morum
2732 681 2763 721 a
2794 664 3009 721 damnis
3028 676 3209 718 rerum
3229 656 3642 729 temporalium
3665 696 3683 721 ,

2075 777 2203 819 cum
2246 762 2349 818 ista
2376 772 2530 817 extra
2562 776 2663 815 nos
2683 759 2827 824 sint,
2859 758 2951 812 illa
2974 769 3107 811 vero
3135 753 3191 808 in
3219 751 3405 807 nobis.
3437 749 3489 780 ³⁸
3527 746 3684 802 Sen—

2075 857 2245 914 tentia
2275 870 2498 928 quoque
2520 854 2696 910 Cbam
2733 852 2829 907 filii
2856 849 2969 906 Noe
3006 849 3343 904 damnantur
3384 843 3487 913 qui
3542 856 3685 897 suo-

2076 962 2197 1004 rum
2226 946 2511 1002 doctorum
2541 943 2625 997 vel
2666 940 3086 1013 prapositorum
3118 938 3336 1008 culpam
3377 933 3683 1004 produnt,

2076 1054 2174 1094 ceu
2198 1037 2371 1093 Cham
2397 1076 2412 1103 ,
2444 1034 2537 1106 qui
2583 1032 2756 1104 patris
2795 1030 3046 1101 pudenda
3095 1044 3203 1084 non
3248 1026 3521 1098 operuit,
3580 1023 3683 1079 sed

2077 1130 2252 1201 magis
2293 1126 2590 1185 deridenda
2621 1122 3032 1180 monstravit”.
3060 1122 3107 1153 ⁸⁸
3130 1119 3333 1175 Doctor
3356 1127 3561 1173 autem
3591 1114 3686 1169 vel

2076 1229 2266 1292 pastor
2289 1219 2548 1277 Ecclesia
2568 1258 2589 1287 ,
2618 1216 2664 1273 si
2690 1231 2721 1271 a
2748 1215 2853 1271 fide
2874 1213 3263 1271 exorbitaverit
3283 1251 3300 1275 ,
3330 1210 3443 1265 erit
3469 1225 3504 1263 a
3532 1208 3684 1263 fide-

2080 1315 2224 1369 libus
2250 1313 2639 1384 corrigendus:
2670 1313 2762 1368 sed
2796 1327 2900 1384 pro
2925 1307 3173 1378 reprobis
3198 1302 3455 1360 moribus
3487 1302 3684 1372 magis

2078 1415 2163 1463 est
2182 1406 2525 1475 tolerandus,
2548 1421 2714 1478 quam
2738 1403 3169 1474 distringendus,
3195 1400 3327 1471 quia
3342 1399 3391 1432 “
3417 1405 3687 1453 rectores

2080 1498 2337 1556 Ecclesia
2367 1515 2398 1555 a
2423 1499 2536 1555 Deo
2562 1498 2844 1569 iudicandi
2882 1504 3032 1558 sunt,
3065 1493 3209 1548 sicut
3242 1490 3321 1546 ait
3348 1488 3682 1559 propheta:

2082 1593 2223 1647 Deus
2261 1594 2407 1647 stetit
2455 1592 2509 1647 in
2546 1590 2829 1663 Synagoga
2870 1589 3125 1652 deorum,
3174 1585 3231 1639 in
3280 1583 3460 1637 medio
3489 1592 3683 1635 autem

2080 1688 2203 1742 deos
2235 1684 2585 1755 dijudicat".
2619 1681 2775 1738 Unde
2806 1688 3019 1752 Oportet
3047 1688 3507 1746 unumquemque
3534 1671 3681 1726 Iide-

400 1784 559 1839 valtle
580 1781 727 1837 enim
757 1778 1007 1847 iniquum
1039 1781 1125 1829 est
1147 1814 1163 1839 ,
1193 1781 1253 1827 ut
1284 1769 1507 1825 omissis
1536 1769 1652 1825 suis
1676 1810 1691 1836 ,
1723 1768 1815 1824 alii
1856 1768 1979 1840 qui-
2012 1753 2053 1808 Β
2083 1782 2210 1843 lem,
2241 1753 2511 1834 εἶνίάθιιίι
2546 1784 2644 1831 θυι
2673 1772 2992 1845 cognoverit
3023 1769 3208 1841 p.81,“
3238 1766 3515 1821 adversus
3585 1775 3685 1831 pa-

402 1874 536 1929 libet
561 1869 795 1926 aliorum
824 1882 883 1923 se
913 1863 1098 1921 causis
1121 1861 1495 1926 immisceant;
1531 1859 1792 1930 quoniam
1817 1858 1983 1914 nullis

404 1965 459 2019 in
486 1963 623 2019 locis
649 1958 949 2032 spiritualis
966 1957 1033 1988 "‘
1058 1970 1191 2010 cura
1214 1953 1417 2019 deficit,
1444 1952 1540 2008 sed
1568 1966 1627 2006 se
1650 1966 1749 2021 per
1771 1941 1979 2017 omnia,

403 2068 734 2127 quocunque
763 2065 963 2107 nomen
995 2047 1091 2103 Dei
1137 2046 1467 2118 pradicatur
1488 2085 1503 2111 ,
1539 2041 1805 2099 extendit.
1852 2039 1981 2095 Stu-

403 2146 641 2203 dendum
668 2155 752 2200 est
782 2141 1040 2197 omnibus
1062 2181 1078 2206 ,
1128 2154 1198 2194 ne
1229 2140 1312 2209 (ut
1335 2137 1484 2207 sunt)
1526 2136 1906 2192 amulationes
1931 2134 1983 2166 “

404 2240 564 2297 mala
588 2276 604 2304 ,
638 2236 735 2293 sed
764 2235 868 2307 pia
898 2233 1009 2290 sint
1035 2233 1176 2288 inter
1214 2244 1317 2286 vos
1359 2228 1711 2294 dilectiones;
1759 2228 1889 2297 quia
1924 2226 1979 2281 in

406 2333 513 2388 hoc
538 2343 637 2384 vos
664 2340 855 2384 omnes
880 2323 1094 2378 Domini
1120 2318 1412 2390 discipulos
1439 2333 1562 2375 esse
1601 2331 1764 2372 veros
1811 2330 1983 2371 nove-

404 2424 547 2490 ritis,
578 2421 625 2475 si
652 2418 984 2473 dilectionem
1029 2412 1321 2468 habueritis
1345 2411 1413 2465 ad
1434 2411 1677 2466 inuicem.
1722 2408 1801 2464 Ex
1830 2409 1981 2464 omni

403 2530 537 2586 ergo
597 2525 795 2584 genere
843 2507 1112 2579 plurimos
1159 2504 1305 2559 Deus
1356 2502 1613 2573 dignatur
1665 2502 1977 2568 attrahere,

404 2621 547 2679 quos
567 2606 616 2637 "
643 2612 832 2659 erutos
859 2601 927 2656 de
957 2605 1224 2670 potestate
1255 2597 1602 2651 tenebrarum
1628 2636 1643 2661 ,
1689 2595 1984 2650 transferat

406 2704 462 2757 in
490 2714 715 2773 regnum
732 2696 856 2752 Filii
883 2694 1171 2751 charitatis
1191 2708 1325 2759 sua,
1349 2702 1405 2748 et
1432 2691 1501 2747 de
1526 2692 1674 2746 vasis
1704 2691 1799 2745 irae
1820 2690 1984 2746 faciat

405 2811 537 2850 vasa
586 2788 998 2847 misericordia.
1050 2785 1206 2841 Unde
1256 2784 1417 2839 nobis
1467 2796 1813 2851 summopere
1865 2791 1983 2837 stu-

405 2887 642 2943 dendum
673 2891 796 2950 est,
844 2889 905 2935 ut
950 2886 1335 2948 cooperatores
1385 2875 1561 2931 simus
1613 2875 1802 2945 gratia
1843 2872 1978 2940 Dei;

406 2980 538 3053 quia
568 2977 637 3033 ad
661 2977 769 3032 hoc
798 2972 980 3029 vocati
1006 2985 1226 3037 sumus,
1258 2968 1491 3038 ejusque
1524 2966 1783 3022 familiari
1813 2967 1984 3022 collo-

406 3073 540 3146 quio
562 3068 754 3127 sociati
780 3108 796 3134 ,
829 3074 885 3121 et
912 3063 1226 3121 sacerdotes
1270 3061 1511 3127 sacrati,
1562 3068 1624 3115 ut
1671 3058 1983 3115 fructuosos

408 3166 487 3221 illi
515 3162 824 3233 manipulos
848 3166 1193 3228 reportemus
1212 3197 1228 3223 ,
1261 3161 1592 3224 c00perante
1630 3153 1806 3222 gratia
1836 3152 1980 3223 ejus.

408 3259 456 3291 "
477 3256 711 3313 Necesse
732 3260 817 3309 est
846 3250 994 3306 enim
1018 3292 1034 3316 ,
1067 3256 1129 3302 ut
1156 3256 1397 3302 rectores
1425 3260 1456 3299 a
1486 3242 1721 3299 subditis
1751 3245 1983 3299 timean-

410 3361 521 3412 tur.
552 3348 622 3403 ab
648 3346 894 3416 ipsisque
918 3340 1265 3410 corrigantur
1288 3378 1303 3403 ,
1336 3345 1395 3391 ut
1422 3338 1662 3391 humana
1696 3336 1987 3390 formidine

410 3457 640 3517 peccare
664 3444 929 3503 metuant,
958 3433 1053 3504 qui
1078 3430 1261 3487 divina
1283 3429 1489 3500 judicia
1524 3444 1633 3484 non
1663 3428 1982 3484 formidant.

412 3538 459 3571 "
486 3533 797 3590 Deteriores
818 3526 1025 3599 quippe
1046 3531 1198 3586 sunt,
1223 3522 1317 3592 qui
1350 3520 1639 3576 doctorum
1666 3520 1834 3575 vitam
1864 3534 1987 3575 mo-

410 3641 611 3698 resque
652 3625 1052 3689 corrumpunt,
1092 3614 1180 3671 bis
1222 3613 1318 3683 qui
1363 3612 1702 3669 substantias
1751 3612 1985 3669 aliorum

411 3713 788 3792 pradiaque“
821 3708 1105 3779 diripiunt.
1154 3703 1263 3775 Ipsi
1312 3702 1459 3758 enim
1478 3704 1523 3735 “
1571 3719 1635 3758 ea
1680 3719 1801 3775 qua
1829 3713 1986 3759 extra

412 3827 513 3869 nos
538 3850 555 3877 ,
602 3809 731 3864 licet
761 3812 950 3860 nostra
981 3805 1149 3861 sunt,
1196 3792 1489 3850 auferunt:
1529 3796 1701 3851 nostri
1733 3804 1915 3851 autem
1939 3796 1985 3828 ³ο

410 3906 769 3965 detractores,
797 3904 853 3952 et
876 3906 1091 3949 morum
1118 3896 1473 3957 corruptores
1500 3896 1838 3955 nostrorum,
1871 3887 1987 3943 sive

411 3998 506 4068 qui
533 3994 796 4049 adversus
826 4003 928 4044 nos
960 3996 1246 4042 armantur
1270 4027 1286 4052 ,
1332 3981 1551 4054 proprie
1581 3996 1682 4036 nos
1710 3980 1862 4051 ipsos
1888 3980 1985 4035 de-

411 4082 722 4155 cerpunt“.
753 4079 821 4133 Et
843 4078 965 4133 ideo
987 4076 1403 4148 juste-infames
1435 4078 1584 4135 sunt,
1614 4079 1668 4125 et
1695 4071 1892 4125 merito
1918 4070 1987 4125 ab

411 4175 659 4234 Ecclesia
687 4168 935 4228 eitorres
972 4168 1129 4223 fiunt.
1154 4168 1199 4198 ³¹
1239 4164 1347 4219 Pro
1379 4163 1589 4217 meritis
1624 4176 1754 4232 ergo
1789 4161 1987 4231 plebis,

413 4284 556 4339 sape
577 4273 827 4337 pastores
856 4261 1225 4331 depravantur
1251 4255 1511 4311 Ecclesia
1537 4294 1551 4320 ,
1590 4261 1652 4307 ut
1690 4253 1985 4323 proclivius

412 4366 679 4416 corruant
721 4353 818 4426 qui
866 4358 1192 4422 sequuntur.
1227 4345 1416 4415 Capite
1447 4343 1699 4398 videlicet
1765 4341 1989 4411 langue-

399 4456 603 4515 scente,
622 4447 839 4502 facilius
868 4443 1080 4511 reliqua
1110 4438 1351 4494 membra
1380 4435 1625 4505 corporis
1649 4433 1981 4500 inficiuntur,
2019 4445 2057 4497 ι)

417 4551 475 4595 ut
499 4539 764 4609 scriptum
794 4543 916 4591 est:
954 4532 1122 4588 Omne
1166 4538 1325 4597 caput
1371 4526 1685 4596 languidum
1706 4564 1721 4591 ,
1752 4534 1800 4579 et
1833 4541 1981 4579 omne

416 4650 507 4688 cor
532 4646 775 4690 mwrens.
816 4629 862 4683 A
890 4628 1077 4697 planta
1102 4622 1247 4694 pedis
1276 4637 1438 4692 usque
1468 4620 1537 4673 ad
1566 4620 1809 4673 verticem
1842 4618 1991 4687 capi-

416 4727 508 4790 tis,
536 4741 641 4778 non
667 4730 744 4776 est
776 4721 831 4774 in
860 4734 919 4773 eo
950 4716 1153 4770 sanitas
1173 4714 1237 4768 ³³.
1265 4710 1605 4781 Quapropter
1637 4708 1987 4763 manifestum

416 4826 522 4885 est,
548 4813 829 4871 diabolum
861 4810 974 4882 (qui
1000 4809 1138 4862 sicut
1170 4805 1250 4860 leo
1294 4806 1503 4874 rugiens
1533 4802 1724 4856 circuit
1750 4817 1988 4871 quarens

417 4925 569 4979 quem
596 4896 761 4976 passit
792 4904 1044 4958 deuorare
1062 4899 1128 4969 “)
1158 4896 1416 4953 cordibus
1450 4894 1689 4965 plebium
1720 4892 1986 4957 suadere,

418 5012 477 5055 ut
504 5000 755 5053 doctores
783 5006 947 5064 atque
974 5000 1227 5065 pastores
1256 5002 1388 5043 suos
1416 4984 1848 5040 detractionibus
1898 5000 1989 5039 ac-

498 5210 658 5261 “ms.
702 5205 925 5274 factum,
965 5201 1105 5257 forte
1139 5200 1351 5278 fatuas“;
1384 5204 1448 5278 .et
1479 5196 1547 5278 ab
1600 5210 1685 5278 eo.
1718 5196 1915 5278 absunt
1941 5197 2061 5253 dua
2098 5213 2385 5278 sequentes
2410 5221 2571 5260 voces
2598 5206 2831 5259 omnium
2861 5204 3237 5259 Εεειεδίανωπ,

418 5262 761 5332 Accusatores
793 5262 967 5328 autem
996 5283 1043 5324 et
1078 5262 1248 5323 testes.
1289 5265 1355 5321 Et
1384 5266 1437 5319 in
1475 5266 1609 5319 Decr
1665 5262 1775 5319 Ivo.
1810 5268 1903 5319 lib.
1951 5284 2021 5321 Iv.

420 5366 521 5401 mm
551 5346 788 5402 cumulat.
866 5343 1066 5397 "Idem
1101 5356 1167 5409 ep
1229 5340 1274 5391 l.
1317 5354 1363 5391 c.
1555 5337 1599 5368 '°
1623 5334 1680 5390 S.
1712 5336 1870 5407 Grcg.
1922 5336 2074 5414 licet.
2111 5357 2160 5409 p.
2192 5361 2250 5408 ιι,
2282 5363 2331 5400 ο,
2356 5350 2405 5399 δ,
2487 5334 2623 5409 γίνι,
2649 5362 2702 5414 q.
2733 5347 2784 5409 ι,
2812 5344 3110 5400 Deterior“
3133 5334 3277 5399 “'mL

1953 5408 2278 5484 3{decipiunt
2337 5408 2796 5484 alias,diripitmt.

1551 5489 1762 5555 Irrogent
1800 5480 1909 5555 uel._
2002 5480 2046 5555 3f
2072 5482 2459 5555 languentibus.
2541 5489 2581 5519 ³⁷
2622 5480 2767 5541 Idem
2817 5485 2943 5540 Isid.

422 5560 610 5613 (Iliam.
678 5547 885 5610 “Gen.
912 5569 989 5609 ix.
1066 5548 1179 5602 “In
1204 5548 1356 5601 θεσῖ.
1385 5547 1622 5619 Ivo._lil_).
1650 5562 1718 5619 tv.
1798 5547 1997 5601 “Idem
2024 5547 2185 5605 Isid.'
2225 5557 2704 5619 "Psal.1.xxxr,l.

422 5422 569 5474 Sent.
608 5433 693 5478 tu,
727 5417 814 5470 '58.
918 5416 961 5445 '9
983 5428 1086 5465 ms.
1131 5407 1326 5461 autem.
1358 5477 1368 5478 ί
1429 5407 1594 5478 πως.
1632 5424 1852 5475 quoque.

426 5490 604 5543 "Isai.
650 5504 687 5549 ι,
732 5487 785 5550 5,
824 5486 875 5537 6.
952 5481 1034 5533 ³³1
1078 5480 1312 5550 Pctr._v,
1347 5477 1398 5530 8.
1475 5477 1762 5550 "irrogent
1800 5477 1893 5550 uel.

2073 1879 2276 1926 storem
2288 1883 2449 1924 suum
2474 1876 2782 1922 tumescere
2807 1905 2822 1929 ,
2887 1870 2983 1918 aut
3012 1865 3207 1915 contra
3244 1854 3459 1910 clerum
3486 1850 3683 1903 detra-

2082 1962 2357 2018 ctionibus
2383 1973 2601 2027 vacare,
2624 1958 2731 2013 hoc
2753 1956 2944 2012 vitium
2974 1968 3077 2025 pro
3098 1949 3308 2005 viribus
3332 1946 3679 2012 exstirpare.

2083 2054 2491 2125 prudenterque
2535 2051 2812 2121 corrigere
2835 2055 3069 2119 satagat.
3102 2043 3213 2099 Nec
3239 2042 3322 2098 eis
3351 2042 3409 2096 in
3438 2039 3679 2110 quibus-

2082 2164 2299 2219 cunque
2327 2146 2561 2219 negotiis
2585 2143 2805 2201 misceri
2831 2184 2846 2211 ,
2887 2142 2933 2198 si
2962 2136 3365 2208 incorrigibiles
3396 2146 3680 2204 apparue-

2085 2242 2214 2309 rint,
2244 2249 2537 2309 antequam
2569 2253 2672 2294 suo
2704 2234 3127 2291 reconcilientur
3151 2227 3407 2294 doctori,
3458 2238 3677 2295 praesu—

2086 2342 2231 2387 mat:
2270 2330 2598 2403 quoniam”
2642 2337 2752 2383 tam
2776 2328 2823 2359 “
2859 2324 3207 2388 sacerdotes,
3255 2334 3428 2390 quam
3474 2313 3677 2383 reliqui

2084 2425 2269 2481 fideles
2294 2438 2506 2487 omnes,
2531 2435 2804 2478 summam
2828 2433 3018 2475 curam
3044 2416 3245 2472 habere
3264 2413 3474 2469 debent
3495 2414 3564 2467 de
3587 2413 3675 2466 bis

2083 2517 2175 2588 qui
2199 2522 2446 2587 pereunt;
2478 2521 2752 2583 quatenus
2781 2525 2974 2565 eorum
3001 2506 3394 2576 redargutione
3427 2513 3526 2559 aut
3552 2519 3677 2559 cor-

2086 2610 2335 2679 rigantur
2357 2620 2387 2659 a
2408 2602 2678 2674 peccatis,
2705 2611 2819 2668 aut,
2861 2601 2908 2657 si
2950 2599 3356 2671 incorrigibiles
3397 2612 3678 2668 apparue-

2083 2699 2212 2765 rint,
2236 2697 2306 2751 ab
2327 2694 2574 2751 Ecclesia
2596 2701 2940 2764 separentur.

2154 2808 2201 2841 "
2227 2808 2305 2864 Ita
2337 2823 2469 2880 ergo
2492 2806 2539 2839 “
2566 2806 2757 2861 beatus
2783 2806 3036 2876 princeps
3058 2802 3440 2873 apostolorum
3480 2800 3681 2856 Petrus

2083 2902 2151 2958 de
2192 2912 2383 2958 sancto
2421 2899 2824 2969 pradecessore
2860 2906 3053 2952 nostro
3099 2894 3387 2949 Clemente
3418 2893 3683 2963 plebibus

2084 2991 2434 3063 pradicando
2460 3032 2475 3057 ,
2522 2989 2744 3060 quando
2792 2989 3025 3043 docebat
3053 3002 3147 3042 eas
3177 2986 3421 3056 qualiter
3455 2985 3509 3040 ei
3549 2985 3683 3038 obe-

2010 3090 2053 3148 C
2087 3085 2204 3141 dire
2255 3084 2559 3148 deberent,
2607 3095 2845 3150 eumque
2900 3079 3231 3144 observare,
3281 3076 3431 3130 inter
3482 3086 3683 3130 caetera

2088 3176 2267 3231 ait":
2308 3192 2329 3227 ‹
2366 3172 2425 3229 Si
2473 3172 2732 3228 inimicus
2773 3179 2857 3226 est
2898 3171 3062 3226 alicui
3108 3184 3207 3239 pro
3252 3168 3483 3223 actibus
3526 3168 3679 3230 suis,

2087 3285 2185 3324 vos
2215 3267 2384 3323 nolite
2412 3273 2754 3336 exspectare,
2788 3273 2848 3319 ut
2876 3264 2992 3333 ipse
3022 3262 3179 3317 vobis
3206 3260 3377 3315 dicat.
3412 3260 3561 3314 Cum
3590 3262 3684 3314 illo

2088 3361 2255 3416 nolite
2282 3358 2445 3414 amici
2475 3372 2631 3412 esse:
2666 3357 2762 3411 sed
2791 3355 3088 3425 prudenter
3113 3352 3412 3408 observare
3437 3351 3681 3415 debetis,

2087 3460 2141 3507 et
2177 3449 2449 3507 voluntati
2503 3447 2625 3517 ejus
2674 3447 2882 3517 absque
2924 3444 3359 3501 commonitione
3401 3442 3688 3498 obsecun-

2087 3541 2246 3607 dare,
2275 3548 2329 3595 et
2358 3544 2606 3594 avertere
2634 3552 2735 3592 vos
2763 3537 2833 3591 ab
2861 3552 2959 3602 eo,
2996 3536 3084 3591 cui
3117 3536 3297 3605 ipsum
3328 3533 3559 3589 sentitis
3592 3534 3688 3589 ad-

2086 3647 2340 3687 versum:
2365 3630 2457 3686 sed
2484 3644 2585 3684 nec
2604 3629 2756 3698 loqui
2780 3629 2866 3684 his
2895 3628 3097 3698 quibus
3127 3628 3245 3697 ipse
3265 3642 3378 3681 non
3405 3627 3685 3697 loquitur,

2088 3732 2147 3779 ut
2191 3721 2575 3792 unusquisque
2625 3721 2719 3791 qui
2750 3721 2804 3775 in
2837 3721 2995 3790 culpa
3041 3729 3160 3781 est,
3191 3720 3323 3775 dum
3374 3721 3540 3788 cupit
3569 3735 3689 3773 om-

2087 3813 2242 3867 nium
2270 3822 2513 3868 vestrum
2542 3811 2818 3866 amicitias
2848 3810 3011 3872 ferre,
3045 3808 3266 3864 festinet
3290 3809 3464 3864 citius
3488 3825 3687 3865 recen-

2088 3906 2263 3961 ciliari
2296 3906 2347 3960 ei
2378 3905 2473 3975 qui
2499 3904 2757 3960 omnibus
2786 3912 3002 3974 praest,
3032 3914 3092 3957 ut
3123 3918 3220 3971 per
3251 3902 3359 3956 hoc
3391 3903 3592 3957 redeat
3620 3902 3684 3956 ad

2089 3997 2343 4060 salutem,
2372 4010 2496 4050 cum
2529 3994 2753 4049 obedire
2784 3994 3014 4064 caperit
3045 3994 3268 4048 monitis
3300 3994 3683 4057 prasideutis.

2090 4086 2146 4142 Si
2171 4103 2302 4143 vero
2329 4087 2455 4157 quis
2479 4087 2692 4142 amicus
2720 4086 2886 4140 fuerit
2910 4086 2997 4140 his
3021 4085 3226 4154 quibus
3255 4084 3375 4154 ipse
3411 4100 3529 4139 non
3570 4093 3683 4145 est.

2085 4188 2141 4234 et
2178 4179 2395 4233 locutus
2451 4176 2619 4231 fuerit
2669 4176 2755 4230 his
2802 4177 3004 4246 quibus
3054 4177 3171 4245 ipse
3223 4191 3337 4229 non
3389 4176 3683 4245 loquitur,

2086 4284 2231 4325 unus
2255 4276 2340 4325 est
2366 4278 2419 4324 et
2449 4267 2565 4337 ipse
2597 4282 2664 4323 ex
2696 4267 2804 4322 illis
2834 4268 2930 4337 qui
2960 4266 3333 4321 exterminare
3366 4265 3466 4320 Dei
3494 4266 3682 4321 Eccle-

2088 4362 2226 4416 siam
2254 4361 2481 4427 volunt;
2522 4377 2542 4411 s
2579 4371 2634 4414 et
2655 4360 2885 4429 reliqua.
2928 4357 3027 4413 llis
3070 4359 3305 4428 aliisque
3348 4374 3526 4428 quam
3559 4360 3680 4428 plu—

2086 4454 2243 4509 rimis
2291 4452 2674 4518 documentis,
2728 4450 2893 4506 facile
2949 4451 3332 4520 unusquisque
3391 4450 3682 4503 advertere

2087 4554 2266 4614 potest
2307 4545 2544 4615 qualiter
2586 4543 2813 4599 obedire
2843 4554 2897 4598 et
2926 4543 3307 4611 obtemperare
3339 4542 3515 4597 debet
3546 4556 3681 4613 pra-

2091 4636 2289 4705 positis
2319 4637 2456 4703 suis,
2481 4646 2536 4692 et
2560 4637 2795 4707 qualiter
2824 4637 2969 4690 circa
2997 4650 3093 4690 eos
3123 4634 3400 4704 agendum
3429 4636 3531 4699 sit,
3562 4636 3682 4705 qui-

2084 4726 2187 4781 bus
2217 4726 2320 4796 ipsi
2355 4735 2453 4781 aut
2480 4727 2641 4782 amici
2677 4732 2842 4791 sunt,
2881 4736 2977 4781 aut
3009 4726 3241 4780 inimici.
3284 4723 3342 4779 Si
3372 4727 3506 4795 quis
3537 4727 3676 4781 enim

2086 4817 2201 4872 hac
2239 4830 2507 4890 pracepta
2538 4835 2648 4874 non
2684 4820 3103 4884 observaverit,
3149 4820 3329 4873 hostis
3362 4828 3453 4873 est
3482 4820 3681 4873 anima

2086 4922 2233 4972 sua;
2264 4917 2319 4963 et
2343 4923 2455 4963 non
2478 4918 2690 4964 tantum
2724 4909 2945 4966 infamis
2968 4952 2983 4977 ,
3013 4911 3107 4965 sed
3138 4918 3191 4963 et
3220 4910 3681 4964 excommunica-

2086 5007 2198 5065 tus,
2233 5011 2398 5072 atque
2441 5003 2652 5059 alienus
2685 5003 2756 5057 ab
2782 5002 3027 5058 Ecclesia
3058 5001 3366 5069 efﬁciatur;
3412 5003 3676 5072 quoniam

3345 5207 3500 5270 “tu,
3535 5222 3588 5275 q.
3623 5205 3673 5266 5,

2798 5277 2862 5306 ³³⁴
2884 5275 2941 5329 S.
2972 5277 3106 5330 (1031.
3133 5291 3221 5343 ep.
3247 5274 3301 5328 ‘2.
3382 5276 3431 5307 “
3452 5274 3567 5329 ms.
3624 5285 3673 5326 ut

2812 5344 3110 5400 Deteriores
3133 5356 3277 5399 sunt.
3386 5346 3430 5377 ³⁸
3450 5344 3513 5399 S.
3548 5345 3669 5400 Isid.

2126 5272 2170 5302 ³³
2192 5273 2246 5327 S.
2280 5278 2469 5330 Ambr.
2496 5292 2581 5342 ep.
2607 5276 2696 5328 (μί.

2891 5414 3013 5469 ³²8.
3078 5415 3203 5469 Isid.
3260 5426 3403 5469 sent.
3452 5432 3543 5476 tu.
3585 5416 3668 5468 9.5.

3048 5486 3172 5545 ³⁸11,
3204 5504 3258 5549 q.
3290 5486 3319 5537 7
3344 5527 3359 5549 ,
3395 5486 3669 5540 Senteulm

2784 5556 2828 5587 ⁸⁵³
2850 5572 3000 5627 xxrv,
3026 5572 3082 5623 q.
3111 5557 3167 5627 5,
3190 5556 3319 5608 Tam
3345 5559 3667 5611 sacerdotes.

422 5629 603 5712 ¹⁶ξ¹δίι1τ
632 5628 756 5712 ξεηε
809 5625 1033 5712 311.7461
1096 5619 1322 5712 ⁴⁵Ξρξξιο
1353 5629 1425 5712 ξιτ
1456 5615 1830 5712 ίξξξηίπῇξξιξξὶ
1856 5634 1971 5712 in?!
2011 5630 2455 5712 Illlvrpretatione
2514 5615 2713 5695 Rufini,
2743 5635 2797 5683 et
2823 5627 2950 5683 dist.
2976 5615 3071 5691 95',
3100 5615 3166 5682 δι’
3190 5628 3465 5697 inimicus,
3518 5638 3575 5683 et
3619 5630 3666 5677 in

424 5702 625 5752 dect-ct.
656 5697 852 5753 Leonis
879 5687 1055 5764 papa.
1136 5687 1300 5743 “ius.
1337 5689 1425 5740 Ait
1458 5702 1598 5756 ergo.
1678 5687 1719 5717 ⁸⁷
1737 5703 1838 5741 ms.
1871 5690 1968 5740 ita.

3770 91 3786 353 1
