3822 6218
156 361 277 417 δι’]
1599 361 1665 416 Ei

1920 363 1984 422 Ε.
3328 358 3429 413 818

157 495 410 535 necesse
434 487 519 535 est
547 493 610 533 ea
637 477 765 532 vitia
794 477 940 532 ferro
980 477 1301 533 abscindere
1336 493 1458 548 qua:
1492 477 1615 534 aliis
1649 495 1764 533 me-
1792 484 1838 541 Α
1865 479 2000 534 mini
2045 479 2295 534 noceatis
2319 521 2335 546 ,
2385 489 2657 550 quatenus
2690 486 2746 534 et
2783 477 2852 534 ab
2881 476 3193 532 hominibus
3235 478 3431 531 bonum

156 573 553 628 dieaminibus
596 586 708 624 non
754 580 1038 625 sanantur.
1084 568 1279 624 Pareat
1315 570 1695 640 unusquisque
1728 586 1762 626 a
1871 569 2172 642 acquiratis
2211 572 2413 626 famam
2441 611 2456 636 ,
2489 582 2542 627 et
2571 588 2602 625 a
2627 571 2739 626 Deo
2771 572 3036 626 mercedis
3066 572 3345 640 praemium
3381 573 3432 625 in

161 665 519 721 laceratione
541 662 624 717 vel
642 662 690 693 ⁸⁸
713 662 1052 718 detractione
1084 661 1283 730 lingua:
1307 676 1440 725 suae,
1465 669 1762 730 caveatque
1863 672 2066 718 aeterna
2096 664 2431 719 beatitudine
2464 664 2740 734 percipere
2766 664 3106 719 mereamini.
3138 662 3202 716 Et
3231 662 3276 718 si
3303 663 3434 732 quid

161 774 243 812 ne
275 765 375 811 aut
403 756 645 825 linguam
670 761 764 808 aut
791 768 954 808 aures
982 751 1181 806 habeat
1214 751 1545 820 prurientes,
1573 750 1625 805 id
1654 760 1760 818 est,
1865 755 2080 810 adversi
2111 756 2178 810 de
2206 756 2413 810 unitate
2442 754 2698 811 Ecclesiae
2727 756 3005 820 acciderit,
3035 756 3296 810 radicitus
3322 772 3437 809 am-

162 866 244 906 ne
293 858 397 904 aut
444 849 570 903 aliis
601 847 863 917 deroget,
900 845 1261 914 detrahatque
1304 843 1723 913 quibuscunque
1745 883 1760 910 ,
1865 855 2103 917 putetur,
2132 855 2191 900 ut
2214 845 2307 902 Dei
2332 846 2572 902 Ecclesia
2593 891 2607 914 ,
2658 847 2975 917 fructusque
3006 863 3286 902 servorum
3315 849 3436 919 ejus

164 954 275 998 aut
309 943 452 997 alios
481 941 666 996 audiat
694 940 1020 1010 derogantes
1050 939 1135 993 vel
1165 938 1549 992 detrahentes:
1575 945 1765 992 custo—
1863 947 2122 993 maneant
2149 939 2496 995 inconcussa.
2532 938 2757 1009 Propter
2782 939 2941 1010 quod,
2971 942 3291 1006 charissimi,
3343 956 3437 994 ea:-

165 1037 413 1106 diatque
441 1035 677 1105 quisque
710 1047 994 1088 sermones
1021 1046 1175 1096 suos,
1204 1039 1259 1086 et
1289 1031 1448 1096 sciat,
1477 1030 1607 1099 quia
1640 1029 1764 1099 qui-
1870 1039 2166 1098 spectantes
2202 1032 2452 1099 satagite,
2496 1031 2825 1084 immaculati
2863 1034 2910 1086 ei
2952 1035 3170 1086 inveniri
3201 1033 3257 1087 in
3287 1051 3433 1101 pace,

165 1143 406 1197 cunque
433 1127 502 1182 de
524 1126 650 1181 aliis
682 1125 945 1194 loquitur,
971 1138 1069 1178 sua
1105 1122 1371 1177 sententia
1398 1121 1759 1191 judicabitur.
1863 1131 1912 1177 et
1943 1122 2158 1175 Domini
2188 1122 2354 1175 nostri
2385 1120 2514 1175 .lesu
2550 1122 2751 1177 Christi
2794 1123 3246 1193 longanimitatem
3283 1126 3433 1180 salu-

159 1219 385 1276 Caveat
407 1219 572 1274 etiam
596 1217 778 1271 omnis
799 1215 1008 1281 ﬁdelis,
1049 1229 1118 1270 ne
1160 1213 1472 1285 derogando
1515 1213 1661 1282 quod
1705 1212 1761 1269 in
1865 1226 1968 1270 tem
1999 1213 2345 1268 arbitramini
2368 1214 2435 1270 ⁵³.
2474 1213 2655 1268 Estotc
2697 1231 2818 1284 ergo
2849 1217 3165 1284 prudentes,
3215 1227 3264 1272 et
3303 1220 3436 1289 vigi-

162 1315 350 1369 domo
380 1312 706 1382 cujusquam
736 1309 953 1380 agitur,
985 1308 1092 1362 alia
1119 1307 1317 1362 domus
1352 1321 1450 1376 per
1492 1321 1618 1360 eum
1660 1320 1762 1360 co-
1863 1305 1970 1360 late
2019 1306 2073 1358 in
2117 1305 2484 1360 orationibus:
2513 1315 2634 1358 ante
2675 1306 2854 1358 omnia
2893 1316 3068 1361 autem
3111 1319 3345 1362 mutuam
3382 1311 3435 1363 in

163 1414 450 1478 gnuscat,
483 1405 578 1460 sed
621 1404 867 1458 omnium
906 1399 1347 1456 Christianorum
1379 1399 1572 1454 domos
1603 1399 1759 1468 quasi
1863 1398 2247 1466 nobismetipsis
2292 1396 2604 1450 charitatem
2644 1399 2948 1451 continuam
2995 1399 3272 1465 habentes;
3307 1405 3435 1471 quia

163 1498 436 1568 proprias
466 1503 631 1552 amet.
666 1493 838 1550 Nemo
862 1493 1009 1549 enim
1045 1492 1217 1546 invito
1257 1491 1494 1546 auditori
1529 1490 1762 1544 libenter
1864 1493 2101 1545 charitas
2134 1491 2297 1559 operit
2328 1491 2724 1544 multitudinem
2751 1502 3106 1560 peccatorum.
3135 1493 3435 1563 Hospitales

162 1590 370 1645 refert.
405 1589 598 1660 Sitque
635 1585 1075 1656 uniuscujusque
1111 1584 1351 1639 studium
1377 1625 1392 1651 ,
1428 1598 1541 1638 non
1579 1583 1759 1638 solum
1864 1584 2083 1639 invicem
2117 1584 2229 1637 sine
2258 1584 2700 1638 murmuratione.
2742 1583 3142 1654 Unusquisque,
3175 1587 3310 1640 sicut
3342 1604 3435 1640 ac--

162 1683 376 1738 oculos
403 1692 586 1738 castos
615 1695 856 1745 servare,
889 1678 985 1734 sed
1015 1686 1070 1732 et
1099 1676 1366 1746 linguam.
1402 1673 1513 1730 Vos
1545 1682 1755 1740 autem,
1863 1677 1999 1746 cepit
2042 1675 2274 1746 gratiam
2294 1716 2310 1742 ,
2349 1676 2403 1728 in
2435 1675 2752 1730 alterutrum
2783 1677 2934 1730 illam
2966 1679 3432 1746 administrantes,

163 1775 496 1830 charissimi
522 1813 538 1839 ,
570 1774 662 1843 qui
692 1771 827 1828 estis
855 1771 958 1827 sub
985 1769 1203 1825 Domini
1233 1767 1522 1837 disciplina
1545 1765 1750 1821 consti-
1791 1823 1830 1843 n
1861 1768 2000 1820 sicut
2039 1765 2158 1819 boni
2199 1767 2586 1836 dispensatores
2627 1767 2974 1837 multiformis
3005 1771 3192 1839 gratia:
3227 1769 3340 1823 Dei.
3375 1769 3433 1824 Si

163 1869 303 1934 tuti,
334 1867 416 1923 sic
444 1882 544 1922 vos
570 1865 844 1930 exhibete,
882 1873 942 1918 ut
973 1861 1089 1916 veri
1120 1860 1360 1916 ministri
1390 1867 1444 1915 et
1459 1859 1504 1891 δ’
1533 1858 1756 1929 dispen-
1790 1823 1832 1881 Β
1863 1858 1980 1928 quis
2007 1857 2264 1928 loquitur,
2297 1858 2433 1910 sicut
2461 1875 2723 1913 sermones
2753 1858 2888 1913 Dei:
2917 1862 2963 1914 si
2993 1862 3109 1931 quis
3141 1862 3432 1923 ministrat,

164 1971 393 2017 satores
439 1959 823 2031 mysteriorum
869 1956 989 2026 ejus
1011 1956 1094 2021 ⁵ο,
1152 1963 1214 2009 ut
1260 1968 1369 2008 non
1420 1951 1758 2021 vituperetur
1866 1957 2121 2019 tanquam
2148 1965 2213 2004 ea:
2243 1950 2470 2016 virtute,
2504 1966 2662 2020 quam
2695 1950 3038 2005 administrat
3070 1953 3208 2006 Deus
3231 1994 3248 2019 ,
3285 1963 3340 2005 ut
3380 1956 3433 2007 in

163 2051 545 2106 ministerium
568 2058 836 2112 vestrum,
865 2062 932 2101 ne
963 2047 1055 2100 ﬁat
1086 2045 1138 2099 in
1168 2044 1321 2099 vobis
1345 2086 1360 2110 ,
1415 2040 1577 2097 sicuti
1617 2052 1754 2094 scrt-
1864 2043 2107 2095 omnibus
2138 2041 2517 2111 honoriﬁcetur
2566 2039 2702 2094 Deus
2725 2082 2740 2106 ,
2783 2059 2874 2110 per
2909 2041 3094 2096 Jesum
3130 2043 3433 2109 Christum,

163 2156 328 2216 ptum
362 2154 478 2200 est:
505 2143 570 2197 Et
599 2143 697 2198 erit
727 2143 864 2196 sicut
886 2141 1144 2211 populus,
1179 2141 1256 2192 sic
1287 2136 1531 2191 sacerdos
1547 2134 1636 2188 5°“.
1663 2132 1755 2188 Sic
1862 2134 1948 2186 cui
1993 2142 2071 2187 cst
2121 2134 2294 2204 gloria
2334 2142 2384 2187 et
2434 2133 2709 2203 imperium
2752 2135 2811 2188 in
2858 2137 3054 2191 saecula
3098 2139 3436 2196 saeculorum.

161 2238 326 2293 enim
351 2252 449 2292 vos
470 2275 486 2303 ,
516 2243 869 2304 vestrosque,
909 2242 966 2288 et
989 2237 1219 2286 cunctos
1249 2227 1504 2297 corripite
1523 2267 1539 2295 ,
1571 2235 1630 2280 ut
1659 2241 1755 2280 ne-
1863 2227 2026 2280 Amen
2044 2225 2110 2278 ³¹.

179 2409 3415 2443 _____________._._._._____________—_,_____.___.

837 2542 1088 2637 DUO
1166 2541 1712 2634 DECRETA
1800 2539 2340 2632 ANACLET

1295 2541 1712 2634 ICRETA
1800 2539 2390 2632 ANACLETI
2470 2536 2804 2629 PAPJE

1550 2736 1642 2792 EI
1688 2733 2064 2793 GRATIANO.

247 2889 429 2955 Quare
451 2891 577 2945 laici
603 2893 660 2948 in
687 2894 1026 2948 accusatione
1056 2892 1421 2963 episcoporum
1446 2903 1550 2942 non
1578 2903 1680 2940 au-
1859 2894 2054 2936 omnes
2079 2878 2346 2949 episcopi,
2373 2877 2469 2948 qui
2502 2876 2667 2948 hujus
2694 2877 3008 2948 apostolicae
3036 2876 3182 2933 sedis
3209 2876 3432 2931 ordinas-

846 2966 1086 3018 άίαηῑατ-
1861 2972 1996 3028 tioni
2023 2972 2327 3041 subjacent,
2357 2978 2412 3025 et
2433 2969 2526 3039 qui
2553 2969 2845 3040 propinqui
2877 2975 3038 3035 sunt,
3071 2983 3251 3022 annue
3283 2967 3432 3021 circa

247 3053 296 3087 ³³
323 3053 472 3108 Laiei
501 3054 553 3109 in
583 3057 931 3112 accusatione
953 3056 1337 3125 episcoporum
1362 3050 1618 3108 audiendi
1642 3064 1752 3104 non

1923 3081 1985 3121 us
2014 3063 2143 3118 Maii
2171 3070 2486 3118 sanctorum
2511 3062 2825 3133 principum
2851 3061 2994 3116 Petri
3027 3071 3081 3117 et
3108 3060 3259 3115 Pauli
3288 3059 3432 3112 limi-

171 3156 326 3212 sunt,
356 3147 486 3217 quia
516 3149 716 3219 oppido
754 3149 834 3204 eis
863 3149 1083 3219 quidam
1114 3147 1296 3202 inlicsti
1325 3154 1474 3202 sunt.
1507 3145 1574 3200 Et
1604 3146 1680 3200 im

1921 3157 2022 3211 bus
2067 3162 2466 3224 praesententur
2489 3194 2506 3220 ,
2534 3154 2682 3209 omni
2711 3154 3000 3209 occasione
3037 3153 3296 3223 seposita.
3325 3150 3430 3217 Qui

171 3254 346 3308 gnum
377 3247 462 3293 est
489 3249 547 3294 ut
577 3240 645 3293 ab
672 3239 752 3296 eis
781 3248 1130 3308 accusentur,
1163 3238 1257 3310 qui
1287 3254 1481 3296 eorum
1513 3237 1680 3309 gravii

1919 3263 1990 3302 :ro
2017 3245 2084 3301 de
2112 3245 2412 3316 longinquo
2443 3255 2590 3314 sunt,
2617 3247 2775 3317 juxta
2812 3246 3236 3317 chirographum
3267 3260 3428 3299 suum

172 3339 282 3386 tem
312 3331 503 3386 nolunt
527 3331 750 3387 imitari.
1858 3339 2138 3411 impleant.
2207 3337 2314 3404 Qui
2378 3346 2562 3392 autem
2636 3338 2952 3408 hujusmodi
3023 3336 3430 3391 constitutionis

175 3440 416 3512 Singulis
450 3448 601 3498 annis
631 3445 990 3513 apostolorum
1023 3447 1211 3501 limina
1241 3447 1454 3502 visitent
1485 3446 1684 3516 θρίσσαι]

1918 3437 2209 3499 ιηιεωριοι·
2268 3427 2576 3493 exstiterit,
2630 3437 2991 3498 praeterquam
3044 3427 3092 3482 si
3147 3425 3427 3496 aegritudi-

353 3516 444 3584 qui
479 3516 898 3569 ordinationibus
946 3518 1252 3588 apostolicis
1280 3517 1571 3586 subjacent.
1856 3537 1925 3576 ne
1971 3519 2138 3576 fuerit
2183 3520 2475 3586 detentus,
2525 3518 2664 3575 sciat
2715 3533 2776 3574 se
2822 3517 3103 3574 canonicis
3143 3516 3428 3588 subjaccre

249 3605 297 3638 ⁵⁸
318 3604 484 3664 Juxta
509 3619 830 3666 sanctorum
849 3609 1077 3667 Patrum
1098 3620 1152 3668 ct
1172 3627 1448 3669 canonum
1477 3611 1752 3680 instituta,
1855 3611 2162 3668 sententiis.

252 3741 372 3825 :sln
416 3760 502 3816 ep.
538 3745 690 3825 2_D.
736 3746 955 3805 Hieron.
1001 3750 1094 3825 _ad
1153 3749 1547 3825 Nepotianum,
1573 3751 1735 3824 cujus
1781 3753 1949 3825 verba
1988 3754 2127 3825 mire
2173 3751 2479 3809 deformata
2533 3753 2828 3825 mangonio
2865 3753 3041 3825 nostri
3055 3751 3428 3825 __Mercatoris.

167 3815 210 3843 "
243 3814 411 3892 Zacli_.
443 3814 560 3892 cap.
595 3817 778 3892 3,_pro
808 3835 962 3876 more
999 3814 1342 3892 interpolata.
1403 3821 1487 3876 σοι
1509 3814 1660 3879 σοι’
1685 3839 1759 3890 tv,
1793 3824 1846 3878 1.
1937 3825 2008 3857 ⁸ο·
2047 3823 2153 3880 lsa.
2179 3841 2329 3890 xxiv,
2354 3825 2409 3879 2.
2483 3821 2589 3876 “ll
2621 3814 2761 3880 PEtr.
2791 3839 2875 3890 m,
2906 3823 2994 3888 14,
3023 3822 3108 3876 l5.
3185 3822 3269 3875 ⁵³1
3322 3821 3424 3876 Pe-

163 3891 235 3968 ξιξ.
257 3902 354 3968 At},
381 3885 564 3968 ζμ.-
648 3885 787 3968 fin,
822 3900 1013 3960 quazst.
1047 3894 1099 3958 7,
1143 3885 1296 3968 Laici
1323 3894 1706 3968 episcoporum.
1746 3885 1951 3968 Eadem
1992 3894 2105 3968 fere
2129 3895 2292 3950 verba
2316 3885 2603 3952 habentur
2630 3897 2685 3951 in
2722 3885 2953 3966 epistola
2983 3885 3211 3952 Eusebii
3252 3907 3423 3964 papae.

170 3954 215 3985 “
255 3956 358 4026 93,
387 3957 517 4016 dist.
541 3957 596 4015 1.
633 3954 805 4016 Juxta
841 3954 1149 4018 sanctorum
1175 3954 1424 4033 Patrum,
1466 3954 1521 4021 ei
1578 3965 1635 4020 in
1659 3964 1817 4022 Decr.
1848 3964 2128 4022 Zachariae
2155 3981 2328 4037 papae.
