3822 6218
443 387 3714 430 W

825 577 2038 799 SANCTUS
2228 575 3330 790 HEBMAS

1502 954 1718 1048 vm
1788 947 2644 1044 APOSTOLICUS.
3429 958 3440 966 '
3537 935 3600 979 ν’
3683 925 3700 933 ’

3480 1051 3510 1066 Ὦ

2025 1193 2094 1205 .-

684 1392 1382 1514 VETERUM
1463 1384 2365 1503 TESTlMONIA
2438 1385 2618 1496 DE
2705 1381 2826 1496 S.
2916 1383 3451 1497 HERMA.

1019 1638 1316 1707 (timum,
1335 1637 1570 1691 Veterum
1593 1639 1802 1688 Patrum
1825 1633 2142 1696 Bibliotheca,
2166 1639 2202 1684 ι.
2241 1633 2280 1695 1,
2308 1633 2556 1692 Venetiis,
2586 1629 2724 1691 1765,
2744 1629 2909 1682 ιιι-ἰοὶ.
2954 1644 3003 1693 p.
3030 1630 3131 1692 51.)

971 1950 1031 2008 8.
1061 1951 1330 2020 Ιιιιιιιοι,
1364 1951 1631 2009 adversus
1659 1950 1925 2017 Han-eses,
1956 1949 2051 2006 lib.
2087 1964 2161 2016 ιν,
2187 1966 2306 2019 cap.
2334 1948 2438 2016 20,
2473 1964 2621 2003 num.
2653 1947 2710 2015 2,
2741 1947 2872 2001 edit.
2911 1944 3164 2001 Numici.

519 2091 662 2166 Bene
686 2106 828 2166 _erg0
865 2091 1238 2161 pronuntiavit
1268 2093 1576 2166 Scriptura,
1605 2111 1728 2166 quat
1758 2095 1893 2150 dicit
1922 2114 1935 2150 :
1971 2094 2156 2149 Primo
2183 2095 2417 2148 omnium
2445 2094 2617 2156 crede,
2651 2093 2901 2164 quoniam
2939 2109 3073 2146 unus
3103 2098 3180 2144 est
3212 2087 3380 2148 Deus,
3401 2084 3508 2166 .qnt'
3533 2081 3712 2162 οιηιςὶσ

445 2161 817 2238 constituit,_et
849 2167 1249 2238 consummavit,
1280 2177 1342 2238 et
1362 2161 1487 2237 fecit
1519 2161 1583 2221 ea:
1616 2161 1676 2221 eo
1705 2167 1844 2238 quod
1879 2183 1982 2220 non
2011 2172 2163 2230 erat,
2195 2174 2254 2218 ut
2289 2174 2460 2218 essent
2487 2161 2706 2218 omnia:
2738 2166 2972 2218 omnium
3009 2175 3181 2230 capax
3204 2199 3217 2223 ,
3240 2167 3293 2212 et
3319 2161 3412 2226 qui
3449 2172 3481 2207 tt
3509 2161 3714 2206 neum!

444 2233 708 2301 capiatur.
743 2231 935 2289 Exstat
959 2234 1054 2289 lib.
1090 2249 1152 2300 ιι,
1181 2231 1373 2292 mandi
1403 2251 1444 2294 1.

1115 2469 1366 2527 (Σιειιειιε
1399 2470 1579 2537 Alam,
1614 2470 1834 2542 Στρωμ.
1868 2467 1965 2524 lib.
1995 2483 2034 2534 1,
2067 2483 2184 2536 cap.
2222 2465 2310 2532 17,
2347 2483 2469 2536 pag.
2512 2466 2617 2521 569

1494 2487 1579 2537 ια,
1614 2470 1834 2542 Στρωμ.
1868 2467 1965 2524 lib.
1995 2483 2034 2534 1,
2067 2483 2184 2536 cap.
2222 2465 2310 2532 17,
2347 2483 2469 2536 pag.
2512 2466 2639 2532 569,
2664 2466 2794 2520 edit.
2832 2465 3003 2522 Oxon.

518 2580 660 2637 chit
685 2593 867 2640 autem
910 2593 964 2640 et
995 2585 1213 2650 Pastor,
1253 2584 1494 2654 Angelus
1527 2582 1895 2653 pmnitentiaa,
1940 2583 2007 2639 ad

2204 2579 2346 2648 λέγει
2373 2579 2430 2631 δὲ
2459 2579 2552 2633 καὶ
2579 2583 2611 2634 ὁ
2643 2579 2892 2649 Ποιμὴν,
2929 2583 2956 2634 ὁ
2991 2579 3218 2648 ἄγγελος
3247 2576 3348 2645 τῆς
3399 2571 3713 2645 μετανοίας,

446 2672 726 2740 Bormam,
762 2677 828 2731 de
856 2677 1328 2748 pseudoproplieta
1370 2693 1386 2733 :
1420 2676 1677 2742 Quaedam
1701 2679 1840 2732 enim
1871 2695 1955 2733 ver

2202 2694 2208 2720 μ
2249 2673 2442 2744 Ἑρμᾷ,
2471 2673 2598 2742 περὶ
2631 2671 2726 2723 τοῦ
2769 2672 3243 2742 ψευδοπροφήτουο
3295 2667 3437 2721 de
3465 2665 3581 2733 γὰρ
3607 2663 3711 2730 ῥή-

445 2783 568 2822 vera
607 2768 862 2833 loquitur.
889 2769 1148 2824 Diabolus
1174 2770 1313 2823 enim
1341 2784 1459 2822 eum
1481 2766 1663 2837 implet
1687 2785 1782 2822 suo
1808 2770 1954 2838 spirit

2203 2780 2284 2818 ιτα
2313 2763 2510 2832 ἀληθῆ
2545 2763 2736 2817 λαλεῖ.
2799 2764 2859 2815 '0
2885 2765 2995 2831 γὰρ
3024 2761 3297 2826 διάϐολος
3329 2757 3522 2813 αὑτὸν
3563 2759 3712 2820 πλη-

443 2861 496 2914 εἱ
518 2877 669 2920 quem
694 2862 860 2931 possit
899 2877 965 2916 ea:
993 2861 1159 2930 justis
1192 2860 1456 2930 frangere.
1490 2856 1613 2915 Lib.
1649 2875 1708 2924 ιι,
1732 2861 1916 2915 mand.

2203 2853 2229 2906 ἴ
2258 2853 2338 2919 τῷ
2358 2854 2575 2909 ἑαυτοῦ
2604 2854 2913 2923 πνεύματι,
2946 2854 3002 2907 ετ
3025 2870 3158 2907 τινα
3187 2850 3518 2918 δυνήσεται
3532 2846 3712 2916 ῥῆξαι

446 2966 566 3022 cap.
603 2953 652 3007 l.

2125 2953 2244 3008 τῶν
2270 2953 2530 3008 δικαίων.

1625 3083 1776 3150 1111-211,
1807 3084 1965 3153 ibid.,
1999 3101 2117 3156 cap.
2144 3084 2236 3152 29,
2263 3101 2385 3155 pag.
2420 3083 2538 3140 l26.

521 3201 715 3257 Divine
742 3217 873 3274 ergo
910 3201 1160 3261 Potestas
1185 3205 1273 3259 illa
1302 3220 1424 3275 quae
1454 3203 1666 3260 Hermae
1692 3205 1938 3276 loquitur
1966 3207 2021 3262 in

2198 3205 2368 3270 Θείως
2398 3205 2575 3260 τοίνυν
2603 3207 2636 3279 ἡ
2664 3205 2902 3277 Δύναμις
2935 3207 2968 3276 ἡ
3004 3203 3084 3276 τῷ
3115 3203 3290 3276 Ἑρμᾷ
3329 3202 3477 3256 κατὰ
3510 3202 3707 3256 incudi

450 3295 778 3352 revelatione
807 3315 821 3352 :
873 3294 1129 3364 Visiones,
1157 3298 1353 3368 inquit,
1383 3306 1432 3352 et
1455 3297 1789 3352 revelationes
1813 3311 1959 3369 propt

2205 3299 2287 3368 ᾆριν
2317 3297 2553 3352 λαλοῦσα
2573 3315 2586 3328 ·
2630 3299 2704 3352 Τὰ
2732 3297 3017 3368 ὁράματα,
3044 3298 3208 3370 φησὶ,
3243 3296 3341 3350 καὶ
3382 3296 3458 3349 τὰ
3496 3297 3714 3349 ἀποκα-

448 3403 534 3442 eos
555 3389 646 3458 qui
675 3397 796 3442 sunt
831 3388 1032 3458 duplici
1071 3390 1246 3454 corde,
1271 3391 1361 3460 qui
1387 3391 1660 3460 disputant
1698 3391 1755 3443 in
1780 3393 1957 3445 cordib

2205 3406 2429 3459 Ἤματα,
2474 3388 2572 3443 διὰ
2617 3389 2759 3454 τοὺς
2787 3389 3107 3457 διψύχους,
3147 3387 3286 3453 τοὺς
3317 3383 3714 3453 διιιιογιζσμέ-

449 3483 582 3548 suis,
605 3482 713 3536 sint
740 3497 823 3549 ea,
847 3497 939 3536 nec
961 3498 1042 3536 ne.
1076 3480 1195 3537 Lib.
1227 3497 1266 3547 1,
1297 3484 1400 3538 vis.
1434 3499 1517 3551 ιιι,
1542 3497 1661 3553 cap.
1696 3483 1752 3540 4.

2209 3499 2277 3548 υς
2305 3481 2375 3534 ἐν
2402 3480 2531 3546 ταῖς
2561 3479 2832 3549 καρδίαις
2865 3477 3085 3546 αὐτῶν,
3115 3480 3168 3532 sl
3201 3477 3316 3545 ἄρα
3343 3476 3480 3529 ἐστὶ
3510 3474 3713 3535 ταῦτα,

2132 3574 2168 3643 ἢ
2203 3575 2313 3628 οὐκ
2344 3573 2534 3626 ἐστιν.

1616 3685 1771 3756 locu,
1801 3687 1894 3742 lib.
1933 3703 1992 3754 ιι,
2022 3705 2139 3758 cap.
2174 3690 2226 3755 1,
2261 3706 2385 3759 pag.
2419 3690 2543 3745 430.

522 3834 661 3889 Dicit
695 3833 863 3899 enim,
899 3847 1021 3902 quae
1050 3829 1263 3886 Hennae
1290 3830 1344 3884 in
1381 3831 1596 3886 visione
1621 3833 1894 3902 apparuit,
1925 3831 2030 3887 Po-

2204 3835 2340 3905 Φησὶ
2373 3833 2482 3906 γὰρ
2518 3836 2576 3888 ὲν
2605 3834 2684 3906 τῷ
2717 3834 2955 3906 ὁράματι
2981 3830 3060 3902 τῷ
3112 3828 3288 3900 Ἑρμᾷ
3343 3829 3376 3896 ἡ
3418 3823 3713 3894 Δύναμιςή

421 3923 621 3980 'testas
670 3942 682 3979 τ
741 3923 894 3989 Quod
947 3922 1045 3977 tibi
1093 3922 1348 3993 contingit
1399 3922 1640 3992 revelari,
1683 3924 1930 3978 revelabit

2204 3929 2364 3980 ινείσα
2383 3945 2394 3956 ’
2440 3929 2509 3980 '0
2537 3927 2645 3981 ἐὰν
2670 3926 2974 3994 ἐνδέχεται
3004 3916 3531 3988 ἀποκαλυφθῆναι,
3577 3917 3713 3970 ἁπο-

451 4013 573 4072 Lib.
608 4032 646 4084 1,
673 4015 775 4071 vis.
802 4030 884 4082 111,
908 4029 1028 4085 cap.
1057 4014 1110 4068 5.

1077 4014 1110 4067 i.
2122 4015 2586 4087 καλυφθήσεται.

1639 4128 1792 4199 Inani,
1827 4132 1984 4200 ibid.,
2015 4150 2132 4204 cap.
2168 4135 2222 4201 9,
2251 4151 2374 4206 pag.
2401 4135 2528 4190 452.

522 4247 720 4304 Pastor
745 4257 928 4303 autem
971 4248 1038 4304 de
1079 4249 1147 4306 iis
1174 4252 1307 4308 solis
1333 4255 1428 4324 qui
1453 4254 1828 4323 dormiissent,
1861 4257 2026 4311 verba

2215 4259 2277 4312 '0
2311 4258 2543 4329 Ποιμὴν
2573 4259 2652 4324 δὲ,
2681 4257 2867 4319 ἁπλῶς
2898 4254 2992 4308 ἐπὶ
3026 4251 3134 4306 τῶν
3159 4243 3584 4317 κεκοιμημένων
3607 4241 3716 4302 θεὶς

451 4341 681 4409 faciens,
712 4342 864 4396 novit
888 4343 1156 4413 quosdam
1179 4345 1362 4415 justos
1391 4348 1446 4401 in
1489 4349 1738 4418 gentibus
1765 4359 1818 4403 et
1846 4350 1899 4402 in
1929 4347 1956 4402 Ι1

2205 4369 2230 4403 ν
2251 4350 2414 4417 λέξιν,
2446 4351 2685 4412 δικαίους
2713 4345 2822 4402 οἶδέ
2853 4364 3001 4409 τινας
3037 4347 3093 4396 ὲν
3127 4343 3306 4396 ἔθνεσι
3348 4337 3446 4390 καὶ
3486 4339 3546 4388 ὲν
3586 4335 3714 4386 Ἰου-

449 4435 605 4500 datis,
638 4450 743 4488 non
779 4434 954 4489 solum
982 4444 1106 4490 ante
1132 4435 1424 4492 adventum
1458 4437 1697 4506 Domini,
1737 4440 1830 4495 sed
1857 4441 1958 4494 etia

2205 4443 2321 4508 ίοις,
2356 4444 2417 4496 οὐ
2475 4443 2635 4514 μόνον
2682 4441 2789 4512 πρὸ
2832 4439 2934 4508 τῆς
2978 4436 3076 4490 τοῦ
3119 4433 3326 4505 Κυρίου
3373 4427 3714 4500 παρουσίας,

451 4537 577 4581 ante
606 4527 802 4595 legem,
852 4527 946 4597 qui
987 4525 1101 4582 Deo
1150 4530 1287 4598 grati
1321 4533 1642 4600 acceptique
1685 4530 1920 4593 fuerint;

2208 4533 2271 4587 λὰ
2305 4535 2399 4587 καὶ
2434 4533 2540 4604 πρὸ
2573 4533 2760 4603 νόμου,
2799 4530 2935 4601 μετὰ
2966 4529 3064 4599 τὴν
3094 4525 3229 4597 πρὸς
3261 4523 3396 4575 θεὸν
3420 4519 3717 4589 ε’ἷδαρέπττὶ·

449 4619 605 4684 Abel,
645 4628 703 4674 ut
733 4617 865 4685 Noe,
903 4628 960 4674 ut
1010 4621 1056 4676 si
1102 4622 1228 4691 quis
1265 4622 1407 4677 alius
1432 4623 1642 4692 justus.
1684 4624 1825 4679 Dicit
1872 4641 1958 4694 erg

2202 4645 2235 4690 ι,
2286 4626 2363 4688 ὡς
2413 4624 2599 4689 ’Δὸελ,
2636 4623 2712 4686 ὡς
2757 4621 2904 4685 Νῶε,
2948 4619 3025 4683 ὡς
3059 4619 3111 4669 εἴ
3150 4633 3233 4678 τις
3265 4615 3454 4683 ἕτερος
3489 4611 3711 4668 Sintia;

450 4713 730 4781 apostolos
770 4722 824 4767 et
849 4713 1102 4768 doctores
1127 4714 1220 4784 qui
1267 4715 1636 4784 praedicarunt
1669 4732 1872 4772 nomen
1901 4718 1959 4773 Fi

2213 4719 2265 4770 σὶ
2305 4715 2436 4786 γοῦν
2476 4716 2605 4778 τοὺς
2651 4714 2982 4774 ἀποστόλους
3021 4711 3115 4763 καὶ
3159 4705 3546 4765 διδασκάλους,
3596 4701 3715 4759 τοὺς

451 4802 566 4870 Dei,
591 4806 753 4858 etiam
778 4819 902 4858 cum
934 4804 1308 4874 dormiissent,
1337 4815 1607 4876 potestate
1636 4824 1698 4863 ac
1740 4810 1845 4864 lide
1884 4827 1960 4880 pr:

2211 4806 2473 4878 ρύξαντας
2512 4804 2575 4857 τὸ
2601 4805 2773 4874 ὄνομα
2803 4802 2896 4854 τοῦ
2932 4799 3064 4854 Tim";
3104 4797 3258 4860 Θεοῦ,
3293 4795 3390 4849 καὶ
3424 4791 3714 4862 κοιμηθέν-

449 4895 664 4950 dicasse
694 4895 760 4950 iis
785 4895 878 4965 qui
913 4905 1038 4950 ante
1067 4897 1424 4952 dormierant.
1459 4899 1663 4954 Deinde
1699 4901 1920 4956 subdit:
1955 4948 1958 4953 λ

2205 4917 2246 4963 ς,
2311 4902 2376 4969 τῇ
2411 4894 2635 4970 δυνάμει
2666 4899 2760 4950 καὶ
2788 4899 2854 4967 τῇ
2887 4896 3067 4949 πίστει
3105 4889 3340 4963 κηρύξαι
3371 4891 3488 4951 τοῖς
3522 4901 3714 4957 προκε-

448 4986 573 5056 ipsi,
601 4995 705 5041 etc.
738 4986 856 5041 Lib.
885 5003 967 5056 111,
996 4987 1160 5042 simil.
1197 5005 1273 5056 ιιι,
1298 5008 1416 5060 cap.
1456 4992 1543 5048 16.

2129 4991 2506 5061 κοιμημένοις.
2531 4985 2666 5042 Εἶτα
2695 4989 2975 5058 ὲπιφέρει’
3014 4985 3125 5040 Καὶ
3150 4983 3340 5046 αὐτοὶ,
3379 4999 3436 5034 κ.
3476 4997 3532 5033 τ.
3561 4979 3611 5030 λ.

1606 5123 1759 5193 locu,
1787 5125 1943 5190 ibid.,
1977 5141 2096 5195 cap.
2138 5125 2227 5191 l2,
2258 5143 2378 5196 pag.
2407 5124 2534 5180 458.

521 5232 653 5300 Qua:
675 5247 806 5304 ergo
833 5236 1074 5290 continet
1114 5236 1439 5306 Ecclesiam,
1469 5248 1531 5292 ut
1571 5238 1768 5293 Pastor
1807 5239 2020 5308 inquit,

2211 5239 2276 5290 Ἦ
2311 5238 2489 5291 τοίνυν
2520 5238 2815 5308 συνέχουσα
2841 5238 2940 5308 τὴν
2990 5234 3336 5304 Ἐκκλησίαν,
3373 5230 3451 5296 ὣς
3493 5243 3660 5298 φησιν
3685 5235 3711 5284 o'

449 5326 646 5391 virtus,
679 5325 812 5380 ﬁdes
862 5335 967 5392 est,
1007 5343 1104 5396 per
1133 5345 1298 5398 quam
1335 5330 1472 5385 salvi
1501 5332 1641 5385 tiunt
1679 5332 1838 5386 electi
1881 5331 1956 5386 De

2202 5331 2382 5399 >ιμὴν,
2406 5331 2594 5402 ἀρετὴ,
2626 5331 2660 5401 ἡ
2692 5330 2874 5391 πίστις
2898 5328 3034 5392 ἐστὶ,
3060 5326 3128 5378 δι’
3155 5321 3222 5396 ἦς
3257 5324 3527 5388 σώζονται
3561 5325 3611 5375 οἱ
3636 5326 3711 5374 ἐκ.

450 5432 573 5485 quae
615 5424 796 5471 autem
834 5416 1064 5472 viriliter
1108 5420 1251 5490 agit,
1291 5422 1644 5476 abstinentia.
1693 5421 1959 5492 ,Sequunt‘

2200 5422 2310 5474 κτοὶ
2330 5420 2424 5474 τοῦ
2448 5421 2581 5473 Θεοῦ
2604 5438 2616 5451 ο
2650 5423 2684 5492 ή
2717 5421 2773 5474 δὲ
2798 5417 3179 5491 ἀνδριζομένη,
3205 5416 3521 5486 ἐγκράτεια.
3555 5417 3709 5467 Ἔπε-

451 5522 583 5560 vero
629 5522 720 5561 eas
757 5506 1111 5576 simplicitas,
1155 5511 1467 5583 disciplina,
1499 5513 1865 5580 ,innocentia,
1905 5529 1955 5566 ιιι

2203 5511 2302 5564 ιδὲ
2334 5513 2516 5577 αὐτοῖς
2547 5512 2803 5582 ἁπλότης,
2837 5513 3138 5580 ἐπιστήμη,
3165 5507 3391 5572 ἀκακία,
3425 5508 3706 5577 σεμνότης,

450 5597 644 5664 ιιρειίει,
676 5599 940 5656 charitas.
974 5598 1083 5656 Illa:
1113 5611 1293 5660 autem
1323 5619 1517 5661 omnes
1546 5612 1678 5662 sunt
1707 5605 1831 5662 tilia:
1871 5605 1959 5661 lidt

2131 5603 2340 5676 ἀγάπη.
2369 5605 2546 5660 Πᾶσαι
2574 5603 2630 5657 δὲ
2662 5599 2818 5658 αὗται
2852 5601 3088 5666 πίστεώς
3118 5603 3223 5654 εἱσι
3258 5599 3585 5670 θυγατέρες.

453 5687 569 5744 Lib.
599 5706 637 5755 1,
673 5691 766 5745 vis.
798 5706 879 5757 111,
905 5708 1022 5762 cap.
1047 5692 1099 5748 8.
