3822 6218
92 278 208 333 δεδι

1447 284 1528 338 PA
1538 284 1738 340 STOR.
1778 316 1841 325 —
1870 284 2232 343 ΡΒΟΈΜΙΑ.

3304 286 3432 343 ,822

1482 398 1634 467 locu,
1664 399 1818 465 ibid.,
1843 400 2001 470 paulo
2022 409 2161 471 post.

181 503 515 579 Φοϐητέον
559 504 655 565 οὖν
701 512 793 567 τὸν
827 512 1051 588 Κύριον,
1095 514 1266 586 λέγει,
1308 518 1387 580 εἰς
1435 517 1751 589 οἰκοδομὴν,
1785 521 1831 578 Α

1931 516 2074 573 Dicit
2100 517 2317 587 itaque,
2358 513 2659 571 timendum
2694 531 2821 590 esse,
2845 514 3134 591 Dominum
3170 516 3235 572 ad
3268 516 3434 572 acditi-

103 595 240 649 ἀλλ’
282 599 356 652 οὐ
408 600 519 654 τὸν
555 603 796 659 διάϐολον
820 608 899 670 είς
930 612 1329 681 καταστροφήν.
1372 610 1645 681 Ἐμπαλιν
1672 612 1750 676 δὲ,

102 683 185 736 τὰ
225 686 347 755 μὲν
383 687 545 760 ἔργα
578 688 671 745 τοῦ
706 696 934 766 Κυρίου,
960 698 1208 753 τουτέστι
1236 699 1336 763 τὰς
1364 700 1602 765 ἐντολὰς,
1624 702 1759 770 ἀγα-

106 777 345 867 πητέον
378 781 499 835 καὶ
534 785 803 855 ποιητέον⁸
834 787 910 867 τὰ.
926 789 982 843 δὲ
1004 789 1141 862 ἔργα
1168 791 1262 844 τοῦ
1296 792 1565 856 διαϐόλου,
1594 793 1760 864 φοϐη-

107 866 249 920 τέον
288 869 405 922 καὶ
444 871 516 924 οὐ
550 874 819 944 ποιητέον.

1862 609 2159 675 cationem,
2211 608 2307 664 sed
2357 622 2467 662 non
2526 608 2807 664 diabolum
2861 610 2927 664 ad
2965 610 3322 666 eversionem.
3371 606 3435 665 Et

1861 716 2100 756 rursus:
2133 698 2309 771 Opera
2342 700 2560 770 quidem
2604 700 2847 770 Domini,
2889 703 2995 758 hoc
3038 710 3122 759 est
3147 712 3432 773 prazccpta,

1857 808 1980 849 esse
2010 792 2287 863 diligenda
2316 802 2370 847 et
2410 791 2696 860 facienda;
2739 811 2907 865 opera
2956 810 3089 850 vero
3122 795 3326 851 diaboli
3364 794 3432 849 ti-

1857 886 2052 940 menda
2078 901 2221 949 esse,
2255 893 2308 940 et
2341 900 2450 939 non
2479 884 2744 941 facienda.
2784 886 2899 942 Lib.
2930 904 2991 954 ιι,
3018 887 3197 942 mand.
3232 903 3326 941 vn.

1354 1010 1484 1067 Ini-zu
1504 1055 1518 1077 ,
1558 1012 1717 1077 ibid.,
1750 1016 1933 1083 paucis
1963 1014 2274 1083 interjectis.

205 1126 274 1181 Ὀ
308 1128 379 1181 δὲ
413 1126 597 1192 αὐτὸς
624 1128 718 1181 καὶ
755 1126 853 1199 τὴν
889 1126 1176 1198 μετάνοιαν
1214 1124 1426 1181 σύνεσιν
1459 1122 1597 1180 εἷναί
1624 1144 1755 1198 φησι

116 1220 427 1292 μεγάλην.
494 1219 791 1274 Μετανοῶν
819 1218 927 1290 γὰρ
970 1218 1054 1287 ἐφ’
1086 1213 1168 1281 οἷς
1213 1218 1475 1289 ἔδρασεν,
1528 1220 1635 1273 οὐκ
1677 1220 1757 1273 ἔτι

112 1316 282 1367 ποιεῖ
310 1313 352 1385 ἢ
385 1313 574 1383 λέγει.
604 1312 922 1377 Βασανίζων
949 1312 1007 1365 δὲ
1033 1314 1117 1381 ἐφ’
1146 1306 1227 1375 οἷς
1250 1313 1466 1384 ἥμαρτε
1492 1312 1597 1385 τὴν.
1630 1315 1757 1367 ἐαυ-

114 1404 221 1458 τοῦ
248 1405 487 1477 ψυχὴν,
528 1404 872 1476 ἀγαθοεργεῖ.
902 1405 1130 1473 ’Λφεσις
1165 1402 1343 1456 τοίνυν
1365 1402 1647 1475 ἁμαρτιῶν
1673 1421 1762 1474 με-

112 1495 367 1558 τανοίας
400 1494 665 1565 διαφέρει
688 1510 702 1524 '
727 1492 893 1564 ἄμφω
916 1491 973 1545 δὲ
996 1490 1233 1545 δείκνυσι
1257 1490 1325 1543 τὰ
1353 1490 1439 1560 ἐφ’
1469 1491 1620 1561 ἡμῖν.
1654 1489 1757 1542 Τὸν

115 1583 220 1641 οὖν
293 1586 587 1658 εἰληφότα
633 1585 734 1657 τὴν
778 1584 973 1654 ἄφεσιν
1016 1582 1125 1637 τῶν
1170 1582 1472 1655 ἁμαρτιῶν,
1529 1582 1629 1635 οὐκ
1675 1580 1757 1634 ἔτι

116 1676 507 1745 ἁμαρτάνειν
544 1675 649 1746 χρή
671 1691 684 1703 ο
717 1674 809 1727 ἐπὶ
833 1672 941 1744 γὰρ
967 1675 1032 1743 τῇ
1062 1672 1253 1744 πρώτῃ
1299 1673 1392 1726 καὶ
1425 1673 1559 1744 μόνῃ
1589 1690 1755 1743 μετα-

1932 1126 2078 1183 ldem
2122 1138 2304 1183 autem
2337 1136 2391 1184 et
2433 1130 2584 1196 dicit,
2621 1131 2996 1201 paenitentiam
3045 1148 3169 1190 esse
3215 1149 3437 1190 sensum

1862 1234 2148 1290 magnum.
2197 1218 2303 1286 Qui
2340 1222 2487 1275 enim
2525 1222 2901 1292 paenitentiam
2947 1224 3058 1293 agit
3081 1240 3273 1280 eorum
3314 1242 3441 1296 qua:

1862 1308 2012 1377 fecit,
2056 1325 2168 1365 non
2215 1311 2452 1382 amplius
2483 1312 2617 1371 facit
2660 1314 2745 1369 vel
2789 1315 2943 1370 dicit.
2982 1313 3266 1387 Torquens
3309 1335 3440 1376 vero

1863 1401 2107 1455 animam
2152 1416 2308 1457 suam
2357 1412 2579 1473 propter
2614 1420 2677 1460 ea
2715 1420 2839 1476 quae
2869 1408 3135 1475 peccavit,
3181 1419 3441 1478 operatur

1864 1493 2023 1547 l‘ene.
2058 1490 2331 1547 R‘emissio
2357 1508 2488 1569 ergo
2518 1504 2868 1564 peccatorum
2903 1494 3083 1550 dili‘ert
3111 1512 3142 1550 a
3169 1498 3441 1567 paeniten-

1865 1583 1941 1638 tia
1975 1605 1986 1638 :
2020 1583 2183 1638 ambo
2215 1592 2394 1638 autem
2430 1585 2725 1640 ostendunt
2769 1602 2832 1641 ea
2862 1601 2985 1642 esse
3016 1587 3071 1641 in
3116 1596 3302 1642 nostra
3343 1603 3442 1658 po-

1862 1684 2076 1732 testate.
2110 1676 2246 1732 Eum
2281 1677 2447 1749 igitur
2473 1678 2568 1748 qui
2596 1680 2806 1749 accepit
2836 1680 3213 1735 remissionem
3248 1697 3443 1750 pecca-

118 1767 251 1838 νοίᾳ
294 1767 421 1820 τῶν
455 1765 747 1838 ἁμαρτιῶν
786 1763 961 1837 (αὕτη
999 1764 1064 1818 ἂν
1099 1764 1183 1835 εἴη
1217 1763 1327 1817 τῶν
1370 1762 1758 1836 προῦπαρξάν-
1791 1756 1830 1809 Β
1861 1776 1892 1822 ιι

1865 1776 2066 1837 torum,
2094 1785 2204 1825 non
2234 1777 2449 1840 oportet
2470 1771 2708 1841 amplius
2737 1787 2992 1841 peccare;
3023 1788 3150 1825 nam
3179 1773 3234 1826 in
3264 1773 3441 1841 prima

118 1876 237 1916 των
268 1858 431 1913 κατὰ
473 1858 572 1912 τδν
599 1858 808 1912 ὲθνικὸν
836 1859 929 1912 καὶ
955 1856 1169 1927 πρῶτον
1202 1856 1341 1927 βίου’
1369 1857 1460 1910 τὸν
1481 1858 1538 1910 ὲν
1564 1857 1756 1928 ἀγνοίᾳ

119 1952 302 2025 λέγω)
330 1951 556 2005 αὐτίκα
578 1953 691 2015 τοῖς
719 1949 963 2021 κληθεῖσι
994 1949 1279 2021 πρόκειται
1304 1947 1579 2021 μετάνοια,
1599 1950 1632 2019 ἡ
1656 1964 1757 2003 κα-

123 2046 415 2117 θαίρουσα
452 2044 554 2098 τὸν
586 2043 749 2097 τόπον
780 2043 883 2113 τῆς
913 2041 1092 2113 ψυχῆς
1130 2042 1240 2096 ἀπὸ
1270 2041 1379 2096 τῶν
1424 2040 1754 2113 πλημμελη-

128 2140 355 2210 μάτων,
396 2139 498 2191 ἴνα
533 2139 566 2209 ἡ
608 2136 792 2199 πίστις
833 2134 1160 2207 θεμελιωθῇ.
1197 2132 1658 2206 Καρδιογνώστης
1699 2134 1757 2187 δὲ

124 2231 204 2283 ὢν
234 2234 265 2285 ὁ
300 2230 551 2303 Κύριος,
581 2229 675 2283 καὶ
716 2227 788 2283 τὰ
832 2227 1098 2299 μέλλοντα
1130 2225 1546 2301 προγινώσκων,
1600 2225 1658 2279 τό
1695 2243 1755 2278 τε

126 2320 526 2393 εὐμετάϐολον
557 2319 651 2373 τοῦ
696 2316 1007 2390 ἀνθρώπου,
1049 2319 1144 2372 καὶ
1182 2319 1243 2371 τὸ
1286 2317 1622 2389 παλίμὸολον
1661 2316 1757 2370 καὶ

130 2415 470 2485 πανοῦργον
500 2414 596 2468 τοῦ
627 2414 895 2479 διαϐόλου,
934 2412 1146 2467 ἄνωθεν
1193 2411 1431 2485 ἀρχῆθεν
1472 2411 1717 2482 προεῖδεν
1738 2450 1752 2474 ,

128 2506 229 2570 ὼς,
255 2504 535 2576 ζηλώσας
558 2507 651 2559 ἐπὶ
666 2492 732 2577 τῇ
768 2505 957 2575 ἀφέσει
986 2503 1094 2556 τῶν
1121 2501 1407 2575 ἁμαρτιῶν
1439 2502 1529 2555 τὸν
1556 2501 1758 2573 ἀνθρω-

135 2612 262 2659 πον,
303 2594 717 2665 προστρίψεταί
762 2611 917 2657 τινας
961 2592 1139 2657 αἰτίας
1184 2592 1296 2647 τῶν
1337 2591 1756 2665 ἁμαρτημάτων

134 2687 255 2750 τοῖς
308 2686 537 2749 δούλοις
587 2685 682 2739 τοῦ
742 2686 899 2752 Θεοῦ,
954 2687 1234 2759 φρονίμως
1287 2685 1752 2757 πονηρευόμενος,

139 2778 293 2843 ὅπως
330 2779 399 2851 δὴ
440 2780 544 2832 καὶ
576 2780 729 2832 αὐτοὶ
760 2780 1142 2834 ωνεκπέσοιεν
1176 2778 1344 2849 αὐτῷ.
1385 2777 1625 2831 Ἔδωκεν
1661 2773 1755 2831 οὖν

140 2868 313 2940 ἀλλην
340 2872 443 2925 ἐπὶ
464 2874 582 2934 τοῖς
603 2872 705 2924 κάν
727 2873 792 2942 τῇ
818 2871 997 2924 πίστει
1027 2868 1419 2942 περιπίπτουσί
1437 2886 1543 2921 τινι
1572 2868 1755 2939 πλημ-

148 2961 456 3032 μελήματι,
515 2962 802 3027 πολυέλεος
849 2961 945 3027 ὢν,
994 2962 1280 3032 μετάνοιαν
1330 2960 1614 3031 δευτέραψ
1649 2960 1750 3031 ἢν,

144 3049 201 3102 cf
228 3068 316 3115 τις
338 3052 748 3125 ἐκπειρασθείη
776 3051 912 3123 μετά
939 3052 1038 3121 τὴν
1067 3050 1282 3120 κλῆσιν,
1313 3050 1553 3120 βιασθεὶς
1578 3049 1634 3102 δὲ
1660 3050 1754 3104 καὶ

1859 1868 1914 1917 et
1938 1863 2053 1917 sola
2082 1870 2435 1932 peccatorum
2472 1863 2798 1932 paenitentia
2828 1863 2913 1933 (ea
2940 1874 3123 1918 autem
3159 1862 3440 1918 fueriteo-

1859 1966 2003 2019 rum,
2034 1969 2159 2023 qua:
2184 1953 2338 2023 prius
2365 1955 2701 2009 exstiterunt
2730 1956 2782 2008 in
2811 1956 3000 2026 gentili
3024 1963 3078 2011 et
3101 1954 3268 2025 priori
3291 1954 3438 2017 vita;

1858 2060 1944 2112 ea,
1990 2045 2239 2114 inquam,
2280 2062 2401 2116 quae
2439 2044 2545 2100 fuit
2578 2046 2633 2101 in
2677 2048 3006 2119 ignorantia)
3039 2048 3107 2103 iis
3153 2048 3315 2103 etiam
3346 2047 3441 2116 qui

1858 2136 2040 2193 vocati
2081 2146 2231 2204 sunt,
2273 2139 2598 2207 proponitur
2623 2138 2967 2207 paenitentia,
3006 2154 3318 2209 expurgans
3360 2139 3443 2192 lo-

1860 2245 1985 2285 cum
2016 2234 2214 2284 animae
2244 2246 2273 2283 a
2297 2230 2533 2296 delictis,
2563 2239 2622 2284 ut
2657 2231 2789 2285 lides
2819 2231 3099 2285 fundetur.
3139 2231 3278 2285 Cum
3310 2247 3441 2284 vero

1861 2319 2128 2375 Dominus
2150 2319 2513 2389 cogitationes
2537 2321 2964 2390 praecordiorum
2995 2322 3159 2388 norit,
3185 2321 3437 2387 etfutura

1858 2409 2140 2479 prmsciat,
2168 2406 2382 2462 facilem
2413 2408 2652 2463 hominis
2683 2410 3065 2477 mutationem,
3092 2420 3146 2466 et
3176 2413 3440 2482 multipli-

1858 2515 1976 2555 cem
2024 2500 2359 2569 nequitatem
2390 2500 2615 2565 diaboli,
2644 2500 2759 2570 jam
2794 2502 2918 2556 inde
2948 2518 2978 2556 a
3007 2503 3278 2573 principio
3303 2520 3440 2573 prae-

1856 2594 1992 2648 vidit
2031 2593 2179 2664 quod
2232 2592 2441 2647 homini
2480 2592 2732 2648 invidens
2782 2602 3005 2663 propter
3053 2596 3437 2650 remissionem

1857 2691 2231 2753 peccatorum,
2250 2680 2461 2753 aliquas
2483 2697 2680 2736 causas
2705 2682 3027 2737 delictorum
3053 2694 3303 2753 suggeret
3325 2699 3442 2740 ser-

1858 2775 1942 2829 vis
1974 2773 2091 2839 Dei,
2134 2782 2314 2828 astute
2356 2784 2409 2827 et
2437 2773 2671 2843 maligne
2704 2774 2959 2838 moliens,
2994 2784 3056 2828 ut
3085 2776 3185 2845 ipsi
3222 2791 3441 2846 quoque

1858 2882 1983 2921 cum
2014 2880 2080 2919 eo
2111 2865 2327 2919 cadant.
2362 2864 2520 2918 Dedit
2553 2880 2705 2935 ergo,
2740 2882 2865 2920 cum
2900 2867 2973 2921 sit
3012 2868 3197 2922 multa:
3226 2868 3433 2923 miseri-

1857 2957 2081 3020 cordiae,
2131 2957 2201 3012 iis
2233 2958 2329 3027 qui
2360 2958 2526 3012 etiam
2578 2958 2636 3012 in
2671 2958 2777 3013 fide
2808 2959 3059 3014 incidunt
3110 2960 3164 3015 in
3216 2960 3439 3031 aliquod

1859 3063 2165 3120 peccatum,
2195 3050 2359 3104 aliam
2386 3059 2440 3105 et
2469 3051 2766 3106 secundam
2796 3053 3173 3122 paenitentiam
3200 3072 3212 3109 :
3247 3070 3436 3122 quam,

148 3144 626 3214 κατασοφισθεὶς,
684 3145 815 3215 μίαν
883 3144 964 3197 ἔτι
1035 3143 1324 3215 μετάνοιαν
1379 3142 1745 3212 ἀμετανόητον
1777 3149 1819 3209 C
1852 3145 1892 3197 si

1865 3144 2045 3213 siquis
2080 3151 2318 3197 tentatus
2347 3142 2513 3198 fuerit
2541 3154 2664 3214 post
2690 3145 3057 3210 vocationem,
3098 3155 3153 3201 et
3190 3142 3435 3203 Coactus.

149 3232 310 3306 λάϐῃ.

1856 3243 1911 3289 et
1939 3234 2134 3289 callide
2177 3235 2609 3301 circumventus,
2645 3251 2811 3290 unam
2848 3237 3027 3291 adhuc
3055 3239 3119 3291 ad
3162 3238 3434 3307 perniten-

1856 3328 1984 3382 dum
2018 3326 2253 3397 accipiat
2282 3328 2684 3397 paenitentiam.
2712 3327 2836 3383 Lib.
2861 3345 2921 3396 ιι,
2956 3330 3135 3386 mand.
3169 3346 3242 3397 tv,
3282 3348 3435 3400 capp.

1854 3414 1964 3471 2e:
1999 3414 2050 3470 5.

1129 3526 1289 3594 locu,
1323 3527 1482 3595 ibid.,
1514 3526 1609 3581 lib.
1640 3542 1713 3594 Iv,
1749 3542 1867 3596 cap.
1906 3526 1961 3593 9,
1997 3544 2153 3598 pagg.
2187 3528 2313 3595 596,
2349 3530 2471 3583 597.

227 3647 441 3702 Αὐτίκα
466 3651 503 3703 ὁ
531 3647 764 3718 Ποιμήν
788 3664 953 3718 φησιν
975 3663 987 3673 ·
1030 3646 1432 3716 Ἐκςρεύξεσθε
1451 3644 1567 3715 τὴν
1596 3643 1759 3713 ἐνέρ-

160 3756 326 3811 τειαν
349 3743 459 3797 τοῦ
488 3743 717 3811 ἀγρίου,
747 3742 854 3797 ἐὰν
877 3744 915 3812 ἠ
949 3740 1160 3810 καρδία
1186 3740 1352 3811 ὑμῶν
1379 3739 1621 3810 γένηται
1642 3756 1747 3792 κα·-

162 3833 309 3901 θαρὰ
335 3833 437 3887 καὶ
468 3834 725 3905 ἄμωμος.
1508 3827 1515 3836 ’

1935 3644 2053 3700 Jam
2083 3661 2214 3701 vero
2240 3645 2437 3701 Pastor
2456 3647 2588 3701 dicit
2616 3664 2629 3700 :
2667 3645 2953 3717 E/fugietis
2976 3649 3079 3701 vim
3108 3648 3236 3716 fera:
3258 3649 3437 3703 bestia:

1853 3739 1900 3791 si
1928 3755 2018 3791 cor
2057 3747 2286 3791 vestrum
2329 3738 2487 3807 fuerit
2519 3755 2708 3807 purum
2741 3756 2804 3791 ac
2832 3739 2944 3795 sine
2977 3739 3208 3794 macula.
3240 3739 3367 3805 Lib.
3396 3751 3433 3805 l,

1855 3831 1961 3884 vis.
1985 3846 2059 3895 tv,
2086 3845 2207 3900 cap.
2238 3828 2293 3883 2.

1254 3967 1387 4023 Ιυειί
1416 3966 1571 4030 ibid.,
1603 3966 1696 4020 lib.
1727 3969 1961 4033 vr,'cap.
2000 3962 2090 4028 15,
2125 3978 2245 4031 pag.
2281 3960 2405 4013 806.

236 4084 311 4137 Ἥ
343 4085 454 4156 γὰρ
486 4086 608 4157 οὐχὶ
643 4085 737 4139 καὶ
768 4085 827 4137 ὲν
868 4087 937 4156 τῇ
972 4083 1264 4156 ὁράσειτῷ
1303 4084 1482 4155 Ἑρμᾷ
1523 4085 1556 4154 ἡ
1584 4081 1751 4135 Δύνα-

171 4189 261 4242 μις
291 4176 348 4229 ὲν
374 4176 455 4248 τῷ
483 4176 640 4248 τύπῳ
670 4177 769 4247 τῆς
810 4176 1137 4247 Ἐκκλησίας
1180 4178 1428 4245 φανεῖσα,
1463 4174 1660 4228 ἔδωκεν
1690 4173 1751 4226 τὸ

1925 4080 2122 4135 Annon
2172 4077 2320 4131 enim
2364 4086 2419 4130 et
2460 4074 2669 4143 Virtus,
2700 4092 2823 4146 quae
2855 4078 2907 4131 in
2944 4081 3152 4136 visione
3182 4084 3444 4153 apparuit

1859 4169 2146 4226 Hermzein
2179 4170 2350 4239 ﬁgura
2381 4167 2658 4232 Ecclesia,
2692 4168 2840 4223 dedit
2875 4171 3097 4239 librum,
3131 4188 3189 4230 ιιι
3220 4178 3432 4231 descri—

172 4262 368 4331 βιϐλίον
388 4271 469 4333 είς
498 4268 877 4341 μεταγραφὴν,
902 4266 930 4319 ὃ
954 4269 1066 4330 τοῖς
1088 4266 1363 4329 ἐκλεκτοῖς
1387 4265 1750 4335 ἀναγγελῆναι
1781 4294 1827 4349 D
1858 4263 1892 4317 b

1865 4264 2032 4328 beret,
2054 4276 2213 4331 quem
2239 4260 2428 4314 electis
2451 4260 2763 4315 annuntiari
2791 4263 3198 4321 volebat?~Eum
3224 4278 3429 4333 autem,

172 4354 445 4425 ὲόούλετος
476 4359 637 4413 τοῦτο
660 4358 716 4411 δὲ
746 4358 1124 4430 μετεγράψατο
1150 4358 1285 4429 πρὸς
1306 4356 1559 4429 γράμμα,
1596 4357 1751 4428 φησὶ,

177 4446 250 4517 μὴ
273 4450 542 4521 εὑρίσκων
569 4450 669 4515 τὰς
700 4449 967 4513 συλλαϐὰς
998 4449 1231 4502 τελέσαι.

1749 4583 1841 4641 111.

1857 4354 2054 4425 inquit,
2082 4351 2427 4421 transcripsi;
2452 4352 2521 4406 ad
2548 4353 2815 4421 litteram;
2864 4372 2972 4411 non
3008 4359 3290 4414 inveniens
3319 4377 3444 4430 quo.

1857 4446 2021 4502 modo
2052 4446 2291 4517 syllabas
2316 4445 2617 4523 perliceret.
2648 4444 2767 4503 Lib.
2803 4464 2841 4514 ι,
2874 4450 2972 4503 vis.
3007 4468 3067 4515 ιι,
3116 4469 3235 4522 cap.
3274 4456 3333 4517 1.,

1026 4712 1443 4770 TERTULLIANUS
1471 4715 1784 4779 catholicus,
1814 4712 1909 4767 lib.
1940 4712 2015 4768 De
2047 4713 2318 4777 oratione,
2350 4730 2466 4782 cap.
2504 4713 2588 4767 12.

244 4828 394 4901 Quod
433 4832 710 4901 assignata
753 4832 1002 4886 oratione
1042 4830 1315 4886 assidendi
1348 4847 1468 4885 mos
1503 4841 1587 4883 est
1616 4829 1965 4901 quibusdam,
2010 4844 2120 4881 non
2156 4828 2425 4898 perspicio
2473 4828 2764 4890 rationem,
2802 4827 2906 4901 nisi
2954 4827 2999 4880 si
3034 4824 3260 4880 llermas
3305 4826 3423 4901 ille,

181 4896 625 4973 cuius‘scriptu'ra
673 4901 787 4955 fere
822 4901 1023 4956 Pastor
1071 4901 1413 4973 inscribitur,
1466 4896 1742 4973 transacta
1774 4900 2060 4973 oratione,
2088 4896 2197 4973 non
2244 4914 2407 4966 super
2439 4902 2643 4973 lectum
2670 4898 3003 4973 _assedis_set,
3040 4911 3231 4949 verum
3280 4896 3430 4973 aliud

181 4970 302 5035 quid
335 4966 573 5040 fecisset,
607 4973 659 5026 id
692 4987 915 5041 quoque
951 4973 1018 5026 ad
1052 4972 1495 5026 observationem
1529 4971 1963 5041 vindicaremus.
2019 4968 2218 5038 Utique
2252 4983 2383 5023 non.
2438 4967 2771 5041 Simpliciter
2807 4966 2951 5041 enim
3000 4976 3055 5021 et
3084 4982 3232 5041 nunc
3274 4969 3425 5041 posi-

183 5045 291 5111 l_u_{n
326 5051 409 5096 est
444 5063 454 5097 :
493 5036 629 5099 Cum
659 5036 967 5096 adorassem
998 5053 1047 5095 et
1075 5042 1389 5096 assedissem
1418 5058 1577 5111 super
1611 5043 1807 5093 lectum
1830 5058 1848 5095 :
1882 5040 1947 5093 ad
1979 5036 2228 5093 ordinem
2266 5039 2621 5111 narrationis,
2656 5054 2780 5111 non‘
2796 5038 2862 5091 ad
2890 5036 3063 5111 instar
3100 5036 3425 5111 disciplinae.

186 5106 423 5183 Alioquin
457 5126 729 5183 nusquam
761 5113 867 5166 erit
898 5113 1263 5183 adorandum,
1297 5112 1414 5183 nisi
1435 5106 1527 5166 ubi
1562 5111 1728 5166 fuerit
1768 5111 1944 5164 lectus
1978 5129 1990 5164 ε
2027 5110 2137 5164 imo
2162 5118 2352 5163 contra
2389 5106 2725 5176 Scripturam
2757 5107 2965 5173 fecerit,
3000 5109 3047 5161 si
3080 5107 3207 5178 quis
3251 5108 3303 5159 in
3329 5124 3424 5160 ca-

186 5176 383 5250 thedra,
414 5194 508 5240 aut
532 5176 797 5240 subsellio
825 5184 1043 5238 sederit.
1073 5182 1191 5236 Lib.
1220 5197 1281 5248 ιι,
1309 5183 1363 5234 in
1383 5181 1613 5235 Promm.

912 5296 1064 5353 Idem
1096 5297 1510 5353 TEBTULLIANUS
1537 5297 1889 5367 (hwreticus),
1920 5297 2011 5351 lib.
2045 5295 2120 5350 De
2150 5295 2427 5365 pudicitia,
2467 5308 2583 5362 cap.
2620 5294 2706 5347 10.

253 5409 387 5488 Deus
408 5417 590 5476 bonus
613 5428 741 5488 est:
773 5416 911 5483 suis,
939 5416 1315 5488 nonethnicis
1339 5417 1520 5472 sinum
1551 5416 1774 5488 spbjicit
1798 5433 1813 5471 :
1848 5415 2089 5488 secunda
2120 5424 2171 5488 te
2196 5414 2526 5488 paenitentia
2541 5412 2773 5488 excipiet
2800 5432 2815 5488 :_
2839 5413 2948 5466 eris
2979 5411 3172 5488 iterum
3194 5408 3260 5488 de
3287 5422 3425 5460 ιιιω-

196 5477 290 5557 ch_o
310 5483 667 5545 Christianus.
700 5487 827 5542 Haec
852 5477 909 5542 tu
939 5486 1101 5551 mihi,
1139 5488 1530 5556 benignissime
1570 5477 1670 5542 Dei
1696 5487 2001 5557 interpres!
2054 5485 2159 5539 Sed
2194 5477 2439 5557 cederem
2472 5477 2682 5557 tibi,i_si‘
2711 5483 2980 5557 scriptura
3023 5478 3267 5557 Pastoris
3298 5491 3422 5546 qua:

199 5550 306 5605 sola
331 5562 567 5616 mmchos
590 5568 759 5625 amat,
786 5558 976 5612 divino
1009 5550 1379 5611 instrumento
1409 5558 1704 5614 meruisset
1742 5550 1942 5622 incidi;
1980 5557 2025 5610 si
2055 5571 2161 5611 non
2188 5554 2437 5626 abomni
2461 5554 2697 5609 concilio
2723 5551 3112 5626 Ecclesiarum,
3137 5550 3299 5626 etiam
3320 5561 3421 5626 χε-

201 5628 435 5701 gittarum,
462 5630 601 5686 inter
637 5616 951 5701 apocrypha
983 5636 1043 5681 et
1074 5627 1211 5701 falsa
1238 5628 1613 5701 judicaretur;
1652 5627 1900 5701 adultera
1929 5616 1984 5680 et
2012 5627 2151 5701 ipsa,
2183 5634 2235 5701 et
2268 5625 2393 5701 inde
2418 5634 2654 5701 patrona.
2680 5624 2984 5701 sociorum;
3019 5636 3047 5700 ιι
3078 5635 3182 5685 qua
3208 5616 3421 5701 elnqliqs

203 5684 452 5756 initiaris':
482 5684 570 5758 cui
599 5684 692 5757 ille
721 5700 767 5756 si
809 5684 949 5755 forte
971 5684 1412 5768 patrocinabitur
1443 5684 1637 5753 Pastor
1676 5712 1841 5767 quem
1874 5697 1927 5752 in
1958 5684 2148 5752 cal-ice'
2170 5684 2439 5765 depingis,
2488 5694 2900 5765 prostitutorem
2930 5700 2985 5745 et
3034 5684 3210 5759 ipSum
3256 5684 3415 5751 Chri-
