3822 6218
700 634 783 690 Ea:
812 638 1085 708 interpret.
1110 637 1313 694 Rufini.

561 746 625 801 Et
650 748 864 804 libellus
880 749 1094 807 Hermae
1109 753 1201 823 qui
1222 755 1529 824 appellatur

1963 321 2022 374 S.
2066 319 2368 375 ιιειιιιΑε.

2105 433 2190 488 γι.

1530 541 1796 600 Eusssws
1826 542 1967 603 llist.
1992 548 2218 616 eccles.,
2244 548 2340 606 lib.
2376 566 2460 618 ιιι,
2486 568 2602 615 cap.
2634 553 2688 608 5.

1686 745 1839 801 Ἐπεὶ
1880 747 1939 801 δὲ
1982 747 2013 801 ό
2052 749 2216 813 αὐτὸς
2246 750 2542 816 ἀπόστολος
2584 754 2642 806 ὲν

486 835 731 894 Pastoris
752 882 766 906 ,
793 841 953 910 cujus
980 840 1184 899 Paulus
1217 844 1269 898 in
1314 843 1531 914 Episto-
1600 838 1722 899 ταῖς
1748 838 1842 890 ἐπὶ
1869 837 2052 891 τέλειτ

2190 840 2364 911 ιήσεσι
2382 843 2484 912 τῆς
2508 842 2642 915 πρὸς

485 934 553 990 lis
587 936 703 991 suis
736 936 1014 1002 meminit,
1055 953 1084 990 a
1131 938 1381 1007 plurimis
1412 957 1519 995 non

481 1037 567 1081 est
594 1034 884 1095 receptus:
918 1026 987 1081 ab
1028 1028 1153 1084 aliis
1190 1039 1372 1085 autem
1421 1047 1521 1087 ne-

463 1115 757 1175 cessarius
803 1121 1084 1190 judicatus
1125 1130 1248 1189 est,
1300 1135 1522 1196 propter

479 1221 577 1261 eos
599 1208 691 1276 qui
721 1210 913 1277 primis
942 1212 1008 1265 ad
1033 1212 1192 1266 [idem
1221 1213 1521 1271 institutio-

480 1296 642 1353 nibus
664 1299 986 1357 imbuuntur
1011 1321 1024 1357 :
1053 1303 1195 1359 unde
1218 1305 1349 1361 etin
1381 1322 1523 1362 non-

480 1388 646 1444 nullis
691 1392 941 1447 ecclesiis
992 1393 1221 1465 legitur,
1258 1405 1314 1451 et
1360 1397 1517 1452 multi

478 1487 724 1535 veterum
765 1482 1097 1555 scriptorum
1140 1485 1226 1543 usi
1268 1496 1402 1544 sunt
1437 1497 1519 1547 te-

480 1576 757 1633 stimoniis
788 1579 930 1649 ejus.

1492 1666 1502 1697 ί

697 2591 782 2649 Ea:
803 2594 1076 2665 interpret.
1115 2592 1320 2649 Ruﬁni.

544 2700 678 2759 Post
697 2705 815 2761 haec
835 2706 946 2775 jam
972 2708 1240 2778 scriptura
1271 2716 1374 2773 est,
1396 2722 1519 2778 qua:

474 2794 677 2850 dicitur
705 2798 866 2852 Actus
907 2796 1070 2852 Pauli
1097 2816 1116 2863 ;
1147 2800 1239 2855 sed
1275 2808 1329 2854 et
1359 2799 1515 2855 libel-

474 2884 562 2941 lus
599 2888 695 2957 qui
739 2890 1042 2959 appellatur
1073 2890 1341 2958 Pastoris,
1381 2900 1511 2959 etc.,

473 2978 543 3033 de
570 2980 773 3047 quibus
813 2995 978 3051 quam
1022 2983 1259 3039 maxime
1300 2985 1515 3040 dubita-

474 3078 584 3127 tur.

693 3284 777 3341 Ea:
801 3287 1068 3357 interpret.
1100 3289 1300 3346 Ruﬁni.

548 3398 656 3457 Nec
686 3418 793 3458 non
815 3413 870 3459 et
897 3404 1139 3460 libellum
1167 3406 1260 3476 qui
1286 3416 1514 3462 vocatur

474 3493 719 3550 Pastoris
743 3538 758 3563 ,
795 3498 1142 3568 amplectitur
1182 3496 1506 3569 (lrenaeus),

472 3586 695 3640 dicens:
730 3586 874 3642 Bene
895 3603 1023 3659 ergo
1062 3586 1227 3642 refert
1254 3589 1503 3658 Scriptu-

473 3692 564 3742 ra,
608 3692 730 3747 qum
770 3677 903 3733 dicit
945 3696 957 3733 :
992 3678 1235 3733 Primum
1270 3682 1507 3734 omnium

474 3767 791 3823 credendum
814 3779 914 3837 est,
937 3771 1062 3840 quia
1078 3788 1213 3825 unus
1244 3781 1321 3825 est
1344 3771 1506 3838 Deus,

1607 926 1927 998 Ῥωμαίους,
1956 932 2175 1000 μνήμην
2208 932 2516 1003 πεποίηται,
2549 951 2643 1005 με-

1595 1017 1665 1071 τὰ
1694 1018 1804 1073 τῶν
1831 1019 2004 1074 ἀλλῶν
2030 1062 2044 1086 ,
2082 1023 2174 1075 καὶ
2212 1024 2418 1096 Ἑρμᾶ,
2450 1021 2510 1080 οὗ
2546 1044 2641 1095 φα-

1601 1127 1683 1162 σιν
1715 1110 1982 1182 ὑπάρχειν
2012 1112 2074 1165 τὸ
2109 1114 2216 1168 τοῦ
2246 1117 2533 1186 Ιιοιμένος
2560 1118 2641 1189 βί-

1600 1204 1763 1257 ϐλίον·
1798 1204 1970 1258 ἰστέον
1997 1205 2073 1270 ὡς
2089 1207 2356 1261 καὶτοῦτο
2384 1210 2518 1282 πρὸς
2542 1212 2639 1282 μέν

1589 1315 1748 1351 τινων
1776 1296 2166 1365 ἀντιλέλεκται,
2184 1302 2250 1355 δι’
2266 1301 2360 1365 οὓς
2376 1304 2475 1357 οὐκ
2492 1305 2557 1359 ἂν
2577 1306 2634 1359 ὲν

1589 1388 2038 1461 ὁμολογουμένοις
2072 1392 2273 1463 τεθείη
2308 1394 2397 1464 ὑφ’
2434 1395 2634 1466 ἑτέρων

1587 1478 1644 1531 δὲ
1678 1479 2122 1547 ἀναγκαιότατον,
2165 1477 2247 1547 οἷς
2277 1485 2508 1555 μάλιστα
2554 1486 2636 1539 δεῖ

1596 1567 1987 1638 στοιχειώσεως
2016 1572 2406 1645 εἰσαγωγικῆς,
2446 1574 2633 1647 κέκρι-

1593 1677 1700 1712 ται·
1922 1662 2023 1735 ηδη
2067 1665 2161 1718 καὶ
2205 1666 2263 1718 ὲν
2320 1666 2636 1739 ἐκκλησίαις

1598 1750 1756 1822 ἴσμεν
1802 1752 1933 1806 αὐτὸ
1982 1755 2503 1829 δεδημοσιωμένον,
2542 1762 2638 1815 καὶ⁵

1595 1840 1703 1893 τῶν
1760 1843 2135 1900 παλαιοτάτων
2177 1847 2235 1901 δὲ
2283 1852 2638 1921 συγγραφέων

1593 1935 1965 2007 κεχρημένους
2000 1938 2155 2005 τινὰς
2191 1941 2341 2015 αὐτῷ
2380 1945 2636 2017 κατείλη-

1591 2046 1689 2100 φα.

1687 2502 1838 2574 lusu,
1872 2508 2030 2578 ibid.,
2054 2510 2147 2568 lib.
2178 2528 2262 2579 ιιι,
2294 2532 2410 2585 cap.
2443 2517 2535 2572 '25.

1673 2713 1761 2765 'Ev
1827 2717 1943 2777 τοῖς
2015 2714 2191 2781 νόθοις
2247 2721 2632 2792 κατατετάχθω

1589 2802 1683 2854 καὶ
1713 2801 1831 2857 τῶν
1862 2806 2109 2859 Παύλου
2140 2806 2414 2874 πράξεων
2446 2812 2479 2881 ἡ
2507 2827 2633 2881 γρα-

1590 2893 1685 2965 φὴ,
1715 2894 1743 2947 ὅ
1774 2911 1833 2947 τε
1856 2893 2145 2966 λεγόμενος
2167 2898 2415 2968 Ποιμήν.

1713 3191 1862 3258 Ιιιιιιι,
1893 3187 2049 3255 ibid.,
2079 3188 2173 3242 lib.
2205 3204 2256 3250 v,
2288 3204 2405 3259 cap.
2434 3191 2486 3247 8.

1653 3414 1728 3468 Οὐ
1785 3413 1944 3485 μόνον
2002 3413 2061 3468 δὲ
2122 3407 2283 3479 οἶδεν,
2344 3413 2482 3468 ἀλλὰ
2535 3416 2632 3471 καὶ

1583 3503 1904 3575 ἀποδέχεται
1930 3505 2028 3576 τὴν
2049 3504 2155 3559 τοῦ
2185 3507 2476 3575 Ποιμένος
2494 3526 2632 3580 γρα-

1581 3593 1709 3664 φὴν,
1750 3592 1955 3661 λέγων·
2005 3594 2200 3658 Καλῶς
2245 3590 2339 3649 οὖν
2396 3592 2549 3651 εἶπεν
2596 3599 2630 3671 η

1580 3690 1763 3762 γραφὴ
1810 3692 1843 3763 ὴ
1892 3690 2157 3759 λέγουσα·
2192 3690 2435 3760 Πρῶτον
2489 3692 2631 3747 πάν-

1581 3799 1698 3835 των
1741 3782 2078 3836 πίστευσον
2122 3783 2212 3837 ὅτι
2254 3784 2341 3851 εἷς
2385 3785 2560 3839 ἐστιν
2590 3787 2625 3839 ὁ

2883 649 2970 706 Ea:
2996 652 3266 722 interpret.
3295 653 3605 712 Cotelerii.

2784 759 3055 828 Quoniam
3080 777 3209 817 vero
3238 765 3543 832 apostolus
3576 764 3748 820 Paulus

2714 852 2769 907 in
2804 853 3225 908 salutationibus
3257 854 3366 909 illis
3412 873 3556 926 qua:
3591 858 3747 913 subﬁ-

2714 960 2837 999 nem
2868 943 3125 1014 Epistolas
3157 947 3223 1000 ad
3259 946 3563 1003 Romanos
3586 949 3748 1020 legun-

2712 1042 2821 1099 tur,
2863 1035 3003 1090 inter
3031 1046 3257 1093 exteros
3292 1040 3647 1095 mentionem
3690 1040 3729 1095 fe

2712 1128 2787 1184 cit
2812 1130 2976 1183 etiam
3000 1128 3227 1194 Hermae,
3250 1134 3414 1201 cujus
3442 1148 3581 1189 esse
3602 1134 3747 1188 fertur

2714 1219 2848 1274 liber
2879 1219 3157 1287 Pastoris;
3208 1225 3507 1279 sciendum
3537 1237 3619 1281 est
3644 1243 3743 1280 eum

2709 1308 2910 1365 librum
2936 1328 2967 1366 a
3003 1314 3279 1369 nonnullis
3304 1314 3548 1384 quidem
3579 1317 3633 1369 in
3662 1318 3743 1369 du-

2708 1399 2858 1454 bium
2918 1418 3040 1457 esse
3094 1414 3437 1470 revocatum,
3498 1407 3577 1461 ob
3630 1424 3743 1477 quos

2706 1490 2850 1547 inter
2898 1502 3127 1564 receptat
3174 1498 3536 1553 auctoritatis
3596 1499 3743 1552 libros

2704 1583 2833 1654 poni
2887 1600 2996 1640 non
3047 1596 3252 1656 potest;
3312 1589 3386 1644 ab
3448 1590 3584 1646 aliis
3634 1606 3744 1645 vero

2707 1672 2945 1729 maxime
2967 1678 3331 1741 necessarius,
3354 1681 3431 1734 iis
3452 1683 3738 1751 praesertim

2708 1759 2804 1830 qui
2843 1760 3235 1819 introductoria
3295 1766 3363 1819 ad
3430 1767 3737 1837 religionem

2711 1849 2955 1924 indigent
2969 1854 3329 1921 institutione,
3341 1858 3360 1926 j
3371 1857 3633 1914 udicatus
3642 1871 3733 1923 est;

2708 1945 2854 2001 unde
2897 1947 3062 2001 etiam
3110 1948 3165 2002 in
3209 1949 3465 2005 ecclesiis
3498 1966 3624 2005 eum
3655 1967 3735 2019 pu-

2708 2035 2847 2093 blice
2894 2038 3095 2095 lectum
3138 2042 3362 2109 scimus,
3397 2054 3457 2101 et
3487 2059 3729 2116 quosnam

2704 2146 2770 2189 ex
2809 2137 3201 2193 vetustissimis
3246 2142 3619 2211 scriptoribus
3663 2151 3728 2195 te-

2704 2224 2967 2281 stimonio
3010 2228 3185 2299 ipsius
3215 2247 3346 2287 usos
3382 2232 3565 2290 fuisse
3602 2249 3727 2289 com—

2702 2315 2839 2385 peri.
2886 2316 3020 2389 Lege
3069 2319 3489 2393 Nicephorum,
3533 2325 3625 2381 lib.
3665 2340 3724 2386 ιι,

2706 2423 2821 2476 cap.
2848 2410 2937 2464 ω.

2875 2615 2961 2670 Ea:
2997 2620 3267 2690 interpret.
3299 2622 3581 2679 Cutelerii.

2776 2726 2920 2783 lnter
2942 2730 3112 2787 libros
3142 2735 3341 2790 nothos
3366 2738 3663 2793 collocetur
3679 2750 3741 2792 et.

2706 2819 2933 2872 Aetuum
2961 2818 3123 2875 Pauli
3166 2826 3441 2896 scriptura
3464 2869 3483 2896 ,
3523 2841 3575 2884 et
3605 2830 3719 2884 liber

2703 2912 2797 2979 qui
2818 2913 3019 2969 dicitur
3048 2916 3261 2974 Pastor.

2884 3293 2967 3349 Ex
2986 3298 3257 3370 interpret.
3284 3300 3570 3362 Cotclerii.

2772 3404 2891 3463 Non
2917 3410 3095 3465 solum
3132 3420 3311 3467 autem
3338 3414 3621 3490 [lrenazus]
3641 3435 3717 3473 no.

2701 3497 2797 3563 vit,
2823 3500 2918 3555 sed
2940 3510 2994 3556 et
3021 3503 3213 3573 recipit
3239 3502 3486 3562 Pastoris
3511 3511 3717 3579 scriptu-

2703 3603 2853 3655 ram,
2906 3590 3139 3650 dicens:
3178 3592 3343 3651 Recte
3384 3598 3559 3670 igitur
3604 3600 3717 3653 dixit

2704 3682 3006 3753 Scriptura,
3022 3701 3145 3756 qua
3164 3688 3275 3743 ait:
3299 3687 3492 3746 Primo
3512 3694 3716 3746 omnium

2698 3770 2868 3836 crede,
2898 3775 3036 3842 quod
3066 3790 3200 3828 unus
3221 3786 3299 3830 est
3320 3776 3490 3848 Deus,
3522 3782 3713 3851 quieu-

471 3860 565 3932 qui
610 3862 788 3915 omnia
843 3865 1040 3918 ereavit
1098 3874 1255 3935 atque
1296 3881 1509 3933 compo-
1586 3870 1894 3936 Θεὸς,ότὰ
1912 3870 2052 3924 mir:

2190 3872 2347 3941 τίσας
2368 3874 2466 3928 καὶ
2487 3890 2626 3929 κατ.
2699 3867 2789 3919 nia
2835 3868 3029 3922 creavit
3080 3879 3131 3924 et
3174 3878 3583 3942 consummavit,
3628 3885 3711 3929 etc.

471 3957 599 4013 suit.

1585 3960 1857 4029 αρτίσας,
1892 3960 2077 4015 καὶτὰ
2106 3962 2254 4033 ἑξῆς.

2053 4136 2165 4194 VII.

2701 3955 2820 4012 Lib.
2872 3974 2948 4025 ιι,
3000 3963 3184 4017 mand.
3220 3980 3277 4029 ι,
3316 3965 3456 4038 Lege
3494 3968 3709 4038 Niceph-.

2702 4051 2796 4106 lib.
2831 4069 2907 4122 tv,
2927 4071 3045 4125 cap.
3080 4057 3168 4113 Η.

702 4258 705 4263 ’
784 4261 1147 4326 Ατιιιιιιιιειιῖε,
1179 4258 1257 4317 De
1288 4258 1669 4317 lncarnatione
1693 4259 1858 4317 Verbi
1883 4259 1999 4328 Dei,
2023 4277 2052 4314 ιι

2196 4261 2249 4326 5,
2277 4270 2403 4315 tam.
2440 4258 2480 4328 Ι,
2504 4277 2628 4331 pag.
2654 4258 2746 4329 49,
2777 4258 2841 4313 ll;
2869 4261 2997 4316 edit.
3022 4260 3230 4331 Paris.,
3257 4265 3422 4324 i698.

543 4376 613 4432 At
638 4374 821 4430 divina
845 4373 1091 4430 doctrina
1119 4382 1173 4429 et
1209 4374 1416 4433 Christi
1453 4377 1655 4432 tides...
1682 4376 1758 4431 ait
1782 4392 1874 4447 per
1890 4375 2043 4448 Moy-

473 4485 588 4527 sem
614 4469 909 4540 quidem...
939 4479 993 4525 et
1026 4468 1079 4523 in
1108 4470 1405 4525 utilissimo
1442 4469 1688 4524 Pastoris
1712 4469 1891 4525 libro:
1920 4468 2046 4523 Pri-

2234 4376 2299 4429 'H
2327 4376 2384 4429 δὲ
2418 4375 2599 4439 ἔνθεος
2628 4374 2975 4440 διδασκαλία,
3007 4374 3100 4427 καὶ
3132 4374 3168 4445 ἡ
3205 4372 3353 4428 κατὰ
3388 4374 3614 4447 Χριστὸν
3637 4372 3704 4423 πί·

2161 4486 2277 4533 στις
2304 4501 2373 4510 --
2407 4469 2542 4540 φησὶ
2573 4467 2662 4521 διὰ
2693 4468 2792 4540 μὲν
2820 4467 3101 4531 Μωΰσέως
3121 4500 3195 4509 ——
3217 4467 3309 4522 διὰ
3338 4468 3399 4521 δὲ
3420 4470 3519 4541 τῆς
3540 4466 3703 4536 ὠφελι-

471 4578 620 4617 mum
657 4562 894 4616 omnium
939 4561 1090 4614 crede
1130 4576 1295 4614 unum
1337 4559 1506 4614 Deum
1546 4577 1690 4626 esse,
1740 4560 1830 4630 qui
1869 4559 2050 4613 omnia

2190 4561 2411 4631 ωτάτης
2462 4560 2644 4630 βίϐλου
2701 4560 2809 4615 τοῦ
2866 4559 3172 4630 Ποιμένοςο
3219 4558 3467 4628 Πρῶτον
3502 4560 3702 4614 πάντων

470 4655 668 4709 ereavit
693 4662 747 4708 et
780 4653 1021 4725 perfecit,
1066 4668 1227 4721 eaque
1276 4668 1393 4722 qua:
1433 4667 1535 4705 non
1573 4660 1746 4720 erant,
1787 4661 1844 4706 ut
1871 4658 2049 4706 essent

2190 4653 2509 4717 rlotevaor,
2538 4652 2626 4707 ὅτι
2656 4652 2745 4718 εἷς
2765 4652 2939 4706 ἐστιν
2968 4655 3001 4707 ὀ
3038 4651 3204 4718 Θεὸς,
3226 4655 3261 4707 ὁ
3292 4653 3367 4706 τὰ
3395 4652 3585 4708 πάντα
3608 4648 3701 4701 xtl-

2154 4759 2273 4811 σας
2290 4744 2388 4798 καὶ
2408 4746 2788 4815 καταρτίσας,
2818 4743 2917 4799 καὶ
2942 4744 3204 4812 ποιήσας
3226 4745 3299 4801 ἐκ
3324 4744 3435 4802 τοῦ
3458 4744 3542 4817 μὴ
3562 4742 3700 4802 ὄντος

472 4746 618 4817 feeit.
643 4744 763 4802 Lib.
799 4760 861 4811 ιι,
892 4745 1077 4801 mand.
1104 4760 1143 4800 ι.

2154 4837 2243 4901 εὶς
2270 4834 2338 4889 τὸ
2366 4836 2539 4890 εἶναι.

1137 4953 1291 5020 lusu,
1314 4950 1393 5007 De
1423 4950 1669 5006 Decretis
1692 4946 1927 5006 Nicaeum
1956 4948 2174 5022 synodi,
2200 4968 2346 5007 num.
2374 4953 2429 5019 4,
2457 4962 2585 5007 tom.
2617 4956 2658 5020 I,
2683 4968 2805 5023 pag.
2831 4951 2959 5019 ΞΗ,
3002 4950 3066 5007 Ι).

546 5070 604 5129 ld
628 5088 779 5139 vero,
813 5082 874 5127 ut
904 5074 981 5128 ait
1018 5072 1233 5142 Pastor,
1267 5091 1377 5131 non
1417 5073 1524 5129 nisi
1556 5088 1589 5129 a
1620 5073 1842 5129 diabolo
1869 5080 2052 5128 ortum

476 5168 659 5224 habet.
689 5165 809 5221 Lib.
846 5183 908 5233 ιι,
938 5167 1118 5220 mand.
1153 5184 1226 5222 ιιι.

547 5403 605 5458 In
640 5403 864 5457 Pastore
922 5412 1106 5459 autem
1146 5402 1410 5475 scriptum
1454 5410 1540 5460 est
1584 5396 2081 5473 (quandoquidem?

476 5488 677 5553 librum
710 5497 857 5553 hunc
885 5496 1079 5564 citant,
1118 5496 1372 5567 quamvis
1417 5511 1528 5552 non
1560 5496 1634 5553 sit
1659 5511 1729 5551 ex
1761 5493 2003 5565 Canone)
2031 5512 2046 5549 :

2158 5165 2334 5220 ϐόλου.

1554 5283 1706 5352 ῐοιιιι,
1741 5282 1957 5349 ibidem,
1988 5299 2134 5340 num.
2166 5282 2255 5349 18,
2278 5299 2403 5353 pag.
2430 5282 2559 5347 2‘23,
2586 5280 2652 5337 F.

2241 5404 2329 5457 Ἐν
2366 5402 2424 5458 δὲ
2449 5400 2529 5468 τῷ
2557 5401 2800 5472 Ποιμένι
2827 5400 3132 5481 γέγραπται
3170 5395 3382 5490 (ἐπειδὴ
3414 5394 3509 5449 καὶ
3527 5387 3687 5490 #101310-

2157 5496 2251 5552 καί
2282 5514 2365 5549 τοι
2399 5497 2474 5568 μὴ
2506 5495 2567 5549 δν
2596 5495 2661 5548 ὲκ
2690 5493 2786 5547 τοῦ
2821 5492 3064 5557 κανόνος,
3093 5489 3474 5562 προφέρουσι)·
3496 5488 3690 5568 nparor

2230 5072 2405 5127 Τοῦτο
2430 5074 2508 5141 δὲ,
2538 5074 2613 5138 ὡς
2643 5078 2675 5129 ό
2700 5073 2933 5145 Ποιμὴν
2963 5073 3206 5146 εἴρηκεν,
3237 5069 3463 5140 ἔκγονόν
3489 5070 3593 5122 ἐστι
3611 5061 3697 5115 δια-

478 5590 725 5645 Primum
753 5589 985 5645 omnium
1010 5590 1162 5645 crede
1187 5606 1347 5645 unum
1379 5606 1489 5646 esse
1518 5588 1685 5644 Deum
1706 5630 1722 5655 ,
1752 5588 1843 5659 qui
1876 5586 2052 5641 omnia

2190 5563 2793 5648 τάντων-εέίστευσον,
2840 5583 2933 5637 ὅτι
2962 5583 3053 5649 εἷς
3095 5582 3268 5635 ἐστιν
3308 5583 3341 5634 ὀ
3393 5578 3557 5643 Θεὸς,
3586 5574 3613 5625 δ
3635 5563 3687 5659 τὰ

479 5681 673 5735 ereavit
696 5690 745 5735 et
770 5682 988 5752 perfecit
1012 5720 1027 5747 ,
1054 5684 1330 5755 omniaque
1359 5699 1425 5739 ea:
1451 5682 1617 5739 nihilo
1638 5721 1653 5749 ,
1686 5689 1743 5738 ut
1770 5689 1939 5737 essent
1971 5679 2049 5749 fe-

479 5776 572 5830 cit.
604 5774 723 5835 Lib.
758 5790 817 5842 ιι,
842 5774 1029 5833 mand.
1059 5791 1097 5833 ι.

2154 5678 2351 5733 πάντα
2394 5678 2607 5744 κτίσας
2652 5674 2751 5730 καὶ
2794 5673 3189 5742 καταρτίσας,
3233 5670 3332 5724 καὶ
3368 5667 3611 5735 ποιήσας
3638 5656 3685 5710 ἐι

2158 5766 2261 5822 τοῦ
2287 5764 2374 5837 μὴ
2400 5764 2573 5832 ὄντος
2600 5765 2687 5833 εἰς
2720 5762 2785 5818 τὸ
2811 5762 2965 5819 εἶναι
2998 5762 3070 5816 τὰ
3094 5758 3309 5815 πάντα.
