  <div class='ocr_page' id='page_1' title='image "/cluster/home/n/w/nwhite01/storage/ocr_20150623/2/nnc1.0114695790/476.png"; bbox 0 0 3822 6218; ppageno 0'>
   <div class='ocr_carea' id='block_1_1' title="bbox 1380 286 2183 346">
    <p class='ocr_par' dir='ltr' id='par_1_1' title="bbox 1380 286 2183 346">
     <span class='ocr_line' id='line_1_1' title="bbox 1380 286 2183 346; baseline 0.002 -3"><span class='ocrx_word' id='word_1_1' title='bbox 1380 286 1672 346; x_wconf 78' lang='lat' dir='ltr'><strong>PASTOR.</strong></span> <span class='ocrx_word' id='word_1_2' title='bbox 1709 318 1782 331; x_wconf 92' lang='lat'><strong><em>—</em></strong></span> <span class='ocrx_word' id='word_1_3' title='bbox 1816 288 2183 346; x_wconf 68' lang='lat' dir='ltr'><strong>PROGZMIA.</strong></span> 
     </span>
    </p>
   </div>
   <div class='ocr_carea' id='block_1_2' title="bbox 1710 406 1877 463">
    <p class='ocr_par' dir='ltr' id='par_1_2' title="bbox 1710 406 1877 463">
     <span class='ocr_line' id='line_1_2' title="bbox 1710 406 1877 463; baseline 0.006 -2"><span class='ocrx_word' id='word_1_4' title='bbox 1710 406 1877 463; x_wconf 78' lang='lat' dir='ltr'><strong>XXII.</strong></span> 
     </span>
    </p>
   </div>
   <div class='ocr_carea' id='block_1_3' title="bbox 303 525 3172 600">
    <p class='ocr_par' dir='ltr' id='par_1_3' title="bbox 303 525 3172 600">
     <span class='ocr_line' id='line_1_3' title="bbox 303 525 3172 600; baseline 0.001 -19"><span class='ocrx_word' id='word_1_5' title='bbox 303 525 582 582; x_wconf 62' lang='lat' dir='ltr'><strong>Seuero:</strong></span> <span class='ocrx_word' id='word_1_6' title='bbox 614 526 746 582; x_wconf 63' lang='lat' dir='ltr'><strong>Vitae</strong></span> <span class='ocrx_word' id='word_1_7' title='bbox 774 526 833 583; x_wconf 93' lang='lat' dir='ltr'><strong>S.</strong></span> <span class='ocrx_word' id='word_1_8' title='bbox 859 526 1171 596; x_wconf 72' lang='lat' dir='ltr'><strong>Genovefm,</strong></span> <span class='ocrx_word' id='word_1_9' title='bbox 1198 544 1317 599; x_wconf 85' lang='lat' dir='ltr'><strong>cap.</strong></span> <span class='ocrx_word' id='word_1_10' title='bbox 1345 544 1420 595; x_wconf 88' lang='lat' dir='ltr'><strong>tv,</strong></span> <span class='ocrx_word' id='word_1_11' title='bbox 1445 546 1596 588; x_wconf 88' lang='lat' dir='ltr'><strong>num.</strong></span> <span class='ocrx_word' id='word_1_12' title='bbox 1620 530 1708 596; x_wconf 70' lang='lat'><strong>15,</strong></span> <span class='ocrx_word' id='word_1_13' title='bbox 1733 530 1876 600; x_wconf 85' lang='lat' dir='ltr'><strong>apud</strong></span> <span class='ocrx_word' id='word_1_14' title='bbox 1906 529 2249 595; x_wconf 89' lang='lat' dir='ltr'><strong>Bollandum,</strong></span> <span class='ocrx_word' id='word_1_15' title='bbox 2284 527 2318 582; x_wconf 80' lang='lat'><strong>&#39;5</strong></span> <span class='ocrx_word' id='word_1_16' title='bbox 2345 527 2622 594; x_wconf 77' lang='lat' dir='ltr'><strong><em>Januarii,</em></strong></span> <span class='ocrx_word' id='word_1_17' title='bbox 2654 536 2780 581; x_wconf 87' lang='lat' dir='ltr'><strong>tom.</strong></span> <span class='ocrx_word' id='word_1_18' title='bbox 2816 527 2855 593; x_wconf 82' lang='grc' dir='ltr'><strong>Ι,</strong></span> <span class='ocrx_word' id='word_1_19' title='bbox 2889 546 3012 600; x_wconf 86' lang='lat' dir='ltr'><strong>pag.</strong></span> <span class='ocrx_word' id='word_1_20' title='bbox 3051 529 3172 586; x_wconf 75' lang='lat'><strong>159.</strong></span> 
     </span>
    </p>
   </div>
   <div class='ocr_carea' id='block_1_4' title="bbox 164 640 3373 726">
    <p class='ocr_par' dir='ltr' id='par_1_4' title="bbox 164 640 3373 726">
     <span class='ocr_line' id='line_1_4' title="bbox 164 640 3373 726; baseline 0.002 -27"><span class='ocrx_word' id='word_1_21' title='bbox 164 643 475 726; x_wconf 70' lang='lat' dir='ltr'><strong>Duodecim</strong></span> <span class='ocrx_word' id='word_1_22' title='bbox 492 641 651 726; x_wconf 65' lang='lat' dir='ltr'><strong>enim</strong></span> <span class='ocrx_word' id='word_1_23' title='bbox 681 643 919 726; x_wconf 80' lang='lat' dir='ltr'><strong>virgines</strong></span> <span class='ocrx_word' id='word_1_24' title='bbox 948 641 1260 726; x_wconf 73' lang='lat' dir='ltr'><strong>spirituales</strong></span> <span class='ocrx_word' id='word_1_25' title='bbox 1280 681 1295 707; x_wconf 95' lang='lat'><strong>,</strong></span> <span class='ocrx_word' id='word_1_26' title='bbox 1326 657 1466 726; x_wconf 71' lang='lat' dir='ltr'><strong>quas</strong></span> <span class='ocrx_word' id='word_1_27' title='bbox 1494 640 1748 725; x_wconf 69' lang='lat' dir='ltr'><strong>Hermas,</strong></span> <span class='ocrx_word' id='word_1_28' title='bbox 1789 640 1884 712; x_wconf 85' lang='lat' dir='ltr'><strong>qui</strong></span> <span class='ocrx_word' id='word_1_29' title='bbox 1925 642 2709 726; x_wconf 32' lang='grc' dir='ltr'><strong>εἰς.Ραετοτηηυιηειιρριυεξει</strong></span> <span class='ocrx_word' id='word_1_30' title='bbox 2728 684 2742 709; x_wconf 91' lang='grc'><em>,</em></span> <span class='ocrx_word' id='word_1_31' title='bbox 2777 646 2830 698; x_wconf 91' lang='lat' dir='ltr'><strong>in</strong></span> <span class='ocrx_word' id='word_1_32' title='bbox 2862 645 3002 700; x_wconf 91' lang='lat' dir='ltr'><strong>libro</strong></span> <span class='ocrx_word' id='word_1_33' title='bbox 3033 663 3136 702; x_wconf 91' lang='lat' dir='ltr'><strong>suo</strong></span> <span class='ocrx_word' id='word_1_34' title='bbox 3160 647 3373 705; x_wconf 81' lang='lat' dir='ltr'><strong>descri-</strong></span> 
     </span>
    </p>
   </div>
   <div class='ocr_carea' id='block_1_5' title="bbox 131 710 3367 796">
    <p class='ocr_par' dir='ltr' id='par_1_5' title="bbox 131 710 3367 796">
     <span class='ocr_line' id='line_1_5' title="bbox 131 710 3367 796; baseline 0 -19"><span class='ocrx_word' id='word_1_35' title='bbox 131 716 224 796; x_wconf 71' lang='lat' dir='ltr'><strong>§it.</strong></span> <span class='ocrx_word' id='word_1_36' title='bbox 251 717 305 796; x_wconf 56' lang='lat' dir='ltr'><strong>gi</strong></span> <span class='ocrx_word' id='word_1_37' title='bbox 330 714 632 796; x_wconf 60' lang='lat' dir='ltr'><strong>individua:</strong></span> <span class='ocrx_word' id='word_1_38' title='bbox 658 710 891 796; x_wconf 63' lang='lat' dir='ltr'><strong>comites</strong></span> <span class='ocrx_word' id='word_1_39' title='bbox 914 710 1483 796; x_wconf 50' lang='lat' dir='ltr'><strong>exstitgl&#39;e;nqu=i§_ila</strong></span> <span class='ocrx_word' id='word_1_40' title='bbox 1514 710 1917 796; x_wconf 42' lang='lat' dir='ltr'><strong>Romiliant&#39;ur‘:</strong></span> <span class='ocrx_word' id='word_1_41' title='bbox 1946 710 2108 795; x_wconf 80' lang='lat' dir='ltr'><strong>Fides</strong></span> <span class='ocrx_word' id='word_1_42' title='bbox 2124 710 2545 796; x_wconf 31' lang='lat' dir='ltr'><strong>,&quot;Abstinen’ti‘a.</strong></span> <span class='ocrx_word' id='word_1_43' title='bbox 2597 712 2896 796; x_wconf 72' lang='lat' dir='ltr'><strong>Patientia,</strong></span> <span class='ocrx_word' id='word_1_44' title='bbox 2943 716 3367 788; x_wconf 69' lang='lat' dir='ltr'><strong>Magnanimitas</strong></span> 
     </span>
    </p>
   </div>
   <div class='ocr_carea' id='block_1_6' title="bbox 94 780 3361 927">
    <p class='ocr_par' dir='ltr' id='par_1_6' title="bbox 94 780 3361 927">
     <span class='ocr_line' id='line_1_6' title="bbox 94 780 3361 927; baseline 0.002 -88"><span class='ocrx_word' id='word_1_45' title='bbox 94 780 828 927; x_wconf 50' lang='lat' dir='ltr'><strong>§;;;’pli2tz’it:§,el‘tt‘tgzentia,</strong></span> <span class='ocrx_word' id='word_1_46' title='bbox 850 781 1180 852; x_wconf 80' lang='lat' dir='ltr'><strong>Concordia,</strong></span> <span class='ocrx_word' id='word_1_47' title='bbox 1210 780 1487 851; x_wconf 75' lang='lat' dir='ltr'><strong>Charitas,</strong></span> <span class='ocrx_word' id='word_1_48' title='bbox 1514 781 1836 854; x_wconf 88' lang='lat' dir='ltr'><strong>Disciplina,</strong></span> <span class='ocrx_word' id='word_1_49' title='bbox 1857 782 2116 850; x_wconf 88' lang='lat' dir='ltr'><strong>Castitas,</strong></span> <span class='ocrx_word' id='word_1_50' title='bbox 2150 780 2365 839; x_wconf 86' lang='lat' dir='ltr'><strong>Veritas</strong></span> <span class='ocrx_word' id='word_1_51' title='bbox 2390 792 2445 839; x_wconf 90' lang='lat' dir='ltr'><strong>et</strong></span> <span class='ocrx_word' id='word_1_52' title='bbox 2468 784 2784 840; x_wconf 74' lang='lat' dir='ltr'><strong>Prudentia.</strong></span> <span class='ocrx_word' id='word_1_53' title='bbox 2820 785 2943 842; x_wconf 82' lang='lat' dir='ltr'><strong>Lib.</strong></span> <span class='ocrx_word' id='word_1_54' title='bbox 2970 780 3061 850; x_wconf 79' lang='grc' dir='ltr'><strong>ιιιῖ</strong></span> <span class='ocrx_word' id='word_1_55' title='bbox 3086 790 3252 844; x_wconf 80' lang='lat' dir='ltr'><strong>simil.</strong></span> <span class='ocrx_word' id='word_1_56' title='bbox 3282 807 3361 855; x_wconf 79' lang='lat' dir='ltr'><strong>ix,</strong></span> 
     </span>
    </p>
   </div>
   <div class='ocr_carea' id='block_1_7' title="bbox 3276 290 3376 354">
    <p class='ocr_par' dir='ltr' id='par_1_7' title="bbox 3276 290 3376 354">
     <span class='ocr_line' id='line_1_7' title="bbox 3276 290 3376 354; baseline 0.06 -7"><span class='ocrx_word' id='word_1_57' title='bbox 3276 290 3376 354; x_wconf 68' lang='grc'><strong>834</strong></span> 
     </span>
    </p>
   </div>
   <div class='ocr_carea' id='block_1_8' title="bbox 1694 942 1887 1000">
    <p class='ocr_par' dir='ltr' id='par_1_8' title="bbox 1694 942 1887 1000">
     <span class='ocr_line' id='line_1_8' title="bbox 1694 942 1887 1000; baseline 0.005 -1"><span class='ocrx_word' id='word_1_58' title='bbox 1694 942 1887 1000; x_wconf 72' lang='lat' dir='ltr'><strong>XXIII.</strong></span> 
     </span>
    </p>
   </div>
   <div class='ocr_carea' id='block_1_9' title="bbox 1162 1054 2317 1129">
    <p class='ocr_par' dir='ltr' id='par_1_9' title="bbox 1162 1054 2317 1129">
     <span class='ocr_line' id='line_1_9' title="bbox 1162 1054 2317 1129; baseline -0.003 -15"><span class='ocrx_word' id='word_1_59' title='bbox 1162 1054 1397 1115; x_wconf 62' lang='grc' dir='ltr'>ἔσηπε</span> <span class='ocrx_word' id='word_1_60' title='bbox 1417 1056 1876 1126; x_wconf 71' lang='lat' dir='ltr'><strong>Smtsssmsusrs,</strong></span> <span class='ocrx_word' id='word_1_61' title='bbox 1915 1056 2103 1129; x_wconf 87' lang='lat' dir='ltr'><strong>Episto</strong></span> <span class='ocrx_word' id='word_1_62' title='bbox 2113 1056 2169 1112; x_wconf 94' lang='lat' dir='ltr'><strong>la</strong></span> <span class='ocrx_word' id='word_1_63' title='bbox 2192 1056 2317 1113; x_wconf 71' lang='grc'><strong>172.</strong></span> 
     </span>
    </p>
   </div>
   <div class='ocr_carea' id='block_1_10' title="bbox 164 1170 3365 1252">
    <p class='ocr_par' dir='ltr' id='par_1_10' title="bbox 164 1170 3365 1252">
     <span class='ocr_line' id='line_1_10' title="bbox 164 1170 3365 1252; baseline -0.001 -15"><span class='ocrx_word' id='word_1_64' title='bbox 164 1180 328 1239; x_wconf 90' lang='lat' dir='ltr'><strong>Liber</strong></span> <span class='ocrx_word' id='word_1_65' title='bbox 358 1197 497 1239; x_wconf 88' lang='lat' dir='ltr'><strong>vero</strong></span> <span class='ocrx_word' id='word_1_66' title='bbox 522 1176 819 1252; x_wconf 67' lang='lat' dir='ltr'><strong>Sapientia:</strong></span> <span class='ocrx_word' id='word_1_67' title='bbox 840 1182 907 1252; x_wconf 86' lang='lat' dir='ltr'><strong>_e_t</strong></span> <span class='ocrx_word' id='word_1_68' title='bbox 930 1170 1372 1252; x_wconf 59' lang='lat' dir='ltr'><strong>[siccitasiasticus1</strong></span> <span class='ocrx_word' id='word_1_69' title='bbox 1395 1170 1584 1252; x_wconf 80' lang='lat' dir='ltr'><strong>Judith</strong></span> <span class='ocrx_word' id='word_1_70' title='bbox 1603 1213 1618 1237; x_wconf 93' lang='lat'><strong>,</strong></span> <span class='ocrx_word' id='word_1_71' title='bbox 1652 1172 1855 1252; x_wconf 79' lang='lat' dir='ltr'><strong>Tobias</strong></span> <span class='ocrx_word' id='word_1_72' title='bbox 1875 1182 1930 1229; x_wconf 84' lang='lat' dir='ltr'><strong>et</strong></span> <span class='ocrx_word' id='word_1_73' title='bbox 1957 1174 2175 1252; x_wconf 73' lang='lat' dir='ltr'><strong>Pastor,</strong></span> <span class='ocrx_word' id='word_1_74' title='bbox 2204 1183 2263 1252; x_wconf 79' lang='lat' dir='ltr'><strong>ut</strong></span> <span class='ocrx_word' id='word_1_75' title='bbox 2291 1172 2433 1252; x_wconf 84' lang='lat' dir='ltr'><strong>idem</strong></span> <span class='ocrx_word' id='word_1_76' title='bbox 2459 1173 2828 1252; x_wconf 75' lang='lat' dir='ltr'><strong>Hieronymus</strong></span> <span class='ocrx_word' id='word_1_77' title='bbox 2865 1176 3084 1244; x_wconf 76' lang='lat' dir='ltr'><strong>asserit,</strong></span> <span class='ocrx_word' id='word_1_78' title='bbox 3119 1195 3227 1234; x_wconf 90' lang='lat' dir='ltr'><strong>non</strong></span> <span class='ocrx_word' id='word_1_79' title='bbox 3274 1195 3365 1235; x_wconf 84' lang='lat' dir='ltr'><strong>re-</strong></span> 
     </span>
    </p>
   </div>
   <div class='ocr_carea' id='block_1_11' title="bbox 96 1242 3356 1377">
    <p class='ocr_par' dir='ltr' id='par_1_11' title="bbox 96 1242 3356 1377">
     <span class='ocr_line' id='line_1_11' title="bbox 96 1242 3356 1377; baseline 0 -72"><span class='ocrx_word' id='word_1_80' title='bbox 96 1263 355 1377; x_wconf 64' lang='lat' dir='ltr'><strong>putantur</strong></span> <span class='ocrx_word' id='word_1_81' title='bbox 386 1256 445 1309; x_wconf 91' lang='lat' dir='ltr'><strong>in</strong></span> <span class='ocrx_word' id='word_1_82' title='bbox 472 1242 715 1308; x_wconf 72' lang='lat' dir='ltr'><strong>Canéne.</strong></span> <span class='ocrx_word' id='word_1_83' title='bbox 740 1278 816 1331; x_wconf 63' lang='lat'><strong>:—</strong></span> <span class='ocrx_word' id='word_1_84' title='bbox 840 1247 933 1302; x_wconf 92' lang='lat' dir='ltr'><strong>Ille</strong></span> <span class='ocrx_word' id='word_1_85' title='bbox 960 1252 1154 1328; x_wconf 63' lang='lat' dir='ltr'><strong>autem</strong></span> <span class='ocrx_word' id='word_1_86' title='bbox 1186 1244 1281 1313; x_wconf 90' lang='lat' dir='ltr'><strong>qui</strong></span> <span class='ocrx_word' id='word_1_87' title='bbox 1325 1242 1526 1324; x_wconf 45' lang='lat' dir='ltr'><strong>.Pastor</strong></span> <span class='ocrx_word' id='word_1_88' title='bbox 1565 1243 1889 1299; x_wconf 76' lang='lat' dir='ltr'><strong>inscribitur</strong></span> <span class='ocrx_word' id='word_1_89' title='bbox 1949 1261 2020 1301; x_wconf 89' lang='lat' dir='ltr'><strong>an</strong></span> <span class='ocrx_word' id='word_1_90' title='bbox 2060 1244 2263 1301; x_wconf 87' lang='lat' dir='ltr'><strong>alicubi</strong></span> <span class='ocrx_word' id='word_1_91' title='bbox 2308 1246 2402 1313; x_wconf 87' lang='lat' dir='ltr'><strong>sit,</strong></span> <span class='ocrx_word' id='word_1_92' title='bbox 2431 1246 2620 1302; x_wconf 89' lang='lat' dir='ltr'><strong>nescio</strong></span> <span class='ocrx_word' id='word_1_93' title='bbox 2645 1242 2790 1302; x_wconf 58' lang='lat' dir='ltr'><strong>{sed</strong></span> <span class='ocrx_word' id='word_1_94' title='bbox 2819 1256 3031 1303; x_wconf 90' lang='lat' dir='ltr'><strong>certum</strong></span> <span class='ocrx_word' id='word_1_95' title='bbox 3071 1242 3180 1315; x_wconf 85' lang='lat' dir='ltr'><strong>est,</strong></span> <span class='ocrx_word' id='word_1_96' title='bbox 3208 1250 3356 1321; x_wconf 90' lang='lat' dir='ltr'><strong>quod</strong></span> 
     </span>
     <span class='ocr_line' id='line_1_12' title="bbox 120 1314 1849 1377; baseline -0.006 0"><span class='ocrx_word' id='word_1_97' title='bbox 120 1324 468 1377; x_wconf 85' lang='lat' dir='ltr'><strong>heronvmus</strong></span> <span class='ocrx_word' id='word_1_98' title='bbox 493 1331 548 1377; x_wconf 87' lang='lat' dir='ltr'><strong>et</strong></span> <span class='ocrx_word' id='word_1_99' title='bbox 570 1322 714 1377; x_wconf 83' lang='lat' dir='ltr'><strong>Beda</strong></span> <span class='ocrx_word' id='word_1_100' title='bbox 741 1319 895 1374; x_wconf 79' lang='lat' dir='ltr'><strong>illum</strong></span> <span class='ocrx_word' id='word_1_101' title='bbox 922 1316 1129 1372; x_wconf 80' lang='lat' dir='ltr'><strong>vidisse</strong></span> <span class='ocrx_word' id='word_1_102' title='bbox 1151 1322 1207 1370; x_wconf 90' lang='lat' dir='ltr'><strong>et</strong></span> <span class='ocrx_word' id='word_1_103' title='bbox 1236 1314 1435 1377; x_wconf 79' lang='lat' dir='ltr'><strong>legisse</strong></span> <span class='ocrx_word' id='word_1_104' title='bbox 1465 1328 1527 1370; x_wconf 90' lang='lat' dir='ltr'><strong>se</strong></span> <span class='ocrx_word' id='word_1_105' title='bbox 1554 1322 1849 1370; x_wconf 86' lang='lat' dir='ltr'><strong>testantur.</strong></span> 
     </span>
    </p>
   </div>
   <div class='ocr_carea' id='block_1_12' title="bbox 120 1314 1849 1398">
    <p class='ocr_par' dir='ltr' id='par_1_12' title="bbox 120 1314 1849 1398">
     <span class='ocr_line' id='line_1_13' title="bbox 120 1314 1849 1398; baseline -0.005 -22"><span class='ocrx_word' id='word_1_106' title='bbox 120 1324 468 1398; x_wconf 85' lang='lat' dir='ltr'><strong>lieronymus</strong></span> <span class='ocrx_word' id='word_1_107' title='bbox 493 1331 548 1380; x_wconf 87' lang='lat' dir='ltr'><strong>et</strong></span> <span class='ocrx_word' id='word_1_108' title='bbox 570 1322 714 1378; x_wconf 83' lang='lat' dir='ltr'><strong>Beda</strong></span> <span class='ocrx_word' id='word_1_109' title='bbox 741 1319 895 1374; x_wconf 90' lang='lat' dir='ltr'><strong>illum</strong></span> <span class='ocrx_word' id='word_1_110' title='bbox 922 1315 1129 1372; x_wconf 82' lang='lat' dir='ltr'><strong>vidisse</strong></span> <span class='ocrx_word' id='word_1_111' title='bbox 1151 1322 1207 1370; x_wconf 90' lang='lat' dir='ltr'><strong>et</strong></span> <span class='ocrx_word' id='word_1_112' title='bbox 1236 1314 1435 1385; x_wconf 81' lang='lat' dir='ltr'><strong>legisse</strong></span> <span class='ocrx_word' id='word_1_113' title='bbox 1465 1328 1527 1370; x_wconf 90' lang='lat' dir='ltr'><strong>se</strong></span> <span class='ocrx_word' id='word_1_114' title='bbox 1554 1322 1849 1370; x_wconf 86' lang='lat' dir='ltr'><strong>testantur.</strong></span> 
     </span>
    </p>
   </div>
   <div class='ocr_carea' id='block_1_13' title="bbox 116 1520 3353 1551">
    <p class='ocr_par' dir='ltr' id='par_1_13' title="bbox 116 1520 3353 1551">
     <span class='ocr_line' id='line_1_14' title="bbox 116 1520 3353 1551; baseline -0.006 -7"><span class='ocrx_word' id='word_1_115' title='bbox 116 1520 3353 1551; x_wconf 68' lang='lat'><strong>_.________.___._—_—_—_—.——_____—_____</strong></span> 
     </span>
    </p>
   </div>
   <div class='ocr_carea' id='block_1_14' title="bbox 1267 1672 2218 1790">
    <p class='ocr_par' dir='ltr' id='par_1_14' title="bbox 1267 1672 2218 1790">
     <span class='ocr_line' id='line_1_15' title="bbox 1267 1672 2218 1790; baseline 0.002 -2"><span class='ocrx_word' id='word_1_116' title='bbox 1267 1672 2218 1790; x_wconf 84' lang='lat' dir='ltr'><strong>DISSERTATIO</strong></span> 
     </span>
    </p>
   </div>
   <div class='ocr_carea' id='block_1_15' title="bbox 509 1900 2916 1998">
    <p class='ocr_par' dir='ltr' id='par_1_15' title="bbox 509 1900 2916 1998">
     <span class='ocr_line' id='line_1_16' title="bbox 509 1900 2916 1998; baseline -0 -8"><span class='ocrx_word' id='word_1_117' title='bbox 509 1902 657 1993; x_wconf 88' lang='lat' dir='ltr'><strong>DE</strong></span> <span class='ocrx_word' id='word_1_118' title='bbox 727 1902 1017 1998; x_wconf 83' lang='lat' dir='ltr'><strong>VITA</strong></span> <span class='ocrx_word' id='word_1_119' title='bbox 1089 1902 1243 1994; x_wconf 92' lang='lat' dir='ltr'><strong>ET</strong></span> <span class='ocrx_word' id='word_1_120' title='bbox 1309 1901 1847 1994; x_wconf 81' lang='lat' dir='ltr'><strong>SCRIPTIS</strong></span> <span class='ocrx_word' id='word_1_121' title='bbox 1918 1900 2339 1993; x_wconf 77' lang='lat' dir='ltr'><strong>SANCTI</strong></span> <span class='ocrx_word' id='word_1_122' title='bbox 2414 1900 2916 1991; x_wconf 65' lang='lat' dir='ltr'><strong>HERMIE.</strong></span> 
     </span>
    </p>
   </div>
   <div class='ocr_carea' id='block_1_16' title="bbox 831 2100 2588 2177">
    <p class='ocr_par' dir='ltr' id='par_1_16' title="bbox 831 2100 2588 2177">
     <span class='ocr_line' id='line_1_17' title="bbox 831 2100 2588 2177; baseline -0.003 -17"><span class='ocrx_word' id='word_1_123' title='bbox 831 2104 851 2175; x_wconf 95' lang='lat'><strong>(</strong></span> <span class='ocrx_word' id='word_1_124' title='bbox 880 2103 944 2160; x_wconf 93' lang='lat' dir='ltr'><strong>D.</strong></span> <span class='ocrx_word' id='word_1_125' title='bbox 980 2104 1056 2162; x_wconf 84' lang='lat' dir='ltr'><strong>Le</strong></span> <span class='ocrx_word' id='word_1_126' title='bbox 1099 2103 1347 2173; x_wconf 68' lang='lat' dir='ltr'><strong>Noua“,</strong></span> <span class='ocrx_word' id='word_1_127' title='bbox 1391 2105 1700 2177; x_wconf 73' lang='lat' dir='ltr'><strong>Apparatus</strong></span> <span class='ocrx_word' id='word_1_128' title='bbox 1745 2103 1816 2159; x_wconf 85' lang='lat' dir='ltr'><strong>ad</strong></span> <span class='ocrx_word' id='word_1_129' title='bbox 1842 2101 2155 2158; x_wconf 81' lang='lat' dir='ltr'><strong>Bibliothec.</strong></span> <span class='ocrx_word' id='word_1_130' title='bbox 2183 2117 2360 2169; x_wconf 51' lang='lat' dir='ltr'><strong>manu,</strong></span> <span class='ocrx_word' id='word_1_131' title='bbox 2388 2117 2449 2173; x_wconf 90' lang='lat' dir='ltr'><strong>p.</strong></span> <span class='ocrx_word' id='word_1_132' title='bbox 2472 2100 2588 2173; x_wconf 72' lang='grc'><strong>47.)</strong></span> 
     </span>
    </p>
   </div>
   <div class='ocr_carea' id='block_1_17' title="bbox 647 2246 1129 2305">
    <p class='ocr_par' dir='ltr' id='par_1_17' title="bbox 647 2246 1129 2305">
     <span class='ocr_line' id='line_1_18' title="bbox 647 2246 1129 2305; baseline 0.006 -4"><span class='ocrx_word' id='word_1_133' title='bbox 647 2246 1048 2305; x_wconf 78' lang='lat' dir='ltr'><strong>ARTICULUS</strong></span> <span class='ocrx_word' id='word_1_134' title='bbox 1083 2248 1129 2304; x_wconf 92' lang='lat' dir='ltr'><strong>I.</strong></span> 
     </span>
    </p>
   </div>
   <div class='ocr_carea' id='block_1_18' title="bbox 167 2359 1605 2431">
    <p class='ocr_par' dir='ltr' id='par_1_18' title="bbox 167 2359 1605 2431">
     <span class='ocr_line' id='line_1_19' title="bbox 167 2359 1605 2431; baseline 0.003 -18"><span class='ocrx_word' id='word_1_135' title='bbox 167 2359 419 2431; x_wconf 78' lang='lat' dir='ltr'><strong>Analysis</strong></span> <span class='ocrx_word' id='word_1_136' title='bbox 456 2362 630 2431; x_wconf 87' lang='lat' dir='ltr'><strong>operis</strong></span> <span class='ocrx_word' id='word_1_137' title='bbox 648 2360 708 2417; x_wconf 90' lang='lat' dir='ltr'><strong>S.</strong></span> <span class='ocrx_word' id='word_1_138' title='bbox 743 2361 958 2419; x_wconf 66' lang='lat' dir='ltr'><strong>Hermi:</strong></span> <span class='ocrx_word' id='word_1_139' title='bbox 977 2364 1065 2419; x_wconf 86' lang='lat' dir='ltr'><strong>cui</strong></span> <span class='ocrx_word' id='word_1_140' title='bbox 1096 2364 1284 2419; x_wconf 75' lang='lat' dir='ltr'><strong>titulus</strong></span> <span class='ocrx_word' id='word_1_141' title='bbox 1313 2380 1333 2417; x_wconf 87' lang='lat'><strong><em>:</em></strong></span> <span class='ocrx_word' id='word_1_142' title='bbox 1365 2363 1605 2420; x_wconf 70' lang='lat' dir='ltr'><strong>Pssroa.</strong></span> 
     </span>
    </p>
   </div>
   <div class='ocr_carea' id='block_1_19' title="bbox 168 2474 1684 2552">
    <p class='ocr_par' dir='ltr' id='par_1_19' title="bbox 168 2474 1684 2552">
     <span class='ocr_line' id='line_1_20' title="bbox 168 2474 1684 2552; baseline 0.003 -24"><span class='ocrx_word' id='word_1_143' title='bbox 168 2474 373 2533; x_wconf 76' lang='grc' dir='ltr'><strong>Ριιιιυε</strong></span> <span class='ocrx_word' id='word_1_144' title='bbox 402 2477 573 2549; x_wconf 90' lang='lat' dir='ltr'><strong>hujus</strong></span> <span class='ocrx_word' id='word_1_145' title='bbox 596 2479 777 2550; x_wconf 86' lang='lat' dir='ltr'><strong>operis</strong></span> <span class='ocrx_word' id='word_1_146' title='bbox 805 2480 945 2536; x_wconf 90' lang='lat' dir='ltr'><strong>liber</strong></span> <span class='ocrx_word' id='word_1_147' title='bbox 978 2480 1033 2536; x_wconf 92' lang='lat' dir='ltr'><strong>in</strong></span> <span class='ocrx_word' id='word_1_148' title='bbox 1069 2490 1308 2552; x_wconf 82' lang='lat' dir='ltr'><strong>quatuor</strong></span> <span class='ocrx_word' id='word_1_149' title='bbox 1329 2480 1572 2536; x_wconf 85' lang='lat' dir='ltr'><strong>visiones</strong></span> <span class='ocrx_word' id='word_1_150' title='bbox 1598 2479 1684 2535; x_wconf 86' lang='lat' dir='ltr'><strong>di-</strong></span> 
     </span>
    </p>
   </div>
   <div class='ocr_carea' id='block_1_20' title="bbox 105 2568 1682 2642">
    <p class='ocr_par' dir='ltr' id='par_1_20' title="bbox 105 2568 1682 2642">
     <span class='ocr_line' id='line_1_21' title="bbox 105 2568 1682 2642; baseline 0.004 -21"><span class='ocrx_word' id='word_1_151' title='bbox 105 2568 407 2623; x_wconf 87' lang='lat' dir='ltr'><strong>stribuitur.</strong></span> <span class='ocrx_word' id='word_1_152' title='bbox 453 2569 513 2625; x_wconf 88' lang='lat' dir='ltr'><strong>In</strong></span> <span class='ocrx_word' id='word_1_153' title='bbox 542 2573 717 2642; x_wconf 91' lang='lat' dir='ltr'><strong>prima</strong></span> <span class='ocrx_word' id='word_1_154' title='bbox 758 2581 952 2629; x_wconf 82' lang='lat' dir='ltr'><strong>auctor</strong></span> <span class='ocrx_word' id='word_1_155' title='bbox 979 2574 1266 2630; x_wconf 87' lang='lat' dir='ltr'><strong>mulierem</strong></span> <span class='ocrx_word' id='word_1_156' title='bbox 1298 2573 1352 2627; x_wconf 92' lang='lat' dir='ltr'><strong>in</strong></span> <span class='ocrx_word' id='word_1_157' title='bbox 1382 2572 1567 2629; x_wconf 87' lang='lat' dir='ltr'><strong>Tiberi</strong></span> <span class='ocrx_word' id='word_1_158' title='bbox 1598 2572 1682 2627; x_wconf 86' lang='lat' dir='ltr'><strong>la-</strong></span> 
     </span>
    </p>
   </div>
   <div class='ocr_carea' id='block_1_21' title="bbox 107 2664 1682 2738">
    <p class='ocr_par' dir='ltr' id='par_1_21' title="bbox 107 2664 1682 2738">
     <span class='ocr_line' id='line_1_22' title="bbox 107 2664 1682 2738; baseline 0.006 -26"><span class='ocrx_word' id='word_1_159' title='bbox 107 2670 313 2717; x_wconf 86' lang='lat' dir='ltr'><strong>vantem</strong></span> <span class='ocrx_word' id='word_1_160' title='bbox 340 2679 401 2719; x_wconf 89' lang='lat' dir='ltr'><strong>se</strong></span> <span class='ocrx_word' id='word_1_161' title='bbox 426 2664 636 2720; x_wconf 75' lang='lat' dir='ltr'><strong>vidisse</strong></span> <span class='ocrx_word' id='word_1_162' title='bbox 659 2666 769 2732; x_wconf 87' lang='lat' dir='ltr'><strong>ait;</strong></span> <span class='ocrx_word' id='word_1_163' title='bbox 804 2667 964 2737; x_wconf 91' lang='lat' dir='ltr'><strong>cujus</strong></span> <span class='ocrx_word' id='word_1_164' title='bbox 989 2668 1213 2738; x_wconf 91' lang='lat' dir='ltr'><strong>quidem</strong></span> <span class='ocrx_word' id='word_1_165' title='bbox 1247 2665 1427 2722; x_wconf 80' lang='lat' dir='ltr'><strong>forma</strong></span> <span class='ocrx_word' id='word_1_166' title='bbox 1465 2676 1682 2736; x_wconf 90' lang='lat' dir='ltr'><strong>captus,</strong></span> 
     </span>
    </p>
   </div>
   <div class='ocr_carea' id='block_1_22' title="bbox 107 2754 1687 2828">
    <p class='ocr_par' dir='ltr' id='par_1_22' title="bbox 107 2754 1687 2828">
     <span class='ocr_line' id='line_1_23' title="bbox 107 2754 1687 2828; baseline 0.004 -23"><span class='ocrx_word' id='word_1_167' title='bbox 107 2766 224 2806; x_wconf 90' lang='lat' dir='ltr'><strong>cum</strong></span> <span class='ocrx_word' id='word_1_168' title='bbox 264 2768 503 2809; x_wconf 80' lang='lat' dir='ltr'><strong>uxorem</strong></span> <span class='ocrx_word' id='word_1_169' title='bbox 532 2754 581 2809; x_wconf 86' lang='lat' dir='ltr'><strong>ei</strong></span> <span class='ocrx_word' id='word_1_170' title='bbox 619 2754 852 2812; x_wconf 91' lang='lat' dir='ltr'><strong>similem</strong></span> <span class='ocrx_word' id='word_1_171' title='bbox 880 2757 1305 2828; x_wconf 83' lang='lat' dir='ltr'><strong>concupivisset,</strong></span> <span class='ocrx_word' id='word_1_172' title='bbox 1337 2756 1463 2812; x_wconf 87' lang='lat' dir='ltr'><strong>inde</strong></span> <span class='ocrx_word' id='word_1_173' title='bbox 1490 2757 1560 2811; x_wconf 91' lang='lat' dir='ltr'><strong>ab</strong></span> <span class='ocrx_word' id='word_1_174' title='bbox 1593 2771 1687 2811; x_wconf 89' lang='lat' dir='ltr'><strong>ea-</strong></span> 
     </span>
    </p>
   </div>
   <div class='ocr_carea' id='block_1_23' title="bbox 109 2843 1684 2919">
    <p class='ocr_par' dir='ltr' id='par_1_23' title="bbox 109 2843 1684 2919">
     <span class='ocr_line' id='line_1_24' title="bbox 109 2843 1684 2919; baseline 0.004 -23"><span class='ocrx_word' id='word_1_175' title='bbox 109 2843 220 2897; x_wconf 93' lang='lat' dir='ltr'><strong>dem</strong></span> <span class='ocrx_word' id='word_1_176' title='bbox 251 2846 508 2912; x_wconf 87' lang='lat' dir='ltr'><strong>muliere,</strong></span> <span class='ocrx_word' id='word_1_177' title='bbox 544 2847 759 2918; x_wconf 90' lang='lat' dir='ltr'><strong>aliaque</strong></span> <span class='ocrx_word' id='word_1_178' title='bbox 785 2848 1002 2903; x_wconf 88' lang='lat' dir='ltr'><strong>seniore</strong></span> <span class='ocrx_word' id='word_1_179' title='bbox 1027 2856 1313 2919; x_wconf 88' lang='lat' dir='ltr'><strong>correptus</strong></span> <span class='ocrx_word' id='word_1_180' title='bbox 1339 2856 1440 2903; x_wconf 87' lang='lat' dir='ltr'><strong>est.</strong></span> <span class='ocrx_word' id='word_1_181' title='bbox 1473 2846 1684 2902; x_wconf 81' lang='lat' dir='ltr'><strong>Exinde</strong></span> 
     </span>
    </p>
   </div>
   <div class='ocr_carea' id='block_1_24' title="bbox 109 2936 1684 3011">
    <p class='ocr_par' dir='ltr' id='par_1_24' title="bbox 109 2936 1684 3011">
     <span class='ocr_line' id='line_1_25' title="bbox 109 2936 1684 3011; baseline 0.003 -22"><span class='ocrx_word' id='word_1_182' title='bbox 109 2936 353 3004; x_wconf 77' lang='lat' dir='ltr'><strong>patefacit</strong></span> <span class='ocrx_word' id='word_1_183' title='bbox 380 2937 658 3008; x_wconf 85' lang='lat' dir='ltr'><strong>ejusmodi</strong></span> <span class='ocrx_word' id='word_1_184' title='bbox 700 2941 964 3010; x_wconf 87' lang='lat' dir='ltr'><strong>cogitata,</strong></span> <span class='ocrx_word' id='word_1_185' title='bbox 997 2953 1120 3011; x_wconf 67' lang='lat' dir='ltr'><strong>qua</strong></span> <span class='ocrx_word' id='word_1_186' title='bbox 1159 2940 1386 2995; x_wconf 89' lang='lat' dir='ltr'><strong>minime</strong></span> <span class='ocrx_word' id='word_1_187' title='bbox 1418 2940 1562 2995; x_wconf 90' lang='lat' dir='ltr'><strong>mala</strong></span> <span class='ocrx_word' id='word_1_188' title='bbox 1598 2938 1684 2993; x_wconf 86' lang='lat' dir='ltr'><strong>vi-</strong></span> 
     </span>
    </p>
   </div>
   <div class='ocr_carea' id='block_1_25' title="bbox 112 3030 1683 3103">
    <p class='ocr_par' dir='ltr' id='par_1_25' title="bbox 112 3030 1683 3103">
     <span class='ocr_line' id='line_1_26' title="bbox 112 3030 1683 3103; baseline 0.004 -22"><span class='ocrx_word' id='word_1_189' title='bbox 112 3030 320 3094; x_wconf 83' lang='lat' dir='ltr'><strong>dentur,</strong></span> <span class='ocrx_word' id='word_1_190' title='bbox 347 3031 662 3101; x_wconf 88' lang='lat' dir='ltr'><strong>periculosa</strong></span> <span class='ocrx_word' id='word_1_191' title='bbox 691 3047 834 3100; x_wconf 87' lang='lat' dir='ltr'><strong>esse,</strong></span> <span class='ocrx_word' id='word_1_192' title='bbox 860 3048 963 3089; x_wconf 90' lang='lat' dir='ltr'><strong>nec</strong></span> <span class='ocrx_word' id='word_1_193' title='bbox 994 3033 1245 3088; x_wconf 89' lang='lat' dir='ltr'><strong>criminis</strong></span> <span class='ocrx_word' id='word_1_194' title='bbox 1270 3033 1540 3103; x_wconf 83' lang='lat' dir='ltr'><strong>expertia.</strong></span> <span class='ocrx_word' id='word_1_195' title='bbox 1573 3034 1683 3088; x_wconf 88' lang='lat' dir='ltr'><strong>Ar-</strong></span> 
     </span>
    </p>
   </div>
   <div class='ocr_carea' id='block_1_26' title="bbox 115 3124 1685 3195">
    <p class='ocr_par' dir='ltr' id='par_1_26' title="bbox 115 3124 1685 3195">
     <span class='ocr_line' id='line_1_27' title="bbox 115 3124 1685 3195; baseline 0 -18"><span class='ocrx_word' id='word_1_196' title='bbox 115 3125 291 3192; x_wconf 82' lang='lat' dir='ltr'><strong>guitur</strong></span> <span class='ocrx_word' id='word_1_197' title='bbox 321 3124 556 3195; x_wconf 84' lang='lat' dir='ltr'><strong>insuper</strong></span> <span class='ocrx_word' id='word_1_198' title='bbox 608 3125 756 3195; x_wconf 92' lang='lat' dir='ltr'><strong>quod</strong></span> <span class='ocrx_word' id='word_1_199' title='bbox 797 3133 1091 3195; x_wconf 87' lang='lat' dir='ltr'><strong>peccantes</strong></span> <span class='ocrx_word' id='word_1_200' title='bbox 1123 3125 1265 3181; x_wconf 86' lang='lat' dir='ltr'><strong>tilios</strong></span> <span class='ocrx_word' id='word_1_201' title='bbox 1296 3140 1428 3181; x_wconf 87' lang='lat' dir='ltr'><strong>suos</strong></span> <span class='ocrx_word' id='word_1_202' title='bbox 1449 3165 1465 3190; x_wconf 93' lang='lat'><strong>,</strong></span> <span class='ocrx_word' id='word_1_203' title='bbox 1498 3133 1559 3180; x_wconf 90' lang='lat' dir='ltr'><strong>ut</strong></span> <span class='ocrx_word' id='word_1_204' title='bbox 1585 3139 1685 3195; x_wconf 86' lang='lat' dir='ltr'><strong>par</strong></span> 
     </span>
    </p>
   </div>
   <div class='ocr_carea' id='block_1_27' title="bbox 110 3217 1682 3288">
    <p class='ocr_par' dir='ltr' id='par_1_27' title="bbox 110 3217 1682 3288">
     <span class='ocr_line' id='line_1_28' title="bbox 110 3217 1682 3288; baseline 0.003 -20"><span class='ocrx_word' id='word_1_205' title='bbox 110 3225 242 3280; x_wconf 81' lang='lat' dir='ltr'><strong>erat,</strong></span> <span class='ocrx_word' id='word_1_206' title='bbox 280 3232 389 3272; x_wconf 92' lang='lat' dir='ltr'><strong>non</strong></span> <span class='ocrx_word' id='word_1_207' title='bbox 435 3217 850 3284; x_wconf 77' lang='lat' dir='ltr'><strong>emendaverit;</strong></span> <span class='ocrx_word' id='word_1_208' title='bbox 902 3226 958 3273; x_wconf 90' lang='lat' dir='ltr'><strong>et</strong></span> <span class='ocrx_word' id='word_1_209' title='bbox 995 3217 1127 3288; x_wconf 90' lang='lat' dir='ltr'><strong>quid</strong></span> <span class='ocrx_word' id='word_1_210' title='bbox 1170 3218 1238 3272; x_wconf 90' lang='lat' dir='ltr'><strong>ad</strong></span> <span class='ocrx_word' id='word_1_211' title='bbox 1269 3218 1489 3287; x_wconf 84' lang='lat' dir='ltr'><strong>culpam</strong></span> <span class='ocrx_word' id='word_1_212' title='bbox 1536 3217 1682 3273; x_wconf 89' lang='lat' dir='ltr'><strong>hanc</strong></span> 
     </span>
    </p>
   </div>
   <div class='ocr_carea' id='block_1_28' title="bbox 114 3306 1682 3379">
    <p class='ocr_par' dir='ltr' id='par_1_28' title="bbox 114 3306 1682 3379">
     <span class='ocr_line' id='line_1_29' title="bbox 114 3306 1682 3379; baseline 0.001 -19"><span class='ocrx_word' id='word_1_213' title='bbox 114 3306 386 3363; x_wconf 88' lang='lat' dir='ltr'><strong>eluendam</strong></span> <span class='ocrx_word' id='word_1_214' title='bbox 412 3307 785 3379; x_wconf 60' lang='lat' dir='ltr'><strong>praestandum</strong></span> <span class='ocrx_word' id='word_1_215' title='bbox 818 3307 978 3376; x_wconf 80' lang='lat' dir='ltr'><strong>foret,</strong></span> <span class='ocrx_word' id='word_1_216' title='bbox 1004 3308 1251 3364; x_wconf 89' lang='lat' dir='ltr'><strong>docetur.</strong></span> <span class='ocrx_word' id='word_1_217' title='bbox 1279 3307 1568 3363; x_wconf 63' lang='lat' dir='ltr'><strong>.‘Edilicata</strong></span> <span class='ocrx_word' id='word_1_218' title='bbox 1588 3308 1682 3362; x_wconf 87' lang='lat' dir='ltr'><strong>de-</strong></span> 
     </span>
    </p>
   </div>
   <div class='ocr_carea' id='block_1_29' title="bbox 117 3399 1681 3472">
    <p class='ocr_par' dir='ltr' id='par_1_29' title="bbox 117 3399 1681 3472">
     <span class='ocr_line' id='line_1_30' title="bbox 117 3399 1681 3472; baseline 0.003 -23"><span class='ocrx_word' id='word_1_219' title='bbox 117 3399 270 3468; x_wconf 89' lang='lat' dir='ltr'><strong>nique</strong></span> <span class='ocrx_word' id='word_1_220' title='bbox 295 3413 327 3454; x_wconf 91' lang='lat' dir='ltr'><strong>a</strong></span> <span class='ocrx_word' id='word_1_221' title='bbox 369 3400 488 3455; x_wconf 91' lang='lat' dir='ltr'><strong>Deo</strong></span> <span class='ocrx_word' id='word_1_222' title='bbox 514 3399 759 3456; x_wconf 86' lang='lat' dir='ltr'><strong>Ecclesia</strong></span> <span class='ocrx_word' id='word_1_223' title='bbox 787 3401 837 3456; x_wconf 89' lang='lat' dir='ltr'><strong>ei</strong></span> <span class='ocrx_word' id='word_1_224' title='bbox 876 3400 1207 3467; x_wconf 87' lang='lat' dir='ltr'><strong>ostenditur,</strong></span> <span class='ocrx_word' id='word_1_225' title='bbox 1235 3409 1291 3457; x_wconf 91' lang='lat' dir='ltr'><strong>et</strong></span> <span class='ocrx_word' id='word_1_226' title='bbox 1318 3400 1466 3472; x_wconf 91' lang='lat' dir='ltr'><strong>quod</strong></span> <span class='ocrx_word' id='word_1_227' title='bbox 1497 3399 1681 3455; x_wconf 84' lang='lat' dir='ltr'><strong>omnia</strong></span> 
     </span>
    </p>
   </div>
   <div class='ocr_carea' id='block_1_30' title="bbox 114 3492 778 3566">
    <p class='ocr_par' dir='ltr' id='par_1_30' title="bbox 114 3492 778 3566">
     <span class='ocr_line' id='line_1_31' title="bbox 114 3492 778 3566; baseline 0.009 -22"><span class='ocrx_word' id='word_1_228' title='bbox 114 3492 256 3561; x_wconf 83' lang='lat' dir='ltr'><strong>plena</strong></span> <span class='ocrx_word' id='word_1_229' title='bbox 283 3495 411 3563; x_wconf 81' lang='lat' dir='ltr'><strong>ﬁent</strong></span> <span class='ocrx_word' id='word_1_230' title='bbox 431 3495 614 3550; x_wconf 77' lang='lat' dir='ltr'><strong>electis</strong></span> <span class='ocrx_word' id='word_1_231' title='bbox 644 3496 778 3566; x_wconf 87' lang='lat' dir='ltr'><strong>ejus.</strong></span> 
     </span>
    </p>
   </div>
   <div class='ocr_carea' id='block_1_31' title="bbox 1711 2236 3364 2317">
    <p class='ocr_par' dir='ltr' id='par_1_31' title="bbox 1711 2236 3364 2317">
     <span class='ocr_line' id='line_1_32' title="bbox 1711 2236 3364 2317; baseline -0.006 -15"><span class='ocrx_word' id='word_1_232' title='bbox 1711 2253 1753 2311; x_wconf 81' lang='grc' dir='ltr'>Α</span> <span class='ocrx_word' id='word_1_233' title='bbox 1781 2247 2001 2302; x_wconf 86' lang='lat' dir='ltr'><strong>vitatem</strong></span> <span class='ocrx_word' id='word_1_234' title='bbox 2031 2246 2299 2317; x_wconf 82' lang='lat' dir='ltr'><strong>integram</strong></span> <span class='ocrx_word' id='word_1_235' title='bbox 2321 2246 2585 2301; x_wconf 88' lang='lat' dir='ltr'><strong>devorare</strong></span> <span class='ocrx_word' id='word_1_236' title='bbox 2605 2249 2840 2315; x_wconf 87' lang='lat' dir='ltr'><strong>poterat.</strong></span> <span class='ocrx_word' id='word_1_237' title='bbox 2867 2238 3020 2295; x_wconf 87' lang='lat' dir='ltr'><strong>Hanc</strong></span> <span class='ocrx_word' id='word_1_238' title='bbox 3040 2248 3223 2293; x_wconf 88' lang='lat' dir='ltr'><strong>autem</strong></span> <span class='ocrx_word' id='word_1_239' title='bbox 3247 2236 3364 2293; x_wconf 76' lang='lat' dir='ltr'><strong>bel-</strong></span> 
     </span>
    </p>
   </div>
   <div class='ocr_carea' id='block_1_32' title="bbox 1784 2329 3360 2408">
    <p class='ocr_par' dir='ltr' id='par_1_32' title="bbox 1784 2329 3360 2408">
     <span class='ocr_line' id='line_1_33' title="bbox 1784 2329 3360 2408; baseline -0.006 -16"><span class='ocrx_word' id='word_1_240' title='bbox 1784 2339 1931 2394; x_wconf 87' lang='lat' dir='ltr'><strong>luam</strong></span> <span class='ocrx_word' id='word_1_241' title='bbox 1964 2354 2225 2408; x_wconf 77' lang='lat' dir='ltr'><strong>pressura:</strong></span> <span class='ocrx_word' id='word_1_242' title='bbox 2250 2350 2299 2392; x_wconf 87' lang='lat' dir='ltr'><strong>et</strong></span> <span class='ocrx_word' id='word_1_243' title='bbox 2322 2335 2684 2391; x_wconf 68' lang='lat' dir='ltr'><strong>tribulationis</strong></span> <span class='ocrx_word' id='word_1_244' title='bbox 2717 2339 3106 2405; x_wconf 70' lang='lat' dir='ltr'><strong>superventura:</strong></span> <span class='ocrx_word' id='word_1_245' title='bbox 3130 2329 3360 2400; x_wconf 77' lang='lat' dir='ltr'><strong>ﬁguram</strong></span> 
     </span>
    </p>
   </div>
   <div class='ocr_carea' id='block_1_33' title="bbox 1782 2420 3359 2500">
    <p class='ocr_par' dir='ltr' id='par_1_33' title="bbox 1782 2420 3359 2500">
     <span class='ocr_line' id='line_1_34' title="bbox 1782 2420 3359 2500; baseline -0.008 -15"><span class='ocrx_word' id='word_1_246' title='bbox 1782 2445 1925 2495; x_wconf 89' lang='lat' dir='ltr'><strong>esse,</strong></span> <span class='ocrx_word' id='word_1_247' title='bbox 1956 2445 1985 2483; x_wconf 90' lang='lat' dir='ltr'><strong>a</strong></span> <span class='ocrx_word' id='word_1_248' title='bbox 2018 2429 2263 2500; x_wconf 77' lang='lat' dir='ltr'><strong>virgine,</strong></span> <span class='ocrx_word' id='word_1_249' title='bbox 2299 2444 2424 2500; x_wconf 69' lang='lat' dir='ltr'><strong>qua:</strong></span> <span class='ocrx_word' id='word_1_250' title='bbox 2466 2426 2769 2483; x_wconf 89' lang='lat' dir='ltr'><strong>Ecclesiam</strong></span> <span class='ocrx_word' id='word_1_251' title='bbox 2822 2424 3115 2495; x_wconf 84' lang='lat' dir='ltr'><strong>ﬁgurabat,</strong></span> <span class='ocrx_word' id='word_1_252' title='bbox 3146 2420 3359 2485; x_wconf 87' lang='lat' dir='ltr'><strong>didicit,</strong></span> 
     </span>
    </p>
   </div>
   <div class='ocr_carea' id='block_1_34' title="bbox 1780 2512 3360 2592">
    <p class='ocr_par' dir='ltr' id='par_1_34' title="bbox 1780 2512 3360 2592">
     <span class='ocr_line' id='line_1_35' title="bbox 1780 2512 3360 2592; baseline -0.008 -17"><span class='ocrx_word' id='word_1_253' title='bbox 1780 2520 1854 2575; x_wconf 77' lang='lat' dir='ltr'><strong>ab</strong></span> <span class='ocrx_word' id='word_1_254' title='bbox 1879 2536 2054 2592; x_wconf 86' lang='lat' dir='ltr'><strong>eaque</strong></span> <span class='ocrx_word' id='word_1_255' title='bbox 2083 2521 2295 2591; x_wconf 89' lang='lat' dir='ltr'><strong>accepit</strong></span> <span class='ocrx_word' id='word_1_256' title='bbox 2321 2534 2427 2589; x_wconf 90' lang='lat' dir='ltr'><strong>qua</strong></span> <span class='ocrx_word' id='word_1_257' title='bbox 2464 2528 2584 2573; x_wconf 90' lang='lat' dir='ltr'><strong>arte</strong></span> <span class='ocrx_word' id='word_1_258' title='bbox 2613 2517 2759 2572; x_wconf 90' lang='lat' dir='ltr'><strong>vinci</strong></span> <span class='ocrx_word' id='word_1_259' title='bbox 2796 2522 3015 2586; x_wconf 89' lang='lat' dir='ltr'><strong>posset;</strong></span> <span class='ocrx_word' id='word_1_260' title='bbox 3047 2528 3113 2568; x_wconf 90' lang='lat' dir='ltr'><strong>ac</strong></span> <span class='ocrx_word' id='word_1_261' title='bbox 3138 2512 3360 2567; x_wconf 86' lang='lat' dir='ltr'><strong>tandem</strong></span> 
     </span>
    </p>
   </div>
   <div class='ocr_carea' id='block_1_35' title="bbox 1785 2608 2951 2681">
    <p class='ocr_par' dir='ltr' id='par_1_35' title="bbox 1785 2608 2951 2681">
     <span class='ocr_line' id='line_1_36' title="bbox 1785 2608 2951 2681; baseline -0.005 -14"><span class='ocrx_word' id='word_1_262' title='bbox 1785 2612 1903 2668; x_wconf 67' lang='lat' dir='ltr'><strong>haec</strong></span> <span class='ocrx_word' id='word_1_263' title='bbox 1927 2613 2157 2668; x_wconf 88' lang='lat' dir='ltr'><strong>auribus</strong></span> <span class='ocrx_word' id='word_1_264' title='bbox 2179 2622 2499 2668; x_wconf 88' lang='lat' dir='ltr'><strong>sanctorum</strong></span> <span class='ocrx_word' id='word_1_265' title='bbox 2523 2609 2673 2681; x_wconf 90' lang='lat' dir='ltr'><strong>loqui</strong></span> <span class='ocrx_word' id='word_1_266' title='bbox 2710 2608 2951 2679; x_wconf 89' lang='lat' dir='ltr'><strong>jubetur.</strong></span> 
     </span>
    </p>
   </div>
   <div class='ocr_carea' id='block_1_36' title="bbox 1857 2694 3362 2767">
    <p class='ocr_par' dir='ltr' id='par_1_36' title="bbox 1857 2694 3362 2767">
     <span class='ocr_line' id='line_1_37' title="bbox 1857 2694 3362 2767; baseline -0.008 -7"><span class='ocrx_word' id='word_1_267' title='bbox 1857 2704 2026 2760; x_wconf 71' lang='lat' dir='ltr'><strong>Lmen</strong></span> <span class='ocrx_word' id='word_1_268' title='bbox 2056 2721 2323 2761; x_wconf 72' lang='lat' dir='ltr'><strong>sscuuous</strong></span> <span class='ocrx_word' id='word_1_269' title='bbox 2368 2703 2660 2758; x_wconf 89' lang='lat' dir='ltr'><strong>duodecim</strong></span> <span class='ocrx_word' id='word_1_270' title='bbox 2702 2701 2980 2764; x_wconf 88' lang='lat' dir='ltr'><strong>mandata,</strong></span> <span class='ocrx_word' id='word_1_271' title='bbox 3019 2712 3141 2767; x_wconf 75' lang='lat' dir='ltr'><strong>quae</strong></span> <span class='ocrx_word' id='word_1_272' title='bbox 3166 2694 3362 2751; x_wconf 87' lang='lat' dir='ltr'><strong>Pastor</strong></span> 
     </span>
    </p>
   </div>
   <div class='ocr_carea' id='block_1_37' title="bbox 1788 2787 3365 2865">
    <p class='ocr_par' dir='ltr' id='par_1_37' title="bbox 1788 2787 3365 2865">
     <span class='ocr_line' id='line_1_38' title="bbox 1788 2787 3365 2865; baseline -0.007 -14"><span class='ocrx_word' id='word_1_273' title='bbox 1788 2798 2026 2861; x_wconf 88' lang='lat' dir='ltr'><strong>nuntius,</strong></span> <span class='ocrx_word' id='word_1_274' title='bbox 2059 2806 2107 2850; x_wconf 92' lang='lat' dir='ltr'><strong>et</strong></span> <span class='ocrx_word' id='word_1_275' title='bbox 2140 2797 2452 2865; x_wconf 64' lang='lat' dir='ltr'><strong>praepositus</strong></span> <span class='ocrx_word' id='word_1_276' title='bbox 2477 2795 2797 2865; x_wconf 76' lang='lat' dir='ltr'><strong>pmnitrntiw</strong></span> <span class='ocrx_word' id='word_1_277' title='bbox 2828 2793 2897 2846; x_wconf 87' lang='lat' dir='ltr'><strong>ab</strong></span> <span class='ocrx_word' id='word_1_278' title='bbox 2935 2789 3133 2844; x_wconf 86' lang='lat' dir='ltr'><strong>Herma</strong></span> <span class='ocrx_word' id='word_1_279' title='bbox 3164 2787 3365 2842; x_wconf 87' lang='lat' dir='ltr'><strong>descri-</strong></span> 
     </span>
    </p>
   </div>
   <div class='ocr_carea' id='block_1_38' title="bbox 1787 2877 3361 2959">
    <p class='ocr_par' dir='ltr' id='par_1_38' title="bbox 1787 2877 3361 2959">
     <span class='ocr_line' id='line_1_39' title="bbox 1787 2877 3361 2959; baseline -0.007 -15"><span class='ocrx_word' id='word_1_280' title='bbox 1787 2890 1839 2945; x_wconf 92' lang='lat' dir='ltr'><strong>bi</strong></span> <span class='ocrx_word' id='word_1_281' title='bbox 1868 2891 2122 2959; x_wconf 89' lang='lat' dir='ltr'><strong>imperat,</strong></span> <span class='ocrx_word' id='word_1_282' title='bbox 2146 2888 2541 2959; x_wconf 87' lang='lat' dir='ltr'><strong>complectitur.</strong></span> <span class='ocrx_word' id='word_1_283' title='bbox 2567 2886 2812 2941; x_wconf 87' lang='lat' dir='ltr'><strong>Primum</strong></span> <span class='ocrx_word' id='word_1_284' title='bbox 2842 2898 3032 2939; x_wconf 86' lang='lat' dir='ltr'><strong>eorum</strong></span> <span class='ocrx_word' id='word_1_285' title='bbox 3057 2877 3361 2951; x_wconf 89' lang='lat' dir='ltr'><strong>docetquid</strong></span> 
     </span>
    </p>
   </div>
   <div class='ocr_carea' id='block_1_39' title="bbox 1786 2974 3360 3053">
    <p class='ocr_par' dir='ltr' id='par_1_39' title="bbox 1786 2974 3360 3053">
     <span class='ocr_line' id='line_1_40' title="bbox 1786 2974 3360 3053; baseline -0.009 -14"><span class='ocrx_word' id='word_1_286' title='bbox 1786 2983 1854 3039; x_wconf 91' lang='lat' dir='ltr'><strong>de</strong></span> <span class='ocrx_word' id='word_1_287' title='bbox 1881 2982 2013 3050; x_wconf 90' lang='lat' dir='ltr'><strong>Deo,</strong></span> <span class='ocrx_word' id='word_1_288' title='bbox 2038 2982 2133 3053; x_wconf 91' lang='lat' dir='ltr'><strong>qui</strong></span> <span class='ocrx_word' id='word_1_289' title='bbox 2162 2981 2442 3037; x_wconf 90' lang='lat' dir='ltr'><strong>timendus</strong></span> <span class='ocrx_word' id='word_1_290' title='bbox 2476 2989 2593 3046; x_wconf 86' lang='lat' dir='ltr'><strong>est,</strong></span> <span class='ocrx_word' id='word_1_291' title='bbox 2638 2977 2992 3034; x_wconf 91' lang='lat' dir='ltr'><strong>credendum.</strong></span> <span class='ocrx_word' id='word_1_292' title='bbox 3024 2974 3360 3038; x_wconf 89' lang='lat' dir='ltr'><strong>Secundum,</strong></span> 
     </span>
    </p>
   </div>
   <div class='ocr_carea' id='block_1_40' title="bbox 1782 3063 3360 3141">
    <p class='ocr_par' dir='ltr' id='par_1_40' title="bbox 1782 3063 3360 3141">
     <span class='ocr_line' id='line_1_41' title="bbox 1782 3063 3360 3141; baseline -0.008 -14"><span class='ocrx_word' id='word_1_293' title='bbox 1782 3073 1951 3127; x_wconf 89' lang='lat' dir='ltr'><strong>vitam</strong></span> <span class='ocrx_word' id='word_1_294' title='bbox 1979 3071 2034 3126; x_wconf 92' lang='lat' dir='ltr'><strong>in</strong></span> <span class='ocrx_word' id='word_1_295' title='bbox 2058 3071 2409 3141; x_wconf 86' lang='lat' dir='ltr'><strong>simplicitate</strong></span> <span class='ocrx_word' id='word_1_296' title='bbox 2438 3079 2491 3125; x_wconf 91' lang='lat' dir='ltr'><strong>et</strong></span> <span class='ocrx_word' id='word_1_297' title='bbox 2517 3067 2833 3123; x_wconf 89' lang='lat' dir='ltr'><strong>innocentia</strong></span> <span class='ocrx_word' id='word_1_298' title='bbox 2853 3066 3183 3127; x_wconf 89' lang='lat' dir='ltr'><strong>ducendam,</strong></span> <span class='ocrx_word' id='word_1_299' title='bbox 3214 3063 3360 3118; x_wconf 82' lang='lat' dir='ltr'><strong>elec-</strong></span> 
     </span>
    </p>
   </div>
   <div class='ocr_carea' id='block_1_41' title="bbox 1784 3156 3362 3236">
    <p class='ocr_par' dir='ltr' id='par_1_41' title="bbox 1784 3156 3362 3236">
     <span class='ocr_line' id='line_1_42' title="bbox 1784 3156 3362 3236; baseline -0.009 -15"><span class='ocrx_word' id='word_1_300' title='bbox 1784 3180 2045 3236; x_wconf 84' lang='lat' dir='ltr'><strong>mosynas</strong></span> <span class='ocrx_word' id='word_1_301' title='bbox 2073 3164 2331 3219; x_wconf 88' lang='lat' dir='ltr'><strong>omnibus</strong></span> <span class='ocrx_word' id='word_1_302' title='bbox 2364 3161 2705 3233; x_wconf 89' lang='lat' dir='ltr'><strong>erogandas,</strong></span> <span class='ocrx_word' id='word_1_303' title='bbox 2750 3160 2955 3214; x_wconf 88' lang='lat' dir='ltr'><strong>nullius</strong></span> <span class='ocrx_word' id='word_1_304' title='bbox 3000 3157 3157 3212; x_wconf 72' lang='lat' dir='ltr'><strong>fama:</strong></span> <span class='ocrx_word' id='word_1_305' title='bbox 3178 3156 3362 3211; x_wconf 82' lang='lat' dir='ltr'><strong>detra-</strong></span> 
     </span>
    </p>
   </div>
   <div class='ocr_carea' id='block_1_42' title="bbox 1783 3250 3362 3323">
    <p class='ocr_par' dir='ltr' id='par_1_42' title="bbox 1783 3250 3362 3323">
     <span class='ocr_line' id='line_1_43' title="bbox 1783 3250 3362 3323; baseline -0.008 -10"><span class='ocrx_word' id='word_1_306' title='bbox 1783 3257 2048 3313; x_wconf 88' lang='lat' dir='ltr'><strong>hendum.</strong></span> <span class='ocrx_word' id='word_1_307' title='bbox 2080 3255 2347 3323; x_wconf 89' lang='lat' dir='ltr'><strong>Tertium,</strong></span> <span class='ocrx_word' id='word_1_308' title='bbox 2381 3255 2665 3310; x_wconf 82' lang='lat' dir='ltr'><strong>veritatem</strong></span> <span class='ocrx_word' id='word_1_309' title='bbox 2692 3268 2906 3322; x_wconf 78' lang='lat' dir='ltr'><strong>semper</strong></span> <span class='ocrx_word' id='word_1_310' title='bbox 2929 3250 3281 3306; x_wconf 86' lang='lat' dir='ltr'><strong>asserendam</strong></span> <span class='ocrx_word' id='word_1_311' title='bbox 3307 3257 3362 3302; x_wconf 85' lang='lat' dir='ltr'><strong>et</strong></span> 
     </span>
    </p>
   </div>
   <div class='ocr_carea' id='block_1_43' title="bbox 1782 3341 3363 3416">
    <p class='ocr_par' dir='ltr' id='par_1_43' title="bbox 1782 3341 3363 3416">
     <span class='ocr_line' id='line_1_44' title="bbox 1782 3341 3363 3416; baseline -0.006 -15"><span class='ocrx_word' id='word_1_312' title='bbox 1782 3362 2065 3416; x_wconf 90' lang='lat' dir='ltr'><strong>nunquam</strong></span> <span class='ocrx_word' id='word_1_313' title='bbox 2088 3345 2477 3401; x_wconf 88' lang='lat' dir='ltr'><strong>mentiendum.</strong></span> <span class='ocrx_word' id='word_1_314' title='bbox 2513 3344 2803 3409; x_wconf 87' lang='lat' dir='ltr'><strong>Quartum,</strong></span> <span class='ocrx_word' id='word_1_315' title='bbox 2834 3341 3142 3396; x_wconf 84' lang='lat' dir='ltr'><strong>castitatem</strong></span> <span class='ocrx_word' id='word_1_316' title='bbox 3167 3354 3363 3407; x_wconf 84' lang='lat' dir='ltr'><strong>corpo-</strong></span> 
     </span>
    </p>
   </div>
   <div class='ocr_carea' id='block_1_44' title="bbox 1781 3433 3361 3508">
    <p class='ocr_par' dir='ltr' id='par_1_44' title="bbox 1781 3433 3361 3508">
     <span class='ocr_line' id='line_1_45' title="bbox 1781 3433 3361 3508; baseline -0.006 -14"><span class='ocrx_word' id='word_1_317' title='bbox 1781 3438 1861 3495; x_wconf 85' lang='lat' dir='ltr'><strong>ris</strong></span> <span class='ocrx_word' id='word_1_318' title='bbox 1886 3447 2049 3508; x_wconf 85' lang='lat' dir='ltr'><strong>atque</strong></span> <span class='ocrx_word' id='word_1_319' title='bbox 2092 3438 2289 3492; x_wconf 66' lang='lat' dir='ltr'><strong>anima:</strong></span> <span class='ocrx_word' id='word_1_320' title='bbox 2325 3434 2650 3492; x_wconf 85' lang='lat' dir='ltr'><strong>servandam</strong></span> <span class='ocrx_word' id='word_1_321' title='bbox 2672 3475 2690 3500; x_wconf 94' lang='lat'><strong>,</strong></span> <span class='ocrx_word' id='word_1_322' title='bbox 2718 3433 2960 3503; x_wconf 86' lang='lat' dir='ltr'><strong>quidque</strong></span> <span class='ocrx_word' id='word_1_323' title='bbox 3000 3447 3191 3501; x_wconf 87' lang='lat' dir='ltr'><strong>sponso</strong></span> <span class='ocrx_word' id='word_1_324' title='bbox 3234 3447 3361 3499; x_wconf 86' lang='lat' dir='ltr'><strong>erga</strong></span> 
     </span>
    </p>
   </div>
   <div class='ocr_carea' id='block_1_45' title="bbox 1781 3523 3362 3601">
    <p class='ocr_par' dir='ltr' id='par_1_45' title="bbox 1781 3523 3362 3601">
     <span class='ocr_line' id='line_1_46' title="bbox 1781 3523 3362 3601; baseline -0.005 -17"><span class='ocrx_word' id='word_1_325' title='bbox 1781 3546 2031 3601; x_wconf 86' lang='lat' dir='ltr'><strong>sponsam</strong></span> <span class='ocrx_word' id='word_1_326' title='bbox 2053 3529 2318 3600; x_wconf 80' lang='lat' dir='ltr'><strong>inﬁdelem</strong></span> <span class='ocrx_word' id='word_1_327' title='bbox 2342 3529 2611 3599; x_wconf 88' lang='lat' dir='ltr'><strong>agendum</strong></span> <span class='ocrx_word' id='word_1_328' title='bbox 2639 3528 2728 3583; x_wconf 90' lang='lat' dir='ltr'><strong>sit.</strong></span> <span class='ocrx_word' id='word_1_329' title='bbox 2759 3525 2834 3581; x_wconf 90' lang='lat' dir='ltr'><strong>lbi</strong></span> <span class='ocrx_word' id='word_1_330' title='bbox 2863 3540 2992 3579; x_wconf 90' lang='lat' dir='ltr'><strong>vero</strong></span> <span class='ocrx_word' id='word_1_331' title='bbox 3021 3524 3267 3593; x_wconf 63' lang='lat' dir='ltr'><strong>quaedam</strong></span> <span class='ocrx_word' id='word_1_332' title='bbox 3295 3523 3362 3576; x_wconf 90' lang='lat' dir='ltr'><strong>de</strong></span> 
     </span>
    </p>
   </div>
   <div class='ocr_carea' id='block_1_46' title="bbox 178 3603 3363 3691">
    <p class='ocr_par' dir='ltr' id='par_1_46' title="bbox 178 3603 3363 3691">
     <span class='ocr_line' id='line_1_47' title="bbox 178 3603 3363 3691; baseline -0.002 -33"><span class='ocrx_word' id='word_1_333' title='bbox 178 3603 231 3659; x_wconf 89' lang='lat' dir='ltr'><strong>ln</strong></span> <span class='ocrx_word' id='word_1_334' title='bbox 263 3607 504 3663; x_wconf 88' lang='lat' dir='ltr'><strong>secunda</strong></span> <span class='ocrx_word' id='word_1_335' title='bbox 532 3606 742 3663; x_wconf 88' lang='lat' dir='ltr'><strong>visione</strong></span> <span class='ocrx_word' id='word_1_336' title='bbox 781 3607 1000 3665; x_wconf 88' lang='lat' dir='ltr'><strong>oblatus</strong></span> <span class='ocrx_word' id='word_1_337' title='bbox 1023 3616 1109 3665; x_wconf 90' lang='lat' dir='ltr'><strong>est</strong></span> <span class='ocrx_word' id='word_1_338' title='bbox 1144 3606 1357 3665; x_wconf 74' lang='lat' dir='ltr'><strong>Hermae</strong></span> <span class='ocrx_word' id='word_1_339' title='bbox 1400 3607 1469 3664; x_wconf 88' lang='lat' dir='ltr'><strong>ab</strong></span> <span class='ocrx_word' id='word_1_340' title='bbox 1489 3607 1680 3665; x_wconf 89' lang='lat' dir='ltr'><strong>eadem</strong></span> <span class='ocrx_word' id='word_1_341' title='bbox 1712 3608 1756 3664; x_wconf 94' lang='lat' dir='ltr'><strong>B</strong></span> <span class='ocrx_word' id='word_1_342' title='bbox 1785 3621 2106 3691; x_wconf 61' lang='grc' dir='ltr'><strong>ρωηίιρηιίε</strong></span> <span class='ocrx_word' id='word_1_343' title='bbox 2134 3620 2311 3674; x_wconf 55' lang='lat' dir='ltr'><strong>obiter</strong></span> <span class='ocrx_word' id='word_1_344' title='bbox 2341 3618 2805 3690; x_wconf 56' lang='lat' dir='ltr'><strong>perstringuntur,</strong></span> <span class='ocrx_word' id='word_1_345' title='bbox 2838 3614 3098 3682; x_wconf 64' lang='lat' dir='ltr'><strong>Quinum,</strong></span> <span class='ocrx_word' id='word_1_346' title='bbox 3133 3610 3363 3665; x_wconf 66' lang='lat' dir='ltr'><strong>manda-</strong></span> 
     </span>
    </p>
   </div>
   <div class='ocr_carea' id='block_1_47' title="bbox 118 3697 1679 3771">
    <p class='ocr_par' dir='ltr' id='par_1_47' title="bbox 118 3697 1679 3771">
     <span class='ocr_line' id='line_1_48' title="bbox 118 3697 1679 3771; baseline 0.003 -23"><span class='ocrx_word' id='word_1_347' title='bbox 118 3708 215 3750; x_wconf 89' lang='lat' dir='ltr'><strong>anu</strong></span> <span class='ocrx_word' id='word_1_348' title='bbox 248 3697 422 3766; x_wconf 88' lang='lat' dir='ltr'><strong>liber;</strong></span> <span class='ocrx_word' id='word_1_349' title='bbox 453 3713 621 3768; x_wconf 84' lang='lat' dir='ltr'><strong>quem</strong></span> <span class='ocrx_word' id='word_1_350' title='bbox 662 3714 787 3755; x_wconf 92' lang='lat' dir='ltr'><strong>cum</strong></span> <span class='ocrx_word' id='word_1_351' title='bbox 818 3700 1040 3771; x_wconf 81' lang='lat' dir='ltr'><strong>legisset</strong></span> <span class='ocrx_word' id='word_1_352' title='bbox 1074 3700 1538 3770; x_wconf 80' lang='lat' dir='ltr'><strong>intellexissetque</strong></span> <span class='ocrx_word' id='word_1_353' title='bbox 1559 3741 1574 3766; x_wconf 93' lang='lat'><strong>,</strong></span> <span class='ocrx_word' id='word_1_354' title='bbox 1611 3714 1679 3754; x_wconf 94' lang='lat' dir='ltr'><strong>eo</strong></span> 
     </span>
    </p>
   </div>
   <div class='ocr_carea' id='block_1_48' title="bbox 118 3792 1680 3864">
    <p class='ocr_par' dir='ltr' id='par_1_48' title="bbox 118 3792 1680 3864">
     <span class='ocr_line' id='line_1_49' title="bbox 118 3792 1680 3864; baseline 0.002 -22"><span class='ocrx_word' id='word_1_355' title='bbox 118 3801 298 3847; x_wconf 88' lang='lat' dir='ltr'><strong>rursus</strong></span> <span class='ocrx_word' id='word_1_356' title='bbox 315 3793 640 3864; x_wconf 90' lang='lat' dir='ltr'><strong>castigatur,</strong></span> <span class='ocrx_word' id='word_1_357' title='bbox 672 3793 819 3863; x_wconf 94' lang='lat' dir='ltr'><strong>quod</strong></span> <span class='ocrx_word' id='word_1_358' title='bbox 862 3801 1090 3862; x_wconf 89' lang='lat' dir='ltr'><strong>peccata</strong></span> <span class='ocrx_word' id='word_1_359' title='bbox 1129 3792 1320 3849; x_wconf 80' lang='lat' dir='ltr'><strong>uxoris</strong></span> <span class='ocrx_word' id='word_1_360' title='bbox 1360 3808 1473 3847; x_wconf 68' lang='lat' dir='ltr'><strong>suae</strong></span> <span class='ocrx_word' id='word_1_361' title='bbox 1507 3807 1573 3847; x_wconf 92' lang='lat' dir='ltr'><strong>ac</strong></span> <span class='ocrx_word' id='word_1_362' title='bbox 1613 3792 1680 3845; x_wconf 86' lang='lat' dir='ltr'><strong>ti-</strong></span> 
     </span>
    </p>
   </div>
   <div class='ocr_carea' id='block_1_49' title="bbox 116 3878 1679 3956">
    <p class='ocr_par' dir='ltr' id='par_1_49' title="bbox 116 3878 1679 3956">
     <span class='ocr_line' id='line_1_50' title="bbox 116 3878 1679 3956; baseline 0.005 -23"><span class='ocrx_word' id='word_1_363' title='bbox 116 3878 299 3937; x_wconf 91' lang='lat' dir='ltr'><strong>liorum</strong></span> <span class='ocrx_word' id='word_1_364' title='bbox 326 3898 435 3939; x_wconf 93' lang='lat' dir='ltr'><strong>non</strong></span> <span class='ocrx_word' id='word_1_365' title='bbox 460 3885 827 3956; x_wconf 86' lang='lat' dir='ltr'><strong>prohibuerit,</strong></span> <span class='ocrx_word' id='word_1_366' title='bbox 850 3885 1039 3956; x_wconf 88' lang='lat' dir='ltr'><strong>illique</strong></span> <span class='ocrx_word' id='word_1_367' title='bbox 1062 3886 1306 3955; x_wconf 84' lang='lat' dir='ltr'><strong>aperitur</strong></span> <span class='ocrx_word' id='word_1_368' title='bbox 1335 3885 1467 3956; x_wconf 88' lang='lat' dir='ltr'><strong>quid</strong></span> <span class='ocrx_word' id='word_1_369' title='bbox 1493 3886 1559 3940; x_wconf 88' lang='lat' dir='ltr'><strong>ad</strong></span> <span class='ocrx_word' id='word_1_370' title='bbox 1578 3885 1679 3941; x_wconf 87' lang='lat' dir='ltr'><strong>ob-</strong></span> 
     </span>
    </p>
   </div>
   <div class='ocr_carea' id='block_1_50' title="bbox 117 3969 1685 4047">
    <p class='ocr_par' dir='ltr' id='par_1_50' title="bbox 117 3969 1685 4047">
     <span class='ocr_line' id='line_1_51' title="bbox 117 3969 1685 4047; baseline 0.008 -26"><span class='ocrx_word' id='word_1_371' title='bbox 117 3969 375 4028; x_wconf 86' lang='lat' dir='ltr'><strong>tinendam</strong></span> <span class='ocrx_word' id='word_1_372' title='bbox 398 3974 617 4029; x_wconf 87' lang='lat' dir='ltr'><strong>veniam</strong></span> <span class='ocrx_word' id='word_1_373' title='bbox 642 3990 802 4047; x_wconf 87' lang='lat' dir='ltr'><strong>agere</strong></span> <span class='ocrx_word' id='word_1_374' title='bbox 831 3976 1045 4031; x_wconf 88' lang='lat' dir='ltr'><strong>debeat.</strong></span> <span class='ocrx_word' id='word_1_375' title='bbox 1067 3977 1246 4046; x_wconf 89' lang='lat' dir='ltr'><strong>Atque</strong></span> <span class='ocrx_word' id='word_1_376' title='bbox 1286 3976 1359 4030; x_wconf 88' lang='lat' dir='ltr'><strong>ibi</strong></span> <span class='ocrx_word' id='word_1_377' title='bbox 1388 3985 1685 4046; x_wconf 19' lang='lat' dir='ltr'><strong>postquam.</strong></span> 
     </span>
    </p>
   </div>
   <div class='ocr_carea' id='block_1_51' title="bbox 118 4060 1682 4138">
    <p class='ocr_par' dir='ltr' id='par_1_51' title="bbox 118 4060 1682 4138">
     <span class='ocr_line' id='line_1_52' title="bbox 118 4060 1682 4138; baseline 0.007 -24"><span class='ocrx_word' id='word_1_378' title='bbox 118 4060 178 4115; x_wconf 92' lang='lat' dir='ltr'><strong>de</strong></span> <span class='ocrx_word' id='word_1_379' title='bbox 198 4067 534 4133; x_wconf 78' lang='lat' dir='ltr'><strong>pmnitentia,</strong></span> <span class='ocrx_word' id='word_1_380' title='bbox 559 4066 873 4123; x_wconf 91' lang='lat' dir='ltr'><strong>innocentia</strong></span> <span class='ocrx_word' id='word_1_381' title='bbox 903 4077 956 4123; x_wconf 83' lang='lat' dir='ltr'><strong>et</strong></span> <span class='ocrx_word' id='word_1_382' title='bbox 985 4068 1338 4138; x_wconf 88' lang='lat' dir='ltr'><strong>simplicitate</strong></span> <span class='ocrx_word' id='word_1_383' title='bbox 1377 4083 1559 4125; x_wconf 88' lang='lat' dir='ltr'><strong>sermo</strong></span> <span class='ocrx_word' id='word_1_384' title='bbox 1595 4069 1682 4125; x_wconf 87' lang='lat' dir='ltr'><strong>in-</strong></span> 
     </span>
    </p>
   </div>
   <div class='ocr_carea' id='block_1_52' title="bbox 119 4152 1680 4230">
    <p class='ocr_par' dir='ltr' id='par_1_52' title="bbox 119 4152 1680 4230">
     <span class='ocr_line' id='line_1_53' title="bbox 119 4152 1680 4230; baseline 0.006 -25"><span class='ocrx_word' id='word_1_385' title='bbox 119 4152 323 4209; x_wconf 85' lang='lat' dir='ltr'><strong>stitutus</strong></span> <span class='ocrx_word' id='word_1_386' title='bbox 352 4166 455 4221; x_wconf 92' lang='lat' dir='ltr'><strong>est,</strong></span> <span class='ocrx_word' id='word_1_387' title='bbox 491 4158 804 4227; x_wconf 66' lang='lat' dir='ltr'><strong>praecipitur</strong></span> <span class='ocrx_word' id='word_1_388' title='bbox 845 4158 1194 4226; x_wconf 90' lang='lat' dir='ltr'><strong>annuntiare,</strong></span> <span class='ocrx_word' id='word_1_389' title='bbox 1222 4158 1370 4230; x_wconf 89' lang='lat' dir='ltr'><strong>quod</strong></span> <span class='ocrx_word' id='word_1_390' title='bbox 1402 4158 1680 4214; x_wconf 87' lang='lat' dir='ltr'><strong>tribulatio</strong></span> 
     </span>
    </p>
   </div>
   <div class='ocr_carea' id='block_1_53' title="bbox 121 4248 1679 4322">
    <p class='ocr_par' dir='ltr' id='par_1_53' title="bbox 121 4248 1679 4322">
     <span class='ocr_line' id='line_1_54' title="bbox 121 4248 1679 4322; baseline 0.006 -27"><span class='ocrx_word' id='word_1_391' title='bbox 121 4258 296 4315; x_wconf 84' lang='lat' dir='ltr'><strong>magna</strong></span> <span class='ocrx_word' id='word_1_392' title='bbox 322 4249 478 4303; x_wconf 85' lang='lat' dir='ltr'><strong>venit.</strong></span> <span class='ocrx_word' id='word_1_393' title='bbox 502 4248 608 4319; x_wconf 91' lang='lat' dir='ltr'><strong>Ipsi</strong></span> <span class='ocrx_word' id='word_1_394' title='bbox 628 4249 823 4305; x_wconf 91' lang='lat' dir='ltr'><strong>deinde</strong></span> <span class='ocrx_word' id='word_1_395' title='bbox 838 4250 1166 4316; x_wconf 87' lang='lat' dir='ltr'><strong>declaratur,</strong></span> <span class='ocrx_word' id='word_1_396' title='bbox 1186 4250 1494 4319; x_wconf 89' lang='lat' dir='ltr'><strong>mulierem,</strong></span> <span class='ocrx_word' id='word_1_397' title='bbox 1513 4266 1679 4322; x_wconf 89' lang='lat' dir='ltr'><strong>quam</strong></span> 
     </span>
    </p>
   </div>
   <div class='ocr_carea' id='block_1_54' title="bbox 120 4338 1681 4412">
    <p class='ocr_par' dir='ltr' id='par_1_54' title="bbox 120 4338 1681 4412">
     <span class='ocr_line' id='line_1_55' title="bbox 120 4338 1681 4412; baseline 0.005 -23"><span class='ocrx_word' id='word_1_398' title='bbox 120 4338 337 4407; x_wconf 87' lang='lat' dir='ltr'><strong>viderat,</strong></span> <span class='ocrx_word' id='word_1_399' title='bbox 366 4358 489 4399; x_wconf 88' lang='lat' dir='ltr'><strong>esse</strong></span> <span class='ocrx_word' id='word_1_400' title='bbox 518 4341 844 4409; x_wconf 86' lang='lat' dir='ltr'><strong>Ecclesiam,</strong></span> <span class='ocrx_word' id='word_1_401' title='bbox 875 4359 906 4397; x_wconf 94' lang='lat' dir='ltr'><strong>a</strong></span> <span class='ocrx_word' id='word_1_402' title='bbox 938 4358 1045 4412; x_wconf 89' lang='lat' dir='ltr'><strong>qua</strong></span> <span class='ocrx_word' id='word_1_403' title='bbox 1072 4353 1130 4397; x_wconf 94' lang='lat' dir='ltr'><strong>ut</strong></span> <span class='ocrx_word' id='word_1_404' title='bbox 1159 4343 1270 4398; x_wconf 94' lang='lat' dir='ltr'><strong>duo</strong></span> <span class='ocrx_word' id='word_1_405' title='bbox 1293 4344 1583 4398; x_wconf 88' lang='lat' dir='ltr'><strong>memorati</strong></span> <span class='ocrx_word' id='word_1_406' title='bbox 1613 4345 1681 4397; x_wconf 83' lang='lat' dir='ltr'><strong>li-</strong></span> 
     </span>
    </p>
   </div>
   <div class='ocr_carea' id='block_1_55' title="bbox 122 4426 1678 4504">
    <p class='ocr_par' dir='ltr' id='par_1_55' title="bbox 122 4426 1678 4504">
     <span class='ocr_line' id='line_1_56' title="bbox 122 4426 1678 4504; baseline 0.003 -22"><span class='ocrx_word' id='word_1_407' title='bbox 122 4426 197 4482; x_wconf 91' lang='lat' dir='ltr'><strong>bri</strong></span> <span class='ocrx_word' id='word_1_408' title='bbox 240 4447 356 4501; x_wconf 65' lang='lat' dir='ltr'><strong>qua?</strong></span> <span class='ocrx_word' id='word_1_409' title='bbox 398 4433 766 4504; x_wconf 88' lang='lat' dir='ltr'><strong>descripserat</strong></span> <span class='ocrx_word' id='word_1_410' title='bbox 819 4434 1154 4503; x_wconf 83' lang='lat' dir='ltr'><strong>exemplaria</strong></span> <span class='ocrx_word' id='word_1_411' title='bbox 1179 4472 1195 4497; x_wconf 91' lang='lat'><strong>,</strong></span> <span class='ocrx_word' id='word_1_412' title='bbox 1230 4448 1402 4487; x_wconf 90' lang='lat' dir='ltr'><strong>unum</strong></span> <span class='ocrx_word' id='word_1_413' title='bbox 1458 4432 1678 4503; x_wconf 89' lang='lat' dir='ltr'><strong>quidem</strong></span> 
     </span>
    </p>
   </div>
   <div class='ocr_carea' id='block_1_56' title="bbox 124 4518 1677 4597">
    <p class='ocr_par' dir='ltr' id='par_1_56' title="bbox 124 4518 1677 4597">
     <span class='ocr_line' id='line_1_57' title="bbox 124 4518 1677 4597; baseline 0.001 -21"><span class='ocrx_word' id='word_1_414' title='bbox 124 4518 341 4593; x_wconf 70' lang='lat' dir='ltr'><strong>Grapue,</strong></span> <span class='ocrx_word' id='word_1_415' title='bbox 374 4525 607 4581; x_wconf 90' lang='lat' dir='ltr'><strong>alterum</strong></span> <span class='ocrx_word' id='word_1_416' title='bbox 630 4541 761 4581; x_wconf 89' lang='lat' dir='ltr'><strong>vero</strong></span> <span class='ocrx_word' id='word_1_417' title='bbox 789 4524 1053 4581; x_wconf 87' lang='lat' dir='ltr'><strong>Clementi</strong></span> <span class='ocrx_word' id='word_1_418' title='bbox 1079 4566 1095 4591; x_wconf 96' lang='lat'><strong>,</strong></span> <span class='ocrx_word' id='word_1_419' title='bbox 1138 4541 1236 4597; x_wconf 90' lang='lat' dir='ltr'><strong>per</strong></span> <span class='ocrx_word' id='word_1_420' title='bbox 1265 4541 1459 4580; x_wconf 84' lang='lat' dir='ltr'><strong>omnes</strong></span> <span class='ocrx_word' id='word_1_421' title='bbox 1484 4525 1677 4579; x_wconf 80' lang='lat' dir='ltr'><strong>civita-</strong></span> 
     </span>
    </p>
   </div>
   <div class='ocr_carea' id='block_1_57' title="bbox 127 4616 1683 4690">
    <p class='ocr_par' dir='ltr' id='par_1_57' title="bbox 127 4616 1683 4690">
     <span class='ocr_line' id='line_1_58' title="bbox 127 4616 1683 4690; baseline 0.003 -23"><span class='ocrx_word' id='word_1_422' title='bbox 127 4622 197 4669; x_wconf 86' lang='lat' dir='ltr'><strong>tes</strong></span> <span class='ocrx_word' id='word_1_423' title='bbox 222 4617 565 4685; x_wconf 86' lang='lat' dir='ltr'><strong>mittendum,</strong></span> <span class='ocrx_word' id='word_1_424' title='bbox 605 4628 665 4675; x_wconf 90' lang='lat' dir='ltr'><strong>ut</strong></span> <span class='ocrx_word' id='word_1_425' title='bbox 692 4618 922 4690; x_wconf 89' lang='lat' dir='ltr'><strong>ipsemet</strong></span> <span class='ocrx_word' id='word_1_426' title='bbox 947 4616 1165 4689; x_wconf 87' lang='lat' dir='ltr'><strong>dirigat,</strong></span> <span class='ocrx_word' id='word_1_427' title='bbox 1198 4617 1519 4673; x_wconf 89' lang='lat' dir='ltr'><strong>mandatum</strong></span> <span class='ocrx_word' id='word_1_428' title='bbox 1550 4632 1683 4673; x_wconf 90' lang='lat' dir='ltr'><strong>con-</strong></span> 
     </span>
    </p>
   </div>
   <div class='ocr_carea' id='block_1_58' title="bbox 125 4708 499 4782">
    <p class='ocr_par' dir='ltr' id='par_1_58' title="bbox 125 4708 499 4782">
     <span class='ocr_line' id='line_1_59' title="bbox 125 4708 499 4782; baseline 0.021 -22"><span class='ocrx_word' id='word_1_429' title='bbox 125 4708 264 4765; x_wconf 89' lang='lat' dir='ltr'><strong>tinuo</strong></span> <span class='ocrx_word' id='word_1_430' title='bbox 287 4712 499 4782; x_wconf 86' lang='lat' dir='ltr'><strong>accipit.</strong></span> 
     </span>
    </p>
   </div>
   <div class='ocr_carea' id='block_1_59' title="bbox 189 4820 1681 4895">
    <p class='ocr_par' dir='ltr' id='par_1_59' title="bbox 189 4820 1681 4895">
     <span class='ocr_line' id='line_1_60' title="bbox 189 4820 1681 4895; baseline 0.003 -20"><span class='ocrx_word' id='word_1_431' title='bbox 189 4820 241 4876; x_wconf 94' lang='lat' dir='ltr'><strong>In</strong></span> <span class='ocrx_word' id='word_1_432' title='bbox 271 4824 424 4881; x_wconf 89' lang='lat' dir='ltr'><strong>tertia</strong></span> <span class='ocrx_word' id='word_1_433' title='bbox 451 4826 664 4881; x_wconf 87' lang='lat' dir='ltr'><strong>visione</strong></span> <span class='ocrx_word' id='word_1_434' title='bbox 689 4824 879 4881; x_wconf 90' lang='lat' dir='ltr'><strong>eadem</strong></span> <span class='ocrx_word' id='word_1_435' title='bbox 911 4824 1107 4880; x_wconf 91' lang='lat' dir='ltr'><strong>mulier</strong></span> <span class='ocrx_word' id='word_1_436' title='bbox 1140 4825 1361 4891; x_wconf 90' lang='lat' dir='ltr'><strong>turrim,</strong></span> <span class='ocrx_word' id='word_1_437' title='bbox 1392 4840 1515 4895; x_wconf 69' lang='lat' dir='ltr'><strong>qua:</strong></span> <span class='ocrx_word' id='word_1_438' title='bbox 1548 4825 1681 4880; x_wconf 59' lang='grc' dir='ltr'><strong>πρᾶὶ-</strong></span> 
     </span>
    </p>
   </div>
   <div class='ocr_carea' id='block_1_60' title="bbox 128 4912 1751 5011">
    <p class='ocr_par' dir='ltr' id='par_1_60' title="bbox 128 4912 1751 5011">
     <span class='ocr_line' id='line_1_61' title="bbox 128 4912 1751 5011; baseline 0.023 -44"><span class='ocrx_word' id='word_1_439' title='bbox 128 4912 393 5011; x_wconf 68' lang='lat' dir='ltr'><strong>licabatur,</strong></span> <span class='ocrx_word' id='word_1_440' title='bbox 429 4918 644 4975; x_wconf 68' lang='lat' dir='ltr'><strong>Hermae</strong></span> <span class='ocrx_word' id='word_1_441' title='bbox 669 4918 938 4987; x_wconf 78' lang='lat' dir='ltr'><strong>ostendit;</strong></span> <span class='ocrx_word' id='word_1_442' title='bbox 962 4917 1151 4988; x_wconf 69' lang='lat' dir='ltr'><strong>illique</strong></span> <span class='ocrx_word' id='word_1_443' title='bbox 1172 4920 1475 4989; x_wconf 68' lang='grc' dir='ltr'><strong>(Ιυοίηθάον</strong></span> <span class='ocrx_word' id='word_1_444' title='bbox 1503 4935 1533 4973; x_wconf 76' lang='grc'><strong>³</strong></span> <span class='ocrx_word' id='word_1_445' title='bbox 1558 4921 1682 4989; x_wconf 62' lang='lat' dir='ltr'><strong>qui‘</strong></span> <span class='ocrx_word' id='word_1_446' title='bbox 1709 4955 1751 5011; x_wconf 89' lang='lat' dir='ltr'><strong><em>C</em></strong></span> 
     </span>
    </p>
   </div>
   <div class='ocr_carea' id='block_1_61' title="bbox 128 5002 1683 5092">
    <p class='ocr_par' dir='ltr' id='par_1_61' title="bbox 128 5002 1683 5092">
     <span class='ocr_line' id='line_1_62' title="bbox 128 5002 1683 5092; baseline 0.003 -33"><span class='ocrx_word' id='word_1_447' title='bbox 128 5002 226 5092; x_wconf 83' lang='lat' dir='ltr'><strong>bus</strong></span> <span class='ocrx_word' id='word_1_448' title='bbox 242 5016 297 5063; x_wconf 88' lang='lat' dir='ltr'><strong>et</strong></span> <span class='ocrx_word' id='word_1_449' title='bbox 323 5010 519 5080; x_wconf 92' lang='lat' dir='ltr'><strong>quibus</strong></span> <span class='ocrx_word' id='word_1_450' title='bbox 546 5011 819 5081; x_wconf 90' lang='lat' dir='ltr'><strong>lapidibus</strong></span> <span class='ocrx_word' id='word_1_451' title='bbox 842 5019 1289 5077; x_wconf 87' lang='lat' dir='ltr'><strong>construeretur;</strong></span> <span class='ocrx_word' id='word_1_452' title='bbox 1318 5018 1482 5081; x_wconf 91' lang='lat' dir='ltr'><strong>atque</strong></span> <span class='ocrx_word' id='word_1_453' title='bbox 1504 5027 1568 5065; x_wconf 80' lang='lat' dir='ltr'><strong>ex</strong></span> <span class='ocrx_word' id='word_1_454' title='bbox 1604 5011 1683 5064; x_wconf 90' lang='lat' dir='ltr'><strong>la-</strong></span> 
     </span>
    </p>
   </div>
   <div class='ocr_carea' id='block_1_62' title="bbox 129 5099 1683 5175">
    <p class='ocr_par' dir='ltr' id='par_1_62' title="bbox 129 5099 1683 5175">
     <span class='ocr_line' id='line_1_63' title="bbox 129 5099 1683 5175; baseline 0.001 -20"><span class='ocrx_word' id='word_1_455' title='bbox 129 5099 329 5168; x_wconf 83' lang='lat' dir='ltr'><strong>pidibus</strong></span> <span class='ocrx_word' id='word_1_456' title='bbox 352 5105 443 5175; x_wconf 90' lang='lat' dir='ltr'><strong>qui</strong></span> <span class='ocrx_word' id='word_1_457' title='bbox 469 5103 759 5175; x_wconf 90' lang='lat' dir='ltr'><strong>assumpti,</strong></span> <span class='ocrx_word' id='word_1_458' title='bbox 798 5104 893 5174; x_wconf 92' lang='lat' dir='ltr'><strong>qui</strong></span> <span class='ocrx_word' id='word_1_459' title='bbox 932 5102 1144 5173; x_wconf 89' lang='lat' dir='ltr'><strong>rejecti,</strong></span> <span class='ocrx_word' id='word_1_460' title='bbox 1185 5102 1279 5174; x_wconf 92' lang='lat' dir='ltr'><strong>qui</strong></span> <span class='ocrx_word' id='word_1_461' title='bbox 1316 5102 1516 5159; x_wconf 91' lang='lat' dir='ltr'><strong>iterum</strong></span> <span class='ocrx_word' id='word_1_462' title='bbox 1543 5102 1683 5157; x_wconf 89' lang='lat' dir='ltr'><strong>secti</strong></span> 
     </span>
    </p>
   </div>
   <div class='ocr_carea' id='block_1_63' title="bbox 130 5193 1679 5268">
    <p class='ocr_par' dir='ltr' id='par_1_63' title="bbox 130 5193 1679 5268">
     <span class='ocr_line' id='line_1_64' title="bbox 130 5193 1679 5268; baseline 0.002 -22"><span class='ocrx_word' id='word_1_463' title='bbox 130 5193 443 5268; x_wconf 69' lang='lat' dir='ltr'><strong>aediﬁciaque</strong></span> <span class='ocrx_word' id='word_1_464' title='bbox 477 5198 668 5268; x_wconf 87' lang='lat' dir='ltr'><strong>aptati,</strong></span> <span class='ocrx_word' id='word_1_465' title='bbox 702 5197 849 5253; x_wconf 91' lang='lat' dir='ltr'><strong>clare</strong></span> <span class='ocrx_word' id='word_1_466' title='bbox 885 5197 1154 5266; x_wconf 83' lang='lat' dir='ltr'><strong>explicat;</strong></span> <span class='ocrx_word' id='word_1_467' title='bbox 1200 5212 1267 5252; x_wconf 93' lang='lat' dir='ltr'><strong>ac</strong></span> <span class='ocrx_word' id='word_1_468' title='bbox 1303 5211 1411 5267; x_wconf 90' lang='lat' dir='ltr'><strong>qua</strong></span> <span class='ocrx_word' id='word_1_469' title='bbox 1459 5196 1679 5251; x_wconf 90' lang='lat' dir='ltr'><strong>tandem</strong></span> 
     </span>
    </p>
   </div>
   <div class='ocr_carea' id='block_1_64' title="bbox 132 5285 1683 5359">
    <p class='ocr_par' dir='ltr' id='par_1_64' title="bbox 132 5285 1683 5359">
     <span class='ocr_line' id='line_1_65' title="bbox 132 5285 1683 5359; baseline 0.003 -21"><span class='ocrx_word' id='word_1_470' title='bbox 132 5287 321 5343; x_wconf 82' lang='lat' dir='ltr'><strong>ratione</strong></span> <span class='ocrx_word' id='word_1_471' title='bbox 346 5291 458 5346; x_wconf 62' lang='lat' dir='ltr'><strong>haec</strong></span> <span class='ocrx_word' id='word_1_472' title='bbox 487 5293 652 5346; x_wconf 88' lang='lat' dir='ltr'><strong>turris</strong></span> <span class='ocrx_word' id='word_1_473' title='bbox 674 5288 935 5345; x_wconf 59' lang='lat' dir='ltr'><strong>Ecclesiae</strong></span> <span class='ocrx_word' id='word_1_474' title='bbox 955 5289 1127 5359; x_wconf 76' lang='lat' dir='ltr'><strong>ligura</strong></span> <span class='ocrx_word' id='word_1_475' title='bbox 1153 5297 1318 5354; x_wconf 85' lang='lat' dir='ltr'><strong>esset,</strong></span> <span class='ocrx_word' id='word_1_476' title='bbox 1350 5288 1546 5358; x_wconf 87' lang='lat' dir='ltr'><strong>aperit.</strong></span> <span class='ocrx_word' id='word_1_477' title='bbox 1583 5285 1683 5342; x_wconf 84' lang='lat' dir='ltr'><strong>His</strong></span> 
     </span>
    </p>
   </div>
   <div class='ocr_carea' id='block_1_65' title="bbox 135 5376 1677 5455">
    <p class='ocr_par' dir='ltr' id='par_1_65' title="bbox 135 5376 1677 5455">
     <span class='ocr_line' id='line_1_66' title="bbox 135 5376 1677 5455; baseline 0.005 -27"><span class='ocrx_word' id='word_1_478' title='bbox 135 5376 213 5432; x_wconf 92' lang='lat' dir='ltr'><strong>ille</strong></span> <span class='ocrx_word' id='word_1_479' title='bbox 254 5382 409 5436; x_wconf 91' lang='lat' dir='ltr'><strong>trium</strong></span> <span class='ocrx_word' id='word_1_480' title='bbox 440 5384 687 5455; x_wconf 87' lang='lat' dir='ltr'><strong>ejusdem</strong></span> <span class='ocrx_word' id='word_1_481' title='bbox 735 5382 1021 5449; x_wconf 60' lang='lat' dir='ltr'><strong>Ecclesiae,</strong></span> <span class='ocrx_word' id='word_1_482' title='bbox 1061 5398 1227 5453; x_wconf 90' lang='lat' dir='ltr'><strong>quam</strong></span> <span class='ocrx_word' id='word_1_483' title='bbox 1278 5381 1383 5437; x_wconf 92' lang='lat' dir='ltr'><strong>sub</strong></span> <span class='ocrx_word' id='word_1_484' title='bbox 1424 5381 1677 5436; x_wconf 87' lang='lat' dir='ltr'><strong>mulieris</strong></span> 
     </span>
    </p>
   </div>
   <div class='ocr_carea' id='block_1_66' title="bbox 134 5471 1680 5552">
    <p class='ocr_par' dir='ltr' id='par_1_66' title="bbox 134 5471 1680 5552">
     <span class='ocr_line' id='line_1_67' title="bbox 134 5471 1680 5552; baseline 0.001 -27"><span class='ocrx_word' id='word_1_485' title='bbox 134 5471 296 5552; x_wconf 84' lang='lat' dir='ltr'><strong>specie</strong></span> <span class='ocrx_word' id='word_1_486' title='bbox 319 5474 554 5542; x_wconf 90' lang='lat' dir='ltr'><strong>viderat,</strong></span> <span class='ocrx_word' id='word_1_487' title='bbox 602 5474 887 5545; x_wconf 88' lang='lat' dir='ltr'><strong>subjungit</strong></span> <span class='ocrx_word' id='word_1_488' title='bbox 928 5473 1333 5543; x_wconf 88' lang='lat' dir='ltr'><strong>apparitionum</strong></span> <span class='ocrx_word' id='word_1_489' title='bbox 1377 5471 1680 5543; x_wconf 80' lang='lat' dir='ltr'><strong>expositio-</strong></span> 
     </span>
    </p>
   </div>
   <div class='ocr_carea' id='block_1_67' title="bbox 137 5573 264 5614">
    <p class='ocr_par' dir='ltr' id='par_1_67' title="bbox 137 5573 264 5614">
     <span class='ocr_line' id='line_1_68' title="bbox 137 5573 264 5614; baseline 0 -1"><span class='ocrx_word' id='word_1_490' title='bbox 137 5573 264 5614; x_wconf 71' lang='lat' dir='ltr'><strong>nem.</strong></span> 
     </span>
    </p>
   </div>
   <div class='ocr_carea' id='block_1_68' title="bbox 198 5653 1680 5729">
    <p class='ocr_par' dir='ltr' id='par_1_68' title="bbox 198 5653 1680 5729">
     <span class='ocr_line' id='line_1_69' title="bbox 198 5653 1680 5729; baseline 0.001 -22"><span class='ocrx_word' id='word_1_491' title='bbox 198 5653 386 5718; x_wconf 84' lang='lat' dir='ltr'><strong>Quarta</strong></span> <span class='ocrx_word' id='word_1_492' title='bbox 415 5660 711 5729; x_wconf 85' lang='lat' dir='ltr'><strong>ultimaque</strong></span> <span class='ocrx_word' id='word_1_493' title='bbox 726 5659 939 5714; x_wconf 72' lang='lat' dir='ltr'><strong>vnsione</strong></span> <span class='ocrx_word' id='word_1_494' title='bbox 975 5656 1207 5713; x_wconf 84' lang='lat' dir='ltr'><strong>Hermas</strong></span> <span class='ocrx_word' id='word_1_495' title='bbox 1235 5658 1526 5725; x_wconf 82' lang='lat' dir='ltr'><strong>conspexit</strong></span> <span class='ocrx_word' id='word_1_496' title='bbox 1559 5656 1680 5710; x_wconf 84' lang='lat' dir='ltr'><strong>bel-</strong></span> 
     </span>
    </p>
   </div>
   <div class='ocr_carea' id='block_1_69' title="bbox 156 5743 1681 5817">
    <p class='ocr_par' dir='ltr' id='par_1_69' title="bbox 156 5743 1681 5817">
     <span class='ocr_line' id='line_1_70' title="bbox 156 5743 1681 5817; baseline 0.007 -28"><span class='ocrx_word' id='word_1_497' title='bbox 156 5752 290 5808; x_wconf 86' lang='lat' dir='ltr'><strong>uam,</strong></span> <span class='ocrx_word' id='word_1_498' title='bbox 317 5759 432 5811; x_wconf 72' lang='lat' dir='ltr'><strong>qua:</strong></span> <span class='ocrx_word' id='word_1_499' title='bbox 462 5763 567 5803; x_wconf 90' lang='lat' dir='ltr'><strong>uno</strong></span> <span class='ocrx_word' id='word_1_500' title='bbox 599 5748 821 5804; x_wconf 90' lang='lat' dir='ltr'><strong>haustu.</strong></span> <span class='ocrx_word' id='word_1_501' title='bbox 854 5747 961 5805; x_wconf 84' lang='lat' dir='ltr'><strong>nisi</strong></span> <span class='ocrx_word' id='word_1_502' title='bbox 990 5743 1215 5817; x_wconf 77' lang='lat' dir='ltr'><strong>angelus</strong></span> <span class='ocrx_word' id='word_1_503' title='bbox 1247 5746 1570 5814; x_wconf 87' lang='lat' dir='ltr'><strong>obstitisset,</strong></span> <span class='ocrx_word' id='word_1_504' title='bbox 1599 5746 1681 5800; x_wconf 89' lang='lat' dir='ltr'><strong>ci-</strong></span> 
     </span>
    </p>
   </div>
   <div class='ocr_carea' id='block_1_70' title="bbox 1784 3702 3359 3783">
    <p class='ocr_par' dir='ltr' id='par_1_70' title="bbox 1784 3702 3359 3783">
     <span class='ocr_line' id='line_1_71' title="bbox 1784 3702 3359 3783; baseline -0.009 -14"><span class='ocrx_word' id='word_1_505' title='bbox 1784 3724 1898 3769; x_wconf 88' lang='lat' dir='ltr'><strong>tum</strong></span> <span class='ocrx_word' id='word_1_506' title='bbox 1934 3712 2386 3783; x_wconf 70' lang='lat' dir='ltr'><strong>(equanimitatem</strong></span> <span class='ocrx_word' id='word_1_507' title='bbox 2417 3719 2467 3763; x_wconf 86' lang='lat' dir='ltr'><strong>et</strong></span> <span class='ocrx_word' id='word_1_508' title='bbox 2490 3708 2807 3779; x_wconf 86' lang='lat' dir='ltr'><strong>patientiam</strong></span> <span class='ocrx_word' id='word_1_509' title='bbox 2849 3704 3113 3777; x_wconf 63' lang='lat' dir='ltr'><strong>principit.</strong></span> <span class='ocrx_word' id='word_1_510' title='bbox 3152 3702 3318 3757; x_wconf 80' lang='lat' dir='ltr'><strong>Sexto</strong></span> <span class='ocrx_word' id='word_1_511' title='bbox 3342 3742 3359 3768; x_wconf 91' lang='lat'><strong>,</strong></span> 
     </span>
    </p>
   </div>
   <div class='ocr_carea' id='block_1_71' title="bbox 1780 3796 3361 3873">
    <p class='ocr_par' dir='ltr' id='par_1_71' title="bbox 1780 3796 3361 3873">
     <span class='ocr_line' id='line_1_72' title="bbox 1780 3796 3361 3873; baseline -0.008 -13"><span class='ocrx_word' id='word_1_512' title='bbox 1780 3806 1905 3860; x_wconf 61' lang='lat' dir='ltr'><strong>dum</strong></span> <span class='ocrx_word' id='word_1_513' title='bbox 1934 3805 2035 3859; x_wconf 69' lang='lat' dir='ltr'><strong>viae</strong></span> <span class='ocrx_word' id='word_1_514' title='bbox 2058 3814 2113 3858; x_wconf 86' lang='lat' dir='ltr'><strong>et</strong></span> <span class='ocrx_word' id='word_1_515' title='bbox 2147 3804 2258 3858; x_wconf 94' lang='lat' dir='ltr'><strong>duo</strong></span> <span class='ocrx_word' id='word_1_516' title='bbox 2282 3801 2450 3873; x_wconf 85' lang='lat' dir='ltr'><strong>genii,</strong></span> <span class='ocrx_word' id='word_1_517' title='bbox 2477 3815 2713 3871; x_wconf 89' lang='lat' dir='ltr'><strong>quorum</strong></span> <span class='ocrx_word' id='word_1_518' title='bbox 2741 3796 3147 3866; x_wconf 72' lang='lat' dir='ltr'><strong>unusjustitim,</strong></span> <span class='ocrx_word' id='word_1_519' title='bbox 3179 3802 3234 3850; x_wconf 89' lang='lat' dir='ltr'><strong>et</strong></span> <span class='ocrx_word' id='word_1_520' title='bbox 3269 3810 3361 3849; x_wconf 86' lang='lat' dir='ltr'><strong>se-</strong></span> 
     </span>
    </p>
   </div>
   <div class='ocr_carea' id='block_1_72' title="bbox 1781 3887 3363 3967">
    <p class='ocr_par' dir='ltr' id='par_1_72' title="bbox 1781 3887 3363 3967">
     <span class='ocr_line' id='line_1_73' title="bbox 1781 3887 3363 3967; baseline -0.008 -17"><span class='ocrx_word' id='word_1_521' title='bbox 1781 3895 2072 3967; x_wconf 82' lang='lat' dir='ltr'><strong>quendus;</strong></span> <span class='ocrx_word' id='word_1_522' title='bbox 2101 3894 2237 3948; x_wconf 89' lang='lat' dir='ltr'><strong>alter</strong></span> <span class='ocrx_word' id='word_1_523' title='bbox 2268 3891 2571 3963; x_wconf 73' lang='lat' dir='ltr'><strong>injustitim,</strong></span> <span class='ocrx_word' id='word_1_524' title='bbox 2597 3899 2651 3945; x_wconf 90' lang='lat' dir='ltr'><strong>et</strong></span> <span class='ocrx_word' id='word_1_525' title='bbox 2679 3888 3031 3958; x_wconf 81' lang='lat' dir='ltr'><strong>expellendus</strong></span> <span class='ocrx_word' id='word_1_526' title='bbox 3062 3887 3363 3941; x_wconf 87' lang='lat' dir='ltr'><strong>ostendun-</strong></span> 
     </span>
    </p>
   </div>
   <div class='ocr_carea' id='block_1_73' title="bbox 1780 3977 3359 4057">
    <p class='ocr_par' dir='ltr' id='par_1_73' title="bbox 1780 3977 3359 4057">
     <span class='ocr_line' id='line_1_74' title="bbox 1780 3977 3359 4057; baseline -0.009 -15"><span class='ocrx_word' id='word_1_527' title='bbox 1780 3996 1890 4043; x_wconf 91' lang='lat' dir='ltr'><strong>tur.</strong></span> <span class='ocrx_word' id='word_1_528' title='bbox 1922 3986 2188 4057; x_wconf 88' lang='lat' dir='ltr'><strong>Septimo,</strong></span> <span class='ocrx_word' id='word_1_529' title='bbox 2237 3980 2409 4038; x_wconf 88' lang='lat' dir='ltr'><strong>Deum</strong></span> <span class='ocrx_word' id='word_1_530' title='bbox 2450 3981 2773 4047; x_wconf 89' lang='lat' dir='ltr'><strong>timendum,</strong></span> <span class='ocrx_word' id='word_1_531' title='bbox 2821 3979 3046 4033; x_wconf 88' lang='lat' dir='ltr'><strong>minime</strong></span> <span class='ocrx_word' id='word_1_532' title='bbox 3088 3992 3216 4031; x_wconf 85' lang='lat' dir='ltr'><strong>vero</strong></span> <span class='ocrx_word' id='word_1_533' title='bbox 3247 3977 3359 4030; x_wconf 63' lang='lat' dir='ltr'><strong>daa-</strong></span> 
     </span>
    </p>
   </div>
   <div class='ocr_carea' id='block_1_74' title="bbox 1779 4068 3359 4142">
    <p class='ocr_par' dir='ltr' id='par_1_74' title="bbox 1779 4068 3359 4142">
     <span class='ocr_line' id='line_1_75' title="bbox 1779 4068 3359 4142; baseline -0.008 -9"><span class='ocrx_word' id='word_1_534' title='bbox 1779 4093 2022 4134; x_wconf 84' lang='lat' dir='ltr'><strong>mnuem.</strong></span> <span class='ocrx_word' id='word_1_535' title='bbox 2072 4078 2500 4142; x_wconf 89' lang='lat' dir='ltr'><strong>Oetavo,omne</strong></span> <span class='ocrx_word' id='word_1_536' title='bbox 2542 4073 2748 4128; x_wconf 89' lang='lat' dir='ltr'><strong>malum</strong></span> <span class='ocrx_word' id='word_1_537' title='bbox 2801 4071 2948 4141; x_wconf 93' lang='lat' dir='ltr'><strong>quod</strong></span> <span class='ocrx_word' id='word_1_538' title='bbox 3000 4068 3359 4139; x_wconf 83' lang='lat' dir='ltr'><strong>fugiendum,</strong></span> 
     </span>
    </p>
   </div>
   <div class='ocr_carea' id='block_1_75' title="bbox 1781 4159 3359 4237">
    <p class='ocr_par' dir='ltr' id='par_1_75' title="bbox 1781 4159 3359 4237">
     <span class='ocr_line' id='line_1_76' title="bbox 1781 4159 3359 4237; baseline -0.008 -13"><span class='ocrx_word' id='word_1_539' title='bbox 1781 4185 1946 4225; x_wconf 89' lang='lat' dir='ltr'><strong>omne</strong></span> <span class='ocrx_word' id='word_1_540' title='bbox 1982 4169 2191 4223; x_wconf 90' lang='lat' dir='ltr'><strong>bonum</strong></span> <span class='ocrx_word' id='word_1_541' title='bbox 2223 4165 2371 4237; x_wconf 91' lang='lat' dir='ltr'><strong>quod</strong></span> <span class='ocrx_word' id='word_1_542' title='bbox 2403 4165 2672 4236; x_wconf 84' lang='lat' dir='ltr'><strong>agendum</strong></span> <span class='ocrx_word' id='word_1_543' title='bbox 2719 4174 2819 4219; x_wconf 87' lang='lat' dir='ltr'><strong>est.</strong></span> <span class='ocrx_word' id='word_1_544' title='bbox 2854 4160 3033 4227; x_wconf 83' lang='lat' dir='ltr'><strong>Nono,</strong></span> <span class='ocrx_word' id='word_1_545' title='bbox 3063 4175 3185 4229; x_wconf 73' lang='lat' dir='ltr'><strong>qum</strong></span> <span class='ocrx_word' id='word_1_546' title='bbox 3216 4159 3359 4213; x_wconf 89' lang='lat' dir='ltr'><strong>bona</strong></span> 
     </span>
    </p>
   </div>
   <div class='ocr_carea' id='block_1_76' title="bbox 1782 4259 3363 4324">
    <p class='ocr_par' dir='ltr' id='par_1_76' title="bbox 1782 4259 3363 4324">
     <span class='ocr_line' id='line_1_77' title="bbox 1782 4259 3363 4324; baseline -0.009 -4"><span class='ocrx_word' id='word_1_547' title='bbox 1782 4267 1894 4321; x_wconf 90' lang='lat' dir='ltr'><strong>sint</strong></span> <span class='ocrx_word' id='word_1_548' title='bbox 1932 4264 1988 4319; x_wconf 91' lang='lat' dir='ltr'><strong>in</strong></span> <span class='ocrx_word' id='word_1_549' title='bbox 2030 4264 2281 4319; x_wconf 87' lang='lat' dir='ltr'><strong>oratione</strong></span> <span class='ocrx_word' id='word_1_550' title='bbox 2321 4262 2441 4318; x_wconf 90' lang='lat' dir='ltr'><strong>sine</strong></span> <span class='ocrx_word' id='word_1_551' title='bbox 2478 4259 2821 4316; x_wconf 89' lang='lat' dir='ltr'><strong>dubitatione</strong></span> <span class='ocrx_word' id='word_1_552' title='bbox 2854 4266 2908 4312; x_wconf 94' lang='lat' dir='ltr'><strong>et</strong></span> <span class='ocrx_word' id='word_1_553' title='bbox 2939 4272 3063 4312; x_wconf 93' lang='lat' dir='ltr'><strong>cum</strong></span> <span class='ocrx_word' id='word_1_554' title='bbox 3108 4270 3363 4324; x_wconf 82' lang='lat' dir='ltr'><strong>perseve-</strong></span> 
     </span>
    </p>
   </div>
   <div class='ocr_carea' id='block_1_77' title="bbox 1780 4346 3362 4423">
    <p class='ocr_par' dir='ltr' id='par_1_77' title="bbox 1780 4346 3362 4423">
     <span class='ocr_line' id='line_1_78' title="bbox 1780 4346 3362 4423; baseline -0.008 -13"><span class='ocrx_word' id='word_1_555' title='bbox 1780 4354 1981 4423; x_wconf 84' lang='lat' dir='ltr'><strong>rantia,</strong></span> <span class='ocrx_word' id='word_1_556' title='bbox 2006 4369 2036 4409; x_wconf 91' lang='lat' dir='ltr'><strong>a</strong></span> <span class='ocrx_word' id='word_1_557' title='bbox 2061 4353 2174 4409; x_wconf 89' lang='lat' dir='ltr'><strong>Deo</strong></span> <span class='ocrx_word' id='word_1_558' title='bbox 2191 4369 2405 4423; x_wconf 91' lang='lat' dir='ltr'><strong>semper</strong></span> <span class='ocrx_word' id='word_1_559' title='bbox 2430 4352 2779 4423; x_wconf 84' lang='lat' dir='ltr'><strong>postulanda.</strong></span> <span class='ocrx_word' id='word_1_560' title='bbox 2806 4349 3086 4403; x_wconf 82' lang='lat' dir='ltr'><strong>Decimum</strong></span> <span class='ocrx_word' id='word_1_561' title='bbox 3109 4346 3362 4415; x_wconf 85' lang='lat' dir='ltr'><strong>prohibet</strong></span> 
     </span>
    </p>
   </div>
   <div class='ocr_carea' id='block_1_78' title="bbox 1781 4440 3362 4518">
    <p class='ocr_par' dir='ltr' id='par_1_78' title="bbox 1781 4440 3362 4518">
     <span class='ocr_line' id='line_1_79' title="bbox 1781 4440 3362 4518; baseline -0.009 -14"><span class='ocrx_word' id='word_1_562' title='bbox 1781 4448 2095 4515; x_wconf 85' lang='lat' dir='ltr'><strong>tristitiam,</strong></span> <span class='ocrx_word' id='word_1_563' title='bbox 2132 4462 2256 4518; x_wconf 66' lang='lat' dir='ltr'><strong>quae</strong></span> <span class='ocrx_word' id='word_1_564' title='bbox 2299 4446 2415 4516; x_wconf 81' lang='lat' dir='ltr'><strong>ﬁlia</strong></span> <span class='ocrx_word' id='word_1_565' title='bbox 2441 4444 2792 4498; x_wconf 80' lang='lat' dir='ltr'><strong>dubitationis</strong></span> <span class='ocrx_word' id='word_1_566' title='bbox 2821 4452 2870 4495; x_wconf 91' lang='lat' dir='ltr'><strong>et</strong></span> <span class='ocrx_word' id='word_1_567' title='bbox 2901 4440 3197 4495; x_wconf 70' lang='lat' dir='ltr'><strong>iracundiis</strong></span> <span class='ocrx_word' id='word_1_568' title='bbox 3239 4453 3362 4491; x_wconf 79' lang='lat' dir='ltr'><strong>esse</strong></span> 
     </span>
    </p>
   </div>
   <div class='ocr_carea' id='block_1_79' title="bbox 1782 4529 3363 4605">
    <p class='ocr_par' dir='ltr' id='par_1_79' title="bbox 1782 4529 3363 4605">
     <span class='ocr_line' id='line_1_80' title="bbox 1782 4529 3363 4605; baseline -0.009 -11"><span class='ocrx_word' id='word_1_569' title='bbox 1782 4539 2209 4594; x_wconf 88' lang='lat' dir='ltr'><strong>demonstratur.</strong></span> <span class='ocrx_word' id='word_1_570' title='bbox 2246 4535 2605 4592; x_wconf 90' lang='lat' dir='ltr'><strong>Undecimum</strong></span> <span class='ocrx_word' id='word_1_571' title='bbox 2644 4534 2819 4605; x_wconf 88' lang='lat' dir='ltr'><strong>aperit</strong></span> <span class='ocrx_word' id='word_1_572' title='bbox 2861 4532 2993 4604; x_wconf 92' lang='lat' dir='ltr'><strong>quid</strong></span> <span class='ocrx_word' id='word_1_573' title='bbox 3029 4529 3363 4585; x_wconf 84' lang='lat' dir='ltr'><strong>discriminis</strong></span> 
     </span>
    </p>
   </div>
   <div class='ocr_carea' id='block_1_80' title="bbox 1785 4621 3361 4697">
    <p class='ocr_par' dir='ltr' id='par_1_80' title="bbox 1785 4621 3361 4697">
     <span class='ocr_line' id='line_1_81' title="bbox 1785 4621 3361 4697; baseline -0.01 -12"><span class='ocrx_word' id='word_1_574' title='bbox 1785 4630 1860 4685; x_wconf 88' lang='lat' dir='ltr'><strong>sit</strong></span> <span class='ocrx_word' id='word_1_575' title='bbox 1885 4645 2047 4685; x_wconf 83' lang='lat' dir='ltr'><strong>veros</strong></span> <span class='ocrx_word' id='word_1_576' title='bbox 2078 4629 2219 4683; x_wconf 90' lang='lat' dir='ltr'><strong>inter</strong></span> <span class='ocrx_word' id='word_1_577' title='bbox 2248 4643 2315 4683; x_wconf 86' lang='lat' dir='ltr'><strong>ac</strong></span> <span class='ocrx_word' id='word_1_578' title='bbox 2351 4626 2522 4681; x_wconf 87' lang='lat' dir='ltr'><strong>falsos</strong></span> <span class='ocrx_word' id='word_1_579' title='bbox 2564 4626 2892 4697; x_wconf 86' lang='lat' dir='ltr'><strong>prophetas;</strong></span> <span class='ocrx_word' id='word_1_580' title='bbox 2919 4623 2986 4677; x_wconf 92' lang='lat' dir='ltr'><strong>de</strong></span> <span class='ocrx_word' id='word_1_581' title='bbox 3009 4621 3209 4691; x_wconf 87' lang='lat' dir='ltr'><strong>quibus</strong></span> <span class='ocrx_word' id='word_1_582' title='bbox 3243 4634 3361 4672; x_wconf 85' lang='lat' dir='ltr'><strong>rur-</strong></span> 
     </span>
    </p>
   </div>
   <div class='ocr_carea' id='block_1_81' title="bbox 1783 4708 3363 4782">
    <p class='ocr_par' dir='ltr' id='par_1_81' title="bbox 1783 4708 3363 4782">
     <span class='ocr_line' id='line_1_82' title="bbox 1783 4708 3363 4782; baseline -0.012 -5"><span class='ocrx_word' id='word_1_583' title='bbox 1783 4737 1879 4778; x_wconf 88' lang='lat' dir='ltr'><strong>sus</strong></span> <span class='ocrx_word' id='word_1_584' title='bbox 1910 4734 1965 4777; x_wconf 89' lang='lat' dir='ltr'><strong>et</strong></span> <span class='ocrx_word' id='word_1_585' title='bbox 1992 4723 2045 4776; x_wconf 91' lang='lat' dir='ltr'><strong>in</strong></span> <span class='ocrx_word' id='word_1_586' title='bbox 2076 4720 2426 4782; x_wconf 88' lang='lat' dir='ltr'><strong>duodecimo,</strong></span> <span class='ocrx_word' id='word_1_587' title='bbox 2453 4719 2545 4773; x_wconf 89' lang='lat' dir='ltr'><strong>ubi</strong></span> <span class='ocrx_word' id='word_1_588' title='bbox 2577 4718 2645 4771; x_wconf 92' lang='lat' dir='ltr'><strong>de</strong></span> <span class='ocrx_word' id='word_1_589' title='bbox 2679 4717 2821 4771; x_wconf 88' lang='lat' dir='ltr'><strong>bona</strong></span> <span class='ocrx_word' id='word_1_590' title='bbox 2866 4714 3118 4782; x_wconf 86' lang='lat' dir='ltr'><strong>malaque</strong></span> <span class='ocrx_word' id='word_1_591' title='bbox 3151 4708 3363 4778; x_wconf 85' lang='lat' dir='ltr'><strong>cupidi-</strong></span> 
     </span>
    </p>
   </div>
   <div class='ocr_carea' id='block_1_82' title="bbox 1782 4806 3359 4882">
    <p class='ocr_par' dir='ltr' id='par_1_82' title="bbox 1782 4806 3359 4882">
     <span class='ocr_line' id='line_1_83' title="bbox 1782 4806 3359 4882; baseline -0.011 -13"><span class='ocrx_word' id='word_1_592' title='bbox 1782 4823 1914 4879; x_wconf 90' lang='lat' dir='ltr'><strong>tate,</strong></span> <span class='ocrx_word' id='word_1_593' title='bbox 1967 4814 2139 4869; x_wconf 90' lang='lat' dir='ltr'><strong>altera</strong></span> <span class='ocrx_word' id='word_1_594' title='bbox 2196 4813 2512 4882; x_wconf 82' lang='lat' dir='ltr'><strong>sequenda,</strong></span> <span class='ocrx_word' id='word_1_595' title='bbox 2563 4808 2817 4880; x_wconf 80' lang='lat' dir='ltr'><strong>fugienda</strong></span> <span class='ocrx_word' id='word_1_596' title='bbox 2858 4806 3028 4859; x_wconf 89' lang='lat' dir='ltr'><strong>altera</strong></span> <span class='ocrx_word' id='word_1_597' title='bbox 3052 4810 3359 4866; x_wconf 56' lang='lat' dir='ltr'><strong>,tractatur.</strong></span> 
     </span>
    </p>
   </div>
   <div class='ocr_carea' id='block_1_83' title="bbox 1784 4890 3363 4969">
    <p class='ocr_par' dir='ltr' id='par_1_83' title="bbox 1784 4890 3363 4969">
     <span class='ocr_line' id='line_1_84' title="bbox 1784 4890 3363 4969; baseline -0.012 -10"><span class='ocrx_word' id='word_1_598' title='bbox 1784 4903 1916 4959; x_wconf 89' lang='lat' dir='ltr'><strong>Post</strong></span> <span class='ocrx_word' id='word_1_599' title='bbox 1945 4904 2059 4957; x_wconf 73' lang='lat' dir='ltr'><strong>haec</strong></span> <span class='ocrx_word' id='word_1_600' title='bbox 2081 4901 2277 4957; x_wconf 86' lang='lat' dir='ltr'><strong>Pastor</strong></span> <span class='ocrx_word' id='word_1_601' title='bbox 2304 4898 2519 4955; x_wconf 61' lang='lat' dir='ltr'><strong>Hermas</strong></span> <span class='ocrx_word' id='word_1_602' title='bbox 2549 4900 2801 4969; x_wconf 89' lang='lat' dir='ltr'><strong>imperat,</strong></span> <span class='ocrx_word' id='word_1_603' title='bbox 2842 4904 2903 4949; x_wconf 91' lang='lat' dir='ltr'><strong>ut</strong></span> <span class='ocrx_word' id='word_1_604' title='bbox 2928 4893 3222 4962; x_wconf 81' lang='lat' dir='ltr'><strong>diligenter</strong></span> <span class='ocrx_word' id='word_1_605' title='bbox 3247 4890 3363 4942; x_wconf 71' lang='lat' dir='ltr'><strong>haac</strong></span> 
     </span>
    </p>
   </div>
   <div class='ocr_carea' id='block_1_84' title="bbox 1790 4990 3363 5058">
    <p class='ocr_par' dir='ltr' id='par_1_84' title="bbox 1790 4990 3363 5058">
     <span class='ocr_line' id='line_1_85' title="bbox 1790 4990 3363 5058; baseline -0.01 -8"><span class='ocrx_word' id='word_1_606' title='bbox 1790 4996 1975 5050; x_wconf 90' lang='lat' dir='ltr'><strong>omnia</strong></span> <span class='ocrx_word' id='word_1_607' title='bbox 2007 5003 2190 5050; x_wconf 88' lang='lat' dir='ltr'><strong>servet</strong></span> <span class='ocrx_word' id='word_1_608' title='bbox 2213 4994 2491 5057; x_wconf 86' lang='lat' dir='ltr'><strong>mandata,</strong></span> <span class='ocrx_word' id='word_1_609' title='bbox 2535 4992 2898 5058; x_wconf 86' lang='lat' dir='ltr'><strong>hortaturque</strong></span> <span class='ocrx_word' id='word_1_610' title='bbox 2940 5000 3169 5049; x_wconf 89' lang='lat' dir='ltr'><strong>omnes,</strong></span> <span class='ocrx_word' id='word_1_611' title='bbox 3207 4990 3268 5036; x_wconf 92' lang='lat' dir='ltr'><strong>ut</strong></span> <span class='ocrx_word' id='word_1_612' title='bbox 3298 4997 3363 5035; x_wconf 85' lang='lat' dir='ltr'><strong>ea</strong></span> 
     </span>
    </p>
   </div>
   <div class='ocr_carea' id='block_1_85' title="bbox 1785 5077 3364 5158">
    <p class='ocr_par' dir='ltr' id='par_1_85' title="bbox 1785 5077 3364 5158">
     <span class='ocr_line' id='line_1_86' title="bbox 1785 5077 3364 5158; baseline -0.011 -15"><span class='ocrx_word' id='word_1_613' title='bbox 1785 5087 1990 5158; x_wconf 86' lang='lat' dir='ltr'><strong>pariter</strong></span> <span class='ocrx_word' id='word_1_614' title='bbox 2017 5085 2328 5141; x_wconf 86' lang='lat' dir='ltr'><strong>observent.</strong></span> <span class='ocrx_word' id='word_1_615' title='bbox 2364 5084 2608 5152; x_wconf 82' lang='lat' dir='ltr'><strong>Denique</strong></span> <span class='ocrx_word' id='word_1_616' title='bbox 2636 5083 2776 5137; x_wconf 90' lang='lat' dir='ltr'><strong>idem</strong></span> <span class='ocrx_word' id='word_1_617' title='bbox 2807 5080 3004 5134; x_wconf 88' lang='lat' dir='ltr'><strong>Pastor</strong></span> <span class='ocrx_word' id='word_1_618' title='bbox 3030 5077 3172 5131; x_wconf 89' lang='lat' dir='ltr'><strong>hanc</strong></span> <span class='ocrx_word' id='word_1_619' title='bbox 3207 5088 3364 5128; x_wconf 88' lang='lat' dir='ltr'><strong>man-</strong></span> 
     </span>
    </p>
   </div>
   <div class='ocr_carea' id='block_1_86' title="bbox 1786 5167 3364 5242">
    <p class='ocr_par' dir='ltr' id='par_1_86' title="bbox 1786 5167 3364 5242">
     <span class='ocr_line' id='line_1_87' title="bbox 1786 5167 3364 5242; baseline -0.009 -11"><span class='ocrx_word' id='word_1_620' title='bbox 1786 5177 2040 5231; x_wconf 88' lang='lat' dir='ltr'><strong>datorum</strong></span> <span class='ocrx_word' id='word_1_621' title='bbox 2091 5175 2571 5239; x_wconf 85' lang='lat' dir='ltr'><strong>observationem,</strong></span> <span class='ocrx_word' id='word_1_622' title='bbox 2622 5185 2846 5242; x_wconf 83' lang='lat' dir='ltr'><strong>propter</strong></span> <span class='ocrx_word' id='word_1_623' title='bbox 2892 5183 3057 5240; x_wconf 91' lang='lat' dir='ltr'><strong>quam</strong></span> <span class='ocrx_word' id='word_1_624' title='bbox 3111 5167 3364 5221; x_wconf 86' lang='lat' dir='ltr'><strong>homines</strong></span> 
     </span>
    </p>
   </div>
   <div class='ocr_carea' id='block_1_87' title="bbox 1784 5263 3112 5332">
    <p class='ocr_par' dir='ltr' id='par_1_87' title="bbox 1784 5263 3112 5332">
     <span class='ocr_line' id='line_1_88' title="bbox 1784 5263 3112 5332; baseline -0.008 -11"><span class='ocrx_word' id='word_1_625' title='bbox 1784 5267 1952 5321; x_wconf 84' lang='lat' dir='ltr'><strong>vivent</strong></span> <span class='ocrx_word' id='word_1_626' title='bbox 1984 5265 2118 5332; x_wconf 86' lang='lat' dir='ltr'><strong>Deo,</strong></span> <span class='ocrx_word' id='word_1_627' title='bbox 2143 5265 2224 5319; x_wconf 89' lang='lat' dir='ltr'><strong>eis</strong></span> <span class='ocrx_word' id='word_1_628' title='bbox 2254 5264 2571 5320; x_wconf 82' lang='lat' dir='ltr'><strong>facillimam</strong></span> <span class='ocrx_word' id='word_1_629' title='bbox 2596 5278 2719 5319; x_wconf 88' lang='lat' dir='ltr'><strong>esse</strong></span> <span class='ocrx_word' id='word_1_630' title='bbox 2751 5263 3112 5317; x_wconf 88' lang='lat' dir='ltr'><strong>demonstrat.</strong></span> 
     </span>
    </p>
   </div>
   <div class='ocr_carea' id='block_1_88' title="bbox 1855 5370 3361 5450">
    <p class='ocr_par' dir='ltr' id='par_1_88' title="bbox 1855 5370 3361 5450">
     <span class='ocr_line' id='line_1_89' title="bbox 1855 5370 3361 5450; baseline -0.009 -17"><span class='ocrx_word' id='word_1_631' title='bbox 1855 5379 1905 5436; x_wconf 91' lang='lat' dir='ltr'><strong>ls</strong></span> <span class='ocrx_word' id='word_1_632' title='bbox 1935 5396 2097 5450; x_wconf 90' lang='lat' dir='ltr'><strong>porro</strong></span> <span class='ocrx_word' id='word_1_633' title='bbox 2125 5382 2179 5434; x_wconf 89' lang='lat' dir='ltr'><strong>in</strong></span> <span class='ocrx_word' id='word_1_634' title='bbox 2221 5395 2422 5435; x_wconf 81' lang='lat' dir='ltr'><strong>TERTIO</strong></span> <span class='ocrx_word' id='word_1_635' title='bbox 2458 5394 2613 5434; x_wconf 74' lang='lat' dir='ltr'><strong>uano</strong></span> <span class='ocrx_word' id='word_1_636' title='bbox 2642 5380 2707 5433; x_wconf 89' lang='lat' dir='ltr'><strong>ad</strong></span> <span class='ocrx_word' id='word_1_637' title='bbox 2744 5377 2926 5432; x_wconf 87' lang='lat' dir='ltr'><strong>varias</strong></span> <span class='ocrx_word' id='word_1_638' title='bbox 2958 5370 3361 5433; x_wconf 79' lang='lat' dir='ltr'><strong>similitudines,</strong></span> 
     </span>
    </p>
   </div>
   <div class='ocr_carea' id='block_1_89' title="bbox 1784 5467 3359 5541">
    <p class='ocr_par' dir='ltr' id='par_1_89' title="bbox 1784 5467 3359 5541">
     <span class='ocr_line' id='line_1_90' title="bbox 1784 5467 3359 5541; baseline -0.008 -17"><span class='ocrx_word' id='word_1_639' title='bbox 1784 5472 1985 5541; x_wconf 79' lang='lat' dir='ltr'><strong>quibus</strong></span> <span class='ocrx_word' id='word_1_640' title='bbox 2006 5470 2260 5525; x_wconf 76' lang='lat' dir='ltr'><strong>lict-mam</strong></span> <span class='ocrx_word' id='word_1_641' title='bbox 2280 5471 2495 5526; x_wconf 87' lang='lat' dir='ltr'><strong>erudire</strong></span> <span class='ocrx_word' id='word_1_642' title='bbox 2524 5470 2718 5540; x_wconf 89' lang='lat' dir='ltr'><strong>pergit,</strong></span> <span class='ocrx_word' id='word_1_643' title='bbox 2742 5467 3005 5523; x_wconf 80' lang='lat' dir='ltr'><strong>convertit</strong></span> <span class='ocrx_word' id='word_1_644' title='bbox 3030 5474 3359 5519; x_wconf 82' lang='lat' dir='ltr'><strong>sermonem.</strong></span> 
     </span>
    </p>
   </div>
   <div class='ocr_carea' id='block_1_90' title="bbox 1792 5556 3362 5634">
    <p class='ocr_par' dir='ltr' id='par_1_90' title="bbox 1792 5556 3362 5634">
     <span class='ocr_line' id='line_1_91' title="bbox 1792 5556 3362 5634; baseline -0.008 -18"><span class='ocrx_word' id='word_1_645' title='bbox 1792 5564 1955 5619; x_wconf 88' lang='lat' dir='ltr'><strong>Docet</strong></span> <span class='ocrx_word' id='word_1_646' title='bbox 1983 5564 2165 5634; x_wconf 89' lang='lat' dir='ltr'><strong>itaque</strong></span> <span class='ocrx_word' id='word_1_647' title='bbox 2188 5580 2294 5618; x_wconf 91' lang='lat' dir='ltr'><strong>non</strong></span> <span class='ocrx_word' id='word_1_648' title='bbox 2325 5563 2529 5619; x_wconf 86' lang='lat' dir='ltr'><strong>divitiis</strong></span> <span class='ocrx_word' id='word_1_649' title='bbox 2555 5560 2985 5622; x_wconf 84' lang='lat' dir='ltr'><strong>accumulandis,</strong></span> <span class='ocrx_word' id='word_1_650' title='bbox 3005 5556 3096 5610; x_wconf 89' lang='lat' dir='ltr'><strong>sed</strong></span> <span class='ocrx_word' id='word_1_651' title='bbox 3127 5566 3362 5621; x_wconf 75' lang='lat' dir='ltr'><strong>erOgau-</strong></span> 
     </span>
    </p>
   </div>
   <div class='ocr_carea' id='block_1_91' title="bbox 1786 5646 3366 5724">
    <p class='ocr_par' dir='ltr' id='par_1_91' title="bbox 1786 5646 3366 5724">
     <span class='ocr_line' id='line_1_92' title="bbox 1786 5646 3366 5724; baseline -0.008 -16"><span class='ocrx_word' id='word_1_652' title='bbox 1786 5653 1871 5708; x_wconf 85' lang='lat' dir='ltr'><strong>di-s</strong></span> <span class='ocrx_word' id='word_1_653' title='bbox 1896 5653 2254 5724; x_wconf 83' lang='lat' dir='ltr'><strong>eleetnosynis</strong></span> <span class='ocrx_word' id='word_1_654' title='bbox 2278 5653 2721 5708; x_wconf 90' lang='lat' dir='ltr'><strong>ineumbendum.</strong></span> <span class='ocrx_word' id='word_1_655' title='bbox 2748 5649 2903 5716; x_wconf 85' lang='lat' dir='ltr'><strong>Quod</strong></span> <span class='ocrx_word' id='word_1_656' title='bbox 2927 5646 3141 5717; x_wconf 83' lang='lat' dir='ltr'><strong>quidem</strong></span> <span class='ocrx_word' id='word_1_657' title='bbox 3168 5646 3366 5712; x_wconf 71' lang='lat' dir='ltr'><strong>probat</strong></span> 
     </span>
    </p>
   </div>
   <div class='ocr_carea' id='block_1_92' title="bbox 1787 5743 3364 5813">
    <p class='ocr_par' dir='ltr' id='par_1_92' title="bbox 1787 5743 3364 5813">
     <span class='ocr_line' id='line_1_93' title="bbox 1787 5743 3364 5813; baseline -0.011 -8"><span class='ocrx_word' id='word_1_658' title='bbox 1787 5747 2145 5805; x_wconf 78' lang='lat' dir='ltr'><strong>similitudine</strong></span> <span class='ocrx_word' id='word_1_659' title='bbox 2174 5747 2300 5804; x_wconf 89' lang='lat' dir='ltr'><strong>vitis</strong></span> <span class='ocrx_word' id='word_1_660' title='bbox 2324 5762 2447 5803; x_wconf 91' lang='lat' dir='ltr'><strong>cum</strong></span> <span class='ocrx_word' id='word_1_661' title='bbox 2479 5746 2645 5802; x_wconf 86' lang='lat' dir='ltr'><strong>divite</strong></span> <span class='ocrx_word' id='word_1_662' title='bbox 2666 5788 2679 5813; x_wconf 91' lang='lat'><strong>,</strong></span> <span class='ocrx_word' id='word_1_663' title='bbox 2715 5755 2767 5800; x_wconf 78' lang='lat' dir='ltr'><strong>et</strong></span> <span class='ocrx_word' id='word_1_664' title='bbox 2792 5743 2921 5799; x_wconf 88' lang='lat' dir='ltr'><strong>ulmi</strong></span> <span class='ocrx_word' id='word_1_665' title='bbox 2947 5754 3069 5796; x_wconf 82' lang='lat' dir='ltr'><strong>eum</strong></span> <span class='ocrx_word' id='word_1_666' title='bbox 3101 5752 3364 5808; x_wconf 80' lang='lat' dir='ltr'><strong>paupere,</strong></span> 
     </span>
    </p>
   </div>
  </div>
