3822 6218
388 272 485 327 811

1763 261 2108 319 ANACLETI
2147 257 2346 319 PAPE

3556 262 3679 316 812

389 397 510 437 rum
534 382 785 453 principe
821 382 1106 453 presbyter
1140 381 1448 443 ordinatus,
1478 378 1738 433 omnibus
1764 378 1975 447 episco-
2004 383 2050 438 Α
2076 377 2346 448 denegare
2369 377 2542 447 possit
2563 376 2932 433 dubitationes
2949 377 3034 432 vel
3054 377 3406 434 necessitates
3429 375 3683 431 eornm’

389 472 473 542 pis
496 486 561 526 ac
596 474 826 544 reliquis
851 472 1057 528 Christi
1080 471 1463 527 sacerdotibus
1499 470 1755 523 salutem.

456 579 778 638 Benedictus
803 582 943 636 Deus
967 592 1016 636 et
1038 581 1203 635 Pater
1232 580 1445 632 Domini
1477 579 1642 631 nostri
1666 576 1793 630 Jesu
1818 575 1973 629 Chri-

391 683 489 742 sti,
518 676 605 745 qui
627 674 891 728 benedixit
925 690 1017 726 nos
1050 674 1107 725 in
1140 674 1280 725 omni
1314 670 1670 724 benedictione
1700 666 1973 737 spirituali

390 764 450 820 in
482 766 772 821 caelestibus
803 766 857 817 in
874 763 1109 829 Christo,
1148 765 1284 817 sicut
1308 761 1465 831 elegit
1496 778 1588 815 nos
1615 762 1673 813 in
1702 761 1816 829 ipso
1852 766 1972 811 ante

396 858 580 911 mundi
610 856 1057 919 constitutionem,
1080 865 1137 907 ut
1163 870 1390 907 essemus
1427 852 1598 905 sancti
1622 861 1671 905 et
1707 852 1971 903 immacu-

397 951 495 1003 lati
527 951 579 1002 in
603 957 878 1018 conspectu
908 947 1022 1016 ejus
1046 949 1103 1000 in
1124 947 1419 1009 _charitate,
1463 944 1849 1015 prwdestinans
1880 957 1971 994 nos

397 1043 454 1095 in
476 1042 807 1110 adoptionem
834 1041 1069 1108 filiorum
1091 1054 1181 1109 per
1196 1037 1379 1092 Iesum
1394 1035 1665 1092 Christum
1692 1036 1748 1087 in
1777 1034 1969 1103 ipsum,

397 1132 681 1185 secundum
711 1131 1039 1200 propositum
1063 1128 1350 1182 voluntatis
1368 1144 1499 1193 sum,
1533 1129 1587 1180 in
1612 1125 1822 1178 laudem
1853 1123 1971 1193 glo—

397 1223 493 1275 ria:
515 1220 703 1291 gratia:
717 1234 847 1283 sua,
864 1220 931 1272 σξη
951 1235 1056 1288 qua
1075 1217 1397 1288 gratiﬁcavit
1423 1232 1515 1269 nos
1532 1217 1588 1268 in
1608 1214 1799 1267 dilecto
1828 1208 1973 1264 Filio

399 1331 513 1380 suo,
543 1314 599 1368 in
636 1330 737 1383 quo
768 1312 1020 1365 habemus
1070 1311 1479 1379 redemptionem
1520 1326 1611 1378 per
1664 1312 1974 1380 sanguinem

397 1407 532 1475 ejus,
564 1406 919 1459 remissionem
937 1413 1267 1473 peccatorum
1292 1401 1577 1456 secundum
1602 1401 1825 1455 divitias
1853 1417 1974 1472 gra-

402 1499 492 1551 tia:
515 1496 651 1565 ejus,
676 1511 792 1565 qua:
818 1494 1104 1547 abundavit
1134 1494 1189 1545 in
1208 1490 1432 1544 nobisin
1464 1492 1606 1543 omni
1637 1491 1897 1559 sapientia
1926 1499 1975 1543 et

398 1588 704 1659 prudentia,
724 1597 782 1641 ut
812 1595 991 1640 notum
1018 1584 1166 1638 nobis
1222 1584 1418 1653 faceret
1468 1594 1857 1637 sacramentum
1885 1600 1976 1637 vo-

401 1686 623 1738 luntatis
650 1700 778 1749 saw,
806 1682 1090 1736 secundum
1116 1680 1501 1751 beneplacitum
1529 1680 1665 1748 ejus,
1691 1681 1830 1751 quod
1858 1697 1976 1750 pro-

400 1777 576 1847 posuit
598 1777 653 1828 in
682 1792 762 1840 eo,
788 1774 841 1827 in
871 1772 1266 1842 dispensatione
1288 1770 1631 1837 plenitudinis
1662 1780 1973 1838 temporum,

402 1871 703 1921 instaurare
736 1867 915 1919 omnia
950 1867 1003 1919 in
1040 1865 1274 1930 Christo,
1306 1879 1427 1933 qua:
1468 1863 1521 1915 in
1547 1861 1689 1915 caelis
1714 1872 1762 1915 et
1785 1878 1901 1934 qua:
1923 1863 1977 1915 in

404 1971 547 2014 terra
564 1970 686 2013 sunt
723 1960 777 2012 in
805 1958 938 2026 ipso.
975 1955 1041 2010 In
1073 1972 1175 2026 quo
1206 1956 1369 2008 etiam
1395 1963 1535 2008 sorte
1570 1955 1743 2007 vocati
1771 1970 1975 2020 sumus,

401 2053 767 2124 prwdestinati
796 2051 1081 2105 secundum
1116 2048 1447 2118 propositum
1488 2046 1625 2115 ejus,
1666 2048 1757 2117 qui
1799 2047 1978 2099 omnia

404 2153 655 2215 operatur
684 2144 974 2197 secundum
1004 2141 1286 2195 consilium
1328 2138 1615 2193 voluntatis
1665 2156 1794 2202 suae,
1818 2149 1873 2192 ut
1905 2138 1981 2192 si-

403 2256 521 2291 mus
553 2253 647 2292 nos
673 2237 729 2289 in
755 2235 967 2289 laudem
993 2234 1178 2305 gloria:
1213 2233 1352 2302 ejus,
1384 2234 1478 2303 qui
1506 2242 1629 2286 ante
1652 2232 1979 2301 speravimus

404 2331 461 2384 in
506 2327 718 2384 Christo
750 2327 817 2381 ".
862 2325 937 2382 De
984 2325 1331 2395 primatibus,
1363 2324 1412 2357 ⁸⁸
1435 2324 1782 2389 charissimi,
1816 2337 1982 2391 super

404 2420 607 2491 quibus
637 2433 725 2473 me
754 2417 977 2487 quidam
1016 2425 1256 2471 vestrum
1288 2415 1705 2477 consuluerunt,
1743 2421 1798 2469 et
1849 2429 1983 2483 apo-

406 2513 615 2567 stolicae
638 2507 977 2565 auctoritatis
1008 2508 1159 2578 (qua,
1188 2507 1314 2561 licet
1335 2506 1564 2577 indigni,
1599 2504 1827 2561 Domino
1869 2506 1983 2560 dis-

404 2612 689 2673 pensante,
731 2598 1032 2670 iungimur)
1080 2600 1356 2654 decretum
1396 2600 1831 2669 postulaverunt,
1888 2607 1985 2653 aut

407 2696 452 2750 si
477 2709 598 2748 esse
618 2693 897 2757 deberent,
938 2700 1031 2745 aut
1054 2706 1184 2755 non,
1210 2699 1477 2760 quantum
1512 2691 1780 2745 hactenus
1805 2692 1872 2745 de
1896 2691 1981 2745 his

409 2806 439 2840 ιι
464 2785 622 2839 beato
648 2782 812 2836 Petro
851 2782 1119 2851 apostolo,
1173 2789 1227 2835 et
1264 2796 1294 2835 a
1320 2781 1544 2850 reliquis
1575 2783 1860 2850 apostolis,
1918 2797 1984 2836 ac

409 2877 572 2931 beato
616 2874 897 2929 Clemente
947 2881 1138 2927 nostro
1193 2880 1385 2926 sancto
1448 2872 1872 2941 praedecessore,
1931 2882 1985 2928 et

417 2978 671 3039 martyre,
700 2965 951 3021 novimus
974 2972 1261 3027 statutum,
1286 2964 1555 3033 denegare
1583 2964 1737 3019 vobis
1760 2965 1985 3021 minime

2848 492 2891 546 Ι.

2376 582 2454 638 De
2480 584 2734 654 bipartito
2764 585 2949 638 ordine
2978 585 3329 639 sacerdotum.

2145 696 2527 761 Sacerdotum,
2562 694 2782 761 fratres,
2822 695 2956 750 ordo
2980 695 3268 764 bipartitus
3290 704 3391 759 est,
3422 704 3479 748 et
3510 695 3675 749 sicut

2076 789 2341 844 Dominus
2364 789 2514 842 illum
2549 788 2853 854 constituit,
2889 803 2919 842 a
2951 789 3102 842 nullo
3123 787 3284 843 debet
3311 788 3669 857 perturbari.

2077 880 2241 935 Scitis
2268 888 2449 933 autem
2502 894 2530 932 a
2564 876 2797 933 Domino
2851 878 3130 949 apostolos
3172 892 3292 932 esse
3349 878 3557 932 electos
3606 888 3673 929 es

2074 971 2423 1034 constitutos,
2461 980 2517 1026 et
2563 981 2754 1041 postea
2807 986 2903 1041 per
2929 972 3173 1027 diversas
3224 971 3537 1041 provincias
3587 971 3669 1024 aut

2073 1062 2480 1134 praedicandum
2512 1063 2810 1132 dispersos.
2842 1061 2979 1116 Cum
3012 1078 3140 1117 vero
3165 1062 3360 1117 messis
3391 1062 3671 1131 erupisset

2074 1170 2345 1220 crescere,
2385 1154 2579 1208 videns
2618 1170 2823 1224 paucos
2852 1170 2973 1209 esse
3024 1153 3328 1222 operarios,
3364 1154 3430 1207 ad
3456 1168 3668 1207 eorum

2076 1244 2455 1315 adiumentum
2484 1246 2828 1315 septuaginta
2856 1245 2997 1299 duos
3019 1245 3065 1275 ’°
3111 1244 3234 1315 eligi
3273 1245 3532 1314 praecepit
3567 1247 3666 1299 di-

2076 1338 2338 1407 scipulos.
2369 1335 2622 1406 Episcopi
2651 1352 2800 1402 vero,
2852 1337 3056 1390 domini
3088 1337 3496 1405 apostolorum;
3531 1353 3669 1407 pre-

2077 1430 2547 1501 sbyteriquoque,
2595 1429 2935 1499 septuaginta
2977 1428 3212 1483 duorum
3254 1428 3667 1498 discipulorum

2077 1524 2257 1578 locum
2278 1529 2488 1575 tenent.

2834 1616 2901 1669 Π.

2182 1708 2255 1761 De
2289 1708 2667 1761 constitutione
2696 1724 2783 1759 seu
2817 1708 3155 1760 ordinatione
3173 1708 3537 1776 episcoporum

2609 1794 2671 1830 ac
2696 1778 3137 1847 presbyterorum.

2152 1872 2196 1911 ο¹
2225 1870 2477 1940 Episcopi
2519 1879 2701 1924 autem
2739 1885 2847 1923 non
2901 1870 2955 1923 in
2990 1873 3229 1925 castellis
3282 1882 3370 1927 aut
3423 1874 3668 1930 modicis

2080 1961 2393 2016 civitatibus
2418 1962 2620 2015 debent
2647 1960 2905 2015 constitui
2931 2002 2947 2027 ,
2981 1962 3072 2015 sed
3106 1963 3402 2034 presbyteri
3436 1980 3533 2034 per
3565 1981 3667 2019 ca-

2080 2053 2236 2106 stella
2286 2062 2340 2106 et
2370 2052 2617 2107 modicas
2646 2052 2895 2107 civitates
2936 2062 3102 2121 atque
3150 2054 3309 2109 villas
3342 2056 3549 2110 debent
3594 2057 3669 2110 ab

2080 2144 2640 2214 episcopis'ordinari
2663 2152 2718 2198 et
2748 2145 2913 2213 poni;
2947 2145 3149 2217 singuli
3186 2157 3366 2202 tamen
3412 2164 3509 2217 per
3548 2148 3668 2203 sin-

2080 2240 2238 2308 gulos
2268 2238 2460 2293 titulos
2483 2253 2633 2293 suos.
2669 2234 2737 2291 Et
2766 2237 3057 2307 episcopus
3086 2255 3192 2294 non
3226 2241 3295 2295 ab
3329 2257 3461 2303 uno,
3503 2244 3600 2296 sed
3630 2258 3664 2297 ι

2080 2330 2330 2400 pluribus
2357 2330 2516 2385 debet
2532 2330 2809 2400 episcopis
2836 2331 3110 2386 ordinari:
3138 2343 3212 2399 et,
3241 2342 3300 2386 ut
3321 2334 3529 2388 dictum
3555 2347 3662 2401 est,

2081 2438 2189 2476 non
2239 2422 2304 2476 ad
2338 2423 2613 2477 modicam
2667 2424 2963 2486 civitatem,
2995 2426 3043 2463 ⁸⁸
3078 2441 3145 2480 ne
3177 2426 3403 2480 vilescat
3454 2442 3663 2483 nomen

2082 2515 2344 2584 episcopi,
2393 2526 2489 2569 aut
2539 2516 2765 2579 alicubi,
2816 2517 2906 2572 sed
2938 2518 3004 2570 ad
3061 2517 3434 2573 honorabilem
3470 2522 3660 2575 urbem

2082 2606 2396 2661 titulandus
2425 2620 2479 2661 et
2505 2607 2943 2661 denominandus
2971 2618 3072 2662 est.
3118 2608 3406 2681 Presbyter
3433 2626 3564 2665 vero
3596 2613 3665 2665 ad

2081 2697 2661 2765 quemcunquelocum
2691 2699 2774 2752 vel
2797 2699 3082 2753 ecclesiam
3110 2699 3164 2751 in
3196 2714 3262 2753 eo
3285 2700 3664 2763 constitutam,

2082 2798 2167 2845 est
2194 2791 2597 2859 praeﬁciendus,
2625 2804 2789 2860 atque
2820 2791 2875 2844 in
2904 2806 2966 2845 ea
2994 2790 3188 2845 diebus
3207 2793 3331 2846 vitae
3358 2808 3472 2847 suae
3492 2794 3665 2847 dura-

2084 2890 2259 2934 turus.
2307 2881 2554 2949 Amplius
2577 2896 2742 2949 quam
2800 2880 2887 2934 isti
2939 2881 3049 2935 duo
3081 2884 3131 2919 ⁸³
3160 2881 3383 2937 ordines
3404 2884 3670 2937 sacerdo-

2086 2980 2225 3035 tum,
2254 2986 2354 3027 nec
2386 2972 2546 3026 nobis
2572 2988 2602 3026 a
2637 2972 2750 3027 Deo
2778 2973 2961 3027 collati
2990 2981 3138 3039 sunt,
3172 2990 3271 3029 nec
3301 2977 3537 3044 apostoli
3569 2978 3673 3030 do-

412 3046 727 3131 possumus.
752 3057 797 3092 ⁸⁸
828 3055 894 3111 Et
919 3055 1044 3125 quis
1072 3062 1173 3119 est,
1202 3055 1292 3125 qui
1317 3055 1692 3124 qumrcutibus
1720 3055 1982 3113 fratribus
2010 3066 2051 3122 C
2085 3072 2337 3117 cuerunt.

480 3290 738 3362 "Ephes.
786 3306 825 3357 ι,
872 3289 1023 3344 5-12.
1121 3288 1397 3362 ⁸⁸Ηίηςεπι.
1460 3304 1549 3360 op.

411 3366 459 3396 ’°
472 3358 836 3433 septuaginta;
863 3369 911 3414 et
937 3362 1253 3433 sicsemper.
1288 3358 1419 3433 Luc:

1614 3305 1700 3356 ιν,

1753 3299 1945 3360 quaest.
1972 3305 2018 3344 c.
2060 3291 2147 3345 15.

1540 3362 1738 3416 “Dist.
1788 3361 1877 3424 80,
1914 3360 2163 3431 EpiscOpi
2204 3378 2305 3414 non
2335 3363 2407 3415 in.

2253 3291 2401 3359 "ep.
2441 3292 2611 3362 Attici
2655 3291 2721 3346 ad
2766 3291 2865 3347 PP.
2923 3290 3371 3362 Carthaginensis
3423 3290 3673 3362 concilii.

2522 3364 2567 3393 ⁹¹
2593 3361 2917 3418 Sardicensc
2956 3378 3079 3419 can.
3113 3359 3169 3429 6,
3199 3373 3253 3416 et
3292 3359 3463 3415 Laod.
3504 3360 3597 3414 57.
3635 3360 3638 3362 ⁷

412 3435 458 3466 ⁸³
471 3429 564 3487 Hie
593 3429 812 3503 quoque
838 3446 904 3487 ex
937 3431 1128 3486 eodem
1153 3446 1255 3485 ms.
1282 3432 1351 3485 ab
1380 3429 1660 3486 Harduino
1679 3432 1919 3487 collectae
1948 3429 2222 3488 sunt.Ms.
2262 3448 2365 3484 non
2388 3441 2511 3486 sunt
2542 3434 2773 3488 ordines.

416 3635 613 3690 habita:
642 3642 789 3697 sunt,
809 3640 870 3686 ut
894 3638 1043 3701 patet
1067 3630 1232 3684 etiam
1263 3646 1330 3684 ex
1360 3645 1517 3685 conc.
1548 3628 1753 3701 Nicaea.
1774 3645 1983 3685 canone

417 3706 471 3771 6,
500 3703 757 3759 Chalced.
790 3699 997 3756 εει-16
1020 3742 1034 3765 ,
1073 3703 1199 3771 item
1230 3716 1296 3755 ex
1326 3701 1552 3771 epistola
1583 3702 1651 3755 53
1681 3699 1880 3755 Leonis
1910 3702 1980 3755 ad

416 3768 762 3852 Anatolium:
794 3787 863 3826 ex
889 3772 1113 3852 epistola
1140 3768 1483 3852 Gregoriirad
1516 3770 1826 3840 Eulogium,
1861 3786 1984 3852 quin

416 3856 499 3900 est
528 3845 621 3898 lib.
646 3858 723 3904 v1.
756 3858 875 3911 cap.
904 3840 994 3897 57.
1026 3840 1518 3910 Hierosolymitana
1551 3856 1645 3908 per
1668 3856 1841 3895 annos
1871 3840 1984 3911 fere

417 3916 743 3984 quingentos
770 3953 784 3977 ,
814 3910 918 3965 non
950 3927 1008 3965 re
1038 3912 1131 3965 sed
1162 3913 1379 3984 nomine
1404 3952 1417 3975 ,
1451 3926 1563 3984 non
1575 3919 1856 3984 potestate
1888 3910 1981 3963 sed

420 3980 626 4037 honore
673 3983 975 4047 duntaxat,
1018 3989 1209 4050 quarta
1241 3981 1620 4049 patriarchalis
1651 3980 1835 4033 habita
1864 3988 1982 4045 est;

416 4066 476 4108 ut
498 4061 643 4114 patet
664 4068 731 4107 ex
760 4050 964 4106 Nicaan.
997 4052 1215 4114 concil.,
1240 4066 1435 4104 canon.
1466 4050 1517 4114 7,
1552 4051 1643 4104 ubi
1675 4050 1983 4104 decernitur

419 4135 477 4179 ut
500 4118 1059 4194 llierosolymitanus,
1081 4130 1334 4189 quartum
1361 4120 1579 4194 quidem
1604 4118 1982 4189 patriarchalis

418 4191 682 4248 sessionis
722 4190 903 4246 locum
947 4206 1012 4245 ac
1048 4191 1309 4244 honorem
1363 4190 1596 4255 habeat;
1644 4205 1754 4242 non
1801 4198 1981 4242 tamen

419 4272 704 4332 propterea
730 4277 761 4316 a
786 4262 1125 4331 subjectionc
1153 4260 1503 4332 Caesariensis
1523 4300 1536 4321 ,
1565 4275 1688 4332 qua;
1711 4267 1984 4327 metropo-

420 4327 585 4387 litana
620 4342 772 4397 erat,
811 4327 1164 4385 eximeretur.
1202 4329 1353 4385 Unde
1391 4327 1598 4383 beatus'
1620 4327 1982 4397 Hieronymus

421 4405 473 4456 in
504 4402 662 4472 epist.
694 4403 762 4456 ad
786 4400 1227 4472 Pammachium,
1252 4410 1439 4453 contra
1475 4397 1740 4472 Joannem
1772 4399 1984 4472 episco—

420 4466 555 4542 pum
578 4470 1155 4542 Hierosolymitanum,
1175 4471 1271 4542 sic
1302 4484 1434 4542 eum
1459 4466 1841 4542 alloquiturg}
1876 4466 1979 4542 Tu,

425 4536 621 4612 inquit,
650 4543 744 4611 qui
774 4536 985 4611 regulas
1018 4540 1219 4612 quaeris
1245 4536 1748 4612 ecclesiasticas,_et
1776 4536 1982 4612 Nicaeni

424 4608 642 4667 concilii
668 4608 984 4666 _Canonibus
1015 4611 1185 4663 uteris
1210 4651 1225 4675 ,
1257 4610 1525 4677 responde
1556 4609 1689 4661 mihi
1711 4652 1724 4673 ,
1757 4608 1824 4661 ad
1855 4608 1983 4677 Ales

424 4683 748 4737 xandrinum
785 4682 1099 4751 episcopum
1132 4675 1427 4751 Palaestijia
1462 4679 1593 4751 quid
1628 4676 1890 4747 pertinet?
1919 4675 1982 4751 ini

426 4752 586 4806 fallor
616 4752 720 4807 hoc
746 4747 1162 4806 ibi—decernitur
1182 4791 1197 4816 ,
1246 4758 1305 4802 ut
1338 4747 1639 4802 Palaestina:
1669 4747 1983 4814 metropolis

425 4823 672 4876 Caesarea
703 4822 790 4884 sit,
816 4830 870 4875 et
907 4820 1073 4875 totius
1101 4820 1328 4873 orientis
1352 4818 1656 4871 Antiochia.
1688 4818 1795 4870 Aut
1824 4816 1984 4883 igitur

426 4892 494 4945 ad
520 4889 913 4946 Caesariensem
950 4890 1416 4959 archiepiscopum
1456 4888 1658 4941 referre
1692 4888 1982 4949 debueras,

428 4962 516 5017 cui
546 4972 725 5031 spreta
755 4961 1138 5031 communione
1182 4969 1272 5014 tua
1310 4959 1719 5031 communicare
1752 4971 1855 5010 nos
1886 4970 1984 5007 no-

426 5027 593 5086 veras
609 5073 625 5098 ,
667 5039 760 5085 aut
791 5032 837 5085 si
868 5030 1059 5101 procul
1119 5028 1478 5101 expetendum
1528 5027 1791 5101 judicium
1830 5033 1980 5101 erat,

430 5096 775 5156 Antiochiam
805 5096 986 5172 potius
1014 5096 1208 5172 litteris
1237 5099 1549 5172 dirigendae.
1586 5096 1689 5172 sed
1731 5098 1853 5149 novi
1868 5108 1983 5172 _cur

428 5173 729 5227 Caesaream
750 5214 765 5239 ,
799 5163 893 5225 cur
920 5170 1265 5223 Antiochiam
1303 5163 1540 5221 nolueris
1570 5167 1816 5239 _mittere.
1867 5163 1983 5216 Ma-

430 5246 578 5298 luisti
620 5237 901 5310 occupatis
949 5240 1172 5295 auribus
1222 5239 1528 5293 molestiam
1560 5237 1740 5292 facere
1766 5250 1980 5310 ,_quam

430 5314 668 5368 debitum
726 5308 1139 5377 metropolitano
1199 5318 1294 5362 tuo
1358 5310 1619 5362 honorem
1676 5308 1923 5361 reddere.
1960 5322 1979 5355 ι

429 5384 834 5437 Ικιιιιὶλῑίπῒιίιιιιε
884 5379 1524 5449 Constantinopnlitanus
1564 5378 1711 5449 (quia
1745 5388 1985 5449 tempore

433 5455 629 5506 Meneni
662 5453 874 5507 concilii
904 5446 1407 5518 Constantinopolis
1449 5446 1580 5502 urbs
1609 5446 1849 5501 nondum
1886 5446 1982 5498 de~

430 5527 607 5579 dit-ala
639 5525 759 5590 fuit)
803 5523 951 5576 hisee
996 5529 1182 5590 postea
1226 5517 1468 5587 tempore
1495 5517 1786 5572 Justiniani
1815 5558 1828 5581 ,
1863 5523 1984 5582 post

434 5610 633 5648 :mnum
664 5594 874 5645 Domini
904 5591 1397 5661 quingentesimum
1426 5631 1439 5653 ,
1479 5604 1644 5661 opera
1690 5590 1983 5661 imperato-

432 5667 529 5731 ris,
552 5673 605 5718 et
627 5656 993 5718 Romanorum
1018 5656 1331 5731 p'ontiticum
1352 5656 1708 5730 poi-missione
1731 5656 1976 5711 arcessit.

2082 3631 2139 3685 ln
2171 3630 2414 3702 concilio
2432 3631 2652 3701 quidem
2684 3630 3295 3702 Constantinopolitano
3329 3632 3511 3702 primo
3542 3676 3560 3699 ,
3607 3651 3671 3691 ac

2080 3710 2266 3773 postea
2300 3702 2355 3755 in
2386 3699 2846 3767 Chalcedononsi,
2883 3699 3528 3773 Constantinopolitanus
3559 3722 3669 3760 non

2082 3772 2246 3826 modo
2287 3772 2715 3835 patriarchatum
2743 3812 2757 3835 ,
2793 3788 2981 3827 verum
3015 3776 3181 3828 etiam
3231 3772 3536 3829 secundum
3590 3776 3675 3830 lo-

2082 3857 2208 3895 cum
2257 3844 2504 3915 obtinere
2543 3852 2779 3915 conatus
2810 3852 2929 3915 est,
2960 3844 3052 3897 sed
3092 3844 3373 3915 (pontiﬁce
3410 3846 3673 3915 reliquis-

2082 3927 2188 3980 que
2238 3912 2662 3965 reclamantibus
2715 3914 3066 3982 primatibus)
3114 3913 3341 3968 frustra.
3394 3912 3673 3973 Cur—tres

2091 3990 2301 4035 tantum
2355 3983 2624 4051 prtediclze
2672 3985 2831 4037 sedes
2876 3985 3270 4051 patriarchales
3319 3986 3426 4038 isto
3478 3988 3674 4042 ordine

2090 4051 2371 4125 collocata:
2426 4052 2653 4125 ωδε-ἰειῖ
2675 4054 2847 4107 solius
2878 4051 3020 4107 Petri
3054 4055 3428 4125 apostolorum
3464 4058 3675 4125 princi-

2088 4122 2573 4201 pis-praerogativa,
2603 4121 2842 4201 dignitas
2864 4132 2918 4201 et
2945 4121 3233 4192 primatus,
3265 4124 3417 4201 velut
3441 4121 3671 4201 propria

2088 4191 2153 4244 et
2173 4191 2485 4262 immediata
2517 4206 2681 4245 causa
2724 4191 2956 4247 honoris
2982 4202 3035 4246 et
3066 4194 3351 4262 potestatis
3377 4236 3391 4259 ,
3441 4191 3668 4251 eﬂ'ecit:

2089 4276 2403 4335 quanquam
2453 4260 2666 4335 Petrum
2707 4264 2764 4335 _in
2808 4262 2893 4335 his
2933 4260 3153 4317 sedibus
3185 4264 3489 4333 eligendis,
3520 4268 3670 4335 quod

2088 4329 2148 4405 S_.
2178 4329 2288 4385 Leo
2319 4332 2372 4405 in
2404 4332 2627 4399 epistola
2658 4332 2762 4405 b4,
2782 4332 3229 4405 aduAnastasium
3257 4329 3436 4399 docet,
3472 4329 3673 4405 quam-

2088 4403 2212 4454 dam
2267 4402 2537 4454 rationem
2586 4401 2982 4470 magnitudinis
3024 4413 3077 4457 et
3109 4404 3409 4458 nobilitatis
3442 4401 3666 4460 urbium

2088 4471 2347 4543 habuisse
2395 4471 2579 4543 negari
2616 4486 2723 4543 non
2747 4472 2939 4543 possit.
2972 4470 3218 4525 Romana
3244 4474 3403 4543 sedes
3428 4478 3665 4543 primam

2088 4541 2402 4613 dignitatem
2430 4541 2847 4613 patriarciialem
2868 4542 3102 4613 _obtinet.
3126 4543 3255 4613 quia
3278 4541 3480 4613 Petrus
3539 4560 3669 4613 apo-

2075 4610 2320 4682 stolusin
2340 4610 2441 4682 hac
2464 4625 2626 4682 quam
2654 4609 2939 4682 fundavit,
2964 4619 3023 4664 ut
3057 4612 3238 4682 inquit
3270 4610 3328 4665 S.
3365 4609 3668 4682 Gregorius

2086 4680 2180 4732 lib.
2213 4693 2289 4750 vi,
2320 4677 2604 4750 epist.7757,
2650 4680 2717 4731 ad
2752 4677 3034 4748 Eulogium
3070 4677 3334 4733 Alexand.
3379 4677 3670 4750 quiescere

2085 4759 2137 4801 et
2184 4748 2350 4800 vitam
2426 4749 2581 4801 linire
2643 4752 2895 4815 dignatus
2942 4760 3044 4803 est.
3094 4748 3493 4804 Alexandriam
3542 4755 3670 4807 sede

2084 4817 2433 4891 patriarchali
2454 4818 2728 4891 decoravit
2752 4820 2935 4891 (verba
2959 4819 3204 4890 Gregorii
3232 4826 3385 4885 sunt)
3415 4837 3473 4891 in
3499 4837 3667 4891 quam

2085 4885 2471 4957 evangelistam
2513 4885 2770 4958 _Marcuui
2815 4885 3144 4958 discipultim
3204 4892 3373 4943 misit.
3441 4885 3665 4957 Tertio,

2086 4958 2266 5011 sedem
2294 4958 2347 5009 in
2377 4971 2484 5024 qua
2511 4956 2625 5024 ipse
2650 4966 2854 5025 septem
2883 4956 3042 5013 annis
3070 4961 3229 5023 sedit,
3262 4961 3665 5015 Antiochenam

2086 5027 2345 5079 nimirum
2398 5027 2671 5098 lirmavit,
2719 5036 2774 5080 et
2821 5028 2969 5083 sedis
3014 5030 3400 5098 patriarchalis
3451 5032 3669 5086 honore

2085 5097 2498 5168 _condecoravit;
2516 5100 2605 5168 _ita
2634 5095 2933 5168 Gregorius
2968 5095 3226 5168 praedicta
3275 5100 3511 5167 epistola
3537 5142 3553 5166 ,
3606 5103 3664 5155 S.

2086 5164 2448 5241 Leo”epistola
2478 5166 2567 5229 55,
2611 5166 2681 5241 ad
2723 5164 3057 5241 Anatolium.
3102 5170 3257 5225 Sicut
3298 5164 3668 5241 érgoginiajor

2084 5246 2165 5290 est
2196 5234 2388 5310 Petrus
2417 5236 2699 5310 apostolus
2743 5236 2927 5310 Marco
2966 5240 3296 5310 evangelista
3323 5279 3338 5303 ,
3366 5234 3424 5293 ἱδι
3446 5234 3666 5297 Marcus

2083 5306 2417 5382 evangeiista
2447 5306 2723 5382 _Evodio,
2776 5307 2872 5376 qui
2922 5306 3431 5382 neque'apostolus
3489 5328 3665 5382 neque

2083 5374 2414 5445 evangelista
2445 5374 2565 5439 fuit,
2595 5378 2668 5429 ita
2690 5374 2910 5446 quoque
2948 5374 3195 5433 Romana
3244 5380 3490 5434 Ecclesia
3539 5374 3665 5436 A'le-

2084 5448 2428 5511 xandrinam,
2453 5456 2506 5499 et
2525 5448 2890 5499 Alexandrina
2911 5448 3308 5505 Antiochenam
3332 5454 3663 5505 auctoritate

2083 5516 2417 5639 fillilgnitaie
2448 5527 2689 5587 superat.
2726 5517 2859 5573 Vide
2884 5517 3139 5575 Bellaria.
3174 5519 3250 5573 De
3278 5520 3434 5575 Rom.
3463 5523 3657 5589 pontii}

2106 5604 2117 5637 ι
2164 5627 2174 5639 .
2232 5629 2245 5639 .
2278 5602 2325 5639 c.
2394 5608 2445 5639 φ.

2106 5602 2174 5639 ID.
2209 5602 2245 5652 ι,
2278 5602 2325 5641 c.
2364 5602 2445 5641 ιιι.
