3822 6218
389 281 496 336 815

1718 266 2064 327 ΑΝΑειετι
2100 260 2304 323 ΡΔΡΕ

3556 259 3685 316 816

386 416 530 466 esse,
564 388 855 453 antedictis
902 388 1231 448 testimoniis
1274 383 1603 445 declaratur.
1659 382 1783 443 Haec
1829 399 1961 442 vero
1991 388 2037 444 Α
2065 394 2290 452 cusent,
2322 382 2445 438 ut"
2476 380 2748 454 (plebibus
2781 374 3349 453 languescentibus",
3378 373 3468 429 vel
3505 373 3684 429 maia

388 489 682 562 apostolica
708 485 868 542 sedes
890 483 1056 539 cardo
1077 490 1134 537 et
1155 490 1317 551 caput
1338 481 1422 550 (ut
1443 486 1764 550 praatactum
1780 478 1825 511 "
1854 478 1963 546 est)

387 583 633 641 omnium
663 576 1055 642 Ecclesiarum,
1073 589 1105 629 a
1130 571 1387 637 Domino,
1413 581 1467 627 et
1490 586 1598 626 non
1624 569 1694 625 ab
1716 569 1851 633 alio,
1878 577 1965 624 est

389 675 713 733 constituta.
750 669 819 724 Et
840 668 985 724 sicut
1007 665 1228 722 cardine
1254 664 1458 719 ostium
1484 661 1713 733 regitur,
1750 660 1831 716 sic
1855 660 1966 715 bu-

385 771 478 841 jus
504 773 705 823 sanctis
738 761 883 822 sedis
914 758 1238 815 auctoritate
1285 770 1477 813 omnes
1508 753 1767 812 Ecclesiae.
1792 795 1808 821 ,
1854 752 1963 808 Do-

390 863 540 918 mino
566 859 907 928 disponente,
939 859 1224 924 reguntur.

1156 964 1223 1019 Υ.

393 1068 515 1122 Νοη
548 1062 902 1119 admittendos
931 1060 1000 1115 ad
1038 1057 1432 1114 accusationem
1468 1056 1573 1109 sive
1607 1053 1676 1107 ad
1724 1053 1966 1107 testimo-

411 1140 555 1193 nium
573 1135 662 1206 qui
681 1145 837 1188 antea
852 1131 1055 1187 inimuci
1073 1131 1307 1199 fuerunt,
1325 1134 1375 1181 et
1391 1126 1454 1179 de
1468 1137 1701 1180 extremo
1709 1124 1941 1191 judicio.

461 1232 507 1264 “
528 1230 889 1284 Accusatores
919 1231 1102 1277 autem
1132 1229 1186 1275 et
1214 1227 1378 1274 testes
1403 1232 1527 1272 esse
1560 1231 1667 1271 non
1697 1221 1966 1285 possunt,

389 1325 485 1397 qui
517 1330 643 1378 ante
669 1320 990 1375 hesternum
1025 1313 1169 1369 diem
1202 1320 1297 1366 aut
1324 1309 1727 1364 nudiustertius
1756 1305 1966 1361 inimici

391 1419 634 1481 fuerunt,
661 1426 732 1467 ne
754 1409 899 1475 irati,
926 1421 1123 1462 nocere
1148 1404 1398 1475 cupiant,
1421 1401 1504 1456 vel
1533 1400 1669 1467 1ωεί,
1695 1414 1754 1454 se
1777 1399 1966 1453 ulcisci

390 1507 581 1563 velint.
610 1504 657 1535 ”
687 1500 993 1556 lnoll'ensus
1037 1495 1204 1567 igitur
1246 1500 1631 1548 accusatorum
1662 1499 1716 1545 et
1747 1489 1966 1543 testium

393 1596 621 1651 afl'ectus
649 1588 978 1662 quaerendus
1001 1594 1121 1651 est,
1160 1593 1216 1639 et
1247 1598 1355 1638 non
1387 1588 1698 1651 suspectus.
1727 1578 1966 1634 Causam

392 1685 540 1741 enim
602 1689 841 1737 vestram
894 1676 1073 1732 alieno
1117 1674 1287 1729 nolite
1343 1671 1685 1728 committere
1722 1670 1965 1741 judicio:

2066 475 2379 548 agentibus,
2408 490 2517 532 non
2543 474 2858 530 tenentibus
2886 471 3201 544 pastoribus
3235 466 3386 523 frena
3422 469 3683 536 eorum)

2066 567 2376 635 lasciviant,
2401 577 2564 638 atque
2589 567 2645 621 in
2676 567 2785 621 ima
2818 574 3001 621 ruant.
3032 564 3077 599 "
3106 562 3335 618 Multum
3363 576 3505 617 vero
3581 558 3687 614 di-

2070 670 2221 719 stant
2242 662 2444 717 damna
2476 675 2694 715 morum
2728 674 2758 714 a
2788 658 3005 715 damnis
3023 671 3205 713 rerum
3227 652 3640 724 temporalium
3665 692 3684 717 ,

2069 770 2197 811 cum
2240 755 2343 811 ista
2370 764 2524 809 extra
2556 769 2657 809 nos
2677 752 2789 809 sint
2807 795 2823 818 ,
2855 752 2948 806 illa
2970 764 3102 805 vero
3130 747 3188 803 in
3215 746 3393 803 nobis.
3422 744 3475 776 ⁸⁸
3513 742 3683 798 Sen-

2069 851 2239 907 tentia
2269 862 2491 921 quoque
2514 847 2690 903 Cham
2728 845 2824 900 ﬁlii
2852 843 2965 901 Noe
3002 844 3338 899 damnantur
3375 839 3475 909 qui
3527 851 3683 893 suo-

2069 955 2191 996 rum
2219 939 2505 994 doctorum
2534 936 2618 991 vel
2661 934 3081 1007 praepositorum
3113 933 3329 1003 culpam
3368 929 3642 999 produnt
3660 967 3681 989 ,

2070 1047 2168 1086 ceu
2191 1030 2365 1085 Cham
2391 1070 2406 1096 ,
2437 1028 2531 1099 qui
2575 1025 2750 1098 patris
2789 1025 3041 1096 pudenda
3089 1039 3198 1079 non
3245 1021 3508 1093 operuit,
3566 1019 3681 1075 sal

2070 1123 2245 1195 magis
2286 1120 2583 1179 deridenda
2615 1117 2945 1174 monstravit
2963 1118 3027 1172 ³⁸.
3055 1117 3102 1148 ⁸ο
3125 1115 3327 1171 Doctor
3349 1124 3546 1169 autem
3580 1111 3682 1167 vel

2068 1221 2260 1285 pastor
2282 1212 2541 1271 Ecclesia:
2562 1252 2583 1282 ,
2611 1211 2657 1268 si
2683 1226 2715 1266 a
2741 1209 2847 1265 fide
2869 1208 3257 1265 crorbitaverit
3277 1246 3294 1271 ,
3324 1205 3427 1261 erit
3453 1220 3491 1258 a
3520 1203 3679 1259 ﬁde-

2072 1308 2217 1363 libus
2242 1306 2632 1378 corrigendos:
2663 1306 2756 1363 sed
2790 1322 2894 1379 pro
2919 1301 3166 1373 reprobis
3192 1297 3438 1355 moribus
3474 1297 3679 1369 magis

2070 1409 2156 1456 est
2174 1400 2518 1469 tolerandus,
2541 1415 2707 1471 quam
2731 1398 3163 1469 distringendus,
3189 1396 3319 1466 quia
3336 1395 3380 1428 δι
3404 1402 3679 1449 rectores

2072 1491 2329 1549 Ecclesiae
2360 1509 2390 1549 a
2416 1492 2529 1549 Deo
2555 1493 2837 1563 iudicandi
2876 1499 3026 1554 sunt,
3059 1488 3203 1544 sicut
3236 1486 3313 1541 ait
3341 1485 3630 1556 propheta
3654 1500 3674 1539 :

2075 1586 2216 1641 Deus
2253 1588 2399 1641 stetit
2448 1586 2502 1641 in
2538 1584 2822 1656 Synagoga
2863 1584 3118 1647 deorum,
3167 1581 3224 1635 in
3272 1579 3443 1632 medio
3473 1588 3673 1631 autent

2073 1682 2196 1736 deos
2227 1678 2579 1749 diiudicat".
2612 1675 2768 1733 Unde
2798 1684 3012 1747 oportet
3041 1684 3493 1742 unumquemque
3520 1668 3670 1723 iide-

392 1774 551 1830 valtle
572 1772 718 1828 enim
748 1770 998 1839 iniquum
1030 1774 1117 1821 est
1139 1807 1154 1832 ,
1185 1774 1245 1820 ut
1276 1761 1499 1818 omissis
1528 1762 1644 1818 suis
1668 1803 1683 1828 ,
1715 1761 1806 1817 alii
1848 1762 1971 1833 qui-
2004 1747 2045 1802 Β
2076 1775 2202 1837 rem,
2233 1747 2503 1828 είίνίάει-ίι
2539 1778 2637 1825 θυι
2666 1768 2985 1840 cognoverit
3016 1765 3201 1836 plebes
3230 1763 3500 1817 adversus
3570 1772 3674 1827 pa-

553 1861 787 1917 aliorum
816 1874 875 1914 88
905 1855 1090 1913 01111δί8
1112 1853 1487 1919 immisceaut;
1524 1852 1784 1922 quoniam
1809 1851 1975 1907 nullis
2065 1873 2441 1919 storemsuum
2466 1870 2774 1916 tumescere
2799 1899 2814 1924 ’
2880 1865 2976 1913 aut
3005 1861 3199 1911 contra
3235 1851 3441 1906 clerum
3467 1846 3671 1900 (ἰείη-

395 1956 450 2011 in
477 1954 614 2010 locis
640 1950 941 2023 spiritualis
957 1950 1025 1981 ”°
1049 1962 1183 2003 cura
1205 1945 1409 2011 deﬁcit,
1435 1944 1532 2001 sed
1559 1959 1618 1999 se
1642 1959 1741 2014 per
1763 1934 1971 2010 omnia,

395 2060 725 2119 quocunque
754 2057 955 2098 nomen
986 2040 1081 2095 Dei
1128 2038 1458 2110 praedicatur
1479 2078 1494 2103 ,
1530 2034 1796 2091 extendit.
1843 2032 1973 2089 Stu-

394 2138 631 2193 dendum
659 2146 743 2192 est
773 2133 1031 2189 omnibus
1054 2172 1069 2198 ,
1119 2146 1189 2187 ne
1220 2132 1303 2200 (ut
1327 2130 1475 2201 sunt)
1517 2128 1898 2184 aemulationes
1922 2127 1975 2159 “

396 2231 555 2288 malae
579 2268 595 2295 ,
628 2228 726 2284 sed
755 2227 859 2298 pia:
889 2225 1001 2281 sint
1026 2225 1167 2279 inter
1206 2237 1307 2278 vos
1350 2220 1703 2287 dilectiones;
1750 2220 1881 2290 quia
1916 2220 1970 2275 in

397 2324 504 2379 hoc
530 2335 629 2376 vos
656 2332 846 2375 omnes
871 2315 1086 2369 Domini
1111 2310 1403 2382 discipulos
1430 2326 1553 2367 esse
1593 2324 1755 2365 veros
1802 2324 1973 2365 nove-

396 2414 539 2480 ritis,
569 2412 615 2466 si
642 2409 975 2464 dilectionem
1020 2405 1312 2460 habueritis
1335 2403 1404 2457 ad
1425 2404 1668 2458 invicem.
1712 2401 1793 2457 Ex
1821 2403 1971 2457 omni

394 2520 528 2577 ergo
589 2516 786 2575 genere
833 2499 1103 2571 plurimos
1150 2496 1296 2551 Deus
1346 2495 1603 2565 dignatur
1656 2496 1968 2562 attrahere,

396 2612 537 2670 quos
558 2597 607 2628 "
634 2604 822 2651 erutos
849 2593 917 2647 de
948 2597 1214 2662 potestate
1245 2589 1593 2643 tenebrarum
1618 2629 1633 2654 ,
1680 2588 1974 2643 transferat

397 2695 453 2749 in
480 2706 705 2763 regnum
722 2688 846 2744 Filii
873 2686 1161 2743 cbaritatis
1181 2700 1315 2752 suae,
1340 2693 1395 2740 et
1423 2684 1491 2739 de
1516 2686 1665 2739 vasis
1696 2685 1790 2738 ira:
1811 2683 1974 2739 faciat

395 2802 527 2841 vasa
576 2780 988 2839 misericordiae.
1040 2776 1196 2833 Unde
1246 2777 1407 2832 nobis
1457 2789 1805 2844 summopere
1856 2784 1974 2830 stu-

396 2878 632 2934 dendum
663 2882 786 2941 est,
833 2881 895 2926 ut
939 2877 1325 2940 cooperatores
1375 2868 1551 2923 simus
1603 2868 1793 2938 gratim
1834 2865 1969 2933 Dei;

397 2971 528 3043 quia
558 2969 627 3024 ad
651 2968 759 3023 hoc
788 2964 969 3021 vocati
995 2977 1215 3029 sumus,
1248 2960 1481 3031 ejusque
1515 2959 1773 3015 familiari
1804 2961 1975 3015 collo-

396 3064 530 3137 quio
552 3059 744 3118 sociati
769 3100 785 3125 ,
819 3066 875 3113 et
902 3055 1215 3112 sacerdotes
1260 3054 1502 3120 sacrati,
1552 3060 1614 3108 ut
1661 3051 1973 3109 fructuosos

399 3157 477 3212 illi
505 3154 814 3224 manipulos
838 3158 1182 3220 reportemus
1202 3190 1217 3215 ,
1250 3155 1582 3217 cooperante
1620 3146 1796 3215 gratia
1826 3146 1970 3216 ejus.

399 3250 446 3282 “
467 3247 700 3304 Necesse
721 3252 807 3301 est
835 3242 983 3298 enim
1007 3284 1023 3308 ,
1056 3248 1118 3294 ut
1146 3248 1387 3295 rectores
1415 3253 1446 3292 a
1476 3236 1712 3293 subditis
1741 3238 1973 3293 timean-

400 3352 511 3403 tur,
542 3340 612 3395 ab
638 3338 884 3408 ipsisque
907 3332 1254 3403 corrigantur
1277 3371 1293 3397 ,
1326 3338 1385 3384 ut
1412 3330 1651 3384 humana
1685 3329 1977 3385 formidine

400 3448 629 3507 peccare
652 3436 919 3495 metuant,
948 3426 1043 3497 qui
1067 3423 1251 3479 divina
1272 3422 1478 3493 judicia
1514 3438 1623 3477 non
1653 3422 1972 3478 formidant.

402 3529 449 3562 "
476 3525 786 3581 Deteriores
808 3518 1015 3591 quippe
1036 3523 1188 3579 sunt,
1212 3515 1307 3585 qui
1339 3514 1629 3569 doctorum
1656 3514 1823 3569 vitam
1854 3530 1976 3570 mo-

400 3633 601 3689 resque
641 3617 1041 3681 corrumpunt,
1081 3607 1169 3663 bis
1212 3606 1307 3676 qui
1351 3605 1691 3663 substantias
1740 3607 1974 3663 aliorum

400 3709 715 3783 praediaque
731 3705 777 3737 "
810 3700 1095 3771 diripiunt.
1144 3696 1252 3768 ipsi
1302 3695 1512 3751 enim"
1560 3713 1624 3752 ea
1668 3714 1790 3769 qua:
1819 3708 1975 3755 extra

401 3818 503 3861 nos
527 3842 544 3869 ,
591 3801 720 3855 licet
750 3804 939 3852 nostra
970 3797 1138 3854 sunt,
1185 3785 1478 3843 auferunt:
1518 3790 1689 3845 nostri
1722 3800 1904 3845 autem
1928 3792 1974 3823 ³ο

400 3897 758 3958 detractores,
786 3897 841 3945 et
865 3898 1080 3942 morum
1106 3889 1461 3950 corruptores
1488 3891 1827 3950 nostrorum,
1860 3883 1976 3938 sive

400 3991 495 4060 qui
523 3986 785 4041 adversus
814 3995 916 4037 nos
948 3989 1235 4035 armantur
1259 4020 1275 4045 ,
1320 3975 1540 4047 proprie
1569 3991 1670 4030 nos
1699 3975 1851 4045 ipsos
1876 3976 1974 4031 de-

401 4074 711 4147 cerpunt“.
741 4071 810 4126 Et
832 4071 953 4125 ideo
975 4069 1391 4140 juste-inl'ames
1422 4072 1572 4129 sunt,
1602 4075 1656 4119 et
1684 4065 1881 4121 merito
1907 4066 1976 4121 ab

400 4167 648 4225 Ecclesia
676 4161 923 4221 eitorrcs
960 4160 1118 4215 ﬁunt.
1143 4160 1187 4191 "
1227 4157 1335 4213 Pro
1368 4157 1577 4212 meritis
1613 4171 1742 4227 ergo
1777 4157 1975 4227 plebis,

402 4275 545 4330 saepe
566 4265 816 4329 pastores
844 4254 1213 4324 depravantur
1239 4249 1499 4305 Ecclesiae
1524 4289 1539 4315 ,
1578 4256 1640 4302 ut
1679 4249 1974 4319 proclivius

402 4358 667 4407 corruant
709 4345 806 4418 qui
854 4351 1179 4415 sequuntur.
1215 4338 1403 4409 Capite
1434 4338 1688 4393 videlicet
1753 4336 1978 4407 langue-

388 4447 592 4506 scente,
612 4438 826 4493 facilius
856 4436 1067 4504 reliqua
1097 4431 1339 4487 membra
1368 4430 1613 4499 corporis
1636 4428 1969 4497 inﬁciuntur,
2007 4441 2046 4494 ι)

406 4542 465 4585 ut
489 4530 752 4600 scriptum
783 4535 905 4582 est:
942 4524 1109 4580 Omne
1152 4531 1312 4591 caput
1359 4520 1673 4591 lariguidum
1693 4560 1709 4586 ,
1740 4530 1788 4575 et
1820 4537 1970 4574 omne

405 4640 496 4678 cor
522 4638 763 4680 mwrens.
805 4620 850 4674 A
878 4620 1064 4689 planta
1088 4615 1235 4687 pedis
1263 4631 1426 4686 usque
1456 4614 1525 4668 ad
1553 4615 1797 4668 verticem
1830 4615 1979 4684 capi-

405 4717 497 4780 tis,
525 4731 630 4769 non
656 4721 733 4767 est
764 4712 819 4765 in
848 4726 907 4764 eo
938 4709 1140 4763 sanitas
1159 4707 1224 4761 ³³.
1252 4705 1593 4777 Quapropter
1625 4704 1975 4760 manifestum

405 4817 511 4875 est,
537 4804 817 4862 diabolum
849 4802 961 4875 (qui
987 4802 1125 4855 sicut
1156 4799 1237 4853 leo
1281 4800 1491 4869 rugiens
1521 4799 1711 4852 circuit
1738 4814 1977 4867 quwrens

405 4916 558 4971 quem
584 4888 748 4968 possit
780 4896 1031 4950 devorare
1049 4893 1115 4963 “)
1145 4891 1402 4948 cordibus
1437 4890 1676 4961 plebium
1707 4889 1975 4955 suadere,

406 5003 467 5046 ut
492 4992 743 5045 doctores
771 4998 935 5057 atque
962 4995 1214 5058 pastores
1243 4997 1375 5038 suos
1404 4981 1835 5037 detractionibus
1885 4998 1977 5037 ac-

486 5203 645 5256 ”ms-
688 5200 912 5270 factum.
952 5196 1092 5253 fﬂl‘lc
1127 5194 1338 5275 filiuni;
1371 5201 1435 5273 .et
1466 5193 1533 5275 ab
1586 5207 1671 5275 eo.
1706 5194 1903 5275 absunt
1928 5195 2049 5252 dum
2085 5212 2374 5275 sequentes
2397 5221 2559 5261 voces
2585 5206 2819 5259 omnium
2849 5203 3221 5259 Ecciesiarum.

405 5260 748 5326 Accusatores
780 5260 954 5322 autem
982 5279 1031 5321 et
1065 5260 1236 5319 testes.
1276 5261 1341 5316 Et
1371 5262 1424 5315 iu
1461 5262 1596 5316 Decr
1652 5260 1763 5317 lvo.
1797 5266 1890 5317 lib.
1938 5283 2008 5321 Iv.

407 5361 507 5396 "0"
538 5342 775 5415 wmulql;
852 5339 1052 5415 "luem
1088 5352 1154 5404 ep
1216 5335 1261 5386 '-
1304 5349 1350 5387 θ·
1381 5334 1464 5415 ¹Ξ;
1541 5334 1586 5365 ’⁸
1610 5331 1666 5387 S-
1699 5334 1857 5405 Greg-
1909 5335 2061 5415 ιῖᾳδς-
2099 5357 2148 5415 p.
2180 5361 2237 5407 ll,
2269 5362 2318 5399 c.
2345 5350 2393 5399 6.
2475 5331 2610 5410 "Iw,
2637 5362 2691 5415 q.
2720 5348 2771 5411 l,
2798 5344 3097 5400 Deteriores
3118 5331 3260 5400 sunt.

1939 5406 1981 5437 ³¹
2001 5406 2265 5479 decipiunt
2325 5417 2480 5478 alias,
2503 5406 2783 5479 diripiunt.

439 5486 591 5569 ala-ai-
636 5484 775 5569 μηδέ
810 5482 862 5534 6-
900 5480 1021 5569 ξι
1052 5480 1391 5569 ιιίςετλγλῆ
1784 5480 1895 5569 et.
1990 5480 2033 5569 3:
2059 5481 2447 5569 tengue'eibus-
2529 5489 2569 5520 ετ
2610 5480 2754 5542 mem
2805 5486 2930 5541 ιεία.

408 5556 596 5609 (.‘ham.
664 5544 717 5586 ’³9
738 5544 871 5607 Gen.
897 5566 975 5607 1x.
1052 5544 1342 5619 “labem.
1371 5544 1705 5619 IVO.‘iii_).lV_.
1784 5546 1966 5600 l“Iden

2080 5552 2133 5605 (Ι.
2153 5544 2174 5554 ⁷
2212 5558 2254 5587 ⁸⁸
2273 5557 2417 5611 Psal.
2436 5575 2618 5619 Lxxxr,
2642 5558 2693 5611 l.

408 5417 556 5469 Sent.
594 5429 679 5474 tu,
713 5412 801 5467 '58.
904 5412 1072 5461 "nis.
1117 5415 1313 5458 autent.
1346 5473 1353 5474 ί
1416 5404 1580 5457 aoms.
1618 5404 1839 5473 quoque.

412 5486 591 5539 33Isai,
636 5473 676 5547 η
718 5484 771 5547 5,
810 5482 862 5534 6.
938 5477 1021 5529 ³³1
1065 5477 1225 5547 Pctr:
1245 5489 1299 5539 ν,
1334 5473 1384 5527 8.
1462 5474 1749 5547 "irrogeut
1786 5476 1880 5547 rei.

2074 1955 2349 2011 ctionibus
2375 1968 2595 2021 vacare,
2618 1952 2725 2007 hoc
2746 1951 2936 2006 vitium
2968 1963 3069 2020 pro
3090 1945 3299 2001 viribus
3323 1941 3665 2008 exstirpare.

2074 2048 2484 2119 prudenterque
2527 2046 2804 2116 corrigere
2827 2051 3060 2114 satagat.
3094 2039 3205 2095 Nec
3231 2038 3312 2095 eis
3340 2038 3395 2093 in
3422 2035 3665 2107 quibus-

2074 2157 2291 2212 cunque
2318 2140 2554 2212 negotiis
2578 2138 2798 2195 misceri
2824 2180 2839 2205 ,
2879 2137 2926 2193 si
2956 2133 3354 2203 incorrigibilcs
3383 2143 3664 2201 apparue-

2076 2235 2205 2302 rint,
2235 2242 2529 2303 antequam
2562 2247 2665 2288 suo
2697 2230 3119 2286 reconcilientur
3143 2224 3392 2290 doctori,
3439 2235 3660 2292 praeon

2078 2335 2223 2381 mat:
2261 2326 2524 2397 quoniam
2543 2324 2590 2357 ”
2634 2332 2745 2378 tam
2768 2323 2815 2354 “
2850 2320 3199 2385 sacerdotes,
3248 2330 3412 2386 quam
3454 2310 3657 2380 reliqui

2075 2419 2260 2476 ﬁdeles
2284 2433 2499 2482 omnes,
2523 2430 2797 2473 summam
2820 2429 3009 2471 curam
3036 2412 3237 2467 habere
3256 2410 3455 2465 debent
3475 2410 3547 2465 de
3570 2410 3656 2464 his

2074 2510 2167 2582 qui
2190 2516 2439 2581 pereunt,
2470 2515 2744 2577 quatenus
2772 2521 2966 2561 eorum
2993 2503 3381 2572 redargutione
3412 2509 3508 2555 aut
3534 2516 3658 2556 cor-

2077 2604 2325 2674 rigantur
2347 2614 2378 2654 a
2400 2597 2671 2669 peccatis,
2697 2606 2811 2662 aut,
2852 2596 2899 2652 si
2942 2595 3344 2667 incorrigibiles
3384 2609 3659 2664 apparue-

2074 2694 2202 2759 rint,
2228 2692 2297 2747 ab
2318 2689 2565 2747 Ecclesia
2588 2696 2931 2759 separentur.

2144 2803 2191 2836 “
2218 2802 2297 2858 ita
2328 2818 2460 2875 ergo
2484 2802 2530 2834 “
2557 2802 2749 2857 beatus
2775 2801 3027 2871 princeps
3050 2799 3422 2869 apostolorum
3458 2796 3660 2853 Petrus

2073 2897 2141 2953 de
2182 2907 2373 2953 sancto
2412 2894 2815 2965 praedecessore
2851 2902 3044 2948 nostro
3090 2891 3373 2946 Clemente
3402 2890 3660 2959 plebibus

2074 2986 2425 3058 praedicando
2450 3027 2465 3052 ,
2513 2984 2735 3056 quando
2783 2984 3015 3039 docebat
3043 2998 3138 3039 eas
3169 2983 3405 3053 qualiter
3435 2982 3484 3036 ei
3524 2981 3660 3034 obe-

2001 3084 2043 3142 C
2077 3079 2195 3135 dire
2246 3078 2549 3143 deberent,
2598 3091 2835 3146 eumque
2891 3075 3223 3141 observare,
3272 3073 3414 3127 inter
3458 3083 3656 3126 caetera

2078 3172 2258 3226 ait":
2298 3187 2319 3222 σ
2357 3167 2416 3224 Si
2463 3168 2722 3223 inimicus
2764 3176 2848 3223 est
2888 3167 3054 3222 alicui
3099 3181 3199 3236 pro
3244 3166 3459 3221 actibus
3496 3165 3652 3229 suis,

2077 3280 2175 3320 vos
2206 3263 2374 3318 nolite
2403 3270 2745 3332 exspectare,
2778 3269 2839 3315 ut
2866 3261 2982 3330 ipse
3012 3260 3171 3314 vobis
3197 3258 3363 3313 dicat.
3396 3257 3532 3312 Cum
3561 3258 3655 3311 illo

2077 3356 2245 3411 nolite
2273 3354 2435 3409 amici
2465 3368 2622 3409 esse:
2657 3353 2752 3409 sed
2781 3352 3079 3422 prudenter
3104 3350 3395 3405 observare
3418 3348 3651 3411 debetis,

2076 3455 2131 3502 et
2166 3445 2439 3503 voluntati
2493 3443 2615 3514 ejus
2665 3444 2872 3514 absque
2914 3442 3345 3499 commonitione
3384 3439 3658 3494 obsecun-

2076 3536 2237 3603 dare,
2265 3545 2319 3592 et
2348 3541 2597 3591 avertere
2624 3549 2725 3589 vos
2753 3534 2823 3588 ab
2851 3549 2948 3599 eo,
2985 3533 3075 3588 cui
3107 3533 3286 3603 ipsum
3315 3530 3528 3588 sentitis
3558 3531 3658 3585 ad-

2076 3643 2330 3683 versum:
2355 3627 2447 3682 sed
2475 3641 2575 3681 nec
2594 3626 2747 3695 loqui
2769 3625 2855 3681 bis
2884 3625 3087 3695 quibus
3117 3626 3235 3695 ipse
3254 3640 3362 3679 non
3387 3624 3652 3694 loquitur,

2077 3729 2137 3775 ut
2180 3718 2566 3790 unusquisque
2615 3718 2708 3788 qui
2739 3718 2794 3772 in
2827 3719 2985 3787 culpa
3030 3727 3149 3780 est,
3180 3718 3310 3773 dum
3358 3717 3509 3785 cupit
3536 3732 3657 3770 om-

2077 3808 2231 3863 nium
2260 3818 2503 3864 vestrum
2532 3808 2807 3864 amicitias
2837 3807 3000 3870 ferre,
3034 3806 3254 3862 festinet
3278 3807 3442 3863 citius
3462 3822 3653 3861 recon-

2076 3902 2252 3957 ciliari
2286 3902 2337 3957 ei
2368 3902 2463 3972 qui
2489 3901 2747 3957 omnibus
2774 3910 2991 3971 praeest,
3021 3912 3082 3955 ut
3112 3916 3208 3969 per
3239 3900 3343 3954 hoc
3374 3900 3558 3955 redeat
3586 3900 3648 3954 ad

2078 3994 2333 4057 salutem,
2362 4008 2486 4047 cum
2519 3992 2743 4047 obedire
2773 3992 3002 4062 creperit
3033 3992 3255 4046 monitis
3287 3992 3647 4056 praesidentis.

2078 4083 2135 4139 Si
2160 4100 2290 4140 vero
2319 4084 2445 4155 quis
2470 4085 2681 4139 amicus
2710 4083 2875 4139 fuerit
2900 4085 2986 4138 liis
3009 4083 3214 4153 quibus
3242 4083 3357 4153 ipse
3392 4098 3500 4137 non
3538 4091 3647 4144 est,

2074 4185 2129 4231 et
2167 4176 2385 4231 locutus
2442 4173 2609 4230 fuerit
2659 4175 2743 4229 his
2790 4175 2993 4244 quibus
3042 4176 3159 4243 ipse
3210 4190 3322 4228 non
3371 4173 3647 4242 loquitur,

2075 4282 2220 4322 unus
2243 4272 2328 4322 est
2355 4275 2409 4321 et
2439 4265 2555 4336 ipse
2587 4280 2654 4321 ex
2686 4266 2793 4321 illis
2823 4266 2917 4335 qui
2948 4265 3318 4320 exterminare
3349 4264 3443 4318 Dei
3468 4263 3648 4319 Eccle-

2076 4359 2214 4413 siam
2242 4358 2471 4425 volunt;
2512 4375 2532 4410 1
2568 4369 2623 4413 et
2644 4358 2874 4427 reliqua.
2916 4355 3015 4412 llis
3058 4358 3290 4427 aliisque
3333 4372 3499 4427 quam
3529 4359 3647 4426 plu-

2074 4451 2231 4506 rimis
2279 4450 2663 4517 documentis,
2718 4449 2882 4505 facile
2937 4449 3317 4519 unusquisque
3373 4448 3650 4502 advertere

2075 4551 2255 4612 potest
2295 4543 2534 4613 qualiter
2575 4542 2802 4598 obedire
2832 4553 2886 4597 et
2914 4542 3293 4611 obtemperare
3324 4542 3489 4595 debet
3518 4556 3649 4611 prae-

2080 4634 2277 4703 positis
2306 4635 2445 4701 suis,
2471 4644 2525 4691 et
2549 4636 2783 4706 qualiter
2813 4635 2958 4690 circa
2985 4650 3081 4690 eos
3110 4634 3381 4704 agendum
3408 4634 3505 4698 sit,
3535 4636 3650 4704 qui-

2072 4723 2175 4779 bus
2205 4725 2308 4794 ipsi
2343 4733 2441 4780 aut
2469 4726 2631 4781 amici
2667 4732 2830 4791 sunt,
2868 4735 2965 4781 aut
2997 4726 3227 4781 inimici.
3269 4724 3324 4779 Si
3355 4727 3482 4795 quis
3510 4728 3646 4780 enim

2074 4816 2189 4871 haec
2227 4829 2496 4889 pracepta
2527 4834 2637 4874 non
2673 4820 3052 4875 observaverit
3075 4860 3091 4885 ,
3137 4819 3313 4874 hostis
3345 4828 3431 4873 est
3460 4820 3651 4879 anima:

2074 4921 2222 4971 suae;
2253 4916 2443 4963 etnon
2466 4918 2679 4964 tantum
2712 4910 2932 4966 infamis
2955 4952 2970 4976 ,
3001 4911 3094 4965 sed
3124 4919 3177 4962 et
3206 4910 3650 4965 excommunica-

2074 5006 2186 5064 tus,
2222 5010 2386 5071 atque
2429 5003 2641 5059 alienus
2674 5003 2744 5057 ab
2770 5001 3016 5058 Ecclesia
3046 5001 3348 5068 efﬁciatur;
3392 5003 3646 5071 quoniam

3328 5207 3476 5270 ³³111,
3508 5222 3558 5275 q.
3592 5206 3642 5269 5,

2785 5277 2851 5307 ‘3'
2871 5276 2927 5329 S.
2958 5277 3092 5330 Cael.
3119 5292 3205 5343 ep.
3231 5274 3285 5329 ‘2.
3364 5276 3411 5307 “
3431 5274 3539 5328 ηιεξ
3591 5287 3643 5329 ut

3366 5345 3410 5377 ’⁸
3429 5343 3487 5399 S.
3520 5345 3639 5399 lsid.

2877 5418 2921 5448 ³²
2942 5415 2999 5471 S.
3065 5415 3186 5469 Isid.
3243 5426 3384 5470 sent.
3430 5432 3515 5475 111,
3554 5417 3637 5469 28.

3035 5488 3156 5546 88tt,
3188 5504 3241 5550 ιι.
3273 5486 3302 5537 7
3326 5528 3340 5550 ,
3375 5486 3638 5540 Sententia

2771 5557 2815 5588 ’⁵³
2837 5573 2986 5628 xxxv,
3012 5574 3067 5624 q.
3096 5558 3151 5628 5,
3174 5557 3302 5609 Tam
3328 5558 3636 5610 sacerdotes.

2114 5273 2159 5302 ”
2180 5273 2233 5327 S.
2267 5277 2457 5330 Ambr.
2484 5292 2569 5342 cp.
2594 5276 2683 5329 64.

408 5625 589 5712 ὀςιδίιλ
618 5626 743 5712 Sent
794 5639 878 5706 111.
915 5622 1004 5675 46.
1082 5615 1308 5712 “Epist.
1337 5626 1411 5712 ‘1',
1442 5612 1509 5667 ad
1556 5612 1816 5712 Jacqbum
1843 5632 1957 5697 hex

2078 5631 2442 5712 crprctatioue
2502 5612 2701 5696 Rufini,
2731 5637 2785 5685 et
2811 5628 2936 5684 dist.
2962 5612 3055 5693 95',
3084 5612 3440 5697 St’iuimicus,
3491 5639 3543 5683 et
3586 5630 3635 5681 in

410 5699 610 5750 decu-et.
641 5695 838 5751 Leonis
865 5684 1042 5763 papae.
1122 5687 1167 5718 ⁸⁸
1186 5701 1286 5740 ms.
1324 5686 1411 5738 Ait
1444 5700 1585 5754 ergo.
1665 5684 1705 5715 ⁸⁷
1724 5702 1825 5740 ms.
1857 5689 1955 5740 ita.
