3822 6218
185 361 307 417 617
1619 361 2003 422 EPISTULA}.
3347 361 3377 413 8
3391 361 3404 412 i
3417 359 3450 412 8

187 495 429 536 necesse
453 486 538 537 est
565 493 628 534 ea
656 476 784 532 vitia
812 476 959 532 ferro
999 477 1320 533 abscinthre
1355 493 1477 548 qua
1511 478 1634 534 aliis
1668 495 1783 534 me-
1811 485 1857 541 Α
1884 479 2019 534 mini
2064 480 2314 535 noceatis
2338 521 2355 547 ,
2405 489 2676 550 quatenus
2709 486 2765 534 et
2803 478 2871 534 ab
2901 477 3212 533 hominibus
3254 478 3450 532 bonum

184 573 572 628 dicaminibus
615 586 726 624 non
772 580 1057 626 sanantur.
1103 569 1298 625 Parcat
1333 570 1714 639 unusquisque
1747 586 1780 626 a
1890 570 2192 642 acquiratis
2231 572 2432 628 famam
2460 612 2474 637 ,
2508 583 2561 628 et
2590 589 2621 626 a
2646 572 2758 628 Deo
2789 573 3056 627 mercedis
3085 573 3364 641 priemiutn
3400 574 3451 625 in

191 665 538 722 laceratione
561 662 643 718 vel
661 661 708 694 “
731 662 1070 718 detractione
1102 661 1302 730 linguae
1327 676 1460 725 suae,
1484 668 1782 730 caveatque
1882 673 2085 719 aeterna
2115 665 2450 720 beatitudine
2483 665 2759 734 percipere
2785 664 3126 720 mereatnini.
3157 662 3222 718 Et
3250 663 3294 718 si
3322 664 3453 733 quid

190 774 270 812 ne
302 766 394 811 aut
423 756 664 824 linguam
689 761 783 808 aut
810 768 972 808 aures
1001 752 1200 806 habeat
1233 752 1564 820 prurientes,
1591 751 1644 806 id
1674 761 1779 818 est,
1884 755 2100 810 adversi
2131 757 2197 810 de
2225 756 2432 811 unitate
2461 755 2718 811 Ecclesia:
2745 757 3024 820 acciderit,
3054 756 3316 811 radicitus
3342 773 3456 810 am-

191 866 272 906 ne
319 858 414 904 aut
462 849 588 903 aliis
619 848 882 917 deroget,
919 845 1281 914 detrahatque
1323 843 1742 913 quibuscunque
1763 883 1779 910 ,
1885 856 2122 917 putetur,
2151 856 2210 901 ut
2233 846 2326 902 Dei
2351 846 2591 902 Ecclesia
2612 891 2626 915 ,
2677 847 2994 919 fructusque
3025 864 3305 903 servorum
3334 850 3455 919 ejus

193 954 303 998 aut
333 943 470 997 alios
499 941 684 996 audiat
712 940 1038 1010 derogantes
1069 939 1154 993 vel
1184 937 1568 992 detrahentes:
1595 945 1784 992 custo-
1882 948 2140 994 maneant
2167 939 2515 996 inconcussa.
2551 938 2776 1009 Propter
2801 940 2960 1011 quod,
2990 943 3309 1007 charissimi,
3362 957 3456 994 ea:-

194 1037 431 1106 diatque
459 1035 695 1106 quisque
728 1047 1013 1088 sermones
1039 1046 1195 1097 suos,
1223 1039 1278 1086 et
1308 1031 1467 1096 sciat,
1496 1030 1626 1099 quia
1659 1029 1782 1099 qui-
1889 1039 2184 1098 spectantes
2221 1032 2471 1100 satagite,
2515 1031 2844 1085 immaculati
2882 1034 2929 1086 ei
2970 1035 3190 1087 inveniri
3221 1034 3275 1087 in
3306 1051 3452 1102 pace,

194 1143 426 1197 cunque
452 1127 520 1181 de
543 1127 669 1181 aliis
699 1125 964 1195 loquitur,
989 1138 1088 1178 sua
1124 1122 1390 1178 sententia
1416 1121 1778 1190 judicabitur.
1881 1131 1932 1178 et
1961 1122 2177 1176 Domini
2207 1123 2374 1176 nostri
2404 1121 2533 1176 Jesu
2569 1122 2770 1177 Christi
2813 1123 3265 1194 longanimitalem
3302 1126 3452 1181 salu-

188 1219 405 1275 Caveat
426 1218 590 1273 etiam
615 1217 796 1271 omnis
818 1215 1026 1282 ﬁdelis,
1067 1229 1138 1270 ne
1180 1213 1491 1285 derogando
1534 1213 1680 1283 quod
1724 1212 1780 1269 in
1884 1226 1988 1270 tem
2018 1213 2454 1270 arbitramini“.
2493 1213 2674 1268 Estole
2716 1231 2837 1284 ergo
2869 1217 3184 1284 prudentes,
3235 1228 3283 1272 et
3322 1221 3456 1290 uigi-

190 1314 370 1368 domo
399 1312 724 1382 cujusquam
755 1309 972 1379 agitur,
1003 1308 1110 1362 alia
1138 1307 1337 1362 domus
1371 1321 1469 1377 per
1511 1321 1636 1360 eum
1679 1321 1781 1361 co-
1882 1305 1989 1361 late
2038 1306 2092 1359 in
2136 1306 2503 1360 orationibus:
2531 1315 2652 1358 ante
2695 1306 2874 1358 omnia
2913 1317 3087 1362 autem
3130 1319 3364 1363 mutuam
3401 1312 3455 1363 in

191 1414 470 1478 gnoscat,
502 1405 597 1460 sed
639 1404 886 1458 omnium
925 1399 1366 1456 Christianorum
1397 1399 1590 1454 domos
1623 1399 1778 1468 quasi
1881 1398 2265 1467 nobismetipsis
2311 1396 2622 1450 charitatem
2663 1399 2968 1452 continuam
3015 1400 3291 1466 habentes;
3326 1405 3454 1472 quia

190 1499 456 1568 proprias
485 1503 650 1552 amet.
684 1493 856 1549 Nemo
881 1494 1028 1549 enim
1064 1492 1236 1546 invito
1276 1491 1513 1546 auditori
1548 1491 1781 1545 libenter
1883 1493 2120 1546 charitas
2152 1492 2316 1560 operit
2347 1491 2743 1545 multitudinem
2769 1502 3125 1561 peccatorum.
3154 1494 3454 1564 llospitales

189 1590 390 1645 refert.
425 1589 618 1659 Sitque
654 1585 1094 1656 uniuscujusque
1129 1584 1371 1639 studium
1396 1625 1412 1651 ,
1447 1597 1560 1638 non
1598 1583 1778 1638 solum
1883 1585 2102 1639 invicem
2135 1584 2247 1638 sine
2277 1584 2718 1638 murmuratione.
2761 1583 3161 1655 Unusquisque,
3193 1588 3329 1640 sicut
3361 1605 3454 1640 αις-ο

188 1684 396 1738 oculos
422 1691 605 1738 castos
635 1694 875 1745 servare,
908 1679 1003 1734 sed
1034 1685 1089 1732 et
1118 1676 1385 1746 linguam.
1421 1673 1532 1730 Vos
1564 1683 1774 1739 autem,
1881 1677 2017 1746 cepit
2061 1676 2292 1746 gratiam
2312 1717 2328 1743 ,
2368 1677 2422 1730 in
2453 1676 2770 1730 alterutrum
2802 1677 2953 1730 illam
2986 1679 3452 1746 administrantes,

190 1775 516 1830 charissimi
541 1813 556 1839 ,
589 1774 681 1844 qui
711 1771 846 1828 estis
874 1771 977 1827 sub
1003 1769 1222 1825 Domini
1252 1767 1541 1837 disciplina
1564 1766 1769 1822 consti-
1809 1823 1848 1844 ἡ
1880 1769 2018 1820 sicut
2057 1765 2177 1820 boni
2218 1767 2604 1836 dispensatores
2646 1767 2992 1837 multiformis
3024 1771 3210 1839 gratia:
3245 1769 3359 1824 Dei.
3393 1770 3452 1825 Si

196 1823 556 1839 ---_--___----,
594 1823 681 1844 ,η
717 1823 842 1828 η---
874 1823 968 1827 _-_
1063 1823 1072 1825 ἡ
1264 1823 1269 1824 κ
1395 1823 1413 1837 ,
2303 1823 2313 1836 ,
2805 1823 2816 1837 ,
3024 1823 3049 1839 υ
3171 1823 3194 1824 η
3349 1823 3356 1824 ,
3406 1823 3444 1825 _,

189 1869 326 1934 tuti,
355 1867 436 1923 sic
464 1882 563 1922 vos
589 1865 862 1930 exhibete,
901 1873 961 1917 ut
991 1861 1108 1916 veri
1139 1860 1379 1916 ministri
1409 1868 1464 1915 et
1477 1859 1524 1892 δ’
1552 1859 1775 1929 dispen-
1808 1823 1851 1882 Β
1882 1859 1999 1928 quis
2026 1857 2282 1928 loquitur,
2315 1859 2450 1911 sicut
2479 1875 2742 1914 sermones
2773 1859 2907 1914 Dei:
2936 1862 2982 1914 si
3012 1863 3128 1932 quis
3160 1862 3450 1924 ministrat,

192 1971 414 2016 satores
459 1959 842 2031 mysteriorum
888 1956 1008 2026 ejus
1030 1955 1113 2021 '°,
1170 1963 1232 2009 ut
1279 1967 1389 2008 non
1439 1951 1777 2022 vituperetur
1885 1957 2140 2020 tanquam
2167 1965 2232 2004 ea:
2261 1951 2488 2017 uirtute,
2523 1966 2681 2020 quam
2713 1951 3056 2006 administrat
3090 1953 3226 2007 Deus
3250 1995 3267 2019 ,
3303 1963 3359 2006 ut
3399 1957 3451 2007 in

190 2050 565 2106 ministerium
588 2058 855 2113 vestrum,
884 2062 951 2101 ne
981 2047 1073 2100 fiat
1105 2044 1157 2099 in
1186 2044 1340 2099 vobis
1364 2086 1379 2109 ,
1434 2040 1596 2097 sicuti
1636 2052 1773 2095 SCl'l-
1883 2043 2126 2096 omnibus
2157 2042 2535 2111 honoriﬁcetur
2585 2040 2720 2095 Deus
2744 2083 2759 2106 ,
2802 2059 2893 2111 per
2927 2042 3112 2097 Iesum
3149 2044 3451 2110 Christum,

190 2155 350 2216 ptum
382 2155 498 2200 est:
525 2142 590 2197 Et
619 2143 716 2198 erit
746 2143 883 2196 sicut
905 2141 1162 2211 populus,
1197 2140 1276 2192 sic
1306 2136 1550 2191 sacerdos
1566 2135 1656 2188 ‘°'.
1682 2133 1773 2188 Sic
1880 2135 1966 2186 cui
2011 2142 2089 2187 est
2139 2135 2313 2204 gloria
2353 2143 2403 2188 et
2452 2133 2728 2204 imperium
2771 2135 2829 2188 in
2877 2138 3074 2191 sazcula
3117 2139 3454 2196 saeculorum.

187 2238 346 2293 enim
371 2251 468 2292 vos
489 2275 506 2302 ,
536 2244 888 2304 vestrosque,
929 2241 984 2288 et
1008 2237 1238 2286 cunctos
1268 2227 1522 2297 corripite
1541 2267 1558 2294 ,
1590 2235 1649 2280 ut
1678 2241 1774 2280 ne-
1881 2228 2045 2281 Amen
2062 2225 2128 2277 ⁵³.

207 2409 3433 2443 _____________.__________.__.._..__..___.___._____.__.

856 2541 1107 2637 DUO
1185 2541 1730 2634 DECRETA
1818 2539 2408 2632 ANACLETI
2488 2536 2824 2630 PAPIE

1569 2737 1661 2792 EI
1707 2733 2083 2793 GRATIANO.

269 2888 448 2955 Quare
470 2891 596 2945 laici
623 2893 678 2948 in
706 2894 1045 2948 accusatione
1075 2892 1440 2962 episcoporum
1465 2903 1569 2942 non
1596 2902 1698 2940 αι·
1878 2894 2072 2936 omnes
2098 2878 2364 2949 episcopi,
2391 2877 2487 2948 qui
2520 2876 2686 2948 hujus
2713 2878 3026 2948 apostolica:
3054 2875 3201 2933 sedis
3227 2875 3451 2931 ordinae

469 2980 473 2984 '
865 2966 1104 3018 αἱωιιαν-
1880 2973 2014 3029 tioni
2042 2972 2345 3042 subjaccnt,
2376 2978 2430 3025 et
2451 2969 2545 3039 qui
2571 2970 2864 3040 propinqui
2895 2975 3056 3036 sunt,
3090 2983 3270 3022 annue
3301 2967 3449 3022 circa

269 3053 319 3086 ’³
343 3053 491 3108 Ῐλθίοί
519 3055 572 3109 in
602 3056 950 3112 accusatione
971 3055 1355 3125 episcoporum
1380 3049 1636 3108 audiendi
1662 3064 1770 3104 "0“
1799 3097 1843 3155 ο
1878 3066 2004 3121 ldus
2033 3063 2162 3118 Maii
2189 3070 2504 3118 sanctorum
2529 3062 2844 3133 principum
2870 3061 3013 3116 Petri
3045 3071 3099 3117 et
3126 3060 3277 3115 Pauli
3307 3058 3452 3113 limi-

193 3155 346 3212 sunt,
375 3147 504 3217 quia
534 3149 734 3218 oppido
773 3149 852 3204 eis
881 3149 1102 3219 quidam
1133 3146 1315 3202 iniicsti
1345 3155 1493 3202 sunt.
1526 3145 1592 3199 Et
1623 3145 1702 3199 ind

1940 3158 2040 3212 bus
2085 3162 2484 3225 praesententur
2507 3195 2523 3221 ,
2552 3154 2701 3208 omni
2729 3155 3018 3209 occasione
3055 3153 3314 3223 seposita.
3343 3150 3449 3217 Qui

193 3254 366 3308 imum
397 3247 481 3293 εει
508 3249 566 3293 ut
595 3239 664 3293 ab
691 3239 771 3295 eis
799 3247 1149 3308 accusem":
1181 3238 1275 3310 qui
1305 3254 1499 3295 eorum
1531 3237 1772 3309 ετανίιαο
1877 3263 2009 3303 vero
2036 3246 2103 3302 de
2131 3246 2430 3317 longinquo
2461 3255 2608 3314 sunt,
2636 3247 2793 3317 juxta
2831 3246 3254 3317 chirographum
3285 3260 3448 3299 suum

193 3339 304 3386 tem
333 3331 522 3386 nolunt
547 3331 769 3387 imitari.
1877 3339 2157 3411 impleant.
2226 3337 2332 3404 Qui
2397 3347 2580 3393 autem
2655 3338 2970 3408 hujusmodi
3041 3335 3448 3391 constitutionis

196 3440 436 3511 Singulis
456 3447 619 3516 pannis
649 3445 1008 3516 apostolorum
1041 3447 1230 3501 limina
1260 3447 1472 3502 visitent
1504 3446 1705 3516 episcop

1936 3437 2228 3499 intemptor
2285 3428 2594 3494 exstiterit,
2649 3437 3009 3498 prazterquam
3062 3427 3110 3482 si
3165 3426 3445 3496 aegritudi-

372 3515 463 3584 qui
498 3515 916 3569 ordinationibus
964 3518 1270 3588 apostolicis
1298 3515 1590 3586 subiacent.
1680 3515 1683 3516 ν
1875 3537 1944 3577 ne
1990 3519 2157 3576 fuerit
2201 3520 2494 3586 detentus,
2543 3519 2683 3575 sciat
2733 3533 2793 3575 se
2840 3517 3121 3574 canonicis
3161 3517 3447 3588 subjacere

269 3605 318 3638 ⁸⁸
338 3605 503 3664 Juxta
527 3619 849 3666 sanctorum
868 3609 1095 3667 Patrum
1117 3620 1170 3668 et
1191 3627 1466 3670 canonum
1495 3611 1772 3680 instituta,
1873 3611 2180 3669 sententiis.

272 3741 391 3826 :sln
435 3760 521 3816 ep.
557 3745 709 3826 2_D.
755 3746 974 3805 Hieron.
1019 3749 1113 3826 _ad
1171 3749 1567 3826 Nepotianum,
1592 3752 1753 3824 cujus
1800 3753 1967 3826 verba
2006 3753 2146 3826 mire
2191 3751 2847 3826 deformataﬂmangonio
2883 3753 3060 3826 nostri
3073 3751 3450 3826 __Mercato[is..

187 3813 231 3892 ξ’
264 3814 430 3892 Zaclt_.
461 3813 579 3892 cap.
613 3816 798 3892 3,_pro
827 3835 980 3876 more
1017 3813 1360 3892 interpolata.
1421 3822 1505 3877 “1
1528 3813 1679 3880 Cor:
1704 3839 1778 3890 tv,
1812 3825 1864 3879 1.
1955 3826 2026 3858 ⁸⁰’
2065 3823 2171 3880 lsa.
2197 3841 2347 3890 xxw,
2372 3826 2427 3879 2.
2503 3821 2608 3877 “ll
2639 3813 2780 3881 Ρὲιι.
2809 3840 2893 3890 ιιι,
2925 3824 3012 3889 14,
3041 3822 3126 3877 13.
3203 3822 3288 3875 ⁸³1
3339 3822 3443 3876 Pe-

183 3891 254 3968 ξς.
276 3901 373 3968 A13,
400 3885 583 3968 7311.-
666 3885 721 3968 fi
743 3906 806 3956 ιι,
840 3901 1031 3960 quaest.
1065 3893 1118 3958 7,
1162 3885 1315 3968 ἱειὶεὶ
1341 3895 1724 3968 episcoporum.
1765 3885 1969 3968 Eadem
2010 3894 2124 3968 fere
2148 3895 2311 3950 verba
2335 3885 2621 3952 habentur
2648 3897 2703 3951 in
2740 3885 2971 3967 epistola
3000 3885 3229 3952 Eusebii
3271 3908 3441 3964 papaz.

190 3953 235 3984 “
274 3955 377 4025 95,
407 3957 535 4015 dist.
560 3957 614 4015 1.
652 3953 824 4016 Juxta
859 3953 1168 4018 sanctorum
1193 3953 1442 4034 Patrum,
1484 3953 1539 4022 ei
1597 3965 1654 4020 in
1678 3964 1835 4022 Decr.
1867 3965 2145 4023 Zachariae
2173 3981 2346 4037 papae.
