3822 6218
438 386 3733 443 2W

820 578 2033 799 SANCTUS
2223 584 3328 802 HERMAS

1495 955 1711 1049 VIR
1780 952 2639 1047 APOSTOLICUS.
3421 970 3433 981 “
3522 946 3593 995 ”

3464 1064 3501 1085 ᾌ

673 1390 1373 1511 VETERUM
1453 1389 2356 1507 TESTlMONIA
2428 1390 2609 1503 DE
2696 1389 2817 1505 S.
2908 1395 3441 1510 HERMA.

1008 1636 1305 1705 (Gutum,
1324 1637 1560 1691 Veterum
1581 1640 1792 1690 Patrum
1814 1635 2131 1700 Bibliotheca,
2154 1642 2191 1689 t.
2230 1638 2270 1700 Ι,
2296 1638 2547 1701 Venetiis,
2575 1637 2715 1701 1765,
2734 1638 2899 1691 ιιι-ἰοὶ.
2944 1654 2994 1704 p.
3020 1640 3123 1705 5L)

958 1947 1019 2005 8.
1048 1949 1318 2021 Inuus,
1350 1952 1619 2011 adversus
1646 1952 1912 2021 Herceas,
1942 1953 2038 2011 lib.
2074 1969 2149 2021 tv,
2174 1972 2293 2026 cap.
2321 1954 2426 2024 20,
2460 1972 2609 2011 num.
2641 1955 2699 2024 2,
2729 1955 2860 2012 edit.
2897 1954 3154 2013 Massuet.

505 2085 814 2181 Bcnffl'gt‘)
843 2090 1226 2181 pronuntiavit
1254 2092 1562 2181 scriptura,
1591 2113 1715 2168 quas
1744 2098 1879 2181 dicit
1907 2118 1922 2155 :
1958 2098 2143 2181 Primo
2169 2100 2405 2181 omnium
2432 2101 2618 2181 crede,_
2639 2102 2888 2181 quoniam
2925 2120 3061 2157 unus
3090 2110 3169 2157 est
3200 2098 3489 2181 Πρω..ᾳηί
3511 2096 3712 2178 omnia

431 2165 728 2239 constituit,
729 2168 804 2243 “et
834 2166 1236 2243 consummauit,
1266 2176 1331 2243 et_
1348 2165 1475 2238 fecit
1505 2182 1570 2223 ea:
1602 2165 1662 2223 eo
1691 2170 1832 2241 quod
1865 2187 1968 2224 non
1996 2177 2149 2237 erat,
2180 2180 2241 2225 ut
2275 2181 2447 2226 essent
2473 2165 2693 2227 omnia:
2724 2175 2959 2228 omnium
2996 2188 3171 2243 capax
3191 2212 3205 2236 ,
3228 2180 3281 2226 et
3306 2165 3465 2241 quia
3488 2168 3712 2222 nemine

429 2227 694 2296 capiatur.
728 2227 921 2287 Exstat
944 2231 1040 2288 lib.
1076 2247 1138 2299 ιι,
1166 2227 1360 2293 mandi
1389 2252 1430 2295 ι.

1099 2467 1350 2528 Οιειεκε
1383 2470 1564 2539 Alex"
1597 2472 1819 2546 Στρωμ.
1852 2470 1951 2529 lib.
1980 2488 2019 2539 ι,
2052 2488 2169 2543 cap.
2206 2472 2294 2540 17,
2330 2490 2454 2544 pag.
2496 2473 2623 2541 369,
2648 2475 2780 2531 edit.
2817 2475 2990 2533 Oxon.

500 2574 644 2633 Dicit
668 2589 852 2637 autem
894 2590 948 2638 et
979 2583 1197 2648 Pastor,
1236 2583 1479 2655 Angelus
1511 2585 1879 2657 paenitentiae,
1924 2588 1992 2644 ad

2194 2585 2329 2655 λέγει
2356 2586 2413 2639 δὲ
2442 2587 2536 2641 καὶ
2562 2590 2595 2643 ὁ
2625 2588 2877 2659 Ποιμηὴν,
2912 2592 2942 2645 ὁ
2975 2590 3205 2661 ἄγγελος
3232 2589 3333 2659 τῆς
3379 2585 3703 2659 μετανοίας,

429 2666 709 2738 Hermum,
744 2673 812 2729 de
838 2676 1311 2748 pseudopropheta
1352 2693 1370 2733 :
1403 2676 1661 2743 Quaedam
1685 2681 1825 2735 enim
1854 2698 1938 2737 ver

2232 2679 2425 2751 Ἑρμᾷ,
2454 2681 2581 2751 περὶ
2614 2680 2709 2733 τοῦ
2751 2681 3229 2754 ψευδοπροφήτου·
3280 2681 3416 2735 de
3442 2678 3555 2748 γὰρ
3581 2677 3702 2745 ρἧ

428 2778 551 2818 uera
590 2763 845 2830 loquitur.
871 2766 1131 2823 Diabolus
1156 2769 1296 2823 enim
1324 2785 1443 2823 eum
1464 2767 1647 2840 implet
1670 2788 1766 2826 suo
1790 2774 1937 2843 spirit

2192 2786 2267 2825 »τα
2296 2771 2493 2841 άληθῆ
2526 2772 2719 2828 λαλεῖ.
2781 2774 2842 2826 '0
2867 2775 2978 2842 γὰρ
3005 2773 3282 2840 διάϐολος
3312 2771 3498 2827 αὐτὸν
3535 2773 3701 2837 πλη-

424 2856 478 2909 :i
500 2872 652 2916 auem
676 2859 842 2939 possit
881 2875 948 2915 ex
974 2860 1142 2929 justis
1174 2860 1439 2931 frangere.
1472 2858 1596 2918 Lib.
1631 2878 1691 2928 ιι,
1714 2865 1898 2920 maud.

2191 2859 2212 2913 ῖ
2239 2860 2320 2926 τῷ
2340 2860 2557 2918 ἑαυτοῦ
2584 2863 2896 2933 πνεύματι,
2928 2864 2985 2918 εἷ
3006 2882 3142 2919 τινα
3170 2863 3495 2932 δυνήσεται
3504 2860 3700 2931 ῥῆξαι

428 2961 548 3018 cap.
584 2949 634 3003 1.

2106 2958 2227 3015 τῶν
2251 2960 2511 3015 δικαίων.

1605 3085 1757 3155 lusu,
1787 3088 1947 3158 ibid.,
1981 3106 2099 3161 cap.
2125 3090 2217 3158 29,
2244 3107 2365 3162 pag.
2400 3089 2519 3148 £26.

501 3196 696 3253 Diviue
721 3213 853 3272 ergo
890 3198 1141 3260 Potestas
1165 3204 1254 3259 illa
1282 3220 1404 3276 quae
1433 3204 1647 3263 Herma:
1671 3208 1919 3280 loquitur
1946 3212 2003 3268 in

2180 3210 2348 3278 Θείως
2377 3212 2556 3269 τοίνυν
2583 3216 2617 3288 ἡ
2644 3214 2883 3288 Δύναμις
2914 3217 2948 3287 ἡ
2983 3215 3064 3288 τῷ
3094 3216 3272 3289 Ἑρμᾷ
3308 3216 3451 3271 κατὰ
3483 3216 3689 3274 dmuti-

429 3290 758 3347 revelatione
786 3311 813 3363 :7
852 3291 1109 3364 Visiones,
1136 3296 1333 3368 inquit,
1363 3307 1412 3353 et
1434 3300 1769 3357 revelationes
1792 3315 1938 3374 propt

2186 3303 2267 3375 low
2295 3304 2566 3360 λαλοῦσα·
2609 3308 2684 3362 Τὰ
2712 3307 2997 3379 ὁράματα,
3022 3310 3188 3383 φησὶ,
3222 3310 3321 3365 καὶ
3361 3309 3433 3364 τὰ
3470 3311 3695 3365 ἀποκα-

426 3398 514 3436 eos
534 3384 625 3454 qui
653 3392 776 3437 sunt
809 3385 1012 3456 duplici
1050 3389 1225 3454 corde,
1250 3391 1341 3461 qui
1366 3391 1640 3462 disputant
1677 3395 1734 3447 in
1758 3397 1935 3451 cordib

2183 3413 2408 3466 ’μματαν
2453 3396 2551 3452 διὰ
2596 3398 2739 3464 τοὺς
2766 3399 3086 3468 διψύχους,
3124 3400 3267 3467 τοὺς
3296 3397 3692 3468 διαλογιζομέ-

427 3477 560 3544 suis,
584 3478 691 3532 sint
718 3493 802 3547 ea,
825 3495 918 3535 nec
939 3495 1021 3535 ne.
1054 3479 1174 3537 Lib.
1205 3496 1245 3548 ι,
1276 3484 1380 3539 vis.
1412 3500 1497 3553 ιιι,
1520 3499 1641 3556 cap.
1674 3486 1731 3543 4.

2184 3506 2255 3556 υς
2283 3488 2354 3542 ἐν
2380 3487 2510 3555 ταῖς
2540 3488 2811 3558 καρδίαις
2843 3487 3064 3559 αὐτῶν,
3093 3492 3147 3545 sl
3179 3490 3295 3559 ἄρα
3320 3489 3453 3543 ἐστὶ
3483 3488 3690 3553 ταῦτα,

2108 3580 2145 3649 ἣ
2180 3582 2291 3636 οὐκ
2321 3580 2512 3635 ἔστιν.

1593 3687 1748 3760 lusu,
1777 3690 1872 3746 lib.
1908 3706 1969 3759 ll,
1998 3710 2115 3764 cap.
2150 3696 2202 3761 1,
2237 3712 2362 3767 pag.
2396 3698 2520 3753 450.

499 3829 639 3886 Dicit
672 3830 840 3897 enim,
875 3845 998 3901 quas
1026 3827 1241 3885 Henna:
1266 3830 1321 3886 in
1358 3831 1573 3889 visione
1596 3836 1870 3905 apparuit,
1900 3835 2005 3892 Po-

2178 3841 2318 3913 Φησὶ
2349 3841 2457 3915 γὰρ
2493 3845 2552 3898 ὲν
2581 3844 2661 3915 τῷ
2692 3843 2931 3916 ὁράματι
2956 3841 3035 3914 τῷ
3087 3841 3267 3914 Ἑρμᾷ
3317 3842 3352 3911 ἡ
3392 3838 3632 3910 Δύναμις
3656 3838 3686 3909 ἡ

398 3917 598 3977 'testas
646 3938 659 3977 :
717 3920 871 3987 Quod
923 3921 1021 3975 tibi
1069 3922 1325 3993 contingit
1375 3923 1615 3995 revelari,
1659 3927 1907 3983 reuelabit

2176 3935 2370 3988 ινεῑσαο
2415 3938 2485 3989 Ὃ
2512 3936 2621 3991 ἐὰν
2644 3936 2949 4005 ἐνδέχεται
2979 3930 3503 4003 ἀποκαλυφθῆναι,
3545 3932 3685 3986 ἀπο-

427 4007 549 4069 Lib.
584 4028 622 4080 ι,
648 4011 751 4068 vis.
777 4028 860 4081 Ill,
883 4027 1003 4083 cap.
1032 4013 1087 4067 3.

1052 4013 1087 4067 ἱ.
2097 4023 2561 4094 καλυφθήσεται.

1613 4130 1766 4203 lusu,
1801 4136 1959 4205 ibid.,
1989 4154 2106 4210 cap.
2142 4141 2197 4207 9,
2225 4158 2349 4214 pag.
2375 4142 2503 4199 452.

496 4243 695 4301 Pastor
718 4254 902 4302 autem
944 4246 1013 4305 de
1052 4248 1121 4307 iis
1148 4252 1281 4309 solis
1306 4255 1402 4326 qui
1426 4256 1802 4327 dormiissent,
1832 4261 2000 4317 verba

2188 4266 2251 4320 Ὀ
2284 4266 2517 4338 Ποιμὴν
2546 4268 2624 4333 δὲ,
2653 4267 2841 4331 ἁπλῶς
2871 4266 2966 4320 ἐπὶ
2998 4263 3107 4319 τῶν
3130 4256 3551 4331 κεκοιμημένων
3572 4254 3682 4319 θεὶς

425 4335 655 4406 faciens,
684 4339 838 4395 novit
861 4342 1129 4411 quosdam
1153 4345 1335 4415 justas
1364 4348 1420 4403 in
1461 4351 1711 4420 gentibus
1737 4362 1791 4407 et
1818 4354 1872 4407 in
1901 4352 1930 4407 J

2170 4376 2203 4423 ,ν
2224 4335 2401 4425 λέξιν,
2419 4335 2658 4423 δικαίους
2684 4355 2795 4414 οἷδέ
2824 4375 2975 4422 τινας
3008 4358 3065 4409 ὲν
3098 4354 3279 4409 ἔθνεσι
3318 4350 3415 4405 καὶ
3453 4352 3513 4402 ὲν
3550 4349 3679 4401 Ἰου-

424 4428 579 4496 dacis,
610 4446 717 4485 non
751 4432 927 4487 solum
954 4443 1079 4490 ante
1104 4435 1397 4493 adventum
1430 4438 1669 4510 Domini,
1708 4444 1803 4500 sed
1829 4446 1933 4500 etia

2167 4450 2294 4517 ίοις,
2329 4452 2391 4505 οὐ
2448 4453 2607 4523 μόνον
2652 4451 2760 4523 πρὸ
2803 4450 2906 4520 τῆς
2950 4448 3046 4502 τοῦ
3090 4445 3297 4519 Κυρίου
3342 4441 3676 4514 παρουσίας,

425 4530 551 4576 ante
579 4522 775 4592 legem,
824 4524 919 4595 qui
959 4524 1073 4582 Deo
1122 4529 1260 4599 grati
1292 4534 1614 4603 acceptique
1655 4533 1891 4599 fuerint;

2171 4541 2243 4595 λὰ
2276 4544 2371 4596 καί⁸
2406 4522 2513 4614 πρὸ
2546 4522 2731 4614 νόμου,
2769 4541 2906 4613 μετὰ
2936 4541 3035 4612 τὴν
3064 4538 3201 4610 πρὸς
3230 4535 3364 4589 Θεὸν
3388 4532 3680 4604 εὐαρέστη-

422 4614 578 4680 Abel,
617 4624 675 4670 ut
704 4614 837 4683 Noe,
874 4625 932 4672 ut
981 4619 1028 4674 si
1074 4621 1200 4690 quis
1235 4623 1378 4680 alius
1403 4625 1614 4696 justus.
1654 4627 1796 4684 Dicit
1843 4646 1931 4701 erg

2163 4651 2207 4698 ν,
2258 4634 2335 4697 ὡς
2384 4633 2571 4699 Ἅϐελ,
2606 4632 2683 4697 ὡς
2726 4631 2874 4697 Νῶε,
2918 4630 2996 4695 ὡς
3028 4630 3082 4683 εἴ
3119 4646 3203 4692 τις
3233 4628 3421 4697 ἕτερος
3453 4625 3672 4685 δίκαιος.

423 4708 703 4776 apostolos
740 4718 796 4764 et
820 4709 1074 4768 doctores
1098 4714 1192 4786 qui
1238 4718 1608 4786 praedicarunt
1639 4736 1842 4777 nomen
1871 4724 1932 4779 Fi

2167 4726 2236 4798 ισὶ
2275 4723 2407 4795 γοῦν
2446 4725 2575 4789 τοὺς
2620 4724 2951 4785 ἀποστόλους
2990 4724 3085 4776 καὶ
3127 4717 3507 4779 διδασκάλους,
3555 4715 3676 4776 τώς

422 4796 538 4866 Dei,
562 4801 724 4854 etiam
748 4816 873 4855 cum
904 4802 1279 4875 dormiissent,
1307 4818 1578 4878 potestate
1606 4828 1669 4868 ac
1708 4814 1815 4870 ﬂde
1853 4832 1931 4886 pr:

2165 4796 2444 4886 lpﬁﬁawa;
2482 4813 2544 4868 τὸ
2570 4814 2743 4884 ὄνομα
2772 4812 2866 4865 τοῦ
2900 4811 3033 4865 Υἰοῦ
3072 4810 3227 4875 Θεοῦ,
3261 4808 3357 4863 καὶ
3389 4804 3674 4877 κοιμηθέν-

420 4889 634 4945 dicasse
663 4891 731 4947 iis
754 4892 849 4962 qui
882 4902 1009 4950 ante
1037 4897 1395 4954 dormierunt.
1428 4901 1633 4959 Deinde
1668 4906 1889 4961 subdit:
1923 4950 1929 4959 .

2164 4923 2216 4971 ης,
2279 4910 2345 4978 τῇ
2380 4902 2604 4979 δυνάμει
2634 4909 2729 4962 καὶ
2756 4909 2823 4979 τῇ
2854 4907 3035 4961 πίστει
3073 4902 3307 4977 κηρύξαι
3334 4904 3450 4965 τοῖς
3482 4916 3673 4973 προκε-

418 4980 544 5052 ipsi,
571 4990 675 5038 etc.
706 4982 826 5038 Lib.
854 5000 938 5056 Ill,
966 4987 1131 5042 simil.
1165 5004 1242 5057 ιχ,
1267 5008 1386 5061 cap.
1425 4994 1513 5051 16.

2057 4985 2063 5039 ἶ
2097 4998 2475 5069 κοιμημὲνοις.
2499 4994 2634 5052 Εἶτα
2663 4999 2943 5070 ἐπιφέρειο
2981 4997 3094 5052 Kal
3118 4995 3306 5060 αὐτοὶ,
3343 5012 3401 5048 κ.
3436 5010 3491 5047 τ.
3518 4992 3566 5045 λ.

1575 5125 1728 5196 lusu,
1755 5129 1910 5196 ibid.,
1944 5147 2064 5203 cap.
2104 5132 2195 5199 12,
2225 5150 2346 5205 pag.
2374 5132 2502 5189 458.

488 5228 621 5297 Quae
642 5245 774 5303 ergo
800 5235 1043 5289 continet
1082 5234 1406 5308 Ecclesiam,
1436 5248 1499 5295 ut
1539 5239 1737 5296 Pastor
1775 5243 1986 5313 inquit,

2179 5245 2243 5298 Ἠ
2277 5245 2456 5301 τοίνυν
2486 5247 2782 5319 συνέχουσα
2806 5250 2905 5321 τὴν
2954 5246 3301 5318 Ἐκκλησίαν,
3334 5242 3414 5309 ὣς
3452 5256 3613 5313 φησιν
3636 5250 3665 5299 ό

416 5323 613 5388 virtus,
645 5323 779 5378 ﬁdes
829 5333 934 5392 est,
974 5342 1071 5397 per
1101 5344 1265 5398 quam
1301 5331 1439 5386 salvi
1468 5333 1609 5388 tiuut
1647 5335 1805 5391 electi
1848 5335 1923 5392 De

2155 5337 2348 5406 σιμὴν,
2372 5338 2561 5410 ἀρετὴ,
2593 5341 2627 5411 ἡ
2659 5341 2840 5403 πίστις
2862 5340 2999 5405 ἐστὶ,
3025 5339 3094 5392 δι’
3119 5334 3187 5410 ἦς
3220 5337 3485 5403 σώζονται
3516 5339 3565 5391 ot
3588 5340 3664 5390 ἐκ-

416 5428 540 5482 quae
581 5422 762 5469 autem
800 5414 1031 5472 viriliter
1073 5420 1217 5490 agit,
1258 5423 1612 5480 abstinentia.
1660 5425 1925 5496 ,Sequunt‘

2157 5429 2276 5482 κτοὶ
2296 5428 2391 5482 τοῦ
2414 5430 2548 5484 Θεοῦ
2570 5448 2583 5461 ·
2617 5433 2651 5503 ή
2684 5432 2741 5485 δὲ
2764 5431 3143 5503 ἁνδριζομένη,
3167 5430 3479 5501 ἐγκράτεια.
3510 5431 3660 5483 Ἔπε-

416 5519 549 5558 vero
594 5520 687 5561 eas
721 5504 1076 5576 simplicitas,
1119 5511 1433 5585 disciplina,
1464 5515 1831 5585 ,innocentia,
1870 5535 1921 5573 m

2147 5537 2183 5572 ιι
2208 5518 2267 5573 δὲ
2299 5521 2482 5588 αὐτοῖς
2513 5522 2769 5595 ἁπλότης,
2803 5524 3101 5594 ἐπιστήμη,
3128 5520 3351 5587 ἀκακία,
3384 5523 3656 5593 σεμνότηςν

414 5594 609 5663 tlestia,
641 5598 905 5657 charitas.
938 5599 1047 5658 Illae
1078 5613 1258 5664 autem
1288 5621 1482 5665 omnes
1511 5616 1643 5665 sunt
1671 5610 1797 5667 lilia:
1836 5610 1923 5668 [ἰὼ

2094 5610 2305 5686 ἀγάπη.
2333 5613 2513 5672 Πᾶσαι
2541 5614 2597 5670 δὲ
2628 5594 2784 5671 αὗται
2816 5614 3052 5679 πίστεώς
3079 5616 3185 5668 εἱσι
3219 5613 3538 5685 θυγατέρες.

416 5685 534 5743 Lib.
562 5705 601 5755 ι,
636 5691 730 5747 vis.
762 5706 843 5760 ιιι,
868 5710 986 5763 cap.
1010 5694 1064 5751 8.
