3822 6218
153 353 277 411 se;
1348 347 1641 406 PASTOR.
1680 380 1752 392 -
1787 350 2151 411 PROOEMIA.
3323 359 3427 417 826

662 454 816 526 locis,
847 470 1008 516 tract.
1038 476 1194 528 xm,
1224 458 1534 519 Comment.
1572 463 1625 518 in
1655 462 1848 519 Matth.
1881 481 2030 531 xxiv,
2056 468 2147 523 42.
2183 467 2339 534 ibid.,
2361 484 2484 540 pag.
2521 465 2647 533 877,
2684 465 2786 523 col.
2816 466 2871 545 2,
2903 465 2966 525 Β.

228 578 396 642 Nam,
436 564 584 632 sicut
633 574 870 650 legimus
901 572 1044 650 apud
1092 572 1395 637 Pastorem,
1423 588 1556 650 uasa
1586 574 1745 645 plena
1769 590 1881 630 non
1909 576 2022 633 cito
2047 578 2172 648 quis
2197 587 2402 650 gustat,
2422 593 2525 634 nec
2551 578 2697 633 enim
2727 589 3010 637 mutantur
3035 579 3231 642 facile:
3260 588 3425 644 semi-

153 652 323 706 nlena
352 658 535 705 autem
563 643 883 720 quia'facile
912 643 1215 701 creduntur
1251 644 1482 713 mutari,
1511 643 1830 716 frequenter
1855 643 2168 717 gustantur.
2198 643 2328 705 'Lib.
2359 643 2423 718 ιι,
2454 650 2636 704 mand.
2663 664 2765 717 xu,
2794 668 2912 722 cap.
2943 651 2997 708 5.

762 788 920 858 Inest,
951 787 1159 845 Homil.
1187 804 1358 857 xxxv,
1390 789 1447 844 in
1483 787 1688 846 Lucam
1732 805 1856 862 cap.
1892 806 1991 860 xu,
2026 790 2117 857 58,
2152 791 2312 861 ibid.,
2340 808 2464 865 pag.
2497 791 2625 859 973,
2658 790 2728 861 B,
2754 789 2819 847 C.

226 928 490 1000 Legimus
524 928 597 998 (si
633 935 821 984 tamen
855 927 947 983 cui
989 927 1172 999 placet
1222 926 1544 998 huiusmodi
1596 927 1927 997 scripturam
1961 928 2230 998 recipere)
2259 928 2491 999 justitia:
2527 937 2583 984 et
2625 925 2932 997 iniquitatis
2980 927 3203 998 angelos
3257 944 3423 1053 super

226 1003 393 1053 traha:
428 1001 604 1053 salute
639 1007 695 1053 et
727 999 953 1053 interitu
1004 999 1398 1053 discentantes.
1421 998 1551 1053 dum
1598 1007 1843 1053 utrmque
1874 1008 2069 1053 turmae
2112 1014 2216 1053 suo
2247 1014 2372 1053 eum
2420 999 2614 1053 volunt
2646 998 2811 1052 coetui
2842 996 3141 1053 vindicare.
3181 996 3321 1053 Οιιο(
3372 1000 3420 1053 si

149 996 393 1055 Abrahae
428 996 604 1055 salute
639 1007 695 1055 et
727 999 953 1070 interitu
992 996 1571 1070 'disceptant'es,_dum_
1598 996 1843 1070 utraeque
1874 996 2220 1070 turmae—suo
2247 996 2372 1070 eum
2420 999 2614 1070 volunt
2646 996 3141 1070 crbtuivindicare.
3181 996 3341 1065 Quod
3372 1000 3420 1055 si

148 1072 240 1126 cui
274 1071 552 1141 displicet,
588 1077 834 1141 transeat
868 1069 937 1125 ad
974 1066 1229 1141 volumen
1263 1068 1412 1139 quod
1450 1067 1610 1141 titulo
1645 1066 1889 1123 Pastoris
1923 1069 2209 1141 scribitur,
2237 1079 2293 1141 et
2344 1069 2595 1141 inveniet
2653 1067 2867 1123 cunctis
2906 1067 3240 1141 hominibus
3263 1070 3421 1141 duos

147 1137 605 1264 adesse-angelos
692 1140 901 1195 malum
931 1140 1028 1211 qui
1054 1140 1122 1195 ad
1154 1137 1414 1211 perversa
1446 1138 1791 1205 exhortatur,
1822 1148 1877 1194 et
1923 1138 2132 1195 bonum
2164 1140 2260 1210 qui
2292 1139 2362 1196 ad
2392 1138 2599 1211 optima
2625 1152 2855 1209 quaeque
2885 1138 3192 1208 persuadet.
3206 1137 3326 1194 Lib.
3356 1155 3417 1209 ιι,

147 1229 272 1265 man
322 1251 337 1265 .
369 1228 443 1265 Vl.
481 1227 601 1265 can.
673 1249 689 1265 ι
3304 1257 3313 1265 -

145 1227 337 1266 mana.
369 1228 443 1276 Vl,
481 1227 601 1282 cap.
632 1227 689 1265 κ.
3304 1257 3313 1265 .

599 1350 731 1408 Ιυειι
755 1393 771 1419 ,
809 1360 937 1409 tom.
974 1350 1330 1408 lComment.
1367 1351 1425 1407 in
1458 1350 1621 1408 Joan.
1657 1366 1700 1420 ι,
1734 1349 1787 1407 1.
1818 1348 1955 1420 Opp.
1988 1358 2108 1405 tam.

1463 1350 1621 1408 Joan.
1657 1366 1700 1420 ι,
1734 1349 1787 1407 1.
1818 1348 1955 1420 Opp.
1988 1358 2115 1405 tom.
2144 1347 2210 1417 ll,
2241 1366 2364 1421 pag.
2394 1349 2484 1418 17,
2513 1348 2579 1411 Ε,
2608 1352 2737 1407 edit.
2764 1350 2972 1407 Huetii.

225 1479 374 1535 Ἀλλ’
414 1483 475 1538 οὐ
520 1486 655 1556 παρ’
686 1488 821 1557 ἡμῖν
875 1488 992 1551 τοῖς
1039 1485 1384 1559 πειθομένοις
1426 1486 1510 1541 ὅτι
1546 1484 1608 1552 ἐξ
1632 1483 1734 1540 οὐν

1916 1479 2090 1539 Secus
2144 1497 2277 1539 vero
2315 1483 2458 1555 apud
2502 1498 2607 1539 nos
2635 1494 2721 1541 est
2747 1484 2842 1556 qui
2879 1485 3178 1553 credimus,
3208 1501 3272 1541 ex
3306 1500 3414 1541 non

140 1572 316 1628 ὄντων
338 1574 407 1630 τὰ
429 1576 565 1632 ὄντα
586 1579 842 1651 ἐποίησεν
867 1582 895 1634 ὁ
915 1579 1069 1646 Θεὸς,
1092 1580 1224 1653 ὡςή
1252 1580 1436 1652 μήτηρ
1463 1577 1573 1633 τῶν
1593 1578 1649 1633 ἐν

1906 1582 2055 1638 tibus
2106 1580 2280 1638 Deum
2322 1581 2469 1637 entia
2503 1580 2721 1649 fecisse,
2760 1590 2823 1638 ut
2854 1591 3032 1638 mater
3076 1582 3167 1637 illa
3206 1591 3413 1653 septem

146 1667 451 1741 μαρτύρων
506 1671 567 1725 ἐν
612 1672 1054 1739 Μακκαϐαῖκοῖς,
1090 1674 1186 1728 καὶ
1216 1674 1246 1728 ὁ
1296 1672 1399 1745 τῆς
1445 1672 1655 1745 μετανοι

1907 1680 2143 1745 trtyrum
2190 1672 2246 1727 in
2300 1670 2739 1729 Machabaaorum
2773 1673 2964 1744 gestis,
3001 1680 3057 1728 et
3083 1671 3416 1744 poenitentia:

138 1758 372 1827 ἄγγελος
396 1761 456 1814 ὲν
476 1759 558 1827 τῷ
587 1761 832 1833 Ποιμένι
859 1762 1083 1831 ἐδίδαξε.
1112 1763 1236 1818 Vid.
1263 1763 1366 1833 inf.
1396 1761 1562 1828 libat,
1591 1763 1647 1816 Πι

1906 1762 2077 1834 ιεθιιιε
2113 1762 2170 1818 in
2193 1761 2421 1818 Pastore
2448 1762 2657 1819 docuit.
2699 1762 2818 1820 Lib.
2844 1779 2886 1832 ι,
2926 1766 3028 1821 vis.
3059 1779 3101 1832 ι,
3124 1779 3242 1834 cap,
3281 1762 3335 1828 1,
3361 1768 3415 1817 et

137 1849 331 1922 ἀρχῶν
368 1866 492 1923 cap.
524 1853 579 1919 1,
611 1869 768 1909 num.
801 1853 855 1909 5.

811 1853 855 1909 5.
1828 1855 1925 1911 lib.
1961 1872 2021 1924 ιι,
2064 1856 2249 1913 mand.
2281 1871 2320 1913 ι.

574 1993 727 2062 locis,
769 1994 865 2052 lib.
896 2012 935 2062 ι,
972 1995 1111 2069 Περὶ
1140 1994 1326 2068 ἀρχῶν
1359 2011 1479 2066 cap.
1504 1995 1562 2062 '5,
1596 2011 1745 2051 num.
1776 1995 1832 2061 ὃ,
1858 1996 1990 2052 edit.
2014 1994 2083 2050 Pr

1504 1995 1562 2062 '5,
1596 2011 1745 2051 num.
1776 1995 1832 2061 ὃ,
1858 1996 1990 2052 edit.
2014 1994 2199 2052 Paris.
2236 2012 2356 2054 non.
2393 2005 2524 2053 tom.
2562 1995 2762 2069 l,"pag.
2798 1994 2890 2062 61,
2922 1993 2989 2054 C;

205 2131 347 2208 Nam
382 2142 437 2190 et
463 2132 521 2208 in
556 2148 625 2189 eo
670 2134 855 2208 libello
884 2136 980 2208 qui
1025 2135 1270 2191 Pastoris
1302 2136 1506 2208 dicitur
1555 2136 1737 2207 angeli
1772 2137 2128 2207 paenitentiae,
2159 2152 2323 2207 quem
2359 2136 2586 2194 Hermas
2617 2136 2985 2208 conscripsit,
3017 2133 3091 2208 ita
3123 2133 3358 2208 refertur
3390 2151 3407 2190 :

135 2202 329 2279 Primo
370 2205 615 2279 omnium
654 2206 828 2279 crede,
863 2202 990 2277 quia
1027 2224 1163 2262 unus
1204 2218 1282 2279 est
1332 2206 1474 2261 Deus
1510 2208 1601 2278 qui
1627 2202 1807 2262 omnia
1834 2209 2030 2263 creavit
2070 2202 2230 2279 atque
2254 2209 2548 2279 composuit
2577 2224 2597 2263 :
2625 2210 2739 2279 qui,
2775 2202 2895 2263 cum
2920 2204 3054 2262 nihil
3076 2214 3210 2261 esset
3236 2206 3408 2276 prius,

134 2292 247 2329 esse
278 2275 403 2346 fecit
440 2276 619 2329 omnia
648 2294 671 2327 .·
705 2277 797 2347 qui
823 2275 899 2333 est
928 2279 1111 2332 omnia
1140 2278 1376 2348 capiens,
1407 2275 1532 2348 ipse
1554 2293 1674 2332 vero
1707 2295 1742 2332 a
1782 2280 1987 2333 nemine
2013 2275 2243 2349 capitur.
2277 2275 2399 2335 Lib.
2435 2295 2498 2347 ιι,
2524 2275 2713 2334 mand.
2744 2293 2784 2334 ι.

884 2410 1039 2478 Ιυειι,
1077 2411 1234 2481 ibid.,
1264 2410 1361 2467 lib.
1385 2426 1447 2477 ιι,
1480 2426 1598 2481 cap.
1624 2410 1679 2478 1,
1709 2427 1857 2467 num.
1885 2412 1940 2479 5,
1967 2411 2008 2468 l.
2039 2428 2089 2469 e.
2118 2429 2244 2485 pag.
2271 2412 2361 2480 79,
2384 2412 2488 2469 col.
2518 2412 2571 2484 1,
2609 2411 2672 2469 Β.

204 2553 280 2611 Ut
312 2563 496 2609 autem
529 2552 695 2609 etiam
728 2567 798 2608 ex
834 2548 1242 2619 Scripturarum
1278 2546 1608 2603 auctoritate
1641 2547 1757 2602 haec
1791 2545 1867 2602 ita
1917 2546 2228 2619 serhabere
2260 2548 2582 2615 credamus,
2622 2547 2747 2603 audi
2782 2547 3061 2617 quomodo
3092 2546 3147 2601 in
3180 2545 3405 2619 Macha-

133 2628 380 2683 haeorum
415 2624 592 2687 libris,
648 2624 742 2679 ubi
796 2617 977 2676 mater
1014 2628 1566 2690 septemgmartyrum
1614 2632 1787 2690 unum
1822 2633 1887 2672 ex
1924 2618 2053 2673 filiis
2092 2619 2514 2690 cohortaturad
2555 2619 2841 2690 toleranda
2876 2626 3172 2690 tormenta,
3199 2617 3265 2672 de
3298 2617 3406 2690 hoc

132 2700 387 2766 dogmate
430 2696 789 2766 conﬁrmatur
826 2710 840 2746 :
876 2690 1022 2766 Rogo
1068 2688 1137 2755 te,
1186 2688 1291 2759 ﬁli,
1314 2688 1512 2758 respice
1552 2688 1741 2766 uelum
1778 2694 1829 2766 et
1853 2697 2072 2766 terram,
2101 2699 2156 2766 _e_t_
2186 2689 2261 2743 ad
2279 2689 2620 2766 _omniaquw
2649 2689 2706 2743 in
2726 2690 2804 2766 eis
2827 2697 2985 2755 sunt';
3011 2699 3059 2766 et
3089 2688 3263 2766 videns
3293 2688 3404 2766 haec

132 2755 286 2831 scito,
337 2766 463 2836 quia
509 2765 649 2820 Deus
697 2764 809 2819 hinc
858 2755 1039 2836 omnia
1072 2755 1196 2814 cum
1242 2755 1349 2836 ngn
1372 2755 1565 2836 essent,
1600 2758 1746 2836 fecit.
1779 2755 1883 2813 Sed
1917 2766 1978 2836 _et
2014 2759 2070 2812 in
2101 2758 2242 2814 libro
2269 2755 2525 2836 Pastoris
2558 2759 2641 2836 in_
2664 2758 2843 2836 primo
2874 2759 3132 2836 mandato
3149 2758 3242 2836 illa.
3271 2759 3349 2812 ait
3384 2775 3399 2814 :

134 2827 319 2892 Primo
349 2827 583 2891 omnium
612 2836 785 2904 crede,
812 2833 942 2904 quia
978 2846 1125 2904 unus
1143 2838 1222 2884 est
1258 2828 1399 2883 Deus
1425 2831 1517 2900 qui
1547 2827 1727 2883 omnia
1756 2829 1950 2883 creavit
1980 2837 2139 2899 atque
2168 2830 2501 2901 composuit,
2529 2838 2580 2884 et
2608 2827 2733 2901 fecit
2756 2845 2823 2885 ea:
2841 2845 2901 2885 eo
2929 2829 3067 2901 quod
3107 2827 3242 2884 nihil
3262 2838 3400 2897 erat,

135 2918 194 2964 ut
220 2918 393 2964 essent
418 2908 683 2961 universa.
712 2900 836 2961 Lib.
870 2917 933 2968 ιι,
961 2900 1150 2960 mand.
1182 2915 1222 2955 ι.

819 3041 973 3111 locu,
998 3036 1161 3109 ibid.,
1192 3037 1286 3093 lib.
1318 3052 1404 3106 ιιι,
1432 3039 1637 3108 cap.2,
1671 3051 1822 3091 num.
1855 3036 1912 3104 4,
1937 3034 1980 3093 l.
2014 3051 2092 3106 c.,
2114 3051 2239 3108 pag.
2276 3033 2400 3107 MO,
2428 3035 2534 3095 col.
2568 3036 2627 3107 Ξ,
2661 3036 2728 3094 D.

200 3179 309 3237 Sed
341 3190 396 3237 et
429 3180 675 3238 Pastoris
700 3184 838 3243 liber
869 3189 988 3244 haec
1018 3186 1212 3243 eadem
1242 3184 1487 3241 declarat
1513 3180 1729 3249 dicens,
1765 3181 1914 3253 quod
1944 3180 2062 3254 bini
2096 3180 2277 3254 angeli
2323 3181 2569 3254 singulos
2602 3196 2852 3254 quosque
2894 3178 3179 3254 hominum
3219 3175 3399 3254 _comi-

129 3260 312 3337 tentur
346 3272 370 3336 ε.
395 3261 451 3308 et
481 3255 528 3309 si
561 3256 977 3337 quandobonaa
1005 3255 1500 3337 cogitationescor
1534 3249 1801 3337 nostrum
1846 3249 2215 3337 ascenderint,
2250 3249 2463 3337 anbon'o
2503 3249 2698 3324 angelo
2724 3249 2943 3325 suggeri
2976 3251 3109 3307 dicit
3141 3269 3156 3305 :
3187 3249 3236 3305 si
3267 3262 3398 3304 vero

131 3324 442 3392 contrariae,
473 3322 604 3380 mali
635 3328 813 3399 angeli
839 3329 974 3387 dicit
1010 3322 1133 3385 esse
1164 3325 1509 3382 instinctum.
1544 3322 1668 3378 Lib.
1697 3338 1760 3389 ιι,
1794 3323 1978 3378 mand.
2016 3338 2091 3385 Iv.
2129 3339 2250 3394 cap.
2280 3322 2335 3377 2.

656 3460 810 3530 locu,
845 3461 980 3517 ibid.
1005 3460 1099 3517 lib.
1130 3475 1205 3527 ιν,
1239 3473 1358 3527 cap.
1392 3455 1451 3525 2,
1490 3471 1638 3510 num.
1669 3454 1725 3523 8,
1756 3454 1797 3512 ι.
1827 3471 1903 3524 c.,
1931 3472 2055 3526 pag.
2094 3455 2218 3523 168,
2238 3471 2304 3511 ex
2329 3453 2645 3513 Pbilocaliaa
2675 3472 2795 3528 cap.
2825 3455 2878 3511 1.

1116 3612 1227 3667 νβ’
1309 3604 1617 3673 Διὰ,;ρῦτο
1670 3605 1834 3677 ἡμεῖς
1877 3605 1972 3658 καὶ
2008 3603 2071 3658 τὸ
2111 3606 2171 3657 ὲν
2200 3602 2280 3675 τῷ
2514 3603 2601 3658 Ea:

1755 3606 1834 3667 εἷς
1877 3605 1972 3658 καὶ
2008 3603 2071 3658 τὸ
2111 3606 2171 3657 ὲν
2200 3602 2280 3675 τῷ
2514 3603 2601 3658 Ea:
2632 3604 2963 3671 interpretat.
2995 3593 3264 3649 Delarue:

1240 3697 1354 3752 ὑπό
1384 3713 1549 3750 τινων
1578 3694 2073 3767 καταφρονουμένῳ
2096 3693 2285 3765 βιϐλίῳ
2427 3694 2663 3751 Proinde
2724 3710 2749 3748 ι]

1879 3694 2073 3766 ›υμένῳ
2096 3693 2285 3765 βιϐλίῳ
2427 3694 2663 3751 Proinde
2724 3708 2863 3757 nos,
2914 3686 3061 3760 quod
3086 3683 3287 3741 dicitur
3332 3679 3388 3736 in

191 3759 351 3857 Quod
402 3776 506 3857 nos
543 3763 710 3819 etiam
743 3763 816 3857 in,
840 3764 1023 3821 libello
1055 3766 1167 3822 Pa-
1238 3784 1320 3852 τῷ
1340 3784 1602 3855 Ποιμένι,
1631 3803 1700 3839 πε

1913 3759 2286 3857 ᾖροᾶτᾶσσεσλ
2354 3783 2499 3839 libro
2540 3783 2637 3854 qui
2676 3759 2997 3839 inscribitur
3034 3773 3233 3829 Pastor
3258 3780 3313 3826 et
3356 3784 3389 3825 a

121 3853 303 3951 storis,
349 3853 444 3925 qui
467 3869 524 3951 ⁸ιι
554 3856 854 3951 nonnullis
892 3860 1169 3951 contemni
1210 3880 1333 3935 ,θαι
1353 3853 1457 3934 1:5,,—
1492 3880 1630 3951 Ἐρμ

1888 3853 2282 3950 ράξζιαιβιὸλία,
2357 3853 2639 3932 nonnullis
2703 3871 3103 3936 contemnitur,
3178 3864 3391 3920 Hermc

118 3946 375 4011 videtur,
452 3948 795 4019 designatum
878 3950 1153 4017 videmus,
1198 3960 1320 4021 ῖκαὶ
1366 3966 1504 4037 μετά
1534 3946 1627 4020 {at

1878 3946 2278 4035 rauaﬁékkw
2352 3964 2679 4037 imperatum
2737 3979 2860 4020 esse
2911 3970 2973 4017 ut
3018 3960 3158 4015 duos
3216 3957 3387 4013 libros

118 4052 243 4131 cum
269 4038 496 4109 jubetur
524 4038 758 4096 Hermas
783 4040 925 4097 duos
947 4042 1159 4099 libellos
1230 4060 1342 4122 τοῖς
1394 4058 1627 4131 πρεσόυτ

1880 4076 1917 4126 ις
1954 4058 2276 4130 Ἐκκλησίας
2346 4058 2609 4115 scriberet
2630 4073 2696 4113 ac
2726 4064 2913 4128 postea
2933 4048 3262 4125 presbyteris
3285 4047 3389 4104 Ec-

117 4128 378 4197 scriberc,
440 4140 496 4186 et
569 4142 757 4203 postea
836 4134 1160 4191 denuntiare
1232 4146 1268 4202 ἃ
1299 4128 1619 4219 μεμάθηκεν

1880 4149 1909 4203 ὖ
1937 4128 2272 4221 Πνεύμάτος,
2348 4149 2530 4206 clesize
2585 4147 2939 4203 annuntiaret
2969 4160 3093 4215 quae
3122 4142 3387 4198 didicerat

117 4222 450 4294 presbyteris
515 4222 774 4280 Ecclesia:
812 4241 935 4294 qua:
962 4242 994 4282 a
1038 4227 1161 4299 Spi—
1232 4236 1375 4291 οὕτω
1393 4237 1626 4309 διηγούμ

1878 4239 1945 4292 rat
1982 4239 2040 4292 δὲ
2068 4241 2102 4311 ἡ
2132 4239 2277 4306 λέξις
2351 4256 2382 4295 a
2415 4239 2643 4310 Spiritu,
2682 4239 2750 4293 ad
2779 4238 2928 4293 hunc
2956 4236 3178 4291 modum
3218 4246 3387 4302 expo-

118 4316 229 4368 ritu
263 4314 474 4370 didicit.
504 4312 661 4381 Quod
691 4315 777 4370 his
802 4317 983 4372 verbis
1016 4320 1157 4374 scri-
1226 4327 1366 4400 αὕτη
1386 4346 1399 4358 ·
1443 4329 1627 4399 Γράψι

1894 4331 2137 4396 βιϐλία,
2173 4331 2273 4383 καὶ
2346 4329 2556 4383 nimus.
2586 4325 2679 4382 Sic
2700 4335 2881 4381 autem
2906 4323 2974 4378 ad
3003 4322 3227 4377 verbum
3252 4320 3385 4391 legi-

111 4413 267 4474 ptum
294 4414 379 4459 est
411 4424 424 4459 :
460 4404 529 4458 Et
561 4406 776 4473 scribes,
809 4405 1155 4477 inquit,duos
1225 4419 1440 4485 δώσεις
1456 4419 1526 4473 ἐν
1552 4424 1620 4474 K.

1874 4466 1875 4475 χ
1907 4421 2005 4476 καὶ
2030 4420 2100 4475 ἓν
2126 4425 2271 4490 Γραρ
2345 4430 2431 4474 ιιιι·
2470 4438 2483 4474 :
2518 4418 2660 4473 Duos
2697 4416 2859 4470 libros
2893 4414 3107 4481 scribes,
3133 4412 3383 4481 dabisque

114 4496 345 4561 libellos,
383 4506 431 4552 et
457 4497 608 4551 dabis
634 4514 797 4552 unum
824 4498 1082 4554 Clementi
1104 4511 1152 4554 et
1226 4510 1366 4581 σττῇ,
1390 4512 1500 4565 Καὶ
1524 4516 1623 4581 Γρι

1868 4532 1901 4567 ν
1919 4514 2269 4581 νουθετήσει
2341 4527 2503 4565 unum
2534 4510 2791 4566 Clementi
2816 4517 2866 4563 et
2893 4509 3120 4563 alterum
3143 4504 3377 4575 Graptte.

112 4605 278 4641 unum
335 4587 571 4655 Craptw.
603 4588 671 4644 Et
719 4589 916 4660 Crapte
945 4592 1152 4663 quidem
1226 4602 1333 4669 τὰς
1381 4603 1571 4672 χήρας
1604 4622 1621 4656 9

1874 4626 1892 4671 ς
1928 4607 2260 4675 ὀρφανούς-⁸
2340 4602 2408 4656 Et
2449 4600 2645 4671 Grapte
2685 4601 2897 4673 quidem
2928 4598 3270 4654 commonebit
3302 4598 3383 4651 vi-

112 4691 438 4735 commoneat
486 4682 675 4737 viduas
730 4694 780 4737 et
842 4685 1151 4753 orphanos;
1226 4693 1475 4764 Κλήμης
1509 4694 1577 4747 δὲ

1881 4699 1968 4763 εἰς
2006 4696 2114 4763 τὰς
2150 4696 2266 4762 ἔξω
2338 4699 2472 4750 duas
2537 4705 2588 4749 et
2650 4694 2881 4766 pupillos
2914 4711 2932 4745 :
2975 4692 3212 4747 Clemens
3275 4708 3379 4744 au-

114 4772 350 4828 Clemens
387 4790 505 4828 vero
534 4775 713 4831 mittat
746 4792 839 4845 per
864 4792 1042 4831 omnes
1070 4779 1151 4831 ci-
1225 4786 1432 4851 πόλεις
1455 4803 1468 4815 ο
1521 4785 1603 4839 σὺ

1870 4787 2096 4856 γγελεῗς
2142 4787 2266 4854 τοῖς
2341 4797 2443 4843 tem
2489 4789 2661 4843 mittet
2699 4790 2771 4843 ad
2808 4798 3050 4843 externas
3088 4787 3239 4843 urbes
3268 4806 3289 4842 :
3322 4798 3379 4844 tu

108 4867 297 4919 vitatas
334 4883 453 4937 qua:
484 4868 615 4936 foris
643 4878 797 4932 sunt;
828 4877 883 4922 tu
915 4885 1032 4923 vero
1061 4886 1156 4923 an-
1223 4875 1613 4944 πρεσϐυτέρα

1882 4876 2263 4944 Ἐκκλησίας.
2337 4893 2456 4933 vero
2485 4878 2825 4934 annuntiabis
2851 4880 3165 4950 presbyteris
3195 4877 3377 4934 Eccle-

110 4959 381 5014 nuntiabis
411 4961 729 5033 presbyteris
768 4960 1042 5017 Ecclesiae.
1224 4964 1345 5022 Lib.
1367 4984 1405 5035 ι,
1430 4968 1533 5023 vis.
1553 4983 1613 5034 ιι,
1654 4982 1776 5038 cap.
1808 4982 1882 5022 tv.
2339 4968 2455 5023 siar.

294 3624 382 3681 Ea:
413 3627 746 3699 interpretat.
789 3630 997 3687 Ruﬁni.

856 5101 989 5159 lnnu
1013 5147 1029 5173 ,
1068 5106 1163 5162 lib.
1202 5125 1235 5163 x
1267 5107 1732 5180 Explanationum
1774 5110 1829 5165 in
1864 5109 2037 5181 Epist.
2066 5110 2134 5167 ad
2168 5110 2330 5167 Rom.
2365 5128 2479 5179 xw,
2521 5112 2609 5168 M.

143 5236 815 5324 .Salutate‘Asgncritum,
852 5242 1216 5324 Phlegontem,
1251 5244 1830 5324 Dermen,_Pa_t_roban,
1869 5249 2126 5324 Ποῖ-πιανέ,
2174 5262 2224 5306 et
2263 5253 2355 5322 qui
2404 5269 2525 5305 cum
2582 5254 2825 5324 eis__sunt
2871 5251 3091 5324 fratres.
3126 5248 3201 5305 De
3230 5249 3371 5324 _istis

112 5309 448 5392 _sitnplexnest
470 5312 752 5392 salutatio,
788 5329 889 5370 nec
913 5309 1117 5392 aliqinid
1154 5309 1236 5371 eis
1261 5309 1684 5392 insigne'laudis
1705 5309 2041 5390 adiungitur.
2075 5309 2214 5392 P'uto
2247 5309 2426 5377 a'utem
2456 5324 2601 5392 quod
2644 5309 3005 5379 Hermas'iste
3031 5322 3103 5392 sit
3134 5321 3372 5392 scriptor

111 5379 456 5464 lihellinillius
481 5384 577 5450 qui
601 5381 826 5464 Paston
851 5379 1155 5464 appellatur
1184 5403 1205 5464 _:
1262 5379 1695 5464 quaeiscriptura
1720 5379 2049 5446 valde-'mihi
2084 5391 2236 5464 utilis
2264 5379 2498 5464 videtur,
2526 5402 2579 5464 et
2612 5402 2671 5448 ut
2716 5403 2869 5464 puto,
2900 5391 3159 5464 divinitus
3192 5379 3368 5464 inspi-

108 5460 246 5534 rata.
274 5448 431 5534 Quod
455 5448 587 5505 vero
613 5452 749 5534 nihil
779 5448 1478 5534 ei_laudisascripsittilla,
1502 5448 1720 5530 opinor,
1755 5470 1840 5516 est
1874 5463 2215 5534 causa,_quia
2243 5448 2655 5534 videtur,'rsicut
2686 5448 2955 5534 scriptura
2989 5462 3079 5534 illa
3102 5448 3365 5534 declarat,

108 5529 229 5605 post
289 5522 457 5605 multa
496 5531 737 5605 .peccata
779 5525 856 5605 ad
906 5522 1281 5605 pmnitentiam
1329 5522 1503 5585 fuisse
1540 5522 1851 5605 conversus
1888 5549 1903 5586 :
1939 5541 1992 5586 et
2029 5522 2152 5587 ideo
2185 5547 2287 5605 nec
2322 5522 2679 5603 opprobrium
2714 5536 2762 5589 ei
2800 5522 3021 5605 aliquod
3059 5522 3362 5605 _ascripsitj

108 5592 372 5674 didicerat
422 5593 567 5672 enim
598 5592 951 5674 ‘scripturam
1006 5612 1114 5651 non
1175 5597 1550 5674 improperare
1603 5601 1815 5674 homini
1861 5604 2209 5674 _convertenti
2243 5618 2303 5657 se
2334 5592 2627 5673 aupcccato
2663 5623 2677 5659 :
2719 5592 2906 5674 neque.
2950 5602 3127 5674 laudis
3159 5592 3363 5668 aliquid

110 5662 321 5745 tribuit,
372 5662 501 5745 quia
538 5662 988 5745 .adhuc’p‘ositus
1035 5674 1153 5745 erat
1184 5662 1304 5745 sub
1356 5662 1551 5745 angelo
1592 5672 1956 5745 pcnnitentiae,
1990 5687 2021 5727 a
2070 5662 2481 5745 quottempo're
2531 5662 2864 5745 Opportun'o,
2904 5673 3129 5745 Christo
3164 5662 3362 5725 rursus

109 5732 573 5855 :lfclzelgeltiaoll‘erri.
604 5731 739 5807 Lege
773 5731 1065 5792 Scdulium
1096 5738 1150 5791 in
1176 5731 1539 5798 Collectatieis
1562 5731 1630 5794 ad
1651 5741 1897 5798 eumdem
1923 5731 2168 5814 Apost-ali
2193 5731 2402 5815 locum,
2426 5761 2518 5800 nec
2547 5731 2647 5800 non
2676 5731 2934 5803 Ansclmo
2973 5742 3173 5797 tributa
3215 5756 3363 5797 com-

110 5818 395 5859 lllClllal'la.
