3822 6218
441 321 545 378 827

1479 543 1745 602 Ευεειιιιςε
1775 544 1916 605 iiist.
1942 549 2166 617 eccles.,
2194 549 2290 607 lib.
2326 566 2409 618 ιιι,
2435 568 2552 615 cap.
2583 552 2637 608 5.

649 640 733 696 Ex
762 643 1035 713 interpret.
1060 641 1263 698 Rullni.

511 752 575 808 Et
600 754 814 809 libellus
830 754 1044 811 Hermze
1060 757 1151 827 qui
1172 758 1479 828 appellatur

1911 323 1971 375 5.
2014 319 2316 377 HERMAS.

2054 434 2138 489 Vl.

1635 748 1789 803 Ἐπεὶ
1830 748 1889 803 δὲ
1931 749 1962 803 ὁ
2002 750 2165 815 αὐτὸς
2196 751 2492 816 ἀπόστολος
2534 753 2592 806 ὲν

436 841 681 900 Pastoris
702 887 717 911 ,
744 846 904 914 cujus
930 844 1134 903 Paulus
1167 847 1220 901 in
1263 846 1481 918 Episto-
1550 840 1671 902 ταῖς
1698 840 1792 893 ἐπὶ
1819 839 2017 894 τέλειπ

2167 842 2314 912 ήσεσι
2333 843 2435 913 τῆς
2458 842 2593 914 πρὸς

434 940 504 997 lis
538 942 653 997 suis
686 941 965 1007 meminit,
1006 957 1035 994 a
1082 942 1331 1011 plurimis
1363 960 1470 998 non

432 1042 518 1087 est
545 1040 835 1101 receptus:
868 1031 937 1086 ab
980 1032 1104 1088 aliis
1141 1042 1323 1088 autem
1372 1050 1472 1089 ne-

413 1121 709 1181 'cessarius
754 1126 1036 1195 judicatus
1076 1134 1200 1193 est,
1250 1139 1474 1200 propter

431 1226 528 1267 eos
551 1214 643 1282 qui
672 1215 865 1283 primis
893 1216 960 1270 ad
984 1216 1144 1270 [idem
1172 1217 1472 1274 institutio-

432 1302 594 1359 nibus
616 1304 937 1362 imbuuntur
963 1326 976 1362 :
1005 1307 1147 1363 unde
1170 1318 1224 1364 et
1246 1309 1301 1364 in
1332 1326 1473 1366 non-

432 1394 599 1449 nullis
644 1397 893 1453 ecclesiis
944 1398 1173 1470 legitur,
1210 1409 1267 1455 et
1312 1400 1469 1455 multi

431 1492 677 1540 veterum
718 1487 1049 1559 scriptorum
1092 1489 1179 1547 usi
1220 1499 1354 1548 sunt
1390 1500 1471 1550 te-

432 1582 710 1639 stimoniis
741 1584 883 1654 ejus.

1444 1670 1455 1700 Ι

652 2596 738 2654 Ea:
759 2599 1032 2669 interpret.
1070 2596 1276 2653 Ruﬁni.

500 2707 634 2765 Post
653 2710 771 2766 haec
791 2711 902 2780 jam
928 2713 1197 2782 scriptura
1227 2719 1330 2776 est,
1352 2726 1475 2781 quae

431 2800 633 2856 dicitur
662 2804 822 2857 Actus
863 2801 1026 2857 Pauli
1053 2821 1072 2868 ;
1103 2804 1195 2859 sed
1231 2812 1285 2858 et
1314 2803 1470 2858 libel-

430 2890 518 2948 lus
556 2893 651 2963 qui
696 2895 999 2964 appellatur
1030 2894 1298 2962 Pastoris,
1338 2904 1467 2963 etc.,

430 2985 499 3039 de
527 2986 729 3052 quibus
770 3001 935 3057 quam
978 2987 1215 3043 maxime
1256 2988 1471 3043 dubita-

430 3084 541 3134 tur.

651 3290 736 3347 E3
758 3292 1027 3363 interpret.
1057 3293 1258 3350 Ruﬁni.

506 3405 614 3464 Nec
644 3425 751 3464 non
774 3418 828 3465 et
855 3409 1097 3465 libellum
1125 3410 1219 3480 qui
1244 3419 1472 3465 vocatur

433 3499 716 3569 Pastoris,
753 3502 1100 3573 amplectitur
1140 3500 1465 3571 (lremeus),

432 3592 653 3647 dicens:
689 3592 833 3647 Bene
853 3608 982 3663 ergo
1021 3590 1185 3646 refert
1213 3592 1462 3661 Scriptu-

433 3698 523 3748 ra,
567 3698 689 3753 quae
730 3683 862 3738 dicit
904 3701 916 3738 :
951 3683 1194 3737 Primum
1229 3684 1465 3737 omnium

434 3773 750 3829 credendum
774 3785 873 3842 est,
897 3775 1021 3845 quia
1037 3792 1172 3829 unus
1204 3784 1281 3829 est
1304 3774 1465 3841 Deus,

431 3867 525 3938 qui
570 3868 748 3921 omnia
803 3870 999 3922 creavit
1058 3879 1215 3939 atque
1255 3884 1468 3937 compo-

432 3964 560 4019 suit.

1558 929 1878 1000 Ῥωμαίους,
1906 933 2125 1002 μνήμην
2158 933 2466 1003 πεποίηται,
2500 951 2593 1005 με-

1546 1020 1616 1073 τὰ
1645 1020 1755 1075 τῶν
1782 1021 1955 1076 ἀλλῶν
1980 1064 1995 1087 ,
2032 1024 2125 1076 καὶ
2163 1025 2369 1097 Ἑρμᾶ,
2401 1022 2460 1080 οὗ
2497 1044 2591 1095 φα-

1552 1130 1634 1165 σιν
1666 1112 1932 1185 ὑπάρχειν
1963 1114 2025 1167 τὸ
2060 1115 2167 1169 τοῦ
2197 1117 2485 1186 Ποιμένος
2511 1118 2593 1189 βί-

1551 1206 1715 1260 6λίον·
1749 1206 1921 1260 ίστέον
1948 1207 2023 1271 ὡς
2040 1208 2307 1262 καὶτοῦτο
2335 1210 2469 1282 πρὸς
2494 1212 2590 1283 μέν

1540 1318 1700 1353 τινων
1728 1299 2118 1366 ἀπιλέλεκται,
2135 1303 2201 1355 δι’
2217 1302 2311 1367 οὓς
2327 1304 2427 1357 οὐκ
2443 1305 2508 1358 ἂν
2528 1306 2586 1359 ὲν

1541 1391 1989 1463 ὁμολογουμένοις
2023 1393 2225 1464 τεθείη’
2259 1394 2348 1465 ὑφ’
2386 1395 2585 1466 ἑτέρων

1539 1481 1596 1534 δὲ
1630 1482 2074 1549 ἀναγκαιότατον,
2117 1478 2199 1548 οἷς
2230 1486 2460 1556 μάλιστα
2507 1486 2588 1539 δεῖ

1548 1569 1940 1641 στοιχειώσεως
1968 1574 2358 1645 είσαγωγικῆς,
2399 1575 2585 1647 κέκρι-

1546 1680 1652 1715 ται·
1874 1664 1975 1736 ἧδη
2019 1666 2113 1719 καὶ
2158 1667 2216 1719 ὲν
2273 1666 2589 1739 ἐκκλησίαις

1552 1754 1708 1824 ῐσμεν
1755 1754 1886 1808 αὐτὸ
1934 1756 2456 1829 δεδημοσιωμένον,
2495 1762 2590 1815 καὶ

1548 1842 1657 1895 τῶν
1712 1845 2089 1902 παλαιοτάτων
2130 1848 2189 1902 δὲ
2236 1852 2591 1922 συγγραφέων

1547 1937 1918 2009 κεχρημένους
1954 1939 2109 2006 τινὰς
2144 1942 2295 2015 αὐτῷ
2333 1944 2589 2017 κατείλη-

1544 2050 1643 2103 φα.

1642 2505 1793 2575 lusu,
1827 2510 1985 2579 ibid.,
2008 2511 2102 2569 lib.
2133 2529 2218 2580 ιιι,
2250 2532 2366 2585 cap.
2398 2517 2491 2572 25.

1628 2716 1716 2768 ’Ev
1783 2718 1899 2779 τοῖς
1971 2715 2147 2782 νόθοις
2203 2721 2588 2792 κατατετάχθαι

1544 2805 1639 2857 καὶ
1669 2804 1788 2859 τῶν
1818 2807 2066 2861 Παύλου
2096 2807 2371 2875 πράξεων
2402 2812 2435 2882 ή
2463 2828 2590 2882 γρα-

1546 2896 1642 2969 φὴ,
1671 2896 1700 2949 ὅ
1730 2913 1789 2949 τε
1812 2896 2102 2968 λεγόμενος
2123 2898 2371 2969 Ποιμήν.

1670 3194 1819 3260 lusu,
1850 3190 2006 3257 ibid.,
2036 3189 2130 3244 lib.
2162 3205 2214 3251 ν,
2245 3206 2363 3261 cap.
2392 3192 2444 3247 8.

1610 3417 1686 3471 Οὐ
1744 3416 1902 3487 μόνον
1959 3414 2019 3469 δὲ
2080 3409 2241 3480 οἶδεν,
2302 3414 2441 3470 ἀλλὰ
2493 3416 2590 3471 καὶ

1541 3506 1862 3577 ἀποδέχεται
1888 3507 1987 3579 τὴν
2007 3506 2113 3561 τοῦ
2143 3508 2434 3577 Ποιμένος
2452 3527 2590 3581 γρα-

1540 3596 1667 3667 φὴν,
1708 3595 1913 3664 λέγων·
1964 3595 2159 3659 Καλῶς
2204 3592 2298 3651 οὖν
2355 3592 2508 3652 εἶπεν
2554 3599 2589 3671 ἡ

1539 3692 1722 3765 γραφὴ
1769 3695 1802 3765 ἡ
1851 3693 2083 3761 λέγουσα
2103 3710 2117 3724 ·
2152 3692 2395 3761 Πρῶτον
2449 3693 2590 3748 πάν-

1540 3802 1658 3839 των
1700 3785 2037 3838 πίστευσον
2081 3784 2171 3838 ὅτι
2213 3786 2301 3853 εἷς
2344 3786 2519 3839 ἐστιν
2549 3787 2584 3839 ό

1546 3873 1708 3939 Θεὸς,
1730 3877 1763 3928 ό
1782 3874 1853 3928 τὰ
1872 3873 2069 3928 πάντα
2093 3874 2307 3943 κτίσας
2327 3875 2426 3930 καὶ
2447 3891 2586 3930 κατ-

1544 3963 1817 4032 αρτίσας,
1852 3963 1945 4017 καὶ
1967 3962 2037 4016 τὰ
2066 3963 2214 4035 ἑξῆς.

2013 4139 2126 4196 VII.

2834 648 2921 705 Ea:
2946 650 3218 721 interpret.
3248 651 3528 710 Cotelerii.

2734 758 3005 827 Quoniam
3030 776 3161 815 vero
3190 763 3470 830 apostolus
3498 762 3721 820 Paulus

2665 851 2720 906 in
2754 851 3178 907 salutationibus
3209 852 3317 907 illis
3359 870 3481 924 quae
3514 856 3631 911 sub
3659 857 3723 909 ﬁ-

2664 958 2787 998 nem
2819 941 3076 1012 Epistolaa
3109 945 3177 998 ad
3211 944 3489 1001 Romanos
3510 947 3724 1018 legun-

2664 1041 2772 1099 tur,
2814 1034 2955 1089 inter
2983 1044 3209 1091 caeteros
3246 1037 3583 1093 mentionem
3632 1038 3724 1093 fe—

2663 1128 2738 1183 cit
2764 1129 2928 1182 etiam
2952 1126 3180 1193 Hermae,
3203 1131 3362 1200 cujus
3385 1145 3507 1186 esse
3529 1131 3721 1186 fertur

2666 1219 2800 1273 liber
2830 1218 3109 1286 Pastoris;
3161 1224 3441 1277 sciendum
3469 1235 3552 1279 est
3580 1241 3716 1278 eum

2661 1307 2862 1364 librum
2888 1327 2919 1365 a
2955 1312 3232 1367 nonnullis
3257 1312 3479 1383 quidem
3508 1314 3568 1367 in
3602 1316 3719 1368 du-

2659 1398 2810 1454 bium
2870 1417 2993 1456 esse
3046 1412 3383 1469 revocatum,
3435 1404 3508 1459 ob
3564 1422 3719 1475 quos

2659 1490 2803 1546 inter
2850 1500 3080 1563 receptae
3127 1496 3471 1551 auctoritatis
3530 1496 3719 1552 libros

2657 1582 2786 1653 poni
2841 1599 2949 1639 non
3001 1594 3207 1654 potest;
3267 1587 3337 1642 ab
3393 1588 3518 1644 aliis
3574 1605 3718 1645 vero

2661 1672 2899 1728 maxime
2921 1677 3285 1740 necessarius,
3309 1678 3378 1733 iis
3396 1681 3714 1749 praesertim

2661 1758 2757 1829 qui
2796 1759 3190 1817 introductoria
3250 1764 3317 1818 ad
3378 1764 3711 1835 religionem

2664 1849 2909 1923 indigent
2923 1853 3284 1920 institutione,
3296 1854 3577 1924 judicatus
3589 1868 3708 1923 est;

2662 1944 2808 2000 unde
2852 1946 3017 2000 etiam
3064 1946 3119 2000 in
3164 1947 3409 2003 ecclesiis
3441 1963 3569 2003 eum
3602 1965 3712 2018 pu-

2662 2035 2802 2093 blice
2848 2037 3049 2094 lectum
3092 2040 3316 2108 scimus,
3349 2052 3403 2098 et
3431 2057 3708 2114 quosnam

2658 2146 2724 2188 ex
2764 2136 3155 2191 vetustissimis
3201 2140 3566 2209 scriptoribus
3615 2149 3705 2194 te-

2659 2223 2921 2281 stimonio
2965 2227 3139 2297 ipsius
3170 2245 3302 2285 usos
3337 2230 3511 2287 fuisse
3549 2246 3707 2287 com-

2657 2315 2795 2384 peri.
2842 2314 2975 2389 Lege
3025 2317 3434 2391 Nicephorum,
3479 2322 3575 2379 lib.
3621 2338 3700 2387 ιι,

2660 2423 2776 2476 cap.
2803 2410 2893 2463 415.

2830 2614 2916 2669 Ea:
2953 2618 3225 2689 interpret.
3256 2620 3531 2678 Cotelerii.

2732 2725 2875 2783 Inter
2899 2730 3068 2787 libros
3098 2733 3298 2788 nothos
3324 2736 3625 2791 collocetur
3647 2751 3705 2794 es
3732 2778 3733 2785 η

2662 2819 2890 2872 Actuum
2916 2817 3079 2874 Pauli
3122 2825 3391 2895 scriptura
3412 2867 3430 2893 ,
3471 2838 3526 2882 et
3559 2829 3705 2884 liber

2660 2912 2754 2980 qui
2775 2913 2975 2968 dicitur
3004 2915 3219 2973 Pastor.

2842 3293 2925 3349 Ea:
2944 3298 3215 3369 interpret.
3244 3298 3522 3361 Cotelerii.

2730 3404 2850 3463 Non
2876 3410 3053 3465 solum
3089 3420 3271 3467 autem
3296 3412 3584 3490 [lrenaaus]
3611 3436 3712 3475 no-

2659 3497 2756 3563 vit,
2782 3500 2876 3555 sed
2898 3509 2953 3556 et
2979 3502 3171 3573 recipit
3197 3501 3436 3561 Pastoris
3463 3511 3713 3579 scriptu—

2661 3603 2811 3655 ram,
2865 3590 3097 3650 dicens:
3135 3591 3302 3649 Recte
3343 3596 3513 3668 igitur
3562 3600 3714 3656 dixit

2663 3682 2966 3752 Scriptura,
2981 3701 3103 3755 quae
3122 3686 3234 3742 ait:
3259 3686 3443 3744 Primo
3464 3695 3713 3747 omnium

2657 3771 2828 3836 crede,
2857 3774 2996 3842 quod
3025 3790 3158 3827 unus
3180 3784 3258 3829 est
3280 3775 3442 3845 Dens,
3477 3781 3566 3851 qui
3585 3798 3710 3835 om—

2658 3866 2749 3919 nia
2795 3868 2989 3922 creavit
3040 3878 3091 3923 et
3134 3876 3544 3942 consummavit,
3599 3886 3706 3932 etc.

2661 3955 2779 4013 Lib.
2831 3974 2909 4024 ιι,
2959 3962 3143 4016 mand.
3180 3979 3236 4029 ι,
3275 3964 3410 4037 Lege
3448 3966 3707 4039 Nicepb.,

2662 4052 2756 4106 lib.
2791 4069 3005 4125 1v,cap.
3039 4057 3127 4112 14.

664 4264 668 4269 ’
744 4266 1108 4331 Ατιιιιιλειῠε,
1139 4262 1218 4321 De
1248 4262 1629 4321 lncarnatione
1653 4262 1819 4321 Verbi
1843 4262 1959 4331 Dei,
1984 4279 2017 4317 n

2167 4263 2210 4328 5,
2238 4272 2364 4316 tam.
2400 4260 2441 4329 l,
2465 4278 2589 4333 pag.
2615 4259 2706 4329 49,
2738 4258 2802 4314 Di
2830 4261 2958 4317 edit.
2984 4261 3191 4330 Paris.,
3217 4265 3380 4322 i698.

506 4381 575 4437 At
600 4380 782 4435 divina
806 4378 1053 4435 doctrina
1080 4388 1134 4434 et
1170 4379 1377 4437 Christi
1414 4381 1616 4437 tides...
1642 4380 1720 4434 ait
1743 4396 1836 4450 per
1851 4378 2004 4451 Moy-

436 4491 550 4533 sem
576 4474 871 4546 quidem...
901 4483 955 4529 et
987 4474 1041 4528 in
1069 4474 1366 4530 utilissimo
1403 4473 1649 4529 Pastoris
1674 4472 1852 4528 libro:
1881 4471 2007 4525 Pri-

2195 4378 2260 4430 'H
2288 4377 2346 4431 δὲ
2378 4376 2560 4441 ἔνθεος
2590 4374 2936 4441 διδασκαλία,
2968 4374 3062 4427 καὶ
3093 4373 3128 4445 ἠ
3165 4372 3310 4426 κατὰ
3343 4373 3590 4445 Χριστὸν
3619 4376 3705 4428 πί-

2123 4488 2239 4535 στις
2265 4502 2334 4511 ——
2369 4470 2503 4541 φησὶ
2534 4469 2623 4522 διὰ
2654 4468 2754 4541 μὲν
2780 4468 3063 4532 Μωΰσέως
3083 4499 3154 4508 -
3178 4466 3271 4521 διὰ
3298 4466 3355 4519 δὲ
3377 4468 3479 4539 τῆς
3504 4467 3705 4539 ὠφελι-

434 4584 582 4622 mum
619 4567 856 4621 omnium
901 4565 1052 4619 crede
1092 4581 1256 4618 unum
1298 4564 1467 4619 Deum
1507 4581 1652 4629 esse,
1701 4563 1792 4634 qui
1831 4562 2011 4615 omnia

2167 4562 2372 4633 ωτάτης
2424 4560 2606 4632 βίϐλου
2662 4561 2770 4615 τοῦ
2827 4559 3133 4630 Ποιμένοςο
3180 4558 3424 4627 Πρῶτον
3460 4561 3705 4616 πάντων

433 4660 630 4715 creavit
656 4668 708 4713 et
742 4658 983 4730 perfecit,
1028 4673 1189 4726 eaque
1238 4672 1355 4726 qute
1396 4672 1498 4709 non
1535 4663 1708 4723 erant,
1749 4665 1805 4709 ut
1833 4661 2011 4709 essent

2167 4655 2471 4718 ίστευσον,
2500 4653 2588 4707 ὅτι
2617 4653 2707 4719 εἷς
2727 4653 2901 4707 ἐστιν
2930 4654 2963 4707 ό
3000 4651 3165 4718 Θεὸς,
3189 4654 3222 4707 ό
3253 4651 3325 4705 τὰ
3352 4650 3558 4707 πάντα
3586 4653 3702 4706 κτί-

2116 4761 2235 4813 σας
2252 4746 2350 4800 καὶ
2370 4747 2750 4816 καταρτίσας,
2779 4743 2880 4799 καὶ
2904 4744 3166 4811 ποιήσας
3188 4745 3260 4800 ἐκ
3284 4743 3393 4800 τοῦ
3417 4744 3513 4815 μὴ
3534 4744 3704 4809 ὄντος

435 4752 581 4823 fecit.
605 4749 726 4807 Lib.
761 4765 824 4815 ιι,
854 4750 1040 4805 mand.
1066 4765 1106 4805 ι.

2116 4839 2206 4904 εἰς
2232 4836 2301 4891 τὸ
2329 4838 2501 4892 εἶναι.

1099 4957 1254 5024 lusu,
1277 4955 1356 5012 De
1386 4954 1632 5011 Decretis
1654 4951 1889 5009 Nicaena:
1919 4952 2137 5025 synodi,
2162 4970 2310 5010 num.
2337 4954 2393 5021 4,
2420 4963 2547 5008 tom.
2580 4957 2622 5021 ι,
2645 4969 2768 5024 pag.
2793 4951 2922 5019 2H,
2964 4950 3029 5007 D.

508 5077 568 5137 Id
591 5095 741 5146 vero,
775 5088 837 5134 ut
867 5080 945 5134 ait
981 5077 1198 5146 Pastor,
1230 5095 1341 5135 non
1380 5077 1487 5134 nisi
1520 5093 1553 5132 a
1583 5076 1805 5133 diabolo
1832 5083 2016 5131 ortum

440 5175 622 5232 habet.
653 5174 773 5229 Lib.
810 5190 871 5240 ιι,
902 5172 1082 5226 mand.
1116 5188 1190 5227 ix.

512 5411 568 5467 In
604 5411 827 5466 Pastore
886 5418 1070 5466 autem
1110 5407 1375 5480 scriptum
1418 5415 1504 5465 est
1548 5405 2053 5478 (quandoquidemi

440 5496 642 5561 librum
674 5506 821 5562 hunc
850 5504 1042 5571 citant,
1083 5502 1337 5574 quamvis
1381 5516 1493 5557 non
1524 5500 1598 5558 sit
1624 5514 1694 5556 ex
1726 5497 1969 5569 Canone)
1996 5515 2011 5552 :

2122 5168 2297 5222 δόλου.

1518 5287 1670 5356 lusu,
1704 5286 1920 5353 ibidem,
1952 5302 2098 5342 num.
2131 5286 2219 5351 18,
2242 5302 2367 5357 pag.
2394 5284 2523 5349 2‘23,
2550 5281 2616 5339 F.

2204 5407 2293 5460 'Ev
2331 5405 2388 5460 δὲ
2413 5402 2493 5470 τῷ
2522 5403 2765 5474 Ποιμένι
2791 5401 3097 5479 γέγραπται
3135 5395 3342 5469 (ἐπειδὴ
3374 5394 3471 5447 καὶ
3506 5391 3696 5451 τοῦτο.

2121 5499 2215 5555 καί
2247 5516 2330 5553 τοι
2364 5499 2439 5571 μὴ
2471 5497 2531 5551 ὃν
2562 5497 2627 5550 ὲκ
2655 5494 2751 5549 τοῦ
2786 5493 3029 5559 κανόνος,
3056 5488 3436 5563 προφέρουσι)·
3459 5486 3723 5555 Πρῶτονν

2194 5075 2368 5130 Τοῦτο
2393 5076 2471 5142 δὲ,
2501 5075 2576 5140 ὡς
2606 5079 2639 5130 ό
2664 5074 2896 5146 Ποιμὴν
2926 5074 3169 5146 εἴρηκεν,
3200 5069 3422 5139 ἔκγονόν
3448 5068 3573 5121 ἐστι
3597 5066 3702 5120 5t:—

442 5599 689 5654 Primum
717 5597 950 5653 omnium
975 5597 1127 5653 crede
1152 5612 1313 5651 unum
1344 5611 1454 5651 esse
1482 5594 1651 5649 Deum
1671 5634 1687 5660 ,
1717 5593 1808 5665 qui
1841 5590 2017 5645 omnia

2167 5589 2361 5644 άντων
2391 5589 2758 5651 πίστευσον,
2805 5585 2897 5638 ὅτι
2927 5584 3017 5649 εἷς
3060 5583 3232 5636 ἐστιν
3272 5583 3305 5633 ό
3353 5577 3535 5643 Θεὸς,
3572 5580 3605 5631 d
3633 5572 3698 5665 τὰ

443 5691 638 5744 creavit
660 5700 709 5745 et
734 5690 952 5763 perfecit
976 5729 991 5755 ,
1019 5690 1296 5761 omniaque
1324 5704 1390 5745 ea:
1416 5688 1583 5745 nihilo
1603 5726 1619 5754 ,
1651 5694 1710 5742 ut
1735 5693 1905 5742 essent
1936 5683 2014 5754 fe-

443 5785 537 5841 cit.
569 5784 688 5845 Lib.
722 5799 782 5851 ιι,
807 5783 994 5842 mand.
1024 5800 1061 5842 ι.

2120 5681 2316 5735 πάντα
2358 5681 2572 5746 κτίσας
2617 5677 2716 5732 καὶ
2760 5674 3122 5743 καταρτίσας
3139 5711 3154 5734 ,
3197 5669 3295 5725 καί
3331 5667 3603 5736 ποιήσας
3636 5664 3695 5719 ἐι

2123 5769 2227 5825 τοῦ
2253 5767 2340 5840 μὴ
2365 5766 2539 5835 ὄντος
2566 5768 2653 5835 εἰς
2684 5764 2750 5820 τὸ
2777 5764 2931 5821 εἶναι
2962 5763 3035 5817 τὰ
3060 5758 3272 5817 πάντα.
