3822 6218
1388 290 1680 349 PASTOR.
1717 321 1790 334 —
1825 290 2191 349 PROOEMIA.

1718 408 1885 466 XXII.

318 530 590 587 Scairron
622 530 755 587 Vitae
782 530 841 587 S.
868 530 1179 600 Genovefae,
1206 548 1325 602 cap.
1354 548 1429 598 tv,
1454 549 1604 592 num.
1628 533 1716 600 l5,
1741 533 1884 603 apud
1914 531 2257 598 Bollandutn,
2292 529 2327 585 ὅ
2354 528 2630 595 Januarii,
2662 538 2789 583 tom.
2824 528 2864 594 Ι,
2897 547 3020 601 pag.
3058 529 3181 587 1⁵59.

186 648 483 732 Duodecim
500 645 658 732 enim
688 644 1269 732 virginesspir‘ituales
1289 684 1304 711 ,
1334 661 1474 732 quas
1502 643 1756 728 Hermas,
1797 643 1892 714 qui
1933 644 2717 732 ett“Pastorlnuncupatus'est
2736 686 2751 710 ,
2784 647 2839 700 in
2870 646 3010 701 libro
3041 664 3144 703 suo
3168 648 3381 705 deseri-

120 722 243 843 gsit,
272 721 319 802 ei
343 719 641 800 individua
666 712 897 799 comites
922 712 1209 797 exstitere;
1253 712 1384 841 «Este
1415 717 1491 771 ita
1532 712 1925 799 nominantur:
1956 712 2117 797 Fides
2132 754 2155 782 ,
2190 712 2567 795 Abstinen’tia.‘
2614 714 2904 781 Patientia,
2952 716 3375 790 Magnanimitas

163 791 468 843 imnhcttas.
500 787 837 843 Innocentia.
859 785 1189 843 Concordia.
1218 784 1262 843 C
1305 796 1496 843 antas.
1522 785 1844 843 Disciplina.
1866 784 2125 843 Castitas.
2159 782 2373 841 Veritas
2398 793 2454 841 et
2476 786 2793 841 Prudentia.
2828 786 2951 843 Lib.
2979 804 3062 843 ιιι.
3095 790 3260 843 simil.
3290 807 3369 843 ix.

120 782 837 932 fggpligc’itfg,inﬁgenda,
859 782 1201 856 Concordia,
1218 782 1496 855 Charitas,
1522 785 1844 857 Disciplina,
1866 784 2125 852 Castitas,
2159 782 2373 841 Veritas
2398 793 2454 841 et
2476 786 2793 841 Prudentia.
2828 786 2951 843 Lib.
2979 782 3069 851 ιιιῖ
3095 790 3260 845 simil.
3290 807 3369 856 ix,

3284 290 3383 354 83‘

2036 476 2062 493 Α,

1702 945 1895 1003 XXIII.

1171 1057 1406 1119 James
1426 1059 1885 1128 Samsasnumsrs,
1923 1058 2177 1132 Epistola
2201 1058 2325 1115 172.

185 1185 341 1245 Liber
370 1202 504 1244 vero
532 1181 827 1256 Sapientiae
849 1187 916 1258 _e_t
939 1174 1382 1258 Ecclesiastieus',‘
1404 1173 1593 1258 Juditb
1612 1216 1627 1240 ,
1661 1174 1863 1258 Tobias
1885 1184 1940 1233 et
1966 1177 2184 1258 Pastor,
2212 1186 2272 1258 ut
2300 1175 2441 1258 idem
2468 1175 2837 1258 Hieronymus
2874 1178 3093 1245 asserit,
3128 1196 3236 1235 non
3284 1196 3375 1236 re-

120 1269 367 1341 petantur
396 1261 453 1314 in
479 1246 724 1341 canone.
849 1251 943 1306 ille
969 1256 1163 1341 autem
1195 1248 1290 1341 qui
1334 1246 1534 1327 Pastor
1563 1247 1897 1341 inscribitur
1958 1264 2029 1303 an
2070 1247 2273 1303 alicubi
2318 1248 2411 1315 sit,
2440 1248 2629 1304 nescio
2654 1246 2799 1303 :sed
2828 1256 3041 1304 certum
3084 1262 3189 1316 est,
3217 1250 3365 1322 quod

121 1317 474 1402 Hieronymus
500 1336 557 1385 et
579 1327 723 1382 Beda
751 1323 904 1379 illum
932 1319 1138 1376 vidisse
1160 1325 1216 1373 et
1245 1317 1443 1389 legisse
1474 1332 1536 1372 se
1562 1325 1858 1373 testantur.

140 1523 3363 1551 Μ

1277 1674 2227 1794 DISSERTATIO

517 1907 667 1998 DE
736 1906 1027 2003 VITA
1099 1906 1253 1998 ET
1319 1903 1857 1998 SCRIPTIS
1929 1903 2349 1996 SANCTI
2424 1902 2927 1993 ΗΕΒΜΛΕ.

841 2108 862 2179 (
890 2107 954 2164 D.
990 2108 1066 2166 Le
1110 2107 1357 2176 Nonnus,
1401 2108 1710 2181 Apparatus
1755 2106 1827 2161 ad
1851 2105 2166 2161 Bibliothec.
2194 2119 2370 2172 manu,
2398 2119 2459 2175 p.
2482 2102 2598 2174 47.)

658 2251 1058 2309 ARTICULUS
1094 2252 1139 2308 1.
1721 2256 1763 2314 Α
1792 2250 2012 2305 vitatem
2041 2249 2310 2320 integram
2331 2247 2595 2303 devorare
2616 2250 2850 2316 poterat.
2878 2240 3030 2296 Hanc
3051 2248 3234 2295 autem
3256 2236 3375 2294 bel-

1794 2342 1941 2405 luam
1974 2357 2235 2411 pressura:
2261 2352 2310 2395 et
2332 2337 2694 2393 tribulationis
2727 2341 3117 2406 superuentura:
3140 2330 3371 2401 ﬁguram

188 2363 430 2435 Analysis
467 2366 641 2437 operis
658 2364 719 2422 S.
754 2366 968 2424 Hermia
987 2368 1075 2422 cui
1106 2368 1295 2423 titulus
1324 2384 1343 2421 :
1376 2366 1615 2423 Pssroa.

188 2478 387 2537 Pmuus
415 2482 584 2553 hujus
607 2484 789 2555 operis
816 2484 955 2541 liber
989 2484 1044 2540 in
1080 2494 1318 2557 quatuor
1340 2484 1582 2540 visiones
1609 2483 1694 2538 di-

126 2572 420 2628 stribuitur.
464 2574 524 2630 ln
553 2577 728 2646 prima
770 2586 962 2633 auctor
990 2578 1277 2633 mulierem
1308 2577 1364 2631 in
1394 2575 1578 2631 Tiberi
1610 2575 1693 2630 la-

128 2675 329 2721 vantem
355 2684 414 2723 se
439 2669 647 2725 vidisse
670 2670 781 2736 ait;
815 2671 975 2741 cujus
1001 2672 1224 2742 quidem
1258 2669 1439 2726 forma
1476 2680 1693 2739 captus,

128 2771 243 2811 cum
282 2773 513 2814 uxorem
543 2759 592 2814 ei
630 2759 863 2816 similem
892 2760 1316 2832 concupivisset,
1349 2760 1474 2815 inde
1501 2760 1571 2814 ab
1604 2774 1697 2814 ea-

129 2847 238 2901 dem
268 2850 518 2916 muliere,
557 2851 771 2922 aliaque
797 2852 1012 2907 seniore
1038 2860 1325 2922 correptus
1350 2860 1452 2906 est.
1485 2850 1695 2905 Exinde

129 2940 367 3009 patefacit
393 2942 671 3013 ejusmodi
711 2945 975 3015 cogitata,
1008 2958 1131 3015 qua
1170 2944 1397 2998 minime
1429 2943 1573 2998 mala
1610 2942 1695 2996 vi-

132 3034 335 3098 dentur,
361 3036 674 3106 periculosa
703 3051 847 3104 esse,
871 3052 975 3093 nec
1005 3037 1256 3093 criminis
1281 3036 1551 3107 expertia.
1585 3037 1694 3091 Ar-

135 3128 307 3196 guitur
336 3128 568 3200 insuper
620 3129 768 3199 quod
809 3137 1103 3199 peccantes
1135 3129 1276 3184 lilios
1307 3144 1439 3184 suos
1461 3168 1476 3193 ,
1510 3136 1571 3183 ut
1597 3142 1696 3198 par

129 3229 259 3284 erat,
295 3236 402 3276 non
447 3221 862 3289 emendaverit;
913 3229 970 3276 et
1007 3221 1139 3292 quid
1182 3221 1249 3276 ad
1281 3220 1501 3290 culpam
1549 3220 1694 3277 hanc

132 3310 400 3367 eluendam
424 3311 798 3384 praestandum
830 3311 990 3381 foret,
1016 3312 1263 3368 docetur.
1290 3310 1580 3366 Editicata
1600 3311 1695 3365 de-

135 3403 286 3473 nique
311 3418 341 3459 a
383 3405 498 3460 Deo
527 3403 772 3460 Ecclesia
800 3404 850 3460 ei
888 3404 1218 3470 ostenditur,
1247 3413 1303 3460 et
1330 3403 1478 3475 quod
1509 3403 1693 3458 omnia

133 3496 273 3565 plena
299 3500 424 3569 fient
444 3500 626 3554 electis
657 3500 791 3570 ejus.

1793 2448 1936 2499 esse,
1967 2448 1996 2486 a
2028 2432 2274 2502 virgine,
2309 2446 2435 2501 quae
2476 2427 2780 2485 Ecclesiam
2833 2425 3125 2496 ﬁgurabat,
3156 2422 3370 2486 didicit,

1792 2523 1865 2578 ab
1889 2538 2065 2595 eaque
2093 2523 2305 2593 accepit
2332 2536 2438 2591 qua
2475 2530 2595 2575 arte
2625 2518 2771 2573 vinci
2806 2523 3026 2587 posset;
3057 2529 3124 2569 ac
3149 2513 3370 2568 tandem

1796 2615 1913 2671 haec
1938 2616 2168 2671 auribus
2190 2624 2510 2671 sanctorum
2534 2611 2684 2682 loqui
2721 2610 2962 2681 jubetur.

1868 2706 2037 2763 Lmen
2066 2723 2333 2764 secuunus
2380 2705 2671 2761 duodecim
2714 2702 2991 2765 mandata,
3031 2712 3153 2769 quae
3178 2696 3373 2751 Pastor

1799 2801 2037 2864 nuntius,
2069 2808 2119 2852 et
2151 2798 2464 2868 praepositus
2488 2796 2809 2867 paenitentia:
2840 2794 2908 2848 ab
2946 2790 3144 2846 Herma
3175 2788 3376 2843 descri-

1798 2893 1849 2948 bi
1880 2893 2133 2962 imperat,
2158 2891 2553 2961 complectitur.
2578 2888 2823 2943 Primum
2853 2900 3044 2941 eorum
3068 2878 3372 2952 docetquid

1797 2986 1866 3041 de
1892 2985 2025 3053 Deo,
2049 2984 2145 3056 qui
2173 2983 2453 3040 timendus
2488 2991 2604 3047 est,
2650 2978 3003 3037 credendum.
3035 2975 3371 3039 Secundum,

1793 3075 1963 3129 vitam
1991 3074 2045 3129 in
2069 3073 2420 3144 simplicitate
2450 3081 2503 3127 et
2528 3069 2845 3126 innocentia
2865 3067 3195 3128 ducendam,
3225 3064 3372 3119 elec-

1795 3183 2057 3239 mosynas
2085 3166 2343 3221 omnibus
2376 3163 2681 3235 erogandas
2701 3203 2716 3229 ,
2760 3161 2967 3215 nullius
3011 3159 3169 3213 famae
3190 3158 3373 3212 detra-

1796 3260 2060 3316 hendum.
2092 3258 2359 3325 Tertium,
2393 3257 2678 3312 veritatem
2704 3270 2918 3324 semper
2941 3251 3293 3307 asserendam
3319 3258 3374 3303 et

1794 3365 2076 3419 nunquam
2100 3348 2489 3403 mentiendum.
2525 3345 2815 3411 Quartum,
2846 3342 3153 3398 castitatem
3179 3354 3375 3407 corpo-

1793 3441 1873 3498 ris
1898 3449 2062 3510 atque
2104 3440 2301 3494 anima:
2337 3436 2662 3494 servandam
2684 3476 2701 3502 ,
2730 3435 2971 3504 quidque
3012 3448 3203 3502 sponso
3246 3447 3373 3500 erga

1794 3550 2043 3604 sponsam
2065 3532 2330 3603 inﬁdelem
2354 3531 2623 3601 agendqu
2650 3530 2741 3584 sit.
2771 3527 2846 3581 lbi
2875 3541 3004 3580 vero
3033 3525 3279 3594 quaedam
3307 3524 3374 3577 de

196 3607 248 3663 lu
278 3612 515 3667 secunda
545 3611 755 3667 visione
794 3611 1012 3668 oblatus
1036 3621 1121 3668 est
1156 3610 1370 3668 Hermae
1412 3611 1482 3668 ab
1502 3610 1693 3668 eadem
1724 3611 1768 3667 B
1798 3623 2118 3695 pmitemia
2146 3622 2323 3677 obiter
2353 3619 2817 3692 perstringuntur,
2850 3615 3110 3684 ρωηιιηη
3145 3611 3376 3666 manda-

136 3712 231 3754 anu
264 3701 436 3771 liber;
466 3718 632 3774 quem
674 3719 801 3760 cum
830 3704 1052 3775 legisset
1086 3704 1551 3773 intellexissetque
1571 3744 1586 3769 ,
1624 3717 1692 3757 eo

134 3805 313 3851 rursus
330 3798 652 3869 castigatur,
684 3796 833 3867 quod
875 3806 1103 3866 peccata
1141 3796 1332 3852 uxoris
1372 3811 1486 3851 sua:
1520 3810 1585 3850 ac
1627 3794 1692 3848 ﬁ-

134 3882 314 3941 liorum
341 3903 449 3943 non
473 3889 840 3960 prohibuerit,
864 3889 1052 3960 illique
1075 3890 1318 3959 aperitur
1348 3888 1480 3960 quid
1506 3889 1572 3943 ad
1591 3889 1691 3944 ob-

133 3974 390 4032 tiuendam
413 3978 630 4034 veniam
654 3994 816 4051 agere
844 3980 1057 4035 debeat.
1080 3980 1259 4050 Atque
1299 3979 1371 4033 ibi
1400 3988 1691 4050 postquam

134 4064 194 4119 de
214 4071 548 4138 pmnitentia,
573 4071 886 4127 innocentia
916 4081 969 4127 et
998 4072 1351 4142 simplicitate
1389 4087 1572 4128 sermo
1608 4073 1694 4128 in-

134 4157 337 4213 stitutus
367 4171 469 4227 est,
503 4162 818 4232 prmeipitur
859 4162 1207 4229 annuntiare,
1235 4162 1383 4233 quod
1414 4161 1693 4217 tribulatio

135 4263 311 4320 magna
336 4254 491 4307 venit.
517 4252 622 4323 Ipsi
642 4254 837 4309 deinde
851 4254 1180 4320 declaratur,
1199 4254 1507 4322 mulierem,
1527 4270 1692 4325 quam

134 4343 351 4411 viderat,
380 4363 504 4404 esse
533 4346 858 4413 Ecclesiam,
889 4362 919 4402 a
952 4362 1059 4417 qua
1085 4357 1144 4401 ut
1172 4347 1283 4401 duo
1306 4347 1597 4401 memorati
1626 4348 1694 4401 li-

136 4431 211 4487 bri
254 4452 370 4506 quae
413 4438 780 4508 descripserat
832 4437 1167 4507 exemplaria
1192 4476 1208 4501 ,
1243 4452 1415 4491 unum
1470 4436 1691 4507 quidem

137 4523 355 4598 Graptae,
388 4530 621 4586 alterum
645 4545 775 4585 vero
803 4529 1067 4585 Clementi
1092 4570 1108 4596 ,
1152 4544 1249 4600 per
1278 4544 1473 4584 omnes
1498 4529 1691 4583 civita-

139 4626 211 4674 tes
237 4622 579 4689 mittendum,
619 4632 679 4679 ut
706 4623 936 4695 ipsemet
960 4620 1179 4693 dirigat,
1212 4621 1532 4677 mandatum
1563 4636 1697 4677 cou-

138 4712 279 4770 tinuo
301 4717 514 4787 accipit.

202 4825 255 4881 ln
283 4829 439 4886 tertia
466 4830 678 4886 visione
704 4829 893 4885 eadem
926 4829 1121 4885 mulier
1154 4828 1374 4896 turrim,
1406 4844 1529 4900 quae
1562 4829 1695 4884 tedi-

141 4916 407 5015 licabatur,
444 4923 659 4979 Hermae
684 4922 952 4990 ostendit;
976 4922 1165 4992 illique
1186 4923 1489 4993 quomodo,
1516 4938 1547 4977 a
1572 4924 1696 4993 Ψιί·
1722 4958 1765 5015 c

141 5007 241 5097 bus.
257 5021 311 5068 et
338 5014 534 5085 quibus
562 5015 835 5086 lapidibus
857 5023 1302 5081 construeretur;
1332 5022 1497 5085 atque
1519 5031 1582 5069 ex
1618 5014 1697 5068 la-

142 5104 344 5173 pidibus
367 5110 458 5181 qui
485 5109 774 5180 assumpti,
812 5108 908 5179 qui
947 5107 1159 5177 rejecti,
1199 5107 1293 5178 qui
1329 5106 1530 5163 iterum
1557 5106 1697 5161 secti

144 5198 459 5273 aadilicioque
493 5203 682 5272 aptati,
716 5202 864 5258 clare
900 5201 1169 5271 explicat;
1214 5216 1281 5256 ac
1317 5215 1425 5271 qua
1475 5200 1694 5254 tandem

146 5292 337 5348 ratione
362 5296 473 5351 haec
503 5297 667 5351 turris
690 5293 948 5351 Ecclesiae
970 5293 1142 5363 ﬁgura
1168 5301 1333 5359 esset,
1364 5292 1561 5361 aperit.
1597 5289 1697 5346 His

148 5382 228 5437 ille
270 5387 425 5442 trium
456 5389 702 5459 ejusdem
750 5387 1036 5453 Ecclesiae,
1075 5402 1242 5457 quam
1293 5386 1398 5441 sub
1439 5384 1692 5440 mulieris

150 5476 312 5559 specie
334 5479 569 5547 viderat,
618 5480 901 5550 subjungit
943 5478 1348 5548 apparitionum
1392 5476 1695 5547 expositio-

152 5579 280 5620 ηθῐη.
1013 5621 1024 5644 ι

214 5658 403 5723 Quarta
432 5665 727 5734 ultimaque
741 5664 954 5719 vnsione
990 5661 1222 5717 Hermas
1250 5663 1541 5730 conspexit
1574 5660 1695 5714 bel-

172 5757 306 5813 uam,
333 5764 447 5816 quae
477 5768 584 5808 uno
615 5752 836 5809 haustu.
869 5752 976 5810 nisi
1006 5751 1230 5822 angelus
1261 5750 1585 5818 obstitisset,
1614 5750 1696 5805 ci-

1796 3726 1911 3772 tum
1947 3715 2398 3786 azquanimitatem
2429 3721 2478 3766 et
2503 3710 2819 3781 patientiam
2861 3705 3125 3779 praecipit.
3165 3703 3330 3757 Sexto
3354 3743 3371 3768 ,

1793 3808 1918 3863 dua’
1946 3808 2047 3861 vise
2071 3816 2126 3861 et
2159 3806 2270 3861 duo
2294 3803 2463 3875 genii,
2490 3816 2726 3873 quorum
2753 3797 3160 3867 unusjustitiae,
3191 3803 3246 3850 et
3281 3811 3373 3849 se-

1793 3898 2084 3970 quendus;
2113 3897 2250 3951 alter
2280 3894 2583 3965 injustitite,
2609 3901 2664 3947 et
2692 3889 3043 3959 expellendus
3074 3887 3376 3942 ostendun-

1794 4000 1904 4046 tur.
1935 3989 2201 4060 Septimo,
2249 3982 2422 4040 Deum
2463 3982 2786 4048 timendum,
2834 3980 3058 4034 minime
3101 3993 3228 4032 vero
3259 3977 3372 4031 dae-

1792 4096 2034 4137 monem.
2085 4080 2322 4144 Octavo,
2349 4092 2513 4133 omne
2555 4075 2760 4130 malum
2814 4072 2961 4143 quod
3012 4069 3372 4140 fugiendum,

1794 4188 1959 4228 omne
1995 4171 2204 4226 bonum
2236 4168 2385 4239 quod
2415 4166 2685 4238 agendum
2732 4176 2832 4221 est.
2868 4161 3046 4229 Nono,
3075 4176 3197 4231 qua:
3229 4160 3371 4214 bona

1794 4270 1907 4325 sint
1945 4267 2002 4322 in
2044 4266 2295 4323 oratione
2334 4264 2454 4321 sine
2490 4260 2833 4317 dubitatione
2867 4268 2920 4313 et
2951 4273 3077 4313 cum
3121 4270 3376 4325 perseve-

1793 4358 1995 4426 rantia,
2020 4372 2050 4412 a
2074 4356 2187 4411 Deo
2204 4371 2418 4426 semper
2442 4353 2792 4425 postulanda.
2819 4350 3099 4405 Decimum
3123 4346 3375 4417 prohibet

1794 4452 2069 4507 tristitiam
2091 4490 2108 4518 ,
2146 4465 2269 4520 quae
2312 4448 2428 4519 ﬁlia
2454 4446 2805 4501 dubitationis
2835 4453 2883 4496 et
2914 4441 3210 4497 iracundia
3252 4454 3376 4493 esse

1794 4543 2223 4598 demonstratur.
2259 4537 2619 4595 Undecimum
2658 4536 2833 4606 aperit
2875 4534 3006 4605 quid
3042 4530 3376 4587 discriminis

1798 4634 1874 4689 sit
1899 4647 2061 4688 veros
2091 4632 2233 4686 inter
2261 4646 2328 4685 ac
2364 4628 2536 4684 falsos
2578 4628 2905 4698 prophetas;
2932 4624 2999 4678 de
3022 4622 3223 4692 quibus
3257 4635 3375 4674 rur-

1796 4740 1893 4781 sus
1924 4737 1979 4781 et
2005 4725 2058 4779 in
2089 4722 2439 4784 duodecimo,
2466 4721 2560 4776 ubi
2591 4720 2658 4773 de
2693 4719 2835 4773 bona
2880 4715 3132 4783 malaque
3164 4710 3377 4779 cupidi-

1796 4827 1927 4882 tate,
1980 4817 2153 4872 altera
2209 4814 2525 4884 sequenda,
2576 4809 2831 4883 fugienda
2872 4808 3041 4861 altera
3066 4809 3373 4868 ,tractatur.

1798 4907 1930 4962 Post
1958 4907 2073 4961 hate
2094 4904 2290 4960 Pastor
2318 4901 2532 4957 Hermae
2562 4902 2814 4970 imperat,
2856 4905 2917 4950 ut
2942 4895 3235 4963 diligenter
3261 4891 3376 4944 haec

1803 4999 1989 5053 omnia
2021 5006 2203 5053 servet
2227 4996 2505 5060 mandata,
2548 4994 2912 5060 hortaturque
2954 5002 3183 5050 omnes,
3221 4992 3282 5037 ut
3312 4998 3376 5036 ea

1800 5090 2004 5161 pariter
2031 5088 2341 5144 observent.
2378 5086 2622 5155 Denique
2649 5084 2790 5139 idem
2820 5081 3019 5136 Pastor
3044 5079 3186 5133 hanc
3221 5090 3379 5129 man-

1800 5181 2054 5235 datorum
2105 5178 2585 5242 observationem,
2636 5187 2861 5245 propter
2906 5184 3070 5242 quam
3125 5168 3378 5222 homines

1797 5271 1966 5325 vivent
1998 5268 2131 5334 Deo,
2157 5268 2239 5322 eis
2269 5268 2585 5322 facillimam
2610 5280 2733 5321 esse
2765 5265 3126 5319 demonstrat.

1870 5383 1920 5439 Is
1949 5398 2111 5453 porro
2140 5384 2193 5437 iu
2235 5398 2437 5437 TERTIO
2472 5396 2627 5437 LtBllO
2656 5382 2721 5435 ad
2758 5380 2941 5436 varias
2972 5372 3376 5434 similitudines,

1799 5475 1999 5544 quibus
2021 5473 2275 5528 Ilermam
2294 5474 2509 5528 erudire
2538 5473 2733 5542 pergit,
2757 5469 3021 5526 convertit
3046 5476 3374 5521 sermonem.

1808 5567 1969 5623 Docet
1997 5567 2180 5637 itaque
2202 5582 2309 5621 non
2340 5566 2543 5621 divitiis
2569 5562 2999 5625 accumulandis,
3020 5558 3110 5613 sed
3141 5569 3377 5623 erogau-

1801 5656 1887 5711 dis
1910 5657 2269 5727 eleemosynis
2294 5656 2736 5711 incumbentium.
2764 5652 2918 5719 Quod
2941 5649 3156 5720 quidem
3184 5648 3381 5715 probat

1802 5751 2161 5808 similitudine
2190 5751 2315 5807 vitis
2339 5766 2461 5807 cum
2494 5749 2660 5806 divite
2681 5791 2694 5817 ,
2731 5758 2782 5804 et
2808 5746 2937 5802 ulmi
2963 5757 3084 5799 cum
3116 5754 3379 5811 paupere.
