3822 6218
412 271 523 330 835

1842 262 1902 321 S.
1941 262 2249 320 HERMAS.

3603 266 3728 320 836

410 383 508 453 qui
546 380 653 435 nisi
682 377 903 433 divitem
923 418 939 444 ,
966 377 1109 432 sicut
1138 375 1320 430 ulmus
1352 376 1514 430 vitem
1549 372 1767 437 lulciat,
1796 371 1996 438 serpit.
2027 376 2072 432 Α
2104 373 2311 428 scilicet
2340 371 2419 426 Pii
2468 386 2637 441 papa,
2666 372 2997 442 episcopatu,
3032 374 3202 443 frater
3246 376 3409 443 ipsius
3459 375 3723 431 Hermas

412 489 513 529 nec
559 472 730 526 ullum
779 469 866 523 vix
914 483 1157 538 unquam
1197 466 1433 521 fructum
1486 464 1700 520 referet.
1744 462 1881 517 Hinc
1926 462 1993 516 ad

411 567 549 621 alias
576 564 774 620 transit
801 562 1189 617 similitudines
1210 600 1225 625 ,
1251 560 1585 629 planumque
1610 557 1786 627 primo
1817 554 1870 610 id
1916 554 1997 609 la-

412 658 521 725 cit,
541 656 688 728 quod
711 657 851 711 sicut
880 655 1043 709 arbor
1071 652 1261 707 viridis
1287 668 1315 705 a
1349 651 1494 706 sicca
1527 665 1634 703 non
1682 649 1861 703 hieme
1900 648 1996 703 sed

410 759 599 805 astate
627 747 1000 818 distinguitur,
1029 746 1109 799 sic
1148 745 1312 797 homo
1330 742 1513 811 justus
1550 742 1620 796 ab
1653 740 1857 810 injusto
1886 754 1995 793 non

411 844 466 897 in
500 842 604 896 hoc
633 841 857 905 mundo,
886 840 981 893 sed
1007 838 1061 891 in
1080 836 1288 907 judicio
1309 842 1557 890 extremo
1578 844 1659 889 est
1682 833 1997 887 discernen-

412 934 535 988 dus.
568 931 772 987 Deinde
810 930 1081 1000 jejunium
1114 944 1238 983 eum
1273 943 1336 983 ea
1368 934 1651 997 comparat
1682 925 1996 995 diligentia,

409 1041 517 1096 qua
549 1040 739 1080 servus
763 1024 925 1077 vitem
957 1022 1164 1076 domini
1189 1020 1273 1077 sui
1303 1063 1318 1087 ,
1350 1019 1524 1090 magis
1552 1035 1715 1090 quam
1740 1019 1844 1073 sibi
1882 1016 1999 1071 fue-

410 1127 495 1170 rat
520 1118 864 1186 imperatum,
898 1115 1079 1169 colere
1106 1112 1333 1169 studuit.
1367 1111 1484 1178 Qua
1517 1111 1705 1165 eadem
1736 1110 1997 1165 similitu—

407 1208 534 1262 dine
568 1207 804 1261 ostendit
833 1216 1034 1276 quanta
1062 1222 1156 1271 pro
1187 1203 1487 1257 hontinibus
1516 1203 1655 1257 Deus
1685 1202 1995 1271 patraverit,

407 1311 462 1357 et
503 1311 707 1371 quanta
750 1300 825 1353 illi
866 1300 1100 1369 puritate
1131 1300 1293 1352 vitam
1322 1298 1607 1351 instituere
1629 1297 1880 1350 debeant.
1915 1294 1997 1348 Ob

409 1394 599 1449 oculos
625 1400 811 1463 postea
840 1401 1111 1462 pastorem
1138 1391 1391 1460 juvenem
1416 1390 1589 1459 ponit,
1620 1388 1779 1457 cujus
1808 1404 1997 1456 pecora

407 1487 621 1556 copiosa
646 1487 700 1539 in
722 1485 1077 1555 voluptatibus
1116 1498 1163 1538 et
1200 1484 1409 1537 deliciis
1430 1523 1444 1547 ,
1478 1482 1784 1551 ligurabant
1816 1481 1996 1533 homi—

409 1594 507 1632 nes
529 1578 900 1649 voluptatibus
921 1577 1167 1642 deditos;
1194 1592 1429 1645 quorum
1456 1574 1624 1643 aliqui
1648 1590 1994 1641 corrumpun-

410 1682 498 1724 tur
528 1688 690 1741 usque
717 1670 787 1724 ad
811 1671 1179 1740 defectionem,
1199 1668 1289 1721 alii
1312 1683 1485 1737 usque
1512 1668 1578 1721 ad
1602 1675 1850 1721 mortem.
1876 1664 1994 1719 Non

408 1763 666 1817 dillitetur
712 1772 892 1817 tamen
938 1762 1204 1831 quasdam
1242 1776 1364 1814 esse
1400 1760 1739 1828 voluptates,
1768 1757 1995 1811 salutem

407 1854 701 1923 afferentes.
720 1852 858 1909 Hinc
875 1854 1021 1908 venit
1039 1855 1103 1907 ad
1123 1852 1533 1906 similitudinem
1558 1851 1742 1906 salicis
1764 1866 1993 1921 magna,

406 1944 566 2014 cujus
612 1945 748 1999 rami
796 1945 1000 2015 absque
1044 1944 1257 1999 arboris
1304 1943 1672 1997 diminutione
1721 1943 1991 2008 abscissi,

408 2038 705 2107 multisque
733 2038 1048 2092 hominibus
1083 2036 1395 2099 distributi,
1430 2045 1593 2106 atque
1630 2035 1796 2089 variis
1832 2034 1962 2089 sicci

408 2131 536 2185 tatis
551 2139 606 2185 et
628 2130 917 2184 viriditatis
938 2130 1200 2200 gradibus
1223 2130 1293 2183 ab
1318 2128 1510 2183 iisdem
1534 2127 1792 2193 restituti,
1816 2126 1995 2181 varios

406 2221 761 2276 observanda
801 2220 934 2290 legis
979 2221 1176 2275 divina
1214 2220 1408 2276 modos
1449 2220 1677 2289 mystice
1719 2218 1995 2288 signiﬁca—

406 2312 557 2367 bant.
586 2311 741 2366 Rami
771 2322 952 2367 autem
977 2312 1224 2366 nonnulli
1254 2313 1448 2366 iterum
1475 2321 1529 2366 et
1551 2311 1711 2365 tertio
1744 2310 1992 2380 plantati,

405 2413 461 2458 et
494 2404 561 2458 ad
598 2406 778 2459 varios
828 2404 1120 2459 viriditatis
1166 2406 1367 2474 gradus
1420 2403 1693 2467 revocati,
1738 2404 1995 2473 gerebant

404 2505 751 2565 peccatorum
808 2496 976 2551 variis
1036 2496 1213 2550 modis
1273 2496 1649 2564 panitentiam
1716 2495 1991 2564 agentium

405 2589 837 2644 similitudinem.
852 2588 1116 2644 Posthac
1134 2588 1599 2645 consuuctioncm
1624 2589 1812 2652 turris,
1840 2588 1992 2642 simi-

404 2683 689 2737 litudinem
739 2680 993 2738 Ecclesia
1039 2681 1410 2751 praeferentis,
1446 2695 1611 2750 quam
1649 2679 1788 2734 libro
1814 2680 1993 2749 primo

406 2778 579 2832 levius
609 2776 892 2847 attigerat,
921 2776 1199 2832 fusissime
1225 2775 1486 2830 describit
1517 2792 1530 2830 :
1556 2784 1611 2828 ct
1635 2774 1898 2844 quidquid
1924 2773 1992 2827 ad

403 2885 525 2924 eam
554 2869 815 2939 pertinet,
842 2869 1159 2939 singillatim
1194 2866 1524 2922 Christianis
1545 2907 1559 2931 ,
1594 2865 1831 2920 maxime
1862 2881 1992 2920 vero

404 2960 797 3031 pauitantibus
850 2960 1216 3030 applicando,
1267 2960 1452 3013 omnia
1501 2973 1622 3028 qua
1676 2972 1706 3011 a
1762 2956 1991 3027 singulis

404 3051 711 3121 quibusque
750 3050 1108 3120 persolvenda
1154 3062 1341 3113 erant,
1377 3049 1656 3119 religionis
1687 3058 1742 3103 et
1770 3048 1988 3117 pietatis
2015 3085 2058 3142 ο

405 3142 578 3197 ollicia
617 3143 870 3213 explicat.
914 3141 1119 3197 Dehinc
1148 3153 1335 3197 narrat
1367 3140 1596 3195 Hermas
1633 3157 1797 3211 quam
1832 3142 1987 3196 solli—

403 3236 511 3291 cite
539 3236 785 3307 angelus,
809 3235 904 3306 qui
931 3250 1054 3290 eum
1088 3234 1296 3290 Pastori
1326 3236 1509 3288 nuntio
1533 3235 1849 3303 panitentite
1882 3243 1991 3287 tra-

403 3327 643 3393 diderat,
702 3327 953 3396 ipsimet,
1011 3334 1071 3381 ut
1121 3326 1375 3381 mandata
1430 3326 1695 3379 hactenus
1743 3326 1987 3394 exposita

403 3422 673 3487 observet,
697 3421 927 3491 aliisque
962 3419 1211 3474 similiter
1241 3418 1580 3474 observanda
1616 3433 1738 3472 esse
1771 3417 1992 3470 nuntia-

404 3521 524 3577 ret,
555 3511 921 3581 imperaverit.
951 3510 1234 3565 Postremo
1263 3510 1351 3563 ille
1374 3508 1553 3578 angeli
1586 3516 1852 3561 memorat
1874 3507 1992 3575 pol-

404 3603 779 3665 licitationem.
812 3617 920 3673 qua
943 3600 1061 3657 fore
1093 3610 1151 3657 ut
1182 3601 1283 3671 ipsi
1313 3612 1586 3671 pastorem
1620 3610 1674 3654 et
1700 3599 1989 3654 duodecim

405 3693 677 3764 virgines,
708 3692 761 3747 id
784 3701 865 3748 est
895 3707 1087 3747 omnes
1116 3692 1342 3746 omnino
1370 3692 1632 3757 virtutes,
1663 3706 1787 3745 cum
1828 3706 1895 3745 eo
1931 3690 1988 3744 in

408 3792 671 3839 aternum
708 3798 1094 3854 permansuras
1123 3783 1392 3849 mitteret,
1425 3784 1570 3837 ultro
1601 3783 1985 3853 spoponderat.

952 3914 1352 3971 ARTICULUS
1389 3916 1451 3972 ΙΙ.

405 4006 537 4072 Quis
566 4006 792 4063 Hermas
824 4018 1010 4062 auctor
1034 4008 1190 4078 hujus
1218 4012 1419 4079 operis;
1450 4026 1575 4062 num
1607 4011 1676 4063 sit
1702 4010 1870 4080 frater
1900 4010 1987 4066 Pii

826 4080 1023 4148 primi,
1052 4084 1244 4133 summi
1273 4082 1560 4149 pontiﬁcis.

475 4168 640 4225 Extra
662 4171 1095 4227 controversiam
1130 4179 1214 4225 est
1241 4172 1342 4225 hoc
1368 4188 1505 4241 opus
1530 4172 1669 4227 idem
1696 4188 1815 4229 esse
1838 4174 1984 4243 quod

405 4267 474 4321 ab
498 4265 897 4333 antiquissimis
932 4262 1187 4318 Patribus
1222 4262 1435 4319 Henna
1467 4265 1684 4318 nomine
1708 4264 1980 4320 laudatur.

403 4356 458 4413 ld
491 4358 698 4427 liquido
722 4358 985 4427 probatur
1005 4371 1072 4411 ex
1100 4356 1416 4411 eorumdem
1440 4355 1661 4411 Patrum
1686 4357 1840 4411 libris
1860 4399 1873 4422 ,
1890 4357 1980 4411 ubi

2099 465 2295 520 librum
2321 466 2563 532 scripsit,
2596 470 2651 518 in
2680 481 2780 535 quo
2814 467 3125 520 mandatum
3156 469 3533 536 conﬁrmatur,
3560 472 3723 541 quod

2096 554 2144 606 ei
2171 556 2416 622 pracepit
2444 555 2664 625 angelus
2693 554 2945 621 Domini,
2978 573 3098 609 cum
3131 559 3325 611 veniret
3361 559 3430 611 ad
3468 576 3608 613 eum
3660 561 3723 613 in

2097 648 2283 701 habitu
2322 650 2591 716 pastoris,
2642 658 2700 701 ut
2747 659 2991 703 sanctum
3032 649 3245 704 Pascha
3290 653 3374 705 die
3404 651 3720 707 Dominico

2097 743 2470 797 celebraretur.
2499 744 2703 797 Auctor
2734 741 3051 809 decretalis,
3084 744 3155 796 ad
3194 744 3460 798 universos
3484 743 3720 799 Christi

2100 836 2314 906 ﬁdeles,
2346 852 2468 905 qua
2498 836 2713 905 ipsimet
2756 834 2854 889 Pio
2896 834 3149 891 Pontiﬁci
3185 836 3460 903 tribuitur,
3494 839 3717 893 eadem

2098 947 2317 1001 quoque
2344 930 2566 984 tradidit
2598 949 2610 984 :
2646 928 2774 983 Istis
2804 947 2926 1001 ergo
2952 930 3271 999 temporibus
3304 930 3537 984 Hermas
3598 931 3715 983 do-

2064 1024 2339 1093 'ctor/idei
2370 1035 2417 1077 et
2446 1022 2847 1092 Scripturarum
2873 1025 3072 1094 effulsit
3102 1025 3240 1079 inter
3269 1042 3479 1083 uos.....
3518 1027 3714 1080 eidem

2102 1115 2316 1169 Hermce
2350 1114 2565 1185 angelus
2591 1115 2805 1168 Domini
2840 1117 2895 1169 in
2932 1116 3114 1170 habitu
3140 1118 3370 1187 pastoris
3401 1119 3670 1185 apparuit
3691 1159 3710 1183 ,

2097 1223 2146 1263 et
2195 1212 2437 1277 prtecepit
2487 1210 2534 1261 ei
2578 1219 2634 1261 ut
2688 1192 2893 1261 Pascha
2924 1209 3009 1262 die
3038 1207 3313 1262 Dominico
3349 1208 3413 1261 ab
3444 1209 3713 1261 omnibus

2100 1299 2471 1353 celebraretur.
2504 1298 2583 1353 Ex
2613 1299 2698 1354 his
2721 1315 2884 1369 porro
2914 1299 3122 1355 ultimis
3150 1300 3328 1353 verbis
3358 1301 3605 1353 alterum
3635 1315 3711 1353 ex

2100 1392 2188 1446 his
2216 1392 2435 1446 duobus
2459 1392 2820 1461 scriptoribus
2850 1392 2917 1446 ab
2947 1392 3118 1446 altero
3152 1391 3202 1446 id
3235 1392 3379 1462 quod
3410 1393 3713 1447 scribebat

2100 1493 2407 1539 mutuatum
2448 1500 2603 1551 esse,
2636 1493 2731 1538 aut
2775 1494 3069 1555 utrumque
3108 1501 3173 1539 ex
3218 1483 3407 1538 iisdem
3434 1484 3709 1539 hausiSse

2101 1578 2344 1632 fontibus
2378 1577 2525 1632 haud
2565 1576 2802 1631 absurde
2839 1576 3085 1646 colligas.
3118 1574 3229 1630 Hos
3252 1591 3381 1630 vero
3412 1577 3704 1640 nonnulli,

2102 1669 2244 1725 Beda
2288 1670 2547 1723 nimirum
2603 1678 2658 1724 et
2704 1670 2862 1736 Ado,
2912 1687 3018 1725 non
3061 1670 3278 1740 quidem
3327 1670 3381 1723 in
3427 1670 3621 1724 citatis
3666 1686 3705 1725 a

2098 1764 2424 1833 quibusdam
2454 1778 2643 1817 eorum
2690 1761 3089 1834 Martyrologiis
3109 1805 3123 1826 ,
3152 1763 3245 1818 sed
3294 1764 3347 1817 in
3376 1761 3703 1817 Chronolo—

2098 1857 2201 1927 giis
2244 1865 2429 1927 postea
2482 1856 2654 1911 secuti
2704 1865 2849 1909 sunt.
2907 1854 2985 1909 lbi
3037 1856 3305 1925 siquidem
3353 1854 3497 1910 Beda
3563 1871 3698 1910 cum

2098 1948 2409 2018 scripsisset
2429 1946 2705 2002 Justinum
2730 1948 3111 2018 philosophum
3138 1948 3239 2001 sub
3260 1946 3356 2001 Pio
3377 1963 3516 2017 papa
3542 1964 3699 2001 mar-

2095 2043 2237 2115 tyrio
2260 2044 2423 2097 vitam
2453 2042 2681 2109 ﬁniisse,
2705 2041 2967 2096 continuo
2997 2040 3272 2095 subdidit:
3300 2039 3531 2093 Hermas
3556 2042 3698 2094 scri-

2095 2137 2199 2204 psit
2226 2136 2419 2189 librum
2442 2176 2457 2200 ,
2485 2135 2576 2205 qui
2616 2134 2815 2187 dicitur
2847 2133 3089 2187 Pastoris
3108 2174 3123 2197 ,
3156 2134 3209 2185 in
3240 2149 3340 2201 quo
3365 2141 3697 2200 praceptuns

2095 2226 2268 2297 angeli
2291 2228 2543 2289 continet,
2568 2236 2624 2279 ut
2661 2224 2867 2277 Pascha
2890 2224 3169 2277 Dominico
3195 2223 3280 2275 die
3305 2223 3691 2278 celebraretur.

2096 2319 2252 2375 Beda
2280 2329 2461 2373 autem
2492 2320 2653 2373 verba
2700 2319 2779 2372 sic
2805 2316 2923 2371 Ααο
2952 2317 3295 2387 transcripsit
3334 2336 3347 2369 :
3390 2315 3527 2370 Pius
3572 2318 3692 2384 epi—

2094 2427 2281 2481 scopus
2314 2410 2493 2464 Roma:
2530 2410 2775 2475 habetur,
2803 2409 2896 2462 sub
2929 2426 3030 2478 quo
3065 2408 3290 2462 Hermas
3316 2408 3512 2461 librum
3551 2409 3693 2462 scri-

2092 2506 2219 2572 psit,
2248 2505 2338 2575 qui
2362 2505 2565 2557 dicitur
2595 2502 2863 2569 Pastoris,
2894 2504 2946 2555 in
2971 2519 3074 2572 quo
3095 2514 3417 2571 praeceptum
3451 2502 3687 2554 continet

2094 2597 2305 2667 angeli,
2347 2607 2404 2650 ut
2444 2612 2645 2665 semper
2674 2595 2884 2648 Pascha
2924 2595 3010 2647 die
3046 2594 3324 2647 Dominico
3372 2592 3687 2645 celebretur.

2093 2688 2298 2743 Auctor
2324 2703 2541 2758 quoque
2570 2688 2767 2741 veteris
2797 2685 3169 2739 Romanorum
3206 2685 3529 2754 pontiﬁcum
3590 2699 3686 2736 ca—

2094 2780 2256 2851 talogi
2278 2822 2292 2847 ,
2323 2781 2465 2849 apud
2490 2779 2817 2833 Bucherium
2844 2789 2897 2833 et
2927 2777 3205 2832 Dollandi‘
3249 2777 3685 2841 continuatores,

2092 2874 2145 2926 in
2170 2874 2357 2927 eadem
2383 2882 2465 2927 est
2495 2873 2761 2927 sententia
2792 2891 2805 2927 τ
2847 2871 2952 2926 Sub
2986 2872 3144 2941 hujus
3172 2912 3189 2934 ,
3220 2869 3336 2935 Pii,
3374 2872 3687 2937 episcopatu

2093 2967 2261 3035 frater
2287 2966 2399 3034 ejus
2434 2964 2661 3018 Hermas
2706 2964 2898 3017 librant
2936 2965 3187 3031 scripsit,
3233 2964 3285 3015 in
3325 2979 3426 3031 quo
3460 2964 3687 3015 manda-

2093 3069 2198 3123 tur,
2255 3059 2649 3127 contineturque
2692 3058 2830 3127 quod
2866 3058 2914 3110 ei
2958 3059 3202 3126 prceccpit
3254 3056 3509 3127 angelus,
3563 3074 3684 3109 cum

2091 3150 2227 3202 venit
2266 3148 2335 3200 ad
2380 3164 2498 3200 eum
2540 3149 2593 3201 in
2636 3148 2820 3200 habitu
2865 3150 3117 3216 pastoris.
3158 3148 3400 3218 Denique
3447 3148 3684 3217 scriptor

2092 3241 2315 3295 alterius
2343 3242 2660 3296 eorumdem
2692 3242 3008 3310 pontilicum
3037 3242 3264 3313 catalogi
3288 3242 3431 3311 apud
3459 3245 3679 3297 eosdem

2094 3332 2339 3387 Bollandi
2389 3334 2629 3389 asseclas
2674 3334 2816 3388 idem
2872 3334 3226 3403 paucioribus
3272 3335 3454 3388 verbis
3489 3333 3678 3388 dixit:

2091 3424 2224 3479 Pius
2253 3428 2464 3478 natione
2492 3424 2666 3479 Italus
2690 3441 2755 3479 ea:
2779 3436 2930 3493 patre
2953 3425 3146 3495 Rufino
3166 3467 3180 3492 ,
3209 3425 3376 3495 frater
3406 3425 3678 3482 Pastoris.

2166 3519 2368 3573 Verum
2399 3519 2514 3574 hac
2540 3519 2727 3589 opinio
2750 3527 2897 3573 stare
2920 3520 3073 3574 nullo
3107 3521 3271 3575 modo
3318 3528 3516 3589 potest.
3554 3519 3680 3573 Pri-

2092 3630 2183 3669 mo
2217 3616 2361 3669 enim
2406 3614 2627 3683 quidam
2665 3631 2731 3670 ex
2777 3615 2863 3670 bis
2913 3614 3277 3683 scriptoribus
3328 3629 3518 3668 secum
3575 3614 3679 3683 ipsi

2091 3716 2355 3777 pugnant.
2385 3707 2504 3762 Ado
2529 3708 2797 3777 siquidem
2824 3708 2877 3761 in
2902 3724 3003 3762 suo
3030 3706 3418 3777 Martyrologio
3444 3705 3641 3761 scribit
3664 3724 3676 3760 :

2093 3797 2292 3852 Natale
2320 3799 2492 3851 sancti
2532 3797 2744 3852 Hermae
2773 3799 2923 3867 cujus
2952 3798 3223 3867 apostolus
3259 3796 3467 3850 Paulus
3494 3800 3680 3851 memi-

2091 3891 2284 3947 nit.....
2319 3889 2477 3944 Hunc
2499 3899 2737 3945 asserunt
2762 3901 3031 3943 auctorem
3062 3906 3172 3942 esse
3197 3889 3358 3955 libri,
3382 3890 3474 3958 qui
3497 3890 3678 3958 appel-

2088 3985 2235 4038 latur
2264 3983 2499 4039 Pssron.
2525 3984 2690 4053 Atqui
2713 3985 2757 4038 si
2788 3982 3018 4038 Hermas
3037 3982 3343 4052 discipulus
3366 3982 3473 4036 fuit
3497 3981 3678 4053 Pauli,

2086 4077 2172 4131 vel
2211 4075 2414 4131 Paulus
2444 4076 2590 4131 illius
2623 4076 2898 4142 meminit,
2928 4090 3035 4130 non
3067 4076 3243 4145 potuit
3273 4083 3422 4130 certe
3470 4076 3679 4131 librum

2087 4184 2249 4222 suum
2271 4209 2286 4233 ,
2316 4168 2477 4222 sicuti
2508 4168 2647 4221 idem
2680 4166 2797 4221 Ado
2830 4167 2884 4220 in
2916 4166 3284 4237 Cbronologia
3311 4181 3411 4221 sua
3442 4170 3675 4234 asserit,

2085 4261 2189 4315 sub
2234 4260 2551 4330 pontiﬁcatu
2597 4258 2679 4313 Pii
2730 4260 3009 4325 scribere,
3064 4260 3263 4328 quippe
3313 4258 3411 4327 qui
3451 4268 3673 4314 centum

2088 4352 2261 4406 ferme
2291 4362 2411 4421 post
2442 4351 2673 4406 Paulum
2718 4352 2878 4407 annis
2913 4367 3167 4407 summus
3196 4350 3442 4421 pontifex
3472 4365 3677 4406 renun-

403 4466 513 4506 non
578 4465 750 4520 pauca
799 4448 1041 4503 auctoris
1097 4449 1271 4502 nostri
1322 4449 1633 4502 testimonia
1691 4464 1757 4503 ex
1812 4451 1981 4503 variis
2011 4423 2057 4480 D
2084 4447 2249 4501 tiatus
2277 4456 2377 4500 cst.

404 4543 630 4611 hujusce
658 4543 839 4610 operis
864 4541 1111 4611 partibus
1141 4542 1466 4610 transcripta
1491 4549 1808 4596 occurrunt.
1875 4540 1989 4594 Au-

393 4642 649 4690 ctorvero
669 4635 783 4703 ipse
809 4633 864 4687 in
894 4634 998 4690 hoc
1026 4647 1188 4702 opere
1209 4648 1407 4687 nomen
1433 4631 1645 4687 Hcrma
1671 4634 1871 4703 ubique
1895 4650 1984 4689 as-

400 4726 586 4781 sumit.
619 4727 963 4795 Quapropter
991 4725 1125 4780 illud
1152 4733 1362 4779 tantum
1392 4726 1543 4779 venit
1579 4725 1632 4778 in
1663 4735 1981 4779 controver-

400 4815 537 4870 siam
559 4853 575 4877 ,
608 4815 732 4884 quis
754 4815 856 4868 iste
886 4815 959 4869 sit
988 4810 1246 4878 Hermas,
1281 4820 1335 4865 et
1362 4826 1472 4881 quo
1494 4811 1688 4864 vixerit
1717 4820 1979 4880 tempore.

471 4907 705 4975 Quidam
733 4909 916 4978 itaque
940 4908 1238 4977 scriptores
1280 4906 1430 4959 illum
1474 4903 1554 4958 Pii
1583 4906 1742 4973 primi
1779 4904 1981 4958 summi

399 5003 673 5075 pontiﬁcis
704 5003 925 5058 fratrem
958 5002 1128 5057 fuisse
1161 5001 1532 5055 indubitanter
1573 5009 1843 5053 asserunt.
1891 4997 1983 5051 Sic

399 5095 545 5148 cnim
580 5095 847 5149 sentiebat
872 5103 1062 5148 auctor
1092 5093 1379 5163 poematis,
1415 5090 1731 5146 Tertulliani
1762 5089 1982 5142 nomine

399 5186 646 5255 inscripti
666 5224 681 5250 ,
714 5186 810 5256 qui
835 5188 900 5241 de
923 5186 1016 5239 illo
1046 5185 1121 5240 ita
1142 5184 1340 5240 cecinit
1373 5202 1386 5237 :

472 5299 598 5354 Post
624 5299 758 5351 hunc
779 5298 965 5352 deinde
986 5296 1136 5361 Pius,
1157 5296 1384 5350 Hermas
1408 5298 1494 5349 cui
1517 5298 1721 5350 nomine
1745 5297 1912 5365 frater

467 5370 751 5440 Angelicus
779 5381 984 5438 pastor,
1013 5369 1103 5437 qui
1141 5369 1342 5421 tradita
1369 5373 1523 5421 verba
1555 5368 1785 5421 locutus.

469 5461 657 5517 Eidem
699 5461 979 5516 sententia
1018 5470 1210 5514 auctor
1242 5459 1596 5523 Pontilicalis,
1623 5460 1714 5528 qui
1748 5459 1982 5513 Damaso

398 5558 673 5621 tribuitur,
698 5554 845 5609 hunc
884 5553 1207 5623 subscripsit
1246 5553 1298 5605 in
1346 5553 1565 5607 modum
1597 5570 1610 5605 :
1647 5550 1752 5606 Sub
1790 5550 1978 5619 hujus,

468 5689 560 5744 ‘In
589 5688 865 5761 Propylaao
895 5660 1102 5745 mensis
1141 5688 1287 5744 Maii.

2155 4538 2358 4593 Deinde
2382 4539 2435 4592 hi
2462 4537 2756 4608 scriptorcs
2781 4545 3012 4591 narrant
3038 4551 3107 4591 ex
3136 4536 3276 4591 libro
3309 4536 3526 4591 Herma
3556 4546 3670 4592 sta-

2083 4639 2283 4695 tutum,
2314 4643 2374 4684 ut
2403 4630 2611 4685 Pascha
2639 4631 2727 4685 die
2755 4629 3041 4683 Dominico
3070 4629 3394 4683 celebretur.
3426 4628 3497 4683 At
3556 4624 3669 4680 fru-

2070 4722 2336 4791 straapud
2368 4730 2617 4776 nostrum
2649 4733 2927 4775 auctorem
2964 4719 3343 4789 hujuscemodi
3387 4720 3667 4774 decretum

2083 4813 2385 4883 quasieris.
2412 4811 2507 4867 Vel
2536 4828 2663 4881 ergo
2688 4822 2940 4867 auctores
2970 4812 3088 4879 illi,
3120 4813 3213 4881 qui
3262 4813 3327 4866 de
3368 4811 3511 4866 libro
3539 4827 3572 4866 a
3609 4829 3667 4867 se

2085 4918 2353 4970 nusquam
2377 4903 2494 4957 viso
2516 4902 2805 4971 scripsisse
2827 4902 3100 4968 videntur,
3120 4901 3346 4955 omnino
3366 4899 3492 4955 lalsi
3518 4911 3664 4967 sunt,

2083 4994 2167 5048 vel
2197 4994 2264 5048 de
2288 4994 2396 5048 alio
2421 5008 2605 5062 opere,
2631 5009 2661 5047 a
2691 5003 2880 5049 nostro
2903 4994 3063 5063 plane
3083 4994 3409 5063 penitusque
3428 4993 3664 5059 diverso,

2084 5087 2404 5155 loquuntur.
2461 5085 2704 5154 Denique
2767 5084 3119 5139 manifestum
3189 5092 3273 5138 est
3334 5085 3665 5153 posteriores

2085 5178 2380 5246 scriptorcs
2410 5176 2722 5246 opinionem
2754 5192 2910 5231 suam
2943 5192 2974 5229 a
3006 5176 3284 5245 prioribus
3328 5175 3658 5244 sumpsisse,

2086 5268 2420 5338 proindeque
2452 5267 2718 5339 originem
2740 5269 2985 5337 ejusdem
3006 5269 3284 5338 epiniouis
3306 5269 3361 5322 in
3393 5284 3661 5326 memora-

2087 5372 2200 5416 tum
2230 5363 2517 5431 poematis,
2551 5371 2646 5415 aut
2666 5362 3003 5417 Pontilicalis
3032 5372 3309 5417 auctorem
3333 5378 3456 5417 esse
3482 5362 3660 5418 relan-

2082 5451 2335 5508 dcndam.
2366 5453 2529 5524 Atqui
2562 5462 2793 5523 uterque
2820 5462 3012 5507 auctor
3037 5461 3120 5507 est
3151 5454 3519 5523 apocryphus,
3546 5454 3661 5507 nul-

2083 5547 2190 5602 lius
2215 5546 2453 5603 nominis
2497 5546 2701 5602 nullius
2731 5546 3047 5617 diligentia,
3067 5546 3271 5601 nullius
3303 5538 3656 5600 auctoritatis.
