3822 6218
120 281 221 342 837

648 400 1047 458 ARTICULUS
1084 404 1171 459 ιιι.

223 511 370 568 Num
401 512 631 569 Hermas
662 516 822 584 fuerit
846 518 1138 588 discipulus
1162 518 1326 573 Pauli
1346 520 1592 590 apostoli.

186 626 389 682 Contra
416 642 551 682 vero
578 628 908 698 scriptores,
949 630 1058 687 illis
1096 633 1354 687 omnibus
1382 634 1606 690 nomine
1646 643 1701 691 et

117 729 268 776 mtate
297 719 460 789 longe
492 719 843 789 superiores,
882 729 1076 790 putant
1122 721 1378 777 Hermam
1417 733 1699 778 auctorem

116 822 357 867 nostrum
388 809 564 865 fuisse
592 812 922 881 discipulum
944 812 1097 867 Pauli
1128 805 1385 884 apostoli,
1416 831 1578 885 quem
1611 816 1700 871 ille

116 904 167 955 in
195 901 436 971 Epistula
477 901 545 954 ad
584 900 903 958 Romanos'
932 904 1019 959 his
1049 905 1249 960 salutat
1284 906 1465 961 verbis
1493 926 1505 961 :
1538 906 1700 962 Salu-

117 1007 216 1050 tate
263 996 641 1066 Asyncritum,
677 994 1056 1068 Phlegontem,
1106 997 1381 1053 Hennam.
1436 997 1699 1070 Origenes

113 1090 389 1143 enimvero
454 1090 512 1144 in
558 1089 707 1145 hunc
735 1087 890 1144 Pauli
939 1089 1118 1144 locum
1167 1092 1246 1146 sic
1290 1092 1520 1148 scribit:
1558 1092 1698 1146 Puto

115 1177 247 1248 quod
275 1176 507 1231 Hermas
535 1180 635 1233 iste
660 1180 729 1232 sit
757 1181 985 1249 scriptor
1008 1179 1172 1234 libelli
1193 1180 1359 1246 illius,
1383 1182 1473 1251 qui
1503 1181 1700 1236 Pastor

114 1268 443 1337 appellatur;
475 1286 595 1339 quae
618 1271 885 1338 scriptura
906 1270 1054 1324 valde
1078 1272 1207 1325 milii
1230 1272 1380 1326 utilis
1405 1274 1624 1341 videtur,
1647 1283 1698 1329 et

113 1370 252 1428 puto,
294 1363 553 1416 divinitus
601 1364 886 1431 inspirata.
925 1362 1193 1421 Eusebius
1218 1365 1239 1396 ³
1282 1374 1463 1421 autem
1500 1387 1512 1421 :
1556 1367 1698 1436 Apo-

114 1456 272 1509 stolus
295 1453 529 1520 Paulus,
554 1455 752 1525 inquit,
786 1457 841 1509 in
872 1456 1285 1514 salutationibus
1308 1459 1439 1524 illis,
1464 1477 1581 1532 qua:
1601 1463 1695 1515 sub

114 1543 262 1611 ﬁnem
291 1542 555 1611 Epistola:
575 1545 644 1597 ad
665 1544 927 1600 Romanos
950 1547 1214 1618 leguntur,
1240 1551 1552 1605 mentionem
1573 1552 1695 1622 fecit

116 1634 343 1700 Hermae,
375 1637 532 1706 cujus
561 1653 669 1690 esse
699 1638 869 1706 fertur
896 1639 941 1692 is
976 1639 1126 1706 liber,
1158 1642 1247 1711 qui
1283 1640 1478 1698 Pastor
1505 1643 1696 1697 inscri-

112 1736 225 1794 ptus
260 1736 356 1781 est.
376 1726 780 1798 Hieronymus“
806 1745 933 1784 vero
961 1731 1012 1783 id
1044 1731 1112 1785 ab
1135 1733 1256 1787 aliis
1285 1742 1551 1789 assertum
1577 1750 1697 1790 esse
1729 1743 1771 1797 Β

115 1827 372 1873 memorat
398 1838 410 1872 :
442 1819 692 1886 Hermas,
718 1821 912 1890 inquit,
938 1825 1089 1890 cujus
1112 1824 1379 1891 apostolus
1402 1825 1604 1880 Paulus
1626 1827 1695 1880 ad

112 1908 367 1962 Romanos
421 1908 659 1963 scribens
716 1911 1071 1965 meminit.....
1124 1924 1364 1967 asserunt
1425 1925 1695 1968 auctorem

112 2017 213 2054 esse
257 2000 385 2054 libri
430 2002 524 2071 qui
575 2001 881 2069 appellatur
909 2001 1122 2059 Pastor.
1166 2005 1403 2060 Possunt
1448 2008 1513 2061 iis
1565 2008 1696 2062 sub-

109 2092 254 2163 jungi
309 2094 648 2161 posteriores
710 2096 1037 2166 scriptores,
1097 2097 1190 2165 qui
1254 2097 1470 2151 illorum
1529 2102 1693 2154 verba

113 2184 610 2253 transcripserunt,
638 2186 722 2240 vel
760 2201 949 2240 eorum
994 2188 1441 2256 subscripserunt
1468 2200 1694 2244 senten-

112 2278 211 2327 tizc.
252 2273 363 2331 Hos
392 2276 541 2331 inter
581 2274 838 2333 Sedulius
863 2276 1114 2348 Origenis
1154 2280 1363 2346 verba,“
1388 2291 1688 2346 mutuatur,

112 2362 442 2435 Nicephorus
470 2382 604 2423 vero
626 2367 847 2424 Eusebii
869 2368 890 2400 °
919 2371 1166 2440 vestigiis
1196 2372 1414 2427 insistit.
1443 2373 1499 2426 ln
1527 2374 1692 2444 hujus

114 2471 267 2523 porro
293 2460 582 2514 sententiae
620 2459 1024 2515 ﬁrmamentum
1072 2462 1204 2516 illud
1250 2464 1445 2519 adduci
1477 2475 1689 2536 posset,

114 2548 249 2615 quod
294 2546 532 2605 Hermas
583 2550 698 2620 ipse
756 2560 988 2606 testatur
1038 2569 1103 2608 ex
1161 2554 1378 2612 duobus
1430 2557 1552 2611 libri
1605 2559 1691 2614 sui

115 2639 511 2708 exemplaribus
542 2656 572 2695 a
613 2656 672 2695 se
701 2641 993 2712 descriptis
1015 2685 1029 2709 ,
1067 2659 1239 2698 unum
1275 2645 1328 2698 in
1357 2658 1573 2703 exteras
1613 2650 1694 2703 ei-

114 2730 295 2785 vitates
320 2748 351 2786 a
380 2732 666 2787 Clemente
721 2734 1044 2789 mittendum
1079 2753 1093 2790 :
1136 2735 1311 2791 Mittet
1351 2747 1529 2792 autem
1571 2740 1690 2796 Cle-

114 2836 246 2875 mens
296 2823 351 2877 in
393 2834 607 2877 exteras
656 2826 935 2891 civitates;
987 2828 1123 2881 illud
1166 2830 1305 2883 enim
1353 2833 1687 2898 permissum.

115 2911 273 2978 Quem
300 2916 447 2970 enim
492 2917 663 2971 alium
710 2918 798 2973 his
841 2919 932 2973 ille
969 2920 1153 2975 verbis
1187 2921 1477 2992 designat,
1524 2939 1689 2992 quam

115 3004 430 3062 Clementem
476 3024 754 3063 summum
801 3011 1147 3079 pontiﬁcem,
1194 3011 1288 3082 qui
1327 3028 1452 3067 cum
1502 3011 1689 3069 Romae

1360 284 1659 344 PASTOR.
1694 310 1767 323 η-
1805 281 2145 342 ΡηουΕΜιΑ

1732 408 1780 465 Α
1810 402 1969 460 bendi
1998 420 2196 475 genere
2221 421 2412 463 omnes
2444 407 2513 463 ad
2542 409 2805 481 agendam
2857 422 3203 482 peccatorum
3242 430 3377 472 suo-

3274 268 3378 359 ass

1804 512 1924 551 rum
1952 498 2325 567 paenitentiam
2360 502 2573 557 lacilius
2598 504 2888 571 excitaret,
2916 505 3105 576 eisque
3130 509 3381 563 ostende-

1802 597 1886 642 ret
1922 598 2123 659 quanta
2159 604 2195 646 ι
2232 590 2561 647 Christianis
2596 595 2720 649 vita:
2755 608 3082 666 morumque
3118 598 3381 653 sanctitas

1801 679 2156 737 desideretur.
2180 684 2248 737 At
2268 684 2534 755 quidquid
2558 685 2629 741 sit
2657 687 2724 741 de
2747 687 2990 743 auctoris
3014 688 3187 743 nostri
3254 698 3386 739 san-

1795 770 2001 839 ctitate,
2014 788 2140 831 vero
2152 775 2361 830 videtur
2382 777 2517 832 satis
2542 778 2722 833 simile
2745 778 2896 833 illum
2919 793 2981 834 ea
3005 787 3183 847 aetate,
3212 795 3379 850 quam

1800 863 1963 932 paulo
1988 878 2150 934 supra
2175 867 2595 936 assignavimus,
2622 879 2677 923 et
2706 870 2938 936 vixisse,
2958 882 3012 927 et
3044 881 3381 927 commenta-

1802 955 2003 1009 tionem
2031 971 2187 1011 suam
2210 957 2460 1015 emisisse
2483 960 2536 1013 in
2567 962 2869 1030 publicum.

2324 1062 2725 1147 'ARTICULUS
2762 1091 2853 1148 1v.

2081 1203 2197 1269 Quo
2225 1214 2453 1274 tempore
2482 1205 2574 1259 Itos
2601 1206 2763 1260 libros
2789 1208 3079 1277 scripserit.

1867 1316 2135 1373 Caeterum
2170 1317 2215 1372 si
2247 1326 2567 1387 argumenta
2599 1329 2790 1374 nostra
2831 1317 3190 1390 rigidioribus
3224 1321 3376 1376 criti-

1798 1411 1877 1467 cis
1908 1427 2014 1465 non
2044 1410 2178 1465 satis
2199 1410 2354 1464 tirma
2394 1410 2504 1465 sint
2530 1419 2587 1465 et
2614 1410 2791 1466 valida
2811 1453 2826 1479 ,
2856 1412 2911 1466 hi
2944 1422 3127 1468 tamen
3164 1413 3377 1469 Hermae

1797 1505 1966 1560 libros
1992 1504 2060 1559 ab
2083 1518 2151 1559 eo
2176 1519 2285 1557 non
2310 1503 2474 1557 modo
2504 1511 2629 1558 ante
2660 1502 2908 1573 Origenis
2940 1513 2992 1560 et
3016 1504 3334 1561 Tertulliani
3356 1547 3372 1573 ,

1799 1597 1891 1652 sed
1919 1596 2081 1651 etiam
2111 1594 2409 1650 Clementis
2449 1603 2504 1649 et
2532 1592 2722 1649 [renati
2748 1606 3024 1666 tempora,
3062 1598 3114 1651 id
3138 1608 3221 1653 est
3249 1608 3376 1653 ante

1800 1688 1984 1744 saeculi
2013 1687 2236 1743 secundi
2270 1687 2454 1752 linem,
2480 1701 2591 1757 quo
2610 1687 2801 1742 saltem
2827 1687 3062 1744 lrenteus
3089 1690 3377 1760 scripsisse

1803 1778 2142 1848 perhibetur,
2167 1779 2415 1848 vulgatos
2442 1776 2614 1833 fuisse
2643 1778 2920 1834 fateantur
2941 1796 3163 1835 necesse
3186 1790 3287 1836 est.
3320 1781 3376 1836 ld

1796 1872 2015 1942 quidem
2042 1886 2109 1925 ex
2140 1871 2456 1924 eorumdem
2481 1866 2741 1924 Ecclesia
2770 1868 2994 1925 Patrum
3023 1871 3377 1939 testimoniis,

1795 1979 1918 2034 quae
1942 1978 2106 2033 supra
2132 1962 2405 2028 dedimus,
2438 1962 2612 2016 cuivis
2638 1960 2861 2031 planum
2890 1962 2999 2017 lict.
3030 1961 3222 2018 Utrum
3246 1979 3377 2019 vero

1796 2056 1956 2110 iidem
1997 2054 2369 2124 antiquissimi
2406 2054 2702 2123 scriptores
2747 2055 2890 2109 hanc
2933 2055 3374 2110 lucubrationem

1794 2148 1953 2216 longe
1995 2156 2121 2202 ante
2149 2147 2218 2201 ab
2243 2145 2443 2201 Herma
2466 2147 2668 2200 editam
2701 2148 3042 2217 putaverint,
3067 2147 3191 2201 inde
3218 2147 3377 2202 facile

1793 2241 2063 2311 intelliges
2105 2240 2255 2310 quod
2300 2256 2364 2295 ea
2402 2238 2473 2294 ab
2516 2240 2623 2294 illis
2662 2256 2773 2295 non
2816 2250 2876 2294 ut
2902 2255 3042 2295 nova
3089 2250 3145 2295 et
3183 2255 3376 2296 recens

1792 2334 1936 2388 edita
1960 2372 1975 2397 ,
2006 2333 2101 2388 sed
2127 2341 2185 2386 ut
2207 2341 2364 2386 vetus
2394 2341 2449 2388 et
2472 2333 2699 2404 antiqua
2732 2333 2939 2403 passim
2967 2334 3167 2402 ubique
3207 2335 3371 2388 citata

1791 2424 2019 2495 legatur.
2048 2423 2286 2480 [renatus
2315 2433 2521 2492 autem,
2553 2440 2743 2480 eorum
2776 2425 3022 2479 omnium
3054 2425 3374 2495 antiquissi-

1792 2533 1946 2583 mus,
1994 2518 2139 2573 illius
2182 2526 2443 2588 tanquam
2490 2519 2655 2573 unius
2698 2533 2869 2573 sacra:
2915 2516 3214 2589 Scripturte
3248 2520 3373 2574 libri

1791 2611 2117 2665 auctoritate
2154 2609 2240 2665 his
2275 2610 2456 2666 verbis
2486 2612 2659 2667 utitur
2684 2611 2704 2644 ⁷
2739 2610 2918 2666 :Bene
2938 2628 3060 2682 ergo
3092 2610 3374 2682 Scriptura

1790 2704 1920 2757 dicit
1944 2719 1962 2755 :
1991 2702 2175 2757 Primo
2203 2704 2438 2756 omnium
2464 2703 2614 2774 crede
2634 2704 2773 2774 quod
2802 2720 2938 2757 unus
2963 2712 3040 2757 est
3073 2703 3234 2771 Deus,
3262 2714 3368 2759 etc.

1791 2798 1946 2863 Quod
1981 2808 2127 2852 certe
2153 2798 2358 2852 indicio
2403 2808 2486 2852 est
2530 2780 2581 2851 in
2628 2812 2692 2852 ea
2743 2798 2914 2854 fuisse
2943 2797 3208 2854 [renatum
3251 2802 3372 2870 opi-

1791 2889 1956 2943 nione
1984 2888 2233 2945 eamdem
2266 2887 2701 2943 lucubrationem
2730 2890 2799 2943 ab
2827 2904 2938 2944 uno
2960 2907 3028 2944 ex
3069 2892 3333 2961 apostolis
3352 2931 3370 2960 ,

1789 2985 1875 3038 vel
1906 2984 2099 3039 saltem
2127 2985 2311 3054 aliquo
2342 2986 2594 3054 proximo
2622 3001 2811 3040 eorum
2837 3001 3176 3051 successore,
3201 2985 3372 3041 fuisse

116 3096 330 3161 sederet,
365 3098 492 3153 inde
525 3099 736 3154 czeteris
767 3074 1025 3154 omnibus
1050 3074 1270 3157 lacilius
1292 3111 1506 3173 poterat
1535 3105 1684 3159 hunc

1792 3074 2108 3145 profectam.
2139 3074 2409 3131 Eusebius
2431 3093 2562 3131 vero
2589 3078 2610 3107 ⁸
2637 3093 2746 3132 non
2784 3078 2958 3133 solum
2981 3079 3144 3132 citata
3181 3077 3369 3133 lrenaei

116 3186 301 3243 librum
330 3190 383 3244 in
420 3200 644 3245 exteras
670 3190 883 3245 mittere
905 3191 1193 3248 civitates?

177 3278 339 3335 Porro
386 3281 435 3335 si
489 3280 609 3335 haec
655 3280 962 3347 sententia,
990 3281 1078 3335 cui
1126 3281 1264 3335 nihil
1303 3281 1601 3339 adversans
1631 3294 1687 3339 et

116 3382 409 3441 repugnans
457 3370 698 3434 videtur,
749 3369 821 3425 sit
877 3385 1039 3437 vera,
1095 3371 1387 3426 dicendum
1439 3372 1685 3442 profecto

117 3460 206 3516 hos
242 3463 408 3519 libros
437 3463 511 3518 ab
541 3474 764 3518 auctore
795 3472 985 3518 nostro
1014 3473 1141 3518 ante
1176 3462 1339 3519 linem
1383 3466 1547 3535 primi
1579 3465 1684 3521 Ec-

116 3552 277 3609 clesia:
320 3557 509 3612 saeculi
541 3556 738 3610 editos.
785 3554 1039 3610 Clemens
1088 3556 1265 3623 enim,
1293 3556 1451 3625 juxta
1496 3568 1683 3627 poste-

116 3647 271 3703 riores
308 3648 794 3721 diligentioresque
835 3648 1075 3705 historiae
1115 3651 1448 3721 scriptores,
1482 3652 1685 3707 Roma-

115 3750 226 3791 nam
251 3740 428 3794 sedem
471 3741 711 3806 tenebat,
739 3741 881 3795 intra
917 3756 1091 3796 annos
1119 3741 1189 3794 67
1215 3751 1269 3797 et
1299 3742 1384 3811 76,
1420 3745 1501 3799 vel
1527 3744 1682 3813 juxta

114 3827 257 3889 alios.
303 3832 371 3887 ab
399 3847 550 3887 anno
578 3833 650 3887 9'5
677 3834 742 3887 ad
769 3850 976 3889 annum
1011 3831 1129 3903 l00,
1153 3849 1263 3906 quo
1292 3835 1346 3890 in
1377 3836 1684 3892 Chersone-

113 3931 221 3974 sum
249 3925 402 3978 exsul
429 3925 640 3980 missus
662 3932 765 3981 est.

176 4010 309 4068 Nulli
346 4019 512 4071 etiam
547 4017 863 4075 dubitamus
905 4018 1225 4089 scriptorem
1257 4026 1506 4074 nostrum
1536 4020 1684 4075 hunc

115 4116 222 4159 esse
249 4105 498 4164 Hermam
525 4108 685 4179 cujus
725 4125 923 4165 nomen
967 4110 1021 4165 in
1062 4121 1378 4166 sanctorum
1410 4110 1683 4182 Martyro-

116 4194 243 4264 logia
296 4200 557 4267 relatum,
617 4201 672 4255 in
729 4200 978 4256 Romano
1026 4202 1107 4257 sic
1134 4210 1378 4257 notatum
1432 4202 1678 4271 legitur:

117 4284 308 4355 Roma,
346 4294 520 4347 sancti
561 4291 812 4359 Hermaz,
854 4295 1006 4363 cujus
1058 4294 1327 4363 apostolus
1367 4292 1574 4347 Paulus
1623 4294 1681 4347 in

119 4376 340 4443 Epistola
360 4386 427 4438 ad
461 4385 723 4441 Romanos
750 4388 1006 4441 meminit.
1036 4388 1141 4440 Hic
1168 4387 1323 4457 digne
1343 4391 1679 4457 semetipsum

1789 3165 1953 3219 verba
1994 3166 2212 3232 retulit,
2244 3183 2435 3222 verum
2476 3169 2641 3223 etiam
2676 3170 2871 3222 librqu
2902 3167 3114 3224 Hermae
3150 3169 3219 3224 ab
3247 3169 3370 3223 aliis

1786 3273 2007 3328 quoque
2026 3299 2042 3325 ,
2072 3274 2212 3329 quos
2242 3261 2647 3315 vetustissimos
2668 3262 2931 3330 appellat,
2964 3262 3175 3316 laudari
3202 3270 3370 3316 testa-

1788 3361 1876 3405 tus
1906 3362 1989 3406 est
2014 3368 2028 3405 :
2069 3350 2429 3421 Comperimus
2448 3393 2464 3418 ,
2492 3353 2706 3422 inquit,
2734 3355 2990 3422 quosdam
3018 3368 3084 3406 ea:
3120 3354 3367 3408 cetastis-

1784 3444 1935 3497 simis
1990 3440 2427 3514 (παλαιοτάτων)
2472 3444 2817 3514 scriptoribus
2860 3446 3024 3514 ipsius
3069 3446 3368 3499 testimonio

1785 3552 1907 3591 usos
1950 3537 2134 3605 fuisse.
2167 3535 2380 3602 Quibus
2428 3552 2560 3591 sane
2586 3537 2767 3591 verbis
2809 3537 2898 3591 ille
2938 3537 3203 3607 quosdam
3238 3528 3369 3593 Cle-

1785 3637 1966 3685 mente
1987 3638 2040 3683 et
2066 3628 2272 3685 Irenaeo
2298 3631 2635 3701 antiquiores
2659 3630 2934 3686 indicasse
2956 3631 3233 3685 nonnullis
3254 3630 3369 3685 l'or-

1784 3723 1927 3776 sitan
1951 3722 2243 3777 videbitur.
2271 3721 2377 3779 Sed
2407 3724 2650 3794 quolibet
2682 3725 3021 3795 accipiantur
3044 3739 3231 3789 sensu,
3254 3739 3366 3778 non

1783 3814 2015 3870 obscure
2056 3815 2123 3871 iis
2170 3816 2515 3886 signiﬁcatur
2543 3816 2837 3872 Eusebium
2882 3817 2987 3873 sibi
3036 3832 3364 3885 persuasum

1786 3908 2041 3963 habuisse
2079 3908 2179 3963 bos
2220 3909 2389 3963 libros
2423 3910 2614 3978 prima:
2661 3918 2786 3979 post
2816 3924 3002 3963 sacras
3053 3907 3365 3979 Scripturas

1783 3997 1954 4054 fuisse
1976 3999 2031 4052 in
2065 3996 2310 4053 Ecclesia
2337 4000 2701 4083 antiquitatis:
2727 3998 2917 4070 Neque
2954 4009 3137 4055 tamen
3176 4000 3364 4055 d.een-

1782 4090 1913 4145 dum
1943 4090 2065 4145 illos
2108 4090 2340 4160 primam
2377 4088 2635 4146 Ecclesiae
2664 4094 3099 4161 persecutionem
3130 4107 3363 4161 praeces-

1782 4183 1951 4250 sisse,
1988 4182 2429 4253 quandoquidem
2480 4182 2535 4236 in
2584 4184 2775 4238 iisdem
2821 4184 3019 4238 libris“
3052 4185 3111 4237 lit
3156 4184 3363 4237 mentio

1783 4286 2083 4346 martyrum
2113 4275 2208 4345 qui
2246 4272 2357 4343 jam
2392 4276 2653 4344 perpessi
2685 4274 2904 4329 inerant
2947 4274 3088 4343 feras
3130 4273 3362 4344 bestias,

1782 4367 2016 4437 flagella,
2044 4383 2299 4434 carceres,
2337 4382 2536 4421 cruces.
2560 4368 2631 4420 At
2666 4384 2792 4422 vero
2818 4382 2942 4423 eum
2973 4369 3026 4421 in
3050 4368 3119 4422 iis
3143 4382 3363 4437 quoque

115 4475 429 4544 sacriﬁcam,
462 4480 903 4549 acceptabilisque
945 4480 1054 4533 Deo
1100 4480 1278 4533 hostia
1321 4479 1496 4549 factus
1518 4521 1535 4546 ,
1568 4482 1677 4533 vir-

1792 4436 1884 4515 ilia
1914 4462 2239 4531 persecutio,
2258 4476 2421 4529 quam
2447 4459 2798 4529 probabiliter
2822 4476 2942 4514 eam
2970 4472 3361 4530 esseputamus

115 4565 298 4621 tatibus
323 4568 497 4623 clarus
538 4572 771 4624 coelestia
806 4588 963 4641 regna
993 4572 1198 4641 petivit.

180 4653 364 4714 Verum
399 4672 591 4716 contra
633 4670 860 4731 tantam
885 4662 1047 4732 hujus
1087 4661 1189 4715 viri
1230 4659 1575 4716 sanctitatem
1604 4676 1670 4716 ea

1777 4570 1900 4624 qua:
1942 4568 1973 4607 a
2018 4551 2329 4608 Domitiano
2365 4566 2511 4605 anno
2542 4552 2610 4606 92
2641 4552 2874 4607 excitata
2908 4560 3019 4618 est,
3066 4552 3360 4607 imminens

1775 4647 2168 4717 praenuntietur
2188 4647 2253 4711 ιο,
2282 4646 2406 4701 inde
2429 4662 2536 4700 non
2568 4644 2806 4701 absurde
2830 4645 3054 4715 colligas
3083 4646 3186 4699 hoc
3218 4659 3359 4713 opus

111 4745 487 4810 dubitationem
520 4756 947 4827 scrupulumque
989 4755 1276 4823 injiciunt,
1312 4768 1435 4824 qua:
1473 4754 1540 4808 de
1583 4768 1671 4810 se-
1775 4741 1939 4811 P3Ul0
1977 4749 2101 4795 αῐιιθ
2127 4739 2271 4793 hunc
2300 4754 2526 4802 ³¹¹¹¹¹¹¹ηι
2553 4736 2962 4806 Clememelam
2994 4737 3049 4790 in
3078 4752 3357 4794 Summum

110 4843 323 4912 metipso
348 4849 552 4916 passim
589 4849 644 4903 in
685 4862 788 4903 suo
818 4848 956 4902 libro
994 4846 1287 4916 praedicat,
1330 4860 1389 4900 se
1430 4854 1670 4915 patrem-

114 4924 329 4987 familias
354 4933 544 5000 fuisse,
570 4935 663 5006 qui
690 4934 862 4989 nimia
893 4935 948 4989 in
982 4950 1207 4990 uxorem
1235 4944 1290 4990 et
1316 4935 1459 4990 lllios
1488 4935 1668 4989 indul-

110 5021 277 5081 εειιιία
305 5028 539 5093 peccatis
564 5042 757 5082 eorum
798 5043 906 5081 non
941 5027 1240 5095 obstiterit;
1286 5043 1455 5097 seque
1484 5028 1663 5097 ipsum

115 5113 265 5169 multa
317 5133 622 5190 magnaque
661 5134 958 5191 peccasse,
1002 5135 1104 5174 nec
1153 5119 1266 5175 lere
1306 5135 1549 5191 unquam
1598 5120 1665 5176 ad

112 5205 373 5293 veritatem
406 5211 672 5266 locutum.

170 5291 492 5367 Responderi
521 5311 700 5357 tamen
724 5311 900 5373 potest
920 5301 1176 5357 Hennam
1208 5316 1317 5355 non
1342 5302 1396 5356 in
1419 5318 1542 5370 sua,
1569 5305 1662 5359 sed

116 5382 163 5437 in
190 5389 407 5446 aliorum
436 5410 666 5465 persona
705 5397 819 5450 haec
846 5397 1031 5450 ontnia
1054 5395 1296 5461 dixisse;
1328 5405 1384 5449 ut
1410 5395 1501 5449 illo
1531 5396 1667 5450 seri-

1776 4834 2085 4904 pontiﬁcem
2115 4839 2399 4901 assumpto
2419 4870 2435 4898 ,
2466 4830 2535 4884 ab
2559 4828 2759 4884 licrma
2788 4829 3004 4899 scriptis
3039 4828 3210 4885 fuisse
3240 4838 3357 4885 tra-

1771 4928 1966 4982 ditum.

2315 5013 2711 5070 ARTICULUS
2753 5013 2818 5071 ν.

1951 5108 2095 5163 Nunt
2128 5110 2182 5162 lii
2212 5108 2336 5162 libri
2371 5108 2549 5163 Crwce
2578 5110 2807 5177 primum
2836 5109 3021 5176 scripti
3049 5110 3177 5165 sint.

1844 5200 1955 5257 llos
1995 5201 2243 5255 Pastoris
2287 5202 2455 5255 libros
2486 5217 2517 5255 a
2555 5200 2745 5255 Graeco
2787 5211 3043 5265 auctore,
3074 5211 3129 5257 et
3167 5203 3353 5257 Grzece

1771 5299 1946 5369 primo
1964 5296 2294 5364 compositos
2317 5295 2506 5361 fuisse,
2538 5296 2609 5349 ita
2642 5312 2739 5365 pro
2762 5310 2910 5350 certo
2930 5311 3119 5353 omnes
3148 5312 3348 5366 posue-

1772 5403 1921 5456 runt,
1950 5399 2008 5445 ut
2035 5390 2220 5449 nullus
2248 5405 2486 5458 unquam
2518 5389 2569 5443 id
2592 5390 2645 5442 in
2670 5390 3099 5445 controversiam
3126 5404 3350 5446 vocasse

178 5649 323 5720 ‘__t:ap.
352 5668 457 5716 xw,
487 5671 539 5708 v.
574 5654 659 5708 Η.
714 5652 870 5707 3Lib.
897 5669 953 5706 ιιι
984 5650 1216 5714 llistor.,
1239 5666 1359 5720 cap.
1385 5653 1437 5703 5.
1495 5650 1512 5680 ⁸
1537 5649 1605 5702 De
1630 5650 1877 5715 srriptor.
1908 5647 2200 5720 ecclesiast.
2268 5644 2597 5720 “Comment.
2635 5644 2686 5695 in
2713 5640 2888 5720 Epist.
2922 5639 3104 5720 Pauli.
3135 5635 3339 5720 n'laib.

119 5730 152 5769 tt
183 5717 394 5787 llistor.,
416 5740 532 5793 cap.
558 5726 646 5779 46.
728 5725 854 5777 "’lib.
888 5740 939 5777 IV
968 5722 1157 5777 Adrer.
1190 5717 1400 5785 turres,
1445 5740 1489 5777 ς.
1528 5720 1616 5773 37.

1694 5722 1825 5772 διιι).
1853 5736 1881 5773 ν
1912 5719 2143 5783 tlistor.,
2176 5732 2293 5785 cap.
2315 5716 2368 5768 8.
2442 5716 2572 5769 “lib.
2612 5732 2648 5784 t,
2676 5717 2777 5769 vis.
2810 5714 2862 5767 5.

2942 5714 2985 5744 ¹⁰
3009 5712 3111 5765 vis.
3134 5710 3170 5761 2
3197 5718 3251 5762 et
3285 5705 3340 5758 5.
