3822 6218
396 245 503 304 839

1790 242 1849 299 S.
1891 242 2197 301 HERMAS.

3608 258 3708 313 ει(

398 364 670 419 Videam“
721 360 799 419 Ea
847 371 1029 457 tamen
1078 376 1215 418 cum
1256 378 1371 457 qua
1415 362 1585 419 “bro”
1636 362 1982 457 illum“???
2011 368 2055 425 Α
2086 397 2256 453 purae,
2300 398 2403 439 nec
2441 384 2565 455 Styli
2608 385 2993 455 elegantioris;
3049 385 3147 442 sed
3190 384 3458 441 Barthius
3506 386 3708 457 plures

400 465 603 513 nostra:
630 455 1029 511 examinandos
1053 456 1428 526 suscepimus,
1460 472 1571 510 non
1602 456 1734 512 sinit
1762 466 1822 511 ut
1850 455 1985 511 illud

404 551 548 607 idem
571 550 796 606 omnino
814 549 1081 604 intactum
1102 548 1497 619 relinquamus.
1517 548 1856 619 Principuum
1885 550 1990 604 ita-

402 658 511 714 que
556 658 667 714 quo
726 642 779 696 id
822 641 1107 712 probetur,
1152 650 1535 710 argumentum
1577 657 1646 697 ex
1675 642 1761 698 bis
1796 640 1991 698 Hiero—

403 735 552 808 nymi
596 735 808 791 eruitur
846 732 1027 787 verbis
1050 732 1089 764 ¹¹
1125 750 1137 786 :
1180 732 1372 798 Multi,
1411 732 1623 803 inquit,
1657 732 1991 804 Scriptorum

402 837 631 881 veterum
679 826 744 880 de
794 842 853 880 eo
908 834 1296 896 usurpaverant
1344 826 1678 891 testimonia,
1712 827 1803 880 sed
1848 827 1992 896 apud

402 918 625 975 Latinos
649 936 776 989 pene
792 919 1003 988 ignotus
1027 929 1125 973 est.
1149 916 1355 973 Deinde
1378 916 1643 989 Origenes
1665 921 1719 973 in
1747 919 1989 991 publico,

402 1026 566 1082 quem
610 1010 753 1080 apud
794 1009 981 1064 ﬁdeles
1018 1009 1365 1065 Christianos
1412 1010 1685 1076 habebat,
1738 1026 1994 1067 sermone

402 1119 572 1159 unum
593 1102 814 1173 aliquod
838 1119 907 1158 ex
940 1102 1025 1158 his
1049 1102 1205 1159 libris
1228 1103 1731 1172 testimonium,sed
1754 1113 1996 1159 tantum-

400 1197 565 1252 modo
590 1196 961 1261 dimidiatum,
996 1194 1207 1267 profert
1232 1195 1296 1262 η,
1324 1195 1607 1251 auditores
1636 1196 1701 1251 .d
1727 1205 1995 1267 Ipsosmet

401 1290 604 1355 libros,
647 1288 792 1344 haud
842 1289 1009 1345 dubie
1050 1287 1309 1354 Graecos,
1354 1288 1447 1343 ubi
1502 1288 1711 1359 reliqua
1754 1289 1997 1360 legerent

401 1382 619 1437 mittere
658 1390 991 1437 contentus:
1032 1379 1267 1436 Potestis
1308 1380 1522 1451 quippe,
1554 1381 1836 1451 inquiebat
1880 1383 1993 1451 ille,

398 1466 569 1540 legere
595 1469 643 1523 si
672 1468 852 1523 vultis.
883 1468 1129 1540 Denique
1179 1470 1283 1525 hoc
1323 1483 1465 1539 opus
1510 1470 1687 1525 multo
1718 1472 1919 1543 saepius
1965 1489 1996 1527 a

400 1559 606 1618 Graecis
637 1558 896 1616 Patribus
928 1577 1092 1633 quam
1137 1576 1169 1616 a
1214 1560 1429 1618 Latinis
1474 1561 1755 1618 laudatum
1793 1573 1898 1621 est.
1928 1565 1999 1621 At

402 1668 598 1721 nemo,
630 1652 711 1707 uti
742 1653 961 1724 opinor,
1004 1653 1206 1709 librum
1260 1653 1475 1712 Latinis
1527 1671 1666 1727 pene
1709 1657 1956 1729 ignotum
1981 1717 1998 1743 ν

400 1744 606 1801 Graecis
634 1761 764 1801 vero
790 1760 900 1800 non
924 1744 1105 1801 doctis
1136 1753 1375 1813 tantum,
1400 1747 1493 1803 sed
1524 1748 1838 1820 quibusque
1863 1766 1990 1820 pas-

399 1837 502 1892 sim
554 1837 903 1893 notissimum
950 1844 1008 1891 et
1066 1837 1530 1908 usitatissimum,
1579 1838 1766 1896 Graece
1810 1840 1990 1911 primo

399 1928 663 1999 scriptum
697 1927 870 1985 fuisse
895 1928 1251 1986 inﬁciabitur.

469 2063 743 2120 Nonnulla
781 2074 965 2121 tamen
996 2075 1189 2122 contra
1235 2067 1351 2123 haec
1386 2069 1596 2136 omnia,
1627 2071 1992 2140 quantumvis

396 2157 577 2213 valida
620 2157 732 2212 sint
780 2165 1125 2227 argumenta,
1174 2157 1377 2228 opponi
1407 2160 1597 2230 utique
1627 2172 1879 2231 possunt.
1927 2161 1994 2218 Et

397 2249 578 2321 primo
626 2247 889 2320 quidem,
934 2250 1121 2304 omnia
1166 2247 1383 2306 Hermae
1412 2252 1564 2319 visa,
1616 2269 1730 2308 uno
1778 2264 1995 2310 tantum

396 2350 662 2410 excepto,
701 2338 889 2395 Romae
910 2340 995 2396 vel
1036 2340 1091 2396 in
1135 2341 1335 2398 vicinis
1366 2344 1614 2412 ejusdem
1658 2345 1813 2401 urbis
1858 2347 1997 2403 locis

397 2430 525 2485 data
554 2439 871 2487 narrantur.
915 2430 1122 2488 Deinde
1151 2449 1282 2489 vero
1312 2432 1544 2490 Hermas
1570 2436 1637 2490 de
1659 2436 1875 2507 jejunio
1917 2439 1999 2493 sic

398 2521 644 2593 loquitur
695 2522 738 2556 "
801 2540 818 2580 :
888 2522 1050 2578 Video
1096 2522 1471 2582 Pastorem....
1515 2528 1775 2583 dicentem
1813 2530 1947 2584 mihi
1976 2544 1999 2585 :

400 2611 545 2676 Quid
586 2623 696 2667 tam
735 2630 888 2669 mane
930 2615 1031 2669 huc
1071 2616 1301 2672 venisti?
1340 2616 1610 2688 Respondi
1643 2634 1663 2673 ς
1703 2619 1996 2686 Quoniam,

398 2705 631 2773 domine,
667 2709 953 2763 stationem
986 2708 1174 2766 habeo.
1210 2711 1354 2777 Quid
1393 2721 1506 2777 est,
1554 2714 1748 2785 inquit,
1786 2719 1950 2771 statio
1974 2720 2001 2772 2

400 2798 472 2853 Et
504 2800 621 2853 dixi
667 2814 685 2854 :
728 2800 1028 2871 Jejunium.
1082 2802 1153 2857 At
1196 2812 1346 2858 certe
1390 2805 1515 2874 quis
1546 2804 1773 2861 Graecus
1804 2818 1999 2863 auctor

400 2897 474 2951 ita
518 2911 762 2967 unquam
802 2898 1019 2953 locutus
1050 2907 1135 2953 est
1176 2917 1192 2955 :
1228 2898 1408 2955 Statio
1438 2911 1518 2955 est
1546 2902 1855 2973 jejunium?
1893 2905 1995 2963 Hic

398 2988 645 3060 profecto
688 2988 947 3059 loquendi
989 2990 1187 3046 modus
1228 3007 1339 3047 non
1370 2992 1600 3061 Graecis,
1638 2998 1733 3051 sed
1782 2996 1992 3054 Latinis

397 3058 660 3152 proprius
688 3058 1092 3153 peculiarisque
1121 3091 1234 3149 est,
1277 3086 1355 3139 uti
1387 3058 1596 3155 liquido
1626 3088 1899 3161 colligitur
1921 3106 1989 3147 ex
2019 3058 2061 3115 Ο

397 3175 742 3232 Tertulliano
767 3176 999 3247 aliisque
1032 3194 1173 3248 quos
1203 3180 1257 3233 in
1282 3179 1591 3237 doctissimi
1615 3182 1807 3255 Cangii
1838 3184 1993 3241 Glos-

398 3263 548 3320 sarlo
580 3264 649 3319 ad
679 3264 907 3319 verbum
947 3263 1126 3320 Statio
1149 3268 1346 3326 citatos
1384 3271 1645 3341 reperies.
1684 3272 1858 3330 Porro
1884 3292 1986 3331 au—

396 3368 507 3415 tem
532 3356 757 3411 minime
783 3370 884 3412 nos
904 3356 1031 3412 latet
1060 3357 1128 3413 ad
1152 3367 1444 3431 utramque
1466 3364 1733 3419 rationem
1762 3381 1994 3437 respon-

398 3450 515 3507 deri
569 3463 752 3519 posse,
801 3455 857 3503 et
904 3448 973 3503 ad
1027 3450 1263 3520 primam
1308 3451 1555 3522 quidem,
1603 3454 1727 3510 ideo
1756 3455 1987 3513 Romam

400 3542 615 3611 aliaque
663 3539 845 3595 vicina
887 3538 1009 3593 loca
1065 3538 1169 3595 hoc
1223 3540 1280 3595 in
1327 3541 1470 3598 libro
1501 3547 1821 3614 memorari,
1858 3550 2000 3619 quia

396 3637 592 3691 civitas
626 3641 747 3689 erat
787 3633 957 3687 totius
1001 3632 1152 3687 orbis
1191 3644 1375 3705 caput,
1419 3645 1585 3708 atque
1624 3639 1767 3708 apud
1794 3656 1988 3697 omnes

399 3724 853 3784 celebratissima.
906 3723 989 3778 Ad
1039 3726 1337 3781 secundam
1390 3743 1545 3795 vero,
1579 3730 1853 3801 objectum
1902 3734 1986 3788 lo-

399 3816 602 3888 quendi
630 3815 854 3871 modum
885 3815 1062 3870 solius
1096 3830 1217 3872 esse
1259 3818 1593 3890 interpretis,
1621 3822 1713 3893 qui
1745 3826 1987 3882 auctoris

399 3910 576 3966 Graeci
602 3910 768 3965 verba
795 3909 1039 3965 liberiori
1069 3910 1395 3981 paraphrasi
1439 3914 1700 3969 audacius
1742 3919 1989 3972 vertendi

400 4002 505 4058 sibi
531 4001 625 4073 jus
662 4002 959 4072 arrogavit.
1004 4001 1088 4057 An
1122 4011 1308 4057 autem
1346 4004 1430 4058 hae
1452 4007 1840 4075 responsiones
1863 4022 1988 4063 om-

398 4094 563 4151 nibus
590 4093 792 4151 faciant
814 4094 969 4160 satis,
1003 4094 1236 4149 aliorum
1264 4104 1387 4150 esto
1410 4096 1702 4166 judicium.

933 4228 1189 4285 ARTlCU
1199 4228 1335 4284 LUS
1364 4227 1452 4284 Vl.

400 4322 551 4380 Num
578 4325 745 4379 versio
785 4321 979 4379 Latina
1002 4323 1356 4447 sittbarbara,
1392 4332 1443 4377 et
1469 4322 1793 4380 Anastasius
1836 4323 1986 4380 illius

1029 4410 1075 4447 si
1133 4404 1340 4447 auctor.

1029 4404 1100 4447 stt
1133 4404 1340 4447 auctor.

469 4488 607 4544 Cum
637 4487 743 4542 hoc
760 4500 898 4556 opus
919 4484 1106 4541 Graece
1137 4487 1404 4555 scriptum
1428 4485 1669 4556 perierit,
1698 4486 1765 4542 de
1793 4496 1983 4542 aucto-

400 4582 477 4636 ris
530 4580 679 4635 illius
730 4577 873 4648 stylo
918 4576 1204 4632 dicendive
1245 4579 1563 4632 charactere
1605 4578 1743 4632 nihil
1785 4579 1919 4633 certi
1952 4595 1983 4633 a

400 4672 563 4729 nobis
592 4671 755 4727 statui
786 4679 986 4741 potest.
1018 4668 1093 4724 De
1119 4669 1238 4739 ejus
1278 4677 1461 4723 autem
1492 4667 1685 4725 Latina
1711 4670 1982 4740 interpre-

401 4763 605 4819 tatione
660 4778 769 4816 non
822 4776 1119 4831 possumus
1169 4758 1393 4815 Barthio
1445 4761 1663 4830 penitus
1701 4762 1981 4825 assentiri,

398 4854 493 4926 qui
520 4853 698 4924 primo
728 4852 807 4905 ait
837 4866 956 4905 eam
987 4859 1047 4905 ut
1074 4860 1200 4919 pote
1232 4852 1446 4904 mistam
1477 4850 1844 4919 barbarismis,
1886 4853 1983 4908 ha-

400 4946 587 5001 buisse
625 4941 1044 4997 semibarbarum
1095 4942 1485 4996 translatorem.
1530 4942 1933 5014 Secmtdoqnod
1963 4988 1979 5012 ,

402 5036 533 5090 mihi
559 5036 607 5089 si
648 5038 845 5101 censio,
884 5035 1047 5089 verba
1083 5033 1201 5105 ejus
1233 5043 1383 5101 sunt,
1424 5036 1600 5100 detur,
1633 5037 1981 5089 Anastasium

402 5128 876 5185 Bibliotherarium
900 5128 1057 5197 hujus
1090 5126 1458 5181 translationis
1490 5137 1757 5181 auctorem
1779 5129 1976 5194 dicant,

403 5223 555 5292 cujus
604 5232 815 5275 exstant
862 5220 998 5273 clam
1056 5219 1335 5289 palamque
1373 5218 1564 5273 similis
1608 5221 1888 5274 industriae
1928 5230 1977 5274 et

400 5315 703 5384 scriptionis
726 5324 1062 5365 monumenta
1084 5311 1149 5366 “.

468 5406 747 5474 Quanlum
774 5404 920 5459 enim
948 5405 1015 5459 ad
1038 5404 1300 5473 primum,
1326 5418 1436 5458 non
1460 5403 1749 5458 diﬁitemur
1780 5404 1974 5459 horum

402 5499 812 5554 tzanslationem
842 5497 1107 5553 librorum
1132 5512 1240 5551 non
1268 5510 1390 5552 esse
1413 5495 1725 5551 Latinitatis
1753 5499 1977 5554 omnino

474 5621 515 5651 υ
539 5618 610 5673 De
639 5620 882 5687 scriptor.
918 5616 1099 5687 eccles.
1182 5618 1222 5649 ¹¹
1246 5617 1390 5671 hom.
1426 5616 1512 5678 i5,
1539 5618 1594 5670 in
1619 5615 1883 5672 Ezechiel.

396 5684 439 5719 ⁸⁸
476 5689 717 5761 Exposit.
746 5684 805 5743 in
832 5686 1013 5761 Symb.
1040 5697 1211 5761 apost.
1292 5687 1443 5741 “lib.
1475 5704 1535 5742 ιι.

2088 473 2359 529 dictiones
2406 473 2548 529 inter
2591 475 2969 533 barbarismos
3015 484 3282 541 recenset,
3342 491 3498 545 quas
3560 478 3711 545 apud

2089 566 2385 636 scriptores
2430 567 2704 636 politioris
2760 569 3044 639 elegantiae
3098 568 3338 637 reperire
3372 575 3492 622 est.
3542 566 3710 633 Quod

2088 672 2222 714 vero
2260 658 2329 713 ad
2358 659 2660 714 secundum
2698 670 2929 730 spectat,
2960 662 3086 715 inde
3118 659 3241 715 falsi
3273 660 3364 713 ille
3398 660 3710 714 convinci-

2091 759 2202 819 tur,
2254 752 2402 821 quod
2446 753 2607 824 longe
2652 753 2903 823 pluribus
2930 763 3056 809 ante
3086 752 3447 807 Anastasium
3478 752 3713 807 seculis

2092 843 2343 913 quaedam
2369 844 2536 915 hujus
2564 844 2773 900 Latina:
2797 846 3265 916 interpretationis
3287 846 3493 909 verba,
3512 844 3711 914 qualia

2092 938 2147 991 in
2171 952 2233 992 ea
2268 937 2385 1007 ipsa
2428 938 2723 1003 habentur,
2761 954 2794 993 a
2825 936 3165 993 Tertulliano
3189 937 3539 1007 transcripta
3578 936 3713 1006 legi-

2093 1041 2237 1083 mus.
2277 1025 2465 1099 Neque
2500 1028 2706 1085 dixeris
2737 1029 2884 1085 hunc
2911 1029 3136 1093 librum,
3172 1036 3232 1083 ut
3257 1044 3431 1097 supra
3476 1027 3713 1081 monui-

2093 1134 2240 1186 mus,
2294 1128 2543 1191 tempore
2574 1120 2899 1192 Hieronymi
2951 1120 3197 1190 ignotum
3238 1118 3416 1174 fuisse
3456 1118 3711 1181 Latinis,

2094 1212 2260 1283 idque
2309 1223 2636 1283 argumento
2683 1228 2806 1269 esse
2854 1213 3007 1267 illum
3050 1212 3293 1267 nondum
3332 1220 3474 1264 tunc
3508 1209 3714 1264 Latine

2096 1310 2389 1365 redditum.
2419 1309 2556 1367 Nam
2590 1310 2764 1367 futilis
2792 1320 2847 1365 et
2874 1325 3013 1364 vana
3037 1318 3123 1364 est
3154 1308 3270 1362 haec
3308 1305 3711 1367 ratiocinatio,

2096 1403 2541 1475 quandoquidem
2581 1405 2673 1459 hic
2719 1403 2857 1459 liber
2901 1419 3011 1457 non
3058 1412 3268 1457 tantum
3320 1398 3713 1461 Tertulliano,

2097 1496 2193 1566 qui
2236 1494 2569 1567 Hieronymo
2604 1494 2883 1566 antiquior
2905 1503 3028 1561 est,
3061 1492 3385 1549 notissimus
3416 1490 3575 1554 fuit;
3616 1502 3712 1541 ve-

2099 1603 2223 1643 rum
2272 1589 2438 1643 etiam
2470 1587 2669 1644 Ruﬁno
2709 1598 2765 1644 et
2799 1587 3091 1652 Cassiano,
3136 1586 3313 1642 eidem
3351 1583 3713 1653 Hieronymo

2032 1718 2076 1773 Β
2103 1680 2305 1773 coaevis
2325 1688 2379 1737 et
2399 1682 2750 1751 supparibus,
2780 1682 2876 1751 qui
2902 1680 3049 1735 hunc
3072 1679 3271 1734 librum
3295 1676 3505 1747 procul
3532 1674 3712 1729 dubio

2101 1770 2296 1830 Latine
2324 1773 2738 1845 interpretatum
2760 1773 3031 1828 viderunt.

2617 1882 3017 1939 ARTICULUS
3046 1881 3162 1939 VH.

2509 1977 2654 2033 Num
2675 1980 2743 2033 sit
2767 1988 2977 2033 tantum
3004 1977 3249 2047 epitome.

2168 2070 2418 2129 Tertium
2454 2071 2606 2128 addit
2628 2070 2907 2137 Barthius,
2935 2069 3150 2125 ceteris
3178 2081 3434 2138 peraeque
3460 2064 3701 2127 falsum,

2094 2166 2306 2223 scilicet
2353 2167 2456 2223 hos
2509 2166 2682 2221 libros
2723 2164 2917 2219 Latine
2954 2162 3197 2218 redditos
3235 2160 3542 2231 quamdam
3572 2166 3701 2210 tau-

2098 2260 2385 2315 tummodo
2407 2275 2533 2315 esse
2554 2258 2737 2315 Graeci
2769 2267 2951 2313 textus
2976 2257 3273 2326 epitomen,
3298 2254 3355 2307 in
3377 2268 3493 2323 qua
3522 2251 3698 2305 inter-

2098 2366 2224 2422 pres
2260 2352 2431 2407 multa
2460 2352 2703 2406 auctoris
2727 2349 2902 2405 Graeci
2926 2348 3095 2403 verba
3123 2347 3305 2402 sciens
3327 2344 3697 2415 prudensqne

2097 2444 2533 2515 praetermiserit.
2578 2442 2736 2499 Unde
2781 2442 2930 2497 enim
2975 2441 3030 2496 id
3076 2437 3326 2509 probabit
3383 2432 3698 2488 Barthius!

2095 2536 2357 2607 Nunquid
2405 2552 2518 2608 prae
2580 2535 2838 2591 manibus
2886 2532 3081 2589 habuit
3139 2531 3390 2587 Graecum
3450 2526 3699 2596 hujusce

2095 2627 2277 2698 operis
2297 2627 2601 2697 exemplar,
2629 2640 2866 2697 quocum
2890 2623 3142 2679 Latinam
3174 2617 3697 2689 interpretationem

2096 2719 2766 2791 composueritiminime
2805 2717 3073 2788 gentium.
3114 2714 3315 2770 Contra
3363 2725 3499 2765 vero
3547 2708 3699 2761 inte-

2098 2829 2254 2883 grum
2288 2812 2343 2866 in
2378 2812 2469 2865 illa
2492 2810 2827 2878 minimeque
2867 2805 3121 2861 mutilum
3145 2816 3286 2872 Opus
3319 2796 3593 2854 contineri
3621 2809 3697 2849 eo

2098 2904 2401 2959 luculenter
2447 2902 2876 2965 demonstratur,
2912 2897 3060 2967 quod
3103 2893 3288 2950 omnia
3338 2889 3699 2951 testimonia,

2097 3009 2220 3065 quae
2263 3008 2395 3049 sane
2436 2993 2594 3062 pl-ura
2646 2999 2795 3055 sunt,
2828 2990 2898 3044 ab
2928 2985 3286 3057 scriptoribus
3328 2998 3397 3037 ex
3442 2979 3696 3050 ipsoeo—

2093 3087 2216 3141 dem
2249 3085 2483 3155 prolata,
2524 3083 2578 3137 in
2612 3097 2677 3137 ea
2708 3081 3073 3151 reperiantur.

2164 3176 2255 3241 At,
2288 3176 2525 3245 inquies,
2556 3189 2727 3228 unum
2760 3188 2826 3227 ex
2864 3172 2968 3227 hac
2998 3167 3463 3225 commentatione
3495 3163 3691 3218 locum

2094 3269 2287 3324 retulit
2314 3266 2569 3321 Clemens
2599 3261 3029 3325 Alexandrinus,
3065 3258 3226 3328 cujus
3273 3256 3465 3310 Latina
3512 3255 3691 3308 verba

2093 3359 2203 3413 illic
2225 3357 2432 3413 lrustra
2453 3355 2762 3427 quaesieris.
2788 3352 2895 3408 Sed
2920 3352 2974 3406 id
3004 3352 3212 3406 frustra
3237 3347 3522 3417 objicitur.
3542 3344 3689 3399 Nam

2091 3451 2426 3507 Clementem
2451 3464 2559 3503 non
2587 3447 2835 3503 auctoris
2859 3444 3047 3511 verba,
3076 3443 3173 3498 sed
3199 3451 3433 3495 mentem
3458 3455 3530 3494 ac
3552 3455 3690 3493 sen-

2093 3557 2241 3605 sum,
2283 3540 2432 3611 quod
2456 3539 2653 3608 ,solum
2700 3537 3030 3603 intenderat,
3067 3535 3144 3590 ibi
3171 3533 3423 3590 retulisse
3449 3534 3687 3602 planum

2092 3644 2180 3690 cst
2209 3642 2263 3689 et
2296 3632 2673 3703 perspicuum.

2586 3739 2989 3798 ARTICULUS
3031 3738 3168 3795 Vlll.

2526 3836 2603 3891 De
2627 3835 2783 3889 titulo
2807 3834 3025 3903 hujusce
3053 3834 3245 3901 operis.

2146 3931 2260 3989 Hoc
2274 3948 2413 4004 Opus
2432 3933 2682 4004 pluribus
2702 3934 2980 4005 variisque
2998 3935 3170 3989 titulis
3190 3933 3257 3988 ab
3276 3930 3521 4001 antiquis
3539 3945 3679 3984 δρη-

2090 4026 2340 4097 ptoribus
2368 4034 2721 4096 praenotatur.
2754 4024 2983 4082 Ruﬁnus
3007 4027 3206 4082 etenim
3234 4025 3327 4080 ubi
3367 4039 3463 4079 eos
3496 4022 3675 4076 libros

2094 4126 2399 4182 enumerat,
2426 4117 2520 4186 qui
2555 4126 2823 4171 vocantur
2854 4134 2887 4170 a
2917 4116 3208 4185 majoribus
3245 4132 3347 4169 non
3390 4114 3671 4173 canonici.

2090 4208 2181 4263 sed
2220 4209 2597 4271 ecclesiastici,
2644 4209 2710 4262 de
2742 4209 2836 4261 illo
2877 4209 2958 4263 sic
2998 4209 3240 4276 loquitur
3280 4209 3323 4240 ¹⁸
3360 4225 3375 4261 :
3412 4204 3480 4260 In
3518 4204 3676 4259 Novo

2095 4299 2429 4353 Testamento
2458 4295 2669 4350 libellus
2690 4296 2782 4364 qni
2808 4294 3007 4346 dicitur
3021 4291 3263 4347 Pastoris
3279 4292 3387 4345 sive
3416 4289 3673 4348 Hermas.

1994 4391 2062 4454 ιι)
2087 4390 2179 4459 qui
2219 4386 2519 4458 appellatur
2548 4398 2569 4438 :
2606 4384 2737 4439 Duae
2768 4384 2869 4437 via:
2901 4383 2978 4437 vel
3012 4382 3278 4452 judicium
3307 4377 3480 4436 Petri.
3529 4382 3673 4448 Quid

2089 4482 2193 4537 sibi
2230 4481 2317 4535 his
2363 4477 2543 4533 verbis
2588 4477 2677 4531 ille
2714 4476 2865 4542 velit,
2901 4475 3166 4529 attentius
3197 4474 3671 4544 perpendendum.

2090 4572 2330 4628 Libellus
2375 4571 2521 4627 enim
2569 4568 2811 4623 Pastoris
2848 4566 3106 4636 appellari
3163 4581 3270 4619 non
3308 4574 3492 4635 potest
3538 4566 3673 4620 Dure

2088 4668 2206 4733 viae,
2230 4676 2345 4720 tum
2380 4664 2507 4735 quia
2532 4662 2669 4719 sexti
2692 4671 2901 4716 tantum
2933 4660 3176 4714 mandati
3208 4658 3364 4712 initio
3396 4659 3440 4689 ¹⁸
3470 4659 3538 4713 de
3572 4660 3670 4715 hoc

2089 4765 2413 4829 argumento
2459 4755 2774 4820 disseritur,
2841 4760 3009 4821 atque
3073 4750 3230 4820 plura
3276 4751 3382 4804 alia
3437 4761 3557 4804 toto
3599 4750 3668 4803 'in

2088 4865 2251 4921 opere
2276 4855 2622 4915 tractantur;
2660 4856 2776 4901 tum
2807 4847 2935 4917 quia
2963 4847 3103 4901 alius
3133 4846 3361 4901 omnino
3387 4855 3475 4902 est
3501 4848 3668 4901 totius

2087 4945 2267 5014 operis
2299 4956 2518 5010 scopus.
2550 4940 2737 5010 Neque
2758 4941 2921 4995 etiam
2944 4940 3168 4995 inscribi
3201 4949 3383 5009 potest
3397 4940 3667 5008 judicium

2090 5034 2236 5088 Petri
2268 5047 2286 5087 :
2322 5033 2425 5087 hac
2457 5032 2657 5101 quippe
2680 5032 2747 5086 de
2779 5045 2839 5085 re
2867 5030 3002 5085 nihil
3026 5031 3079 5084 in
3111 5030 3197 5085 his
3222 5030 3661 5087 librisinvenias.

2088 5127 2321 5196 Aliquod
2363 5126 2528 5195 igitur
2559 5126 2814 5178 mendum
2854 5124 2907 5176 in
2946 5122 3127 5177 Ruﬁni
3166 5132 3373 5179 textum
3420 5125 3660 5194 irrepsit,

2088 5221 2170 5273 vel
2194 5219 2340 5273 illius
2364 5217 2546 5271 verbis
2561 5216 2671 5271 duo
2700 5226 2795 5270 aut
2826 5224 2935 5271 tres
2957 5215 3159 5270 diversi
3184 5218 3305 5270 libri
3329 5218 3658 5276 indicantur.

2089 5310 2302 5365 Primus
2359 5311 2568 5382 quidem
2625 5308 2834 5362 libellus
2876 5309 2966 5378 qui
3028 5310 3230 5363 dicitur
3264 5309 3551 5379 Pastoris,
3600 5315 3663 5369 de

2084 5422 2195 5476 quo
2223 5405 2337 5475 jam
2383 5402 2601 5473 questio
2643 5402 2894 5455 habetur.
2943 5402 3229 5458 Secundus
3276 5415 3360 5459 est
3404 5405 3657 5474 libellus;

2086 5499 2201 5553 haec
2230 5498 2378 5552 enim
2425 5511 2532 5550 vox
2578 5494 2785 5549 libellus
2837 5494 2979 5547 forte
3024 5496 3309 5553 subaudiri
3348 5498 3544 5565 debet;
3598 5501 3661 5555 1i-

2000 5619 2218 5676 ”sitnil.
2254 5618 2306 5674 5.
2387 5614 2727 5670 “Animadt'.
2756 5613 2823 5669 ad
2858 5611 3070 5669 Ilecmw
3104 5610 3316 5667 Pastor.
3374 5612 3509 5667 circ.
3542 5612 3654 5669 init.
