3822 6218
108 289 229 342 841

112 503 292 557 cium
326 501 508 567 Petri;
544 502 648 556 nisi
685 517 781 572 per
811 504 872 557 τὸ
899 504 1174 559 Iudicium
1217 507 1366 561 Petri
1401 509 1595 564 tertius
1621 507 1736 564 for-

110 601 292 647 tasse
325 591 463 646 liber
499 589 819 661 designetur
842 631 858 654 ,
900 591 1058 660 cujus
1088 590 1453 663 Hieronymus
1494 592 1578 647 his
1609 609 1736 648 ver-

110 683 219 739 bis
258 682 519 737 meminit
554 682 633 736 ιτς
665 681 898 748 Quintus
943 681 1217 739 Judicium
1244 683 1388 739 Petri
1432 686 1570 739 inter
1608 703 1737 755 apo-

109 777 374 846 cryplzas
406 777 724 847 scripturas,
769 777 836 832 de
872 791 985 846 quo
1012 775 1144 831 alibi
1180 778 1342 832 nobis
1382 778 1487 832 erit
1519 778 1734 834 dicendi

109 869 318 924 locus.

203 959 488 1016 Usitatior
521 962 751 1032 hujusce
775 962 962 1032 Operis
994 962 1309 1033 epigraphe,
1337 978 1566 1034 quaeque
1590 964 1731 1033 apud

105 1055 401 1122 alitiquos
455 1055 753 1124 scriptores
800 1065 855 1110 et
907 1055 1250 1125 frequentius
1284 1066 1338 1111 et
1375 1058 1574 1127 potiori
1608 1059 1734 1128 jure

108 1145 409 1211 occurrit,
463 1155 547 1200 est
595 1145 796 1199 Pastor
835 1147 922 1200 vel
963 1145 1121 1201 Liber
1169 1147 1436 1204 Pastoris.
1472 1148 1731 1205 Hermam

107 1236 424 1290 enimvero
449 1235 502 1288 in
533 1236 778 1291 secundo
815 1245 869 1289 et
909 1237 1070 1290 tertio
1098 1237 1240 1291 libro
1273 1237 1467 1294 Pastor
1498 1240 1702 1310 alloqui

110 1334 223 1380 tur
252 1335 311 1380 et
341 1327 626 1393 informat,
663 1327 851 1396 illique
883 1327 1125 1382 visiones
1148 1329 1274 1383 libri
1307 1332 1492 1400 primi,
1529 1332 1582 1385 in
1613 1332 1730 1402 pri-

109 1419 236 1474 mis
265 1435 399 1474 vero
424 1421 640 1474 tertiam
671 1421 924 1476 euucleat
963 1430 1017 1475 et
1039 1425 1236 1490 aperit.
1488 1433 1492 1436 '

199 1508 461 1579 Denique
506 1510 650 1565 idem
693 1527 834 1581 opus
880 1512 1107 1566 nomine
1152 1513 1400 1568 auctoris
1431 1515 1728 1586 aliquando

105 1603 445 1673 appellatur
469 1602 726 1672 Hermas,
777 1615 874 1659 aut
905 1604 1154 1670 Hermes,
1197 1607 1360 1662 unius
1388 1607 1582 1662 litterae
1607 1625 1730 1663 mu-

109 1698 343 1752 tatione
372 1712 401 1750 a
454 1697 694 1753 librariis
728 1697 902 1765 facta;
941 1699 1045 1765 vel,
1082 1709 1144 1754 ut
1169 1700 1425 1755 observat
1453 1700 1726 1770 Labbeus,

1392 288 1668 346 PASTOR
1680 332 1693 344 .
1726 322 1792 333 —
1820 291 2186 354 PROQ-Ibin.

110 411 344 473 bellus,
379 411 627 478 inquam,
663 413 753 480 qui
783 411 1117 481 appellantur
1154 413 1282 468 Duae
1313 413 1442 481 Viae,
1475 416 1553 470 vel
1582 415 1737 470 .Iudi-
1758 412 1803 464 Α

3325 314 3431 369 822

2391 413 2791 472 ARTICULUS
2822 415 2865 468 Χ

1986 507 2132 572 Quid
2165 508 2230 562 de
2258 509 2339 563 his
2367 509 2521 566 libris
2552 514 2759 583 antiqui
2783 512 2975 568 Patres
3006 527 3282 579 senserint,

1911 597 2141 663 Quantae
2193 601 2538 671 antiquitatis
2580 604 2691 659 sint
2733 605 2789 659 hi
2839 605 2965 659 libri
3005 606 3120 676 jam
3148 610 3429 669 vidimus:

1838 688 1971 756 quid
2002 704 2135 743 vero
2174 690 2393 765 de’illis
2441 694 2716 749 senserint
2753 697 2964 765 antiqui
3007 697 3218 767 Patres,
3249 705 3430 774 quod-

1837 795 1943 848 que
1990 780 2057 834 de
2105 782 2296 837 iisdem
2349 785 2621 852 judicium
2667 786 2797 842 ferri
2850 789 3066 858 debeat,
3126 809 3274 849 nunc
3300 795 3427 849 dili-

1837 877 2053 948 gentius
2072 878 2487 948 inquirendum.
2515 880 2753 937 lrenzeus
2780 885 2967 954 itaque
2987 887 3029 918 ⁸⁸
3060 887 3272 941 videtur
3306 889 3429 945 illos

1840 979 1897 1023 ut
1927 986 2113 1025 sacros
2142 973 2344 1027 divinae
2371 972 2669 1044 Scripturre
2702 977 2918 1032 codices
2959 979 3184 1035 laudare
3218 999 3233 1035 :
3260 981 3424 1048 Bene,

1836 1060 2037 1130 inquit,
2079 1067 2444 1133 pronuntiavit
2482 1067 2784 1138 Scriptura,
2833 1087 2951 1140 qua:
2993 1073 3125 1126 dicit
3173 1089 3191 1128 :
3236 1074 3428 1132 Primo

1835 1152 2071 1205 omnium
2102 1155 2252 1208 crede
2278 1197 2294 1222 ,
2335 1168 2443 1212 etc.
2480 1156 2635 1212 Unde
2669 1159 2942 1216 Eusebius
2982 1163 3049 1217 de
3088 1166 3279 1220 eodem
3310 1167 3426 1222 Ire-

1835 1261 1954 1300 naeo
1993 1249 2185 1304 scribit
2219 1251 2264 1282 ¹⁰
2308 1270 2320 1306 :
2357 1251 2514 1306 Liber
2549 1253 2796 1309 Pastoris
2826 1273 2927 1310 non
2955 1259 3124 1312 solum
3152 1262 3218 1313 ab
3248 1279 3307 1314 eo
3335 1278 3425 1315 co-

1833 1338 2010 1408 gnitus
2033 1380 2048 1405 ,
2078 1342 2168 1393 sed
2207 1343 2368 1396 etiam
2403 1361 2719 1414 magnopere
2746 1347 3066 1416 approbatus
3092 1361 3167 1404 est
3201 1351 3282 1405 his
3311 1369 3428 1406 ver-

1833 1429 1913 1482 bis
1939 1444 1958 1482 :
1986 1429 2128 1484 Bene
2167 1430 2451 1503 Scriptura
2476 1476 2492 1501 ,
2536 1445 2645 1491 etc.
2701 1435 2813 1492 Nec
2857 1439 2961 1494 alia
2996 1457 3130 1496 sane
3161 1442 3264 1497 fuit
3301 1444 3426 1500 Cle-

1832 1527 2036 1582 mentis
2088 1528 2448 1585 Alexandrini
2494 1534 2765 1588 sententia
2800 1535 2844 1566 “
2870 1577 2884 1599 ,
2937 1538 3031 1607 qui
3062 1539 3223 1594 simili
3261 1543 3424 1596 modo

1832 1618 1909 1671 ait
1937 1637 1950 1672 :
1984 1618 2170 1674 Divine
2212 1639 2334 1692 ergo
2361 1624 2528 1677 virtus
2571 1625 2670 1679 illa
2699 1644 2816 1697 quis
2854 1627 3066 1684 llermte
3096 1633 3332 1702 loquitur
3368 1636 3424 1688 in

1833 1711 2168 1779 reuelatione,
2194 1714 2366 1777 Θείως
2393 1715 2570 1769 τοίνυν
2591 1720 2624 1788 ἡ
2654 1717 2886 1790 δυνάμις
2911 1721 3037 1792 ἡτῴ
3072 1721 3251 1795 Ἑρμᾷ
3280 1725 3420 1780 κατὰ

122 1787 601 1859 Ἐρμᾶςηηυιεια
626 1792 1162 1859 duntaxatdialeete,
1180 1791 1360 1847 dictus
1389 1801 1472 1847 est
1499 1792 1703 1866 Ἐρμῆς

1882 1802 2173 1872 ποκάλυψιν
2225 1803 2478 1860 λαλοῦσα.
2526 1787 2802 1880 Origenes
2833 1787 3020 1865 autem
3059 1787 3238 1868 de'eo'
3283 1817 3424 1870 libro

109 1879 277 1937 Vero
319 1893 503 1938 tamen
554 1887 790 1942 similius
833 1896 916 1942 est
959 1885 1238 1953 llermam,
1282 1901 1409 1942 cum
1442 1891 1725 1959 proprium

107 1989 332 2030 nomen
390 1979 540 2048 operi
595 1995 697 2035 suo
753 1979 1034 2050 praefigere
1074 1983 1266 2046 nollet,
1317 1983 1447 2038 illud
1500 1983 1726 2039 inscribi

109 2066 381 2122 voluisse
427 2069 532 2126 hac
561 2071 860 2141 epigraphe
890 2071 1090 2126 Pastor
1130 2074 1216 2128 vel
1250 2073 1411 2129 Liber
1455 2074 1722 2130 Pastoris.

108 2159 477 2218 Tertulliano
507 2164 870 2221 nihilominus
900 2167 1017 2222 haec
1046 2168 1336 2239 inscriptio
1360 2185 1468 2224 non
1497 2169 1726 2224 omnino

110 2258 352 2327 probari
385 2258 618 2315 videtur.
659 2261 752 2314 Ait
782 2261 985 2331 quippe
1014 2261 1054 2292 ¹⁸
1089 2278 1103 2313 :
1141 2262 1371 2316 Hermas
1401 2263 1554 2332 cujus
1585 2265 1724 2317 scri-

109 2359 278 2420 ptum
316 2350 425 2418 fere
466 2349 660 2405 Pastor
704 2352 1040 2407 inscribitur.
1085 2351 1287 2408 Verum
1330 2354 1593 2408 credibile
1641 2364 1726 2410 est

111 2441 286 2495 illum
339 2441 482 2496 hanc
515 2442 843 2512 particulam
879 2444 988 2513 fere
1017 2485 1030 2510 ,
1086 2444 1138 2499 id
1188 2454 1272 2499 est
1314 2444 1429 2500 fere
1483 2462 1721 2516 semper.

111 2534 253 2589 ideo
289 2534 605 2599 addidisse,
643 2536 770 2605 quia
806 2538 947 2605 apud
989 2538 1287 2593 nonnullos
1324 2539 1464 2593 alios
1491 2541 1725 2611 scripto-

112 2643 215 2681 res
247 2627 355 2680 hec
383 2643 520 2697 opus
556 2628 666 2683 alio
699 2630 938 2698 quodam
975 2631 1154 2694 titulo,
1188 2630 1334 2701 quod
1359 2631 1579 2700 quidem
1611 2648 1720 2686 non

112 2734 415 2789 negamus,
441 2719 737 2791 aliquando
769 2723 1202 2790 przenotabatur.

661 2835 1063 2891 ARTICULUS
1095 2835 1187 2891 IX.

196 2927 278 2982 De
310 2928 470 2998 hujus
511 2945 684 2999 operis
713 2930 990 2993 divisione,
1031 2930 1298 3012 capitibus
1321 2940 1374 2984 et
1410 2931 1650 3000 capitunt

750 3014 1095 3071 argumentis.

195 3089 254 3144 In
303 3094 696 3165 manuscriptis
736 3093 1023 3147 codicibus
1062 3090 1122 3148 S.
1154 3091 1416 3148 Germani
1445 3111 1477 3150 a
1512 3092 1716 3161 Pratis,
1746 3139 1788 3196 ϐ

111 3183 440 3238 Colhertino
471 3194 527 3238 et
564 3185 712 3250 aliis,
737 3199 839 3239 nec
878 3199 988 3238 non
1038 3185 1091 3238 in
1134 3187 1414 3256 prioribus
1447 3187 1609 3242 editis
1635 3187 1720 3241 lu-

115 3277 378 3331 cubratio
438 3277 546 3332 ista
597 3277 964 3332 inscribitur:
1009 3275 1167 3330 Liber
1212 3276 1479 3344 Pastoris,
1541 3280 1718 3332 nuntii

115 3368 469 3437 partitentite,
513 3369 608 3423 sed
647 3367 844 3421 nullibi
885 3383 1130 3437 unquam
1172 3369 1226 3422 in
1260 3378 1371 3423 tres
1411 3369 1578 3424 libros
1607 3369 1720 3424 dis-

117 3461 405 3516 tribuitur.
439 3459 496 3513 ln
526 3461 768 3515 editione
796 3459 1018 3515 llenrici
1052 3458 1340 3530 Stephani,
1380 3477 1525 3515 anno
1554 3461 1715 3527 1515,

120 3553 269 3608 idem
300 3569 365 3607 ac
395 3553 450 3606 in
477 3553 870 3622 manuscriptis
893 3562 976 3608 est
1000 3554 1194 3608 titulus
1221 3572 1235 3608 :
1260 3563 1315 3608 at
1341 3555 1467 3608 libri
1489 3555 1716 3609 secundi

118 3646 286 3702 initio
314 3646 660 3700 continenter
695 3655 750 3699 et
788 3645 1000 3715 absque
1041 3647 1150 3700 ulla
1181 3646 1451 3702 divisione
1479 3649 1711 3718 legitur:

120 3737 205 3792 De
238 3739 505 3792 mandatis
547 3756 579 3790 a
629 3737 889 3804 Pastore,
941 3738 1129 3809 angelo
1176 3740 1521 3808 poenitentite.
1569 3740 1714 3794 Visio

119 3833 332 3899 quinta,
357 3841 463 3884 etc.
504 3828 692 3900 Neque
718 3829 884 3883 etiam
918 3831 1296 3898 antiquissimi
1334 3829 1523 3886 Patres
1545 3831 1713 3887 ullam

117 3917 351 3987 hujusce
388 3918 573 3988 operis
612 3919 666 3971 in
701 3926 811 3972 tres
851 3918 1022 3973 libros
1055 3919 1384 3975 divisionem
1418 3936 1711 3991 agnovere.

115 4009 209 4062 Ab
233 4007 462 4079 Origene
503 4010 801 4080 siquidem,
842 4009 1206 4076 Tertulliano,
1239 4012 1566 4081 Athanasio,
1599 4012 1714 4068 Bu-

120 4102 258 4166 lino,
289 4100 556 4158 Cassiano
589 4114 816 4157 vocatur
846 4102 1027 4172 Liber,
1061 4106 1145 4161 vel
1175 4104 1411 4161 Libellus
1440 4107 1710 4174 Pastoris,

119 4192 422 4262 Scriptura,
449 4193 533 4248 vel
562 4190 860 4263 Scriptura.

196 4285 457 4342 Praeterea
515 4286 568 4340 in
618 4287 814 4342 iisdem
861 4288 1258 4358 manuscriptis
1300 4289 1457 4344 libris
1483 4300 1538 4344 ct
1569 4289 1711 4344 anti-

117 4379 404 4449 quioribus
453 4378 816 4446 editionibus,
869 4379 1019 4433 nulla
1070 4391 1200 4434 sunt
1244 4392 1566 4451 argumenta
1612 4397 1708 4436 seu

117 4474 422 4528 summaria
451 4473 721 4542 capitum,
769 4473 867 4528 sed
897 4473 1225 4542 simpliciter
1260 4473 1460 4544 legitur
1494 4493 1509 4529 :
1560 4474 1705 4528 Visio
1737 4479 1783 4533 D

115 4567 312 4640 prima,
358 4565 499 4620 Visio
533 4565 786 4628 secunda,
823 4574 929 4621 etc.
974 4565 1293 4620 Mandatum
1312 4567 1566 4637 primum,
1596 4577 1704 4623 etc.

117 4657 424 4717 Similitudo
446 4659 647 4727 prima,
673 4668 779 4712 etc.

194 4752 530 4820 Quapropter
567 4751 766 4806 divisio
800 4750 982 4820 operis
1014 4751 1071 4805 in
1114 4760 1228 4807 tres
1265 4753 1438 4808 libros
1459 4793 1473 4817 ,
1505 4769 1705 4824 quem-

113 4845 412 4901 admodum
456 4844 644 4897 omnia
678 4843 829 4898 illius
855 4853 1204 4912 argumenta,
1236 4860 1347 4900 non
1375 4847 1444 4900 ab
1478 4845 1702 4913 Herma,

117 4939 217 4994 sed
255 4937 322 4990 ab
352 4940 432 4992 eis
464 4939 734 4992 duntaxat
775 4937 869 5006 qui
912 4947 1217 5006 postremas
1246 4939 1514 4994 editiones
1541 4941 1704 4995 ador-

119 5037 399 5094 naverant,
449 5029 596 5082 haud
656 5028 823 5082 dubie
874 5027 1118 5097 profecta
1169 5037 1320 5083 sunt.
1380 5027 1518 5085 Hinc
1566 5031 1703 5085 nulli

120 5124 317 5178 mirum
346 5122 512 5176 videri
543 5122 707 5176 debet
748 5121 794 5176 si
824 5137 892 5175 ex
925 5121 1122 5176 iisdem
1151 5123 1490 5193 argumentis
1515 5123 1701 5192 aliqua

116 5216 356 5270 auctoris
399 5230 626 5270 sensum
673 5229 741 5270 ac
780 5214 1080 5270 consilium
1111 5215 1298 5270 minus
1327 5215 1467 5271 bene
1495 5232 1700 5286 reprae-

117 5325 212 5366 sen
221 5318 300 5363 ten
307 5318 344 5363 ί.

1832 1892 1913 1946 sic
1940 1898 2312 1963 pronuntiat"
2341 1915 2352 1950 :
2378 1896 2509 1963 Qute
2540 1902 2810 1970 scriptura
2833 1904 2964 1957 milii
2990 1906 3141 1960 valde
3168 1907 3316 1961 utilis
3335 1910 3420 1963 υἱ·-

1829 1983 2005 2052 detur,
2048 1996 2100 2039 et
2146 1999 2203 2040 ut
2232 1997 2381 2057 puto,
2436 1990 2690 2045 divinitus
2724 1994 3012 2064 inspirata.
3061 1997 3132 2052 At
3179 1999 3269 2054 ille
3299 2000 3422 2056 ideo

1829 2076 2060 2143 addidit,
2087 2089 2143 2132 ut
2179 2094 2332 2149 puto,
2357 2097 2469 2153 quo
2499 2082 2551 2137 id
2578 2084 2806 2142 omnino
2830 2086 2936 2142 sibi
2966 2103 3293 2158 persuasum
3312 2108 3422 2148 non

1828 2166 2003 2224 fuisse
2058 2170 2414 2242 signiﬁcaret.
2458 2173 2526 2231 Et
2560 2193 2689 2232 vero
2722 2179 2775 2232 in
2807 2179 3138 2250 quibusdam
3177 2183 3423 2240 homiliis

1829 2261 2131 2334 unicuique
2180 2265 2454 2337 integrum
2502 2269 2591 2325 ille
2625 2270 2756 2326 facit
2793 2274 2846 2326 in
2881 2273 3066 2341 aliam,
3100 2275 3146 2328 si
3177 2276 3420 2341 libuerit,

1829 2355 1909 2408 ire
1939 2357 2286 2412 sententiam.
2319 2358 2409 2415 Sic
2429 2361 2573 2417 enim
2600 2363 2651 2416 in
2679 2363 2906 2420 humilia
2931 2382 3038 2420 una
3072 2367 3317 2437 loqui.ur
3339 2371 3418 2423 ”:

1827 2444 1889 2499 Si
1900 2448 1986 2500 cui
2003 2455 2177 2502 tamen
2197 2449 2479 2520 Scriptura
2495 2452 2589 2506 illa
2606 2456 2906 2525 recipienda
2922 2458 3148 2513 videtur.
3169 2458 3224 2513 In
3249 2460 3420 2516 altera

1828 2552 1960 2592 vero
1987 2538 2032 2569 "‘
2063 2537 2159 2596 :Si
2177 2543 2263 2594 cui
2281 2552 2454 2596 tamen
2469 2544 2680 2598 libellus
2711 2547 2802 2600 ille
2831 2549 3158 2619 recipiendus
3187 2553 3416 2608 videtur.

1896 2625 2202 2698 Eapropter
2260 2631 2589 2688 nobilissimi
2639 2637 2862 2706 quidam
2916 2641 3216 2710 scriptores
3273 2643 3423 2700 hunc

1822 2723 2077 2776 eumdem
2138 2723 2339 2778 librum
2381 2735 2534 2781 extra
2588 2729 2866 2785 Canonem
2918 2747 3091 2788 sacra:
3122 2733 3422 2806 Scriptura:

1823 2813 2168 2883 ablegarunt.
2219 2814 2438 2872 Primus
2490 2818 2636 2874 inter
2685 2836 2782 2876 eos
2840 2827 3289 2882 annumerandus
3334 2837 3420 2882 est

1823 2906 2185 2976 Athanasius,
2238 2911 2334 2979 qui
2372 2912 2440 2966 de
2468 2912 2575 2968 hoc
2617 2915 2759 2969 libro
2788 2917 2835 2950 "
2877 2935 2892 2971 :
2932 2917 3072 2985 Etsi,
3125 2920 3323 2992 inquit,
3360 2922 3418 2976 in

1823 2997 2037 3054 Canone
2057 3017 2158 3055 non
2186 3004 2275 3057 sit.
2304 3003 2461 3059 Hune
2491 3008 2740 3076 sequitur
2764 3007 3134 3082 Hieronymus
3167 3013 3212 3043 "
3248 3031 3263 3068 :
3290 3012 3419 3071 Non

1821 3101 1967 3156 sunt,
2016 3093 2217 3164 inquit,
2264 3096 2319 3148 in
2349 3096 2582 3152 Conone.
2632 3098 2868 3156 Ruﬁnus
2909 3119 3130 3174 quoque
3161 3106 3204 3136 ’τ
3235 3125 3252 3160 :
3291 3106 3414 3162 Non

1822 3193 1946 3236 sunt
1975 3186 2248 3253 canonici,
2282 3187 2374 3239 sed
2398 3189 2760 3244 ecclesiastici.
2808 3189 2959 3247 Unde
2989 3193 3078 3248 ille
3103 3205 3292 3264 postea
3321 3213 3417 3252 as-

1823 3275 1956 3329 serit
1997 3286 2210 3332 veteres
2248 3276 2439 3332 Patres
2472 3280 2718 3336 noluisse
2758 3297 2826 3336 ex
2864 3282 2951 3337 his
2978 3323 2992 3347 ,
3033 3284 3176 3338 sicut
3202 3300 3268 3339 ex
3301 3301 3413 3342 uno

1820 3369 2022 3424 divinae
2051 3369 2352 3440 Scriptum
2383 3373 2545 3438 libro,
2579 3375 2891 3429 testimonia
2922 3376 3175 3445 proferri.
3204 3377 3408 3435 Eodem

1818 3470 1972 3516 certe
2003 3476 2169 3516 sensu
2195 3461 2468 3518 Eusebius
2494 3463 2538 3494 ³⁸
2561 3479 2658 3518 eos
2691 3465 2744 3518 in
2780 3466 3096 3534 spuriorum
3121 3477 3176 3521 et
3203 3469 3414 3524 adulte-

1820 3551 2068 3607 rinorum
2096 3569 2327 3608 numero
2359 3555 2514 3624 ponit
2549 3573 2562 3609 :
2601 3553 2713 3610 Pro
2745 3558 2964 3626 spuriis,
2992 3559 3166 3629 inquit
3197 3563 3276 3631 (ὲν
3299 3564 3411 3626 τοῖς

1819 3642 2038 3712 νόθοις),
2070 3645 2295 3699 habendi
2331 3658 2450 3700 sunt
2489 3645 2654 3699 Actus
2689 3647 2852 3700 Pauli
2891 3657 2939 3699 et
2972 3648 3106 3701 liber
3136 3647 3406 3704 Pastoris.

1816 3733 2095 3790 AGelasio
2118 3747 2300 3790 autem
2331 3752 2468 3806 papa
2487 3737 2531 3768 ²⁹
2555 3745 2607 3792 et
2630 3737 2701 3791 ab
2726 3744 2952 3792 auctore
2993 3736 3408 3803 Stichometrite,

1818 3825 1874 3879 in
1917 3826 2067 3880 calce
2111 3822 2557 3892 Chronographiaa
2591 3824 2886 3897 Nicephori
2936 3824 3409 3895 ConstantinOpo—

1817 3917 1974 3972 litani
2006 3917 2187 3983 editaa,
2233 3916 2532 3986 apocryphi
2569 3926 2862 3972 vocantur.
2890 3915 3008 3970 Non
3033 3916 3143 3970 alia
3169 3916 3409 3987 denique

1817 4026 1974 4066 mens
2003 4025 2196 4064 eorum
2224 4010 2495 4077 omnium,
2520 4024 2756 4079 quorum
2783 4008 3053 4065 Eusebius
3076 4011 3408 4066 sententiam

1815 4103 1871 4158 in
1907 4103 2056 4159 hunc
2085 4103 2309 4158 modum
2340 4103 2508 4158 refert
2557 4104 2602 4134 '°
2655 4120 2670 4158 :
2730 4101 3020 4156 Sciendum
3049 4113 3126 4157 est
3169 4120 3290 4157 eum
3339 4104 3410 4157 li-

1814 4197 1972 4251 brum
2009 4214 2043 4250 a
2080 4194 2351 4249 nonnullis
2387 4194 2602 4265 quidem
2636 4195 2692 4247 in
2735 4194 2957 4248 dubium
2993 4205 3315 4263 reuocatum,
3341 4197 3405 4250 ob

1813 4303 1964 4357 quos,
1992 4285 2060 4339 δι’
2083 4285 2199 4351 οὓς,
2229 4287 2368 4340 inter
2397 4295 2617 4355 recepta:
2647 4287 2993 4340 auctoritatis
3016 4287 3181 4342 libros
3207 4289 3410 4343 censeri

1814 4396 1918 4433 non
1943 4387 2137 4450 potest.

2336 4469 2740 4526 ARTICULUS
2790 4471 2884 4528 XI.

2258 4563 2488 4628 Quanta:
2525 4564 2631 4617 sint
2664 4564 2938 4622 utilitatis.

1884 4656 2213 4714 Communis
2250 4655 2498 4722 Patrum,
2531 4672 2655 4726 qua:
2688 4657 2905 4711 veritati
2937 4657 3115 4729 magis
3157 4673 3403 4716 consona

1813 4751 2050 4814 videtur,
2085 4750 2272 4819 opinio
2297 4763 2362 4802 ea
2395 4757 2498 4812 est,
2526 4764 2634 4817 qua
2659 4748 2736 4800 illi
2769 4748 2916 4803 hunc
2945 4749 3146 4804 librum
3172 4751 3404 4806 utilissi-

1813 4858 1964 4897 mum
1987 4880 2004 4909 ,
2049 4849 2214 4909 atque
2243 4841 2312 4895 ad
2344 4839 2588 4894 hominis
2627 4853 2817 4892 recens
2842 4837 2909 4893 ad
2934 4839 3304 4893 Christianam
3335 4840 3406 4894 li-

1809 4936 1935 4990 dem
1978 4933 2234 4988 conversi
2283 4946 2467 4986 mores
2497 4931 2880 4988 informandos
2904 4932 3254 5002 aptissimum
3280 4949 3404 4990 esse

1808 5028 2146 5083 existimant.
2205 5025 2261 5079 ld
2305 5024 2524 5095 quidem
2577 5023 2851 5079 Eusebius
2896 5026 3019 5080 loco
3057 5025 3173 5095 jam
3203 5027 3406 5095 saepius

1806 5123 1974 5177 citato
2001 5121 2083 5175 sic
2109 5128 2294 5188 aperte
2318 5119 2478 5172 docet
2513 5135 2526 5170 :
2557 5116 2635 5169 Ab
2661 5116 2784 5170 aliis
2812 5118 3043 5171 maxime
3069 5120 3402 5173 necessarius

1797 5215 2102 5284 judicatur,
2144 5214 2209 5266 iis
2251 5212 2548 5281 praesertim
2574 5211 2663 5281 qui
2691 5211 2878 5280 primis
2905 5212 3178 5282 religionis
3205 5226 3402 5269 nostra:

1803 5305 2073 5361 elementis
2112 5301 2427 5358 instituendi
2462 5311 2608 5356 sunt.
2652 5300 2800 5357 Unde
2835 5305 2999 5358 etiam
3045 5307 3100 5359 in
3144 5304 3400 5360 Ecclesiis

196 5517 790 5591 "Descriptomccles.
822 5533 944 5591 cap.
978 5516 1032 5570 2.
1078 5515 1121 5546 ¹⁸
1141 5515 1238 5591 lib.
1282 5513 1359 5568 De
1402 5522 1692 5591 orat._ca_p.
1726 5513 1832 5591 ‘12.
1873 5511 2029 5591 ‘jlib.
2060 5508 2539 5591 ινΣ-ᾼιιυ.Ᾱιαηγεες.3
2566 5507 2738 5591 c.‘§7.
2815 5508 3059 5591 “lib._yi
3097 5506 3247 5591 Hist.
3273 5521 3394 5591 cap.

117 5592 176 5646 8.
245 5590 389 5644 “lib.
429 5577 468 5641 ι’
493 5589 694 5644 Strom.
771 5577 1128 5642 "Cbrmnent.
1178 5589 1232 5639 in
1263 5602 1379 5657 cap.
1412 5600 1499 5638 va
1531 5577 1706 5655 Epist.
1764 5590 1835 5657 ad
1874 5582 2027 5657 Rom.
2053 5652 2078 5657 Α
2107 5579 2472 5657 “_homi_l._8,
2516 5581 2571 5634 in
2614 5577 2939 5657 gumeros._
2981 5579 3027 5612 “
3046 5577 3395 5657 homil.._l__in

118 5661 475 5734 psal._nxvu.
554 5657 1040 5734 "lib._1)e_de_cret.
1077 5646 1505 5734 synod.Al‘iicwn.
1541 5646 1665 5734 post
1689 5655 1832 5710 med.
1896 5654 2010 5734 “in
2040 5651 2257 5723 Prolog.
2295 5649 2539 5706 Galeato.
2618 5651 2662 5684 ’⁷
2683 5651 2738 5706 in
2761 5653 2986 5721 exposit.
3020 5646 3190 5722 symb.
3234 5647 3388 5702 "tib.

120 5727 185 5790 iu
225 5731 448 5795 limen,
492 5747 614 5803 cap.
660 5731 751 5786 25.
829 5730 874 5760 ³⁸
895 5732 953 5782 in
982 5727 1191 5784 Decret.

387 5830 665 5890 Pnaon.
727 5826 846 5888 Gn.
885 5826 966 5887 Il.

1269 5728 1313 5760 ³ο
1330 5728 1425 5784 lib.
1457 5742 1516 5784 nt
1546 5726 1781 5796 Histor.,
1805 5740 1925 5796 cap.
1955 5727 2005 5783 5.

3021 5813 3106 5878 2³1
