  <div class='ocr_page' id='page_1' title='image "/cluster/home/n/w/nwhite01/storage/ocr_20150623/2/nnc1.0114695790/493.png"; bbox 0 0 3822 6218; ppageno 0'>
   <div class='ocr_carea' id='block_1_1' title="bbox 404 272 1913 346">
    <p class='ocr_par' dir='ltr' id='par_1_1' title="bbox 404 272 521 346">
     <span class='ocr_line' id='line_1_1' title="bbox 404 272 521 346; baseline 0.009 -1"><span class='ocrx_word' id='word_1_1' title='bbox 404 272 521 346; x_wconf 70' lang='lat' dir='ltr'><strong>sts&#39;</strong></span> 
     </span>
    </p>
   </div>
   <div class='ocr_carea' id='block_1_2' title="bbox 2200 272 3709 346">
    <p class='ocr_par' dir='ltr' id='par_1_2' title="bbox 2200 277 3709 345">
     <span class='ocr_line' id='line_1_2' title="bbox 2200 277 3709 345; baseline 0.009 -12"><span class='ocrx_word' id='word_1_2' title='bbox 2200 277 2320 335; x_wconf 68' lang='lat' dir='ltr'><strong>MAI</strong></span> <span class='ocrx_word' id='word_1_3' title='bbox 3593 288 3709 345; x_wconf 69' lang='lat'><strong>8“</strong></span> 
     </span>
    </p>
   </div>
   <div class='ocr_carea' id='block_1_3' title="bbox 404 393 3707 479">
    <p class='ocr_par' dir='ltr' id='par_1_3' title="bbox 404 393 3707 479">
     <span class='ocr_line' id='line_1_3' title="bbox 404 393 3707 479; baseline -0.001 -17"><span class='ocrx_word' id='word_1_4' title='bbox 404 410 614 479; x_wconf 76' lang='lat' dir='ltr'><strong>publice</strong></span> <span class='ocrx_word' id='word_1_5' title='bbox 666 406 769 477; x_wconf 85' lang='lat' dir='ltr'><strong>legi</strong></span> <span class='ocrx_word' id='word_1_6' title='bbox 810 404 1186 475; x_wconf 70' lang='lat' dir='ltr'><strong>comperimus,</strong></span> <span class='ocrx_word' id='word_1_7' title='bbox 1224 412 1276 457; x_wconf 82' lang='lat' dir='ltr'><strong>et</strong></span> <span class='ocrx_word' id='word_1_8' title='bbox 1325 400 1586 473; x_wconf 76' lang='lat' dir='ltr'><strong>quosdam</strong></span> <span class='ocrx_word' id='word_1_9' title='bbox 1623 415 1687 453; x_wconf 78' lang='lat' dir='ltr'><strong>ex</strong></span> <span class='ocrx_word' id='word_1_10' title='bbox 1746 395 1994 451; x_wconf 70' lang='lat' dir='ltr'><strong>uetustis-</strong></span> <span class='ocrx_word' id='word_1_11' title='bbox 2023 396 2066 451; x_wconf 83' lang='lat' dir='ltr'><strong>A</strong></span> <span class='ocrx_word' id='word_1_12' title='bbox 2098 393 2243 448; x_wconf 91' lang='lat' dir='ltr'><strong>bitur</strong></span> <span class='ocrx_word' id='word_1_13' title='bbox 2266 397 2417 452; x_wconf 88' lang='lat' dir='ltr'><strong>illico</strong></span> <span class='ocrx_word' id='word_1_14' title='bbox 2444 398 2591 456; x_wconf 93' lang='lat' dir='ltr'><strong>illius</strong></span> <span class='ocrx_word' id='word_1_15' title='bbox 2613 402 2827 458; x_wconf 87' lang='lat' dir='ltr'><strong>dicendi</strong></span> <span class='ocrx_word' id='word_1_16' title='bbox 2850 420 3023 476; x_wconf 88' lang='lat' dir='ltr'><strong>genus</strong></span> <span class='ocrx_word' id='word_1_17' title='bbox 3048 405 3115 461; x_wconf 86' lang='lat' dir='ltr'><strong>ad</strong></span> <span class='ocrx_word' id='word_1_18' title='bbox 3147 407 3537 477; x_wconf 76' lang='lat' dir='ltr'><strong>persuadet-da</strong></span> <span class='ocrx_word' id='word_1_19' title='bbox 3564 408 3707 463; x_wconf 84' lang='lat' dir='ltr'><strong>reli-</strong></span> 
     </span>
    </p>
   </div>
   <div class='ocr_carea' id='block_1_4' title="bbox 405 485 3707 570">
    <p class='ocr_par' dir='ltr' id='par_1_4' title="bbox 405 485 3707 570">
     <span class='ocr_line' id='line_1_4' title="bbox 405 485 3707 570; baseline 0.001 -17"><span class='ocrx_word' id='word_1_20' title='bbox 405 501 555 553; x_wconf 84' lang='lat' dir='ltr'><strong>simis</strong></span> <span class='ocrx_word' id='word_1_21' title='bbox 605 501 774 569; x_wconf 82' lang='lat' dir='ltr'><strong>ipsius</strong></span> <span class='ocrx_word' id='word_1_22' title='bbox 831 499 1132 554; x_wconf 87' lang='lat' dir='ltr'><strong>testimonio</strong></span> <span class='ocrx_word' id='word_1_23' title='bbox 1160 514 1282 550; x_wconf 83' lang='lat' dir='ltr'><strong>usos</strong></span> <span class='ocrx_word' id='word_1_24' title='bbox 1329 496 1512 565; x_wconf 76' lang='lat' dir='ltr'><strong>fuisse.</strong></span> <span class='ocrx_word' id='word_1_25' title='bbox 1556 492 1633 546; x_wconf 84' lang='lat' dir='ltr'><strong>Ex</strong></span> <span class='ocrx_word' id='word_1_26' title='bbox 1669 492 1755 546; x_wconf 94' lang='lat' dir='ltr'><strong>his</strong></span> <span class='ocrx_word' id='word_1_27' title='bbox 1794 489 1996 559; x_wconf 88' lang='lat' dir='ltr'><strong>quippe</strong></span> <span class='ocrx_word' id='word_1_28' title='bbox 2098 485 2278 554; x_wconf 91' lang='lat' dir='ltr'><strong>gionis</strong></span> <span class='ocrx_word' id='word_1_29' title='bbox 2302 499 2506 546; x_wconf 64' lang='lat' dir='ltr'><strong>ucstra:</strong></span> <span class='ocrx_word' id='word_1_30' title='bbox 2530 492 2808 565; x_wconf 85' lang='lat' dir='ltr'><strong>dogmata.</strong></span> <span class='ocrx_word' id='word_1_31' title='bbox 2835 514 2958 567; x_wconf 64' lang='lat' dir='ltr'><strong>qum</strong></span> <span class='ocrx_word' id='word_1_32' title='bbox 2981 516 3261 570; x_wconf 83' lang='lat' dir='ltr'><strong>nunquam</strong></span> <span class='ocrx_word' id='word_1_33' title='bbox 3288 502 3429 557; x_wconf 84' lang='lat' dir='ltr'><strong>lictis</strong></span> <span class='ocrx_word' id='word_1_34' title='bbox 3453 502 3707 556; x_wconf 73' lang='lat' dir='ltr'><strong>somniis</strong></span> 
     </span>
    </p>
   </div>
   <div class='ocr_carea' id='block_1_5' title="bbox 408 578 3705 659">
    <p class='ocr_par' dir='ltr' id='par_1_5' title="bbox 408 578 3705 659">
     <span class='ocr_line' id='line_1_5' title="bbox 408 578 3705 659; baseline 0 -14"><span class='ocrx_word' id='word_1_35' title='bbox 408 592 628 648; x_wconf 80' lang='lat' dir='ltr'><strong>Eusebii</strong></span> <span class='ocrx_word' id='word_1_36' title='bbox 674 592 855 647; x_wconf 82' lang='lat' dir='ltr'><strong>verbis</strong></span> <span class='ocrx_word' id='word_1_37' title='bbox 906 591 1008 644; x_wconf 90' lang='lat' dir='ltr'><strong>tria</strong></span> <span class='ocrx_word' id='word_1_38' title='bbox 1048 588 1358 658; x_wconf 84' lang='lat' dir='ltr'><strong>colligimus</strong></span> <span class='ocrx_word' id='word_1_39' title='bbox 1398 594 1741 655; x_wconf 89' lang='lat' dir='ltr'><strong>argumenta,</strong></span> <span class='ocrx_word' id='word_1_40' title='bbox 1792 582 1995 653; x_wconf 82' lang='lat' dir='ltr'><strong>quibus</strong></span> <span class='ocrx_word' id='word_1_41' title='bbox 2097 586 2153 631; x_wconf 92' lang='lat' dir='ltr'><strong>et</strong></span> <span class='ocrx_word' id='word_1_42' title='bbox 2180 578 2338 637; x_wconf 82' lang='lat' dir='ltr'><strong>falsis</strong></span> <span class='ocrx_word' id='word_1_43' title='bbox 2380 584 2689 643; x_wconf 85' lang='lat' dir='ltr'><strong>visionibus</strong></span> <span class='ocrx_word' id='word_1_44' title='bbox 2729 589 2913 645; x_wconf 85' lang='lat' dir='ltr'><strong>doceri</strong></span> <span class='ocrx_word' id='word_1_45' title='bbox 2944 593 3163 657; x_wconf 89' lang='lat' dir='ltr'><strong>debent,</strong></span> <span class='ocrx_word' id='word_1_46' title='bbox 3198 609 3394 659; x_wconf 86' lang='lat' dir='ltr'><strong>parum</strong></span> <span class='ocrx_word' id='word_1_47' title='bbox 3425 595 3705 649; x_wconf 85' lang='lat' dir='ltr'><strong>idoneum</strong></span> 
     </span>
    </p>
   </div>
   <div class='ocr_carea' id='block_1_6' title="bbox 406 675 3706 755">
    <p class='ocr_par' dir='ltr' id='par_1_6' title="bbox 406 675 3706 755">
     <span class='ocr_line' id='line_1_6' title="bbox 406 675 3706 755; baseline -0.002 -13"><span class='ocrx_word' id='word_1_48' title='bbox 406 689 644 743; x_wconf 83' lang='lat' dir='ltr'><strong>tnaxitna</strong></span> <span class='ocrx_word' id='word_1_49' title='bbox 684 684 850 753; x_wconf 88' lang='lat' dir='ltr'><strong>hujus</strong></span> <span class='ocrx_word' id='word_1_50' title='bbox 894 684 1020 739; x_wconf 78' lang='lat' dir='ltr'><strong>libri</strong></span> <span class='ocrx_word' id='word_1_51' title='bbox 1063 682 1269 736; x_wconf 90' lang='lat' dir='ltr'><strong>utilitas</strong></span> <span class='ocrx_word' id='word_1_52' title='bbox 1312 680 1522 750; x_wconf 91' lang='lat' dir='ltr'><strong>liquido</strong></span> <span class='ocrx_word' id='word_1_53' title='bbox 1558 680 1991 733; x_wconf 76' lang='lat' dir='ltr'><strong>demonstratur.</strong></span> <span class='ocrx_word' id='word_1_54' title='bbox 2097 686 2220 726; x_wconf 83' lang='lat' dir='ltr'><strong>esse</strong></span> <span class='ocrx_word' id='word_1_55' title='bbox 2272 675 2610 746; x_wconf 87' lang='lat' dir='ltr'><strong>omninoque</strong></span> <span class='ocrx_word' id='word_1_56' title='bbox 2648 680 2914 751; x_wconf 88' lang='lat' dir='ltr'><strong>ineptum.</strong></span> <span class='ocrx_word' id='word_1_57' title='bbox 2969 681 3086 738; x_wconf 85' lang='lat' dir='ltr'><strong>Non</strong></span> <span class='ocrx_word' id='word_1_58' title='bbox 3131 699 3428 755; x_wconf 85' lang='lat' dir='ltr'><strong>possumus</strong></span> <span class='ocrx_word' id='word_1_59' title='bbox 3464 683 3706 755; x_wconf 81' lang='lat' dir='ltr'><strong>quidem</strong></span> 
     </span>
    </p>
   </div>
   <div class='ocr_carea' id='block_1_7' title="bbox 404 762 3711 849">
    <p class='ocr_par' dir='ltr' id='par_1_7' title="bbox 404 762 3711 849">
     <span class='ocr_line' id='line_1_7' title="bbox 404 762 3711 849; baseline -0 -15"><span class='ocrx_word' id='word_1_60' title='bbox 404 778 650 834; x_wconf 91' lang='lat' dir='ltr'><strong>Primum</strong></span> <span class='ocrx_word' id='word_1_61' title='bbox 694 796 723 833; x_wconf 91' lang='lat' dir='ltr'><strong>a</strong></span> <span class='ocrx_word' id='word_1_62' title='bbox 761 775 1173 841; x_wconf 87' lang='lat' dir='ltr'><strong>vetustissimis,</strong></span> <span class='ocrx_word' id='word_1_63' title='bbox 1208 774 1301 844; x_wconf 90' lang='lat' dir='ltr'><strong>qui</strong></span> <span class='ocrx_word' id='word_1_64' title='bbox 1341 775 1392 829; x_wconf 91' lang='lat' dir='ltr'><strong>id</strong></span> <span class='ocrx_word' id='word_1_65' title='bbox 1437 787 1757 838; x_wconf 85' lang='lat' dir='ltr'><strong>asseruere,</strong></span> <span class='ocrx_word' id='word_1_66' title='bbox 1789 772 1996 843; x_wconf 87' lang='lat' dir='ltr'><strong>petitur</strong></span> <span class='ocrx_word' id='word_1_67' title='bbox 2098 762 2177 818; x_wconf 70' lang='lat' dir='ltr'><strong>ire</strong></span> <span class='ocrx_word' id='word_1_68' title='bbox 2208 765 2420 823; x_wconf 78' lang='lat' dir='ltr'><strong>inﬁcias</strong></span> <span class='ocrx_word' id='word_1_69' title='bbox 2451 767 2707 828; x_wconf 84' lang='lat' dir='ltr'><strong>Hermam</strong></span> <span class='ocrx_word' id='word_1_70' title='bbox 2739 778 2817 829; x_wconf 90' lang='lat' dir='ltr'><strong>uti</strong></span> <span class='ocrx_word' id='word_1_71' title='bbox 2850 777 3094 845; x_wconf 90' lang='lat' dir='ltr'><strong>potuisse</strong></span> <span class='ocrx_word' id='word_1_72' title='bbox 3134 778 3239 832; x_wconf 90' lang='lat' dir='ltr'><strong>alia</strong></span> <span class='ocrx_word' id='word_1_73' title='bbox 3279 779 3552 833; x_wconf 88' lang='lat' dir='ltr'><strong>methodo</strong></span> <span class='ocrx_word' id='word_1_74' title='bbox 3583 788 3711 849; x_wconf 77' lang='lat' dir='ltr'><strong>sty—</strong></span> 
     </span>
    </p>
   </div>
   <div class='ocr_carea' id='block_1_8' title="bbox 406 858 3705 943">
    <p class='ocr_par' dir='ltr' id='par_1_8' title="bbox 406 858 3705 943">
     <span class='ocr_line' id='line_1_8' title="bbox 406 858 3705 943; baseline -0.002 -15"><span class='ocrx_word' id='word_1_75' title='bbox 406 875 791 943; x_wconf 88' lang='lat' dir='ltr'><strong>scriptortbus.</strong></span> <span class='ocrx_word' id='word_1_76' title='bbox 835 871 980 926; x_wconf 92' lang='lat' dir='ltr'><strong>Inter</strong></span> <span class='ocrx_word' id='word_1_77' title='bbox 1003 886 1098 925; x_wconf 89' lang='lat' dir='ltr'><strong>eos</strong></span> <span class='ocrx_word' id='word_1_78' title='bbox 1120 868 1550 936; x_wconf 85' lang='lat' dir='ltr'><strong>euim.qnorum</strong></span> <span class='ocrx_word' id='word_1_79' title='bbox 1585 864 1861 919; x_wconf 77' lang='lat' dir='ltr'><strong>Eusebius</strong></span> <span class='ocrx_word' id='word_1_80' title='bbox 1894 880 1996 919; x_wconf 71' lang='lat' dir='ltr'><strong>no~</strong></span> <span class='ocrx_word' id='word_1_81' title='bbox 2098 858 2260 927; x_wconf 87' lang='lat' dir='ltr'><strong>loque</strong></span> <span class='ocrx_word' id='word_1_82' title='bbox 2296 860 2642 930; x_wconf 79' lang='lat' dir='ltr'><strong>sintplicinri,</strong></span> <span class='ocrx_word' id='word_1_83' title='bbox 2691 865 2818 920; x_wconf 91' lang='lat' dir='ltr'><strong>ideo</strong></span> <span class='ocrx_word' id='word_1_84' title='bbox 2862 876 3042 923; x_wconf 88' lang='lat' dir='ltr'><strong>tamen</strong></span> <span class='ocrx_word' id='word_1_85' title='bbox 3094 886 3235 938; x_wconf 86' lang='lat' dir='ltr'><strong>opus</strong></span> <span class='ocrx_word' id='word_1_86' title='bbox 3286 870 3435 925; x_wconf 91' lang='lat' dir='ltr'><strong>illius</strong></span> <span class='ocrx_word' id='word_1_87' title='bbox 3469 871 3705 940; x_wconf 81' lang='lat' dir='ltr'><strong>vitupe-</strong></span> 
     </span>
    </p>
   </div>
   <div class='ocr_carea' id='block_1_9' title="bbox 405 951 3705 1033">
    <p class='ocr_par' dir='ltr' id='par_1_9' title="bbox 405 951 3705 1033">
     <span class='ocr_line' id='line_1_9' title="bbox 405 951 3705 1033; baseline -0.001 -11"><span class='ocrx_word' id='word_1_88' title='bbox 405 984 530 1023; x_wconf 86' lang='lat' dir='ltr'><strong>men</strong></span> <span class='ocrx_word' id='word_1_89' title='bbox 574 968 783 1029; x_wconf 90' lang='lat' dir='ltr'><strong>tacuit,</strong></span> <span class='ocrx_word' id='word_1_90' title='bbox 836 964 1064 1019; x_wconf 82' lang='lat' dir='ltr'><strong>forsitan</strong></span> <span class='ocrx_word' id='word_1_91' title='bbox 1118 960 1430 1017; x_wconf 87' lang='lat' dir='ltr'><strong>censendus</strong></span> <span class='ocrx_word' id='word_1_92' title='bbox 1472 968 1557 1013; x_wconf 91' lang='lat' dir='ltr'><strong>est</strong></span> <span class='ocrx_word' id='word_1_93' title='bbox 1594 958 1707 1028; x_wconf 89' lang='lat' dir='ltr'><strong>jam</strong></span> <span class='ocrx_word' id='word_1_94' title='bbox 1744 973 1775 1013; x_wconf 90' lang='lat' dir='ltr'><strong>a</strong></span> <span class='ocrx_word' id='word_1_95' title='bbox 1833 958 1993 1013; x_wconf 81' lang='lat' dir='ltr'><strong>nobis</strong></span> <span class='ocrx_word' id='word_1_96' title='bbox 2097 951 2331 1006; x_wconf 88' lang='lat' dir='ltr'><strong>randum</strong></span> <span class='ocrx_word' id='word_1_97' title='bbox 2360 964 2455 1008; x_wconf 90' lang='lat' dir='ltr'><strong>aut</strong></span> <span class='ocrx_word' id='word_1_98' title='bbox 2488 956 2859 1025; x_wconf 91' lang='lat' dir='ltr'><strong>abjiciendum</strong></span> <span class='ocrx_word' id='word_1_99' title='bbox 2892 975 3013 1016; x_wconf 89' lang='lat' dir='ltr'><strong>esse</strong></span> <span class='ocrx_word' id='word_1_100' title='bbox 3040 962 3219 1032; x_wconf 87' lang='lat' dir='ltr'><strong>palam</strong></span> <span class='ocrx_word' id='word_1_101' title='bbox 3252 972 3564 1033; x_wconf 81' lang='lat' dir='ltr'><strong>aperteque</strong></span> <span class='ocrx_word' id='word_1_102' title='bbox 3594 979 3705 1018; x_wconf 81' lang='lat' dir='ltr'><strong>ne-</strong></span> 
     </span>
    </p>
   </div>
   <div class='ocr_carea' id='block_1_10' title="bbox 404 1046 3711 1128">
    <p class='ocr_par' dir='ltr' id='par_1_10' title="bbox 404 1046 3711 1128">
     <span class='ocr_line' id='line_1_10' title="bbox 404 1046 3711 1128; baseline -0.002 -12"><span class='ocrx_word' id='word_1_103' title='bbox 404 1060 660 1116; x_wconf 90' lang='lat' dir='ltr'><strong>Iaudatus</strong></span> <span class='ocrx_word' id='word_1_104' title='bbox 687 1058 969 1128; x_wconf 76' lang='lat' dir='ltr'><strong>Origenes,</strong></span> <span class='ocrx_word' id='word_1_105' title='bbox 1013 1055 1108 1125; x_wconf 87' lang='lat' dir='ltr'><strong>qui</strong></span> <span class='ocrx_word' id='word_1_106' title='bbox 1138 1055 1205 1109; x_wconf 87' lang='lat' dir='ltr'><strong>de</strong></span> <span class='ocrx_word' id='word_1_107' title='bbox 1236 1069 1305 1109; x_wconf 91' lang='lat' dir='ltr'><strong>eo</strong></span> <span class='ocrx_word' id='word_1_108' title='bbox 1343 1052 1565 1123; x_wconf 87' lang='lat' dir='ltr'><strong>scripsit</strong></span> <span class='ocrx_word' id='word_1_109' title='bbox 1601 1071 1612 1105; x_wconf 90' lang='lat'><strong>:</strong></span> <span class='ocrx_word' id='word_1_110' title='bbox 1656 1050 1791 1104; x_wconf 77' lang='lat' dir='ltr'><strong>Mihi</strong></span> <span class='ocrx_word' id='word_1_111' title='bbox 1838 1050 1991 1105; x_wconf 85' lang='lat' dir='ltr'><strong>valde</strong></span> <span class='ocrx_word' id='word_1_112' title='bbox 2096 1060 2311 1115; x_wconf 80' lang='lat' dir='ltr'><strong>gamus.</strong></span> <span class='ocrx_word' id='word_1_113' title='bbox 2360 1046 2495 1113; x_wconf 86' lang='lat' dir='ltr'><strong>Quis</strong></span> <span class='ocrx_word' id='word_1_114' title='bbox 2545 1050 2691 1104; x_wconf 90' lang='lat' dir='ltr'><strong>enim</strong></span> <span class='ocrx_word' id='word_1_115' title='bbox 2728 1052 2801 1106; x_wconf 91' lang='lat' dir='ltr'><strong>ob</strong></span> <span class='ocrx_word' id='word_1_116' title='bbox 2845 1054 3045 1125; x_wconf 82' lang='lat' dir='ltr'><strong>stylum</strong></span> <span class='ocrx_word' id='word_1_117' title='bbox 3082 1056 3475 1126; x_wconf 87' lang='lat' dir='ltr'><strong>scribendique</strong></span> <span class='ocrx_word' id='word_1_118' title='bbox 3518 1072 3711 1126; x_wconf 82' lang='lat' dir='ltr'><strong>genus</strong></span> 
     </span>
    </p>
   </div>
   <div class='ocr_carea' id='block_1_11' title="bbox 403 1140 3704 1219">
    <p class='ocr_par' dir='ltr' id='par_1_11' title="bbox 403 1140 3704 1219">
     <span class='ocr_line' id='line_1_11' title="bbox 403 1140 3704 1219; baseline -0.001 -13"><span class='ocrx_word' id='word_1_119' title='bbox 403 1153 553 1207; x_wconf 82' lang='lat' dir='ltr'><strong>utilis</strong></span> <span class='ocrx_word' id='word_1_120' title='bbox 585 1152 813 1206; x_wconf 82' lang='lat' dir='ltr'><strong>videtur.</strong></span> <span class='ocrx_word' id='word_1_121' title='bbox 852 1148 1188 1204; x_wconf 82' lang='lat' dir='ltr'><strong>Athanasius</strong></span> <span class='ocrx_word' id='word_1_122' title='bbox 1233 1162 1455 1218; x_wconf 92' lang='lat' dir='ltr'><strong>quoque</strong></span> <span class='ocrx_word' id='word_1_123' title='bbox 1494 1146 1694 1199; x_wconf 92' lang='lat' dir='ltr'><strong>librum</strong></span> <span class='ocrx_word' id='word_1_124' title='bbox 1736 1145 1990 1199; x_wconf 90' lang='lat' dir='ltr'><strong>eumdem</strong></span> <span class='ocrx_word' id='word_1_125' title='bbox 2094 1154 2235 1207; x_wconf 86' lang='lat' dir='ltr'><strong>opus</strong></span> <span class='ocrx_word' id='word_1_126' title='bbox 2266 1140 2393 1194; x_wconf 91' lang='lat' dir='ltr'><strong>illud</strong></span> <span class='ocrx_word' id='word_1_127' title='bbox 2420 1144 2706 1211; x_wconf 84' lang='lat' dir='ltr'><strong>aspernari</strong></span> <span class='ocrx_word' id='word_1_128' title='bbox 2748 1147 2990 1213; x_wconf 91' lang='lat' dir='ltr'><strong>audeat,</strong></span> <span class='ocrx_word' id='word_1_129' title='bbox 3020 1149 3165 1218; x_wconf 91' lang='lat' dir='ltr'><strong>quod</strong></span> <span class='ocrx_word' id='word_1_130' title='bbox 3198 1148 3411 1215; x_wconf 88' lang='lat' dir='ltr'><strong>Patres,</strong></span> <span class='ocrx_word' id='word_1_131' title='bbox 3438 1149 3704 1219; x_wconf 54' lang='lat' dir='ltr'><strong>antiqui-</strong></span> 
     </span>
    </p>
   </div>
   <div class='ocr_carea' id='block_1_12' title="bbox 402 1231 3705 1317">
    <p class='ocr_par' dir='ltr' id='par_1_12' title="bbox 402 1231 3705 1317">
     <span class='ocr_line' id='line_1_12' title="bbox 402 1231 3705 1317; baseline -0.002 -17"><span class='ocrx_word' id='word_1_132' title='bbox 402 1246 637 1317; x_wconf 85' lang='lat' dir='ltr'><strong>appellat</strong></span> <span class='ocrx_word' id='word_1_133' title='bbox 668 1246 710 1277; x_wconf 83' lang='lat'><strong>&quot;</strong></span> <span class='ocrx_word' id='word_1_134' title='bbox 750 1263 763 1298; x_wconf 89' lang='lat'><strong>:</strong></span> <span class='ocrx_word' id='word_1_135' title='bbox 801 1240 1157 1297; x_wconf 82' lang='lat' dir='ltr'><strong>Utilissimum</strong></span> <span class='ocrx_word' id='word_1_136' title='bbox 1191 1238 1439 1293; x_wconf 80' lang='lat' dir='ltr'><strong>Pastoris</strong></span> <span class='ocrx_word' id='word_1_137' title='bbox 1471 1236 1688 1291; x_wconf 86' lang='lat' dir='ltr'><strong>librum.</strong></span> <span class='ocrx_word' id='word_1_138' title='bbox 1722 1234 1820 1291; x_wconf 80' lang='lat' dir='ltr'><strong>His</strong></span> <span class='ocrx_word' id='word_1_139' title='bbox 1858 1250 1991 1292; x_wconf 88' lang='lat' dir='ltr'><strong>vero</strong></span> <span class='ocrx_word' id='word_1_140' title='bbox 2096 1237 2206 1284; x_wconf 82' lang='lat' dir='ltr'><strong>late</strong></span> <span class='ocrx_word' id='word_1_141' title='bbox 2245 1240 2299 1285; x_wconf 91' lang='lat' dir='ltr'><strong>et</strong></span> <span class='ocrx_word' id='word_1_142' title='bbox 2335 1231 2588 1289; x_wconf 90' lang='lat' dir='ltr'><strong>doctrina</strong></span> <span class='ocrx_word' id='word_1_143' title='bbox 2628 1236 3000 1306; x_wconf 86' lang='lat' dir='ltr'><strong>celeberrimi,</strong></span> <span class='ocrx_word' id='word_1_144' title='bbox 3036 1240 3203 1297; x_wconf 84' lang='lat' dir='ltr'><strong>tantis</strong></span> <span class='ocrx_word' id='word_1_145' title='bbox 3234 1241 3497 1297; x_wconf 89' lang='lat' dir='ltr'><strong>laudibus</strong></span> <span class='ocrx_word' id='word_1_146' title='bbox 3528 1252 3705 1296; x_wconf 75' lang='lat' dir='ltr'><strong>extu-</strong></span> 
     </span>
    </p>
   </div>
   <div class='ocr_carea' id='block_1_13' title="bbox 404 1321 3707 1411">
    <p class='ocr_par' dir='ltr' id='par_1_13' title="bbox 404 1321 3707 1411">
     <span class='ocr_line' id='line_1_13' title="bbox 404 1321 3707 1411; baseline -0.002 -17"><span class='ocrx_word' id='word_1_147' title='bbox 404 1340 771 1411; x_wconf 82' lang='lat' dir='ltr'><strong>Hicronymus</strong></span> <span class='ocrx_word' id='word_1_148' title='bbox 805 1338 848 1368; x_wconf 82' lang='lat'><strong>&quot;</strong></span> <span class='ocrx_word' id='word_1_149' title='bbox 872 1352 901 1391; x_wconf 88' lang='lat' dir='ltr'><strong>a</strong></span> <span class='ocrx_word' id='word_1_150' title='bbox 939 1335 1098 1389; x_wconf 92' lang='lat' dir='ltr'><strong>nobis</strong></span> <span class='ocrx_word' id='word_1_151' title='bbox 1130 1332 1389 1401; x_wconf 77' lang='lat' dir='ltr'><strong>subiungi</strong></span> <span class='ocrx_word' id='word_1_152' title='bbox 1420 1331 1601 1397; x_wconf 87' lang='lat' dir='ltr'><strong>debet,</strong></span> <span class='ocrx_word' id='word_1_153' title='bbox 1633 1329 1793 1400; x_wconf 84' lang='lat' dir='ltr'><strong>cujus</strong></span> <span class='ocrx_word' id='word_1_154' title='bbox 1819 1329 1985 1385; x_wconf 85' lang='lat' dir='ltr'><strong>etiam</strong></span> <span class='ocrx_word' id='word_1_155' title='bbox 2094 1321 2227 1389; x_wconf 90' lang='lat' dir='ltr'><strong>lere,</strong></span> <span class='ocrx_word' id='word_1_156' title='bbox 2275 1326 2534 1395; x_wconf 89' lang='lat' dir='ltr'><strong>quodque</strong></span> <span class='ocrx_word' id='word_1_157' title='bbox 2582 1330 2921 1386; x_wconf 87' lang='lat' dir='ltr'><strong>sanctissimi</strong></span> <span class='ocrx_word' id='word_1_158' title='bbox 2966 1333 3223 1402; x_wconf 75' lang='lat' dir='ltr'><strong>przesules</strong></span> <span class='ocrx_word' id='word_1_159' title='bbox 3253 1333 3559 1389; x_wconf 88' lang='lat' dir='ltr'><strong>voluerunt</strong></span> <span class='ocrx_word' id='word_1_160' title='bbox 3594 1350 3707 1404; x_wconf 85' lang='lat' dir='ltr'><strong>pu-</strong></span> 
     </span>
    </p>
   </div>
   <div class='ocr_carea' id='block_1_14' title="bbox 409 1415 3707 1495">
    <p class='ocr_par' dir='ltr' id='par_1_14' title="bbox 409 1415 3707 1495">
     <span class='ocr_line' id='line_1_14' title="bbox 409 1415 3707 1495; baseline -0.002 -8"><span class='ocrx_word' id='word_1_161' title='bbox 409 1428 614 1488; x_wconf 78' lang='lat' dir='ltr'><strong>&#39;udicio</strong></span> <span class='ocrx_word' id='word_1_162' title='bbox 642 1440 724 1485; x_wconf 89' lang='lat' dir='ltr'><strong>est</strong></span> <span class='ocrx_word' id='word_1_163' title='bbox 755 1449 768 1484; x_wconf 88' lang='lat'><strong>:</strong></span> <span class='ocrx_word' id='word_1_164' title='bbox 810 1427 1005 1482; x_wconf 76' lang='lat' dir='ltr'><strong>Revera</strong></span> <span class='ocrx_word' id='word_1_165' title='bbox 1036 1426 1186 1480; x_wconf 83' lang='lat' dir='ltr'><strong>utilis</strong></span> <span class='ocrx_word' id='word_1_166' title='bbox 1216 1425 1367 1478; x_wconf 90' lang='lat' dir='ltr'><strong>liber.</strong></span> <span class='ocrx_word' id='word_1_167' title='bbox 2093 1415 2236 1471; x_wconf 90' lang='lat' dir='ltr'><strong>blice</strong></span> <span class='ocrx_word' id='word_1_168' title='bbox 2266 1418 2320 1472; x_wconf 91' lang='lat' dir='ltr'><strong>in</strong></span> <span class='ocrx_word' id='word_1_169' title='bbox 2349 1420 2604 1477; x_wconf 90' lang='lat' dir='ltr'><strong>ecclesiis</strong></span> <span class='ocrx_word' id='word_1_170' title='bbox 2636 1423 2739 1495; x_wconf 88' lang='lat' dir='ltr'><strong>legi</strong></span> <span class='ocrx_word' id='word_1_171' title='bbox 2760 1466 2773 1485; x_wconf 86' lang='lat'><strong>.</strong></span> <span class='ocrx_word' id='word_1_172' title='bbox 2808 1432 2975 1494; x_wconf 88' lang='lat' dir='ltr'><strong>atque</strong></span> <span class='ocrx_word' id='word_1_173' title='bbox 3004 1425 3056 1479; x_wconf 89' lang='lat' dir='ltr'><strong>in</strong></span> <span class='ocrx_word' id='word_1_174' title='bbox 3084 1425 3328 1480; x_wconf 88' lang='lat' dir='ltr'><strong>omnium</strong></span> <span class='ocrx_word' id='word_1_175' title='bbox 3357 1441 3487 1482; x_wconf 88' lang='lat' dir='ltr'><strong>esse</strong></span> <span class='ocrx_word' id='word_1_176' title='bbox 3512 1427 3707 1480; x_wconf 85' lang='lat' dir='ltr'><strong>mani-</strong></span> 
     </span>
    </p>
   </div>
   <div class='ocr_carea' id='block_1_15' title="bbox 474 1507 3702 1589">
    <p class='ocr_par' dir='ltr' id='par_1_15' title="bbox 474 1507 3702 1589">
     <span class='ocr_line' id='line_1_15' title="bbox 474 1507 3702 1589; baseline -0.002 -10"><span class='ocrx_word' id='word_1_177' title='bbox 474 1526 720 1579; x_wconf 83' lang='lat' dir='ltr'><strong>Alterum</strong></span> <span class='ocrx_word' id='word_1_178' title='bbox 769 1534 999 1576; x_wconf 67' lang='lat' dir='ltr'><strong>summae</strong></span> <span class='ocrx_word' id='word_1_179' title='bbox 1046 1516 1293 1587; x_wconf 88' lang='lat' dir='ltr'><strong>ejusdem</strong></span> <span class='ocrx_word' id='word_1_180' title='bbox 1342 1515 1469 1569; x_wconf 81' lang='lat' dir='ltr'><strong>libri</strong></span> <span class='ocrx_word' id='word_1_181' title='bbox 1521 1513 1773 1569; x_wconf 89' lang='lat' dir='ltr'><strong>utilitatis</strong></span> <span class='ocrx_word' id='word_1_182' title='bbox 1827 1527 1993 1582; x_wconf 87' lang='lat' dir='ltr'><strong>argu-</strong></span> <span class='ocrx_word' id='word_1_183' title='bbox 2093 1507 2233 1565; x_wconf 78' lang='lat' dir='ltr'><strong>bus?</strong></span> <span class='ocrx_word' id='word_1_184' title='bbox 2266 1510 2566 1567; x_wconf 90' lang='lat' dir='ltr'><strong>Dicendum</strong></span> <span class='ocrx_word' id='word_1_185' title='bbox 2614 1513 2802 1585; x_wconf 86' lang='lat' dir='ltr'><strong>itaque</strong></span> <span class='ocrx_word' id='word_1_186' title='bbox 2846 1513 3103 1571; x_wconf 81' lang='lat' dir='ltr'><strong>Hermam</strong></span> <span class='ocrx_word' id='word_1_187' title='bbox 3138 1518 3243 1572; x_wconf 90' lang='lat' dir='ltr'><strong>hoc</strong></span> <span class='ocrx_word' id='word_1_188' title='bbox 3270 1527 3382 1572; x_wconf 90' lang='lat' dir='ltr'><strong>tam</strong></span> <span class='ocrx_word' id='word_1_189' title='bbox 3416 1518 3702 1589; x_wconf 81' lang='lat' dir='ltr'><strong>singulari</strong></span> 
     </span>
    </p>
   </div>
   <div class='ocr_carea' id='block_1_16' title="bbox 404 1601 3703 1678">
    <p class='ocr_par' dir='ltr' id='par_1_16' title="bbox 404 1601 3703 1678">
     <span class='ocr_line' id='line_1_16' title="bbox 404 1601 3703 1678; baseline -0.003 -7"><span class='ocrx_word' id='word_1_190' title='bbox 404 1625 649 1671; x_wconf 88' lang='lat' dir='ltr'><strong>mentum</strong></span> <span class='ocrx_word' id='word_1_191' title='bbox 684 1614 810 1667; x_wconf 92' lang='lat' dir='ltr'><strong>hinc</strong></span> <span class='ocrx_word' id='word_1_192' title='bbox 841 1612 1108 1673; x_wconf 87' lang='lat' dir='ltr'><strong>eruimus,</strong></span> <span class='ocrx_word' id='word_1_193' title='bbox 1142 1609 1285 1678; x_wconf 89' lang='lat' dir='ltr'><strong>quod</strong></span> <span class='ocrx_word' id='word_1_194' title='bbox 1317 1607 1427 1673; x_wconf 89' lang='lat' dir='ltr'><strong>ille,</strong></span> <span class='ocrx_word' id='word_1_195' title='bbox 1470 1615 1609 1661; x_wconf 89' lang='lat' dir='ltr'><strong>teste</strong></span> <span class='ocrx_word' id='word_1_196' title='bbox 1640 1604 1898 1671; x_wconf 87' lang='lat' dir='ltr'><strong>Eusebio,</strong></span> <span class='ocrx_word' id='word_1_197' title='bbox 1935 1604 1989 1658; x_wconf 92' lang='lat' dir='ltr'><strong>in</strong></span> <span class='ocrx_word' id='word_1_198' title='bbox 2094 1601 2383 1670; x_wconf 87' lang='lat' dir='ltr'><strong>scripsisse</strong></span> <span class='ocrx_word' id='word_1_199' title='bbox 2426 1605 2567 1675; x_wconf 85' lang='lat' dir='ltr'><strong>stylo</strong></span> <span class='ocrx_word' id='word_1_200' title='bbox 2593 1645 2611 1671; x_wconf 95' lang='lat'><strong>,</strong></span> <span class='ocrx_word' id='word_1_201' title='bbox 2651 1607 2780 1677; x_wconf 91' lang='lat' dir='ltr'><strong>quia</strong></span> <span class='ocrx_word' id='word_1_202' title='bbox 2831 1607 2981 1662; x_wconf 92' lang='lat' dir='ltr'><strong>illum</strong></span> <span class='ocrx_word' id='word_1_203' title='bbox 3012 1608 3079 1663; x_wconf 89' lang='lat' dir='ltr'><strong>ad</strong></span> <span class='ocrx_word' id='word_1_204' title='bbox 3107 1608 3429 1664; x_wconf 87' lang='lat' dir='ltr'><strong>alliciendos</strong></span> <span class='ocrx_word' id='word_1_205' title='bbox 3458 1625 3703 1663; x_wconf 78' lang='lat' dir='ltr'><strong>moven-</strong></span> 
     </span>
    </p>
   </div>
   <div class='ocr_carea' id='block_1_17' title="bbox 402 1692 3698 1770">
    <p class='ocr_par' dir='ltr' id='par_1_17' title="bbox 402 1692 3698 1770">
     <span class='ocr_line' id='line_1_17' title="bbox 402 1692 3698 1770; baseline -0.001 -12"><span class='ocrx_word' id='word_1_206' title='bbox 402 1702 657 1758; x_wconf 87' lang='lat' dir='ltr'><strong>ecclesiis</strong></span> <span class='ocrx_word' id='word_1_207' title='bbox 688 1701 906 1769; x_wconf 86' lang='lat' dir='ltr'><strong>publice</strong></span> <span class='ocrx_word' id='word_1_208' title='bbox 944 1700 1237 1768; x_wconf 88' lang='lat' dir='ltr'><strong>legeretur.</strong></span> <span class='ocrx_word' id='word_1_209' title='bbox 1286 1695 1352 1750; x_wconf 85' lang='lat' dir='ltr'><strong>Et</strong></span> <span class='ocrx_word' id='word_1_210' title='bbox 1389 1696 1439 1749; x_wconf 92' lang='lat' dir='ltr'><strong>id</strong></span> <span class='ocrx_word' id='word_1_211' title='bbox 1482 1694 1701 1765; x_wconf 81' lang='lat' dir='ltr'><strong>quidem</strong></span> <span class='ocrx_word' id='word_1_212' title='bbox 1741 1709 1849 1748; x_wconf 91' lang='lat' dir='ltr'><strong>non</strong></span> <span class='ocrx_word' id='word_1_213' title='bbox 1894 1707 1989 1751; x_wconf 86' lang='lat' dir='ltr'><strong>so-</strong></span> <span class='ocrx_word' id='word_1_214' title='bbox 2022 1749 2064 1770; x_wconf 55' lang='lat' dir='ltr'><strong>n</strong></span> <span class='ocrx_word' id='word_1_215' title='bbox 2094 1692 2305 1763; x_wconf 91' lang='lat' dir='ltr'><strong>dosque</strong></span> <span class='ocrx_word' id='word_1_216' title='bbox 2367 1695 2651 1751; x_wconf 92' lang='lat' dir='ltr'><strong>hominum</strong></span> <span class='ocrx_word' id='word_1_217' title='bbox 2708 1700 2962 1766; x_wconf 84' lang='lat' dir='ltr'><strong>animos,</strong></span> <span class='ocrx_word' id='word_1_218' title='bbox 3016 1710 3181 1770; x_wconf 81' lang='lat' dir='ltr'><strong>atque</strong></span> <span class='ocrx_word' id='word_1_219' title='bbox 3240 1699 3307 1754; x_wconf 90' lang='lat' dir='ltr'><strong>ad</strong></span> <span class='ocrx_word' id='word_1_220' title='bbox 3358 1700 3698 1755; x_wconf 88' lang='lat' dir='ltr'><strong>tradendam</strong></span> 
     </span>
    </p>
   </div>
   <div class='ocr_carea' id='block_1_18' title="bbox 402 1749 3699 1865">
    <p class='ocr_par' dir='ltr' id='par_1_18' title="bbox 402 1749 3699 1865">
     <span class='ocr_line' id='line_1_18' title="bbox 405 1749 3698 1770; baseline -0.001 -6"><span class='ocrx_word' id='word_1_221' title='bbox 405 1749 655 1758; x_wconf 57' lang='grc' dir='ltr'><strong><em>μνη-ν-</em></strong></span> <span class='ocrx_word' id='word_1_222' title='bbox 688 1749 902 1769; x_wconf 58' lang='grc' dir='ltr'><strong>,ηη--η</strong></span> <span class='ocrx_word' id='word_1_223' title='bbox 944 1749 1236 1768; x_wconf 54' lang='grc' dir='ltr'><strong>--σ-ηηη</strong></span> <span class='ocrx_word' id='word_1_224' title='bbox 1339 1749 1346 1750; x_wconf 43' lang='grc' dir='ltr'><em>κ</em></span> <span class='ocrx_word' id='word_1_225' title='bbox 1502 1749 1515 1765; x_wconf 94' lang='grc'>.</span> <span class='ocrx_word' id='word_1_226' title='bbox 1895 1749 1900 1751; x_wconf 86' lang='grc'><strong>-</strong></span> <span class='ocrx_word' id='word_1_227' title='bbox 2214 1749 2229 1763; x_wconf 94' lang='grc'>.</span> <span class='ocrx_word' id='word_1_228' title='bbox 2948 1749 2962 1766; x_wconf 89' lang='grc'>,</span> <span class='ocrx_word' id='word_1_229' title='bbox 3018 1749 3179 1770; x_wconf 61' lang='grc' dir='ltr'><strong>--ιη</strong></span> <span class='ocrx_word' id='word_1_230' title='bbox 3241 1749 3307 1754; x_wconf 63' lang='grc' dir='ltr'><strong><em>η</em></strong></span> <span class='ocrx_word' id='word_1_231' title='bbox 3359 1749 3698 1755; x_wconf 63' lang='grc' dir='ltr'><strong>--ην----η</strong></span> 
     </span>
     <span class='ocr_line' id='line_1_19' title="bbox 402 1749 3699 1865; baseline -0 -16"><span class='ocrx_word' id='word_1_232' title='bbox 402 1795 515 1849; x_wconf 92' lang='lat' dir='ltr'><strong>lum</strong></span> <span class='ocrx_word' id='word_1_233' title='bbox 541 1795 609 1848; x_wconf 89' lang='lat' dir='ltr'><strong>ab</strong></span> <span class='ocrx_word' id='word_1_234' title='bbox 636 1793 729 1847; x_wconf 89' lang='lat' dir='ltr'><strong>illo</strong></span> <span class='ocrx_word' id='word_1_235' title='bbox 760 1792 1082 1847; x_wconf 90' lang='lat' dir='ltr'><strong>doctissimo</strong></span> <span class='ocrx_word' id='word_1_236' title='bbox 1108 1791 1227 1843; x_wconf 90' lang='lat' dir='ltr'><strong>viro</strong></span> <span class='ocrx_word' id='word_1_237' title='bbox 1250 1830 1263 1851; x_wconf 96' lang='lat'><strong>,</strong></span> <span class='ocrx_word' id='word_1_238' title='bbox 1298 1789 1390 1843; x_wconf 89' lang='lat' dir='ltr'><strong>sed</strong></span> <span class='ocrx_word' id='word_1_239' title='bbox 1422 1788 1586 1842; x_wconf 89' lang='lat' dir='ltr'><strong>etiam</strong></span> <span class='ocrx_word' id='word_1_240' title='bbox 1620 1788 1689 1841; x_wconf 91' lang='lat' dir='ltr'><strong>ab</strong></span> <span class='ocrx_word' id='word_1_241' title='bbox 1715 1785 1985 1858; x_wconf 87' lang='lat' dir='ltr'><strong>llierony-</strong></span> <span class='ocrx_word' id='word_1_242' title='bbox 2018 1749 2065 1809; x_wconf 63' lang='grc' dir='ltr'><strong><em>Β</em></strong></span> <span class='ocrx_word' id='word_1_243' title='bbox 2092 1785 2397 1843; x_wconf 89' lang='lat' dir='ltr'><strong>doctrinam</strong></span> <span class='ocrx_word' id='word_1_244' title='bbox 2450 1804 2609 1845; x_wconf 89' lang='lat' dir='ltr'><strong>suam</strong></span> <span class='ocrx_word' id='word_1_245' title='bbox 2640 1791 2986 1861; x_wconf 90' lang='lat' dir='ltr'><strong>aptissimum</strong></span> <span class='ocrx_word' id='word_1_246' title='bbox 3018 1803 3069 1849; x_wconf 90' lang='lat' dir='ltr'><strong>et</strong></span> <span class='ocrx_word' id='word_1_247' title='bbox 3107 1793 3560 1851; x_wconf 75' lang='lat' dir='ltr'><strong>efﬁcacissimum</strong></span> <span class='ocrx_word' id='word_1_248' title='bbox 3601 1796 3699 1865; x_wconf 84' lang='lat' dir='ltr'><strong>ju-</strong></span> 
     </span>
    </p>
   </div>
   <div class='ocr_carea' id='block_1_19' title="bbox 402 1876 2335 1953">
    <p class='ocr_par' dir='ltr' id='par_1_19' title="bbox 402 1876 2335 1953">
     <span class='ocr_line' id='line_1_20' title="bbox 402 1876 2335 1953; baseline -0.004 -11"><span class='ocrx_word' id='word_1_249' title='bbox 402 1902 496 1942; x_wconf 90' lang='lat' dir='ltr'><strong>mo</strong></span> <span class='ocrx_word' id='word_1_250' title='bbox 526 1886 761 1941; x_wconf 91' lang='lat' dir='ltr'><strong>traditur</strong></span> <span class='ocrx_word' id='word_1_251' title='bbox 790 1885 855 1951; x_wconf 83' lang='grc'><strong>⁸³,</strong></span> <span class='ocrx_word' id='word_1_252' title='bbox 884 1884 976 1953; x_wconf 91' lang='lat' dir='ltr'><strong>qui</strong></span> <span class='ocrx_word' id='word_1_253' title='bbox 1008 1903 1020 1937; x_wconf 87' lang='lat'><strong><em>:</em></strong></span> <span class='ocrx_word' id='word_1_254' title='bbox 1051 1882 1207 1952; x_wconf 83' lang='lat' dir='ltr'><strong>Apud</strong></span> <span class='ocrx_word' id='word_1_255' title='bbox 1223 1882 1507 1953; x_wconf 84' lang='lat' dir='ltr'><strong>quasdam,</strong></span> <span class='ocrx_word' id='word_1_256' title='bbox 1538 1880 1737 1949; x_wconf 88' lang='lat' dir='ltr'><strong>inquit,</strong></span> <span class='ocrx_word' id='word_1_257' title='bbox 1768 1879 1991 1937; x_wconf 65' lang='lat' dir='ltr'><strong>Gracia:</strong></span> <span class='ocrx_word' id='word_1_258' title='bbox 2091 1876 2335 1934; x_wconf 87' lang='lat' dir='ltr'><strong>dicabat.</strong></span> 
     </span>
    </p>
   </div>
   <div class='ocr_carea' id='block_1_20' title="bbox 402 1969 3157 2041">
    <p class='ocr_par' dir='ltr' id='par_1_20' title="bbox 402 1969 3157 2041">
     <span class='ocr_line' id='line_1_21' title="bbox 402 1969 3157 2041; baseline 0.001 -12"><span class='ocrx_word' id='word_1_259' title='bbox 402 1975 653 2029; x_wconf 85' lang='lat' dir='ltr'><strong>ecclesias</strong></span> <span class='ocrx_word' id='word_1_260' title='bbox 692 1974 854 2027; x_wconf 86' lang='lat' dir='ltr'><strong>etiam</strong></span> <span class='ocrx_word' id='word_1_261' title='bbox 876 1972 1082 2041; x_wconf 85' lang='lat' dir='ltr'><strong>publice</strong></span> <span class='ocrx_word' id='word_1_262' title='bbox 1106 1972 1345 2040; x_wconf 83' lang='lat' dir='ltr'><strong>legitur;</strong></span> <span class='ocrx_word' id='word_1_263' title='bbox 1377 1981 1429 2025; x_wconf 89' lang='lat' dir='ltr'><strong>et</strong></span> <span class='ocrx_word' id='word_1_264' title='bbox 1458 1986 1488 2024; x_wconf 92' lang='lat' dir='ltr'><strong>a</strong></span> <span class='ocrx_word' id='word_1_265' title='bbox 1515 1969 1713 2025; x_wconf 82' lang='lat' dir='ltr'><strong>Rufino</strong></span> <span class='ocrx_word' id='word_1_266' title='bbox 1736 1970 1780 2002; x_wconf 69' lang='grc'>³⁸</span> <span class='ocrx_word' id='word_1_267' title='bbox 1811 1986 1825 2022; x_wconf 85' lang='lat'><strong><em>:</em></strong></span> <span class='ocrx_word' id='word_1_268' title='bbox 1857 1970 1991 2035; x_wconf 68' lang='lat' dir='ltr'><strong>Qua:</strong></span> <span class='ocrx_word' id='word_1_269' title='bbox 2607 1972 3010 2031; x_wconf 75' lang='lat' dir='ltr'><strong>ARTICULUS</strong></span> <span class='ocrx_word' id='word_1_270' title='bbox 3041 1975 3157 2031; x_wconf 80' lang='lat' dir='ltr'><strong>XII.</strong></span> 
     </span>
    </p>
   </div>
   <div class='ocr_carea' id='block_1_21' title="bbox 403 2063 3459 2140">
    <p class='ocr_par' dir='ltr' id='par_1_21' title="bbox 403 2063 3459 2140">
     <span class='ocr_line' id='line_1_22' title="bbox 403 2063 3459 2140; baseline 0 -18"><span class='ocrx_word' id='word_1_271' title='bbox 403 2070 587 2123; x_wconf 86' lang='lat' dir='ltr'><strong>omnia</strong></span> <span class='ocrx_word' id='word_1_272' title='bbox 635 2068 738 2137; x_wconf 88' lang='lat' dir='ltr'><strong>legi</strong></span> <span class='ocrx_word' id='word_1_273' title='bbox 795 2066 1006 2136; x_wconf 83' lang='lat' dir='ltr'><strong>quidem</strong></span> <span class='ocrx_word' id='word_1_274' title='bbox 1037 2065 1091 2118; x_wconf 87' lang='lat' dir='ltr'><strong>in</strong></span> <span class='ocrx_word' id='word_1_275' title='bbox 1131 2064 1366 2118; x_wconf 70' lang='lat' dir='ltr'><strong>ecclesiis</strong></span> <span class='ocrx_word' id='word_1_276' title='bbox 1406 2064 1704 2117; x_wconf 79' lang='lat' dir='ltr'><strong>uoluerunt.</strong></span> <span class='ocrx_word' id='word_1_277' title='bbox 1741 2064 1811 2117; x_wconf 82' lang='lat' dir='ltr'><strong>At</strong></span> <span class='ocrx_word' id='word_1_278' title='bbox 1841 2071 1990 2117; x_wconf 87' lang='lat' dir='ltr'><strong>certe</strong></span> <span class='ocrx_word' id='word_1_279' title='bbox 2304 2063 2497 2121; x_wconf 81' lang='lat' dir='ltr'><strong>Utrum</strong></span> <span class='ocrx_word' id='word_1_280' title='bbox 2536 2069 2741 2139; x_wconf 84' lang='lat' dir='ltr'><strong>antiqui</strong></span> <span class='ocrx_word' id='word_1_281' title='bbox 2770 2066 2962 2123; x_wconf 78' lang='lat' dir='ltr'><strong>Patres</strong></span> <span class='ocrx_word' id='word_1_282' title='bbox 2990 2070 3115 2124; x_wconf 87' lang='lat' dir='ltr'><strong>illos</strong></span> <span class='ocrx_word' id='word_1_283' title='bbox 3145 2073 3459 2140; x_wconf 67' lang='lat' dir='ltr'><strong>spreverit&quot;.</strong></span> 
     </span>
    </p>
   </div>
   <div class='ocr_carea' id='block_1_22' title="bbox 402 2156 3697 2234">
    <p class='ocr_par' dir='ltr' id='par_1_22' title="bbox 402 2156 3697 2234">
     <span class='ocr_line' id='line_1_23' title="bbox 402 2156 3697 2234; baseline 0.002 -18"><span class='ocrx_word' id='word_1_284' title='bbox 402 2161 645 2232; x_wconf 90' lang='lat' dir='ltr'><strong>episc0pi</strong></span> <span class='ocrx_word' id='word_1_285' title='bbox 690 2160 839 2213; x_wconf 90' lang='lat' dir='ltr'><strong>illum</strong></span> <span class='ocrx_word' id='word_1_286' title='bbox 891 2160 944 2212; x_wconf 91' lang='lat' dir='ltr'><strong>in</strong></span> <span class='ocrx_word' id='word_1_287' title='bbox 985 2156 1233 2214; x_wconf 88' lang='lat' dir='ltr'><strong>ecclesiis</strong></span> <span class='ocrx_word' id='word_1_288' title='bbox 1260 2157 1478 2227; x_wconf 88' lang='lat' dir='ltr'><strong>publice</strong></span> <span class='ocrx_word' id='word_1_289' title='bbox 1510 2156 1613 2226; x_wconf 89' lang='lat' dir='ltr'><strong>legi</strong></span> <span class='ocrx_word' id='word_1_290' title='bbox 1658 2156 1987 2224; x_wconf 88' lang='lat' dir='ltr'><strong>noluissent,</strong></span> <span class='ocrx_word' id='word_1_291' title='bbox 2163 2157 2304 2225; x_wconf 87' lang='lat' dir='ltr'><strong>Quid</strong></span> <span class='ocrx_word' id='word_1_292' title='bbox 2329 2176 2481 2231; x_wconf 85' lang='lat' dir='ltr'><strong>ergo,</strong></span> <span class='ocrx_word' id='word_1_293' title='bbox 2519 2161 2735 2232; x_wconf 90' lang='lat' dir='ltr'><strong>inquies</strong></span> <span class='ocrx_word' id='word_1_294' title='bbox 2756 2203 2771 2228; x_wconf 94' lang='lat'><strong>,</strong></span> <span class='ocrx_word' id='word_1_295' title='bbox 2796 2162 3058 2232; x_wconf 85' lang='lat' dir='ltr'><strong>negarine</strong></span> <span class='ocrx_word' id='word_1_296' title='bbox 3083 2174 3260 2234; x_wconf 88' lang='lat' dir='ltr'><strong>potest</strong></span> <span class='ocrx_word' id='word_1_297' title='bbox 3292 2165 3442 2220; x_wconf 91' lang='lat' dir='ltr'><strong>hunc</strong></span> <span class='ocrx_word' id='word_1_298' title='bbox 3474 2166 3697 2221; x_wconf 80' lang='lat' dir='ltr'><strong>librum</strong></span> 
     </span>
    </p>
   </div>
   <div class='ocr_carea' id='block_1_23' title="bbox 403 2248 3698 2329">
    <p class='ocr_par' dir='ltr' id='par_1_23' title="bbox 403 2248 3698 2329">
     <span class='ocr_line' id='line_1_24' title="bbox 403 2248 3698 2329; baseline 0.002 -22"><span class='ocrx_word' id='word_1_299' title='bbox 403 2254 509 2308; x_wconf 90' lang='lat' dir='ltr'><strong>nisi</strong></span> <span class='ocrx_word' id='word_1_300' title='bbox 543 2253 868 2307; x_wconf 89' lang='lat' dir='ltr'><strong>habuissent</strong></span> <span class='ocrx_word' id='word_1_301' title='bbox 890 2251 1117 2305; x_wconf 92' lang='lat' dir='ltr'><strong>omnino</strong></span> <span class='ocrx_word' id='word_1_302' title='bbox 1149 2265 1497 2320; x_wconf 89' lang='lat' dir='ltr'><strong>persuasum,</strong></span> <span class='ocrx_word' id='word_1_303' title='bbox 1538 2250 1663 2304; x_wconf 89' lang='lat' dir='ltr'><strong>inde</strong></span> <span class='ocrx_word' id='word_1_304' title='bbox 1691 2248 1987 2319; x_wconf 90' lang='lat' dir='ltr'><strong>plurimam</strong></span> <span class='ocrx_word' id='word_1_305' title='bbox 2089 2252 2159 2307; x_wconf 82' lang='lat' dir='ltr'><strong>ab</strong></span> <span class='ocrx_word' id='word_1_306' title='bbox 2183 2254 2427 2323; x_wconf 86' lang='lat' dir='ltr'><strong>antiquis</strong></span> <span class='ocrx_word' id='word_1_307' title='bbox 2452 2253 2709 2311; x_wconf 86' lang='lat' dir='ltr'><strong>Patribus</strong></span> <span class='ocrx_word' id='word_1_308' title='bbox 2742 2257 2969 2326; x_wconf 91' lang='lat' dir='ltr'><strong>despici,</strong></span> <span class='ocrx_word' id='word_1_309' title='bbox 3013 2272 3077 2312; x_wconf 91' lang='lat' dir='ltr'><strong>ac</strong></span> <span class='ocrx_word' id='word_1_310' title='bbox 3117 2273 3217 2327; x_wconf 89' lang='lat' dir='ltr'><strong>pro</strong></span> <span class='ocrx_word' id='word_1_311' title='bbox 3257 2259 3431 2313; x_wconf 89' lang='lat' dir='ltr'><strong>nihilo</strong></span> <span class='ocrx_word' id='word_1_312' title='bbox 3460 2259 3698 2329; x_wconf 76' lang='lat' dir='ltr'><strong>putari?</strong></span> 
     </span>
    </p>
   </div>
   <div class='ocr_carea' id='block_1_24' title="bbox 402 2343 3690 2421">
    <p class='ocr_par' dir='ltr' id='par_1_24' title="bbox 402 2343 3690 2421">
     <span class='ocr_line' id='line_1_25' title="bbox 402 2343 3690 2421; baseline 0.002 -21"><span class='ocrx_word' id='word_1_313' title='bbox 402 2360 435 2400; x_wconf 86' lang='lat' dir='ltr'><strong>a</strong></span> <span class='ocrx_word' id='word_1_314' title='bbox 460 2345 789 2400; x_wconf 87' lang='lat' dir='ltr'><strong>Christianis</strong></span> <span class='ocrx_word' id='word_1_315' title='bbox 816 2345 1018 2414; x_wconf 83' lang='lat' dir='ltr'><strong>percipi</strong></span> <span class='ocrx_word' id='word_1_316' title='bbox 1056 2359 1217 2413; x_wconf 90' lang='lat' dir='ltr'><strong>posse</strong></span> <span class='ocrx_word' id='word_1_317' title='bbox 1248 2343 1559 2397; x_wconf 88' lang='lat' dir='ltr'><strong>utilitatem.</strong></span> <span class='ocrx_word' id='word_1_318' title='bbox 2088 2346 2248 2401; x_wconf 81' lang='lat' dir='ltr'><strong>Certe</strong></span> <span class='ocrx_word' id='word_1_319' title='bbox 2283 2347 2542 2418; x_wconf 82' lang='lat' dir='ltr'><strong>Origenes</strong></span> <span class='ocrx_word' id='word_1_320' title='bbox 2567 2348 2842 2417; x_wconf 85' lang='lat' dir='ltr'><strong>expressis</strong></span> <span class='ocrx_word' id='word_1_321' title='bbox 2866 2349 3047 2405; x_wconf 80' lang='lat' dir='ltr'><strong>verbis</strong></span> <span class='ocrx_word' id='word_1_322' title='bbox 3078 2350 3216 2404; x_wconf 80' lang='lat' dir='ltr'><strong>dixit</strong></span> <span class='ocrx_word' id='word_1_323' title='bbox 3243 2349 3290 2383; x_wconf 85' lang='lat'><strong>&quot;’</strong></span> <span class='ocrx_word' id='word_1_324' title='bbox 3324 2369 3337 2406; x_wconf 91' lang='lat'><strong>:</strong></span> <span class='ocrx_word' id='word_1_325' title='bbox 3373 2354 3413 2405; x_wconf 77' lang='grc' dir='ltr'><em>Α</em></span> <span class='ocrx_word' id='word_1_326' title='bbox 3454 2353 3690 2421; x_wconf 73' lang='lat' dir='ltr'><strong>quibus-</strong></span> 
     </span>
    </p>
   </div>
   <div class='ocr_carea' id='block_1_25' title="bbox 478 2431 3691 2515">
    <p class='ocr_par' dir='ltr' id='par_1_25' title="bbox 478 2431 3691 2515">
     <span class='ocr_line' id='line_1_26' title="bbox 478 2431 3691 2515; baseline -0.001 -23"><span class='ocrx_word' id='word_1_327' title='bbox 478 2437 750 2491; x_wconf 67' lang='lat' dir='ltr'><strong>Caeterum</strong></span> <span class='ocrx_word' id='word_1_328' title='bbox 811 2452 919 2489; x_wconf 91' lang='lat' dir='ltr'><strong>non</strong></span> <span class='ocrx_word' id='word_1_329' title='bbox 998 2436 1051 2489; x_wconf 82' lang='lat' dir='ltr'><strong>Ill</strong></span> <span class='ocrx_word' id='word_1_330' title='bbox 1110 2435 1357 2489; x_wconf 87' lang='lat' dir='ltr'><strong>ecclesiis</strong></span> <span class='ocrx_word' id='word_1_331' title='bbox 1394 2434 1661 2489; x_wconf 78' lang='lat' dir='ltr'><strong>duntaxat</strong></span> <span class='ocrx_word' id='word_1_332' title='bbox 1712 2432 1851 2487; x_wconf 85' lang='lat' dir='ltr'><strong>liber</strong></span> <span class='ocrx_word' id='word_1_333' title='bbox 1900 2431 1993 2487; x_wconf 61' lang='lat' dir='ltr'><strong>IIIS</strong></span> <span class='ocrx_word' id='word_1_334' title='bbox 2087 2440 2213 2494; x_wconf 84' lang='lat' dir='ltr'><strong>dam</strong></span> <span class='ocrx_word' id='word_1_335' title='bbox 2262 2443 2638 2496; x_wconf 72' lang='lat' dir='ltr'><strong>contemnitur,</strong></span> <span class='ocrx_word' id='word_1_336' title='bbox 2688 2440 3059 2499; x_wconf 71' lang='lat' dir='ltr'><strong>Tertulﬁanus</strong></span> <span class='ocrx_word' id='word_1_337' title='bbox 3106 2444 3347 2499; x_wconf 74' lang='lat' dir='ltr'><strong>vero”:</strong></span> <span class='ocrx_word' id='word_1_338' title='bbox 3391 2442 3691 2515; x_wconf 63' lang='lat' dir='ltr'><strong>Scriptura</strong></span> 
     </span>
    </p>
   </div>
   <div class='ocr_carea' id='block_1_26' title="bbox 402 2525 3691 2601">
    <p class='ocr_par' dir='ltr' id='par_1_26' title="bbox 402 2525 3691 2601">
     <span class='ocr_line' id='line_1_27' title="bbox 402 2525 3691 2601; baseline 0.003 -19"><span class='ocrx_word' id='word_1_339' title='bbox 402 2529 621 2601; x_wconf 88' lang='lat' dir='ltr'><strong>publice</strong></span> <span class='ocrx_word' id='word_1_340' title='bbox 667 2529 978 2599; x_wconf 85' lang='lat' dir='ltr'><strong>legebatur,</strong></span> <span class='ocrx_word' id='word_1_341' title='bbox 1034 2542 1221 2580; x_wconf 83' lang='lat' dir='ltr'><strong>verum</strong></span> <span class='ocrx_word' id='word_1_342' title='bbox 1268 2527 1429 2581; x_wconf 82' lang='lat' dir='ltr'><strong>etiam</strong></span> <span class='ocrx_word' id='word_1_343' title='bbox 1482 2537 1600 2580; x_wconf 79' lang='lat' dir='ltr'><strong>erat</strong></span> <span class='ocrx_word' id='word_1_344' title='bbox 1639 2525 1692 2579; x_wconf 91' lang='lat' dir='ltr'><strong>in</strong></span> <span class='ocrx_word' id='word_1_345' title='bbox 1736 2526 1984 2580; x_wconf 85' lang='lat' dir='ltr'><strong>omnium</strong></span> <span class='ocrx_word' id='word_1_346' title='bbox 2087 2530 2335 2586; x_wconf 79' lang='lat' dir='ltr'><strong>Pastoris</strong></span> <span class='ocrx_word' id='word_1_347' title='bbox 2368 2532 2485 2586; x_wconf 86' lang='lat' dir='ltr'><strong>sola</strong></span> <span class='ocrx_word' id='word_1_348' title='bbox 2525 2534 2751 2587; x_wconf 76' lang='lat' dir='ltr'><strong>mtecltos</strong></span> <span class='ocrx_word' id='word_1_349' title='bbox 2778 2544 2994 2589; x_wconf 91' lang='lat' dir='ltr'><strong>amat...</strong></span> <span class='ocrx_word' id='word_1_350' title='bbox 3031 2535 3095 2589; x_wconf 89' lang='lat' dir='ltr'><strong>ab</strong></span> <span class='ocrx_word' id='word_1_351' title='bbox 3133 2537 3276 2590; x_wconf 89' lang='lat' dir='ltr'><strong>omni</strong></span> <span class='ocrx_word' id='word_1_352' title='bbox 3304 2537 3532 2590; x_wconf 87' lang='lat' dir='ltr'><strong>concilio</strong></span> <span class='ocrx_word' id='word_1_353' title='bbox 3574 2537 3691 2591; x_wconf 81' lang='lat' dir='ltr'><strong>Ec—</strong></span> 
     </span>
    </p>
   </div>
   <div class='ocr_carea' id='block_1_27' title="bbox 402 2618 3689 2699">
    <p class='ocr_par' dir='ltr' id='par_1_27' title="bbox 402 2618 3689 2699">
     <span class='ocr_line' id='line_1_28' title="bbox 402 2618 3689 2699; baseline 0.005 -32"><span class='ocrx_word' id='word_1_354' title='bbox 402 2623 695 2688; x_wconf 74' lang='lat' dir='ltr'><strong>manibus,</strong></span> <span class='ocrx_word' id='word_1_355' title='bbox 749 2622 829 2675; x_wconf 78' lang='lat' dir='ltr'><strong>uti</strong></span> <span class='ocrx_word' id='word_1_356' title='bbox 892 2636 960 2675; x_wconf 77' lang='lat' dir='ltr'><strong>ex</strong></span> <span class='ocrx_word' id='word_1_357' title='bbox 1016 2618 1251 2691; x_wconf 77' lang='lat' dir='ltr'><strong>Origene</strong></span> <span class='ocrx_word' id='word_1_358' title='bbox 1300 2619 1563 2681; x_wconf 89' lang='lat' dir='ltr'><strong>vidimus,</strong></span> <span class='ocrx_word' id='word_1_359' title='bbox 1614 2627 1869 2687; x_wconf 87' lang='lat' dir='ltr'><strong>patetque</strong></span> <span class='ocrx_word' id='word_1_360' title='bbox 1917 2633 1985 2672; x_wconf 78' lang='lat' dir='ltr'><strong>ex</strong></span> <span class='ocrx_word' id='word_1_361' title='bbox 2087 2625 2371 2679; x_wconf 88' lang='lat' dir='ltr'><strong>clesiarum</strong></span> <span class='ocrx_word' id='word_1_362' title='bbox 2410 2627 2572 2679; x_wconf 86' lang='lat' dir='ltr'><strong>etiam</strong></span> <span class='ocrx_word' id='word_1_363' title='bbox 2602 2637 2893 2681; x_wconf 83' lang='lat' dir='ltr'><strong>vestrarum</strong></span> <span class='ocrx_word' id='word_1_364' title='bbox 2929 2629 3068 2682; x_wconf 86' lang='lat' dir='ltr'><strong>inter</strong></span> <span class='ocrx_word' id='word_1_365' title='bbox 3106 2629 3408 2699; x_wconf 73' lang='lat' dir='ltr'><strong>apocrypha</strong></span> <span class='ocrx_word' id='word_1_366' title='bbox 3442 2639 3493 2682; x_wconf 89' lang='lat' dir='ltr'><strong>et</strong></span> <span class='ocrx_word' id='word_1_367' title='bbox 3531 2631 3689 2699; x_wconf 74' lang='lat' dir='ltr'><strong>falsa</strong></span> 
     </span>
    </p>
   </div>
   <div class='ocr_carea' id='block_1_28' title="bbox 402 2708 3685 2790">
    <p class='ocr_par' dir='ltr' id='par_1_28' title="bbox 402 2708 3685 2790">
     <span class='ocr_line' id='line_1_29' title="bbox 402 2708 3685 2790; baseline 0.002 -21"><span class='ocrx_word' id='word_1_368' title='bbox 402 2714 730 2778; x_wconf 80' lang='lat' dir='ltr'><strong>Athanasio,</strong></span> <span class='ocrx_word' id='word_1_369' title='bbox 770 2712 863 2782; x_wconf 91' lang='lat' dir='ltr'><strong>qui</strong></span> <span class='ocrx_word' id='word_1_370' title='bbox 890 2712 1042 2765; x_wconf 93' lang='lat' dir='ltr'><strong>illum</strong></span> <span class='ocrx_word' id='word_1_371' title='bbox 1073 2710 1339 2779; x_wconf 82' lang='lat' dir='ltr'><strong>Catalogo</strong></span> <span class='ocrx_word' id='word_1_372' title='bbox 1368 2710 1632 2764; x_wconf 89' lang='lat' dir='ltr'><strong>librorum</strong></span> <span class='ocrx_word' id='word_1_373' title='bbox 1669 2709 1863 2762; x_wconf 88' lang='lat' dir='ltr'><strong>inserit</strong></span> <span class='ocrx_word' id='word_1_374' title='bbox 1890 2708 1936 2740; x_wconf 88' lang='grc'><strong>³⁸</strong></span> <span class='ocrx_word' id='word_1_375' title='bbox 1967 2727 1981 2763; x_wconf 90' lang='lat'><strong>:</strong></span> <span class='ocrx_word' id='word_1_376' title='bbox 2076 2715 2380 2785; x_wconf 84' lang='lat' dir='ltr'><strong>judicatur.</strong></span> <span class='ocrx_word' id='word_1_377' title='bbox 2412 2716 2779 2790; x_wconf 82' lang='lat' dir='ltr'><strong>Hieronymus</strong></span> <span class='ocrx_word' id='word_1_378' title='bbox 2806 2729 2987 2774; x_wconf 91' lang='lat' dir='ltr'><strong>autem</strong></span> <span class='ocrx_word' id='word_1_379' title='bbox 3012 2721 3165 2774; x_wconf 88' lang='lat' dir='ltr'><strong>illum</strong></span> <span class='ocrx_word' id='word_1_380' title='bbox 3191 2737 3298 2775; x_wconf 90' lang='lat' dir='ltr'><strong>non</strong></span> <span class='ocrx_word' id='word_1_381' title='bbox 3322 2722 3503 2776; x_wconf 89' lang='lat' dir='ltr'><strong>solum</strong></span> <span class='ocrx_word' id='word_1_382' title='bbox 3533 2737 3685 2777; x_wconf 81' lang='lat' dir='ltr'><strong>cou-</strong></span> 
     </span>
    </p>
   </div>
   <div class='ocr_carea' id='block_1_29' title="bbox 402 2799 1911 2880">
    <p class='ocr_par' dir='ltr' id='par_1_29' title="bbox 402 2799 1911 2874">
     <span class='ocr_line' id='line_1_30' title="bbox 402 2799 1911 2874; baseline -0.007 -11"><span class='ocrx_word' id='word_1_383' title='bbox 402 2809 549 2874; x_wconf 84' lang='lat' dir='ltr'><strong>Quos</strong></span> <span class='ocrx_word' id='word_1_384' title='bbox 593 2804 785 2860; x_wconf 82' lang='lat' dir='ltr'><strong>Patres</strong></span> <span class='ocrx_word' id='word_1_385' title='bbox 834 2810 1126 2856; x_wconf 78' lang='lat' dir='ltr'><strong>sanxerunt</strong></span> <span class='ocrx_word' id='word_1_386' title='bbox 1163 2801 1266 2870; x_wconf 83' lang='lat' dir='ltr'><strong>legi</strong></span> <span class='ocrx_word' id='word_1_387' title='bbox 1305 2802 1373 2854; x_wconf 90' lang='lat' dir='ltr'><strong>iis</strong></span> <span class='ocrx_word' id='word_1_388' title='bbox 1416 2802 1505 2871; x_wconf 87' lang='lat' dir='ltr'><strong>qui</strong></span> <span class='ocrx_word' id='word_1_389' title='bbox 1537 2800 1605 2853; x_wconf 86' lang='lat' dir='ltr'><strong>ad</strong></span> <span class='ocrx_word' id='word_1_390' title='bbox 1634 2799 1793 2869; x_wconf 79' lang='lat' dir='ltr'><strong>ﬁdem</strong></span> <span class='ocrx_word' id='word_1_391' title='bbox 1836 2816 1911 2853; x_wconf 72' lang='lat' dir='ltr'><strong>act</strong></span> 
     </span>
    </p>
   </div>
   <div class='ocr_carea' id='block_1_30' title="bbox 2175 2799 3684 2880">
    <p class='ocr_par' dir='ltr' id='par_1_30' title="bbox 2175 2808 3684 2880">
     <span class='ocr_line' id='line_1_31' title="bbox 2175 2808 3684 2880; baseline 0.001 -19"><span class='ocrx_word' id='word_1_392' title='bbox 2175 2809 2277 2874; x_wconf 74' lang='lat' dir='ltr'><strong>ini,</strong></span> <span class='ocrx_word' id='word_1_393' title='bbox 2309 2808 2402 2864; x_wconf 90' lang='lat' dir='ltr'><strong>sed</strong></span> <span class='ocrx_word' id='word_1_394' title='bbox 2436 2818 2491 2864; x_wconf 91' lang='lat' dir='ltr'><strong>et</strong></span> <span class='ocrx_word' id='word_1_395' title='bbox 2514 2809 2759 2864; x_wconf 60' lang='lat' dir='ltr'><strong>stultitiae</strong></span> <span class='ocrx_word' id='word_1_396' title='bbox 2791 2810 2944 2880; x_wconf 86' lang='lat' dir='ltr'><strong>argui</strong></span> <span class='ocrx_word' id='word_1_397' title='bbox 2973 2810 3266 2865; x_wconf 73' lang='lat' dir='ltr'><strong>testatur”</strong></span> <span class='ocrx_word' id='word_1_398' title='bbox 3301 2828 3315 2864; x_wconf 90' lang='lat'><strong>:</strong></span> <span class='ocrx_word' id='word_1_399' title='bbox 3356 2809 3518 2864; x_wconf 86' lang='lat' dir='ltr'><strong>Liber</strong></span> <span class='ocrx_word' id='word_1_400' title='bbox 3554 2809 3684 2877; x_wconf 75' lang='lat' dir='ltr'><strong>ille,</strong></span> 
     </span>
    </p>
   </div>
   <div class='ocr_carea' id='block_1_31' title="bbox 400 2889 1909 2970">
    <p class='ocr_par' dir='ltr' id='par_1_31' title="bbox 400 2889 1909 2965">
     <span class='ocr_line' id='line_1_32' title="bbox 400 2889 1909 2965; baseline -0.007 -11"><span class='ocrx_word' id='word_1_401' title='bbox 400 2901 557 2962; x_wconf 85' lang='lat' dir='ltr'><strong>dunt,</strong></span> <span class='ocrx_word' id='word_1_402' title='bbox 606 2897 929 2965; x_wconf 83' lang='lat' dir='ltr'><strong>cupiuntque</strong></span> <span class='ocrx_word' id='word_1_403' title='bbox 969 2894 1026 2947; x_wconf 88' lang='lat' dir='ltr'><strong>in</strong></span> <span class='ocrx_word' id='word_1_404' title='bbox 1074 2891 1491 2960; x_wconf 75' lang='lat' dir='ltr'><strong>pietatis‘verbo</strong></span> <span class='ocrx_word' id='word_1_405' title='bbox 1542 2891 1772 2944; x_wconf 81' lang='lat' dir='ltr'><strong>institui.</strong></span> <span class='ocrx_word' id='word_1_406' title='bbox 1826 2889 1909 2944; x_wconf 91' lang='lat' dir='ltr'><strong>Un</strong></span> 
     </span>
    </p>
   </div>
   <div class='ocr_carea' id='block_1_32' title="bbox 2180 2889 3689 2970">
    <p class='ocr_par' dir='ltr' id='par_1_32' title="bbox 2183 2890 3689 2970">
     <span class='ocr_line' id='line_1_33' title="bbox 2183 2890 3689 2970; baseline 0.002 -17"><span class='ocrx_word' id='word_1_407' title='bbox 2183 2900 2285 2966; x_wconf 88' lang='lat' dir='ltr'><strong>uit,</strong></span> <span class='ocrx_word' id='word_1_408' title='bbox 2330 2900 2662 2970; x_wconf 79' lang='lat' dir='ltr'><strong>apocryphus</strong></span> <span class='ocrx_word' id='word_1_409' title='bbox 2718 2899 2968 2954; x_wconf 74' lang='lat' dir='ltr'><strong>stultitia:</strong></span> <span class='ocrx_word' id='word_1_410' title='bbox 2997 2890 3426 2954; x_wconf 69' lang='lat' dir='ltr'><strong>condemnandus</strong></span> <span class='ocrx_word' id='word_1_411' title='bbox 3465 2911 3571 2964; x_wconf 84' lang='lat' dir='ltr'><strong>est,</strong></span> <span class='ocrx_word' id='word_1_412' title='bbox 3621 2904 3689 2956; x_wconf 69' lang='lat' dir='ltr'><strong>in</strong></span> 
     </span>
    </p>
   </div>
   <div class='ocr_carea' id='block_1_33' title="bbox 401 2981 3689 3063">
    <p class='ocr_par' dir='ltr' id='par_1_33' title="bbox 401 2981 3689 3063">
     <span class='ocr_line' id='line_1_34' title="bbox 401 2981 3689 3063; baseline 0.001 -16"><span class='ocrx_word' id='word_1_413' title='bbox 401 3006 600 3047; x_wconf 87' lang='lat' dir='ltr'><strong>rursus</strong></span> <span class='ocrx_word' id='word_1_414' title='bbox 653 2997 921 3058; x_wconf 89' lang='lat' dir='ltr'><strong>quantum</strong></span> <span class='ocrx_word' id='word_1_415' title='bbox 987 2985 1023 3039; x_wconf 91' lang='lat' dir='ltr'><strong>ii</strong></span> <span class='ocrx_word' id='word_1_416' title='bbox 1083 2985 1150 3039; x_wconf 91' lang='lat' dir='ltr'><strong>ad</strong></span> <span class='ocrx_word' id='word_1_417' title='bbox 1206 2983 1498 3039; x_wconf 89' lang='lat' dir='ltr'><strong>utilitatem</strong></span> <span class='ocrx_word' id='word_1_418' title='bbox 1540 2981 1979 3037; x_wconf 90' lang='lat' dir='ltr'><strong>Christianorum</strong></span> <span class='ocrx_word' id='word_1_419' title='bbox 2084 3007 2185 3061; x_wconf 91' lang='lat' dir='ltr'><strong>quo</strong></span> <span class='ocrx_word' id='word_1_420' title='bbox 2227 2991 2484 3059; x_wconf 79' lang='lat' dir='ltr'><strong>scriptum</strong></span> <span class='ocrx_word' id='word_1_421' title='bbox 2524 3002 2623 3059; x_wconf 88' lang='lat' dir='ltr'><strong>est,</strong></span> <span class='ocrx_word' id='word_1_422' title='bbox 2674 2992 2952 3061; x_wconf 87' lang='lat' dir='ltr'><strong>quemdam</strong></span> <span class='ocrx_word' id='word_1_423' title='bbox 2994 2992 3236 3060; x_wconf 87' lang='lat' dir='ltr'><strong>angelum</strong></span> <span class='ocrx_word' id='word_1_424' title='bbox 3273 2995 3483 3046; x_wconf 85' lang='lat' dir='ltr'><strong>nomine</strong></span> <span class='ocrx_word' id='word_1_425' title='bbox 3544 2993 3689 3063; x_wconf 80' lang='lat' dir='ltr'><strong>Tyri</strong></span> 
     </span>
    </p>
   </div>
   <div class='ocr_carea' id='block_1_34' title="bbox 403 3074 3688 3162">
    <p class='ocr_par' dir='ltr' id='par_1_34' title="bbox 403 3074 3688 3162">
     <span class='ocr_line' id='line_1_35' title="bbox 403 3074 3688 3162; baseline -0.002 -24"><span class='ocrx_word' id='word_1_426' title='bbox 403 3086 547 3139; x_wconf 84' lang='lat' dir='ltr'><strong>hanc</strong></span> <span class='ocrx_word' id='word_1_427' title='bbox 584 3080 1022 3136; x_wconf 89' lang='lat' dir='ltr'><strong>Iucubrationem</strong></span> <span class='ocrx_word' id='word_1_428' title='bbox 1048 3076 1358 3133; x_wconf 72' lang='lat' dir='ltr'><strong>conducere</strong></span> <span class='ocrx_word' id='word_1_429' title='bbox 1384 3074 1689 3140; x_wconf 89' lang='lat' dir='ltr'><strong>crederent,</strong></span> <span class='ocrx_word' id='word_1_430' title='bbox 1706 3074 1867 3129; x_wconf 69' lang='grc' dir='ltr'><strong>Τιιοηθ</strong></span> <span class='ocrx_word' id='word_1_431' title='bbox 1897 3074 1982 3128; x_wconf 87' lang='lat' dir='ltr'><strong>in-</strong></span> <span class='ocrx_word' id='word_1_432' title='bbox 2008 3100 2054 3162; x_wconf 67' lang='grc' dir='ltr'><strong>ϐ</strong></span> <span class='ocrx_word' id='word_1_433' title='bbox 2084 3100 2305 3153; x_wconf 71' lang='grc' dir='ltr'><strong>ρνωεεδε</strong></span> <span class='ocrx_word' id='word_1_434' title='bbox 2338 3083 2636 3155; x_wconf 74' lang='grc' dir='ltr'><strong>νεριὶιὶὺιιε,</strong></span> <span class='ocrx_word' id='word_1_435' title='bbox 2685 3084 2929 3155; x_wconf 78' lang='lat' dir='ltr'><strong>Denique</strong></span> <span class='ocrx_word' id='word_1_436' title='bbox 2966 3084 3205 3150; x_wconf 76' lang='lat' dir='ltr'><strong>Prosper</strong></span> <span class='ocrx_word' id='word_1_437' title='bbox 3232 3085 3491 3140; x_wconf 68' lang='lat' dir='ltr'><strong>Collalori</strong></span> <span class='ocrx_word' id='word_1_438' title='bbox 3517 3128 3534 3151; x_wconf 64' lang='lat'><strong>,</strong></span> <span class='ocrx_word' id='word_1_439' title='bbox 3568 3103 3688 3141; x_wconf 73' lang='lat' dir='ltr'><strong>au-</strong></span> 
     </span>
    </p>
   </div>
   <div class='ocr_carea' id='block_1_35' title="bbox 398 3174 3694 3250">
    <p class='ocr_par' dir='ltr' id='par_1_35' title="bbox 398 3174 3694 3250">
     <span class='ocr_line' id='line_1_36' title="bbox 398 3174 3694 3250; baseline 0.001 -19"><span class='ocrx_word' id='word_1_440' title='bbox 398 3174 680 3245; x_wconf 87' lang='lat' dir='ltr'><strong>telligitur.</strong></span> <span class='ocrx_word' id='word_1_441' title='bbox 2086 3177 2397 3231; x_wconf 88' lang='lat' dir='ltr'><strong>ctoritatem</strong></span> <span class='ocrx_word' id='word_1_442' title='bbox 2436 3174 2651 3231; x_wconf 68' lang='lat' dir='ltr'><strong>Hermae</strong></span> <span class='ocrx_word' id='word_1_443' title='bbox 2673 3178 2975 3247; x_wconf 90' lang='lat' dir='ltr'><strong>objicienti,</strong></span> <span class='ocrx_word' id='word_1_444' title='bbox 3009 3179 3360 3250; x_wconf 75' lang='lat' dir='ltr'><strong>respondet&quot;</strong></span> <span class='ocrx_word' id='word_1_445' title='bbox 3390 3196 3403 3229; x_wconf 94' lang='lat'>:</span> <span class='ocrx_word' id='word_1_446' title='bbox 3440 3177 3574 3233; x_wconf 81' lang='lat' dir='ltr'><strong>Post</strong></span> <span class='ocrx_word' id='word_1_447' title='bbox 3608 3182 3694 3233; x_wconf 84' lang='lat' dir='ltr'><strong>il-</strong></span> 
     </span>
    </p>
   </div>
   <div class='ocr_carea' id='block_1_36' title="bbox 470 3258 3695 3342">
    <p class='ocr_par' dir='ltr' id='par_1_36' title="bbox 470 3258 3695 3342">
     <span class='ocr_line' id='line_1_37' title="bbox 470 3258 3695 3342; baseline 0.004 -25"><span class='ocrx_word' id='word_1_448' title='bbox 470 3265 717 3321; x_wconf 87' lang='lat' dir='ltr'><strong>Tertium</strong></span> <span class='ocrx_word' id='word_1_449' title='bbox 765 3271 1146 3335; x_wconf 83' lang='lat' dir='ltr'><strong>argumentum</strong></span> <span class='ocrx_word' id='word_1_450' title='bbox 1190 3276 1257 3315; x_wconf 82' lang='lat' dir='ltr'><strong>ex</strong></span> <span class='ocrx_word' id='word_1_451' title='bbox 1306 3259 1394 3314; x_wconf 82' lang='lat' dir='ltr'><strong>his</strong></span> <span class='ocrx_word' id='word_1_452' title='bbox 1445 3258 1664 3314; x_wconf 82' lang='lat' dir='ltr'><strong>Eusebii</strong></span> <span class='ocrx_word' id='word_1_453' title='bbox 1723 3258 1905 3314; x_wconf 76' lang='lat' dir='ltr'><strong>verbis</strong></span> <span class='ocrx_word' id='word_1_454' title='bbox 1938 3259 1991 3291; x_wconf 67' lang='lat'><strong>“&#39;</strong></span> <span class='ocrx_word' id='word_1_455' title='bbox 2086 3267 2180 3321; x_wconf 87' lang='lat' dir='ltr'><strong>lud</strong></span> <span class='ocrx_word' id='word_1_456' title='bbox 2202 3278 2378 3322; x_wconf 87' lang='lat' dir='ltr'><strong>autem</strong></span> <span class='ocrx_word' id='word_1_457' title='bbox 2396 3268 2598 3323; x_wconf 87' lang='lat' dir='ltr'><strong>nullius</strong></span> <span class='ocrx_word' id='word_1_458' title='bbox 2633 3272 2971 3325; x_wconf 86' lang='lat' dir='ltr'><strong>auctoritatis</strong></span> <span class='ocrx_word' id='word_1_459' title='bbox 2996 3274 3535 3342; x_wconf 84' lang='lat' dir='ltr'><strong>testimonium.&#39;quod</strong></span> <span class='ocrx_word' id='word_1_460' title='bbox 3558 3274 3695 3329; x_wconf 80' lang='lat' dir='ltr'><strong>dis-</strong></span> 
     </span>
    </p>
   </div>
   <div class='ocr_carea' id='block_1_37' title="bbox 398 3353 1907 3429">
    <p class='ocr_par' dir='ltr' id='par_1_37' title="bbox 398 3353 1907 3422">
     <span class='ocr_line' id='line_1_38' title="bbox 398 3353 1907 3422; baseline -0.007 -6"><span class='ocrx_word' id='word_1_461' title='bbox 398 3361 581 3417; x_wconf 89' lang='lat' dir='ltr'><strong>adbuc</strong></span> <span class='ocrx_word' id='word_1_462' title='bbox 628 3358 847 3414; x_wconf 87' lang='lat' dir='ltr'><strong>elicitur</strong></span> <span class='ocrx_word' id='word_1_463' title='bbox 900 3374 914 3411; x_wconf 91' lang='lat'><strong>:</strong></span> <span class='ocrx_word' id='word_1_464' title='bbox 964 3355 1238 3422; x_wconf 84' lang='lat' dir='ltr'><strong>Quosdam</strong></span> <span class='ocrx_word' id='word_1_465' title='bbox 1279 3370 1345 3408; x_wconf 77' lang='lat' dir='ltr'><strong>ea:</strong></span> <span class='ocrx_word' id='word_1_466' title='bbox 1388 3354 1760 3408; x_wconf 82' lang='lat' dir='ltr'><strong>vetustissimis</strong></span> <span class='ocrx_word' id='word_1_467' title='bbox 1813 3353 1907 3422; x_wconf 67' lang='lat' dir='ltr'><strong>ipsi</strong></span> 
     </span>
    </p>
   </div>
   <div class='ocr_carea' id='block_1_38' title="bbox 1810 3353 3319 3429">
    <p class='ocr_par' dir='ltr' id='par_1_38' title="bbox 1813 3353 3319 3429">
     <span class='ocr_line' id='line_1_39' title="bbox 1813 3353 3319 3429; baseline 0.011 -25"><span class='ocrx_word' id='word_1_468' title='bbox 1813 3353 1981 3422; x_wconf 89' lang='lat' dir='ltr'><strong>ipsius</strong></span> <span class='ocrx_word' id='word_1_469' title='bbox 2084 3361 2351 3429; x_wconf 87' lang='lat' dir='ltr'><strong>putationi</strong></span> <span class='ocrx_word' id='word_1_470' title='bbox 2373 3376 2484 3413; x_wconf 74' lang='lat' dir='ltr'><strong>sua:</strong></span> <span class='ocrx_word' id='word_1_471' title='bbox 2507 3361 2571 3415; x_wconf 88' lang='lat' dir='ltr'><strong>de</strong></span> <span class='ocrx_word' id='word_1_472' title='bbox 2594 3361 2776 3415; x_wconf 89' lang='lat' dir='ltr'><strong>libello</strong></span> <span class='ocrx_word' id='word_1_473' title='bbox 2800 3362 3044 3417; x_wconf 87' lang='lat' dir='ltr'><strong>Pastoris</strong></span> <span class='ocrx_word' id='word_1_474' title='bbox 3073 3366 3319 3420; x_wconf 81' lang='lat' dir='ltr'><strong>inseruit.</strong></span> 
     </span>
    </p>
   </div>
   <div class='ocr_carea' id='block_1_39' title="bbox 398 3447 3697 3528">
    <p class='ocr_par' dir='ltr' id='par_1_39' title="bbox 398 3447 3697 3528">
     <span class='ocr_line' id='line_1_40' title="bbox 398 3447 3697 3528; baseline 0 -17"><span class='ocrx_word' id='word_1_475' title='bbox 398 3454 697 3511; x_wconf 85' lang='lat' dir='ltr'><strong>testimonio</strong></span> <span class='ocrx_word' id='word_1_476' title='bbox 737 3469 861 3507; x_wconf 87' lang='lat' dir='ltr'><strong>usos</strong></span> <span class='ocrx_word' id='word_1_477' title='bbox 901 3452 1084 3521; x_wconf 78' lang='lat' dir='ltr'><strong>fuisse.</strong></span> <span class='ocrx_word' id='word_1_478' title='bbox 1129 3449 1202 3503; x_wconf 88' lang='lat' dir='ltr'><strong>Ea</strong></span> <span class='ocrx_word' id='word_1_479' title='bbox 1238 3465 1475 3519; x_wconf 91' lang='lat' dir='ltr'><strong>namque</strong></span> <span class='ocrx_word' id='word_1_480' title='bbox 1524 3447 1815 3503; x_wconf 84' lang='lat' dir='ltr'><strong>manifeste</strong></span> <span class='ocrx_word' id='word_1_481' title='bbox 1855 3462 1986 3518; x_wconf 89' lang='lat' dir='ltr'><strong>pro-</strong></span> <span class='ocrx_word' id='word_1_482' title='bbox 2159 3450 2359 3505; x_wconf 82' lang='lat' dir='ltr'><strong>Verum</strong></span> <span class='ocrx_word' id='word_1_483' title='bbox 2385 3451 2429 3506; x_wconf 89' lang='lat' dir='ltr'><strong>si</strong></span> <span class='ocrx_word' id='word_1_484' title='bbox 2464 3452 2578 3506; x_wconf 68' lang='lat' dir='ltr'><strong>haec</strong></span> <span class='ocrx_word' id='word_1_485' title='bbox 2610 3449 2832 3507; x_wconf 90' lang='lat' dir='ltr'><strong>Patrum</strong></span> <span class='ocrx_word' id='word_1_486' title='bbox 2865 3454 3176 3510; x_wconf 89' lang='lat' dir='ltr'><strong>testimonia</strong></span> <span class='ocrx_word' id='word_1_487' title='bbox 3202 3456 3519 3528; x_wconf 88' lang='lat' dir='ltr'><strong>diligentius</strong></span> <span class='ocrx_word' id='word_1_488' title='bbox 3544 3472 3697 3512; x_wconf 79' lang='lat' dir='ltr'><strong>exa-</strong></span> 
     </span>
    </p>
   </div>
   <div class='ocr_carea' id='block_1_40' title="bbox 398 3541 3686 3623">
    <p class='ocr_par' dir='ltr' id='par_1_40' title="bbox 398 3541 3686 3623">
     <span class='ocr_line' id='line_1_41' title="bbox 398 3541 3686 3623; baseline -0.002 -14"><span class='ocrx_word' id='word_1_489' title='bbox 398 3554 532 3609; x_wconf 89' lang='lat' dir='ltr'><strong>bant</strong></span> <span class='ocrx_word' id='word_1_490' title='bbox 579 3560 788 3623; x_wconf 89' lang='lat' dir='ltr'><strong>quanto</strong></span> <span class='ocrx_word' id='word_1_491' title='bbox 858 3549 947 3603; x_wconf 92' lang='lat' dir='ltr'><strong>hic</strong></span> <span class='ocrx_word' id='word_1_492' title='bbox 1003 3548 1139 3602; x_wconf 88' lang='lat' dir='ltr'><strong>liber</strong></span> <span class='ocrx_word' id='word_1_493' title='bbox 1191 3545 1325 3615; x_wconf 83' lang='lat' dir='ltr'><strong>ipsis</strong></span> <span class='ocrx_word' id='word_1_494' title='bbox 1385 3545 1621 3614; x_wconf 88' lang='lat' dir='ltr'><strong>aliisque</strong></span> <span class='ocrx_word' id='word_1_495' title='bbox 1684 3543 1935 3613; x_wconf 89' lang='lat' dir='ltr'><strong>plurimis</strong></span> <span class='ocrx_word' id='word_1_496' title='bbox 1964 3583 1980 3609; x_wconf 95' lang='lat'><strong>,</strong></span> <span class='ocrx_word' id='word_1_497' title='bbox 2085 3541 2385 3606; x_wconf 90' lang='lat' dir='ltr'><strong>minentur,</strong></span> <span class='ocrx_word' id='word_1_498' title='bbox 2414 3541 2638 3610; x_wconf 88' lang='lat' dir='ltr'><strong>planum</strong></span> <span class='ocrx_word' id='word_1_499' title='bbox 2677 3542 2888 3614; x_wconf 86' lang='lat' dir='ltr'><strong>liquido</strong></span> <span class='ocrx_word' id='word_1_500' title='bbox 2916 3545 3008 3599; x_wconf 86' lang='lat' dir='ltr'><strong>fiet</strong></span> <span class='ocrx_word' id='word_1_501' title='bbox 3028 3545 3208 3615; x_wconf 90' lang='lat' dir='ltr'><strong>primo</strong></span> <span class='ocrx_word' id='word_1_502' title='bbox 3237 3548 3528 3618; x_wconf 81' lang='lat' dir='ltr'><strong>Origenem</strong></span> <span class='ocrx_word' id='word_1_503' title='bbox 3559 3565 3686 3605; x_wconf 84' lang='lat' dir='ltr'><strong>non</strong></span> 
     </span>
    </p>
   </div>
   <div class='ocr_carea' id='block_1_41' title="bbox 396 3630 3693 3717">
    <p class='ocr_par' dir='ltr' id='par_1_41' title="bbox 396 3630 3693 3717">
     <span class='ocr_line' id='line_1_42' title="bbox 396 3630 3693 3717; baseline -0.002 -16"><span class='ocrx_word' id='word_1_504' title='bbox 396 3647 490 3717; x_wconf 90' lang='lat' dir='ltr'><strong>qui</strong></span> <span class='ocrx_word' id='word_1_505' title='bbox 526 3661 592 3700; x_wconf 81' lang='lat' dir='ltr'><strong>ex</strong></span> <span class='ocrx_word' id='word_1_506' title='bbox 642 3645 733 3698; x_wconf 86' lang='lat' dir='ltr'><strong>illo</strong></span> <span class='ocrx_word' id='word_1_507' title='bbox 775 3642 979 3712; x_wconf 90' lang='lat' dir='ltr'><strong>pariter</strong></span> <span class='ocrx_word' id='word_1_508' title='bbox 1032 3638 1346 3693; x_wconf 87' lang='lat' dir='ltr'><strong>testimonia</strong></span> <span class='ocrx_word' id='word_1_509' title='bbox 1386 3638 1557 3690; x_wconf 91' lang='lat' dir='ltr'><strong>multa</strong></span> <span class='ocrx_word' id='word_1_510' title='bbox 1612 3636 1980 3707; x_wconf 86' lang='lat' dir='ltr'><strong>protulerunt,</strong></span> <span class='ocrx_word' id='word_1_511' title='bbox 2084 3630 2308 3697; x_wconf 78' lang='lat' dir='ltr'><strong>dixisse,</strong></span> <span class='ocrx_word' id='word_1_512' title='bbox 2335 3632 2429 3703; x_wconf 91' lang='lat' dir='ltr'><strong>qui</strong></span> <span class='ocrx_word' id='word_1_513' title='bbox 2454 3631 2681 3700; x_wconf 90' lang='lat' dir='ltr'><strong>fuerint,</strong></span> <span class='ocrx_word' id='word_1_514' title='bbox 2709 3635 2937 3705; x_wconf 90' lang='lat' dir='ltr'><strong>cujusve</strong></span> <span class='ocrx_word' id='word_1_515' title='bbox 2964 3638 3228 3702; x_wconf 88' lang='lat' dir='ltr'><strong>nominis,</strong></span> <span class='ocrx_word' id='word_1_516' title='bbox 3254 3638 3693 3708; x_wconf 76' lang='lat' dir='ltr'><strong>velquibusra—</strong></span> 
     </span>
    </p>
   </div>
   <div class='ocr_carea' id='block_1_42' title="bbox 396 3724 3691 3804">
    <p class='ocr_par' dir='ltr' id='par_1_42' title="bbox 396 3724 3691 3804">
     <span class='ocr_line' id='line_1_43' title="bbox 396 3724 3691 3804; baseline -0.001 -13"><span class='ocrx_word' id='word_1_517' title='bbox 396 3735 563 3792; x_wconf 88' lang='lat' dir='ltr'><strong>fuerit</strong></span> <span class='ocrx_word' id='word_1_518' title='bbox 595 3736 647 3788; x_wconf 90' lang='lat' dir='ltr'><strong>in</strong></span> <span class='ocrx_word' id='word_1_519' title='bbox 689 3733 882 3804; x_wconf 88' lang='lat' dir='ltr'><strong>pretio.</strong></span> <span class='ocrx_word' id='word_1_520' title='bbox 927 3727 1082 3797; x_wconf 69' lang='lat' dir='ltr'><strong>Quod</strong></span> <span class='ocrx_word' id='word_1_521' title='bbox 1142 3744 1274 3782; x_wconf 91' lang='lat' dir='ltr'><strong>sane</strong></span> <span class='ocrx_word' id='word_1_522' title='bbox 1315 3743 1380 3782; x_wconf 86' lang='lat' dir='ltr'><strong>ex</strong></span> <span class='ocrx_word' id='word_1_523' title='bbox 1431 3729 1677 3798; x_wconf 87' lang='lat' dir='ltr'><strong>ipsorum</strong></span> <span class='ocrx_word' id='word_1_524' title='bbox 1710 3729 1913 3791; x_wconf 90' lang='lat' dir='ltr'><strong>verbis,</strong></span> <span class='ocrx_word' id='word_1_525' title='bbox 1948 3742 1979 3782; x_wconf 89' lang='lat' dir='ltr'><strong>a</strong></span> <span class='ocrx_word' id='word_1_526' title='bbox 2088 3724 2331 3780; x_wconf 90' lang='lat' dir='ltr'><strong>tionibus</strong></span> <span class='ocrx_word' id='word_1_527' title='bbox 2364 3725 2509 3793; x_wconf 90' lang='lat' dir='ltr'><strong>fulti,</strong></span> <span class='ocrx_word' id='word_1_528' title='bbox 2540 3726 2576 3781; x_wconf 86' lang='lat' dir='ltr'><strong>ii</strong></span> <span class='ocrx_word' id='word_1_529' title='bbox 2597 3727 2692 3797; x_wconf 93' lang='lat' dir='ltr'><strong>qui</strong></span> <span class='ocrx_word' id='word_1_530' title='bbox 2722 3727 2868 3784; x_wconf 93' lang='lat' dir='ltr'><strong>hunc</strong></span> <span class='ocrx_word' id='word_1_531' title='bbox 2891 3728 3089 3783; x_wconf 90' lang='lat' dir='ltr'><strong>librum</strong></span> <span class='ocrx_word' id='word_1_532' title='bbox 3122 3730 3424 3800; x_wconf 83' lang='lat' dir='ltr'><strong>despicatui</strong></span> <span class='ocrx_word' id='word_1_533' title='bbox 3458 3732 3691 3788; x_wconf 81' lang='lat' dir='ltr'><strong>habue-</strong></span> 
     </span>
    </p>
   </div>
   <div class='ocr_carea' id='block_1_43' title="bbox 396 3818 3687 3896">
    <p class='ocr_par' dir='ltr' id='par_1_43' title="bbox 396 3818 3687 3896">
     <span class='ocr_line' id='line_1_44' title="bbox 396 3818 3687 3896; baseline -0.001 -12"><span class='ocrx_word' id='word_1_534' title='bbox 396 3829 558 3884; x_wconf 85' lang='lat' dir='ltr'><strong>nobis</strong></span> <span class='ocrx_word' id='word_1_535' title='bbox 582 3828 722 3883; x_wconf 89' lang='lat' dir='ltr'><strong>inter</strong></span> <span class='ocrx_word' id='word_1_536' title='bbox 770 3833 1017 3879; x_wconf 88' lang='lat' dir='ltr'><strong>veterum</strong></span> <span class='ocrx_word' id='word_1_537' title='bbox 1049 3824 1363 3879; x_wconf 88' lang='lat' dir='ltr'><strong>testimonia</strong></span> <span class='ocrx_word' id='word_1_538' title='bbox 1408 3820 1617 3885; x_wconf 80' lang='lat' dir='ltr'><strong>relatis,</strong></span> <span class='ocrx_word' id='word_1_539' title='bbox 1646 3820 1849 3876; x_wconf 90' lang='lat' dir='ltr'><strong>clarius</strong></span> <span class='ocrx_word' id='word_1_540' title='bbox 1884 3835 1981 3889; x_wconf 89' lang='lat' dir='ltr'><strong>pa—</strong></span> <span class='ocrx_word' id='word_1_541' title='bbox 2084 3828 2232 3871; x_wconf 88' lang='lat' dir='ltr'><strong>runt.</strong></span> <span class='ocrx_word' id='word_1_542' title='bbox 2263 3818 2333 3873; x_wconf 83' lang='lat' dir='ltr'><strong>At</strong></span> <span class='ocrx_word' id='word_1_543' title='bbox 2357 3829 2503 3873; x_wconf 91' lang='lat' dir='ltr'><strong>certe</strong></span> <span class='ocrx_word' id='word_1_544' title='bbox 2537 3836 2604 3873; x_wconf 78' lang='lat' dir='ltr'><strong>ex</strong></span> <span class='ocrx_word' id='word_1_545' title='bbox 2642 3821 2815 3890; x_wconf 87' lang='lat' dir='ltr'><strong>ipsius</strong></span> <span class='ocrx_word' id='word_1_546' title='bbox 2856 3829 3037 3876; x_wconf 90' lang='lat' dir='ltr'><strong>mente</strong></span> <span class='ocrx_word' id='word_1_547' title='bbox 3060 3837 3155 3876; x_wconf 89' lang='lat' dir='ltr'><strong>eos</strong></span> <span class='ocrx_word' id='word_1_548' title='bbox 3184 3823 3449 3878; x_wconf 86' lang='lat' dir='ltr'><strong>obscuros</strong></span> <span class='ocrx_word' id='word_1_549' title='bbox 3472 3823 3687 3896; x_wconf 83' lang='lat' dir='ltr'><strong>fuisse,</strong></span> 
     </span>
    </p>
   </div>
   <div class='ocr_carea' id='block_1_44' title="bbox 398 3910 3689 3984">
    <p class='ocr_par' dir='ltr' id='par_1_44' title="bbox 398 3910 3689 3984">
     <span class='ocr_line' id='line_1_45' title="bbox 398 3910 3689 3984; baseline 0.011 -45"><span class='ocrx_word' id='word_1_550' title='bbox 398 3920 551 3975; x_wconf 46' lang='lat' dir='ltr'><strong>Ialm.</strong></span> <span class='ocrx_word' id='word_1_551' title='bbox 2086 3910 2290 3964; x_wconf 90' lang='lat' dir='ltr'><strong>nullius</strong></span> <span class='ocrx_word' id='word_1_552' title='bbox 2334 3911 2708 3978; x_wconf 91' lang='lat' dir='ltr'><strong>auctoritatis,</strong></span> <span class='ocrx_word' id='word_1_553' title='bbox 2747 3913 3025 3984; x_wconf 85' lang='lat' dir='ltr'><strong>nullisque</strong></span> <span class='ocrx_word' id='word_1_554' title='bbox 3061 3914 3337 3969; x_wconf 86' lang='lat' dir='ltr'><strong>rationum</strong></span> <span class='ocrx_word' id='word_1_555' title='bbox 3371 3921 3689 3977; x_wconf 81' lang='lat' dir='ltr'><strong>momentis</strong></span> 
     </span>
    </p>
   </div>
   <div class='ocr_carea' id='block_1_45' title="bbox 467 4001 3682 4079">
    <p class='ocr_par' dir='ltr' id='par_1_45' title="bbox 467 4001 3682 4079">
     <span class='ocr_line' id='line_1_46' title="bbox 467 4001 3682 4079; baseline 0.001 -15"><span class='ocrx_word' id='word_1_556' title='bbox 467 4011 735 4078; x_wconf 89' lang='lat' dir='ltr'><strong>Quartum</strong></span> <span class='ocrx_word' id='word_1_557' title='bbox 770 4014 1153 4077; x_wconf 88' lang='lat' dir='ltr'><strong>argumentum</strong></span> <span class='ocrx_word' id='word_1_558' title='bbox 1187 4004 1273 4059; x_wconf 91' lang='lat' dir='ltr'><strong>bis</strong></span> <span class='ocrx_word' id='word_1_559' title='bbox 1309 4003 1483 4057; x_wconf 91' lang='lat' dir='ltr'><strong>tribus</strong></span> <span class='ocrx_word' id='word_1_560' title='bbox 1515 4001 1840 4057; x_wconf 87' lang='lat' dir='ltr'><strong>Eusebianis</strong></span> <span class='ocrx_word' id='word_1_561' title='bbox 1867 4016 1976 4055; x_wconf 87' lang='lat' dir='ltr'><strong>non</strong></span> <span class='ocrx_word' id='word_1_562' title='bbox 2084 4002 2347 4069; x_wconf 90' lang='lat' dir='ltr'><strong>munitos,</strong></span> <span class='ocrx_word' id='word_1_563' title='bbox 2374 4002 2501 4057; x_wconf 90' lang='lat' dir='ltr'><strong>inde</strong></span> <span class='ocrx_word' id='word_1_564' title='bbox 2533 4004 3030 4075; x_wconf 85' lang='lat' dir='ltr'><strong>colligimus,quod</strong></span> <span class='ocrx_word' id='word_1_565' title='bbox 3056 4007 3139 4059; x_wconf 88' lang='lat' dir='ltr'><strong>vir</strong></span> <span class='ocrx_word' id='word_1_566' title='bbox 3169 4007 3256 4062; x_wconf 91' lang='lat' dir='ltr'><strong>ille</strong></span> <span class='ocrx_word' id='word_1_567' title='bbox 3284 4010 3682 4079; x_wconf 83' lang='lat' dir='ltr'><strong>doctissimus,</strong></span> 
     </span>
    </p>
   </div>
   <div class='ocr_carea' id='block_1_46' title="bbox 395 4093 3682 4173">
    <p class='ocr_par' dir='ltr' id='par_1_46' title="bbox 395 4093 3682 4173">
     <span class='ocr_line' id='line_1_47' title="bbox 395 4093 3682 4173; baseline -0 -12"><span class='ocrx_word' id='word_1_568' title='bbox 395 4104 699 4173; x_wconf 84' lang='lat' dir='ltr'><strong>incongrue</strong></span> <span class='ocrx_word' id='word_1_569' title='bbox 750 4100 977 4154; x_wconf 88' lang='lat' dir='ltr'><strong>forsitan</strong></span> <span class='ocrx_word' id='word_1_570' title='bbox 1015 4097 1265 4167; x_wconf 84' lang='lat' dir='ltr'><strong>adjicies,</strong></span> <span class='ocrx_word' id='word_1_571' title='bbox 1313 4096 1599 4149; x_wconf 89' lang='lat' dir='ltr'><strong>utilitatem</strong></span> <span class='ocrx_word' id='word_1_572' title='bbox 1647 4095 1812 4164; x_wconf 89' lang='lat' dir='ltr'><strong>hujus</strong></span> <span class='ocrx_word' id='word_1_573' title='bbox 1853 4093 1977 4147; x_wconf 91' lang='lat' dir='ltr'><strong>libri</strong></span> <span class='ocrx_word' id='word_1_574' title='bbox 2083 4096 2162 4149; x_wconf 89' lang='lat' dir='ltr'><strong>uti</strong></span> <span class='ocrx_word' id='word_1_575' title='bbox 2190 4096 2447 4162; x_wconf 85' lang='lat' dir='ltr'><strong>vidimus,</strong></span> <span class='ocrx_word' id='word_1_576' title='bbox 2466 4096 2771 4151; x_wconf 91' lang='lat' dir='ltr'><strong>doctrinam</strong></span> <span class='ocrx_word' id='word_1_577' title='bbox 2794 4098 2848 4152; x_wconf 93' lang='lat' dir='ltr'><strong>in</strong></span> <span class='ocrx_word' id='word_1_578' title='bbox 2874 4099 3183 4155; x_wconf 86' lang='lat' dir='ltr'><strong>hoceodem</strong></span> <span class='ocrx_word' id='word_1_579' title='bbox 3213 4100 3357 4155; x_wconf 90' lang='lat' dir='ltr'><strong>libro</strong></span> <span class='ocrx_word' id='word_1_580' title='bbox 3383 4103 3682 4173; x_wconf 87' lang='lat' dir='ltr'><strong>traditam,</strong></span> 
     </span>
    </p>
   </div>
   <div class='ocr_carea' id='block_1_47' title="bbox 390 4186 3163 4266">
    <p class='ocr_par' dir='ltr' id='par_1_47' title="bbox 390 4186 3163 4266">
     <span class='ocr_line' id='line_1_48' title="bbox 390 4186 3163 4266; baseline -0.002 -16"><span class='ocrx_word' id='word_1_581' title='bbox 390 4211 462 4254; x_wconf 78' lang='lat' dir='ltr'><strong>ex</strong></span> <span class='ocrx_word' id='word_1_582' title='bbox 492 4195 613 4266; x_wconf 89' lang='lat' dir='ltr'><strong>ejus</strong></span> <span class='ocrx_word' id='word_1_583' title='bbox 643 4194 899 4257; x_wconf 85' lang='lat' dir='ltr'><strong>lectione,</strong></span> <span class='ocrx_word' id='word_1_584' title='bbox 934 4190 1017 4245; x_wconf 92' lang='lat' dir='ltr'><strong>vel</strong></span> <span class='ocrx_word' id='word_1_585' title='bbox 1050 4191 1213 4244; x_wconf 89' lang='lat' dir='ltr'><strong>etiam</strong></span> <span class='ocrx_word' id='word_1_586' title='bbox 1241 4205 1307 4243; x_wconf 87' lang='lat' dir='ltr'><strong>ex</strong></span> <span class='ocrx_word' id='word_1_587' title='bbox 1340 4189 1452 4242; x_wconf 90' lang='lat' dir='ltr'><strong>sola</strong></span> <span class='ocrx_word' id='word_1_588' title='bbox 1485 4188 1654 4251; x_wconf 92' lang='lat' dir='ltr'><strong>illius,</strong></span> <span class='ocrx_word' id='word_1_589' title='bbox 1690 4204 1853 4257; x_wconf 90' lang='lat' dir='ltr'><strong>quam</strong></span> <span class='ocrx_word' id='word_1_590' title='bbox 1883 4188 1979 4242; x_wconf 84' lang='lat' dir='ltr'><strong>de-</strong></span> <span class='ocrx_word' id='word_1_591' title='bbox 2082 4186 2338 4240; x_wconf 85' lang='lat' dir='ltr'><strong>divinitus</strong></span> <span class='ocrx_word' id='word_1_592' title='bbox 2369 4188 2685 4256; x_wconf 85' lang='lat' dir='ltr'><strong>inspiratam</strong></span> <span class='ocrx_word' id='word_1_593' title='bbox 2709 4204 2833 4244; x_wconf 85' lang='lat' dir='ltr'><strong>esse</strong></span> <span class='ocrx_word' id='word_1_594' title='bbox 2870 4192 3163 4258; x_wconf 81' lang='lat' dir='ltr'><strong>putaverit.</strong></span> 
     </span>
    </p>
   </div>
   <div class='ocr_carea' id='block_1_48' title="bbox 392 4280 3678 4357">
    <p class='ocr_par' dir='ltr' id='par_1_48' title="bbox 392 4280 3678 4357">
     <span class='ocr_line' id='line_1_49' title="bbox 392 4280 3678 4357; baseline -0 -13"><span class='ocrx_word' id='word_1_595' title='bbox 392 4288 600 4354; x_wconf 91' lang='lat' dir='ltr'><strong>dimus,</strong></span> <span class='ocrx_word' id='word_1_596' title='bbox 628 4285 837 4356; x_wconf 79' lang='lat' dir='ltr'><strong>analysi</strong></span> <span class='ocrx_word' id='word_1_597' title='bbox 881 4299 1044 4353; x_wconf 88' lang='lat' dir='ltr'><strong>posse</strong></span> <span class='ocrx_word' id='word_1_598' title='bbox 1077 4298 1105 4335; x_wconf 93' lang='lat' dir='ltr'><strong>a</strong></span> <span class='ocrx_word' id='word_1_599' title='bbox 1138 4281 1387 4350; x_wconf 88' lang='lat' dir='ltr'><strong>quolibet</strong></span> <span class='ocrx_word' id='word_1_600' title='bbox 1434 4280 1595 4335; x_wconf 91' lang='lat' dir='ltr'><strong>facile</strong></span> <span class='ocrx_word' id='word_1_601' title='bbox 1618 4282 1862 4351; x_wconf 84' lang='lat' dir='ltr'><strong>agnosci.</strong></span> <span class='ocrx_word' id='word_1_602' title='bbox 1896 4280 1975 4336; x_wconf 82' lang='lat' dir='ltr'><strong>Ex</strong></span> <span class='ocrx_word' id='word_1_603' title='bbox 2152 4280 2308 4348; x_wconf 91' lang='lat' dir='ltr'><strong>Quod</strong></span> <span class='ocrx_word' id='word_1_604' title='bbox 2337 4290 2547 4352; x_wconf 89' lang='lat' dir='ltr'><strong>spectat</strong></span> <span class='ocrx_word' id='word_1_605' title='bbox 2582 4282 2649 4336; x_wconf 92' lang='lat' dir='ltr'><strong>ad</strong></span> <span class='ocrx_word' id='word_1_606' title='bbox 2678 4280 3098 4351; x_wconf 90' lang='lat' dir='ltr'><strong>Tertullianum,</strong></span> <span class='ocrx_word' id='word_1_607' title='bbox 3123 4294 3329 4340; x_wconf 87' lang='lat' dir='ltr'><strong>certum</strong></span> <span class='ocrx_word' id='word_1_608' title='bbox 3370 4294 3457 4341; x_wconf 88' lang='lat' dir='ltr'><strong>est</strong></span> <span class='ocrx_word' id='word_1_609' title='bbox 3486 4287 3678 4357; x_wconf 88' lang='lat' dir='ltr'><strong>illum,</strong></span> 
     </span>
    </p>
   </div>
   <div class='ocr_carea' id='block_1_49' title="bbox 393 4371 3681 4447">
    <p class='ocr_par' dir='ltr' id='par_1_49' title="bbox 393 4371 3681 4447">
     <span class='ocr_line' id='line_1_50' title="bbox 393 4371 3681 4447; baseline -0.001 -13"><span class='ocrx_word' id='word_1_610' title='bbox 393 4380 484 4434; x_wconf 89' lang='lat' dir='ltr'><strong>illa</strong></span> <span class='ocrx_word' id='word_1_611' title='bbox 518 4376 790 4447; x_wconf 87' lang='lat' dir='ltr'><strong>siquidem</strong></span> <span class='ocrx_word' id='word_1_612' title='bbox 840 4372 999 4427; x_wconf 90' lang='lat' dir='ltr'><strong>facile</strong></span> <span class='ocrx_word' id='word_1_613' title='bbox 1028 4371 1306 4440; x_wconf 80' lang='lat' dir='ltr'><strong>Colligitur</strong></span> <span class='ocrx_word' id='word_1_614' title='bbox 1350 4372 1593 4426; x_wconf 90' lang='lat' dir='ltr'><strong>auctoris</strong></span> <span class='ocrx_word' id='word_1_615' title='bbox 1626 4372 1798 4427; x_wconf 88' lang='lat' dir='ltr'><strong>nostri</strong></span> <span class='ocrx_word' id='word_1_616' title='bbox 1849 4387 1976 4427; x_wconf 77' lang='lat' dir='ltr'><strong>sco—</strong></span> <span class='ocrx_word' id='word_1_617' title='bbox 2082 4389 2207 4428; x_wconf 91' lang='lat' dir='ltr'><strong>cum</strong></span> <span class='ocrx_word' id='word_1_618' title='bbox 2234 4373 2349 4427; x_wconf 64' lang='lat' dir='ltr'><strong>haec</strong></span> <span class='ocrx_word' id='word_1_619' title='bbox 2381 4372 2667 4436; x_wconf 88' lang='lat' dir='ltr'><strong>scriberet,</strong></span> <span class='ocrx_word' id='word_1_620' title='bbox 2690 4372 2803 4443; x_wconf 88' lang='lat' dir='ltr'><strong>jam</strong></span> <span class='ocrx_word' id='word_1_621' title='bbox 2837 4374 2890 4427; x_wconf 91' lang='lat' dir='ltr'><strong>in</strong></span> <span class='ocrx_word' id='word_1_622' title='bbox 2917 4372 3375 4430; x_wconf 86' lang='lat' dir='ltr'><strong>Montanistarum</strong></span> <span class='ocrx_word' id='word_1_623' title='bbox 3402 4378 3681 4437; x_wconf 82' lang='lat' dir='ltr'><strong>incidisse</strong></span> 
     </span>
    </p>
   </div>
   <div class='ocr_carea' id='block_1_50' title="bbox 391 4452 3676 4541">
    <p class='ocr_par' dir='ltr' id='par_1_50' title="bbox 391 4452 3676 4541">
     <span class='ocr_line' id='line_1_51' title="bbox 391 4452 3676 4541; baseline 0 -19"><span class='ocrx_word' id='word_1_624' title='bbox 391 4485 522 4541; x_wconf 90' lang='lat' dir='ltr'><strong>pum</strong></span> <span class='ocrx_word' id='word_1_625' title='bbox 563 4482 687 4522; x_wconf 89' lang='lat' dir='ltr'><strong>esse</strong></span> <span class='ocrx_word' id='word_1_626' title='bbox 718 4464 968 4519; x_wconf 90' lang='lat' dir='ltr'><strong>homines</strong></span> <span class='ocrx_word' id='word_1_627' title='bbox 1000 4464 1067 4518; x_wconf 92' lang='lat' dir='ltr'><strong>ad</strong></span> <span class='ocrx_word' id='word_1_628' title='bbox 1110 4462 1373 4533; x_wconf 86' lang='lat' dir='ltr'><strong>agendam</strong></span> <span class='ocrx_word' id='word_1_629' title='bbox 1412 4474 1761 4532; x_wconf 87' lang='lat' dir='ltr'><strong>peccatorum</strong></span> <span class='ocrx_word' id='word_1_630' title='bbox 1803 4466 1978 4533; x_wconf 75' lang='lat' dir='ltr'><strong>pceni-</strong></span> <span class='ocrx_word' id='word_1_631' title='bbox 2010 4452 2055 4508; x_wconf 86' lang='grc' dir='ltr'><strong>Ῑ)</strong></span> <span class='ocrx_word' id='word_1_632' title='bbox 2082 4464 2333 4517; x_wconf 65' lang='grc' dir='ltr'><strong>ἣξει-θείω</strong></span> <span class='ocrx_word' id='word_1_633' title='bbox 2369 4480 2384 4523; x_wconf 84' lang='lat'><strong>:</strong></span> <span class='ocrx_word' id='word_1_634' title='bbox 2423 4464 2669 4533; x_wconf 92' lang='lat' dir='ltr'><strong>nullique</strong></span> <span class='ocrx_word' id='word_1_635' title='bbox 2701 4464 2908 4519; x_wconf 92' lang='lat' dir='ltr'><strong>idcirco</strong></span> <span class='ocrx_word' id='word_1_636' title='bbox 2945 4466 3145 4519; x_wconf 88' lang='lat' dir='ltr'><strong>mirum</strong></span> <span class='ocrx_word' id='word_1_637' title='bbox 3184 4482 3307 4522; x_wconf 87' lang='lat' dir='ltr'><strong>esse</strong></span> <span class='ocrx_word' id='word_1_638' title='bbox 3353 4468 3590 4538; x_wconf 88' lang='lat' dir='ltr'><strong>debere,</strong></span> <span class='ocrx_word' id='word_1_639' title='bbox 3623 4474 3676 4528; x_wconf 87' lang='lat' dir='ltr'><strong>si</strong></span> 
     </span>
    </p>
   </div>
   <div class='ocr_carea' id='block_1_51' title="bbox 391 4551 3672 4627">
    <p class='ocr_par' dir='ltr' id='par_1_51' title="bbox 391 4551 3672 4627">
     <span class='ocr_line' id='line_1_52' title="bbox 391 4551 3672 4627; baseline -0.001 -12"><span class='ocrx_word' id='word_1_640' title='bbox 391 4563 643 4625; x_wconf 84' lang='lat' dir='ltr'><strong>tentiam,</strong></span> <span class='ocrx_word' id='word_1_641' title='bbox 668 4562 734 4614; x_wconf 93' lang='lat' dir='ltr'><strong>ad</strong></span> <span class='ocrx_word' id='word_1_642' title='bbox 758 4559 1087 4615; x_wconf 76' lang='lat' dir='ltr'><strong>indefessum</strong></span> <span class='ocrx_word' id='word_1_643' title='bbox 1112 4553 1406 4610; x_wconf 83' lang='lat' dir='ltr'><strong>virtutibus</strong></span> <span class='ocrx_word' id='word_1_644' title='bbox 1430 4556 1709 4623; x_wconf 91' lang='lat' dir='ltr'><strong>omnibus,</strong></span> <span class='ocrx_word' id='word_1_645' title='bbox 1739 4572 1973 4627; x_wconf 90' lang='lat' dir='ltr'><strong>quarum</strong></span> <span class='ocrx_word' id='word_1_646' title='bbox 2081 4564 2195 4609; x_wconf 74' lang='lat' dir='ltr'><strong>tum</strong></span> <span class='ocrx_word' id='word_1_647' title='bbox 2222 4554 2313 4607; x_wconf 92' lang='lat' dir='ltr'><strong>ille</strong></span> <span class='ocrx_word' id='word_1_648' title='bbox 2342 4553 2611 4623; x_wconf 88' lang='lat' dir='ltr'><strong>objectam</strong></span> <span class='ocrx_word' id='word_1_649' title='bbox 2639 4567 2668 4605; x_wconf 93' lang='lat' dir='ltr'><strong>a</strong></span> <span class='ocrx_word' id='word_1_650' title='bbox 2685 4552 2983 4611; x_wconf 84' lang='lat' dir='ltr'><strong>Catholicis</strong></span> <span class='ocrx_word' id='word_1_651' title='bbox 3004 4551 3217 4609; x_wconf 85' lang='lat' dir='ltr'><strong>Hermae</strong></span> <span class='ocrx_word' id='word_1_652' title='bbox 3249 4558 3672 4625; x_wconf 88' lang='lat' dir='ltr'><strong>auctoritatem,</strong></span> 
     </span>
    </p>
   </div>
   <div class='ocr_carea' id='block_1_52' title="bbox 390 4634 3678 4733">
    <p class='ocr_par' dir='ltr' id='par_1_52' title="bbox 390 4634 3678 4733">
     <span class='ocr_line' id='line_1_53' title="bbox 390 4634 3678 4733; baseline -0 -24"><span class='ocrx_word' id='word_1_653' title='bbox 390 4634 843 4733; x_wconf 66' lang='lat' dir='ltr'><strong>praestantissima</strong></span> <span class='ocrx_word' id='word_1_654' title='bbox 888 4669 1120 4722; x_wconf 83' lang='lat' dir='ltr'><strong>quaeque</strong></span> <span class='ocrx_word' id='word_1_655' title='bbox 1166 4660 1434 4722; x_wconf 80' lang='lat' dir='ltr'><strong>praecepta</strong></span> <span class='ocrx_word' id='word_1_656' title='bbox 1487 4651 1683 4717; x_wconf 85' lang='lat' dir='ltr'><strong>tradit,</strong></span> <span class='ocrx_word' id='word_1_657' title='bbox 1739 4650 1973 4706; x_wconf 91' lang='lat' dir='ltr'><strong>dandam</strong></span> <span class='ocrx_word' id='word_1_658' title='bbox 2078 4663 2221 4704; x_wconf 89' lang='lat' dir='ltr'><strong>vano</strong></span> <span class='ocrx_word' id='word_1_659' title='bbox 2265 4655 2579 4717; x_wconf 87' lang='lat' dir='ltr'><strong>contemptu</strong></span> <span class='ocrx_word' id='word_1_660' title='bbox 2632 4656 2946 4717; x_wconf 91' lang='lat' dir='ltr'><strong>conatuque</strong></span> <span class='ocrx_word' id='word_1_661' title='bbox 2993 4647 3151 4702; x_wconf 87' lang='lat' dir='ltr'><strong>irrito</strong></span> <span class='ocrx_word' id='word_1_662' title='bbox 3209 4648 3433 4705; x_wconf 86' lang='lat' dir='ltr'><strong>eludere</strong></span> <span class='ocrx_word' id='word_1_663' title='bbox 3486 4662 3678 4708; x_wconf 86' lang='lat' dir='ltr'><strong>tenta-</strong></span> 
     </span>
    </p>
   </div>
   <div class='ocr_carea' id='block_1_53' title="bbox 389 4742 2236 4817">
    <p class='ocr_par' dir='ltr' id='par_1_53' title="bbox 389 4742 2236 4817">
     <span class='ocr_line' id='line_1_54' title="bbox 389 4742 2236 4817; baseline -0.003 -16"><span class='ocrx_word' id='word_1_664' title='bbox 389 4764 638 4817; x_wconf 87' lang='lat' dir='ltr'><strong>operam,</strong></span> <span class='ocrx_word' id='word_1_665' title='bbox 666 4747 731 4801; x_wconf 92' lang='lat' dir='ltr'><strong>ad</strong></span> <span class='ocrx_word' id='word_1_666' title='bbox 765 4745 1174 4817; x_wconf 87' lang='lat' dir='ltr'><strong>persecutiones</strong></span> <span class='ocrx_word' id='word_1_667' title='bbox 1209 4752 1593 4815; x_wconf 81' lang='lat' dir='ltr'><strong>tyrannorum,</strong></span> <span class='ocrx_word' id='word_1_668' title='bbox 1615 4743 1842 4814; x_wconf 90' lang='lat' dir='ltr'><strong>jamjam</strong></span> <span class='ocrx_word' id='word_1_669' title='bbox 1878 4744 1977 4797; x_wconf 81' lang='lat' dir='ltr'><strong>im-</strong></span> <span class='ocrx_word' id='word_1_670' title='bbox 2075 4742 2236 4797; x_wconf 89' lang='lat' dir='ltr'><strong>verit.</strong></span> 
     </span>
    </p>
   </div>
   <div class='ocr_carea' id='block_1_54' title="bbox 390 4834 3675 4909">
    <p class='ocr_par' dir='ltr' id='par_1_54' title="bbox 390 4834 3675 4909">
     <span class='ocr_line' id='line_1_55' title="bbox 390 4834 3675 4909; baseline -0 -13"><span class='ocrx_word' id='word_1_671' title='bbox 390 4841 661 4896; x_wconf 80' lang='lat' dir='ltr'><strong>mittentes</strong></span> <span class='ocrx_word' id='word_1_672' title='bbox 684 4881 699 4905; x_wconf 95' lang='lat'><strong>,</strong></span> <span class='ocrx_word' id='word_1_673' title='bbox 734 4838 1029 4893; x_wconf 84' lang='lat' dir='ltr'><strong>fortissime</strong></span> <span class='ocrx_word' id='word_1_674' title='bbox 1054 4845 1109 4891; x_wconf 90' lang='lat' dir='ltr'><strong>et</strong></span> <span class='ocrx_word' id='word_1_675' title='bbox 1135 4838 1201 4892; x_wconf 90' lang='lat' dir='ltr'><strong>ad</strong></span> <span class='ocrx_word' id='word_1_676' title='bbox 1232 4846 1464 4892; x_wconf 90' lang='lat' dir='ltr'><strong>mortem</strong></span> <span class='ocrx_word' id='word_1_677' title='bbox 1491 4853 1663 4907; x_wconf 91' lang='lat' dir='ltr'><strong>usque</strong></span> <span class='ocrx_word' id='word_1_678' title='bbox 1689 4837 1971 4905; x_wconf 88' lang='lat' dir='ltr'><strong>patientis-</strong></span> <span class='ocrx_word' id='word_1_679' title='bbox 2146 4835 2320 4890; x_wconf 89' lang='lat' dir='ltr'><strong>Porro</strong></span> <span class='ocrx_word' id='word_1_680' title='bbox 2362 4835 2407 4890; x_wconf 92' lang='lat' dir='ltr'><strong>si</strong></span> <span class='ocrx_word' id='word_1_681' title='bbox 2438 4836 2737 4891; x_wconf 89' lang='lat' dir='ltr'><strong>contendas</strong></span> <span class='ocrx_word' id='word_1_682' title='bbox 2787 4834 2920 4889; x_wconf 92' lang='lat' dir='ltr'><strong>illud</strong></span> <span class='ocrx_word' id='word_1_683' title='bbox 2964 4850 3154 4889; x_wconf 89' lang='lat' dir='ltr'><strong>verum</strong></span> <span class='ocrx_word' id='word_1_684' title='bbox 3197 4850 3340 4902; x_wconf 87' lang='lat' dir='ltr'><strong>esse,</strong></span> <span class='ocrx_word' id='word_1_685' title='bbox 3370 4838 3520 4907; x_wconf 88' lang='lat' dir='ltr'><strong>quod</strong></span> <span class='ocrx_word' id='word_1_686' title='bbox 3548 4838 3675 4909; x_wconf 83' lang='lat' dir='ltr'><strong>ipse</strong></span> 
     </span>
    </p>
   </div>
   <div class='ocr_carea' id='block_1_55' title="bbox 388 4927 3672 5000">
    <p class='ocr_par' dir='ltr' id='par_1_55' title="bbox 388 4927 3672 5000">
     <span class='ocr_line' id='line_1_56' title="bbox 388 4927 3672 5000; baseline 0 -14"><span class='ocrx_word' id='word_1_687' title='bbox 388 4931 529 4988; x_wconf 80' lang='lat' dir='ltr'><strong>sime</strong></span> <span class='ocrx_word' id='word_1_688' title='bbox 596 4930 946 4985; x_wconf 76' lang='lat' dir='ltr'><strong>sustinendus</strong></span> <span class='ocrx_word' id='word_1_689' title='bbox 966 4970 979 4995; x_wconf 96' lang='lat'><strong>,</strong></span> <span class='ocrx_word' id='word_1_690' title='bbox 1041 4929 1317 4984; x_wconf 91' lang='lat' dir='ltr'><strong>adhortari</strong></span> <span class='ocrx_word' id='word_1_691' title='bbox 1345 4968 1361 4995; x_wconf 93' lang='lat'><strong>,</strong></span> <span class='ocrx_word' id='word_1_692' title='bbox 1403 4929 1727 4995; x_wconf 87' lang='lat' dir='ltr'><strong>incendere,</strong></span> <span class='ocrx_word' id='word_1_693' title='bbox 1770 4939 1963 4998; x_wconf 87' lang='lat' dir='ltr'><strong>atque,</strong></span> <span class='ocrx_word' id='word_1_694' title='bbox 2074 4930 2292 5000; x_wconf 88' lang='lat' dir='ltr'><strong>adjecit,</strong></span> <span class='ocrx_word' id='word_1_695' title='bbox 2323 4929 2466 4984; x_wconf 89' lang='lat' dir='ltr'><strong>hanc</strong></span> <span class='ocrx_word' id='word_1_696' title='bbox 2483 4931 2809 4999; x_wconf 85' lang='lat' dir='ltr'><strong>scripturam</strong></span> <span class='ocrx_word' id='word_1_697' title='bbox 2832 4928 2899 4983; x_wconf 89' lang='lat' dir='ltr'><strong>ab</strong></span> <span class='ocrx_word' id='word_1_698' title='bbox 2929 4927 3187 4984; x_wconf 87' lang='lat' dir='ltr'><strong>Ecclesiis</strong></span> <span class='ocrx_word' id='word_1_699' title='bbox 3209 4929 3499 4985; x_wconf 90' lang='lat' dir='ltr'><strong>catholicis</strong></span> <span class='ocrx_word' id='word_1_700' title='bbox 3519 4933 3672 4987; x_wconf 84' lang='lat' dir='ltr'><strong>inter</strong></span> 
     </span>
    </p>
   </div>
   <div class='ocr_carea' id='block_1_56' title="bbox 385 5019 3669 5093">
    <p class='ocr_par' dir='ltr' id='par_1_56' title="bbox 385 5019 3669 5093">
     <span class='ocr_line' id='line_1_57' title="bbox 385 5019 3669 5093; baseline -0.001 -11"><span class='ocrx_word' id='word_1_701' title='bbox 385 5023 438 5082; x_wconf 78' lang='grc' dir='ltr'><strong>εἰ</strong></span> <span class='ocrx_word' id='word_1_702' title='bbox 484 5024 567 5078; x_wconf 92' lang='lat' dir='ltr'><strong>fas</strong></span> <span class='ocrx_word' id='word_1_703' title='bbox 613 5022 840 5090; x_wconf 91' lang='lat' dir='ltr'><strong>fuisset,</strong></span> <span class='ocrx_word' id='word_1_704' title='bbox 888 5022 1233 5093; x_wconf 89' lang='lat' dir='ltr'><strong>compellere.</strong></span> <span class='ocrx_word' id='word_1_705' title='bbox 1281 5020 1417 5087; x_wconf 66' lang='lat' dir='ltr'><strong>Quae</strong></span> <span class='ocrx_word' id='word_1_706' title='bbox 1456 5020 1706 5092; x_wconf 87' lang='lat' dir='ltr'><strong>profecto</strong></span> <span class='ocrx_word' id='word_1_707' title='bbox 1745 5032 1966 5090; x_wconf 68' lang='lat' dir='ltr'><strong>quanta:</strong></span> <span class='ocrx_word' id='word_1_708' title='bbox 2077 5020 2391 5091; x_wconf 82' lang='lat' dir='ltr'><strong>apocrypha</strong></span> <span class='ocrx_word' id='word_1_709' title='bbox 2421 5030 2476 5075; x_wconf 92' lang='lat' dir='ltr'><strong>et</strong></span> <span class='ocrx_word' id='word_1_710' title='bbox 2503 5019 2639 5075; x_wconf 91' lang='lat' dir='ltr'><strong>falsa</strong></span> <span class='ocrx_word' id='word_1_711' title='bbox 2673 5020 2934 5089; x_wconf 89' lang='lat' dir='ltr'><strong>judicari,</strong></span> <span class='ocrx_word' id='word_1_712' title='bbox 2975 5036 3299 5089; x_wconf 90' lang='lat' dir='ltr'><strong>responsum</strong></span> <span class='ocrx_word' id='word_1_713' title='bbox 3330 5022 3577 5093; x_wconf 87' lang='lat' dir='ltr'><strong>accipies</strong></span> <span class='ocrx_word' id='word_1_714' title='bbox 3601 5026 3669 5078; x_wconf 80' lang='lat' dir='ltr'><strong>il-</strong></span> 
     </span>
    </p>
   </div>
   <div class='ocr_carea' id='block_1_57' title="bbox 383 5112 3665 5185">
    <p class='ocr_par' dir='ltr' id='par_1_57' title="bbox 383 5112 3665 5185">
     <span class='ocr_line' id='line_1_58' title="bbox 383 5112 3665 5185; baseline -0 -12"><span class='ocrx_word' id='word_1_715' title='bbox 383 5113 719 5173; x_wconf 81' lang='lat' dir='ltr'><strong>Christianis</strong></span> <span class='ocrx_word' id='word_1_716' title='bbox 738 5114 1130 5179; x_wconf 90' lang='lat' dir='ltr'><strong>sintutilitatis,</strong></span> <span class='ocrx_word' id='word_1_717' title='bbox 1156 5128 1440 5166; x_wconf 89' lang='lat' dir='ltr'><strong>nemonou</strong></span> <span class='ocrx_word' id='word_1_718' title='bbox 1470 5113 1636 5167; x_wconf 88' lang='lat' dir='ltr'><strong>videt.</strong></span> <span class='ocrx_word' id='word_1_719' title='bbox 2076 5113 2189 5167; x_wconf 91' lang='lat' dir='ltr'><strong>lum</strong></span> <span class='ocrx_word' id='word_1_720' title='bbox 2219 5129 2285 5167; x_wconf 87' lang='lat' dir='ltr'><strong>eo</strong></span> <span class='ocrx_word' id='word_1_721' title='bbox 2312 5122 2524 5167; x_wconf 90' lang='lat' dir='ltr'><strong>tantum</strong></span> <span class='ocrx_word' id='word_1_722' title='bbox 2562 5127 2728 5166; x_wconf 90' lang='lat' dir='ltr'><strong>sensu</strong></span> <span class='ocrx_word' id='word_1_723' title='bbox 2776 5112 2857 5166; x_wconf 89' lang='lat' dir='ltr'><strong>sic</strong></span> <span class='ocrx_word' id='word_1_724' title='bbox 2897 5112 3175 5179; x_wconf 90' lang='lat' dir='ltr'><strong>locutum,</strong></span> <span class='ocrx_word' id='word_1_725' title='bbox 3220 5124 3280 5170; x_wconf 88' lang='lat' dir='ltr'><strong>ut</strong></span> <span class='ocrx_word' id='word_1_726' title='bbox 3322 5116 3665 5185; x_wconf 81' lang='lat' dir='ltr'><strong>significaret</strong></span> 
     </span>
    </p>
   </div>
   <div class='ocr_carea' id='block_1_58' title="bbox 460 5202 3665 5275">
    <p class='ocr_par' dir='ltr' id='par_1_58' title="bbox 460 5202 3665 5275">
     <span class='ocr_line' id='line_1_59' title="bbox 460 5202 3665 5275; baseline 0.001 -15"><span class='ocrx_word' id='word_1_727' title='bbox 460 5204 849 5261; x_wconf 80' lang='lat' dir='ltr'><strong>Verumtamen</strong></span> <span class='ocrx_word' id='word_1_728' title='bbox 902 5205 946 5260; x_wconf 92' lang='lat' dir='ltr'><strong>si</strong></span> <span class='ocrx_word' id='word_1_729' title='bbox 987 5206 1054 5259; x_wconf 88' lang='lat' dir='ltr'><strong>de</strong></span> <span class='ocrx_word' id='word_1_730' title='bbox 1088 5206 1329 5259; x_wconf 89' lang='lat' dir='ltr'><strong>auctoris</strong></span> <span class='ocrx_word' id='word_1_731' title='bbox 1362 5205 1535 5259; x_wconf 91' lang='lat' dir='ltr'><strong>nostri</strong></span> <span class='ocrx_word' id='word_1_732' title='bbox 1568 5205 1710 5259; x_wconf 91' lang='lat' dir='ltr'><strong>libro</strong></span> <span class='ocrx_word' id='word_1_733' title='bbox 1740 5215 1964 5261; x_wconf 91' lang='lat' dir='ltr'><strong>senten-</strong></span> <span class='ocrx_word' id='word_1_734' title='bbox 2077 5204 2219 5259; x_wconf 92' lang='lat' dir='ltr'><strong>hanc</strong></span> <span class='ocrx_word' id='word_1_735' title='bbox 2253 5202 2690 5258; x_wconf 88' lang='lat' dir='ltr'><strong>Iucubrationem</strong></span> <span class='ocrx_word' id='word_1_736' title='bbox 2742 5203 2885 5256; x_wconf 86' lang='lat' dir='ltr'><strong>inter</strong></span> <span class='ocrx_word' id='word_1_737' title='bbox 2918 5218 3110 5258; x_wconf 89' lang='lat' dir='ltr'><strong>sacros</strong></span> <span class='ocrx_word' id='word_1_738' title='bbox 3152 5202 3453 5275; x_wconf 73' lang='lat' dir='ltr'><strong>Scriptura:</strong></span> <span class='ocrx_word' id='word_1_739' title='bbox 3489 5206 3665 5263; x_wconf 77' lang='lat' dir='ltr'><strong>libros</strong></span> 
     </span>
    </p>
   </div>
   <div class='ocr_carea' id='block_1_59' title="bbox 387 5294 3664 5366">
    <p class='ocr_par' dir='ltr' id='par_1_59' title="bbox 387 5294 3664 5366">
     <span class='ocr_line' id='line_1_60' title="bbox 387 5294 3664 5366; baseline 0.002 -15"><span class='ocrx_word' id='word_1_740' title='bbox 387 5298 463 5352; x_wconf 86' lang='lat' dir='ltr'><strong>tia</strong></span> <span class='ocrx_word' id='word_1_741' title='bbox 515 5313 581 5350; x_wconf 74' lang='lat' dir='ltr'><strong>ex</strong></span> <span class='ocrx_word' id='word_1_742' title='bbox 630 5295 993 5365; x_wconf 89' lang='lat' dir='ltr'><strong>quorumdam</strong></span> <span class='ocrx_word' id='word_1_743' title='bbox 1052 5294 1282 5364; x_wconf 88' lang='lat' dir='ltr'><strong>hujusce</strong></span> <span class='ocrx_word' id='word_1_744' title='bbox 1350 5295 1612 5365; x_wconf 88' lang='lat' dir='ltr'><strong>temporis</strong></span> <span class='ocrx_word' id='word_1_745' title='bbox 1673 5296 1961 5352; x_wconf 88' lang='lat' dir='ltr'><strong>hominum</strong></span> <span class='ocrx_word' id='word_1_746' title='bbox 2075 5312 2184 5349; x_wconf 89' lang='lat' dir='ltr'><strong>non</strong></span> <span class='ocrx_word' id='word_1_747' title='bbox 2217 5296 2591 5361; x_wconf 90' lang='lat' dir='ltr'><strong>annumerari,</strong></span> <span class='ocrx_word' id='word_1_748' title='bbox 2621 5294 2727 5360; x_wconf 89' lang='lat' dir='ltr'><strong>vel,</strong></span> <span class='ocrx_word' id='word_1_749' title='bbox 2763 5304 2821 5349; x_wconf 89' lang='lat' dir='ltr'><strong>ut</strong></span> <span class='ocrx_word' id='word_1_750' title='bbox 2853 5296 3035 5351; x_wconf 89' lang='lat' dir='ltr'><strong>verbis</strong></span> <span class='ocrx_word' id='word_1_751' title='bbox 3068 5297 3193 5366; x_wconf 89' lang='lat' dir='ltr'><strong>ejus</strong></span> <span class='ocrx_word' id='word_1_752' title='bbox 3240 5308 3483 5366; x_wconf 87' lang='lat' dir='ltr'><strong>utamur,</strong></span> <span class='ocrx_word' id='word_1_753' title='bbox 3521 5300 3664 5356; x_wconf 70' lang='lat' dir='ltr'><strong>diri-</strong></span> 
     </span>
    </p>
   </div>
   <div class='ocr_carea' id='block_1_60' title="bbox 387 5385 3664 5461">
    <p class='ocr_par' dir='ltr' id='par_1_60' title="bbox 387 5385 3664 5461">
     <span class='ocr_line' id='line_1_61' title="bbox 387 5385 3664 5461; baseline 0.001 -16"><span class='ocrx_word' id='word_1_754' title='bbox 387 5390 622 5445; x_wconf 88' lang='lat' dir='ltr'><strong>acutiori</strong></span> <span class='ocrx_word' id='word_1_755' title='bbox 647 5388 791 5443; x_wconf 88' lang='lat' dir='ltr'><strong>haud</strong></span> <span class='ocrx_word' id='word_1_756' title='bbox 815 5387 977 5442; x_wconf 90' lang='lat' dir='ltr'><strong>dubie</strong></span> <span class='ocrx_word' id='word_1_757' title='bbox 1003 5387 1220 5458; x_wconf 85' lang='lat' dir='ltr'><strong>ingenio</strong></span> <span class='ocrx_word' id='word_1_758' title='bbox 1246 5385 1470 5443; x_wconf 86' lang='lat' dir='ltr'><strong>ferenda</strong></span> <span class='ocrx_word' id='word_1_759' title='bbox 1508 5387 1601 5454; x_wconf 89' lang='lat' dir='ltr'><strong>sit,</strong></span> <span class='ocrx_word' id='word_1_760' title='bbox 1633 5391 1963 5461; x_wconf 84' lang='lat' dir='ltr'><strong>pronuntia-</strong></span> <span class='ocrx_word' id='word_1_761' title='bbox 2072 5391 2191 5445; x_wconf 84' lang='lat' dir='ltr'><strong>vino</strong></span> <span class='ocrx_word' id='word_1_762' title='bbox 2220 5389 2569 5443; x_wconf 85' lang='lat' dir='ltr'><strong>instrumento</strong></span> <span class='ocrx_word' id='word_1_763' title='bbox 2610 5404 2713 5441; x_wconf 89' lang='lat' dir='ltr'><strong>non</strong></span> <span class='ocrx_word' id='word_1_764' title='bbox 2742 5386 2927 5441; x_wconf 84' lang='lat' dir='ltr'><strong>incidi.</strong></span> <span class='ocrx_word' id='word_1_765' title='bbox 2967 5386 3155 5459; x_wconf 88' lang='lat' dir='ltr'><strong>Neque</strong></span> <span class='ocrx_word' id='word_1_766' title='bbox 3192 5390 3337 5446; x_wconf 91' lang='lat' dir='ltr'><strong>enim</strong></span> <span class='ocrx_word' id='word_1_767' title='bbox 3365 5392 3552 5461; x_wconf 87' lang='lat' dir='ltr'><strong>potuit</strong></span> <span class='ocrx_word' id='word_1_768' title='bbox 3580 5392 3664 5447; x_wconf 85' lang='lat' dir='ltr'><strong>af-</strong></span> 
     </span>
    </p>
   </div>
   <div class='ocr_carea' id='block_1_61' title="bbox 459 5516 3654 5625">
    <p class='ocr_par' dir='ltr' id='par_1_61' title="bbox 459 5516 3654 5625">
     <span class='ocr_line' id='line_1_62' title="bbox 459 5516 3654 5625; baseline -0.001 -17"><span class='ocrx_word' id='word_1_769' title='bbox 459 5553 612 5607; x_wconf 79' lang='lat' dir='ltr'><strong>&quot;lib.</strong></span> <span class='ocrx_word' id='word_1_770' title='bbox 639 5552 715 5605; x_wconf 87' lang='lat' dir='ltr'><strong>De</strong></span> <span class='ocrx_word' id='word_1_771' title='bbox 731 5550 1005 5625; x_wconf 81' lang='lat' dir='ltr'><strong>Incarnat.</strong></span> <span class='ocrx_word' id='word_1_772' title='bbox 1038 5549 1190 5606; x_wconf 76' lang='lat' dir='ltr'><strong>Vero.</strong></span> <span class='ocrx_word' id='word_1_773' title='bbox 1220 5553 1384 5623; x_wconf 91' lang='lat' dir='ltr'><strong>paqu</strong></span> <span class='ocrx_word' id='word_1_774' title='bbox 1429 5561 1552 5625; x_wconf 86' lang='lat' dir='ltr'><strong>post</strong></span> <span class='ocrx_word' id='word_1_775' title='bbox 1593 5552 1695 5608; x_wconf 86' lang='lat' dir='ltr'><strong>in‘it</strong></span> <span class='ocrx_word' id='word_1_776' title='bbox 1811 5556 1855 5587; x_wconf 86' lang='grc'><strong>³²</strong></span> <span class='ocrx_word' id='word_1_777' title='bbox 1874 5554 1951 5610; x_wconf 88' lang='lat' dir='ltr'><strong>De</strong></span> <span class='ocrx_word' id='word_1_778' title='bbox 1970 5516 2220 5625; x_wconf 85' lang='lat' dir='ltr'><strong>scriptor.</strong></span> <span class='ocrx_word' id='word_1_779' title='bbox 2276 5553 2459 5607; x_wconf 84' lang='lat' dir='ltr'><strong>eccles.</strong></span> <span class='ocrx_word' id='word_1_780' title='bbox 2537 5548 2877 5625; x_wconf 73' lang='lat' dir='ltr'><strong>“Ibidem.___</strong></span> <span class='ocrx_word' id='word_1_781' title='bbox 2909 5546 3239 5625; x_wconf 70' lang='lat' dir='ltr'><strong>&quot;in_ngb.</strong></span> <span class='ocrx_word' id='word_1_782' title='bbox 3270 5560 3487 5625; x_wconf 62' lang='grc' dir='ltr'><strong>αρφει.υ</strong></span> <span class='ocrx_word' id='word_1_783' title='bbox 3526 5551 3575 5625; x_wconf 50' lang='grc' dir='ltr'><strong>ξ’</strong></span> <span class='ocrx_word' id='word_1_784' title='bbox 3598 5551 3654 5606; x_wconf 85' lang='lat' dir='ltr'><strong>in</strong></span> 
     </span>
    </p>
   </div>
   <div class='ocr_carea' id='block_1_62' title="bbox 389 5619 3651 5748">
    <p class='ocr_par' dir='ltr' id='par_1_62' title="bbox 389 5619 3651 5748">
     <span class='ocr_line' id='line_1_63' title="bbox 390 5619 3651 5706; baseline 0.001 -31"><span class='ocrx_word' id='word_1_785' title='bbox 390 5621 777 5706; x_wconf 40' lang='lat' dir='ltr'><strong>Epistl’asch.‘</strong></span> <span class='ocrx_word' id='word_1_786' title='bbox 849 5623 1014 5677; x_wconf 75' lang='lat' dir='ltr'><strong>“loc.</strong></span> <span class='ocrx_word' id='word_1_787' title='bbox 1043 5638 1165 5693; x_wconf 89' lang='lat' dir='ltr'><strong>sup.</strong></span> <span class='ocrx_word' id='word_1_788' title='bbox 1206 5619 1355 5679; x_wconf 76' lang='lat' dir='ltr'><strong>citat.</strong></span> <span class='ocrx_word' id='word_1_789' title='bbox 1429 5619 1600 5681; x_wconf 62' lang='lat' dir='ltr'><strong>&quot;loc.</strong></span> <span class='ocrx_word' id='word_1_790' title='bbox 1637 5626 1732 5680; x_wconf 92' lang='lat' dir='ltr'><strong>cit.</strong></span> <span class='ocrx_word' id='word_1_791' title='bbox 1810 5626 1961 5682; x_wconf 77' lang='grc'><strong>³³111).</strong></span> <span class='ocrx_word' id='word_1_792' title='bbox 2008 5619 2091 5682; x_wconf 66' lang='grc'><strong>09⁷</strong></span> <span class='ocrx_word' id='word_1_793' title='bbox 2134 5625 2398 5696; x_wconf 82' lang='lat' dir='ltr'><strong>pudicit.,</strong></span> <span class='ocrx_word' id='word_1_794' title='bbox 2432 5636 2555 5693; x_wconf 90' lang='lat' dir='ltr'><strong>cap.</strong></span> <span class='ocrx_word' id='word_1_795' title='bbox 2579 5621 2681 5676; x_wconf 71' lang='lat'><strong>20.</strong></span> <span class='ocrx_word' id='word_1_796' title='bbox 2761 5622 2802 5653; x_wconf 75' lang='grc'>³³</span> <span class='ocrx_word' id='word_1_797' title='bbox 2822 5619 2916 5676; x_wconf 92' lang='lat' dir='ltr'><strong>lib.</strong></span> <span class='ocrx_word' id='word_1_798' title='bbox 2957 5636 2972 5675; x_wconf 82' lang='grc' dir='ltr'><strong>ι</strong></span> <span class='ocrx_word' id='word_1_799' title='bbox 3009 5619 3303 5679; x_wconf 83' lang='lat' dir='ltr'><strong>Comment.</strong></span> <span class='ocrx_word' id='word_1_800' title='bbox 3348 5624 3403 5678; x_wconf 87' lang='lat' dir='ltr'><strong>in</strong></span> <span class='ocrx_word' id='word_1_801' title='bbox 3434 5620 3651 5679; x_wconf 69' lang='lat' dir='ltr'><strong>Habes.</strong></span> 
     </span>
     <span class='ocr_line' id='line_1_64' title="bbox 389 5694 1238 5748; baseline 0.004 -3"><span class='ocrx_word' id='word_1_802' title='bbox 389 5694 544 5747; x_wconf 68' lang='grc' dir='ltr'>δοιὼ.</span> <span class='ocrx_word' id='word_1_803' title='bbox 571 5704 709 5747; x_wconf 86' lang='lat' dir='ltr'><strong>cont.</strong></span> <span class='ocrx_word' id='word_1_804' title='bbox 736 5694 933 5748; x_wconf 63' lang='lat' dir='ltr'><strong>tollat.</strong></span> <span class='ocrx_word' id='word_1_805' title='bbox 979 5708 1098 5748; x_wconf 85' lang='lat' dir='ltr'><strong>can.</strong></span> <span class='ocrx_word' id='word_1_806' title='bbox 1151 5694 1238 5748; x_wconf 84' lang='lat'><strong>50.</strong></span> 
     </span>
    </p>
   </div>
   <div class='ocr_carea' id='block_1_63' title="bbox 472 5708 1238 5767">
    <p class='ocr_par' dir='ltr' id='par_1_63' title="bbox 472 5708 1238 5767">
     <span class='ocr_line' id='line_1_65' title="bbox 472 5708 1238 5767; baseline 0.003 -22"><span class='ocrx_word' id='word_1_807' title='bbox 472 5708 544 5747; x_wconf 83' lang='grc' dir='ltr'><strong>ιυ.</strong></span> <span class='ocrx_word' id='word_1_808' title='bbox 571 5708 709 5747; x_wconf 85' lang='lat' dir='ltr'><strong>cont.</strong></span> <span class='ocrx_word' id='word_1_809' title='bbox 736 5708 933 5748; x_wconf 73' lang='lat' dir='ltr'><strong>Louat.</strong></span> <span class='ocrx_word' id='word_1_810' title='bbox 979 5708 1098 5763; x_wconf 91' lang='lat' dir='ltr'><strong>cap.</strong></span> <span class='ocrx_word' id='word_1_811' title='bbox 1133 5708 1238 5767; x_wconf 19' lang='lat' dir='ltr'><strong>(ou.</strong></span> 
     </span>
    </p>
   </div>
  </div>
