3822 6218
159 330 289 391 διδ
1469 329 1730 389 PASTDI

1847 360 1887 369 —
1919 327 2285 384 ΡιιοοΕΜιΑ.
3354 327 3459 384 διδ

165 460 404 511 tirmare
432 442 578 511 hunc
608 452 809 511 librum
835 455 905 511 ab
928 451 1198 523 Ecclesia,
1233 463 1295 511 ut
1318 444 1693 525 apocryphum
1719 455 1772 505 et
1800 446 1847 504 Α
1875 440 2082 512 oppleri
2113 458 2128 494 τ
2161 440 2308 512 ηυοιι
2336 438 2559 509 quidem
2596 438 2756 495 ηοῦῖε
2789 439 2970 496 “Slus
2988 440 3328 511 Dmbandmll
3352 455 3457 501 98L

166 548 403 612 falsum,
421 549 472 603 id
490 557 572 603 est
590 565 907 614 erroneum,
934 551 1345 620 supposititium
1374 558 1429 606 et
1452 549 1730 606 fabulosut

1872 533 2239 589 Bellarminus
2266 534 2469 589 etenim
2495 540 2550 589 et
2575 535 2666 588 alii
2699 533 2923 602 quidam
2957 532 3215 589 Hennam
3248 534 3457 594 idcirco

166 643 356 713 rejici,
387 643 519 712 quin
550 643 814 698 continuo
854 644 973 714 ipse
1012 644 1136 699 falsi
1170 645 1241 700 ab
1286 645 1355 700 iis
1398 644 1658 700 omnibus
1687 660 1771 700 ar-

167 746 461 805 gueretur,
487 751 722 806 quorum
750 739 1061 793 testimonia
1092 738 1157 793 ad
1183 738 1428 808 ejusdem
1468 738 1598 793 libri
1670 749 1769 790 ve-

166 832 397 885 ritatem
426 830 832 901 utilitatemque
874 831 1213 901 probandam
1251 847 1415 901 supra
1449 832 1759 887 retulimus.

248 923 530 989 Quantum
563 939 694 978 vero
720 924 786 978 ad
813 923 1207 995 Hieronymum
1229 966 1242 989 ,
1278 924 1394 994 ipse
1419 924 1667 980 eamdem
1695 925 1762 980 li-

166 1016 261 1070 bri
308 1017 470 1086 hujus
514 1017 809 1071 utilitatem
857 1016 910 1070 in
961 1017 1082 1072 aliis
1120 1017 1600 1072 lucubrationibus
1643 1018 1763 1073 suis

171 1118 306 1164 ante
339 1118 393 1163 et
428 1117 550 1180 post
596 1125 759 1165 suum
814 1109 869 1164 in
908 1107 1164 1164 llabacuc
1189 1110 1660 1164 Commentarium
1684 1111 1765 1164 di-

167 1203 432 1274 vulgatis,
455 1204 732 1272 przedicat.
768 1200 886 1257 Non
918 1212 1131 1273 poterat
1159 1203 1327 1273 igitur
1349 1218 1569 1258 omnem
1613 1205 1762 1259 hunc

166 1296 376 1351 librum
408 1297 655 1352 stultitim
685 1296 1027 1351 insimulare.
1059 1294 1125 1350 Et
1159 1311 1219 1350 re
1257 1295 1479 1366 quidem
1503 1312 1630 1351 vera
1660 1295 1757 1350 uni

169 1399 387 1446 tantum
422 1391 571 1446 illius
606 1392 748 1459 loco,
782 1390 879 1445 ubi
915 1390 983 1445 de
1022 1390 1217 1461 angelo
1243 1390 1531 1460 reptilibus
1575 1389 1761 1460 praesi-

166 1484 357 1546 dente,
394 1499 704 1538 sermonem
740 1482 856 1537 fieri
883 1480 1132 1553 putabat,
1166 1481 1430 1536 censoriae
1452 1484 1760 1538 severitatis

167 1585 360 1631 notam
391 1575 611 1631 inussit.
639 1574 837 1630 Verum
860 1590 927 1629 ex
945 1573 1089 1629 inira
1107 1574 1353 1629 dicendis
1380 1590 1490 1628 non
1520 1574 1758 1629 obscure

167 1667 582 1722 demonstratur
598 1675 848 1722 sanctum
866 1667 1148 1721 doctorem
1171 1664 1548 1734 incorruptum
1563 1680 1756 1735 quem-

165 1760 297 1813 dam
322 1759 589 1823 codicem,
616 1774 681 1813 ex
706 1774 816 1829 quo
840 1759 1089 1814 auctoris
1120 1765 1361 1813 mentem
1396 1758 1620 1828 assequi
1643 1771 1751 1811 non
1784 1791 1828 1847 Β

166 1852 432 1923 potuerit,
468 1850 694 1906 fortuito
726 1850 1005 1906 incidisse.

238 1944 321 1998 Ad
365 1943 623 2017 Prpsperi
669 1944 1051 1999 auctoritatem
1087 1957 1419 2015 responsum
1458 1952 1563 2011 est,
1607 1943 1759 1999 hunc

165 2037 372 2093 librum
399 2038 515 2108 qui,
565 2046 704 2093 teste
732 2036 1106 2110 Hieronymo,
1140 2037 1283 2107 apud
1315 2035 1578 2105 Latinos,
1628 2053 1757 2107 pene

165 2133 385 2203 ignotus
414 2138 556 2197 erat,
587 2132 691 2200 ipsi
741 2146 962 2201 quoque
1008 2128 1185 2186 fuisse
1226 2130 1593 2201 incognitum.
1642 2127 1756 2185 Nec

164 2225 406 2279 absurde
428 2224 592 2279 etiam
618 2223 936 2294 responderi
957 2232 1157 2293 potest,
1186 2223 1520 2294 Prosperum
1548 2222 1756 2279 dixisse

164 2320 551 2386 testimonium,
578 2334 684 2373 non
717 2334 848 2373 vero
880 2315 1081 2373 librum
1117 2317 1353 2382 Hermae,
1388 2317 1596 2374 nullius
1633 2332 1756 2373 esse

158 2410 532 2465 auctoritatis.
559 2408 680 2475 Quo
724 2409 947 2479 quidem
980 2410 1150 2464 verbo
1179 2410 1305 2465 data
1329 2424 1496 2479 opera
1528 2410 1621 2463 ille
1645 2408 1755 2464 for-

160 2513 312 2558 tasse
338 2517 473 2557 usus
516 2510 622 2567 est,
670 2510 730 2555 ut
754 2502 1132 2556 testimonium
1173 2517 1239 2555 ex
1285 2503 1471 2572 aliquo
1520 2500 1754 2573 hujusce

158 2597 290 2652 libri
318 2597 440 2652 loco
467 2611 496 2650 a
521 2595 793 2651 Collatore
815 2594 1114 2666 prolatum,
1139 2595 1280 2649 nihil
1305 2595 1372 2650 ad
1396 2593 1752 2652 asserendam

156 2690 285 2761 ejus
311 2688 628 2760 opinionem
653 2687 962 2742 conducere
995 2687 1330 2742 ostenderet.

660 2799 1062 2857 ARTICULUS
1107 2801 1250 2857 Xlll.

237 2898 412 2966 Quam
437 2904 627 2951 temere
649 2896 705 2949 hi
733 2896 856 2949 libri
889 2912 922 2949 a
951 2894 1269 2966 quibusdam
1295 2896 1675 2952 recentioribus

723 2977 1131 3020 contemnantur
1144 2968 1170 3020 .9

233 3062 369 3117 Cum
402 3077 533 3132 ergo
563 3069 645 3116 tot
677 3060 935 3116 Ecclesiae
961 3058 1176 3125 Patres,
1208 3070 1261 3116 et
1290 3060 1661 3131 antiquissimi
1692 3070 1748 3118 et

1869 627 2073 682 erroris
2100 626 2445 692 insimulant,
2482 624 2631 695 quod
2666 625 2744 680 ibi
2778 625 3013 680 disserat
3039 625 3115 692 “,
3147 628 3211 681 de
3251 629 3457 684 duobus

1868 717 2060 787 geniis,
2090 717 2195 771 sive
2217 716 2420 770 duobus
2449 716 2673 787 angelis,
2706 734 2809 771 uno
2852 716 2986 771 bono
3009 728 3058 772 et
3088 718 3261 773 altero
3290 722 3457 788 malo,

1867 808 2089 879 singulis
2108 809 2407 863 hominibus
2438 827 2470 863 a
2488 809 2598 864 Deo
2628 810 2912 865 tributis...
2938 808 3104 875 Quem
3132 828 3364 867 errorem
3384 830 3451 869 ea;

1865 902 1962 955 hoc
1993 911 2210 956 auctore
2226 902 2424 970 accepit
2448 900 2740 956 Cassianus
2760 902 2807 935 “
2831 942 2847 968 ,
2879 914 2931 957 et
2961 913 3082 957 ante
3111 921 3231 958 eum
3268 905 3455 977 0rige~

1866 1014 1955 1052 nes
1974 998 2039 1051 “.
2073 995 2150 1051 De
2178 995 2282 1051 hac
2319 1003 2500 1049 tamen
2544 994 2803 1063 opinione
2841 997 2920 1051 sic
2961 996 3209 1066 loquitur
3236 996 3459 1055 Cassia-

1865 1103 1971 1143 nus
1987 1086 2055 1153 ⁸⁵,
2081 1101 2145 1142 ac
2171 1085 2218 1141 si
2246 1100 2366 1140 eam
2400 1100 2510 1139 non
2542 1082 2778 1150 Hermae,
2814 1086 2909 1141 sed
2956 1084 3253 1157 Scriptura:
3280 1103 3456 1146 sacra

1864 1179 2189 1235 auctoritate
2217 1177 2490 1231 ﬁrmatam
2522 1191 2644 1232 esse
2678 1176 3021 1233 credidisset.
3056 1177 3259 1235 Deinde
3294 1179 3455 1236 Basi-

1863 1274 1971 1329 lius
2015 1281 2070 1327 et
2111 1270 2406 1342 Gregorius
2436 1267 2718 1340 Nysscnus
2781 1271 2833 1324 in
2898 1270 3086 1325 eadem
3134 1271 3202 1326 de
3238 1272 3455 1330 duobus

1865 1367 2094 1436 angelis,
2122 1380 2229 1419 non
2268 1379 2427 1420 secus
2466 1372 2630 1433 atque
2667 1361 2899 1418 Hermas
2926 1371 2979 1418 et
3018 1364 3303 1435 Origenes,
3326 1376 3458 1420 sunt

1862 1458 2140 1528 Opinione.
2177 1456 2439 1526 Magister
2461 1468 2595 1509 vero
2625 1455 3023 1510 sententiarum
3047 1456 3094 1486 ⁸⁸
3123 1455 3190 1510 de
3213 1456 3303 1511 illa
3326 1466 3449 1511 tan-

1861 1565 2028 1622 quam
2083 1548 2398 1603 nullomodo
2447 1546 2802 1617 improbabili
2849 1546 3114 1617 disputat.
3177 1545 3444 1607 Estius".

1860 1658 2029 1714 porro
2055 1643 2112 1697 id
2160 1642 2431 1697 incertum
2482 1656 2607 1697 esse
2644 1640 2864 1696 asserit.
2901 1639 3028 1696 Haec
3071 1641 3235 1711 igitur
3265 1641 3453 1711 opinio

1858 1734 2140 1790 immerito
2164 1733 2232 1787 ab
2270 1733 2393 1788 aliis
2425 1732 2706 1787 nonnullis
2740 1742 2997 1801 tanquam
3044 1716 3244 1788 noxiu’s
3288 1748 3447 1787 error

1860 1830 2132 1901 rejicitur.
2166 1827 2271 1894 Qui
2294 1828 2452 1898 plura
2476 1827 2544 1881 dc
2573 1826 2675 1881 hac
2696 1826 2997 1896 quaestione
3025 1827 3167 1880 scire
3195 1825 3447 1892 voluerit,

1860 1924 2041 1988 adeat,
2076 1921 2122 1977 si
2146 1921 2320 1987 lubet,
2353 1919 2610 1974 Gazazum
2640 1919 2696 1974 in
2725 1920 2949 1974 citatum
2975 1918 3227 1974 Cassiani
3246 1920 3450 1987 locum,

1858 2024 1914 2073 et
1941 2016 1994 2070 in
2020 2015 2267 2086 ejusdem
2287 2012 2488 2067 Collat.
2516 2011 2606 2078 15,
2636 2026 2759 2081 cap.
2792 2009 2890 2078 12;
2919 2009 3215 2065 Maldonat.
3251 2011 3304 2064 in
3325 2026 3447 2082 cap.

1859 2111 1957 2178 58;
1991 2110 2143 2165 Matt.
2170 2108 2331 2174 ﬂuet,
2366 2107 2458 2163 lib.
2493 2122 2531 2162 ιι
2569 2105 2906 2178 0rigenian.,
2929 2113 3122 2176 quaest.
3148 2105 3206 2172 5,
3237 2104 3264 2178 §
3298 2105 3369 2160 30
3395 2113 3454 2161 et

1857 2211 2110 2274 sequent.

1924 2297 2039 2354 Nec
2085 2297 2614 2369 praetermittendum
2673 2304 2758 2352 est
2805 2295 3073 2365 quosdam
3128 2302 3449 2349 autumasse

1857 2392 2002 2448 hanc
2040 2391 2356 2461 Opinionem
2380 2432 2393 2456 ,
2426 2390 2597 2460 magis
2645 2388 2714 2442 ad
2762 2387 2975 2458 fabulas
3012 2385 3283 2456 falsarum
3322 2386 3448 2441 reli-

1856 2486 2070 2556 gionum
2090 2484 2369 2555 pertinere,
2394 2498 2556 2553 quam
2582 2480 2812 2534 solidum
2837 2481 2890 2533 in
2915 2481 3159 2534 doctrina
3192 2479 3448 2534 Clu-istia'

1855 2594 1925 2632 na
1948 2576 2139 2630 habere
2162 2574 2586 2645 fundamentum.
2622 2570 2727 2627 Sed
2773 2573 2862 2627 cui
2901 2572 3165 2627 credibile
3193 2573 3282 2627 ﬁet
3310 2570 3448 2626 Iler-

1853 2684 2001 2725 mam
2030 2681 2061 2723 a
2094 2666 2321 2738 paganis
2368 2665 2552 2735 potius
2599 2668 2766 2735 quam
2815 2664 2887 2718 ab
2929 2664 3247 2734 apostolicis
3284 2663 3443 2733 viris,

1758 2815 1762 2818 .
1853 2762 1959 2818 sibi
1982 2760 2200 2827 coaevis,
2235 2759 2382 2813 illam
2416 2756 2735 2827 accepisse?
2784 2756 2841 2810 Si
2876 2770 2941 2811 ex
2983 2754 3260 2810 Ambrosii
3299 2753 3443 2810 alio-

1851 2868 2108 2924 rumque,
2141 2853 2208 2907 de
2245 2851 2447 2923 quibus
2477 2850 2608 2905 alibi
2640 2849 2957 2920 disputandi
3006 2848 3162 2903 locus
3189 2847 3436 2916 dabitur,

1850 2945 2215 3016 quorumdam
2239 2943 2687 2998 doctissimorum
2712 2938 2939 2995 Patrum
2973 2940 3258 3011 principiis
3279 2955 3443 3009 argu-

1850 3044 2200 3101 mentemur,
2239 3034 2533 3090 dicendum
2563 3041 2651 3088 est
2688 3046 2719 3087 e
2764 3032 3044 3087 contrario
3082 3045 3323 3101 paganos
3367 3029 3440 3085 ab

156 3123 495 3219 doctissimi,
516 3153 802 3208 utilitatem
829 3150 1096 3207 librorum
1144 3123 1358 3206 Hermae
1392 3123 1577 3222 aperte
1604 3167 1745 3222 prae-
1772 3147 1817 3208 C
1850 3140 2133 3222 ³¹¹⁰¹⁰Ψ¹ἶ⁸
2156 3137 2468 3222 nostrorum
2496 3126 2740 3181 fontibus
2758 3125 2943 3180 omnia
2968 3124 3220 3181 Ῑιειυδίδεθ
3247 3123 3442 3195 huius‘

159 3247 346 3302 dicent
389 3246 756 3316 laudibusque
797 3245 1054 3299 maximis
1079 3245 1365 3307 extollant,
1397 3244 1522 3314 quis
1549 3256 1744 3299 recen-

156 3344 364 3399 tiorum
406 3342 768 3413 quorumdam
804 3340 1137 3410 scriptorum
1182 3340 1544 3395 temeritatem
1575 3337 1745 3395 casti-

155 3434 392 3506 gandam
422 3451 531 3490 non
554 3442 795 3501 censeat,
824 3448 854 3488 a
878 3433 1078 3504 quibus
1108 3432 1195 3487 hic
1224 3431 1359 3487 liber
1384 3445 1491 3486 non
1523 3445 1745 3488 summo

158 3537 372 3582 tantum
403 3527 737 3597 contemptui
765 3527 1015 3590 habetur,
1063 3540 1255 3581 verum
1287 3524 1450 3580 etiam
1484 3524 1745 3579 audacter

156 3621 496 3690 repudiatur,
513 3629 775 3690 tanquam
812 3618 1225 3688 supposilitiut',
1249 3625 1335 3685 et,
1363 3627 1420 3671 ut
1453 3614 1740 3671 verisimile

150 3723 254 3779 est,
290 3715 353 3768 ab
385 3714 647 3768 haereticis
674 3714 1012 3782 deprauatus,
1054 3723 1209 3784 atque
1250 3711 1539 3767 haresibus
1570 3720 1619 3765 et
1651 3710 1740 3781 fa-

151 3806 295 3862 bulis
326 3806 599 3877 oppletus?
628 3805 830 3861 Verum
871 3806 1151 3861 enimvero
1198 3805 1535 3876 argumentis
1564 3804 1739 3859 neuti-

149 3916 320 3970 quam
352 3900 670 3969 spernendis
691 3899 805 3969 jam
832 3899 1187 3968 probavimus
1223 3898 1374 3952 illum
1404 3896 1620 3953 Hermae
1641 3912 1737 3952 ve-

151 4005 278 4044 rum
305 3989 711 4061 genuinumque
736 4006 860 4045 esse
886 3988 1078 4055 fetum,
1105 3988 1445 4061 proindeque
1483 3987 1739 4058 supposi-

149 4080 318 4135 tionis
342 4087 543 4136 temere
565 4080 831 4137 accusari.

223 4172 444 4228 Falsum
486 4183 668 4228 autem
716 4183 801 4229 est
848 4173 1000 4228 illum
1048 4172 1249 4231 fabulis
1275 4174 1550 4245 Oppletum
1591 4189 1733 4240 esse,

142 4266 352 4337 quippe
396 4267 491 4337 qui
521 4267 758 4324 visiones
796 4279 1008 4325 tantum
1055 4269 1354 4333 contineat,
1382 4284 1520 4339 quas
1566 4268 1732 4322 etiam

145 4376 261 4416 non
285 4362 556 4415 immerito
574 4360 736 4431 plane
754 4361 878 4429 jure
898 4362 966 4415 ab
989 4370 1214 4416 auctore
1243 4369 1537 4429 usurpatas
1568 4360 1733 4429 paulo

1847 3221 2061 3278 cemodi
2087 3221 2352 3276 doctrinae
2379 3220 2658 3290 dogmata.

2354 3328 2756 3387 ARTICULUS
2804 3328 2924 3383 XV.

2124 3447 2240 3502 Hos
2269 3444 2430 3501 libros
2461 3462 2567 3500 non
2595 3445 2771 3515 favere
2801 3443 3141 3498 Novatianis.

1917 3542 2205 3598 Secundus
2242 3554 2402 3596 error
2447 3539 2610 3610 cujus
2654 3537 2884 3593 Hermas
2927 3537 3176 3607 arguitur
3202 3534 3432 3605 majoris

1841 3633 2089 3705 profecto
2116 3642 2200 3689 est
2226 3632 2513 3688 momenti.
2555 3631 2725 3685 Aiunt
2759 3630 2904 3685 enim
2934 3644 3061 3685 eum
3104 3628 3434 3683 disseruisse

1840 3728 1906 3782 de
1928 3728 2088 3782 unica
2114 3726 2427 3796 pauitantia
2448 3725 2737 3779 secundum
2756 3739 2961 3779 errores
2980 3720 3430 3784 Novatianorum,

1841 3818 2032 3891 quibus
2058 3818 2144 3871 hic
2174 3817 2313 3871 liber
2338 3816 2552 3870 omnino
2582 3816 2761 3885 favere
2787 3816 3014 3869 videtur.
3047 3812 3154 3868 Sed
3196 3813 3286 3867 hic
3326 3812 3431 3867 mi-

1840 3914 1953 3968 rari
1976 3927 2040 3968 su
2052 3912 2128 3966 bit
2145 3925 2312 3981 quam
2336 3910 2612 3965 diversum
2648 3908 2980 3978 quandoque
3007 3906 3153 3960 docti
3180 3904 3430 3960 homines

1839 4005 1908 4060 de
1938 4020 1998 4059 re
2035 4017 2144 4057 una
2184 4009 2350 4070 atque
2386 3999 2602 4064 eadem,
2660 4013 2763 4053 nec
2793 3998 2953 4067 plane
2984 3996 3241 4062 obscura,
3280 3994 3430 4066 judi-

1837 4096 1986 4153 cium
2018 4096 2217 4151 l'erant.
2259 4092 2633 4148 Tertullianus
2674 4090 2819 4145 enim
2854 4087 3070 4142 Hermae
3108 4088 3428 4158 opinionem

1836 4188 2157 4245 Novatianis
2181 4203 2211 4243 e
2230 4186 2502 4242 diametro
2525 4183 2830 4254 oppositam
2856 4181 3122 4236 attribuit.
3148 4182 3200 4236 Is
3223 4181 3427 4251 quippe

1836 4300 1962 4341 cum
1980 4282 2463 4347 Montanistarum,
2485 4283 2675 4334 eadem
2695 4292 2820 4331 cum
2834 4272 3059 4329 Novatia
3070 4274 3155 4329 nis
3170 4273 3237 4329 de
3259 4274 3425 4330 unica

1835 4374 2157 4446 paenitentia
2172 4370 2550 4435 sentientium,
2572 4382 2813 4423 errorem
2843 4367 3185 4435 amplexatus
3207 4363 3423 4432 fuisset,

143 4462 275 4508 ante
291 4454 333 4484 “
361 4454 721 4510 Ostendimus.
753 4453 972 4509 Falsum
1000 4463 1085 4508 est
1113 4468 1331 4524 quoque
1360 4453 1508 4507 hunc
1529 4453 1730 4507 libl‘llm
1765 4493 1808 4549 υ
1839 4464 1975 4518 nihil
2000 4462 2151 4517 aliud
2174 4460 2475 4517 Catholicis
2504 4457 2719 4513 Hermae
2736 4456 3121 4511 auctoritatem
3153 4454 3259 4524 ipsi
3285 4455 3423 4526 obji-

140 4547 217 4601 ab
248 4546 518 4601 haereticis
543 4546 899 4617 depravatum
930 4546 1122 4615 fuisse,
1156 4557 1216 4602 ut
1236 4559 1424 4617 aperte
1445 4549 1727 4618 colligitur

138 4655 212 4694 ex
244 4638 410 4694 variis
440 4637 662 4693 Patrum
685 4640 1035 4707 testimoniis,
1059 4655 1126 4694 ex
1145 4640 1401 4695 omnibus
1434 4640 1579 4695 illius
1596 4657 1729 4710 par-

136 4728 293 4783 tibus
321 4727 641 4798 desumptis,
669 4744 792 4797 quae
822 4728 894 4783 ibi
924 4738 1089 4799 prout
1119 4730 1187 4783 ab
1215 4730 1295 4783 eis
1322 4730 1536 4799 prolata
1575 4740 1727 4797 sunt,

134 4818 366 4875 totidem
391 4820 571 4876 verbis
598 4821 963 4890 reperiuntur.
995 4821 1183 4893 Neque
1212 4832 1393 4877 tamen
1427 4823 1589 4878 iidem
1619 4822 1727 4877 Pa-

135 4922 259 4966 tres
284 4911 352 4965 de
398 4910 776 4967 bareticorum
821 4913 1265 4983 corruptiouibus
1314 4929 1556 4984 unquam
1592 4929 1728 4969 con—

134 5004 320 5076 questi
346 5012 505 5071 sunt;
540 5021 639 5059 nec
664 5006 807 5060 ullus
848 5008 1050 5076 poterit
1071 5007 1368 5077 aliquando
1395 5008 1550 5065 locus
1577 5010 1722 5064 assi-

132 5096 321 5170 gnari,
353 5096 446 5167 qui
469 5098 539 5152 ab
566 5098 838 5153 haereticis
861 5100 933 5154 sit
958 5098 1309 5168 depravatus.

643 5211 1041 5279 ARTICULUS
1078 5211 1219 5269 xw.

132 5301 253 5377 Hos
277 5302 440 5377 libros
467 5303 646 5373 plenos
673 5322 787 5377 non
815 5322 929 5377 esse
956 5307 1266 5373 haeresibus,
1298 5316 1348 5362 et
1392 5308 1564 5377 primo
1592 5307 1713 5377 qui-

205 5373 498 5449 dem__circa
529 5376 770 5449 angelum
811 5376 1003 5430 bonum
1037 5386 1087 5430 et
1116 5379 1321 5431 malum
1360 5373 1582 5449 singulis
1603 5373 1718 5431 Ἰτο-

182 5444 435 5499 ιηιιηὶὺαδ
467 5444 749 5501 tributum.

202 5560 425 5618 Falsum
473 5572 558 5618 est
600 5565 835 5636 denique
879 5564 1135 5621 eumdem
1163 5564 1367 5621 librum
1414 5564 1717 5623 haeresibus

1835 4555 2111 4612 cientibus
2142 4553 2458 4623 respondet,
2509 4566 2673 4621 quam
2717 4549 2872 4603 illum
2902 4547 3149 4617 ejusdem
3180 4563 3305 4603 cum
3338 4550 3420 4604 eis

1831 4642 2248 4713 indulgentioris
2274 4656 2396 4696 esse
2424 4640 2706 4695 sententiae
2727 4648 2784 4693 et
2806 4637 3082 4707 opinionis
3106 4656 3119 4691 :
3146 4637 3417 4703 Cederem,

1830 4736 2011 4806 inquit
2029 4733 2098 4799 ‘3,
2132 4734 2251 4799 tibi,
2282 4734 2329 4786 si
2355 4733 2620 4802 scriptura
2661 4729 2905 4784 Pastoris
2932 4770 2948 4796 ,
2982 4746 3100 4800 quae
3142 4729 3260 4784 sola
3299 4747 3420 4784 mae-

1829 4828 1951 4882 chos
1977 4836 2146 4893 amat,
2176 4827 2520 4880 meruisset...
2563 4824 2808 4878 adultera
2846 4833 2897 4876 et
2936 4824 3076 4892 ipsa,
3106 4836 3155 4876 et
3179 4824 3299 4877 inde
3321 4840 3420 4894 pa-

1834 4931 1987 4976 trona
2016 4921 2306 4974 sociorum.
2333 4916 2723 4972 Verumtamen
2760 4916 2979 4986 utrique
3020 4932 3048 4969 a
3082 4916 3306 4971 veritate
3346 4932 3416 4972 ex

1832 5028 1991 5082 aequo
2018 5014 2299 5067 aberrant.
2334 5009 2401 5064 Et
2425 5008 2801 5064 Tertullianus
2833 5008 3076 5078 quidem,
3122 5009 3214 5078 qui
3247 5010 3415 5064 tradit

1832 5108 2111 5174 Hermam,
2142 5122 2209 5162 eo
2239 5107 2388 5177 quod
2434 5120 2539 5160 nec
2567 5103 2902 5159 Montanista
2942 5120 3043 5160 nec
3074 5103 3415 5162 Novatianus

1827 5208 1997 5265 esset,
2027 5198 2256 5254 lenioris
2283 5195 2731 5264 remissiorisque
2758 5193 2931 5250 fuisse
2961 5195 3239 5265 Opinionis
3272 5214 3286 5261 ;
3319 5197 3410 5252 alii

1825 5307 1956 5347 vero
1978 5290 2073 5360 qui
2101 5290 2251 5344 illum
2282 5288 2338 5342 in
2370 5287 2700 5342 severiorem
2737 5294 2792 5341 et
2831 5286 3185 5343 durissimam
3226 5286 3406 5343 Nova-

1823 5383 2098 5438 tianorum
2134 5381 2382 5435 haeresim
2413 5379 2642 5450 pedibus
2674 5378 2839 5433 ivisse
2865 5388 3140 5434 asserunt.
3166 5378 3277 5433 Hos
3310 5386 3397 5439 et.-

1822 5475 1968 5529 enim
1994 5473 2153 5542 plane
2176 5471 2344 5526 l'alsos
2372 5487 2495 5525 esse
2518 5469 2643 5525 inde
2672 5469 2914 5539 profecto
2936 5472 3227 5537 evincitur,
3255 5472 3406 5539 quod

1821 5566 2054 5622 Hermas
2082 5565 2198 5621 suis
2230 5565 2285 5618 in
2316 5562 2472 5618 libris
2511 5578 2578 5619 eo
2609 5564 2881 5634 praecipue
2909 5563 3165 5618 collineet
3189 5570 3247 5616 ut
3278 5578 3405 5631 pec-

228 5742 428 5817 f‘lup.,
466 5754 571 5817 art.
619 5746 705 5817 li.
782 5747 826 5779 ⁴²
846 5745 917 5803 De
967 5747 1214 5817 scriptor.
1237 5747 1422 5803 eccles.
1502 5747 1653 5802 “lib.
1688 5747 2020 5817 inmandat.
2064 5746 2116 5800 6.
2196 5744 2571 5817 “Collat._v1,
2628 5744 2813 5817 c.__27.
2895 5740 2962 5796 In
3006 5741 3120 5817 I_s_a.
3179 5757 3275 5811 ut,
3306 5740 3407 5800 12.

128 5815 329 5872 “libro
356 5812 435 5871 De
477 5815 599 5873 Vita
627 5816 846 5890 Moysis.
924 5812 1083 5876 “lib.
1109 5834 1148 5875 ιι
1177 5817 1329 5881 Sent.
1396 5820 1439 5852 ⁸⁷
1462 5819 1518 5875 in
1556 5812 1811 5877 eumdem
1840 5816 1989 5875 Sent.
2026 5818 2121 5874 lib.
2152 5833 2211 5874 ιι.
2250 5817 2306 5884 ,⁸⁸
2325 5817 2419 5873 lib.
2450 5815 2527 5871 De
2568 5814 2825 5888 pudicit.,
2856 5828 2979 5887 cap.
3013 5812 3102 5869 10.
3144 5825 3155 5833 '
