3822 6218
376 349 480 405 8H

1837 321 1891 380 5.
1927 320 2191 378 HEHM£

3547 313 3661 369 848

378 466 596 516 catores
635 452 705 511 ad
734 451 1133 525 paenitentiam,
1159 446 1318 519 cujus
1340 459 1442 515 ope
1461 454 1653 496 omnes
1678 439 1958 495 remissio-
1989 444 2034 500 Α
2133 436 2192 491 Si
2221 438 2389 493 instes
2414 435 2671 492 Hermam
2698 433 2828 491 alibi
2860 433 3151 505 agi-ipsis”
3168 432 3220 468 ss
3256 451 3272 488 ε
3316 432 3391 490 ηε
3418 439 3518 509 qm-
3558 455 3656 494 ω,

381 566 504 606 nem
536 556 885 619 peccatorum
918 551 1271 599 assecumros
1297 554 1421 594 esse
1446 535 1753 608 pollicetur,
1794 548 1961 604 ageno

380 641 505 695 dam
538 640 801 710 impellat.
842 635 1187 706 Quapropter
1223 631 1418 685 Pastor
1451 628 1655 697 ubique
1680 628 1749 681 ab
1769 641 1836 680 eo
1860 640 1961 679 vo-

379 743 567 797 catur,
602 729 879 796 Nuntius,
921 726 1237 797 pra'positus
1283 721 1639 793 paenitentiae,
1680 726 1963 786 totamque

380 823 895 881 commentationem
922 833 1079 873 suam
1101 816 1185 870 bis
1205 814 1384 868 verbis
1406 809 1740 868 concludit“
1763 827 1775 863 :
1800 807 1964 862 Cum-

378 934 477 988 que
508 916 719 971 vidisset
751 913 1003 967 Dominus
1046 910 1237 963 bonam
1287 917 1443 976 atque
1477 920 1668 974 puram
1708 904 1964 972 paeniten-

382 1010 512 1062 tiam
549 1020 751 1070 eorum,
776 1011 827 1056 et
851 1016 1003 1071 posse
1030 1015 1116 1052 eos
1149 998 1205 1050 in
1231 1012 1294 1049 ea
1328 1008 1653 1063 permanere.
1679 990 1846 1061 jussit
1871 1005 1963 1041 eo-

379 1118 499 1157 rum
523 1107 737 1171 peccata
772 1093 958 1149 deleri.
990 1091 1202 1158 Quibus
1239 1103 1373 1143 sane
1404 1084 1588 1140 verbis
1625 1080 1963 1137 Novatiano-

379 1210 502 1250 rum
535 1206 691 1246 error
726 1186 972 1242 funditus
998 1183 1283 1238 evertitur.

450 1305 720 1377 Objicitur
754 1311 937 1357 tamen
970 1297 1123 1352 illum
1162 1299 1348 1363 aperte
1380 1288 1588 1345 dixisse
1619 1306 1633 1343 :
1660 1284 1835 1342 Servis
1868 1282 1965 1337 Dei

380 1418 490 1455 una
515 1396 822 1469 poenitentia
838 1401 937 1447 est.
973 1388 1177 1444 Verum
1211 1384 1387 1440 sancti
1415 1382 1626 1447 Patres,
1660 1379 1753 1450 qui
1782 1378 1963 1449 plura,

384 1502 444 1550 ut
466 1491 720 1561 superius
748 1486 958 1542 dictum
989 1492 1095 1549 est,
1129 1497 1194 1536 ex
1230 1480 1334 1533 hoc
1360 1477 1504 1531 libro
1533 1473 1846 1530 testimonia
1870 1487 1969 1525 ex-

381 1586 743 1651 scripserunt,
786 1578 925 1633 nihil
965 1576 1018 1631 in
1069 1588 1137 1629 eo
1178 1569 1462 1626 Novatiani
1502 1565 1694 1623 veneni
1740 1564 1969 1619 subesse

382 1675 647 1747 suspicati
676 1680 825 1730 sunt.
859 1669 972 1725 Cur
1005 1682 1137 1738 ergo
1164 1664 1383 1720 unicam
1414 1660 1613 1716 dixerit
1645 1672 1768 1713 esse
1794 1654 1969 1727 pinni-

385 1746 633 1832 tentiam,
663 1764 867 1821 clarius
908 1758 1168 1831 explicari
1224 1772 1330 1811 non
1363 1761 1562 1825 potest,
1588 1764 1753 1821 quam
1785 1746 1968 1841 verbis
2000 1785 2044 1841 Β

383 1859 682 1926 Ambrosii,
710 1856 973 1911 adversus
996 1852 1257 1922 ipsosmet
1282 1845 1619 1902 Novatianos
1656 1841 1737 1898 sic
1780 1838 1972 1908 dispu-

387 1955 552 2012 tantis
573 1952 618 1985 ⁵⁰
651 1969 664 2003 :
701 1948 914 2014 Merito,
948 1944 1146 2015 inquit,
1180 1941 1629 2012 reprehenduntur
1657 1935 1748 2006 qui
1773 1933 1971 2003 sapius

392 2045 653 2118 agendam
674 2038 1033 2112 paenitentiam
1060 2042 1328 2105 putant...
1356 2030 1483 2101 quia
1514 2030 1648 2082 sicut
1686 2041 1850 2079 unum
1873 2022 1972 2077 ba-

391 2116 611 2210 ptisma,
642 2136 724 2188 ita
776 2148 884 2186 una
924 2127 1231 2191 pwnitentia
1258 2139 1377 2195 qua:
1418 2132 1591 2175 tamen
1620 2117 1826 2187 publice
1864 2116 1973 2186 agi-

390 2204 502 2294 ξαν,
540 2242 664 2281 nam
690 2221 989 2295 quotidiani
1016 2236 1108 2272 nos
1139 2216 1287 2269 debet
1316 2214 1561 2285 pcenitere
1588 2210 1788 2281 peccati
1819 2222 1838 2261 :
1881 2204 1971 2259 sed

388 2323 500 2375 haec
533 2318 845 2373 delictorum
890 2308 1282 2372 leviorum,illa
1310 2306 1635 2378 graviorum.
1682 2296 1975 2355 Ambrosio

392 2413 693 2469 concinunt
727 2418 781 2464 et
809 2408 900 2462 alii
928 2404 1105 2461 sancti
1128 2400 1344 2463 Patres,
1374 2405 1435 2453 ut
1464 2411 1563 2451 nos
1588 2390 1883 2463 aliquando
1905 2388 1975 2444 ad

392 2507 540 2562 hunc
568 2500 807 2559 doctoris
848 2496 1020 2553 nostri
1063 2494 1243 2548 locum
1280 2488 1713 2546 observavimus.
1745 2482 1975 2539 Hermas

393 2599 555 2669 igitur
577 2594 764 2650 eodem
797 2607 861 2647 ac
892 2588 1217 2644 Ambrosius
1247 2600 1408 2641 sensu
1456 2582 1634 2637 dixit:
1664 2577 1841 2633 Servis
1877 2575 1975 2630 Dei

390 2666 503 2745 tina
525 2682 830 2758 paenitentia
846 2689 944 2748 est,
970 2677 1255 2743 nimirum,
1288 2689 1404 2745 qute
1433 2682 1611 2727 tamen
1626 2666 1834 2739 publice
1861 2666 1976 2737 agi-

395 2794 505 2837 tur.

469 2888 838 2947 Verisimilius
897 2882 1124 2939 forsitan
1171 2876 1303 2935 illud
1348 2875 1511 2948 objici
1564 2882 1769 2946 posset,
1828 2871 1974 2943 quod

397 2986 539 3041 idem
565 2981 795 3037 Hermas
820 2979 886 3034 de
916 2973 1232 3043 transfugis,
1257 2971 1361 3026 hoc
1383 2979 1484 3034 est,
1508 2984 1538 3023 a
1563 2967 1871 3022 Christiana
1893 2979 1978 3018 re-

397 3079 601 3150 ligione
635 3072 921 3146 apostatis,
966 3066 1230 3123 tradidit:
1263 3063 1596 3133 Transfuga,
1636 3077 1699 3113 ac
1746 3059 1977 3129 nefanda

397 3173 686 3243 loquentes,
713 3176 763 3221 et
804 3163 1100 3234 proditores

399 3241 542 3319 mors
578 3268 679 3324 est,
713 3252 1022 3327 pmnitentia
1046 3266 1151 3305 non
1192 3256 1289 3303 est.
1320 3246 1467 3300 Idem
1500 3245 1646 3299 enim
1692 3243 1765 3297 ibi
1788 3241 1985 3297 docere

397 3355 614 3410 videtur
638 3348 783 3421 quod
810 3348 964 3401 initio
988 3342 1213 3398 htercsis
1235 3355 1349 3395 suae
1370 3336 1678 3401 Novatiani,
1709 3351 1982 3406 nusquam

403 3443 662 3501 Ecclesiae
687 3439 917 3509 ejusque
970 3432 1239 3489 ministris
1269 3442 1590 3485 concessam
1625 3442 1654 3480 a
1691 3424 1802 3479 Deo
1833 3433 1984 3494 pote-

400 3546 594 3594 statem
625 3528 929 3587 dimittendi
962 3532 1180 3596 peccata
1215 3520 1540 3585 libellaticis,
1566 3517 1906 3588 tlturi/icatis,
1934 3525 1984 3571 et

400 3628 660 3699 apostatis
687 3621 886 3677 Christi
913 3634 1097 3673 nomen
1122 3614 1475 3685 ejurantibus.
1500 3612 1570 3665 At
1590 3608 1985 3679 respondemus

403 3724 459 3779 in
492 3736 559 3777 eo
576 3718 812 3790 positum
837 3728 1052 3782 semper
1076 3710 1247 3765 fuisse
1265 3721 1509 3762 errorem
1529 3702 1984 3767 Novatianorum,

406 3813 555 3887 quod
586 3809 936 3883 pertinaciter
977 3801 1390 3863 contenderent,
1423 3813 1764 3869 quacunque
1804 3796 1984 3868 paeni-

407 3885 578 3963 tentia
610 3904 810 3957 horum
835 3895 1130 3952 criminum
1165 3899 1437 3962 ageretur,
1469 3888 1537 3943 ab
1574 3887 1642 3942 iis
1675 3897 1857 3941 tamen
1890 3885 1988 3939 ab--

408 3995 656 4056 solvendi
700 3990 971 4047 ministris
1001 3985 1261 4041 Ecclesiae
1297 3990 1549 4051 negatam
1589 3994 1711 4034 esse
1751 3976 1988 4033 faculta-

407 4102 541 4148 tem.
576 4087 774 4143 Verum
803 4083 857 4139 id
886 4081 1197 4136 nullatenus
1238 4074 1454 4145 negavit
1493 4071 1757 4138 Hermas,
1800 4080 1989 4141 utpote

407 4184 501 4256 qui
534 4176 916 4238 tantummodo
939 4171 1140 4229 dixerit
1162 4186 1176 4222 :
1198 4167 1391 4223 Illis...
1424 4165 1731 4234 paenitentia
1752 4180 1855 4217 non
1883 4174 1985 4229 est,

413 4277 519 4331 hoc
549 4282 653 4338 est,
686 4269 829 4323 Deus
853 4266 935 4321 eis
960 4265 1129 4327 illam,
1164 4276 1272 4331 qua
1303 4260 1517 4312 veniam
1558 4256 1990 4312 absolutionem-

407 4381 515 4435 que
544 4370 893 4435 peccatorum
923 4362 1355 4423 consequantur,
1379 4349 1729 4404 occasionem
1756 4347 1991 4402 faculta-

411 4470 633 4526 temque
655 4468 763 4507 non
786 4447 1049 4506 concedet
1080 4465 1094 4499 :
1124 4445 1229 4508 vel,
1263 4452 1324 4498 ut
1355 4444 1470 4512 ipse
1499 4442 1743 4511 loquitur
1765 4440 1811 4473 “
1846 4459 1861 4494 :
1887 4438 1990 4493 De-
2026 4470 2068 4525 ι)

409 4551 487 4604 dit
512 4546 759 4617 spiritum
772 4542 871 4607 eis,
900 4538 989 4609 qui
1013 4536 1163 4606 digni
1188 4543 1360 4599 erant,
1381 4549 1532 4603 agere
1555 4534 1986 4601 paenitentiam...

412 4644 482 4698 At
512 4652 740 4711 quorum
771 4633 975 4704 aspexit
1001 4631 1204 4694 dolum,
1231 4637 1283 4681 et
1308 4626 1683 4680 animadvertit
1711 4626 1780 4680 ad
1800 4642 1854 4679 se
1885 4625 1991 4695 [al-

409 4733 601 4789 laciter
638 4740 953 4790 reversuros,
982 4721 1184 4791 negavit
1220 4719 1294 4773 eis
1321 4720 1389 4772 ad
1411 4718 1771 4787 paenitentiam
1792 4733 1992 4787 regres-

414 4840 553 4880 sum.
579 4819 737 4889 Quod
758 4818 924 4872 etiam
946 4812 1293 4875 Ambrosius,
1327 4811 1420 4865 ubi
1446 4809 1783 4864 Novatianos
1808 4808 1992 4863 acrius

419 4914 748 4985 insequitur,
781 4920 835 4966 et
860 4910 926 4965 de
969 4906 1308 4976 blasphemia
1337 4905 1391 4958 in
1442 4902 1706 4974 Spiritum
1738 4910 1990 4958 sanctum

414 5010 677 5079 disputat,
712 5003 877 5059 simili
900 5000 1064 5055 modo
1089 4998 1221 5053 dicit
1245 4999 1289 5031 ⁵⁸
1324 5012 1338 5048 :
1383 4994 1494 5048 Hos
1530 5011 1651 5065 ergo
1682 4999 1772 5065 qui
1795 4995 1891 5047 hoc
1919 4994 1993 5047 lo-

413 5106 667 5171 quuntur,
691 5102 843 5165 negat
869 5089 1113 5146 Christus
1131 5087 1199 5140 ad
1216 5087 1417 5140 veniam
1439 5086 1715 5155 pertinere.
1742 5083 1807 5138 Et
1830 5084 1994 5154 paulo

414 5206 541 5265 poss
555 5188 646 5245 ubi
662 5187 728 5241 de
744 5183 1014 5241 haereticis
1034 5197 1098 5235 ac
1121 5178 1484 5235 schismaticis
1499 5178 1747 5232 disserit:
1771 5176 1994 5244 Quibus,

418 5286 513 5349 ait,
542 5279 927 5350 indulgentiam
952 5286 1127 5345 negat.
1160 5270 1299 5338 Quid
1326 5272 1472 5326 enim
1505 5270 1650 5324 aliud
1678 5272 1792 5324 haec
1831 5270 1994 5323 verba

418 5384 640 5439 sonant,
671 5386 836 5444 quam
880 5368 1030 5439 quod
1068 5366 1145 5419 ait
1188 5361 1419 5419 Hermas
1456 5377 1471 5416 :
1520 5361 1641 5416 Illis
1689 5360 1995 5431 paenitentia

418 5485 524 5524 non
544 5476 621 5521 est
639 5467 665 5520 1'

495 5602 657 5657 M’lib.
710 5618 807 5669 ιιι,
856 5616 979 5669 cap.
1032 5599 1086 5654 9.
1165 5603 1211 5633 '°
1240 5600 1335 5656 lib.
1367 5615 1408 5657 ιι
1454 5598 1531 5653 De

2062 540 2352 604 gnoverunt
2394 529 2704 595 Dominum,
2744 538 2797 583 et
2836 527 3108 582 mirabilia
3156 527 3272 597 ejus
3302 530 3578 596 viderunt,
3610 532 3658 585 si

2062 624 2301 694 nequiter
2323 623 2524 688 vivant,
2550 620 2713 691 duplo
2744 621 2975 689 amplius
2999 620 3304 689 punientur,
3327 630 3378 675 et
3399 621 3508 691 ipsi
3532 639 3657 676 πιο-

2063 719 2267 771 rientur
2289 717 2343 770 in
2377 732 2565 783 avum,
2591 713 2908 785 responderi
2929 713 3148 784 quidem
3182 723 3367 783 posset
3388 712 3659 768 Hennam

2066 809 2139 863 ibi
2177 808 2245 863 de
2276 807 2369 862 illo
2399 813 2622 878 peccato
2660 805 2834 876 loqui,
2882 805 3029 877 quod
3077 804 3325 859 nonnulli
3357 802 3577 870 Patres,
3610 804 3662 859 si

2064 900 2386 956 doctissimo
2414 899 2629 953 Morino
2645 899 2695 931 “
2714 898 2849 953 ﬁdes
2878 896 3127 952 habenda
3158 896 3248 961 sit,
3284 911 3533 966 unquam
3564 911 3663 950 re-

2066 993 2206 1047 mitti
2243 1006 2406 1062 posse
2438 990 2844 1047 inliciabantur.
2872 987 3044 1044 Nobis
3070 995 3252 1042 autem
3283 1002 3414 1041 vero
3435 986 3665 1042 videtur

2066 1083 2325 1147 similius,
2362 1083 2477 1138 illic
2506 1097 2815 1138 sermonem
2846 1081 2915 1136 de
2940 1082 3010 1136 iis
3053 1087 3265 1135 tantum
3301 1079 3520 1145 haberi,
3557 1078 3664 1149 qui

2067 1176 2123 1233 in
2150 1176 2267 1246 ipsa
2300 1173 2561 1247 peccandi
2594 1173 2873 1228 voluntate
2917 1188 3095 1244 usque
3135 1172 3204 1227 ad
3250 1180 3490 1226 mortem
3531 1187 3665 1242 per-

2068 1277 2387 1324 severantes
2413 1308 2428 1334 ,
2460 1266 2514 1321 in
2544 1266 2717 1331 finali,
2751 1274 2811 1320 ut
2844 1264 3042 1330 aiunt,
3096 1263 3504 1335 impmnitentia
3535 1278 3666 1318 mo-

2068 1360 2309 1415 riuntur.

2562 1474 2963 1531 AR‘PICULUS
3022 1474 3161 1530 XVI.

2072 1570 2299 1627 Eosdem
2317 1570 2481 1625 libros
2507 1570 2772 1653 immerito
2790 1570 3021 1653 aligrum
3043 1567 3400 1641 quorumdam
3417 1582 3666 1622 errorum

2727 1657 2987 1696 incusari.

2144 1730 2374 1787 Rivetus
2399 1731 2604 1802 aliique
2629 1731 2880 1786 nonnulli
2903 1730 3237 1786 Calvinianaz
3278 1737 3445 1785 sectas
3480 1727 3670 1784 homi-

2073 1842 2172 1883 nes
2188 1824 2445 1881 Hermam
2472 1823 2705 1880 aliorum
2724 1823 3089 1894 quorumdam
3109 1822 3367 1877 incusant
3378 1833 3669 1881 errorum.

2074 1917 2279 1987 quibus
2304 1931 2441 1971 sana
2460 1916 2643 1985 potius
2664 1915 2987 1985 integraque
3014 1912 3135 1982 ejus
3159 1911 3415 1967 doctrina
3436 1908 3667 1980 probari

2072 2009 2332 2066 omnibus
2355 2007 2533 2063 debet.
2568 2006 2626 2062 Id
2647 2008 2790 2061 enim
2817 2006 2907 2060 ille
2933 2003 3336 2076 arguitﬂquod
3370 2002 3443 2057 ab
3472 2010 3671 2057 aucto-

2075 2118 2133 2158 re
2157 2111 2370 2167 nostro,
2402 2110 2588 2155 contra
2612 2100 2855 2169 Apostoli
2879 2113 3192 2152 consensum
3222 2096 3496 2151 astruitur
3539 2092 3673 2149 libe—

2075 2211 2192 2248 rum
2230 2194 2535 2259 arbitrium,
2583 2192 2817 2247 solitudo
2854 2190 3171 2257 monastica,
3204 2197 3255 2243 et
3291 2189 3669 2260 purgatorium

2075 2292 2140 2344 ab
2168 2305 2274 2343 anu
2303 2288 2535 2360 quadam
2558 2288 2756 2341 visione
2783 2287 2942 2341 tertia
2983 2285 3291 2339 revelatum.
3331 2283 3441 2339 Sed
3464 2284 3670 2354 quibus

2076 2385 2131 2439 in
2171 2383 2307 2438 locis
2345 2382 2458 2437 duo
2497 2380 2714 2451 priora,
2745 2388 2807 2434 ut
2853 2376 3077 2455 Rivetus
3113 2378 3379 2448 loquitur,
3411 2390 3671 2431 errorum

2076 2476 2256 2547 capita
2280 2475 2533 2529 docuerit
2562 2470 2811 2539 Hermas,
2842 2472 2913 2526 ab
2942 2485 3009 2526 eo
3036 2470 3230 2525 nullibi
3263 2469 3570 2524 indicatum
3596 2469 3671 2523 le—

2076 2564 2277 2638 gimus.
2325 2563 2465 2630 Quid
2512 2578 2645 2633 ergo
2696 2562 2847 2618 hisce
2885 2562 2941 2616 in
2982 2560 3137 2615 libris
3170 2568 3368 2615 contra
3417 2557 3671 2628 Apostoli

2076 2670 2409 2711 consensum
2442 2653 2510 2708 de
2564 2654 2740 2707 libero
2785 2652 3017 2706 arbitrio
3064 2660 3367 2715 astruatur,
3417 2649 3673 2705 divinare

2078 2765 2189 2805 non
2215 2763 2546 2820 possumus;
2577 2747 2683 2801 nisi
2727 2746 2869 2801 forte
2897 2746 3029 2800 illud
3071 2747 3163 2811 sit,
3190 2745 3339 2816 quod
3363 2744 3672 2800 Cassianus

2079 2842 2165 2896 bis
2180 2841 2364 2895 verbis
2393 2838 2559 2894 refert
2580 2839 2629 2871 ⁸⁸
2652 2856 2667 2893 :
2691 2837 2950 2907 Adjacere
2970 2847 3146 2893 autem
3177 2838 3446 2891 hominiin
3474 2854 3674 2908 quaut-

2078 2934 2205 2989 libet
2242 2943 2447 3003 partem
2477 2932 2644 2986 animi
2688 2930 2989 2986 libertatem
3029 2933 3194 2986 etiam
3239 2931 3373 2986 liber
3426 2931 3545 2998 ille,
3577 2934 3678 3003 qui

2081 3022 2561 3089 diciturPastoris,
2592 3023 2926 3092 apertissime
2954 3023 3127 3089 docet,
3154 3023 3211 3075 in
3236 3038 3338 3093 quo
3364 3021 3471 3075 duo
3495 3024 3679 3093 angeli

1129 3114 1545 3221 ἔδυ-τῶνὸεῖ
1572 3114 1682 3208 gms
1705 3114 1980 3222 proposita
2009 3130 2053 3189 (ζ
2086 3119 2371 3189 unicuique
2410 3127 2655 3170 nostrum
2679 3115 2951 3169 adhterere
2978 3115 3252 3181 dicuntur,
3285 3114 3341 3167 id
3361 3122 3462 3178 est,
3503 3114 3680 3167 bonus

2087 3229 2151 3267 ac
2173 3211 2384 3274 malus;
2415 3211 2472 3264 in
2503 3210 2731 3263 hominis
2753 3224 2871 3264 vero
2908 3209 3121 3278 optione
3155 3210 3459 3275 consistere,
3490 3218 3549 3261 ut
3570 3209 3682 3261 eli-

2087 3314 2200 3376 gat,
2225 3320 2380 3375 quem
2414 3312 2689 3373 sequatur.
2743 3301 2823 3355 Ex
2872 3300 2960 3355 his
2986 3300 3188 3371 quippe
3215 3299 3458 3354 Pastoris
3491 3299 3684 3355 verbis

2086 3398 2197 3452 duo
2222 3394 2390 3451 infert
2418 3394 2719 3455 Cassianus
2737 3392 2806 3447 ".
2843 3393 2898 3446 l°
2933 3391 2999 3445 Et
3029 3392 3231 3446 idcirco
3267 3401 3440 3444 manet
3477 3391 3537 3445 in
3574 3391 3686 3446 lto—

2085 3494 2227 3548 mine
2265 3507 2470 3561 semper
2498 3490 2724 3544 liberum
2772 3488 3095 3554 arbitrium,
3134 3485 3277 3557 quod
3304 3486 3535 3557 gratiam
3574 3484 3687 3542 Dei

2086 3586 2255 3656 possit
2302 3584 2380 3638 vel
2430 3581 2690 3653 negligere
2733 3580 2811 3635 vel
2860 3596 3074 3645 amare,
3124 3577 3178 3633 id
3228 3586 3314 3633 est
3342 3577 3504 3647 juxta
3553 3579 3691 3649 ejus

2089 3686 2352 3743 mentem,
2385 3675 2616 3747 gratiam
2654 3672 2750 3727 Dei
2785 3673 2994 3742 absque
3016 3672 3125 3727 ulla
3158 3671 3524 3741 praveniente
3547 3687 3690 3741 gra-

2089 3770 2163 3824 tia
2187 3784 2394 3823 amare.
2420 3768 2477 3821 2°
2509 3766 2691 3822 [nesse
2718 3766 2919 3821 homini
2937 3766 3111 3820 omnia
3132 3767 3326 3819 animo:
3348 3766 3692 3821 naturaliter

2088 3863 2342 3917 virtutum
2364 3860 2588 3925 semina,
2615 3859 2862 3929 beneﬁcio
2886 3859 3156 3915 Creatoris
3180 3860 3403 3914 inserta.
3425 3858 3535 3915 Sed
3563 3860 3694 3917 haec

2090 3953 2431 4010 consvctaria
2478 3951 2730 4007 Cassiani
2778 3959 2944 4017 sunt,
2982 3950 3212 4006 minime
3251 3965 3384 4006 vero
3433 3953 3695 4007 auctoris

2091 4047 2287 4114 nostri,
2314 4046 2408 4115 qui
2442 4060 2543 4100 nec
2566 4045 2735 4101 citato
2767 4044 2911 4109 loco,
2957 4057 3057 4119 nec
3104 4044 3232 4098 alibi
3264 4043 3570 4115 quidquam
3616 4046 3693 4102 de

2090 4139 2264 4194 libero
2294 4137 2524 4192 arbitrio
2545 4136 2723 4201 docet,
2755 4134 2810 4189 in
2841 4149 2953 4205 quo
2978 4135 3048 4189 ab
3092 4135 3361 4206 Apostolo
3384 4135 3692 4190 doctrina-

2090 4248 2198 4302 que
2220 4230 2523 4287 orthodoxa
2558 4238 2933 4284 transversum
2966 4242 3204 4299 unguem
3232 4226 3575 4282 discesserit.

2162 4324 2305 4392 Quid
2347 4337 2479 4378 vero
2527 4320 2751 4377 Rivetus
2794 4336 2892 4391 per
2920 4321 3272 4375 solitudinem
3301 4321 3684 4375 monasticam

2094 4417 2199 4473 sibi
2225 4416 2375 4480 velit,
2408 4430 2516 4469 non
2564 4422 2741 4484 potest
2770 4412 2928 4467 facile
2951 4412 3191 4467 deliniri.
3226 4411 3290 4467 Et
3313 4426 3444 4467 vero
3474 4412 3526 4467 si
3558 4428 3692 4466 mo-

2094 4511 2426 4579 nasterium,
2457 4512 2541 4566 vel
2589 4510 2957 4564 monasticam
3007 4506 3318 4561 institutum
3373 4505 3461 4559 his
3496 4506 3695 4561 verbis

2097 4606 2385 4676 intelligat,
2409 4620 2478 4659 ne
2516 4604 2686 4657 hilum
2726 4603 2948 4672 quidem
2977 4616 3041 4656 ea
3068 4601 3137 4656 de
3160 4615 3217 4655 re
3242 4599 3382 4671 apud
3414 4597 3689 4655 Hermam

2096 4696 2337 4766 reperire
2359 4702 2463 4750 est.
2493 4693 2549 4748 Si
2592 4703 2775 4750 autem
2808 4695 2876 4749 de
2899 4692 3199 4748 Christiani
3229 4707 3259 4746 a
3290 4691 3481 4746 mundi
3510 4708 3690 4763 nego-

2097 4787 2189 4841 tiis
2210 4796 2264 4843 et
2288 4786 2615 4841 tumultibus
2636 4801 2856 4841 secessu
2888 4783 3117 4840 Rivetus
3139 4785 3414 4855 loquatur,
3437 4785 3594 4842 hunc
3612 4788 3691 4840 ab

2099 4880 2364 4949 apostolis
2390 4880 2757 4949 omnibusque
2776 4876 3032 4933 Ecclesia:
3050 4878 3371 4934 doctoribus
3397 4893 3692 4934 commen-

2099 4971 2241 5039 dari,
2278 4988 2476 5043 negare
2495 4972 2623 5042 quis
2653 4971 2888 5026 audeat?

2171 5082 2418 5155 Denique
2447 5084 2490 5139 si
2525 5082 2754 5139 Hermas
2784 5084 3166 5154 purgatorium
3209 5084 3412 5140 alicubi
3442 5098 3692 5153 asserat,

2103 5175 2194 5229 ille
2220 5175 2355 5230 nihil
2400 5173 2645 5245 profecto
2675 5175 2780 5230 nisi
2810 5189 3007 5231 sanum
3035 5177 3262 5233 omnino
3302 5187 3357 5232 et
3393 5182 3564 5248 plane
3596 5194 3696 5233 or-

2105 5268 2406 5322 thodoxum
2433 5269 2693 5323 statuisse
2712 5267 2979 5323 dicendus
3013 5278 3119 5326 est.
3162 5269 3417 5324 Attamen
3462 5270 3692 5325 sincero

2102 5360 2349 5416 veritatis
2370 5376 2555 5415 amore
2580 5360 2753 5427 ducti,
2787 5359 3019 5416 libenter
3045 5360 3284 5416 fatemur
3309 5362 3365 5416 in
3397 5377 3485 5428 eo,
3520 5379 3689 5433 quem

2104 5450 2290 5505 laudat
2313 5450 2561 5517 Rivetus,
2586 5450 2799 5507 Hermas
2828 5452 2948 5508 loco
2976 5467 3084 5509 non
3115 5454 3184 5509 de
3211 5453 3558 5525 purgatorio,
3590 5458 3686 5511 sed

1576 5598 1943 5678 ,ΡωΕί²ο’-Ρὶ³¹.Ρ’
1972 5608 1979 5627 ‘

2157 5597 2267 5678 15.⁵
2323 5598 2367 5678 ξι
2519 5612 2599 5663 ιιι,
2623 5595 3051 5678 εἰιιιίιὶιιελήεί
3069 5595 3318 5678 lib."sup.
3345 5597 3441 5651 cit.
3464 5611 3596 5678 cap.
3626 5596 3690 5659 4.

426 5674 592 5728 Nunt.
633 5689 747 5727 χχιι
793 5666 851 5725 ⁷ει
900 5666 1044 5725 ίχιν.
1122 5672 1276 5726 "lib.
1307 5688 1389 5739 ιιι,
1423 5666 1632 5725 similit.
1662 5668 1717 5723 8.
1793 5670 1840 5699 ”
1858 5666 1953 5739 lib.
1987 5682 2042 5720 1x

2132 5684 2158 5722 c
2197 5668 2505 5724 administr.
2553 5669 2763 5736 parum,
2792 5682 2913 5738 cap.
2930 5666 3024 5724 28.
3102 5667 3149 5700 ⁸⁸
3168 5666 3305 5723 Crit.
3349 5683 3461 5722 sec.
3501 5670 3606 5725 lib.
3645 5684 3689 5733 i,

426 5761 546 5814 cap.
585 5745 672 5797 η.
747 5742 793 5775 ⁸⁵
812 5742 1007 5798 Collat.
1048 5740 1135 5813 i3,
1172 5761 1221 5798 c.
1272 5737 1382 5796 12(
1439 5742 1481 5773 ⁸⁷
1508 5741 1601 5794 lib.
1639 5755 1716 5806 ιι,
1759 5738 2002 5793 mandat.
2037 5737 2092 5791 6.
