3822 6218
388 282 485 341 851

1827 286 1884 346 S.
1922 284 2187 343 HERME

3552 276 3665 335 85‘!

390 399 629 454 divinam
682 414 837 454 suam
891 400 1257 456 substantiam
1309 398 1459 455 Patri
1502 398 1570 455 ad
1620 398 1965 456 condendam
1995 416 2042 474 Α
2072 408 2186 453 stus
2214 398 2378 453 semel
2406 414 2501 469 pro
2522 397 2748 469 peccatis
2779 406 3138 452 mortuus.....
3167 413 3223 450 in
3245 413 3346 468 quo
3375 406 3426 451 et
3457 398 3544 450 his
3572 400 3662 466 qui

386 501 696 548 creaturam
715 491 984 558 adfuerat,
1009 494 1253 563 ejusdem
1281 508 1404 549 cum
1439 492 1558 563 ipso
1586 492 1729 547 sicut
1760 502 1969 547 natura:

390 586 464 641 ita
493 594 546 640 et
576 587 861 655 potestatis
884 602 1100 657 semper
1123 587 1308 641 fuerit.

461 674 595 730 Cum
649 686 795 731 sarta
846 676 1029 747 igitur,
1074 686 1215 731 tecta
1266 676 1586 745 integraque
1635 675 1707 731 sit
1756 674 1970 731 Herma:

386 767 564 823 nostri
612 766 678 821 de
722 783 937 821 summa
979 767 1181 822 Christi
1214 765 1501 821 divinitate
1549 766 1820 831 doctrina,
1868 779 1969 820 nec

387 863 520 930 quid
563 862 789 916 omnino
821 869 1007 915 contra
1039 860 1185 914 illam
1221 858 1326 915 nisi
1372 858 1647 914 insulsum
1694 860 1873 929 plane,
1914 863 1970 912 et

386 950 631 1021 ineptum
658 951 872 1005 eﬂ‘utire
904 951 1181 1021 potuerint
1220 950 1485 1016 haeretici,
1509 966 1653 1005 unus
1683 960 1864 1005 tamen
1897 963 1967 1002 ex

384 1042 467 1097 eis
501 1058 670 1112 pauca
697 1042 943 1111 quaedam
972 1042 1145 1111 ipsius
1172 1042 1339 1097 verba
1366 1044 1592 1107 arrosit,
1620 1042 1821 1111 quibus
1846 1039 1969 1109 Spi-

384 1133 528 1190 ritus
586 1134 761 1189 sancti
797 1132 1139 1189 divinitatem
1173 1135 1241 1188 ab
1266 1150 1332 1189 eo
1357 1144 1608 1204 negatam
1640 1132 1813 1188 fuisse
1837 1148 1967 1202 pro-

384 1223 515 1279 bare
536 1240 823 1294 perperam
840 1234 1074 1281 conatus
1095 1235 1199 1281 eSt.
1225 1225 1349 1282 Haec
1378 1242 1543 1297 porro
1569 1236 1717 1291 sunt,
1736 1240 1858 1295 quae
1880 1225 1969 1281 ille

384 1316 545 1372 nobis
567 1315 756 1385 objicit
782 1332 798 1370 :
830 1314 1013 1386 Neque
1039 1333 1160 1370 eum
1182 1317 1313 1382 vult,
1351 1318 1552 1371 homini
1576 1317 1814 1387 loquitur
1846 1315 1969 1386 Spi-

384 1419 521 1463 ritus
556 1416 804 1473 sanctus,
845 1408 937 1461 sed
976 1417 1102 1462 tunc
1133 1409 1375 1479 loquitur
1418 1427 1538 1464 cum
1577 1409 1691 1463 vult
1722 1408 1861 1463 Deus
1895 1408 1963 1462 “.

386 1498 492 1553 Sed
512 1497 557 1553 si
586 1499 732 1552 hunc
766 1497 1125 1554 Socinianum
1153 1500 1432 1555 hominem
1464 1501 1708 1556 nefarius
1732 1502 1969 1556 errantis

385 1598 550 1645 se‘ette
585 1606 742 1647 amor
785 1595 1004 1664 penitus
1043 1609 1151 1648 non
1189 1595 1554 1659 obezecasset,
1608 1592 1970 1647 intellexisset

389 1682 580 1751 utique
611 1684 753 1740 hanc
776 1700 900 1741 esse
924 1685 1139 1741 Hermae
1164 1686 1337 1740 nostri
1362 1695 1622 1747 mentem,
1657 1694 1712 1739 et
1741 1701 1967 1740 sensum

2071 492 2124 545 in
2145 507 2301 545 carne
2321 500 2477 545 erant
2503 492 2783 561 spiritibus
2808 492 3013 544 veniens
3034 490 3469 559 pradicavit,qui
3487 490 3663 543 inore.

2070 582 2187 637 duli
2219 584 2513 653 fuerant",
2541 592 2647 639 etc.
2679 582 2801 649 Quo
2825 582 2989 651 igitur
3019 583 3184 635 modo
3213 579 3448 636 Hermas
3478 582 3664 635 dicere

2068 685 2285 747 poterat
2327 695 2340 729 :
2373 676 2623 746 Apostoli
2654 686 2703 730 et
2749 676 2992 729 doctores
3016 675 3442 744 pradicaverunt
3471 690 3663 727 nomen

2071 766 2209 821 Filii
2242 767 2433 823 Dei....
2473 768 2557 823 his
2590 770 2680 838 qui
2704 777 2826 822 ante
2857 766 3191 821 obierunt....
3226 777 3276 822 et
3304 774 3665 837 cognoverunt

2072 858 2122 913 F
2125 860 2279 913 ilium
2314 860 2408 915 Dei
2430 863 2458 915 ?

2142 953 2399 1009 Clemens
2429 952 2837 1008 Alexandrinus
2868 952 3089 1008 videtur
3115 951 3337 1023 quidem
3362 950 3664 1008 difﬁculta-

2070 1044 2141 1100 tis
2187 1045 2390 1100 nodum
2441 1061 2654 1110 secare,
2712 1046 2806 1100 ubi
2838 1045 2912 1112 ⁷⁸,
2961 1045 3140 1099 citatis
3190 1044 3434 1098 auctoris
3480 1041 3661 1098 nostri

2067 1144 2272 1211 verbis,
2308 1143 2686 1198 aitChristum
2719 1144 2861 1213 apud
2894 1141 3101 1197 inferos
3131 1140 3376 1196 Hebraeis
3403 1141 3660 1211 Evange-

2070 1236 2201 1290 lium
2227 1237 2609 1301 annuntiasse,
2642 1236 2921 1306 apostolos
2953 1250 3082 1289 vero
3106 1235 3174 1287 iis
3193 1235 3286 1304 qui
3305 1250 3373 1289 ea:
3412 1234 3659 1304 gentibus

2069 1326 2183 1393 apti
2210 1334 2361 1379 erant
2396 1326 2465 1379 ad
2492 1327 2904 1380 conversionem.
2950 1324 3017 1379 Et
3046 1336 3185 1380 recte
3221 1326 3427 1379 dictum
3474 1342 3509 1379 a
3549 1325 3661 1378 Pa-

2071 1425 2252 1471 store:
2285 1435 2305 1468 ι
2336 1416 2730 1471 Descenderam
2761 1432 2887 1487 ergo
2909 1418 2967 1470 in
3004 1433 3221 1487 aquam,
3255 1436 3276 1469 ι
3307 1425 3415 1471 etc.
3448 1414 3659 1470 Verum

2069 1506 2117 1562 si
2148 1506 2253 1561 hac
2274 1507 2641 1578 explicatione
2676 1507 2933 1563 Clemens
2967 1508 3171 1563 nodum
3196 1508 3473 1564 difﬁcilem
3493 1524 3661 1578 expc.

2068 1600 2189 1657 dire
2236 1600 2476 1663 videtur,
2525 1600 2582 1654 in
2613 1599 2781 1654 alium
2821 1598 3069 1668 profecto
3099 1600 3259 1670 longe
3288 1599 3659 1655 difﬁciliorem

2072 1690 2289 1747 incidit.
2328 1689 2422 1746 llle
2467 1692 2671 1761 quippe
2699 1693 2860 1746 docet
2906 1691 3162 1746 Hermam
3192 1692 3480 1761 opinatum
3532 1706 3661 1746 esse

385 1775 644 1830 omnibus
689 1776 848 1831 facile
891 1778 1159 1833 obvium:
1210 1776 1394 1849 Neque
1437 1794 1558 1831 cum
1605 1777 1773 1832 homo
1817 1778 1963 1843 vult,
1999 1791 2042 1846 Β
2073 1784 2258 1853 plures
2285 1798 2353 1837 ex
2416 1783 2653 1839 ethnicis
2679 1782 3195 1852 hominibusjustis,
3223 1783 3658 1837 cumeristum

383 1866 584 1922 homini
618 1869 858 1942 loquitur
881 1870 1115 1942 Spiritus
1145 1882 1384 1936 sanctus,
1416 1873 1506 1926 sed
1529 1888 1648 1925 cum
1672 1874 1781 1926 vult
1803 1872 1961 1927 Deus.

382 1961 455 2014 At
496 1963 667 2031 quid,
712 1965 985 2031 obsecro,
1029 1980 1098 2021 ex
1141 1967 1227 2021 bis
1265 1965 1449 2023 verbis
1490 1973 1683 2021 contra
1726 1964 1966 2035 Spiritus

383 2055 560 2109 sancti
594 2055 939 2111 divinitatem
966 2074 981 2111 :
1016 2056 1128 2112 imo
1161 2072 1291 2112 vero
1318 2056 1451 2127 quid
1481 2071 1545 2111 ex
1577 2055 1832 2121 illis,nisi
1863 2071 1964 2125 pro

382 2146 681 2202 asserenda
710 2147 899 2203 divina
934 2149 1081 2205 illius
1106 2157 1307 2202 natura
1336 2148 1593 2203 concludi
1622 2148 1838 2217 potest?
1887 2146 1965 2203 ibi

380 2219 527 2291 enini
548 2237 778 2295 Hermas
800 2254 961 2294 veros
982 2240 1276 2310 prophetas
1293 2239 1482 2293 divino
1501 2237 1731 2308 Spiritu,
1746 2238 1966 2307 quando

382 2329 620 2398 ipsemet
648 2332 846 2398 voluit,
890 2331 1101 2387 aﬂlatos
1148 2330 1320 2385 fuisse
1369 2339 1671 2385 asseverat.
1718 2330 1788 2384 At
1839 2332 1965 2400 quis

380 2423 590 2477 nesciat
607 2433 864 2479 strenuos
878 2423 1111 2479 Nicena:
1136 2424 1259 2477 fidei
1286 2422 1609 2480 defensores
1644 2424 1749 2477 hoe
1779 2423 1845 2477 ad
1870 2423 1966 2477 de-

380 2514 667 2571 bellandos
699 2516 956 2582 Arianos,
1007 2525 1061 2570 et
1115 2514 1358 2585 Spiritus
1404 2514 1584 2570 sancti
1616 2514 1962 2569 divinitatem

380 2608 646 2666 adversus
678 2609 1102 2664 Macedonianos
1147 2609 1349 2662 invicte
1374 2605 1825 2677 propugnantium
1847 2605 1964 2663 elli-

380 2699 695 2764 cacissimo,
740 2699 819 2753 uti
860 2700 1021 2768 plane
1049 2712 1157 2754 non
1201 2698 1479 2753 immerito
1507 2696 1795 2766 putabant,
1832 2713 1964 2754 usos

378 2804 501 2845 esse
523 2797 867 2859 argumento.
1668 2806 1675 2811 θ

875 2897 1274 2954 ARTICULUS
1316 2897 1461 2953 XIX.

383 2991 578 3047 Utrum
608 2992 838 3060 apostoli
857 2994 1055 3046 mortui
1073 2993 1475 3062 praedicaverint
1496 2978 1686 3045 nomen
1715 2988 1846 3044 Filii
1865 2989 1964 3044 Dei

770 3065 837 3119 iis
862 3066 953 3133 qui
986 3065 1126 3133 apud
1160 3063 1357 3132 inferos
1380 3072 1551 3117 erant.

2069 1877 2181 1931 illis
2199 1874 2433 1945 apostoli
2457 1874 2866 1943 praedicassent,
2885 1875 2956 1929 ab
2976 1875 3164 1930 inferis
3188 1874 3473 1940 liberatos,
3493 1885 3663 1944 atque

2068 1984 2100 2023 a
2133 1967 2356 2024 Christo
2401 1978 2604 2023 aeterna
2654 1967 2889 2021 donatos
2920 1966 3202 2021 felicitate.
3248 1966 3387 2032 Quae
3428 1968 3658 2037 quidem

2068 2060 2255 2129 opinio
2295 2061 2365 2115 ab
2407 2059 2719 2129 Augustino
2754 2059 2799 2090 '"
2839 2067 3101 2128 tanquam
3139 2058 3368 2113 omnino
3418 2073 3659 2114 errones

2066 2149 2408 2218 repudiatur.
2447 2147 2652 2203 Deinde
2692 2146 2922 2203 Hermas
2956 2148 3167 2202 nullum
3214 2147 3482 2203 Hebraeos
3515 2152 3659 2204 inter

2066 2247 2123 2292 et
2147 2239 2400 2294 ethnicos
2426 2240 2581 2308 ponit
2602 2240 2934 2307 discrimen;
2968 2240 3078 2293 imo
3100 2250 3291 2310 aperte
3319 2241 3659 2310 loquiturde

2068 2327 2310 2384 Hebrmis
2340 2345 2436 2398 per
2465 2329 2672 2398 lapides
2700 2346 2756 2395 ι,
2785 2345 2890 2384 xxv
2918 2338 2973 2383 et
3002 2346 3107 2383 xxx
3134 2330 3503 2385 adumbratis.
3533 2330 3659 2400 qui-

2065 2424 2299 2478 buscum
2329 2422 2581 2491 apostoli,
2612 2422 3036 2492 quadragesimo
3066 2422 3245 2491 lapide
3277 2422 3526 2487 ﬁgurati,
3560 2422 3659 2477 de-

2065 2515 2416 2579 scenderunt,
2449 2515 2640 2584 eisque
2668 2513 2789 2567 Filii
2827 2513 2922 2567 Dei
2956 2515 3389 2584 praedicaverunt
3424 2529 3651 2568 nomen.

2137 2606 2476 2677 Quapropter
2494 2617 2770 2675 putamus,
2786 2605 2934 2659 salva
2962 2614 3143 2659 tamen
3168 2605 3348 2659 debita
3378 2604 3654 2659 Clementi

2066 2700 2397 2767 reverentia,
2430 2700 2617 2754 locum
2651 2698 2863 2754 Hermae
2892 2698 3001 2753 alio
3027 2714 3192 2754 sensu
3224 2698 3653 2767 exponendum,

2064 2807 2132 2847 eo
2153 2792 2360 2846 scilicet
2376 2807 2486 2861 quo
2500 2790 2841 2862 Augustinus
2862 2792 3117 2860 superius
3139 2790 3301 2843 allata
3315 2788 3461 2843 Petri
3486 2790 3655 2844 verba

2066 2884 2458 2954 interpretatus
2486 2893 2590 2939 est.
2641 2882 2936 2937 Enimvero
2974 2899 3100 2937 eum
3151 2881 3416 2947 Evodius,
3469 2883 3543 2937 ab
3585 2898 3653 2936 eo

2065 2979 2157 3032 illa
2178 2977 2284 3031 sibi
2306 2976 2567 3046 explicari
2601 2976 2963 3046 poposcisset,
2988 2975 3330 3045 Augustinus
3356 2976 3403 3005 "
3427 2985 3657 3044 quantae

2065 3069 2176 3125 sint
2200 3070 2274 3123 ibi
2291 3068 2636 3125 dtllicultates
2666 3068 2901 3137 primum
2920 3068 3164 3137 exponit.
3189 3067 3393 3122 Deinde
3421 3082 3657 3137 respon-

453 3156 552 3212 His
581 3157 766 3226 itaque
795 3158 954 3225 longe
996 3156 1269 3212 diliicilior
1317 3169 1371 3211 et
1422 3157 1713 3211 obscurior
1744 3155 1959 3211 Hermae
1987 3137 2032 3194 (ἶ
2064 3160 2281 3220 tle-uillis
2302 3160 2450 3215 Petri
2474 3161 2652 3215 verbis
2684 3179 2697 3214 :
2732 3160 2829 3213 llis
2846 3160 2936 3229 qui
2968 3161 3021 3211 in
3043 3177 3204 3213 carne
3244 3170 3420 3223 erant,
3442 3161 3658 3231 spiriti-

378 3250 554 3316 iot'us,
587 3265 617 3303 a
649 3250 930 3303 Clemente
958 3260 1139 3303 tamen
1168 3249 1544 3305 Alexandrino
1596 3250 1766 3305 semel
1795 3258 1960 3320 atque

380 3342 580 3395 iterum
611 3342 835 3407 citatus,
863 3342 943 3395 sic
968 3341 1201 3397 habetur
1230 3342 1311 3395 οτι
1344 3341 1585 3412 Apostoli
1613 3352 1662 3396 et
1692 3348 1957 3411 doctores,

377 3434 469 3503 qui
509 3434 931 3502 pradicaverunt
983 3451 1171 3488 nomen
1208 3434 1255 3487 F
1260 3435 1342 3488 illi
1375 3436 1493 3502 Dei,
1545 3452 1665 3489 cum
1712 3436 1960 3490 habentes

380 3526 541 3594 ﬁdem
569 3527 684 3595 ejus
713 3536 763 3579 et
792 3535 1104 3594 potestatem
1132 3527 1373 3596 defuncti
1412 3539 1606 3593 essent,
1638 3528 1962 3597 pradicave—

379 3623 506 3668 rant
551 3616 634 3668 Itis
672 3616 761 3681 qui
798 3625 919 3670 ante
949 3618 1189 3670 obierunt
1219 3627 1269 3672 et
1310 3619 1414 3686 ipsi
1444 3620 1699 3689 dederunt
1727 3620 1802 3673 eis
1823 3620 1961 3673 illud

376 3708 613 3778 signum.
647 3707 1037 3765 Descenderunt
1067 3711 1234 3781 igitur
1276 3712 1332 3764 in
1361 3728 1553 3782 aquam
1586 3729 1705 3765 cum
1736 3713 1867 3776 illis.
1910 3722 1963 3766 et

381 3799 575 3852 iterum
602 3800 947 3855 ascenderunt
978 3816 997 3854 :
1024 3803 1114 3855 sed
1162 3803 1217 3855 hi
1247 3803 1347 3856 vivi
1384 3806 1755 3869 ascenderunt,
1794 3814 1852 3859 at
1879 3804 1963 3859 illi

381 3891 474 3961 qui
508 3890 719 3959 fuerunt
753 3904 875 3946 ante
901 3894 1161 3962 defuncti,
1188 3896 1387 3949 mortui
1417 3897 1631 3965 quidem
1678 3898 1961 3952 descende-

381 3996 531 4052 runt,
554 3986 644 4039 sed
670 3986 772 4038 vivi
792 3985 1161 4039 ascenderunt.
1200 3984 1301 4039 Per
1326 3986 1418 4038 hos
1442 3987 1607 4056 igitur
1630 3987 1793 4040 vitam
1812 4004 1964 4041 acce-

380 4087 590 4145 perunt,
614 4086 662 4131 et
689 4086 1036 4148 cognoverunt
1070 4075 1274 4130 Filium
1304 4077 1433 4145 Dei;
1468 4078 1686 4147 ideoque
1716 4079 1963 4132 ascende-

382 4179 508 4223 runt
529 4186 649 4223 cum
678 4170 812 4224 illis.
842 4169 967 4225 Haec
990 4185 1097 4224 vox
1122 4172 1333 4239 signum
1363 4170 1435 4223 ibi
1466 4170 1600 4224 nihil
1631 4182 1791 4225 sonat
1812 4171 1962 4227 aliud

382 4278 554 4331 quam
588 4262 950 4331 baptismum,
998 4263 1448 4332 quandoquidem
1500 4261 1733 4318 Hermas
1780 4265 1961 4319 conti—

383 4364 576 4409 neuter
604 4353 908 4425 subjungit,
938 4354 1319 4407 descenderunt
1359 4355 1415 4407 in
1442 4371 1656 4423 aquam.
1693 4354 1799 4409 Sed
1834 4372 1961 4409 cum

2065 3254 2182 3320 bus,
2234 3269 2329 3307 eos
2366 3252 2593 3321 intelligi
2635 3268 2816 3321 posse,
2863 3254 2955 3322 qui
2992 3262 3116 3305 tunc
3161 3262 3313 3307 erant
3359 3254 3415 3306 in
3450 3270 3656 3321 carne,

2062 3356 2219 3415 atque
2244 3346 2564 3412 iqnorantia?
2590 3344 2812 3399 tenebris
2832 3345 2969 3398 velut
2995 3361 3204 3398 carcere
3235 3344 3633 3399 claudebantur

2054 3433 2249 3504 Neque
2286 3443 2470 3489 tamen
2503 3434 2605 3489 hoc
2636 3434 2739 3488 sibi
2771 3434 2976 3488 idcirco
3000 3434 3165 3503 objici
3197 3450 3360 3503 posse
3394 3437 3656 3503 putabat,

2062 3527 2208 3597 quod
2252 3526 2500 3579 Christus
2524 3526 2760 3578 nondum
2790 3536 2996 3578 venerat
3030 3527 3085 3578 in
3117 3542 3292 3578 carne.
3348 3526 3654 3592 Quoniam,

2062 3618 2241 3687 inquit
2276 3628 2502 3673 sanctus
2523 3618 2717 3673 doctor
2744 3635 2757 3671 :
2791 3616 2909 3687 Ipse
2930 3620 3109 3689 utique
3139 3634 3245 3670 non
3270 3620 3323 3671 in
3348 3635 3538 3684 carne,
3565 3619 3657 3673 sed

2061 3710 2117 3763 in
2138 3711 2332 3778 spiritu
2361 3709 2734 3764 veniebatvisis
2758 3712 3026 3780 congruis,
3067 3711 3373 3780 colloquens
3401 3728 3539 3780 quos
3568 3728 3660 3765 vo—

2061 3802 2225 3866 lebat,
2257 3803 2395 3854 sicut
2422 3801 2649 3855 volebat.
2688 3800 2891 3856 Eodem
2922 3802 3087 3871 igitur
3116 3811 3280 3870 atque
3302 3801 3660 3872 Augustinus

2070 3910 2239 3951 sensu
2277 3894 2507 3949 Hermas
2555 3895 2741 3950 dicere
2767 3905 3003 3965 poterat,
3044 3896 3188 3964 quod
3216 3896 3448 3963 apostoli
3474 3905 3529 3949 et
3562 3911 3663 3948 ao.

2064 3997 2353 4039 ctores.....
2382 3996 2805 4052 prwatcaverunt
2836 3986 2919 4038 his
2955 3986 3045 4038 aui
3080 3996 3201 4037 ante
3237 3985 3513 4047 obierunt,
3554 3986 3661 4040 hoc

2063 4086 2167 4144 est,
2193 4078 2396 4131 mortui
2427 4086 2557 4131 sunt
2578 4076 2842 4142 tenebris,
2870 4076 3203 4148 ignorantis,
3234 4075 3571 4132 inﬁdelitate
3606 4086 3662 4132 et

2064 4167 2467 4223 incredulitate.

2137 4281 2227 4347 At,
2263 4281 2501 4351 inquies,
2544 4296 2645 4336 cur
2671 4294 2804 4352 ergo
2841 4281 2909 4336 de
2953 4280 3219 4352 apostolis
3256 4279 3496 4336 Hermas
3526 4285 3661 4338 sub-

2063 4370 2244 4441 jungit
2271 4387 2284 4422 ;
2318 4370 2754 4426 Prwdicaverunt
2794 4390 2980 4427 nomen
3008 4372 3147 4427 Filii
3186 4373 3379 4429 Dei....
3409 4392 3537 4429 cum
3567 4380 3659 4431 de-

382 4446 569 4501 nullus
593 4446 697 4501 nisi
727 4447 779 4500 in
799 4447 901 4501 hae
924 4447 1171 4512 vita,nec
1199 4445 1305 4501 nisi
1337 4446 1405 4499 ab
1432 4446 1751 4501 hominibus
1773 4447 1961 4500 viven-
1996 4482 2038 4536 υ
2073 4463 2243 4531 [uncti
2265 4466 2480 4517 essent?
2518 4463 2742 4530 Quidni,
2769 4465 3084 4534 inquiemus
3110 4477 3163 4521 et
3193 4481 3327 4532 nos,
3371 4467 3492 4522 haec
3520 4484 3658 4538 apo-

384 4539 532 4592 tibus
576 4539 850 4608 baptismo
875 4538 1048 4608 possit
1079 4538 1250 4601 ablui,
1301 4538 1413 4592 illic
1442 4553 1572 4592 vero
1618 4539 1963 4609 baptizantes

383 4629 645 4699 apostoli,
677 4638 842 4698 atque
873 4630 941 4683 ab
981 4630 1063 4683 eis
1113 4628 1375 4698 baptizati
1407 4629 1608 4682 mortui
1639 4639 1694 4684 et
1728 4645 1963 4699 corpore

382 4722 551 4776 soluti
584 4721 869 4789 dicantur;
888 4722 960 4775 ibi
990 4720 1237 4791 profecto
1266 4721 1334 4775 de
1380 4721 1500 4775 solo
1528 4722 1759 4790 spiritali
1785 4723 1963 4792 bapti-

383 4822 566 4870 smate
610 4821 805 4882 agatur
856 4828 1082 4867 necesse
1130 4821 1235 4867 est.
1269 4811 1428 4877 Quod
1484 4822 1628 4866 certe
1658 4812 1761 4867 loci
1792 4814 1960 4884 hujus

382 4906 754 4963 diliicultatem
785 4921 895 4959 non
945 4906 1164 4970 minuit,
1190 4904 1285 4960 sed
1309 4913 1473 4974 auget
1506 4905 1854 4974 plurimumd

452 5021 678 5077 Certum
701 5029 785 5077 est
813 5021 957 5075 enim
985 5018 1263 5075 Christum
1297 5028 1419 5090 post
1441 5029 1672 5075 mortem
1705 5035 1860 5075 suam
1893 5020 1962 5075 ad

382 5113 591 5170 inferos
612 5114 984 5169 descendisse.
1018 5110 1173 5166 Unde
1196 5111 1537 5181 Augustinus
1575 5112 1625 5143 ⁸⁸
1653 5128 1666 5163 :
1702 5112 1834 5177 Quis
1858 5115 1961 5167 nisi

380 5207 617 5279 inﬁdelis
641 5207 901 5278 negaverit
921 5207 1087 5276 fuisse
1113 5205 1253 5275 apud
1278 5204 1475 5272 inferos
1493 5202 1766 5257 Christum
1786 5205 1811 5255 Ρ
1826 5203 1973 5259 Con-

383 5309 498 5357 stat
541 5300 706 5355 etiam
733 5298 1015 5353 Christum
1054 5305 1185 5350 tunc
1208 5295 1540 5364 patriarehis
1558 5294 1837 5365 justisque
1863 5296 1964 5349 ho-

385 5390 719 5447 minibusibi
756 5388 1080 5460 degentibus
1108 5401 1227 5441 sese
1258 5384 1609 5439 manifestum
1640 5385 1960 5454 praebuisse,

386 5484 466 5540 uti
494 5499 563 5539 ex
596 5484 682 5539 his
711 5482 860 5537 Petri
891 5478 1123 5550 apostoli
1172 5477 1358 5533 verbis
1402 5476 1729 5547 intelligitur
1757 5495 1773 5531 :
1805 5476 1964 5532 Chri-

2071 4553 2338 4607 stolorum
2379 4570 2528 4609 mors
2554 4554 2826 4625 spirituali
2849 4570 3069 4625 quoque
3098 4571 3262 4611 sensu
3288 4557 3655 4629 intelligatur!

2073 4643 2213 4708 Quia
2237 4645 2496 4699 nimirum
2522 4654 2681 4700 vetus
2709 4662 2899 4701 eorum
2930 4648 3096 4702 homo
3120 4664 3244 4703 cum
3277 4648 3506 4705 Christo
3530 4668 3659 4707 cru-

2070 4736 2272 4790 cifixus
2324 4746 2378 4791 et
2425 4747 2678 4794 mortuus
2709 4738 2916 4803 fuerat,
2950 4755 3014 4795 ac
3060 4740 3404 4797 destructum
3446 4760 3657 4815 corpus

2071 4831 2303 4899 peccati,
2339 4841 2399 4885 ut
2422 4832 2747 4901 loquebatur
2775 4831 2979 4887 Paulus
3003 4834 3069 4887 ⁷³.
3097 4833 3165 4888 Et
3191 4845 3339 4889 certe
3371 4836 3492 4892 haec
3528 4855 3658 4895 ver-

2069 4922 2271 4976 borum
2296 4920 2507 4977 llernne
2541 4924 2918 4994 interpretatio
2951 4925 3075 4981 inde
3102 4926 3481 4997 conﬁrmatur,
3505 4934 3658 5001 quod

2073 5014 2166 5069 ille
2195 5016 2463 5071 continuo
2489 5017 2691 5071 addat:
2728 5016 2833 5071 Sed
2868 5021 2922 5074 hi
2954 5021 3053 5073 vivi
3078 5022 3451 5076 ascenderunt.
3494 5025 3657 5090 Quod

2067 5109 2286 5177 quidem
2304 5109 2371 5162 de
2401 5110 2506 5163 vita
2533 5110 2801 5179 spirituali
2830 5112 3060 5181 ipsemet
3082 5115 3493 5184 interpretatus,
3524 5119 3659 5173 sub-

2080 5201 2160 5256 dit
2189 5216 2204 5253 :
2250 5200 2425 5254 Vitam
2456 5212 2790 5271 receperunt;
2828 5214 2879 5257 et
2911 5216 3263 5275 cognoverunt
3294 5206 3502 5261 Filium
3533 5209 3655 5265 Dei.

2075 5292 2320 5364 Denique
2350 5309 2414 5347 ex
2446 5294 2559 5364 jam
2590 5295 2752 5349 dictis
2783 5304 2991 5351 certum
3036 5307 3120 5352 est
3143 5296 3401 5353 Hermum
3433 5316 3653 5359 sermo-

2076 5400 2203 5439 nem
2236 5384 2311 5438 ibi
2342 5383 2525 5439 facere
2546 5386 2614 5439 de
2644 5386 2926 5455 spirituali
2950 5389 3246 5458 baptismo,
3277 5390 3330 5444 id
3352 5403 3441 5446 est
3460 5396 3654 5465 cogni—

2076 5478 2228 5531 tione
2260 5476 2387 5531 Filii
2417 5476 2533 5532 Dei.
2559 5477 2674 5532 Cur
2714 5495 2844 5550 ergo
2872 5488 3020 5536 totus
3056 5482 3157 5537 iste
3188 5484 3345 5538 locus
3375 5486 3653 5554 spirituali

481 5640 738 5718 f°lil_i._1t,
771 5641 1014 5718 mandat.
1052 5642 1184 5718 12.__
1211 5643 1260 5718 :7
1275 5641 1370 5718 lib.
1396 5640 1720 5718 t_lt‘,_sitn_ili.t‘.
1746 5641 1801 5718 9ἶ
1878 5641 1961 5718 δέ’]

2092 5653 2124 5696 l.
2158 5644 2282 5718 {64,
2320 5626 2397 5701 ad
2421 5643 2588 5702 Evod.
2667 5643 3120 5713 "lPetr.m,18.
3162 5647 3320 5703 7t’lib.
3346 5647 3651 5718 "Sirena,

378 5708 426 5781 ’ᾗ
462 5712 513 5765 5.
592 5710 632 5741 ⁷¹
660 5711 765 5765 loc.
807 5728 927 5781 sup.
967 5714 1059 5767 cit.

1144 5715 1188 5745 ⁷³
1210 5711 1381 5783 Epist.
1402 5712 1523 5777 itii,
1564 5713 1629 5765 ad
1659 5710 1820 5767 Evod.
1902 5714 1945 5745 ⁷³
1966 5710 2125 5770 Rom.
2146 5732 2224 5778 vt,
2244 5714 2299 5773 6.
