3822 6218
158 319 271 380 853

1396 304 1691 366 PASTOR.
1732 332 1802 345 -—
1836 294 2200 357 PROCEMIA.

3334 274 3443 338 ³834

163 452 334 495 sensu
367 450 478 492 non
509 432 869 505 intelligatur,
892 444 1055 502 cuius
1079 429 1270 486 saltem
1294 424 1548 496 quaedam
1572 430 1756 493 partes
1785 422 1830 478 Α
1859 425 2098 470 ventura:
2147 412 2377 483 ﬁguram
2425 419 2547 463 esse
2592 402 2851 459 declarat.
2896 396 3265 462 Quamobrem
3314 409 3442 449 eum

164 530 282 585 alio
295 543 462 584 sensu
484 526 749 598 explicari
776 538 889 579 non
913 523 1184 593 possunt?
1217 521 1297 575 An
1322 532 1451 575 vero
1484 517 1758 586 genuinus

169 622 265 677 hic
288 622 361 677 sit
388 620 677 676 verborum
700 616 915 672 Hermae
945 629 1164 679 sensus,
1188 612 1331 668 sicut
1358 625 1604 667 asserere
1640 622 1760 662 om-

168 712 309 767 nino
338 727 448 767 non
481 711 773 774 audemus,
799 710 874 764 ita
902 723 1003 762 nec
1019 707 1169 761 illius
1200 703 1448 774 profecto
1479 714 1759 772 repugna-

166 805 358 861 bimus
384 803 771 875 explicationi,
795 802 893 873 qui
915 816 981 857 ea
1003 798 1227 855 litterali
1266 811 1458 863 sensu,
1500 794 1571 849 ab
1604 791 1759 848 omni

165 916 363 958 errore
393 901 598 968 alieno,
628 899 831 972 poterit
855 893 1227 966 interpretari.

688 1005 1092 1065 ARTICULUS
1128 1005 1249 1060 XX.

483 1104 675 1162 Utrum
703 1101 905 1173 Hegrin
939 1103 1010 1156 sit
1046 1116 1237 1155 nomen
1259 1096 1457 1168 angeli.

244 1202 402 1259 Alius
441 1200 684 1256 auctoris
714 1197 892 1253 nostri
934 1197 1092 1252 locus
1134 1194 1407 1249 obscurus
1438 1197 1493 1245 et
1524 1187 1762 1244 dillieilis

169 1297 247 1353 ibi
293 1294 559 1357 occurrit,
606 1291 702 1347 ubi
746 1290 836 1345 ille
890 1296 1080 1343 narrat
1122 1301 1204 1354 se,
1253 1301 1379 1341 cum
1421 1285 1475 1339 in
1522 1283 1761 1338 belluam

170 1389 476 1444 immanem
525 1384 829 1449 incidisset,
877 1381 946 1437 ab
994 1395 1106 1435 una
1147 1377 1379 1449 virgine,
1425 1363 1763 1447 quae'tigura

172 1480 436 1537 Ecclesiae
477 1486 616 1545 erat,
646 1475 925 1532 audivisse
958 1490 973 1528 :
1008 1471 1159 1527 Misit
1208 1472 1469 1526 Dominus
1518 1469 1765 1541 angelum

170 1590 331 1631 suum
367 1588 526 1642 super
558 1570 777 1633 bestias,
811 1569 897 1623 cui
940 1584 1127 1622 nomen
1159 1576 1236 1621 est
1265 1564 1492 1635 Hegrin,
1519 1570 1569 1617 et
1606 1562 1764 1617 obtu—

174 1664 318 1718 ravit
343 1680 400 1717 os
430 1661 567 1732 ejus,
595 1678 658 1717 ne
692 1661 981 1715 dilaniaret
1011 1670 1081 1714 te.
1113 1660 1416 1713 Autumant
1443 1656 1591 1711 enim
1621 1669 1765 1709 non-

174 1756 314 1811 nulli
343 1755 735 1827 Hieronymum
767 1754 872 1810 sibi
905 1753 959 1808 in
989 1753 1235 1808 animum
1274 1749 1556 1805 induxisse
1574 1749 1624 1780 ’⁷⁸
1652 1746 1764 1801 He-
1798 1788 1840 1843 Β

173 1850 301 1921 grin
339 1864 540 1903 nomen
580 1863 703 1905 esse
752 1846 955 1918 angeli,
997 1844 1147 1917 quod
1197 1845 1415 1915 quidem
1475 1843 1578 1913 ipsi
1631 1842 1766 1896 adeo

175 1943 473 1997 ridiculum
514 1939 836 2009 fatuumque
874 1938 1053 1993 visum
1087 1946 1191 2002 est,
1229 1946 1289 1991 ut
1319 1936 1423 1990 hoc
1455 1934 1634 2004 elogio
1665 1949 1765 1988 au-

173 2035 348 2092 eloris
374 2033 546 2088 nostri
577 2032 778 2086 librum
806 2029 1081 2084 notaverit
1104 2046 1117 2083 :
1139 2026 1297 2081 Liber
1324 2025 1417 2080 ille
1438 2024 1768 2094 apocryphus

175 2128 432 2183 stultitia:
488 2126 917 2181 condemnandus
967 2134 1066 2187 est,
1115 2123 1173 2176 in
1222 2137 1326 2193 quo
1378 2120 1638 2190 scriptum
1691 2130 1771 2173 est

174 2219 462 2290 quemdam
503 2218 748 2288 angelum
782 2217 992 2270 nomine
1035 2214 1162 2285 Tyri
1201 2229 1424 2283 prazesse
1468 2210 1767 2280 reptilibus.

177 2311 287 2365 Alii
311 2320 496 2365 tamen
527 2307 660 2362 illud
691 2308 762 2362 ab
798 2305 1118 2376 Hieronymi
1152 2311 1335 2359 mente
1366 2303 1441 2357 ita
1474 2302 1773 2356 abhorrere

179 2409 534 2475 putaverunt,
576 2406 637 2455 ut
689 2400 840 2454 illum
879 2399 947 2453 de
990 2398 1231 2468 quodam
1273 2395 1417 2450 libro
1459 2392 1774 2463 apocrypho

181 2511 248 2552 ac
278 2495 560 2565 deperdito
591 2494 694 2549 ista
730 2491 1021 2561 scripsisse
1059 2487 1408 2544 tradiderint.
1455 2484 1522 2540 Et
1552 2500 1611 2539 re
1647 2483 1775 2553 qui-

179 2590 307 2645 dem
361 2589 477 2658 ipsa
518 2587 651 2658 quid
689 2587 745 2641 in
795 2585 883 2640 his
928 2582 1113 2638 verbis
1160 2579 1586 2651 deprehenditur
1628 2576 1774 2646 quod

180 2680 436 2735 stultitiae
464 2679 619 2748 argui
661 2676 878 2748 possit?
917 2674 1059 2729 Num
1102 2674 1225 2728 ideo
1263 2672 1394 2742 quia
1424 2686 1489 2726 eo
1515 2668 1777 2740 loquendi

184 2771 353 2827 modo
394 2772 646 2842 angelum
697 2768 984 2839 reptilibus
1019 2779 1257 2837 praeesse
1299 2761 1640 2818 afﬁrmatur?
1672 2758 1779 2813 Ve-

184 2870 312 2921 rum
352 2865 407 2921 id
450 2865 650 2920 docent
689 2878 816 2919 cum
868 2859 1078 2930 antiqui
1124 2857 1353 2922 Patres,
1419 2854 1781 2926 inprimisque

183 2958 455 3030 Origenes
494 2957 749 3028 pluribus
790 2956 844 3010 iu
890 2953 1026 3009 locis
1054 2953 1123 3016 "',
1158 2960 1273 3006 tum
1317 2950 1573 3005 doctores
1613 2948 1779 3003 scho-

186 3049 370 3106 lastici
409 3056 535 3118 post
571 3047 757 3102 divum
786 3044 1057 3099 Thomam
1079 3042 1148 3108 ",
1175 3041 1268 3112 qui
1298 3039 1375 3095 ait
1401 3058 1414 3094 :
1445 3037 1782 3108 Unaquaeque

1862 508 1973 562 illic
2018 505 2249 575 adjecit,
2295 500 2549 571 angelum
2593 511 2715 553 esse
2757 509 2916 564 super
2965 491 3216 553 bestiam,
3264 486 3316 541 id
3362 495 3448 541 est

1862 611 2025 667 super
2047 608 2352 665 pressuram
2374 597 2830 661 superventuram,
2864 583 3001 639 nihil
3033 580 3180 636 aliud
3215 579 3318 635 sibi
3349 593 3448 632 vo-

1862 690 1964 745 luit
1985 689 2052 753 ⁷⁸,
2082 687 2188 742 nisi
2233 685 2486 740 eumdem
2525 681 2780 753 angelum
2814 694 2845 733 a
2871 677 2985 732 Deo
3018 689 3141 731 esse
3179 669 3447 743 praeposi-

1860 790 2000 847 tum,
2034 787 2094 833 ut
2116 776 2462 833 Christianos
2491 774 2756 828 adversus
2778 768 3158 824 imminentem
3182 772 3449 835 tyranno-

1862 887 1985 927 rum
2017 868 2455 943 persecutionem
2481 863 2797 921 defenderet
2822 876 2887 917 ac
2912 866 3171 917 tueretur.

2357 975 2762 1035 ARTICULUS
2805 974 2949 1031 XXI.

2186 1072 2333 1129 Num
2369 1071 2545 1144 angeli
2586 1070 2767 1125 omnia
2795 1069 3105 1124 creaverim.

1936 1170 2157 1227 Tertius
2185 1167 2399 1223 Hermae
2426 1167 2582 1221 locus
2621 1164 2719 1235 qui
2743 1162 3070 1219 enodatione
3092 1160 3278 1229 aliqua
3308 1159 3449 1215 indi-

1865 1275 1975 1338 get,
1993 1265 2058 1319 ad
2093 1278 2285 1319 omnes
2316 1258 2538 1328 angelos
2566 1264 2794 1328 spectat.
2826 1254 2965 1309 Cum
2988 1253 3134 1308 enim
3164 1254 3253 1308 ille
3280 1254 3451 1309 dixis.

1866 1367 1950 1413 set
1978 1354 2203 1426 angelos
2241 1352 2382 1406 inter
2412 1357 2700 1404 creaturas
2726 1346 2936 1416 primos
2972 1360 3095 1401 esse
3124 1360 3265 1415 quos
3307 1345 3452 1400 Deus

1868 1444 2173 1512 creaverit,
2226 1452 2343 1497 tum
2386 1439 2669 1510 subjungit
2699 1438 2791 1491 ἠε
2850 1434 2922 1490 Hi
2964 1444 3089 1490 sunt
3138 1437 3313 1506 angeli
3363 1435 3456 1506 qui

1868 1539 2040 1609 primo
2072 1534 2351 1591 constituti
2389 1540 2534 1597 sunt,
2562 1528 2752 1601 quibus
2783 1528 3007 1582 tradidit
3043 1528 3301 1583 Dominus
3335 1529 3457 1581 uni-

1868 1646 2073 1687 versam
2110 1636 2413 1684 creaturam
2457 1639 2613 1678 suam
2648 1622 2910 1688 struendi,
2942 1621 3247 1691 wdiﬁcandi
3272 1632 3320 1675 et
3358 1620 3457 1674 do-

1869 1720 2112 1776 minandi
2144 1726 2405 1772 creaturw
2433 1713 2599 1769 illius.
2639 1710 2748 1767 Pro
2775 1712 2947 1766 verbo
2977 1720 3157 1765 autem
3192 1709 3454 1774 struendi,

1871 1816 1927 1869 in
1970 1811 2161 1869 codice
2199 1808 2385 1864 Sancti
2435 1805 2762 1863 Germania
2790 1802 3001 1867 Pratis,
3035 1802 3105 1859 ab
3148 1802 3309 1857 annis
3350 1798 3459 1856 800

1868 1905 2169 1975 descripto,
2208 1919 2311 1959 nec
2349 1918 2457 1958 non
2489 1902 2545 1956 in
2570 1898 2895 1955 Colbertino
2937 1912 3104 1968 supra
3144 1897 3312 1951 citato
3348 1909 3456 1950 vox

1871 2000 2089 2057 creandi
2120 1998 2431 2053 exhibetur.
2472 1994 2606 2062 Qua:
2640 1994 2860 2066 quidem
2897 1992 3082 2067 lectio,
3111 1990 3159 2046 si
3200 2005 3331 2045 vera
3361 1988 3457 2051 sit,

1871 2094 2087 2149 videtur
2127 2089 2358 2145 Hermas
2398 2088 2454 2143 in
2497 2102 2622 2143 eum
2666 2086 2970 2155 impingere
2999 2096 3267 2147 errorem,
3294 2095 3459 2150 quem

1873 2185 2245 2258 antiquissimi
2287 2181 2530 2238 haeretici
2561 2196 2591 2234 a
2624 2178 2852 2233 Platone
2881 2184 3048 2247 atque
3086 2175 3320 2230 Philone
3359 2172 3460 2228 Ju-

1873 2283 1991 2337 dazo
2014 2282 2339 2344 hauserunt,
2364 2273 2586 2344 angelos
2609 2271 2819 2343 primos
2842 2269 3089 2324 omnium
3115 2282 3147 2322 a
3170 2265 3284 2321 Deo
3306 2280 3464 2319 crea-

1877 2385 1994 2439 tos,
2043 2373 2113 2427 ab
2170 2385 2347 2441 eoque
2395 2365 2672 2434 accepisse
2720 2371 2915 2418 caetera
2972 2358 3156 2415 omnia
3205 2357 3463 2426 deinceps

1876 2464 2099 2524 creandi
2142 2467 2489 2533 potestatem.
2522 2456 2724 2511 Verum
2768 2453 2997 2509 Hermas
3028 2452 3097 2506 ab
3132 2451 3237 2506 hoc
3276 2464 3467 2504 errore

1877 2573 1989 2613 non
2012 2553 2299 2611 difliculter
2327 2549 2549 2619 quidem
2585 2543 2864 2600 eximitur.
2899 2541 3087 2595 Primo
3120 2538 3268 2593 enim
3312 2535 3468 2591 codi-

1878 2664 1971 2704 ces
1991 2646 2087 2717 qui
2115 2644 2343 2699 verbum
2374 2637 2590 2692 creandi
2615 2639 3028 2704 repraesentant,
3056 2628 3226 2691 aliud,
3258 2625 3469 2682 scilicet

1878 2712 2211 2810 potestatem,
2247 2733 2333 2788 vel
2356 2729 2578 2801 aliquod
2609 2727 2791 2783 simile
2820 2712 3151 2781 omiserunt.
3187 2720 3305 2787 Qua
3337 2733 3468 2790 ergo

1878 2830 2174 2889 oscitantia
2222 2837 2589 2882 amanuenses
2638 2819 2773 2875 illud
2823 2817 3051 2872 verbum
3102 2812 3470 2885 praetermise-

1882 2933 2041 2988 runt,
2087 2921 2279 2978 eadem
2343 2917 2511 2977 etiam
2575 2912 2722 2968 aliud
2792 2915 3093 2981 potuerunt
3152 2905 3467 2959 immutare.

1884 3016 2089 3072 Deinde
2111 3027 2242 3069 vero
2272 3008 2491 3067 etiamsi
2532 3006 2761 3061 Hermas
2790 3018 2925 3059 voce
2956 2999 3174 3055 creandi
3205 3013 3339 3053 usus
3376 2996 3469 3061 sit,

188 3095 370 3106 --υ--ν-
411 3095 534 3118 τνυν
1136 3095 1148 3108 .
1194 3095 1207 3112 .
1576 3095 1588 3108 .
1696 3095 1708 3108 ,

188 3159 273 3198 res
303 3139 528 3196 visibilis
568 3141 625 3193 in
657 3142 753 3192 hoc
798 3138 995 3192 mundo
1039 3134 1189 3189 habet
1222 3141 1537 3204 potestatem
1577 3131 1857 3203 angeli-1;
1888 3126 2007 3204 ϐαίη
2049 3118 2230 3163 tamen
2262 3099 2663 3204 non-strictiori
2705 3095 3027 3204 accﬁpiione
3055 3107 3153 3204 Ι)ξο
3182 3098 3470 3204 amatura;

187 3252 311 3290 cam
350 3233 453 3288 sibi
497 3234 860 3303 praepositam.
894 3229 1034 3285 Num
1080 3240 1260 3285 autem
1304 3228 1426 3283 ideo
1457 3227 1585 3298 quia
1621 3241 1786 3296 ange-

189 3327 307 3381 lum
337 3325 561 3379 nomine
589 3322 716 3394 Tyri
745 3321 1137 3393 appellaverit?
1165 3320 1222 3373 Si
1256 3336 1344 3375 res
1375 3320 1448 3374 ita
1481 3334 1540 3375 se
1565 3317 1785 3382 habeat,

192 3418 281 3472 vel
319 3427 561 3471 erratum
601 3424 687 3470 est
717 3415 771 3469 in
810 3425 1037 3485 operum
1081 3409 1401 3482 Hieronymi
1427 3410 1785 3475 editionibus,

190 3508 280 3562 Vel
326 3508 445 3577 ipse
484 3508 865 3576 manuscripto
897 3504 1084 3561 codice
1124 3510 1387 3571 corrupto
1420 3516 1554 3556 usus
1580 3508 1691 3554 est:
1727 3496 1785 3553 iri

192 3599 323 3655 aliis
351 3598 622 3670 siquidem
650 3598 910 3653 omnibus
939 3610 1005 3651 ac
1028 3596 1083 3651 in
1106 3594 1268 3649 editis
1300 3593 1531 3665 legimus
1558 3592 1781 3664 Hegrin.

190 3692 504 3749 Cotelerius
547 3691 731 3761 itaque
767 3705 960 3746 omnes
1001 3688 1170 3743 animi
1214 3701 1413 3742 nervos
1455 3686 1508 3739 in
1556 3700 1623 3740 eo
1653 3700 1787 3741 eon-

192 3783 395 3852 tendit,
441 3793 502 3839 ut
544 3783 837 3853 investiget
878 3790 933 3837 et
981 3788 1361 3850 perscrutetur
1411 3793 1512 3833 cur
1560 3777 1788 3848 angelus

194 3877 403 3949 Hegrin
446 3885 693 3932 vocetur.
737 3874 844 3929 Sed
879 3881 1172 3944 postquam
1213 3871 1307 3927 diu
1338 3870 1679 3939 multumque
1707 3869 1787 3923 la-

193 3970 437 4036 boravit,
466 3969 687 4023 tandem
726 3967 962 4037 ingenue
993 3966 1214 4028 fatetur,
1242 3962 1439 4033 absque
1478 3961 1786 4016 melioribus

195 4060 471 4118 codicibus
500 4061 588 4114 via:
617 4058 825 4129 aliquid
861 4058 991 4112 certi
1029 4073 1181 4127 posse
1209 4054 1460 4125 proferri.
1506 4052 1787 4108 Ditissima

194 4160 335 4210 vero
386 4149 746 4206 illustrissimi
791 4147 1032 4203 Colbcrti
1088 4146 1419 4200 bibliotheca
1462 4159 1631 4199 unum
1677 4158 1787 4199 non

195 4252 433 4302 vetusta:
463 4241 685 4313 quidem
718 4254 916 4293 manus
935 4278 950 4302 ,
977 4237 1180 4307 quippe
1211 4236 1306 4306 qui
1333 4234 1439 4291 300
1465 4251 1641 4290 annos
1677 4250 1790 4289 non

196 4342 457 4406 superet,
500 4329 870 4402 suppeditavit
927 4327 1086 4382 nobis
1141 4327 1421 4387 codicem,
1465 4323 1558 4395 qui
1602 4338 1788 4378 veram

198 4442 371 4500 quam
401 4422 708 4479 Cotelerius
735 4420 942 4475 frustra
970 4417 1265 4489 quaesierat
1292 4414 1607 4480 lectionem,
1626 4414 1791 4467 unius

1880 3213 1949 3258 ut
1979 3203 2277 3272 loquuntur
2303 3191 2640 3259 scholastici,
2672 3206 2737 3244 ex
2768 3187 2942 3243 nihilo
2973 3181 3351 3254 productione,
3374 3178 3471 3233 sed

1887 3295 2069 3352 Iatiori
2107 3303 2273 3362 atque
2306 3285 2520 3342 Latinis
2558 3281 2879 3338 auctoribus
2910 3276 3085 3347 magis
3120 3275 3344 3338 usitata,
3370 3284 3472 3342 pro

1886 3385 2121 3457 simplici
2167 3379 2525 3453 productione
2567 3383 2621 3430 et
2656 3370 3018 3434 institutione,
3062 3366 3130 3421 ab
3174 3365 3265 3419 illo
3304 3378 3470 3418 usur-

1886 3491 2069 3553 patam
2115 3477 2290 3532 fuisse
2330 3470 2623 3529 dicendum
2672 3477 2774 3522 est.
2821 3462 2933 3517 Nec
2975 3461 3072 3515 ulli
3123 3459 3227 3513 hoc
3270 3456 3472 3510 mirum

1886 3549 2059 3629 videri
2099 3570 2280 3634 debet,
2314 3581 2440 3623 cum
2487 3562 2679 3619 eodem
2726 3572 2892 3615 sensu
2934 3551 3263 3608 Ambrosius
3312 3549 3473 3603 dixe-

1889 3666 1959 3721 rit
1982 3665 2029 3698 ⁸⁸
2058 3681 2074 3719 :
2105 3661 2259 3728 Quod
2302 3669 2481 3713 autem
2510 3662 2559 3710 et
2594 3655 2802 3724 factum
2829 3657 2938 3714 est,
2971 3647 3112 3700 idem
3138 3653 3221 3699 est
3247 3651 3298 3697 et
3327 3656 3476 3696 crean-

1890 3770 2024 3814 tum.
2058 3755 2218 3823 Quod
2258 3767 2393 3809 sane
2420 3747 2610 3805 multis
2638 3745 2763 3801 aliis
2791 3739 3057 3810 exemplis
3092 3735 3263 3793 facile
3292 3742 3477 3805 posset

1887 3838 2133 3925 probari.

2369 3928 2772 3990 ARTICULUS
2810 3925 2979 3982 XXII.

1942 4038 2049 4106 Qui
2076 4036 2316 4090 doctores
2340 4039 2390 4085 et
2417 4026 2669 4098 praesides
2701 4018 3122 4076 ministeriorum
3151 4013 3428 4067 dicantur.

1960 4105 2080 4186 Non
2107 4130 2339 4184 deerunt
2362 4122 2594 4176 fortasse
2620 4116 2824 4187 quibus
2847 4111 3123 4167 salebrosa
3149 4105 3481 4161 videbuntur

1891 4222 1962 4278 de
2004 4217 2181 4275 sacris
2216 4211 2475 4269 Ecclesia.-
2508 4204 2778 4261 ministris
2824 4204 2940 4257 haec
2979 4197 3268 4269 scriptoris
3302 4194 3480 4249 nostri

1892 4312 2059 4368 verba
2086 4308 2131 4341 ⁸¹
2162 4328 2173 4363 :
2200 4300 2474 4373 Episcopi,
2507 4309 2558 4353 et
2585 4297 2848 4361 doctores,
2871 4302 2921 4347 et
2949 4290 3251 4346 ministri...
3278 4288 3484 4357 episco-

1893 4415 2077 4476 patum
2104 4406 2397 4471 gesserunt,
2419 4393 2711 4446 docuerunt
2740 4397 2790 4441 et
2823 4386 3282 4439 ministraverunt.
3315 4378 3483 4433 Libro

199 4475 458 4576 litterulae
479 4511 862 4569 immutatione
891 4509 1153 4565 exhibere
1176 4508 1411 4561 videtur.
1445 4505 1540 4561 Sic
1566 4505 1711 4560 enim
1736 4505 1791 4557 in
1823 4483 1871 4542 Ῑ)
1896 4475 2083 4552 autem
2126 4492 2287 4549 tertio
2315 4490 2363 4521 ⁸⁸
2391 4507 2403 4543 :
2434 4486 2589 4540 Tales
2626 4494 2745 4537 sunt
2773 4482 2863 4551 qui
2893 4476 3231 4532 crediderunt
3260 4475 3484 4545 quidam

200 4626 274 4667 eo
323 4608 599 4678 legimus:
627 4604 777 4659 Misit
823 4602 1085 4657 Dominus
1144 4599 1387 4671 angelum
1429 4615 1586 4654 suum
1636 4614 1793 4667 super

204 4704 455 4767 bestiam,
483 4701 634 4770 cujus
663 4713 851 4752 nomen
879 4706 958 4751 est
999 4695 1221 4766 Hegrin.
1251 4691 1391 4747 Hinc
1413 4694 1559 4746 enim
1586 4690 1788 4760 Hegrin

203 4810 319 4850 non
353 4792 552 4861 angeli,
590 4787 688 4845 sed
715 4787 902 4843 bestia:
928 4802 1127 4842 nomen
1160 4799 1284 4840 esse
1307 4782 1637 4853 colligimus.
1682 4781 1795 4835 Cur

206 4894 396 4942 autem
436 4882 667 4938 Hermas
706 4881 853 4937 illam
896 4880 971 4935 ita
1011 4878 1323 4941 vocaverit,
1370 4884 1517 4931 recte
1559 4874 1791 4929 forsitan

205 4977 496 5049 conjicies,
526 4976 573 5032 si
611 4976 861 5030 attendas
901 4987 1089 5028 vocem
1136 4969 1340 5039 Hegrin
1376 4968 1520 5023 idem
1563 4982 1686 5022 esse
1727 4981 1793 5021 ac

205 5070 401 5127 Graece
440 5069 653 5141 ἄγριος,
694 5068 748 5123 id
789 5075 874 5123 est
921 5064 1173 5130 immitis,
1216 5063 1393 5129 ferox,
1432 5063 1520 5116 vel
1571 5061 1707 5127 fera,
1739 5070 1796 5115 et

205 5165 416 5231 bestia;
454 5178 520 5218 ac
557 5161 840 5233 probabile
869 5159 1098 5230 proinde
1135 5156 1308 5213 videri
1355 5154 1611 5209 Hermam
1653 5154 1795 5208 allu-

208 5258 355 5314 sisse
402 5257 469 5311 ad
518 5256 634 5311 haec
678 5253 984 5309 Psalmistae
1035 5250 1201 5305 verba
1242 5267 1255 5303 :
1300 5246 1604 5317 Singularis
1651 5246 1797 5316 ferus

208 5350 424 5425 (μονιὸς
454 5349 667 5423 ἄγριος)
695 5349 942 5418 depastus
973 5353 1051 5401 est
1081 5360 1199 5398 eam
1221 5344 1292 5411 ",
1324 5341 1535 5398 scilicet
1560 5340 1795 5395 vineam.

209 5443 310 5502 Ille
340 5443 546 5515 quippe
589 5441 792 5496 ibidem
839 5440 984 5494 hanc
1030 5436 1262 5492 bestiam
1306 5448 1569 5491 pressura:
1608 5447 1799 5502 super-

1898 4585 2151 4657 episcopi,
2188 4582 2243 4636 id
2288 4592 2367 4635 est
2406 4575 2658 4647 praesides
2698 4572 3132 4627 Ecclesiarum...
3177 4567 3249 4622 Et
3294 4566 3485 4620 deinde

1898 4680 1990 4750 qui
2017 4675 2268 4747 prwsides
2298 4683 2421 4725 sunt
2442 4666 2882 4731 ministeriorum,
2903 4665 2992 4732 qui
3022 4662 3200 4731 inopes
3222 4668 3271 4714 et
3298 4658 3485 4712 viduas

1899 4748 2262 4841 protexerttnt,
2295 4774 2344 4818 et
2382 4769 2585 4815 castam
2620 4764 2866 4827 perpetuo
2905 4752 3353 4807 conversationem
3382 4748 3482 4803 Ita-

1900 4866 2145 4918 bnerunt.
2177 4858 2281 4925 Qui
2314 4857 2460 4909 enim
2503 4852 2615 4909 sint
2647 4849 2725 4904 illi
2760 4847 3001 4902 doctores
3026 4853 3076 4898 et
3104 4842 3355 4913 prazsides
3383 4842 3487 4895 mi-

1898 4956 2263 5017 nisteriorum,
2292 4964 2402 5003 non
2431 4945 2605 5002 cuivis
2634 4942 2818 4998 statim
2842 4947 3112 4994 occurret.
3140 4935 3342 4991 Verum
3368 4935 3486 4989 haec

1903 5046 2152 5119 planiora
2186 5044 2340 5107 ﬁent,
2371 5039 2417 5095 si
2456 5036 2510 5092 id
2544 5035 2693 5106 quod
2723 5050 2755 5088 a
2786 5032 3005 5087 nemine
3032 5038 3263 5084 vocatur
3297 5027 3352 5082 in
3381 5026 3485 5081 du-

1901 5143 2077 5203 bium,
2103 5138 2445 5199 observetur,
2478 5129 2743 5184 diaconos
2771 5141 2801 5180 a
2826 5124 3034 5181 sanctis
3070 5122 3328 5176 Palnbus
3365 5120 3486 5175 solo

1902 5234 2285 5292 ministrorum
2312 5225 2536 5281 nomine
2561 5220 2768 5302 passim
2794 5216 3077 5288 appellari.
3117 5214 3257 5268 Hinc
3284 5214 3488 5283 quippe

1902 5327 2178 5399 colligitur
2214 5322 2476 5383 doctores,
2508 5316 2604 5387 qui
2631 5312 2921 5384 episcopos
2948 5309 3091 5364 inter
3118 5319 3171 5363 et
3202 5306 3487 5361 ministros

1903 5398 2069 5478 medii
2117 5415 2491 5473 collocantur,
2542 5422 2652 5462 non
2708 5405 2848 5460 alios
2904 5400 3101 5472 procul
3144 5398 3315 5453 dubio
3364 5410 3489 5451 esse

286 5642 488 5699 ⁷⁸1ἰ1ι.ι
514 5642 807 5699 Comment.
842 5643 898 5695 in
923 5641 1130 5697 Habac.
1206 5638 1461 5694 "homil.
1488 5638 1548 5691 14
1589 5639 1641 5691 in
1673 5636 1877 5690 Numer
1912 5646 2033 5699 cap.
2058 5639 2193 5681 XXIII
2219 5622 2403 5699 ;|IQI_n-
2427 5614 2775 5699 95_fn__'_’°"‘er
2804 5626 2924 5699 θίέΡ·
2959 5622 3092 5699 ΧΣ¹¹¹
3116 5599 3488 5699 ;,.l'2'.'.]il'.gim

815 5714 863 5745 τι
900 5731 938 5767 Π

212 5714 416 5771 larem.
459 5730 581 5785 cap.
616 5729 716 5785 xu.
815 5714 938 5785 "in
972 5722 1135 5781 part.,

217 5769 420 5843 vision.
442 5769 544 5845 ὅθ’
573 5784 733 5846 "lib.
760 5801 821 5841 ιιι
860 5784 934 5839 De
956 5769 1049 5855 (id.
1072 5769 1205 5853 cap.-
1232 5782 1321 5849 2i,
1349 5780 1375 5853 §
1407 5781 1494 5836 8'2.
1572 5778 1613 5811 θ’
1636 5779 1730 5835 lib.
1784 5793 1821 5842 l,
1854 5772 2020 5832 simil.
2070 5769 2122 5825 5.

1173 5728 1227 5781 q.
1265 5692 1385 5781 ῆι).
1422 5692 1527 5763 art.
1562 5710 1590 5781 1Δ
1614 5710 1677 5781 ad
1709 5709 1760 5762 3.
1842 5692 2047 5781 "_Ps_§_1l.
2071 5692 2384 5781 intimi}.

2483 5688 2529 5719 ⁷⁸
2565 5670 2961 5743 lih.m,‘vlsion.
2994 5680 3049 5734 5.
3127 5676 3172 5707 ⁷⁸
3195 5675 3289 5728 lib.
3335 5670 3483 5736 eod,

2202 5768 2246 5797 δ’
2268 5763 2362 5818 ιιι).
2405 5775 2494 5827 ιιι,
2528 5757 2696 5814 simil.
2723 5755 2778 5809 9.
