3822 6218
385 258 495 318 ιιιιι

1817 273 1876 327 S.
1914 275 2178 331 ηΕῐῖΜιΕ

3577 293 3679 349 856

384 388 551 445 quam
580 374 929 449 presbyteros
953 382 1406 442 seu-sacerdotes.
1443 386 1557 443 Cur
1586 405 1715 445 vero
1743 393 1972 463 presby-
2002 403 2045 457 Α
2076 410 2191 448 nem
2213 438 2227 463 ,
2272 398 2437 452 salem
2485 407 2536 453 et
2580 414 2778 470 aquam
2824 402 3179 459 adhibendum
3233 406 3548 475 deﬁniunt?
3602 408 3676 462 lbi

386 464 490 519 teri
532 465 789 523 doctores
834 470 1223 536 nominentur.
1274 476 1319 530 si
1366 481 1665 545 rogaveris,
1712 482 1892 539 disces
1936 502 1966 539 a

389 559 648 631 Dionysio
672 560 1066 626 Alexandrino,
1105 566 1198 634 qui
1235 567 1426 623 eodem
1459 572 1618 639 plane
1641 588 1706 628 ac
1739 572 1970 633 Hermas

382 668 554 708 sensu
598 654 742 723 apud
793 654 1089 712 Eusebium
1148 660 1288 715 dixit
1310 662 1393 716 ⁸³ε
1434 664 1783 733 Συγκαλέσας
1842 668 1969 732 τοὺς

382 742 789 815 πρεσϐυτέρους
819 747 911 799 καὶ
955 747 1309 815 διδασκάλους
1338 753 1446 806 τῶν
1497 756 1555 808 ὲν
1595 761 1717 821 ταῖς
1754 757 1970 829 κώμαις

380 832 644 903 ἀδελφῶν.
695 834 1009 893 Convocatis
1050 843 1368 912 presbyteris
1410 863 1475 898 ac
1516 848 1843 915 doctoribus,
1870 853 1963 921 qui

378 942 473 994 per
497 926 731 997 singulos
766 946 904 984 vicos
930 932 1189 1000 fratribus
1220 937 1605 1005 prwdicabant.
1640 940 1781 1007 Quid
1811 945 1960 997 enim

379 1016 525 1071 aliud
567 1021 683 1074 haec
712 1022 873 1076 verba
907 1035 1136 1091 sonant,
1172 1027 1277 1082 nisi
1321 1031 1668 1102 presbyteros
1709 1050 1803 1103 per
1844 1035 1964 1091 siu-

378 1108 534 1175 gulos
591 1110 760 1177 vicos,
794 1112 846 1167 id
894 1124 979 1169 est
1028 1116 1275 1172 vicorum
1329 1123 1607 1189 parochiis
1653 1125 1960 1193 praefuisse,

376 1208 538 1269 atque
565 1201 636 1256 ibi
670 1218 792 1257 cum
818 1203 1078 1264 fratribus
1106 1211 1486 1281 pradieareut,
1506 1215 1762 1271 doctores
1790 1217 1963 1273 fuisse

375 1294 695 1362 appellatos.
728 1294 887 1363 Quod
923 1300 1141 1368 quidem
1174 1302 1604 1375 Chrysostomus
1638 1309 1809 1362 multo
1844 1310 1959 1364 cla-

375 1386 493 1441 rius
536 1386 868 1460 breviusque
911 1393 1167 1449 edisserit
1211 1397 1256 1427 "‘
1297 1417 1311 1453 :
1357 1397 1499 1451 Nam
1554 1410 1604 1455 et
1641 1401 1959 1472 presbyteris

376 1477 649 1544 Ecclesia,
685 1482 881 1554 inquit,
912 1502 1043 1540 cura
1087 1490 1347 1557 permissa
1378 1501 1456 1546 est
1498 1502 1547 1547 et
1590 1496 1956 1565 magisterium

375 1570 753 1644 (διδασκαλία).
785 1573 941 1642 Quod
979 1578 1044 1632 ad
1078 1580 1339 1649 praesides
1362 1584 1793 1642 ministeriorum
1831 1590 1960 1645 atti-

371 1672 486 1729 net,
514 1665 552 1720 ii
574 1665 803 1723 forsitan
835 1670 1135 1741 presbyteri
1156 1688 1374 1744 quoque
1397 1687 1573 1733 erant.
1602 1676 1679 1734 De
1706 1680 1958 1739 diaconis

2074 498 2219 543 certe
2252 499 2483 560 utraque
2505 491 2719 561 jejuuia
2760 502 2816 547 et
2856 505 3068 564 quartae
3095 508 3371 568 sexusque
3408 498 3597 561 ferite.
3625 510 3675 554 et

2071 592 2167 632 sex
2197 579 2411 635 dierum
2449 580 2736 639 Paschatis
2766 585 2958 640 eadem
2996 588 3133 657 lege,
3166 598 3333 659 atque
3357 592 3673 659 apostolica

2069 672 2463 728 constitutione
2512 676 2725 730 sancita
2776 693 2899 732 esse
2945 681 3338 749 pronuntiavit.
3399 684 3669 737 Attamen

2070 760 2164 815 ubi
2202 763 2343 817 idem
2384 763 2724 835 Epiphanius
2747 781 2939 824 contra
2964 770 3261 840 Aerianos,
3279 774 3499 844 jejunis
3528 784 3671 829 stata

2067 850 2412 920 damnantcs,
2446 855 2723 924 disputat,
2753 874 2878 913 cum
2915 861 3017 916 hoc
3049 872 3378 932 praeceptum
3419 866 3671 921 maxime

2068 957 2264 1012 urgere
2304 945 2543 1013 deberet,
2582 948 2712 1003 illud
2758 950 2812 1004 in
2855 952 3031 1006 solam
3076 956 3547 1010 consuetudinem
3596 957 3670 1011 ita

2068 1033 2309 1091 refundit
2333 1038 2610 1094 ":Porro
2657 1042 2842 1097 diebus
2896 1047 3025 1114 ipsis
3074 1046 3435 1105 Paschalis...
3483 1052 3670 1106 arido-

2066 1145 2186 1182 rum
2227 1130 2464 1186 ciborum
2496 1151 2618 1202 usu,
2648 1138 2913 1205 precibus,
2944 1140 3163 1210 vigiliis,
3188 1141 3494 1211 jejuniis...
3529 1147 3668 1198 cclc-

2066 1219 2219 1275 brare
2254 1222 2501 1278 solemus.
2545 1224 2624 1281 Ex
2655 1244 2767 1297 quo
2806 1246 2913 1285 non
2955 1233 3195 1289 absurde
3224 1234 3462 1290 forsitan
3505 1238 3670 1292 coitio

2064 1330 2183 1385 gas,
2208 1315 2431 1371 verbum
2454 1321 2914 1391 παραγγέλλουσι,
2932 1326 3211 1394 deﬁniunt,
3235 1327 3383 1398 quod
3401 1330 3673 1399 superius

2064 1405 2339 1469 adhibuit.
2378 1424 2488 1462 non
2522 1410 2673 1465 aliud
2701 1413 3014 1484 signiﬁcare
3037 1433 3204 1487 quam
3234 1420 3549 1476 admonent
3580 1421 3668 1478 vel

2063 1497 2377 1568 hortantur,
2400 1518 2509 1556 non
2536 1512 2717 1559 autem
2742 1508 3087 1578 precipiunt,
3108 1511 3325 1580 jubent,
3352 1516 3661 1582 imperant.

2064 1589 2123 1645 In
2176 1592 2342 1663 hujus
2405 1604 2589 1650 autem
2641 1599 3029 1669 explicationis
3083 1603 3501 1660 ﬁrmamentum
3551 1623 3663 1661 non

2064 1685 2197 1742 illud
2240 1688 2418 1743 solum
2467 1692 2664 1747 adduci
2717 1701 2928 1764 potest,
2970 1697 3117 1767 quod
3171 1698 3423 1754 historici
3476 1702 3667 1758 varias

369 1758 572 1813 etenim
620 1758 851 1819 Hermas
900 1764 1065 1833 paulo
1094 1776 1220 1821 ante
1262 1768 1474 1823 dixerat
1500 1787 1514 1825 :
1539 1770 1776 1826 Ministri
1820 1776 1958 1831 male
1992 1762 2036 1821 Β
2063 1776 2433 1837 Ecclesiarum
2470 1784 2539 1839 de
2580 1758 2730 1842 hisce
2762 1758 3004 1858 jejuniis.
3021 1788 3192 1845 fuisse
3221 1795 3664 1850 consuetudines

369 1850 823 1909 ministraverunt.
855 1855 938 1910 Ab
968 1856 1035 1912 iis
1067 1866 1250 1913 autem
1282 1861 1429 1914 venit
1469 1861 1538 1915 ad
1582 1864 1952 1936 presbyteros,

368 1942 463 2010 qui
518 1958 641 1998 cum
692 1944 940 2005 diaconis
984 1950 1292 2018 supeiinres
1332 1962 1535 2019 essent,
1564 1970 1664 2009 eos
1701 1958 1953 2026 praesides

370 2037 790 2093 msnisteriorum
814 2043 1147 2113 nuncupavit
1176 2044 1241 2099 ⁸³.
1275 2043 1329 2098 Si
1356 2046 1480 2116 quis
1511 2057 1692 2102 tamen
1722 2060 1952 2106 conten-

367 2128 461 2183 dat
495 2131 714 2186 eosdem
759 2134 1011 2203 praesides
1055 2136 1471 2190 ministeriorum
1512 2154 1621 2191 non
1664 2139 1803 2195 alios
1832 2156 1956 2197 esse

366 2234 531 2293 quam
564 2220 848 2290 diaconos,
880 2226 1008 2295 quia
1036 2236 1088 2280 et
1128 2226 1231 2298 ipsi
1269 2228 1507 2282 ministri
1547 2240 1725 2295 erant,
1764 2240 1818 2285 et
1848 2233 1953 2287 mi-

366 2310 607 2370 nisteriis
631 2315 851 2387 inopum
878 2328 931 2374 et
952 2318 1237 2373 viduarum
1266 2336 1498 2390 prtecsse
1521 2321 1813 2389 debebant,
1842 2341 1951 2381 non

363 2409 592 2465 omnino
623 2412 1070 2482 repugnahimus.

836 2522 1241 2580 AliTICULUS
1276 2525 1467 2583 XXIII.

916 2616 991 2671 De
1026 2619 1389 2690 xerophagiis.

432 2701 688 2769 Quaerent
729 2705 822 2760 alii
866 2722 966 2761 cur
1002 2718 1190 2777 pastor
1227 2719 1340 2765 tam
1383 2728 1634 2768 severum
1675 2715 1947 2784 jejunium

361 2794 575 2851 llermz
602 2797 860 2853 indixerit
886 2817 898 2853 :
926 2798 1036 2853 .llla
1070 2801 1175 2868 die,
1210 2803 1388 2873 inquit
1418 2806 1486 2872 ⁸⁸,
1509 2823 1615 2877 qua
1646 2807 1944 2877 jejuuabis,

359 2889 493 2943 nihil
528 2891 740 2944 omnino
770 2892 1029 2961 gustabis,
1060 2895 1163 2949 nisi
1191 2914 1378 2965 panem
1414 2908 1464 2952 et
1491 2917 1708 2969 aquam.
1746 2899 1947 2954 Hiero-

358 2998 559 3054 nymus
598 2985 818 3053 quidem
863 2986 905 3017 ⁸⁷
952 2987 1084 3042 illud
1127 2991 1341 3046 caneris
1397 2993 1659 3048 omnibus
1701 2993 1943 3049 fortissi-

2060 1878 2304 1933 narrent,
2337 1886 2528 1927 verum
2558 1876 2724 1929 etiam
2746 1878 2892 1946 quod
2928 1878 3119 1933 iisdem
3155 1881 3411 1947 testibus,
3445 1885 3661 1954 aliquid

2057 1956 2124 2012 de
2155 1962 2445 2019 severitate
2488 1963 2653 2035 hujus
2678 1967 2876 2037 jejunii
2908 1969 2960 2023 in
2993 1971 3269 2040 aliquibus
3314 1975 3522 2030 saltem
3560 1976 3657 2031 Ec-

2056 2049 2239 2106 clesiis
2274 2056 2437 2123 paulo
2467 2068 2590 2126 post
2620 2061 2911 2115 remissum
2944 2062 3033 2117 sit.
3068 2062 3276 2118 Auctor
3304 2066 3461 2119 enim
3515 2060 3653 2117 Con-

2054 2146 2391 2205 stitutionum
2420 2152 2834 2220 apostolicarum
2882 2154 3010 2221 pani
3032 2161 3086 2207 et
3108 2169 3267 2223 aqua:
3293 2156 3378 2210 sal
3405 2165 3462 2209 et
3497 2156 3649 2208 olera

2056 2238 2346 2305 superaddi
2381 2240 2574 2297 lubens
2612 2243 2866 2298 concedit
2897 2262 2910 2297 :
2940 2242 3005 2296 Ιιι
3039 2245 3224 2299 diebus
3263 2262 3391 2316 ergo
3426 2242 3655 2317 Pascha

2047 2327 2294 2397 jejunare
2342 2333 2651 2401 incipientes
2681 2351 2713 2387 ιι
2741 2335 2877 2401 feria
2922 2337 3157 2389 secunda
3200 2353 3366 2406 usque
3415 2338 3492 2389 ad
3544 2336 3653 2390 Pa-

2055 2435 2299 2475 rasceven
2327 2433 2375 2477 et
2404 2422 2697 2480 Sabbotum
2714 2469 2728 2491 ,
2757 2443 2850 2494 per
2871 2443 2963 2481 sex
2985 2430 3097 2482 dies
3118 2429 3231 2482 solo
3256 2440 3467 2483 utentes
3494 2446 3653 2499 pane,

2054 2511 2185 2579 sale,
2215 2513 2444 2569 oleribus
2470 2526 2521 2570 et
2550 2535 2704 2588 aqua:
2732 2529 2881 2588 potu.

2527 2628 2928 2687 AllTICULUS
2966 2632 3158 2687 XXIV.

2191 2714 2271 2772 De
2310 2721 2640 2774 matrimonii
2674 2723 2884 2777 vinculo
2915 2742 3185 2795 nunquam
3226 2726 3501 2784 solvendo.

2124 2806 2201 2863 Ex
2249 2810 2505 2867 obscuris
2550 2810 2762 2869 Henna:
2807 2816 2945 2871 locis
2990 2818 3057 2871 ad
3104 2833 3171 2872 ea
3218 2821 3647 2889 progrediamur

2048 2916 2171 2971 quin
2195 2902 2317 2957 luce
2344 2904 2704 2976 claritateque
2738 2923 2836 2962 sua
2869 2910 3233 2978 quaistiouem
3260 2911 3328 2966 de
3357 2928 3649 2984 nunquam

2048 2993 2309 3048 solvendo
2339 2997 2597 3051 connubii
2633 3014 2798 3063 nexu,
2829 3015 2995 3070 quam
3026 3001 3509 3070 obscurissimam,
3541 3007 3651 3061 im-

357 3092 507 3130 mom
543 3076 813 3146 jejunium
844 3094 970 3134 esse
999 3082 1299 3149 proﬁtetur.
1338 3082 1560 3139 Solebat
1596 3093 1778 3140 tamen
1813 3086 1941 3142 olim
1969 3104 2012 3162 ς
2046 3084 2455 3152 plicatissimam
2494 3097 2549 3140 et
2587 3088 2959 3146 dillicillimam
3003 3092 3145 3147 dixit
3189 3094 3536 3166 Augustinus
3571 3101 3651 3167 ⁹¹,

356 3187 390 3225 a
438 3170 769 3227 Christianis
830 3174 1023 3228 ultima
1080 3175 1529 3247 Quadragesimaa
1597 3179 1941 3235 hebdomada

355 3264 659 3318 observari.
692 3263 804 3320 Nec
846 3267 1044 3322 desunt
1083 3268 1177 3338 qui
1219 3268 1361 3323 hanc
1398 3271 1788 3341 xeropliagiam
1822 3274 1943 3342 lege

355 3355 538 3425 aliqua
568 3357 940 3426 praescriptam
969 3369 1258 3428 censeant;
1294 3374 1348 3415 et
1375 3362 1428 3416 id
1453 3362 1677 3430 quidem
1708 3364 1941 3432 probare

354 3448 606 3503 nituntur
644 3464 713 3504 ex
744 3447 1083 3505 Tertulliano
1125 3451 1242 3521 qui,
1274 3451 1733 3508 Moutanistarmn
1768 3455 1940 3509 luere-

353 3540 458 3595 sim
482 3543 845 3611 amplexatus,
863 3545 1241 3605 deCatholicis
1262 3545 1481 3601 dicebat
1506 3566 1519 3601 :
1546 3547 1791 3618 Arguunt
1820 3565 1936 3613 nos,

352 3633 493 3701 quod
526 3633 692 3687 etiam
729 3635 1087 3706 xeropltagias,
1124 3636 1477 3705 observemus,
1508 3649 1614 3695 etc.
1646 3638 1753 3695 Sed
1792 3640 1934 3696 idem

354 3726 473 3796 ipse
548 3725 918 3784 Tertullianns
985 3730 1194 3786 addidit
1242 3750 1255 3785 :
1301 3730 1538 3803 Denique
1604 3736 1935 3804 respondetis

354 3822 573 3891 (nempe
600 3819 890 3893 Catholici)
922 3823 1034 3877 hac
1079 3840 1143 3877 ea:
1181 3823 1408 3878 arbitrio
1446 3826 1796 3893 observanda,
1829 3847 1933 3885 non

350 3925 418 3965 ea:
445 3910 685 3978 imperio.
716 3909 873 3966 Nulla
911 3913 1076 3982 igitur
1100 3914 1216 3984 lege
1237 3916 1507 3984 ejusmodi
1540 3917 1774 3988 jejunia,
1798 3929 1935 3976 teste

352 3999 710 4065 Tertulliano,
743 4004 945 4059 indicta
980 4015 1156 4069 erant,
1188 4006 1281 4061 sed
1308 4024 1376 4061 ex
1409 4009 1678 4080 cujusque
1704 4012 1935 4067 arbitrio

350 4095 804 4151 observabantur.
857 4096 1201 4167 Quapropter
1246 4099 1589 4169 Epiphanius
1628 4103 1817 4160 isthzec
1865 4107 1933 4160 ad

349 4188 836 4254 consuetudinem,
882 4206 989 4243 non
1040 4190 1108 4244 ad
1160 4202 1487 4261 praeceptum
1529 4195 1610 4249 sic
1652 4196 1818 4251 refert
1839 4199 1929 4252 3":

350 4279 620 4333 Praterea
662 4296 754 4334 sea:
798 4280 919 4334 illos
968 4282 1081 4336 dies
1126 4285 1486 4355 xerophagiis,
1513 4287 1609 4340 hoc
1650 4298 1728 4341 est
1775 4291 1931 4344 arido

346 4370 509 4432 uictu,
529 4372 759 4424 transire
787 4372 1012 4440 populus
1045 4376 1214 4427 omnis
1243 4377 1493 4440 assuevit,
1514 4378 1610 4431 hoc
1641 4388 1718 4432 est
1740 4397 1931 4449 panem

2046 3176 2328 3231 illustrare
2378 3189 2636 3248 possunt.
2682 3179 2850 3237 Docet
2894 3184 3043 3238 enim
3105 3185 3335 3243 llermas
3382 3190 3505 3243 viro
3545 3191 3649 3260 qui

2045 3282 2274 3322 uxorem
2310 3284 2466 3323 suam
2512 3272 2819 3328 adulteram
2868 3275 3162 3345 dimiserit,
3192 3294 3257 3334 ea
3290 3282 3528 3349 vivente,
3559 3284 3653 3339 al-

2042 3366 2216 3413 teram
2263 3361 2464 3416 duccre
2508 3362 2560 3416 in
2609 3365 3025 3421 matrimonium
3079 3368 3163 3425 fas
3216 3387 3327 3427 non
3373 3390 3497 3430 esse
3530 3373 3648 3433 :Si

2040 3454 2412 3521 permanserit,
2440 3454 2618 3525 inquit
2651 3458 2716 3523 ”,
2753 3459 2806 3511 in
2850 3460 2974 3512 vitio
3016 3477 3112 3514 suo
3149 3464 3361 3531 mulier,
3392 3468 3644 3523 dimittat

2041 3539 2195 3595 illam
2240 3544 2348 3609 vir,
2388 3556 2435 3599 et
2464 3561 2557 3613 per
2585 3563 2639 3600 se
2670 3561 2905 3605 maneat.
2954 3550 3109 3616 Quod
3135 3554 3184 3606 si
3213 3553 3478 3609 dimiserit
3520 3574 3647 3611 mst-

2040 3631 2219 3687 lierem
2242 3650 2416 3700 suam,
2446 3646 2495 3690 et
2526 3638 2691 3691 aliam
2715 3640 2955 3708 duxerit,
2975 3652 3022 3695 et
3047 3643 3159 3711 ipse
3186 3647 3499 3703 moechatur.
3536 3648 3646 3707 llis

2040 3734 2225 3780 autem
2269 3726 2481 3782 l’lermze
2517 3731 2697 3785 verbis
2741 3733 2965 3803 quidam
3012 3735 3359 3805 refelluntur,
3393 3742 3646 3797 maxime

2038 3833 2169 3872 vero
2213 3818 2579 3887 Cliezniiitius,
2624 3824 2718 3893 qui
2771 3826 3034 3881 audacter
3075 3832 3343 3884 asserit”
3373 3835 3648 3902 qua-stio-

2039 3925 2163 3963 nem
2196 3909 2339 3965 hanc
2371 3924 2494 3980 post
2523 3913 2817 3985 Augustini
2848 3925 3095 3988 tempora
3127 3921 3401 3976 horridius
3441 3924 3645 3994 dispu-

2038 4003 2165 4056 tari.
2215 4001 2405 4058 Patres
2465 4021 2595 4060 vero
2663 4009 2855 4063 eodem
2911 4009 3221 4081 Augustino
3292 4016 3647 4084 antiquiores

2037 4108 2141 4145 non
2182 4092 2348 4158 adeo,
2384 4094 2593 4165 inquit,
2632 4098 2847 4167 fuerunt
2898 4102 3095 4170 asperi,
3140 4103 3290 4170 duri,
3327 4105 3542 4161 horridi
3584 4123 3641 4164 et

2035 4184 2312 4251 immanes,
2332 4195 2391 4239 ut
2419 4188 2638 4258 conjugi
2671 4189 2947 4245 innocenti
2974 4193 3211 4247 alterum
3244 4195 3470 4249 ineundi
3496 4214 3641 4252 con-

2034 4278 2266 4332 nubium
2302 4280 2617 4336 facultatem
2658 4285 3015 4354 negaverint;
3054 4286 3146 4340 sed
3180 4288 3498 4358 docuerunt,
3538 4295 3641 4356 ait,

2035 4372 2248 4435 rectius,
2277 4376 2643 4442 prwstantius,
2674 4386 2724 4430 et
2768 4378 3052 4448 perfectius
3092 4396 3224 4447 esse,
3249 4382 3297 4435 si
3330 4383 3493 4436 etiam
3540 4386 3638 4441 ille

347 4462 616 4515 duntaxat
647 4479 767 4516 cum
791 4479 931 4533 aqua
967 4465 1061 4517 sub
1106 4482 1374 4534 vesperam
1414 4467 1684 4523 adhibere.
1724 4468 1781 4524 Si
1814 4471 1932 4542 lege

2109 4464 2125 4516 i
2166 4464 2231 4517 ab
2273 4465 2521 4520 adultera
2564 4481 2842 4536 separatus
2873 4480 2975 4537 est,
3005 4472 3083 4525 rel
3120 4484 3331 4527 maneat
3366 4476 3483 4530 sine
3514 4496 3644 4533 cou—

345 4555 471 4608 data
512 4555 857 4626 xerophagize
901 4558 1212 4613 constituta:
1250 4557 1501 4624 fuissent,
1534 4563 1601 4616 de
1634 4562 1702 4619 iis
1735 4565 1929 4619 eodem

2109 4556 2201 4624 pio,
2232 4557 2310 4609 vel
2345 4559 2741 4613 reconciliatam
2773 4578 2993 4615 uxorem
3024 4580 3209 4619 rursus
3242 4566 3486 4637 recipiat.
3520 4568 3633 4624 Sed

344 4661 412 4699 ac
449 4645 519 4700 de
564 4656 774 4716 quartae
812 4656 868 4702 et
909 4657 1076 4703 sextae
1125 4648 1275 4705 feria:
1309 4651 1524 4721 jejunio
1563 4655 1923 4724 scripsisset:

346 4735 484 4791 Item
511 4750 707 4809 quarta
736 4748 786 4793 et
819 4751 971 4794 sexta
1002 4742 1139 4810 feria
1154 4742 1420 4811 jejunium
1448 4746 1517 4798 ad
1545 4745 1732 4800 harant
1761 4765 1925 4820 usque

344 4846 537 4882 nonam
580 4831 906 4888 indictum...
950 4832 1078 4887 Ideo
1118 4852 1209 4903 per
1250 4836 1373 4889 illos
1426 4838 1537 4891 dies
1569 4840 1928 4907 jejunandum

341 4938 454 4977 esse
493 4924 829 4979 decreverant
882 4928 1129 4996 apostoli.
1173 4928 1265 4991 At,
1295 4930 1529 4998 inquies,
1564 4933 1736 5002 legem
1782 4935 1923 4990 hanc

343 5016 434 5071 ille
477 5017 607 5072 alibi
644 5033 1039 5075 commemorat
1061 5022 1106 5053 ⁸⁵
1134 5039 1149 5075 :
1178 5021 1317 5085 Quid
1362 5022 1432 5090 si,
1458 5024 1659 5091 aiebat,
1683 5042 1749 5081 ea
1789 5044 1921 5097 apo-

339 5111 600 5164 stolarum
648 5114 1025 5166 constitutione
1083 5113 1359 5180 repetenda
1418 5116 1566 5169 nobis
1622 5120 1922 5175 auctoritas

336 5211 453 5267 est;
482 5218 579 5257 cur
620 5203 729 5257 illis
769 5216 977 5275 quartae
1017 5217 1280 5273 sextwque
1310 5206 1458 5275 ferite
1497 5207 1767 5276 jejunium
1802 5228 1921 5278 per-

338 5304 498 5365 petua
542 5295 651 5367 lege
696 5298 968 5361 sancitur,
1004 5306 1223 5365 excepta
1275 5296 1617 5355 Pentecoste?
1663 5300 1775 5357 Cur
1826 5319 1918 5356 sex

341 5384 620 5440 Paschatis
656 5388 839 5442 diebus
882 5387 1013 5442 nihil
1054 5388 1264 5442 omnino
1295 5390 1364 5444 ad
1393 5392 1567 5445 cibum
1602 5402 1794 5461 printer
1821 5410 1918 5461 pa-

423 5504 468 5535 ⁸³
490 5503 714 5569 Euseb.,
767 5505 972 5559 Πέδιον.
1022 5510 1116 5565 lib.
1162 5527 1260 5574 vu,
1294 5529 1413 5583 cap.
1451 5513 1544 5567 24.
1626 5516 1880 5569 “homil.
1933 5520 1941 5570 ι

423 5576 507 5653 ιλιι.
568 5592 651 5653 in,
703 5578 867 5653 simil.
908 5579 960 5632 5.
1039 5582 1082 5614 ⁸⁷
1124 5581 1298 5653 Epist.
1370 5585 1427 5638 2.
1499 5586 1544 5617 ⁸⁸
1574 5587 1628 5639 in
1683 5584 1929 5648 Exposit.

2109 5518 2196 5569 ist.
2234 5514 2353 5568 lad
2392 5488 2621 5569 Τίιιιὸιιι.
2727 5516 2773 5548 is
2806 5518 2903 5573 lib.
2964 5534 3048 5581 ιιι,
3079 5517 3243 5572 simil.
3278 5517 3343 5582 5,
3377 5519 3599 5603 e_pist.€

2109 5588 2133 5648 F,
2187 5585 2343 5653 §22.
2422 5587 2465 5619 ⁸⁹
2502 5588 2696 5641 haeres.
2741 5586 2829 5653 75,
2887 5588 2993 5653 §6.
3073 5589 3338 5642 "haeres.
3403 5585 3599 5653 45,53

1518 5586 1544 5615 "‘
1574 5587 1628 5639 in
1683 5584 1929 5648 Exposit.
1989 5588 2133 5656 ﬁdei,
2187 5585 2343 5657 §22.
2422 5587 2465 5619 ⁸⁹
2502 5588 2696 5641 haeres.
2741 5586 2829 5653 75,
2887 5588 2993 5661 §6.
3073 5589 3338 5668 "haeres:
3394 5584 3625 5653 75,55.

1518 5657 1699 5727 32am
1726 5656 1817 5710 lib.
1851 5673 1887 5711 ιι
1917 5656 2230 5719 Retractat.,
2261 5673 2311 5711 c.
2344 5656 2433 5711 57.
2512 5658 2557 5689 "
2581 5657 2675 5712 lib.
2708 5674 2771 5727 ιι,
2815 5661 3059 5715 mandat.
3084 5658 3137 5714 ι.
3218 5658 3264 5689 ’³
3317 5674 3376 5712 ιιι
3404 5673 3601 5717 canon

1092 5725 1291 5781 rideat.
1316 5792 1332 5800 η
1370 5725 1527 5781 “lib.
1556 5744 1590 5783 ιι
1614 5725 1812 5782 Slrom.
1892 5728 1936 5760 ⁸³
1954 5737 2113 5784 tract.
2144 5728 2174 5781 7
2196 5729 2248 5781 in
2282 5726 2473 5783 Matth.

408 5575 507 5653 _l_i_b.
568 5592 651 5653 Ill:
703 5578 867 5653 simil.
908 5579 960 5632 5.
1039 5582 1082 5614 ⁸⁷
1124 5571 1298 5653 Ερίεί,
1363 5571 1427 5638 ἒ,

336 5642 381 5675 ⁹¹
406 5645 499 5700 lib.
552 5645 684 5725 [De
720 5648 951 5727 adulter.
980 5642 1215 5727 coniugi,
1253 5669 1302 5709 ρ.
1337 5655 1431 5727 25.
1460 5654 1488 5727 §

338 5728 435 5783 vn,
470 5716 701 5772 scssiuu.
732 5718 822 5785 9.4,
859 5735 1013 5779 conc.

2034 4663 2201 4715 quam
2232 4646 2407 4703 falsus
2447 4650 2516 4704 sit
2542 4648 2913 4721 Clicmnitius,
2940 4670 3007 4709 ex
3039 4666 3228 4710 nostro
3256 4660 3636 4728 perspicimus

2033 4737 2254 4805 llerma,
2285 4742 2401 4810 qui,
2430 4743 2532 4798 etsi
2563 4744 2871 4815 Augustino
2903 4747 3064 4818 longe
3094 4750 3397 4819 antiquior,
3426 4756 3629 4808 eodem

2039 4840 2218 4886 tamen
2271 4849 2336 4887 ac
2381 4834 2471 4889 ille
2511 4836 2675 4891 modo
2718 4838 2990 4908 ejusmodi
3042 4841 3305 4911 coujugia
3353 4845 3633 4904 adulteria

2032 4942 2155 4981 esse
2202 4925 2465 4981 definivit.
2524 4929 2669 4984 Idem
2713 4931 3093 5003 Athenagoras
3130 4942 3185 4988 et
3223 4932 3519 5004 Justinus,
3568 4952 3635 4996 ut

2031 5018 2151 5073 suis
2194 5018 2333 5074 locis
2365 5020 2689 5088 videbimus,
2722 5039 2823 5078 nec
2863 5041 2974 5078 non
3005 5034 3059 5079 et
3088 5024 3342 5081 Clemens
3378 5028 3637 5087 Alexan—

2030 5112 2225 5167 drinus
2266 5113 2312 5142 “
2353 5123 2692 5173 asseverant.
2756 5114 3005 5186 Denique
3054 5117 3108 5171 id
3150 5119 3515 5177 confirmatur
3554 5141 3628 5181 ex

2031 5207 2266 5278 Origene
2302 5209 2444 5279 ipso,
2472 5219 2636 5279 atque
2678 5207 3031 5282 Hieronymo,
3066 5229 3209 5282 quos
3239 5214 3293 5269 in
3335 5217 3629 5284 opinionis

2024 5317 2139 5358 sua:
2161 5300 2629 5356 conﬁrmationem
2659 5300 3008 5360 Cliemnitius
3033 5308 3285 5376 protulit.

2095 5390 2295 5463 Objicit
2322 5394 2469 5448 enim
2501 5393 2615 5449 haec
2640 5393 2889 5465 Origenis
2920 5399 3083 5453 verba
3108 5399 3153 5430 ³⁸
3177 5418 3187 5453 :
3209 5397 3330 5453 Scio
3351 5404 3629 5467 quosdam

2727 5516 2912 5603 ³³3⁵,Ιῶἷῖ
2945 5534 3048 5603 “Ill,
3073 5517 3243 5603 simil.
3278 5517 3343 5582 5,
3377 5519 3628 5603 (Ἡδεκὲ
