3822 6218
121 306 242 364 εϊῖῗ

1405 259 1411 264 ’
1432 288 1727 347 ΡΛΒΤΟΒ.
1875 272 2232 343 PROLEMIA.

3315 273 3431 330 1158

125 423 231 494 qui
267 427 507 485 prcsunt
554 415 833 481 Ecelesiis,
878 421 1034 468 eastra
1060 409 1394 480 Scripturam
1437 404 1740 477 permisisse
1771 409 1815 465 Α
1844 399 2107 473 phanium
2138 396 2251 452 illic
2275 394 2342 450 de
2361 392 2566 464 nuptiis
2595 401 2719 463 post
2752 389 3004 462 conjugis
3030 399 3260 448 mortem
3285 403 3386 441 con

126 518 379 584 aliquant
406 510 618 571 nubere,
642 507 814 576 priori
837 506 948 559 viro
972 504 1194 558 vivente.
1226 500 1297 554 At
1334 500 1567 569 ipsemet
1596 510 1733 549 con-

127 606 323 659 festini
373 602 558 658 subdit
588 618 601 655 :
629 598 698 653 Et
742 607 929 651 contra
967 593 1300 664 Scripturam
1351 587 1563 660 quidem
1607 586 1737 656 fece-

127 704 289 761 runt,
321 695 579 747 dicentem
602 707 621 746 :
648 722 668 744 ς
696 690 891 744 Mulier
925 687 1094 759 ligata
1123 696 1223 747 est,
1250 703 1270 736 ι
1302 691 1410 738 etc.
1435 679 1556 735 Non
1588 677 1733 733 ditii—

128 798 323 845 temur
373 787 595 857 quidem
653 784 779 838 illos
817 783 1004 853 aliqua
1043 797 1111 835 ex
1152 788 1305 850 parte
1351 775 1610 833 excusari
1663 772 1733 827 ab

129 878 408 950 Origene,
456 878 551 949 qui
602 876 895 946 subjunxit
938 873 1280 928 continenter
1329 888 1343 923 :
1388 866 1512 922 Non
1558 877 1735 921 tamen

130 974 358 1028 omnino
386 974 499 1027 sine
536 985 700 1025 causa
737 970 848 1023 Itazc
889 967 1276 1037 permiserunt;
1324 963 1555 1032 forsitan
1593 960 1734 1013 enim

130 1073 356 1132 propter
394 1061 699 1132 hujusmodi
746 1058 1118 1130 infirmitatem
1155 1054 1600 1110 incontinentiuzn
1639 1051 1735 1105 ho—

132 1154 381 1215 minum,
431 1152 674 1222 pejorum
733 1149 1159 1220 comparatione,
1201 1163 1321 1217 qua
1372 1143 1519 1198 mala
1576 1151 1732 1209 sunt,

132 1247 490 1316 permiserunt
524 1244 774 1298 adversus
804 1259 889 1308 ea,
920 1257 1038 1313 quae
1068 1239 1133 1294 ab
1158 1241 1314 1294 initio
1347 1239 1563 1309 fuerunt
1591 1237 1730 1290 scri—

132 1347 256 1405 pta.
314 1336 411 1393 Vir
463 1347 645 1392 autem
691 1337 781 1391 ille
819 1335 1179 1390 doctissimus
1208 1349 1238 1387 a
1271 1333 1433 1401 culpa
1482 1345 1612 1396 eos,
1653 1327 1735 1382 uti

132 1431 318 1498 vides,
354 1447 462 1485 non
510 1430 725 1484 liberat.
768 1428 839 1481 At
890 1427 947 1481 in
995 1441 1063 1481 eo
1098 1424 1329 1480 tantum
1382 1420 1734 1478 escusandos

132 1539 268 1579 esse
304 1533 511 1589 censet,
545 1521 692 1593 quod
728 1521 912 1575 minus
945 1518 1175 1583 malum,
1210 1526 1270 1571 ut
1310 1515 1493 1586 majus
1528 1514 1735 1569 devita-

134 1622 327 1681 retur,
368 1615 755 1685 permiserunt.
810 1610 965 1667 Hanc
1019 1620 1205 1666 tamen
1266 1607 1688 1679 permissionem
1714 1646 1730 1670 ,

132 1708 498 1779 quantumvis
530 1707 679 1778 justa
723 1705 1012 1771 videatur,
1057 1701 1378 1759 auctoritati
1430 1700 1733 1770 Scriptura:

135 1812 316 1854 sacra:
344 1813 649 1868 repugnare
676 1798 903 1863 asserit;
937 1795 1277 1866 proindeque
1301 1792 1575 1863 ejusmodi
1604 1806 1735 1847 con-

134 1892 313 1945 nubia
338 1890 406 1944 ab
425 1890 614 1945 eadem
647 1889 930 1961 Scriptura
960 1887 1230 1959 proscribi
1256 1895 1311 1942 et
1336 1885 1589 1939 damnari
1623 1900 1733 1938 non

134 1983 379 2038 obscure
406 1981 700 2052 signiﬁcat.

212 2093 581 2166 Hieronymus
616 2110 766 2161 vero,
799 2110 961 2166 quem
992 2094 1159 2148 etiam
1191 2092 1541 2148 Chemnitius
1568 2091 1731 2146 nobis

135 2186 355 2257 objicit,
378 2186 482 2257 ipsi
514 2186 695 2241 adhuc
723 2187 1004 2256 multoque
1030 2184 1249 2254 planius
1279 2199 1445 2254 quam
1468 2181 1734 2253 Origenes

137 2277 489 2334 adversatur.
527 2276 626 2333 libi
658 2281 857 2349 quippe
905 2278 970 2333 ad
1016 2275 1294 2332 Oceanum
1324 2275 1513 2330 scribit
1536 2274 1583 2307 ⁹⁶
1632 2273 1735 2328 Fa-

138 2371 349 2426 biolam
399 2371 544 2437 ideo,
594 2371 776 2441 priore
822 2372 942 2424 viro
988 2385 1091 2424 suo
1134 2368 1371 2428 vivente,
1419 2365 1576 2421 alteri
1625 2381 1734 2419 nu-

136 2464 344 2535 psisse,
377 2464 505 2535 quia
538 2471 875 2533 persuaserat
905 2462 1027 2526 sibi,
1057 2470 1106 2514 et
1135 2452 1373 2531 putabat
1413 2460 1584 2513 virum
1614 2477 1646 2512 a
1680 2475 1736 2513 se

140 2556 266 2611 iure
295 2556 596 2621 dimissunt,
642 2556 909 2610 continuo
940 2553 1225 2623 subjungit
1252 2570 1264 2606 :
1298 2550 1410 2605 Nec
1458 2551 1735 2621 Evangelii

142 2650 373 2718 rigorem
407 2654 645 2709 noverat,
682 2646 739 2699 in
775 2660 877 2714 quo
906 2641 1136 2697 nubendi
1178 2641 1425 2694 universa
1467 2639 1732 2704 causatio,

140 2737 435 2792 viventibus
480 2736 633 2803 viris,
673 2735 884 2805 feminis
930 2743 1262 2804 amputatur.
1301 2730 1498 2787 Narrat
1540 2730 1737 2785 deinde

140 2829 423 2901 quomodo
447 2827 672 2883 Fabiola
704 2827 980 2897 publicam
1016 2824 1250 2895 hujusce
1286 2822 1511 2879 secundi
1544 2821 1737 2892 conju-

143 2924 246 2994 gii,
275 2937 386 2976 non
419 2936 581 2977 secus
611 2936 675 2975 ac
704 2920 749 2975 si
774 2919 1104 2974 adulterium
1132 2914 1526 2979 commisisset,
1557 2914 1736 2985 νωιιὶ-

147 3011 381 3065 tentiam
414 3009 610 3081 egerit.
648 3007 768 3062 Non
802 3008 981 3064 solum
1024 3016 1208 3061 autem
1255 3005 1330 3059 ibi
1371 3003 1737 3075 Hieronymus

1841 491 2127 546 trahendis
2162 490 2473 560 disputare;
2505 489 2589 543 vel
2616 486 2753 540 nihil
2782 484 2919 540 certi
2949 498 3017 538 ex
3044 481 3216 553 ipsius
3243 488 3419 541 textu,

1836 585 2011 640 donec
2046 585 2390 649 emendetur,
2418 597 2581 653 posse
2606 579 2840 635 deliniri.

1907 676 2129 732 Certum
2158 686 2243 732 est
2269 676 2433 747 igitur
2471 677 2612 730 hanc
2642 673 2814 729 fuisse
2842 671 3067 726 Patrum
3094 669 3258 724 etiam
3293 674 3422 721 ante

1835 771 2127 841 Augustini
2165 778 2380 825 aetatem
2410 767 2757 831 sententiam,
2783 764 3100 834 cctijugium
3134 760 3279 815 nulls
3316 774 3424 814 tn-

1835 882 2000 937 quam
2024 866 2092 920 de
2119 879 2286 919 causa
2315 880 2345 918 a
2371 876 2648 932 quoquam
2683 858 2820 913 solvi
2844 872 3024 927 posse.
3052 854 3108 909 Si
3136 854 3264 924 quid
3289 865 3424 908 vero

1836 968 2024 1014 contra
2060 958 2147 1011 vel
2169 958 2433 1025 scriptum
2468 955 2553 1008 vel
2580 952 2783 1008 factum
2815 950 3144 1021 proferatur.
3174 947 3305 1001 illud
3336 944 3423 1000 vel

1835 1052 2067 1107 minoris
2107 1049 2340 1119 alicujus
2377 1047 2527 1107 mali,
2566 1062 2677 1115 quo
2709 1043 2858 1098 aliud
2904 1041 3083 1112 majus
3132 1047 3417 1110 peccatum

1836 1146 2156 1207 evitaretur,
2188 1141 2476 1196 tolerantia
2513 1137 2638 1201 fuit,
2678 1136 2761 1190 vel
2790 1144 2937 1190 certe
2962 1135 3173 1188 abusus
3198 1130 3418 1200 aliquis,

1836 1254 1867 1294 a
1895 1237 2109 1293 caeteris
2139 1233 2397 1289 omnibus
2425 1230 2789 1300 improbatus.

1906 1348 2250 1419 Quapropter
2280 1352 2583 1417 provocant
2609 1357 2710 1397 nos
2745 1339 3045 1395 adversarii
3078 1338 3145 1391 ad
3175 1335 3422 1391 divinam

1834 1443 2074 1499 Matthrei
2098 1441 2528 1505 cauetoritatem,
2551 1437 2645 1507 qui
2676 1434 2951 1506 expressis
2985 1431 3166 1486 verbis
3195 1430 3419 1485 statuit:

1838 1537 2023 1593 Omnis
2053 1535 2143 1599 qui
2183 1532 2447 1587 dimiserit
2506 1544 2724 1583 uxorem
2763 1541 2951 1590 suam,
2980 1532 3198 1592 excepta
3254 1520 3426 1590 forni-

1836 1629 2060 1685 cationis
2106 1644 2290 1693 causa,
2349 1624 2480 1695 facit
2541 1638 2658 1677 eam
2717 1619 3003 1681 masc/tari;
3037 1625 3090 1671 et
3132 1634 3145 1670 :
3193 1613 3426 1668 Moecha—

1764 1750 1805 1805 Β
1837 1733 1959 1787 tur;
1983 1729 2034 1776 et
2056 1721 2146 1792 qui
2177 1719 2457 1773 dimissam
2484 1716 2723 1777 duxerit,
2747 1711 3016 1765 adulterat
3046 1710 3114 1762 θ’.
3152 1706 3211 1761 Si
3236 1712 3422 1759 autem

1834 1815 2040 1869 dixeris
2084 1829 2185 1868 nec
2230 1810 2472 1865 Marcum
2505 1805 2597 1873 ‘°°,
2637 1820 2737 1859 nec
2790 1802 2995 1857 Lucam
3038 1801 3079 1865 ί,
3133 1813 3234 1851 nec
3280 1794 3426 1849 Pau-

1836 1908 1948 1961 lum
1985 1908 2028 1973 ’,
2060 1905 2153 1975 qui
2189 1904 2255 1959 de
2280 1904 2383 1957 hac
2405 1900 2595 1956 uxoris
2616 1897 2940 1952 dimissione
2968 1893 3291 1962 loquuntur,
3323 1888 3428 1941 hu-

1831 2003 1924 2073 jus
1959 1998 2303 2069 exceptionis
2335 1996 2486 2050 ullibi
2530 1992 2730 2048 fecisse
2772 1988 3129 2049 mentionem,
3162 1984 3427 2051 illamque

1836 2096 1976 2152 tanti
2021 2109 2144 2149 esse
2184 2089 2472 2152 momenti,
2505 2098 2567 2141 ut
2602 2086 2649 2140 si
2677 2083 2897 2153 quando
2928 2097 2958 2135 a
2996 2077 3215 2134 Christo
3248 2076 3425 2145 posita

1833 2197 1998 2253 esset,
2026 2188 2095 2242 ab
2124 2186 2191 2241 iis
2220 2197 2501 2252 nunquam
2543 2179 2740 2233 fuisset
2778 2172 3181 2244 praetermissa;
3219 2168 3355 2223 illud
3385 2166 3424 2220 ii

1836 2281 1984 2336 illico
2027 2260 2313 2347 reportent,
2356 2273 2459 2327 nisi
2505 2287 2535 2327 a
2568 2269 2791 2326 Christo
2832 2272 2982 2320 esset
3030 2262 3235 2326 addita,
3282 2274 3429 2313 nun-

1836 2387 2004 2442 quam
2048 2371 2195 2424 illam
2253 2364 2541 2420 Mattbaaus
2596 2373 2707 2417 tam
2762 2371 3023 2426 expresse
3079 2353 3416 2408 tradidisset.

1838 2464 2041 2521 Verum
2101 2459 2365 2532 quidquid
2415 2458 2481 2512 de
2534 2469 2695 2511 sacro
2741 2466 2932 2507 eorum
2982 2457 3132 2503 textu
3183 2444 3424 2513 dicatur,

1837 2565 2046 2612 certum
2093 2560 2178 2608 est
2223 2550 2430 2605 nullam
2480 2546 2603 2601 illos
2648 2544 2791 2597 inter
2844 2539 3061 2595 divinos
3109 2536 3411 2605 scriptores

1836 2665 1959 2707 esse
2005 2659 2268 2717 pugnam,
2303 2641 2625 2709 nullumque
2661 2649 2895 2705 prorsus
2932 2629 3244 2685 dissidium.
3278 2628 3419 2681 Cum

1836 2758 1968 2814 ergo
1995 2755 2137 2795 unus
2169 2735 2417 2791 omnium
2452 2734 2524 2787 sit
2551 2743 2879 2791 consensus,
2904 2725 2986 2779 sic
3011 2737 3109 2778 eos
3139 2720 3427 2776 conciliari

1838 2813 2003 2906 posse
2046 2839 2326 2902 putamus,
2360 2833 2420 2879 ut
2461 2823 2579 2877 haec
2618 2818 2868 2888 exceptio
2912 2813 3176 2877 Matthaai,
3204 2821 3423 2880 excepta

1840 2922 2212 2997 fornicationis
2252 2934 2440 2983 causa,
2481 2931 2590 2969 non
2639 2912 2706 2967 ad
2746 2909 2972 2965 verbum
3012 2904 3303 2969 dimiserit,
3332 2903 3427 2958 sed

1841 3020 1908 3075 ad
1953 3018 2117 3073 aliam
2161 3012 2399 3076 duxerit,
2430 3006 2716 3063 referenda
2764 3003 2856 3058 sit.
2915 3000 3264 3069 Quapropter
3319 3010 3433 3049 non

144 3105 251 3159 has
278 3100 498 3173 nuptias
520 3119 552 3157 a
577 3100 862 3171 Scriptura
886 3115 1042 3155 sacra
1079 3097 1385 3168 prohibitas
1409 3111 1533 3151 esse
1558 3097 1738 3160 docet,
1770 3098 1812 3155 C
1846 3108 1989 3162 anus
2033 3105 2139 3161 erit
2186 3102 2481 3157 verborum
2543 3094 2779 3150 Matthzei
2834 3107 3054 3154 sensus,
3098 3104 3263 3158 quam
3312 3085 3436 3139 viro

144 3195 244 3251 sed
277 3195 329 3248 in
354 3199 470 3249 suis
495 3194 662 3248 etiam
688 3193 755 3248 ad
781 3191 1020 3247 Matthaai
1050 3189 1406 3259 Evangelium
1436 3186 1732 3246 Commen-

148 3287 310 3343 tariis
340 3288 383 3320 ’⁷
416 3287 471 3342 id
505 3288 685 3357 palam
717 3296 1013 3356 aperteque
1042 3282 1387 3354 pronuntiat.

219 3416 395 3486 Major
448 3432 603 3480 sane,
636 3431 705 3470 ne
740 3415 870 3485 quid
915 3414 1356 3487 dissimulemus,
1389 3412 1567 3467 oritur
1604 3411 1740 3466 ditii-

147 3509 331 3564 cultas
368 3524 433 3563 ex
476 3508 563 3562 his
602 3506 893 3577 Epiphanii
940 3505 1123 3560 verbis
1151 3506 1196 3537 ⁵⁸
1229 3523 1242 3558 :
1273 3502 1377 3558 Sed
1415 3505 1499 3557 cui
1532 3514 1746 3557 mortua

148 3619 259 3657 una
289 3617 393 3655 non
418 3601 627 3671 sufficit,
654 3615 797 3663 cum,
823 3598 1097 3653 occasione
1124 3595 1307 3667 aliqua
1333 3597 1505 3666 stupri
1536 3596 1748 3650 adulte-

151 3696 323 3765 riique
354 3701 448 3748 aut
486 3692 710 3746 alterius
753 3690 953 3761 flagitii
984 3688 1038 3760 (ἢ
1074 3690 1251 3761 κακῆς
1283 3688 1511 3759 αἰτίας),
1537 3705 1658 3743 cum
1683 3706 1746 3743 ea

150 3787 444 3843 diuortium
481 3785 695 3855 fecerit,
733 3784 779 3837 is
809 3784 857 3837 si
886 3782 1114 3835 alteram
1144 3796 1363 3834 uxorem
1388 3780 1624 3847 duxerit,
1652 3790 1746 3835 aut

151 3879 315 3936 alteri
340 3878 453 3934 uiro
481 3876 673 3931 mulier
709 3876 972 3945 nupserit,
1003 3888 1282 3929 sacrarum
1314 3871 1619 3928 litterarum
1650 3890 1749 3926 au-

149 3972 376 4027 ctoritas
401 3970 465 4024 ab
491 3969 635 4023 omni
666 3967 823 4037 culpa
845 3967 968 4021 illos
995 3966 1218 4021 absolvit
1243 3983 1262 4033 ;
1300 3984 1462 4037 neque
1484 3967 1547 4019 ab
1573 3965 1751 4020 Eccle-

152 4065 238 4121 sia
261 4073 355 4118 aut
387 4072 587 4118 (eterna
609 4063 719 4115 vita
744 4059 940 4128 rejicit,
969 4060 1059 4114 sed
1090 4071 1302 4131 propter
1328 4059 1749 4114 imbecillitatem

155 4156 461 4212 tolerandos
496 4155 791 4209 existimat.
827 4152 1253 4209 Eruditissimus
1285 4155 1467 4221 itaque
1493 4150 1750 4205 Petavius

154 4257 312 4319 putat
336 4247 484 4301 hunc
513 4244 803 4315 Epiphanii
826 4245 1010 4299 locum
1037 4260 1161 4299 esse
1183 4244 1543 4314 depravatum
1567 4261 1581 4309 ;
1614 4242 1749 4295 fate-

155 4348 248 4395 tur
288 4348 468 4393 tamen
510 4340 762 4392 eumdem
810 4336 1175 4408 Epiphanium
1221 4336 1293 4391 ibi
1346 4336 1745 4405 subscripsisse

154 4430 404 4503 opinioni
448 4429 813 4500 quorumdam
864 4437 1109 4484 veterum
1154 4429 1507 4499 scriptorum,
1540 4427 1743 4497 quibus

156 4532 284 4596 post
329 4524 635 4594 legitimum
686 4522 981 4577 divortium
1034 4522 1300 4592 permissa
1359 4518 1748 4575 innocentibus

158 4617 491 4689 conjugibus
521 4615 836 4686 hujusmodi
868 4613 1219 4669 matrimonia
1256 4611 1605 4666 videbantur.
1648 4609 1748 4665 Ve-

158 4726 285 4765 rum
314 4711 360 4765 si
385 4719 678 4779 corruptus
703 4716 788 4764 est
818 4705 1106 4778 Epiphanii
1138 4706 1315 4769 locus,
1349 4704 1481 4773 quid
1517 4702 1652 4758 certi
1679 4718 1747 4756 ex

157 4819 226 4858 eo
257 4801 451 4858 confici
478 4802 700 4872 poterit!
732 4800 904 4855 Porro
928 4797 1266 4869 Epiphanius
1288 4795 1356 4851 de
1387 4796 1456 4850 iis
1488 4793 1749 4850 secundis

158 4898 368 4967 nuptiis
398 4897 661 4967 disputat,
699 4910 839 4966 quas
869 4909 975 4947 non
1012 4892 1187 4961 stupri
1238 4889 1603 4958 adulteriique
1637 4897 1751 4941 tan-

159 5003 302 5056 tum,
333 4989 429 5045 sed
470 4989 763 5059 cujuslibet
809 4986 1002 5059 ﬂagitii
1046 5000 1217 5041 causa
1337 4983 1513 5055 κακῆς
1544 4980 1744 5052 αἰτίας)

156 5081 462 5155 permissas
487 5095 611 5135 esse
648 5078 903 5133 allirmat.
936 5077 1006 5131 At
1033 5086 1181 5132 certe
1217 5074 1581 5146 Epiphanium
1610 5089 1748 5128 con—

150 5174 278 5250 jugi
296 5172 592 5239 innocenti,
610 5173 679 5227 ob
691 5171 937 5241 cujusvis
954 5170 1178 5224 alterius
1193 5167 1444 5238 conjugis
1458 5166 1747 5236 flagitium,

156 5276 359 5326 contra
403 5265 703 5335 Scriptura:
752 5263 1156 5327 auctoritatem,
1187 5260 1337 5315 aliud
1378 5259 1518 5314 inire
1560 5259 1751 5311 matr;-

160 5359 411 5417 monium
456 5357 774 5427 permisisse
819 5356 1025 5411 nemini
1071 5369 1351 5425 unquam,
1386 5363 1445 5407 ut
1487 5351 1750 5414 arbitror,

163 5452 507 5525 probabitur.
546 5448 689 5505 Vero
719 5451 883 5521 igitur
922 5456 1006 5505 est
1051 5447 1286 5503 similius
1327 5445 1583 5501 eumdem
1630 5442 1754 5512 Epi-

1847 3200 1947 3266 illi,
1992 3196 2155 3265 cujus
2190 3207 2332 3248 uxor
2369 3198 2453 3245 est
2499 3186 2768 3247 adultera,
2801 3198 2920 3237 eam
2958 3176 3290 3240 dimittendi,
3323 3190 3433 3229 non

1846 3293 2009 3347 aliam
2057 3284 2333 3350 ducendi,
2376 3283 2559 3338 datam
2596 3294 2626 3333 a
2667 3276 2890 3332 Christo
2924 3280 3269 3343 potestatem.
3314 3266 3437 3334 Quo

1847 3383 2067 3452 quidem
2108 3392 2275 3434 sensu
2323 3374 2415 3427 ille
2462 3386 2570 3425 non
2620 3369 2951 3434 discrepata
2980 3361 3154 3416 Paulo
3196 3368 3251 3414 et
3287 3357 3434 3422 aliis,

1848 3448 1942 3548 qui
1980 3474 2167 3544 plures
2197 3468 2437 3523 fatentur
2464 3477 2586 3517 esse
2614 3474 2813 3515 causas
2839 3464 3061 3526 propter
3083 3467 3222 3524 quas
3247 3448 3439 3520 conju-

1849 3584 1943 3643 ges
1968 3583 2001 3623 a
2029 3582 2088 3621 se
2118 3563 2353 3619 invicem
2388 3555 2633 3627 separari
2666 3556 2919 3623 possunt;

1920 3677 2159 3737 lnstabis
2200 3684 2404 3734 tamen,
2438 3670 2485 3727 si
2514 3665 2765 3736 exceptio
2799 3662 2865 3717 ad
2903 3660 3129 3715 verbum
3170 3654 3436 3711 dimiserit

1850 3772 2143 3835 referatur,
2173 3764 2322 3820 nulla
2366 3763 2473 3816 alia
2514 3756 2814 3813 secundum
2855 3751 3169 3807 Mattlueum
3209 3748 3315 3803 erit
3353 3746 3439 3800 di-

1853 3859 2011 3920 vortii
2052 3874 2240 3922 causa,
2272 3855 2380 3910 nisi
2416 3848 2709 3907 fornicatio
2739 3862 2835 3901 seu
2868 3842 3219 3898 adulterium.
3270 3838 3438 3907 Atqui

1850 3974 1917 4013 ex
1950 3954 2141 4017 Paulo,
2168 3959 2332 4020 atque
2356 3946 2523 4001 etiam
2553 3957 2621 4015 ex
2649 3950 2840 3995 nostro
2866 3936 3087 3998 Herma,
3116 3932 3439 4000 caeterisque

1778 4447 1821 4503 υ
1855 4412 2018 4482 hujus
2047 4406 2357 4481 argumenti
2383 4406 2436 4460 in
2461 4420 2527 4459 eo
2550 4402 2655 4457 sita
2677 4406 2763 4454 est
2792 4394 2939 4465 quod
2964 4389 3249 4444 Matthzeus
3273 4384 3437 4440 unius

1854 4518 2065 4565 tantum
2093 4501 2435 4574 exceptionis
2467 4495 2802 4552 mentionem
2830 4490 3040 4545 fecerit.
3076 4484 3181 4540 Sed
3209 4497 3439 4551 respon—

1853 4604 2049 4659 demus
2099 4598 2252 4652 illum
2298 4593 2421 4649 ideo
2470 4588 2634 4644 unius
2675 4581 3054 4639 tantummodo
3100 4575 3437 4640 meminisse,

1856 4710 1965 4748 non
2012 4700 2071 4747 ut
2110 4691 2268 4755 alias,
2312 4700 2451 4756 quas
2496 4681 2695 4735 Paulus
2738 4678 2941 4745 aliique
2982 4675 3438 4731 commemorant,

1856 4787 2081 4846 omnino
2129 4781 2468 4840 excluderet,
2504 4774 2599 4829 sed
2639 4771 2767 4842 quia
2803 4770 2892 4822 illa
2924 4765 3163 4819 maxima
3191 4761 3438 4817 omnium

1856 4890 1976 4940 erat
2018 4887 2073 4934 et
2116 4874 2469 4947 gravissima.
2502 4869 2652 4922 Alias
2696 4868 2879 4934 itaque
2920 4859 3269 4929 exceptiones
3311 4872 3438 4926 pru-

1855 4971 2005 5028 denti
2037 4968 2258 5025 silentio
2288 4962 2656 5036 praetermisit,
2686 4958 2816 5029 quia
2848 4955 3083 5010 leviores
3105 4957 3285 5016 erant,
3310 4949 3438 5019 quia

1856 5063 2122 5122 brevioris
2166 5062 2431 5130 temporis
2476 5053 2880 5126 separationem
2943 5048 3264 5118 poscebant,
3308 5045 3439 5119 quia

1851 5158 2089 5227 denique
2121 5169 2276 5209 mens
2306 5151 2383 5207 illi
2412 5160 2529 5205 erat
2552 5148 2718 5203 unius
2740 5144 3139 5215 praacipuzequc
3159 5139 3441 5209 exceptio-

1854 5253 1941 5306 nis
1989 5246 2515 5305 commemoratione
2564 5238 2961 5302 arctissimum,
3008 5248 3173 5306 atque
3213 5250 3241 5288 a
3287 5232 3440 5286 nullo

1858 5358 2101 5415 unquam
2132 5340 2355 5396 homine
2384 5334 2709 5392 solvendum
2752 5328 3091 5386 matrimonii
3137 5325 3440 5388 vinculum,

1858 5438 2116 5494 omnibus
2147 5432 2320 5503 magis
2354 5428 2637 5500 magisque
2663 5423 3076 5480 commendare.

240 5675 285 5707 ἰ
318 5674 475 5741 epist.
514 5672 603 5727 30.
679 5671 796 5725 “In
821 5686 942 5742 cap.
974 5686 1005 5723 χ
1038 5667 1233 5742 Matth.
1297 5664 1565 5722 "Heres.
1602 5661 1691 5728 59.
1727 5660 1738 5730 ἑ

1911 5661 1952 5691 ⁷⁵⁵³
1973 5657 2160 5714 Matth.
2194 5673 2246 5722 ν,
2280 5653 2373 5718 52,
2406 5661 2460 5707 et
2499 5666 2611 5717 xui,
2645 5650 2699 5705 9.
2744 5648 2811 5681 ¹⁰⁰
2833 5644 3001 5703 Marc.
3030 5660 3085 5712 ι,
3112 5641 3199 5699 ll.
3268 5637 3436 5697 ‘an.

168 5759 282 5835 sq,
309 5738 393 5800 l8.
474 5742 698 5808 tPauL,
730 5738 907 5799 lCorI
940 5747 1038 5798 let
1154 5738 1315 5793 Rom.
1341 5752 1432 5791 vn.
