  <div class='ocr_page' id='page_1' title='image "/cluster/home/n/w/nwhite01/storage/ocr_20150623/2/nnc1.0114695790/501.png"; bbox 0 0 3822 6218; ppageno 0'>
   <div class='ocr_carea' id='block_1_1' title="bbox 386 283 492 339">
    <p class='ocr_par' dir='ltr' id='par_1_1' title="bbox 386 283 492 339">
     <span class='ocr_line' id='line_1_1' title="bbox 386 283 492 339; baseline 0.009 -1"><span class='ocrx_word' id='word_1_1' title='bbox 386 283 492 339; x_wconf 81' lang='lat'><strong>859</strong></span> 
     </span>
    </p>
   </div>
   <div class='ocr_carea' id='block_1_2' title="bbox 867 421 1473 479">
    <p class='ocr_par' dir='ltr' id='par_1_2' title="bbox 867 421 1473 479">
     <span class='ocr_line' id='line_1_2' title="bbox 867 421 1473 479; baseline 0.003 -3"><span class='ocrx_word' id='word_1_2' title='bbox 867 421 1268 479; x_wconf 75' lang='lat' dir='ltr'><strong>ARTICULUS</strong></span> <span class='ocrx_word' id='word_1_3' title='bbox 1305 424 1473 479; x_wconf 81' lang='lat' dir='ltr'><strong>XXV.</strong></span> 
     </span>
    </p>
   </div>
   <div class='ocr_carea' id='block_1_3' title="bbox 550 535 1796 610">
    <p class='ocr_par' dir='ltr' id='par_1_3' title="bbox 550 535 1796 610">
     <span class='ocr_line' id='line_1_3' title="bbox 550 535 1796 610; baseline 0.006 -21"><span class='ocrx_word' id='word_1_4' title='bbox 550 535 627 590; x_wconf 88' lang='lat' dir='ltr'><strong>De</strong></span> <span class='ocrx_word' id='word_1_5' title='bbox 654 535 791 591; x_wconf 85' lang='lat' dir='ltr'><strong>libro</strong></span> <span class='ocrx_word' id='word_1_6' title='bbox 822 540 1119 610; x_wconf 83' lang='lat' dir='ltr'><strong>apocrypha</strong></span> <span class='ocrx_word' id='word_1_7' title='bbox 1147 540 1210 594; x_wconf 85' lang='lat' dir='ltr'><strong>de</strong></span> <span class='ocrx_word' id='word_1_8' title='bbox 1244 539 1474 595; x_wconf 86' lang='lat' dir='ltr'><strong>Ileldam</strong></span> <span class='ocrx_word' id='word_1_9' title='bbox 1503 551 1553 596; x_wconf 85' lang='lat' dir='ltr'><strong>et</strong></span> <span class='ocrx_word' id='word_1_10' title='bbox 1593 540 1796 597; x_wconf 79' lang='lat' dir='ltr'><strong>Modal.</strong></span> 
     </span>
    </p>
   </div>
   <div class='ocr_carea' id='block_1_4' title="bbox 460 668 1969 747">
    <p class='ocr_par' dir='ltr' id='par_1_4' title="bbox 460 668 1969 747">
     <span class='ocr_line' id='line_1_4' title="bbox 460 668 1969 747; baseline 0.007 -24"><span class='ocrx_word' id='word_1_11' title='bbox 460 668 760 739; x_wconf 79' lang='lat' dir='ltr'><strong>Antequam</strong></span> <span class='ocrx_word' id='word_1_12' title='bbox 788 688 1009 727; x_wconf 89' lang='lat' dir='ltr'><strong>manum</strong></span> <span class='ocrx_word' id='word_1_13' title='bbox 1035 674 1101 727; x_wconf 92' lang='lat' dir='ltr'><strong>de</strong></span> <span class='ocrx_word' id='word_1_14' title='bbox 1127 674 1311 728; x_wconf 92' lang='lat' dir='ltr'><strong>tabula</strong></span> <span class='ocrx_word' id='word_1_15' title='bbox 1338 674 1601 743; x_wconf 85' lang='lat' dir='ltr'><strong>levemus,</strong></span> <span class='ocrx_word' id='word_1_16' title='bbox 1626 678 1818 747; x_wconf 86' lang='lat' dir='ltr'><strong>paucis</strong></span> <span class='ocrx_word' id='word_1_17' title='bbox 1848 693 1969 733; x_wconf 87' lang='lat' dir='ltr'><strong>mo-</strong></span> 
     </span>
    </p>
   </div>
   <div class='ocr_carea' id='block_1_5' title="bbox 389 760 1972 822">
    <p class='ocr_par' dir='ltr' id='par_1_5' title="bbox 389 760 1972 822">
     <span class='ocr_line' id='line_1_5' title="bbox 389 760 1972 822; baseline 0.006 -11"><span class='ocrx_word' id='word_1_18' title='bbox 389 760 641 816; x_wconf 85' lang='lat' dir='ltr'><strong>nebitnus</strong></span> <span class='ocrx_word' id='word_1_19' title='bbox 688 762 901 816; x_wconf 88' lang='lat' dir='ltr'><strong>laudari</strong></span> <span class='ocrx_word' id='word_1_20' title='bbox 939 764 1009 817; x_wconf 89' lang='lat' dir='ltr'><strong>ab</strong></span> <span class='ocrx_word' id='word_1_21' title='bbox 1056 763 1255 818; x_wconf 89' lang='lat' dir='ltr'><strong>llerma</strong></span> <span class='ocrx_word' id='word_1_22' title='bbox 1298 765 1497 819; x_wconf 90' lang='lat' dir='ltr'><strong>librum</strong></span> <span class='ocrx_word' id='word_1_23' title='bbox 1540 766 1608 821; x_wconf 91' lang='lat' dir='ltr'><strong>de</strong></span> <span class='ocrx_word' id='word_1_24' title='bbox 1659 767 1887 821; x_wconf 78' lang='lat' dir='ltr'><strong>Heldam</strong></span> <span class='ocrx_word' id='word_1_25' title='bbox 1915 776 1972 822; x_wconf 88' lang='lat' dir='ltr'><strong>et</strong></span> 
     </span>
    </p>
   </div>
   <div class='ocr_carea' id='block_1_6' title="bbox 389 850 1971 927">
    <p class='ocr_par' dir='ltr' id='par_1_6' title="bbox 389 850 1971 927">
     <span class='ocr_line' id='line_1_6' title="bbox 389 850 1971 927; baseline 0.007 -23"><span class='ocrx_word' id='word_1_26' title='bbox 389 850 598 919; x_wconf 74' lang='lat' dir='ltr'><strong>Modal,</strong></span> <span class='ocrx_word' id='word_1_27' title='bbox 616 854 709 922; x_wconf 90' lang='lat' dir='ltr'><strong>qui</strong></span> <span class='ocrx_word' id='word_1_28' title='bbox 739 853 849 908; x_wconf 91' lang='lat' dir='ltr'><strong>duo</strong></span> <span class='ocrx_word' id='word_1_29' title='bbox 879 854 980 909; x_wconf 86' lang='lat' dir='ltr'><strong>viri</strong></span> <span class='ocrx_word' id='word_1_30' title='bbox 1016 864 1175 911; x_wconf 87' lang='lat' dir='ltr'><strong>erant</strong></span> <span class='ocrx_word' id='word_1_31' title='bbox 1205 872 1442 927; x_wconf 91' lang='lat' dir='ltr'><strong>quorum</strong></span> <span class='ocrx_word' id='word_1_32' title='bbox 1474 860 1679 915; x_wconf 90' lang='lat' dir='ltr'><strong>mentio</strong></span> <span class='ocrx_word' id='word_1_33' title='bbox 1707 860 1761 914; x_wconf 89' lang='lat' dir='ltr'><strong>in</strong></span> <span class='ocrx_word' id='word_1_34' title='bbox 1793 860 1971 915; x_wconf 86' lang='lat' dir='ltr'><strong>sacris</strong></span> 
     </span>
    </p>
   </div>
   <div class='ocr_carea' id='block_1_7' title="bbox 1788 292 2161 351">
    <p class='ocr_par' dir='ltr' id='par_1_7' title="bbox 1788 292 2161 351">
     <span class='ocr_line' id='line_1_7' title="bbox 1788 292 2161 351; baseline 0.005 -2"><span class='ocrx_word' id='word_1_35' title='bbox 1788 292 1857 349; x_wconf 79' lang='lat' dir='ltr'><strong>S.</strong></span> <span class='ocrx_word' id='word_1_36' title='bbox 1898 292 2161 351; x_wconf 62' lang='grc' dir='ltr'><strong>ΗΕΒυῶ</strong></span> 
     </span>
    </p>
   </div>
   <div class='ocr_carea' id='block_1_8' title="bbox 1996 410 3666 483">
    <p class='ocr_par' dir='ltr' id='par_1_8' title="bbox 1996 410 3666 483">
     <span class='ocr_line' id='line_1_8' title="bbox 1996 410 3666 483; baseline 0.004 -18"><span class='ocrx_word' id='word_1_37' title='bbox 1996 427 2041 483; x_wconf 76' lang='grc' dir='ltr'>Α</span> <span class='ocrx_word' id='word_1_38' title='bbox 2069 410 2437 468; x_wconf 84' lang='lat' dir='ltr'><strong>Numerorum</strong></span> <span class='ocrx_word' id='word_1_39' title='bbox 2486 415 2643 471; x_wconf 89' lang='lat' dir='ltr'><strong>libris</strong></span> <span class='ocrx_word' id='word_1_40' title='bbox 2674 416 2926 473; x_wconf 86' lang='lat' dir='ltr'><strong>habetur.</strong></span> <span class='ocrx_word' id='word_1_41' title='bbox 2964 418 3072 475; x_wconf 86' lang='lat' dir='ltr'><strong>Sed</strong></span> <span class='ocrx_word' id='word_1_42' title='bbox 3107 420 3255 475; x_wconf 90' lang='lat' dir='ltr'><strong>hunc</strong></span> <span class='ocrx_word' id='word_1_43' title='bbox 3290 417 3557 473; x_wconf 88' lang='lat' dir='ltr'><strong>eumdem</strong></span> <span class='ocrx_word' id='word_1_44' title='bbox 3591 418 3666 471; x_wconf 84' lang='lat' dir='ltr'><strong>li-</strong></span> 
     </span>
    </p>
   </div>
   <div class='ocr_carea' id='block_1_9' title="bbox 3549 297 3667 352">
    <p class='ocr_par' dir='ltr' id='par_1_9' title="bbox 3549 297 3667 352">
     <span class='ocr_line' id='line_1_9' title="bbox 3549 297 3667 352; baseline 0 0"><span class='ocrx_word' id='word_1_45' title='bbox 3549 297 3667 352; x_wconf 75' lang='lat'><strong>860</strong></span> 
     </span>
    </p>
   </div>
   <div class='ocr_carea' id='block_1_10' title="bbox 2066 509 3668 583">
    <p class='ocr_par' dir='ltr' id='par_1_10' title="bbox 2066 509 3668 583">
     <span class='ocr_line' id='line_1_10' title="bbox 2066 509 3668 583; baseline 0.004 -20"><span class='ocrx_word' id='word_1_46' title='bbox 2066 509 2222 563; x_wconf 91' lang='lat' dir='ltr'><strong>brum</strong></span> <span class='ocrx_word' id='word_1_47' title='bbox 2269 510 2337 564; x_wconf 84' lang='lat' dir='ltr'><strong>ad</strong></span> <span class='ocrx_word' id='word_1_48' title='bbox 2389 512 2699 581; x_wconf 83' lang='lat' dir='ltr'><strong>apocrypha</strong></span> <span class='ocrx_word' id='word_1_49' title='bbox 2738 514 3036 569; x_wconf 89' lang='lat' dir='ltr'><strong>amandant</strong></span> <span class='ocrx_word' id='word_1_50' title='bbox 3090 512 3345 583; x_wconf 77' lang='lat' dir='ltr'><strong>Synopsis</strong></span> <span class='ocrx_word' id='word_1_51' title='bbox 3395 514 3668 569; x_wconf 79' lang='lat' dir='ltr'><strong>Athana-</strong></span> 
     </span>
    </p>
   </div>
   <div class='ocr_carea' id='block_1_11' title="bbox 2066 602 3664 679">
    <p class='ocr_par' dir='ltr' id='par_1_11' title="bbox 2066 602 3664 679">
     <span class='ocr_line' id='line_1_11' title="bbox 2066 602 3664 679; baseline 0.003 -23"><span class='ocrx_word' id='word_1_52' title='bbox 2066 602 2219 656; x_wconf 88' lang='lat' dir='ltr'><strong>siana</strong></span> <span class='ocrx_word' id='word_1_53' title='bbox 2262 610 2316 657; x_wconf 89' lang='lat' dir='ltr'><strong>et</strong></span> <span class='ocrx_word' id='word_1_54' title='bbox 2368 606 2800 679; x_wconf 78' lang='lat' dir='ltr'><strong>Stychometria,</strong></span> <span class='ocrx_word' id='word_1_55' title='bbox 2860 604 3312 676; x_wconf 74' lang='lat' dir='ltr'><strong>Chronographic</strong></span> <span class='ocrx_word' id='word_1_56' title='bbox 3346 604 3664 675; x_wconf 86' lang='lat' dir='ltr'><strong>Nicephori</strong></span> 
     </span>
    </p>
   </div>
   <div class='ocr_carea' id='block_1_12' title="bbox 2067 694 3667 769">
    <p class='ocr_par' dir='ltr' id='par_1_12' title="bbox 2067 694 3667 769">
     <span class='ocr_line' id='line_1_12' title="bbox 2067 694 3667 769; baseline 0.001 -20"><span class='ocrx_word' id='word_1_57' title='bbox 2067 694 2437 763; x_wconf 86' lang='lat' dir='ltr'><strong>superaddita.</strong></span> <span class='ocrx_word' id='word_1_58' title='bbox 2471 694 2640 749; x_wconf 86' lang='lat' dir='ltr'><strong>Porro</strong></span> <span class='ocrx_word' id='word_1_59' title='bbox 2674 696 2788 750; x_wconf 63' lang='lat' dir='ltr'><strong>haec</strong></span> <span class='ocrx_word' id='word_1_60' title='bbox 2827 697 3179 763; x_wconf 88' lang='lat' dir='ltr'><strong>adnotamus,</strong></span> <span class='ocrx_word' id='word_1_61' title='bbox 3219 707 3276 753; x_wconf 90' lang='lat' dir='ltr'><strong>ut</strong></span> <span class='ocrx_word' id='word_1_62' title='bbox 3307 699 3484 769; x_wconf 84' lang='lat' dir='ltr'><strong>hujus</strong></span> <span class='ocrx_word' id='word_1_63' title='bbox 3528 699 3667 753; x_wconf 77' lang='lat' dir='ltr'><strong>libri</strong></span> 
     </span>
    </p>
   </div>
   <div class='ocr_carea' id='block_1_13' title="bbox 2070 786 3671 863">
    <p class='ocr_par' dir='ltr' id='par_1_13' title="bbox 2070 786 3671 863">
     <span class='ocr_line' id='line_1_13' title="bbox 2070 786 3671 863; baseline 0.004 -24"><span class='ocrx_word' id='word_1_64' title='bbox 2070 786 2389 855; x_wconf 88' lang='lat' dir='ltr'><strong>antiquitas,</strong></span> <span class='ocrx_word' id='word_1_65' title='bbox 2417 802 2543 856; x_wconf 82' lang='lat' dir='ltr'><strong>quae</strong></span> <span class='ocrx_word' id='word_1_66' title='bbox 2573 788 2815 843; x_wconf 84' lang='lat' dir='ltr'><strong>auctoris</strong></span> <span class='ocrx_word' id='word_1_67' title='bbox 2853 789 3026 844; x_wconf 91' lang='lat' dir='ltr'><strong>nostri</strong></span> <span class='ocrx_word' id='word_1_68' title='bbox 3054 798 3271 846; x_wconf 66' lang='lat' dir='ltr'><strong>aetatem</strong></span> <span class='ocrx_word' id='word_1_69' title='bbox 3301 799 3564 863; x_wconf 83' lang='lat' dir='ltr'><strong>superat,</strong></span> <span class='ocrx_word' id='word_1_70' title='bbox 3595 791 3671 846; x_wconf 73' lang='lat' dir='ltr'><strong>ab</strong></span> 
     </span>
    </p>
   </div>
   <div class='ocr_carea' id='block_1_14' title="bbox 2071 879 2700 935">
    <p class='ocr_par' dir='ltr' id='par_1_14' title="bbox 2071 879 2700 935">
     <span class='ocr_line' id='line_1_14' title="bbox 2071 879 2700 935; baseline -0.002 0"><span class='ocrx_word' id='word_1_71' title='bbox 2071 880 2328 935; x_wconf 88' lang='lat' dir='ltr'><strong>omnibus</strong></span> <span class='ocrx_word' id='word_1_72' title='bbox 2354 879 2700 935; x_wconf 73' lang='lat' dir='ltr'><strong>observetur.</strong></span> 
     </span>
    </p>
   </div>
   <div class='ocr_carea' id='block_1_15' title="bbox 1015 1170 2997 1303">
    <p class='ocr_par' dir='ltr' id='par_1_15' title="bbox 1015 1170 2997 1303">
     <span class='ocr_line' id='line_1_15' title="bbox 1015 1170 2997 1303; baseline 0.002 -8"><span class='ocrx_word' id='word_1_73' title='bbox 1015 1182 1128 1295; x_wconf 90' lang='lat' dir='ltr'><strong>J.</strong></span> <span class='ocrx_word' id='word_1_74' title='bbox 1226 1180 1351 1291; x_wconf 88' lang='grc' dir='ltr'><strong>Β.</strong></span> <span class='ocrx_word' id='word_1_75' title='bbox 1442 1170 2210 1298; x_wconf 85' lang='lat' dir='ltr'><strong>COTELERII</strong></span> <span class='ocrx_word' id='word_1_76' title='bbox 2308 1183 2997 1303; x_wconf 85' lang='lat' dir='ltr'><strong>JUDICIUM</strong></span> 
     </span>
    </p>
   </div>
   <div class='ocr_carea' id='block_1_16' title="bbox 1266 1396 2775 1492">
    <p class='ocr_par' dir='ltr' id='par_1_16' title="bbox 1266 1396 2775 1492">
     <span class='ocr_line' id='line_1_16' title="bbox 1266 1396 2775 1492; baseline 0.005 -9"><span class='ocrx_word' id='word_1_77' title='bbox 1266 1396 1413 1484; x_wconf 91' lang='lat' dir='ltr'><strong>DE</strong></span> <span class='ocrx_word' id='word_1_78' title='bbox 1492 1396 1588 1484; x_wconf 84' lang='lat' dir='ltr'><strong>S.</strong></span> <span class='ocrx_word' id='word_1_79' title='bbox 1660 1397 2118 1485; x_wconf 62' lang='lat' dir='ltr'><strong>HERMIE</strong></span> <span class='ocrx_word' id='word_1_80' title='bbox 2192 1396 2775 1492; x_wconf 83' lang='lat' dir='ltr'><strong>PASTORE.</strong></span> 
     </span>
    </p>
   </div>
   <div class='ocr_carea' id='block_1_17' title="bbox 1167 1577 2885 1659">
    <p class='ocr_par' dir='ltr' id='par_1_17' title="bbox 1167 1577 2885 1659">
     <span class='ocr_line' id='line_1_17' title="bbox 1167 1577 2885 1659; baseline 0.005 -26"><span class='ocrx_word' id='word_1_81' title='bbox 1167 1578 1379 1651; x_wconf 86' lang='lat' dir='ltr'><strong>(Patres</strong></span> <span class='ocrx_word' id='word_1_82' title='bbox 1408 1581 1708 1650; x_wconf 74' lang='lat' dir='ltr'><strong>apostolici,</strong></span> <span class='ocrx_word' id='word_1_83' title='bbox 1735 1579 1866 1635; x_wconf 84' lang='lat' dir='ltr'><strong>edit.</strong></span> <span class='ocrx_word' id='word_1_84' title='bbox 1908 1577 2334 1644; x_wconf 61' lang='lat' dir='ltr'><strong>Amsla’JOdami,</strong></span> <span class='ocrx_word' id='word_1_85' title='bbox 2362 1583 2523 1653; x_wconf 74' lang='grc'><strong>1724,</strong></span> <span class='ocrx_word' id='word_1_86' title='bbox 2549 1595 2589 1642; x_wconf 81' lang='grc' dir='ltr'><strong>ι.</strong></span> <span class='ocrx_word' id='word_1_87' title='bbox 2615 1586 2656 1652; x_wconf 87' lang='lat' dir='ltr'><strong>l,</strong></span> <span class='ocrx_word' id='word_1_88' title='bbox 2684 1601 2740 1658; x_wconf 88' lang='lat' dir='ltr'><strong>p.</strong></span> <span class='ocrx_word' id='word_1_89' title='bbox 2770 1588 2885 1659; x_wconf 80' lang='lat'><strong>73.)</strong></span> 
     </span>
    </p>
   </div>
   <div class='ocr_carea' id='block_1_18' title="bbox 467 1729 3669 1824">
    <p class='ocr_par' dir='ltr' id='par_1_18' title="bbox 467 1729 3669 1824">
     <span class='ocr_line' id='line_1_18' title="bbox 467 1729 3669 1824; baseline 0.006 -37"><span class='ocrx_word' id='word_1_90' title='bbox 467 1729 621 1800; x_wconf 85' lang='lat' dir='ltr'><strong>Quod</strong></span> <span class='ocrx_word' id='word_1_91' title='bbox 662 1734 715 1789; x_wconf 89' lang='lat' dir='ltr'><strong>in</strong></span> <span class='ocrx_word' id='word_1_92' title='bbox 754 1737 1038 1794; x_wconf 85' lang='lat' dir='ltr'><strong>hominum</strong></span> <span class='ocrx_word' id='word_1_93' title='bbox 1086 1740 1309 1811; x_wconf 87' lang='lat' dir='ltr'><strong>judiciis</strong></span> <span class='ocrx_word' id='word_1_94' title='bbox 1354 1742 1492 1798; x_wconf 86' lang='lat' dir='ltr'><strong>solet</strong></span> <span class='ocrx_word' id='word_1_95' title='bbox 1521 1744 1855 1814; x_wconf 87' lang='lat' dir='ltr'><strong>contingere,</strong></span> <span class='ocrx_word' id='word_1_96' title='bbox 1900 1750 1961 1796; x_wconf 93' lang='lat' dir='ltr'><strong>ut</strong></span> <span class='ocrx_word' id='word_1_97' title='bbox 1992 1742 2035 1798; x_wconf 88' lang='grc' dir='ltr'><strong>Β</strong></span> <span class='ocrx_word' id='word_1_98' title='bbox 2064 1739 2319 1798; x_wconf 77' lang='lat' dir='ltr'><strong>lueretieo</strong></span> <span class='ocrx_word' id='word_1_99' title='bbox 2359 1749 2434 1800; x_wconf 83' lang='lat' dir='ltr'><strong>De</strong></span> <span class='ocrx_word' id='word_1_100' title='bbox 2463 1749 2726 1817; x_wconf 75' lang='lat' dir='ltr'><strong>pudicitia</strong></span> <span class='ocrx_word' id='word_1_101' title='bbox 2762 1752 3057 1821; x_wconf 87' lang='lat' dir='ltr'><strong>suggillat,</strong></span> <span class='ocrx_word' id='word_1_102' title='bbox 3092 1752 3376 1822; x_wconf 86' lang='lat' dir='ltr'><strong>appellans</strong></span> <span class='ocrx_word' id='word_1_103' title='bbox 3424 1766 3669 1824; x_wconf 78' lang='lat' dir='ltr'><strong>apocry-</strong></span> 
     </span>
    </p>
   </div>
   <div class='ocr_carea' id='block_1_19' title="bbox 389 1825 1964 1904">
    <p class='ocr_par' dir='ltr' id='par_1_19' title="bbox 389 1825 1964 1904">
     <span class='ocr_line' id='line_1_19' title="bbox 389 1825 1964 1904; baseline 0.008 -26"><span class='ocrx_word' id='word_1_104' title='bbox 389 1825 477 1878; x_wconf 79' lang='lat' dir='ltr'><strong>alii</strong></span> <span class='ocrx_word' id='word_1_105' title='bbox 520 1828 640 1895; x_wconf 90' lang='lat' dir='ltr'><strong>plus</strong></span> <span class='ocrx_word' id='word_1_106' title='bbox 671 1844 834 1897; x_wconf 86' lang='lat' dir='ltr'><strong>quam</strong></span> <span class='ocrx_word' id='word_1_107' title='bbox 869 1847 965 1899; x_wconf 86' lang='lat' dir='ltr'><strong>par</strong></span> <span class='ocrx_word' id='word_1_108' title='bbox 993 1842 1096 1899; x_wconf 86' lang='lat' dir='ltr'><strong>est,</strong></span> <span class='ocrx_word' id='word_1_109' title='bbox 1142 1836 1232 1889; x_wconf 86' lang='lat' dir='ltr'><strong>alii</strong></span> <span class='ocrx_word' id='word_1_110' title='bbox 1277 1838 1457 1893; x_wconf 88' lang='lat' dir='ltr'><strong>minus</strong></span> <span class='ocrx_word' id='word_1_111' title='bbox 1490 1837 1763 1904; x_wconf 88' lang='lat' dir='ltr'><strong>tribuant,</strong></span> <span class='ocrx_word' id='word_1_112' title='bbox 1815 1837 1964 1892; x_wconf 84' lang='lat' dir='ltr'><strong>tertii</strong></span> 
     </span>
    </p>
   </div>
   <div class='ocr_carea' id='block_1_20' title="bbox 390 1916 1964 2000">
    <p class='ocr_par' dir='ltr' id='par_1_20' title="bbox 390 1916 1964 2000">
     <span class='ocr_line' id='line_1_20' title="bbox 390 1916 1964 2000; baseline 0.011 -33"><span class='ocrx_word' id='word_1_113' title='bbox 390 1916 611 1971; x_wconf 90' lang='lat' dir='ltr'><strong>modum</strong></span> <span class='ocrx_word' id='word_1_114' title='bbox 658 1931 874 1974; x_wconf 65' lang='lat' dir='ltr'><strong>servent</strong></span> <span class='ocrx_word' id='word_1_115' title='bbox 912 1939 975 1976; x_wconf 92' lang='lat' dir='ltr'><strong>ac</strong></span> <span class='ocrx_word' id='word_1_116' title='bbox 1015 1926 1366 1995; x_wconf 66' lang='lat' dir='ltr'><strong>mquitatem;</strong></span> <span class='ocrx_word' id='word_1_117' title='bbox 1430 1929 1481 1982; x_wconf 93' lang='lat' dir='ltr'><strong>id</strong></span> <span class='ocrx_word' id='word_1_118' title='bbox 1527 1929 1571 1983; x_wconf 87' lang='lat' dir='ltr'><strong>si</strong></span> <span class='ocrx_word' id='word_1_119' title='bbox 1618 1945 1782 2000; x_wconf 86' lang='lat' dir='ltr'><strong>super</strong></span> <span class='ocrx_word' id='word_1_120' title='bbox 1823 1930 1964 1986; x_wconf 91' lang='lat' dir='ltr'><strong>libro</strong></span> 
     </span>
    </p>
   </div>
   <div class='ocr_carea' id='block_1_21' title="bbox 390 2005 1965 2087">
    <p class='ocr_par' dir='ltr' id='par_1_21' title="bbox 390 2005 1965 2087">
     <span class='ocr_line' id='line_1_21' title="bbox 390 2005 1965 2087; baseline 0.012 -28"><span class='ocrx_word' id='word_1_121' title='bbox 390 2005 603 2063; x_wconf 66' lang='lat' dir='ltr'><strong>Hermae</strong></span> <span class='ocrx_word' id='word_1_122' title='bbox 649 2009 851 2066; x_wconf 89' lang='lat' dir='ltr'><strong>factum</strong></span> <span class='ocrx_word' id='word_1_123' title='bbox 898 2014 1069 2071; x_wconf 84' lang='lat' dir='ltr'><strong>fuisse</strong></span> <span class='ocrx_word' id='word_1_124' title='bbox 1111 2021 1558 2087; x_wconf 85' lang='lat' dir='ltr'><strong>pronuntiavcro,</strong></span> <span class='ocrx_word' id='word_1_125' title='bbox 1590 2039 1698 2076; x_wconf 93' lang='lat' dir='ltr'><strong>non</strong></span> <span class='ocrx_word' id='word_1_126' title='bbox 1734 2024 1965 2077; x_wconf 84' lang='lat' dir='ltr'><strong>verebor</strong></span> 
     </span>
    </p>
   </div>
   <div class='ocr_carea' id='block_1_22' title="bbox 389 2102 1961 2179">
    <p class='ocr_par' dir='ltr' id='par_1_22' title="bbox 389 2102 1961 2179">
     <span class='ocr_line' id='line_1_22' title="bbox 389 2102 1961 2179; baseline 0.01 -24"><span class='ocrx_word' id='word_1_127' title='bbox 389 2104 458 2155; x_wconf 80' lang='lat' dir='ltr'><strong>ne</strong></span> <span class='ocrx_word' id='word_1_128' title='bbox 494 2117 524 2156; x_wconf 84' lang='lat' dir='ltr'><strong>a</strong></span> <span class='ocrx_word' id='word_1_129' title='bbox 556 2103 798 2161; x_wconf 78' lang='lat' dir='ltr'><strong>veritatis</strong></span> <span class='ocrx_word' id='word_1_130' title='bbox 847 2102 1063 2163; x_wconf 79' lang='lat' dir='ltr'><strong>tramite</strong></span> <span class='ocrx_word' id='word_1_131' title='bbox 1104 2127 1333 2167; x_wconf 87' lang='lat' dir='ltr'><strong>censear</strong></span> <span class='ocrx_word' id='word_1_132' title='bbox 1367 2113 1672 2171; x_wconf 84' lang='lat' dir='ltr'><strong>aberrasse.</strong></span> <span class='ocrx_word' id='word_1_133' title='bbox 1720 2113 1961 2179; x_wconf 83' lang='lat' dir='ltr'><strong>Scilicet.</strong></span> 
     </span>
    </p>
   </div>
   <div class='ocr_carea' id='block_1_23' title="bbox 386 2200 1963 2276">
    <p class='ocr_par' dir='ltr' id='par_1_23' title="bbox 386 2200 1963 2276">
     <span class='ocr_line' id='line_1_23' title="bbox 386 2200 1963 2276; baseline 0.011 -31"><span class='ocrx_word' id='word_1_134' title='bbox 386 2207 741 2252; x_wconf 80' lang='lat' dir='ltr'><strong>excesserunt</strong></span> <span class='ocrx_word' id='word_1_135' title='bbox 795 2200 927 2254; x_wconf 87' lang='lat' dir='ltr'><strong>recti</strong></span> <span class='ocrx_word' id='word_1_136' title='bbox 974 2202 1146 2271; x_wconf 89' lang='lat' dir='ltr'><strong>lines,</strong></span> <span class='ocrx_word' id='word_1_137' title='bbox 1188 2216 1457 2276; x_wconf 86' lang='lat' dir='ltr'><strong>quotquot</strong></span> <span class='ocrx_word' id='word_1_138' title='bbox 1500 2208 1778 2262; x_wconf 78' lang='lat' dir='ltr'><strong>Pastorem</strong></span> <span class='ocrx_word' id='word_1_139' title='bbox 1818 2209 1963 2263; x_wconf 89' lang='lat' dir='ltr'><strong>inse-</strong></span> 
     </span>
    </p>
   </div>
   <div class='ocr_carea' id='block_1_24' title="bbox 388 2296 1961 2371">
    <p class='ocr_par' dir='ltr' id='par_1_24' title="bbox 388 2296 1961 2371">
     <span class='ocr_line' id='line_1_24' title="bbox 388 2296 1961 2371; baseline 0.011 -30"><span class='ocrx_word' id='word_1_140' title='bbox 388 2301 618 2347; x_wconf 84' lang='lat' dir='ltr'><strong>ruerunt</strong></span> <span class='ocrx_word' id='word_1_141' title='bbox 671 2296 916 2366; x_wconf 76' lang='lat' dir='ltr'><strong>catalogo</strong></span> <span class='ocrx_word' id='word_1_142' title='bbox 963 2297 1275 2355; x_wconf 88' lang='lat' dir='ltr'><strong>divinarum</strong></span> <span class='ocrx_word' id='word_1_143' title='bbox 1324 2301 1732 2371; x_wconf 84' lang='lat' dir='ltr'><strong>Scripturarum</strong></span> <span class='ocrx_word' id='word_1_144' title='bbox 1774 2323 1787 2358; x_wconf 94' lang='lat'><strong>:</strong></span> <span class='ocrx_word' id='word_1_145' title='bbox 1834 2319 1961 2359; x_wconf 92' lang='lat' dir='ltr'><strong>cum</strong></span> 
     </span>
    </p>
   </div>
   <div class='ocr_carea' id='block_1_25' title="bbox 388 2386 1958 2468">
    <p class='ocr_par' dir='ltr' id='par_1_25' title="bbox 388 2386 1958 2468">
     <span class='ocr_line' id='line_1_25' title="bbox 388 2386 1958 2468; baseline 0.008 -29"><span class='ocrx_word' id='word_1_146' title='bbox 388 2386 549 2441; x_wconf 90' lang='lat' dir='ltr'><strong>hodie</strong></span> <span class='ocrx_word' id='word_1_147' title='bbox 577 2388 645 2443; x_wconf 90' lang='lat' dir='ltr'><strong>ab</strong></span> <span class='ocrx_word' id='word_1_148' title='bbox 673 2389 925 2445; x_wconf 86' lang='lat' dir='ltr'><strong>universa</strong></span> <span class='ocrx_word' id='word_1_149' title='bbox 957 2390 1195 2448; x_wconf 82' lang='lat' dir='ltr'><strong>Ecclesia</strong></span> <span class='ocrx_word' id='word_1_150' title='bbox 1230 2405 1384 2450; x_wconf 80' lang='lat' dir='ltr'><strong>extra</strong></span> <span class='ocrx_word' id='word_1_151' title='bbox 1414 2396 1693 2453; x_wconf 89' lang='lat' dir='ltr'><strong>Canonem</strong></span> <span class='ocrx_word' id='word_1_152' title='bbox 1726 2398 1958 2468; x_wconf 82' lang='lat' dir='ltr'><strong>legatur.</strong></span> 
     </span>
    </p>
   </div>
   <div class='ocr_carea' id='block_1_26' title="bbox 385 2475 1959 2557">
    <p class='ocr_par' dir='ltr' id='par_1_26' title="bbox 385 2475 1959 2557">
     <span class='ocr_line' id='line_1_26' title="bbox 385 2475 1959 2557; baseline 0.007 -24"><span class='ocrx_word' id='word_1_153' title='bbox 385 2475 513 2534; x_wconf 79' lang='lat' dir='ltr'><strong>Fuit</strong></span> <span class='ocrx_word' id='word_1_154' title='bbox 546 2491 727 2537; x_wconf 82' lang='lat' dir='ltr'><strong>autem</strong></span> <span class='ocrx_word' id='word_1_155' title='bbox 762 2500 823 2539; x_wconf 89' lang='lat' dir='ltr'><strong>ea</strong></span> <span class='ocrx_word' id='word_1_156' title='bbox 856 2488 1128 2541; x_wconf 88' lang='lat' dir='ltr'><strong>sententia</strong></span> <span class='ocrx_word' id='word_1_157' title='bbox 1176 2490 1540 2557; x_wconf 88' lang='lat' dir='ltr'><strong>quarumdam</strong></span> <span class='ocrx_word' id='word_1_158' title='bbox 1590 2490 1959 2545; x_wconf 86' lang='lat' dir='ltr'><strong>Ecclesiarum</strong></span> 
     </span>
    </p>
   </div>
   <div class='ocr_carea' id='block_1_27' title="bbox 386 2572 1963 2650">
    <p class='ocr_par' dir='ltr' id='par_1_27' title="bbox 386 2572 1963 2650">
     <span class='ocr_line' id='line_1_27' title="bbox 386 2572 1963 2650; baseline 0.006 -25"><span class='ocrx_word' id='word_1_159' title='bbox 386 2588 451 2626; x_wconf 78' lang='lat' dir='ltr'><strong>ex</strong></span> <span class='ocrx_word' id='word_1_160' title='bbox 488 2572 863 2643; x_wconf 65' lang='lat' dir='ltr'><strong>illistGrazcite,</strong></span> <span class='ocrx_word' id='word_1_161' title='bbox 894 2579 1036 2647; x_wconf 90' lang='lat' dir='ltr'><strong>apud</strong></span> <span class='ocrx_word' id='word_1_162' title='bbox 1074 2596 1233 2648; x_wconf 87' lang='lat' dir='ltr'><strong>quas,</strong></span> <span class='ocrx_word' id='word_1_163' title='bbox 1265 2590 1422 2645; x_wconf 88' lang='lat' dir='ltr'><strong>teste,</strong></span> <span class='ocrx_word' id='word_1_164' title='bbox 1452 2590 1573 2650; x_wconf 90' lang='lat' dir='ltr'><strong>post</strong></span> <span class='ocrx_word' id='word_1_165' title='bbox 1606 2580 1820 2635; x_wconf 82' lang='lat' dir='ltr'><strong>Eusebii</strong></span> <span class='ocrx_word' id='word_1_166' title='bbox 1858 2581 1963 2635; x_wconf 79' lang='lat' dir='ltr'><strong>lii-</strong></span> 
     </span>
    </p>
   </div>
   <div class='ocr_carea' id='block_1_28' title="bbox 385 2668 1961 2744">
    <p class='ocr_par' dir='ltr' id='par_1_28' title="bbox 385 2668 1961 2744">
     <span class='ocr_line' id='line_1_28' title="bbox 385 2668 1961 2744; baseline 0.006 -26"><span class='ocrx_word' id='word_1_167' title='bbox 385 2668 631 2727; x_wconf 87' lang='lat' dir='ltr'><strong>storiam,</strong></span> <span class='ocrx_word' id='word_1_168' title='bbox 658 2668 753 2721; x_wconf 90' lang='lat' dir='ltr'><strong>lib.</strong></span> <span class='ocrx_word' id='word_1_169' title='bbox 787 2686 868 2735; x_wconf 88' lang='lat' dir='ltr'><strong>Ill,</strong></span> <span class='ocrx_word' id='word_1_170' title='bbox 914 2687 1036 2740; x_wconf 84' lang='lat' dir='ltr'><strong>cap.</strong></span> <span class='ocrx_word' id='word_1_171' title='bbox 1064 2671 1119 2734; x_wconf 79' lang='grc'><strong>5,</strong></span> <span class='ocrx_word' id='word_1_172' title='bbox 1156 2671 1490 2744; x_wconf 89' lang='lat' dir='ltr'><strong>llieronymo</strong></span> <span class='ocrx_word' id='word_1_173' title='bbox 1540 2672 1593 2726; x_wconf 90' lang='lat' dir='ltr'><strong>in</strong></span> <span class='ocrx_word' id='word_1_174' title='bbox 1624 2681 1854 2727; x_wconf 89' lang='lat' dir='ltr'><strong>tractatu</strong></span> <span class='ocrx_word' id='word_1_175' title='bbox 1884 2672 1961 2728; x_wconf 85' lang='lat' dir='ltr'><strong>De</strong></span> 
     </span>
    </p>
   </div>
   <div class='ocr_carea' id='block_1_29' title="bbox 385 2759 1962 2832">
    <p class='ocr_par' dir='ltr' id='par_1_29' title="bbox 385 2759 1962 2832">
     <span class='ocr_line' id='line_1_29' title="bbox 385 2759 1962 2832; baseline 0.006 -21"><span class='ocrx_word' id='word_1_176' title='bbox 385 2759 513 2811; x_wconf 76' lang='lat' dir='ltr'><strong>viris</strong></span> <span class='ocrx_word' id='word_1_177' title='bbox 590 2760 921 2827; x_wconf 77' lang='lat' dir='ltr'><strong>illustribus,</strong></span> <span class='ocrx_word' id='word_1_178' title='bbox 979 2765 1194 2832; x_wconf 81' lang='lat' dir='ltr'><strong>publice</strong></span> <span class='ocrx_word' id='word_1_179' title='bbox 1270 2767 1622 2820; x_wconf 76' lang='lat' dir='ltr'><strong>recitabatur.</strong></span> <span class='ocrx_word' id='word_1_180' title='bbox 1689 2765 1962 2821; x_wconf 85' lang='lat' dir='ltr'><strong>Credibile</strong></span> 
     </span>
    </p>
   </div>
   <div class='ocr_carea' id='block_1_30' title="bbox 386 2850 1960 2926">
    <p class='ocr_par' dir='ltr' id='par_1_30' title="bbox 386 2850 1960 2926">
     <span class='ocr_line' id='line_1_30' title="bbox 386 2850 1960 2926; baseline 0.006 -24"><span class='ocrx_word' id='word_1_181' title='bbox 386 2865 622 2919; x_wconf 84' lang='lat' dir='ltr'><strong>namque</strong></span> <span class='ocrx_word' id='word_1_182' title='bbox 667 2850 724 2904; x_wconf 87' lang='lat' dir='ltr'><strong>lit</strong></span> <span class='ocrx_word' id='word_1_183' title='bbox 774 2862 982 2921; x_wconf 89' lang='lat' dir='ltr'><strong>partem</strong></span> <span class='ocrx_word' id='word_1_184' title='bbox 1034 2869 1172 2921; x_wconf 85' lang='lat' dir='ltr'><strong>opus</strong></span> <span class='ocrx_word' id='word_1_185' title='bbox 1222 2855 1480 2911; x_wconf 88' lang='lat' dir='ltr'><strong>habuisse</strong></span> <span class='ocrx_word' id='word_1_186' title='bbox 1526 2873 1624 2926; x_wconf 90' lang='lat' dir='ltr'><strong>pro</strong></span> <span class='ocrx_word' id='word_1_187' title='bbox 1672 2857 1960 2925; x_wconf 90' lang='lat' dir='ltr'><strong>canonico,</strong></span> 
     </span>
    </p>
   </div>
   <div class='ocr_carea' id='block_1_31' title="bbox 384 2944 1962 3017">
    <p class='ocr_par' dir='ltr' id='par_1_31' title="bbox 384 2944 1962 3017">
     <span class='ocr_line' id='line_1_31' title="bbox 384 2944 1962 3017; baseline 0.008 -24"><span class='ocrx_word' id='word_1_188' title='bbox 384 2950 592 3009; x_wconf 88' lang='lat' dir='ltr'><strong>partem</strong></span> <span class='ocrx_word' id='word_1_189' title='bbox 638 2958 736 3010; x_wconf 89' lang='lat' dir='ltr'><strong>pro</strong></span> <span class='ocrx_word' id='word_1_190' title='bbox 773 2944 1147 2999; x_wconf 86' lang='lat' dir='ltr'><strong>ecclesiastico</strong></span> <span class='ocrx_word' id='word_1_191' title='bbox 1175 2964 1187 2999; x_wconf 88' lang='lat'><strong>:</strong></span> <span class='ocrx_word' id='word_1_192' title='bbox 1218 2963 1326 3017; x_wconf 92' lang='lat' dir='ltr'><strong>quo</strong></span> <span class='ocrx_word' id='word_1_193' title='bbox 1360 2949 1426 3003; x_wconf 90' lang='lat' dir='ltr'><strong>de</strong></span> <span class='ocrx_word' id='word_1_194' title='bbox 1477 2950 1670 3003; x_wconf 81' lang='lat' dir='ltr'><strong>ultimo</strong></span> <span class='ocrx_word' id='word_1_195' title='bbox 1713 2950 1962 3005; x_wconf 90' lang='lat' dir='ltr'><strong>dubitare</strong></span> 
     </span>
    </p>
   </div>
   <div class='ocr_carea' id='block_1_32' title="bbox 385 3033 1960 3111">
    <p class='ocr_par' dir='ltr' id='par_1_32' title="bbox 385 3033 1960 3111">
     <span class='ocr_line' id='line_1_32' title="bbox 385 3033 1960 3111; baseline 0.006 -26"><span class='ocrx_word' id='word_1_196' title='bbox 385 3048 488 3087; x_wconf 89' lang='lat' dir='ltr'><strong>nos</strong></span> <span class='ocrx_word' id='word_1_197' title='bbox 546 3048 657 3086; x_wconf 91' lang='lat' dir='ltr'><strong>non</strong></span> <span class='ocrx_word' id='word_1_198' title='bbox 703 3033 890 3088; x_wconf 90' lang='lat' dir='ltr'><strong>sinunt</strong></span> <span class='ocrx_word' id='word_1_199' title='bbox 937 3036 1249 3091; x_wconf 89' lang='lat' dir='ltr'><strong>testimonia</strong></span> <span class='ocrx_word' id='word_1_200' title='bbox 1292 3039 1577 3094; x_wconf 81' lang='lat' dir='ltr'><strong>Athanasii</strong></span> <span class='ocrx_word' id='word_1_201' title='bbox 1624 3040 1676 3093; x_wconf 93' lang='lat' dir='ltr'><strong>in</strong></span> <span class='ocrx_word' id='word_1_202' title='bbox 1716 3038 1960 3111; x_wconf 77' lang='lat' dir='ltr'><strong>Epistula</strong></span> 
     </span>
    </p>
   </div>
   <div class='ocr_carea' id='block_1_33' title="bbox 383 3123 1960 3204">
    <p class='ocr_par' dir='ltr' id='par_1_33' title="bbox 383 3123 1960 3204">
     <span class='ocr_line' id='line_1_33' title="bbox 383 3123 1960 3204; baseline 0.006 -25"><span class='ocrx_word' id='word_1_203' title='bbox 383 3123 672 3189; x_wconf 88' lang='lat' dir='ltr'><strong>Paschali,</strong></span> <span class='ocrx_word' id='word_1_204' title='bbox 713 3136 767 3181; x_wconf 90' lang='lat' dir='ltr'><strong>et</strong></span> <span class='ocrx_word' id='word_1_205' title='bbox 812 3126 992 3182; x_wconf 81' lang='lat' dir='ltr'><strong>Rufini</strong></span> <span class='ocrx_word' id='word_1_206' title='bbox 1034 3130 1104 3181; x_wconf 87' lang='lat' dir='ltr'><strong>ad</strong></span> <span class='ocrx_word' id='word_1_207' title='bbox 1144 3128 1488 3201; x_wconf 79' lang='lat' dir='ltr'><strong>Symbolum;</strong></span> <span class='ocrx_word' id='word_1_208' title='bbox 1535 3134 1677 3189; x_wconf 91' lang='lat' dir='ltr'><strong>sicut</strong></span> <span class='ocrx_word' id='word_1_209' title='bbox 1724 3136 1960 3204; x_wconf 88' lang='lat' dir='ltr'><strong>primum</strong></span> 
     </span>
    </p>
   </div>
   <div class='ocr_carea' id='block_1_34' title="bbox 383 3218 1963 3299">
    <p class='ocr_par' dir='ltr' id='par_1_34' title="bbox 383 3218 1963 3299">
     <span class='ocr_line' id='line_1_34' title="bbox 383 3218 1963 3299; baseline 0.007 -27"><span class='ocrx_word' id='word_1_210' title='bbox 383 3218 743 3275; x_wconf 83' lang='lat' dir='ltr'><strong>confirmatur</strong></span> <span class='ocrx_word' id='word_1_211' title='bbox 781 3230 893 3276; x_wconf 91' lang='lat' dir='ltr'><strong>tum</strong></span> <span class='ocrx_word' id='word_1_212' title='bbox 922 3240 1018 3293; x_wconf 91' lang='lat' dir='ltr'><strong>per</strong></span> <span class='ocrx_word' id='word_1_213' title='bbox 1042 3237 1295 3282; x_wconf 90' lang='lat' dir='ltr'><strong>auctores</strong></span> <span class='ocrx_word' id='word_1_214' title='bbox 1326 3226 1419 3297; x_wconf 93' lang='lat' dir='ltr'><strong>qui</strong></span> <span class='ocrx_word' id='word_1_215' title='bbox 1456 3226 1667 3283; x_wconf 79' lang='lat' dir='ltr'><strong>Hcrma:</strong></span> <span class='ocrx_word' id='word_1_216' title='bbox 1698 3230 1963 3299; x_wconf 87' lang='lat' dir='ltr'><strong>scriptum</strong></span> 
     </span>
    </p>
   </div>
   <div class='ocr_carea' id='block_1_35' title="bbox 386 3310 1962 3391">
    <p class='ocr_par' dir='ltr' id='par_1_35' title="bbox 386 3310 1962 3391">
     <span class='ocr_line' id='line_1_35' title="bbox 386 3310 1962 3391; baseline 0.01 -29"><span class='ocrx_word' id='word_1_217' title='bbox 386 3310 526 3364; x_wconf 87' lang='lat' dir='ltr'><strong>inter</strong></span> <span class='ocrx_word' id='word_1_218' title='bbox 574 3312 739 3367; x_wconf 91' lang='lat' dir='ltr'><strong>dubia</strong></span> <span class='ocrx_word' id='word_1_219' title='bbox 790 3315 1102 3382; x_wconf 88' lang='lat' dir='ltr'><strong>volumina,</strong></span> <span class='ocrx_word' id='word_1_220' title='bbox 1158 3328 1212 3373; x_wconf 89' lang='lat' dir='ltr'><strong>et</strong></span> <span class='ocrx_word' id='word_1_221' title='bbox 1261 3318 1331 3372; x_wconf 88' lang='lat' dir='ltr'><strong>ab</strong></span> <span class='ocrx_word' id='word_1_222' title='bbox 1381 3320 1659 3390; x_wconf 85' lang='lat' dir='ltr'><strong>aliquibus</strong></span> <span class='ocrx_word' id='word_1_223' title='bbox 1702 3321 1962 3391; x_wconf 87' lang='lat' dir='ltr'><strong>admissa,</strong></span> 
     </span>
    </p>
   </div>
   <div class='ocr_carea' id='block_1_36' title="bbox 384 3400 1965 3484">
    <p class='ocr_par' dir='ltr' id='par_1_36' title="bbox 384 3400 1965 3484">
     <span class='ocr_line' id='line_1_36' title="bbox 384 3400 1965 3484; baseline 0.011 -31"><span class='ocrx_word' id='word_1_224' title='bbox 384 3400 584 3469; x_wconf 82' lang='lat' dir='ltr'><strong>rejecta</strong></span> <span class='ocrx_word' id='word_1_225' title='bbox 623 3404 691 3457; x_wconf 86' lang='lat' dir='ltr'><strong>ab</strong></span> <span class='ocrx_word' id='word_1_226' title='bbox 734 3406 859 3461; x_wconf 91' lang='lat' dir='ltr'><strong>aliis</strong></span> <span class='ocrx_word' id='word_1_227' title='bbox 903 3419 1221 3475; x_wconf 87' lang='lat' dir='ltr'><strong>recensent;</strong></span> <span class='ocrx_word' id='word_1_228' title='bbox 1280 3421 1391 3466; x_wconf 92' lang='lat' dir='ltr'><strong>tum</strong></span> <span class='ocrx_word' id='word_1_229' title='bbox 1445 3428 1543 3482; x_wconf 90' lang='lat' dir='ltr'><strong>per</strong></span> <span class='ocrx_word' id='word_1_230' title='bbox 1586 3415 1842 3484; x_wconf 83' lang='lat' dir='ltr'><strong>antiquos</strong></span> <span class='ocrx_word' id='word_1_231' title='bbox 1874 3415 1965 3470; x_wconf 87' lang='lat' dir='ltr'><strong>Bi-</strong></span> 
     </span>
    </p>
   </div>
   <div class='ocr_carea' id='block_1_37' title="bbox 382 3493 1962 3574">
    <p class='ocr_par' dir='ltr' id='par_1_37' title="bbox 382 3493 1962 3574">
     <span class='ocr_line' id='line_1_37' title="bbox 382 3493 1962 3574; baseline 0.01 -27"><span class='ocrx_word' id='word_1_232' title='bbox 382 3493 616 3549; x_wconf 88' lang='lat' dir='ltr'><strong>bliorum</strong></span> <span class='ocrx_word' id='word_1_233' title='bbox 656 3499 876 3554; x_wconf 81' lang='lat' dir='ltr'><strong>codices</strong></span> <span class='ocrx_word' id='word_1_234' title='bbox 912 3517 1077 3554; x_wconf 85' lang='lat' dir='ltr'><strong>manu</strong></span> <span class='ocrx_word' id='word_1_235' title='bbox 1110 3514 1385 3570; x_wconf 82' lang='lat' dir='ltr'><strong>exaratos,</strong></span> <span class='ocrx_word' id='word_1_236' title='bbox 1429 3522 1667 3574; x_wconf 91' lang='lat' dir='ltr'><strong>quorum</strong></span> <span class='ocrx_word' id='word_1_237' title='bbox 1710 3508 1962 3563; x_wconf 90' lang='lat' dir='ltr'><strong>nonnulli</strong></span> 
     </span>
    </p>
   </div>
   <div class='ocr_carea' id='block_1_38' title="bbox 388 3586 1965 3662">
    <p class='ocr_par' dir='ltr' id='par_1_38' title="bbox 388 3586 1965 3662">
     <span class='ocr_line' id='line_1_38' title="bbox 388 3586 1965 3662; baseline 0.011 -24"><span class='ocrx_word' id='word_1_238' title='bbox 388 3586 661 3641; x_wconf 81' lang='lat' dir='ltr'><strong>Pastorem</strong></span> <span class='ocrx_word' id='word_1_239' title='bbox 687 3606 905 3660; x_wconf 89' lang='lat' dir='ltr'><strong>quoque</strong></span> <span class='ocrx_word' id='word_1_240' title='bbox 934 3593 1391 3662; x_wconf 88' lang='lat' dir='ltr'><strong>complectuntur,</strong></span> <span class='ocrx_word' id='word_1_241' title='bbox 1414 3605 1473 3650; x_wconf 89' lang='lat' dir='ltr'><strong>ut</strong></span> <span class='ocrx_word' id='word_1_242' title='bbox 1502 3597 1588 3651; x_wconf 92' lang='lat' dir='ltr'><strong>ille</strong></span> <span class='ocrx_word' id='word_1_243' title='bbox 1615 3598 1965 3655; x_wconf 67' lang='lat' dir='ltr'><strong>bibliothecae</strong></span> 
     </span>
    </p>
   </div>
   <div class='ocr_carea' id='block_1_39' title="bbox 385 3676 1964 3759">
    <p class='ocr_par' dir='ltr' id='par_1_39' title="bbox 385 3676 1964 3759">
     <span class='ocr_line' id='line_1_39' title="bbox 385 3676 1964 3759; baseline 0.011 -30"><span class='ocrx_word' id='word_1_244' title='bbox 385 3676 576 3733; x_wconf 78' lang='lat' dir='ltr'><strong>Sancti</strong></span> <span class='ocrx_word' id='word_1_245' title='bbox 609 3679 907 3749; x_wconf 72' lang='lat' dir='ltr'><strong>Germani;</strong></span> <span class='ocrx_word' id='word_1_246' title='bbox 963 3693 1076 3738; x_wconf 91' lang='lat' dir='ltr'><strong>tum</strong></span> <span class='ocrx_word' id='word_1_247' title='bbox 1120 3701 1216 3754; x_wconf 85' lang='lat' dir='ltr'><strong>per</strong></span> <span class='ocrx_word' id='word_1_248' title='bbox 1261 3703 1425 3740; x_wconf 91' lang='lat' dir='ltr'><strong>manu</strong></span> <span class='ocrx_word' id='word_1_249' title='bbox 1474 3689 1709 3759; x_wconf 85' lang='lat' dir='ltr'><strong>scriptas</strong></span> <span class='ocrx_word' id='word_1_250' title='bbox 1749 3698 1964 3747; x_wconf 87' lang='lat' dir='ltr'><strong>veteres</strong></span> 
     </span>
    </p>
   </div>
   <div class='ocr_carea' id='block_1_40' title="bbox 387 3768 1960 3849">
    <p class='ocr_par' dir='ltr' id='par_1_40' title="bbox 387 3768 1960 3849">
     <span class='ocr_line' id='line_1_40' title="bbox 387 3768 1960 3849; baseline 0.009 -27"><span class='ocrx_word' id='word_1_251' title='bbox 387 3768 837 3839; x_wconf 84' lang='lat' dir='ltr'><strong>Stichometrias,</strong></span> <span class='ocrx_word' id='word_1_252' title='bbox 880 3789 1003 3843; x_wconf 69' lang='lat' dir='ltr'><strong>qua:</strong></span> <span class='ocrx_word' id='word_1_253' title='bbox 1045 3776 1300 3831; x_wconf 82' lang='lat' dir='ltr'><strong>similiter</strong></span> <span class='ocrx_word' id='word_1_254' title='bbox 1336 3777 1593 3834; x_wconf 85' lang='lat' dir='ltr'><strong>liermam</strong></span> <span class='ocrx_word' id='word_1_255' title='bbox 1648 3782 1960 3849; x_wconf 89' lang='lat' dir='ltr'><strong>continent;</strong></span> 
     </span>
    </p>
   </div>
   <div class='ocr_carea' id='block_1_41' title="bbox 382 3859 1960 3938">
    <p class='ocr_par' dir='ltr' id='par_1_41' title="bbox 382 3859 1960 3938">
     <span class='ocr_line' id='line_1_41' title="bbox 382 3859 1960 3938; baseline 0.008 -27"><span class='ocrx_word' id='word_1_256' title='bbox 382 3859 563 3927; x_wconf 87' lang='lat' dir='ltr'><strong>qualis</strong></span> <span class='ocrx_word' id='word_1_257' title='bbox 606 3872 783 3916; x_wconf 79' lang='lat' dir='ltr'><strong>exstat</strong></span> <span class='ocrx_word' id='word_1_258' title='bbox 823 3864 874 3917; x_wconf 91' lang='lat' dir='ltr'><strong>in</strong></span> <span class='ocrx_word' id='word_1_259' title='bbox 900 3865 1088 3919; x_wconf 90' lang='lat' dir='ltr'><strong>eadem</strong></span> <span class='ocrx_word' id='word_1_260' title='bbox 1129 3866 1560 3937; x_wconf 79' lang='lat' dir='ltr'><strong>locupletissima</strong></span> <span class='ocrx_word' id='word_1_261' title='bbox 1610 3869 1960 3938; x_wconf 86' lang='lat' dir='ltr'><strong>bibliotheca,</strong></span> 
     </span>
    </p>
   </div>
   <div class='ocr_carea' id='block_1_42' title="bbox 381 3951 1964 4029">
    <p class='ocr_par' dir='ltr' id='par_1_42' title="bbox 381 3951 1964 4029">
     <span class='ocr_line' id='line_1_42' title="bbox 381 3951 1964 4029; baseline 0.009 -25"><span class='ocrx_word' id='word_1_262' title='bbox 381 3959 438 4004; x_wconf 93' lang='lat' dir='ltr'><strong>et</strong></span> <span class='ocrx_word' id='word_1_263' title='bbox 486 3951 538 4005; x_wconf 92' lang='lat' dir='ltr'><strong>in</strong></span> <span class='ocrx_word' id='word_1_264' title='bbox 581 3953 842 4009; x_wconf 85' lang='lat' dir='ltr'><strong>thesauro</strong></span> <span class='ocrx_word' id='word_1_265' title='bbox 884 3957 1112 4012; x_wconf 87' lang='lat' dir='ltr'><strong>librario</strong></span> <span class='ocrx_word' id='word_1_266' title='bbox 1145 3956 1307 4029; x_wconf 82' lang='lat' dir='ltr'><strong>Regis</strong></span> <span class='ocrx_word' id='word_1_267' title='bbox 1340 3958 1822 4029; x_wconf 85' lang='lat' dir='ltr'><strong>Christianissimi,</strong></span> <span class='ocrx_word' id='word_1_268' title='bbox 1870 3980 1964 4019; x_wconf 85' lang='lat' dir='ltr'><strong>su-</strong></span> 
     </span>
    </p>
   </div>
   <div class='ocr_carea' id='block_1_43' title="bbox 380 4045 1962 4122">
    <p class='ocr_par' dir='ltr' id='par_1_43' title="bbox 380 4045 1962 4122">
     <span class='ocr_line' id='line_1_43' title="bbox 380 4045 1962 4122; baseline 0.011 -27"><span class='ocrx_word' id='word_1_269' title='bbox 380 4045 569 4113; x_wconf 90' lang='lat' dir='ltr'><strong>perius</strong></span> <span class='ocrx_word' id='word_1_270' title='bbox 597 4047 740 4101; x_wconf 90' lang='lat' dir='ltr'><strong>edita</strong></span> <span class='ocrx_word' id='word_1_271' title='bbox 790 4050 843 4103; x_wconf 93' lang='lat' dir='ltr'><strong>in</strong></span> <span class='ocrx_word' id='word_1_272' title='bbox 889 4052 1097 4121; x_wconf 85' lang='lat' dir='ltr'><strong>proleg.</strong></span> <span class='ocrx_word' id='word_1_273' title='bbox 1137 4052 1203 4105; x_wconf 91' lang='lat' dir='ltr'><strong>ad</strong></span> <span class='ocrx_word' id='word_1_274' title='bbox 1248 4050 1305 4106; x_wconf 94' lang='lat' dir='ltr'><strong>S.</strong></span> <span class='ocrx_word' id='word_1_275' title='bbox 1339 4052 1676 4122; x_wconf 88' lang='lat' dir='ltr'><strong>Barnabam;</strong></span> <span class='ocrx_word' id='word_1_276' title='bbox 1708 4064 1824 4111; x_wconf 92' lang='lat' dir='ltr'><strong>tum</strong></span> <span class='ocrx_word' id='word_1_277' title='bbox 1866 4057 1962 4112; x_wconf 90' lang='lat' dir='ltr'><strong>de-</strong></span> 
     </span>
    </p>
   </div>
   <div class='ocr_carea' id='block_1_44' title="bbox 381 4135 1964 4220">
    <p class='ocr_par' dir='ltr' id='par_1_44' title="bbox 381 4135 1964 4220">
     <span class='ocr_line' id='line_1_44' title="bbox 381 4135 1964 4220; baseline 0.01 -31"><span class='ocrx_word' id='word_1_278' title='bbox 381 4135 549 4207; x_wconf 90' lang='lat' dir='ltr'><strong>nique</strong></span> <span class='ocrx_word' id='word_1_279' title='bbox 579 4155 674 4209; x_wconf 87' lang='lat' dir='ltr'><strong>per</strong></span> <span class='ocrx_word' id='word_1_280' title='bbox 697 4138 960 4196; x_wconf 60' lang='lat' dir='ltr'><strong>Ecclesia:</strong></span> <span class='ocrx_word' id='word_1_281' title='bbox 1008 4144 1305 4215; x_wconf 86' lang='lat' dir='ltr'><strong>magistros</strong></span> <span class='ocrx_word' id='word_1_282' title='bbox 1351 4147 1418 4201; x_wconf 90' lang='lat' dir='ltr'><strong>ad</strong></span> <span class='ocrx_word' id='word_1_283' title='bbox 1450 4149 1697 4203; x_wconf 90' lang='lat' dir='ltr'><strong>eamdem</strong></span> <span class='ocrx_word' id='word_1_284' title='bbox 1746 4150 1964 4220; x_wconf 86' lang='lat' dir='ltr'><strong>opinio-</strong></span> 
     </span>
    </p>
   </div>
   <div class='ocr_carea' id='block_1_45' title="bbox 380 4235 1986 4311">
    <p class='ocr_par' dir='ltr' id='par_1_45' title="bbox 380 4235 1986 4311">
     <span class='ocr_line' id='line_1_45' title="bbox 380 4235 1986 4311; baseline 0.009 -26"><span class='ocrx_word' id='word_1_285' title='bbox 380 4248 503 4286; x_wconf 92' lang='lat' dir='ltr'><strong>ncm</strong></span> <span class='ocrx_word' id='word_1_286' title='bbox 536 4235 877 4289; x_wconf 84' lang='lat' dir='ltr'><strong>accedentes.</strong></span> <span class='ocrx_word' id='word_1_287' title='bbox 910 4235 1044 4291; x_wconf 85' lang='lat' dir='ltr'><strong>Nam</strong></span> <span class='ocrx_word' id='word_1_288' title='bbox 1074 4237 1311 4296; x_wconf 66' lang='lat' dir='ltr'><strong>[renazus</strong></span> <span class='ocrx_word' id='word_1_289' title='bbox 1352 4250 1409 4296; x_wconf 92' lang='lat' dir='ltr'><strong>ut</strong></span> <span class='ocrx_word' id='word_1_290' title='bbox 1436 4240 1779 4311; x_wconf 90' lang='lat' dir='ltr'><strong>Scripturam</strong></span> <span class='ocrx_word' id='word_1_291' title='bbox 1810 4244 1986 4299; x_wconf 79' lang='lat' dir='ltr'><strong>vide-&#39;</strong></span> 
     </span>
    </p>
   </div>
   <div class='ocr_carea' id='block_1_46' title="bbox 381 4324 1961 4391">
    <p class='ocr_par' dir='ltr' id='par_1_46' title="bbox 381 4324 1961 4391">
     <span class='ocr_line' id='line_1_46' title="bbox 381 4324 1961 4391; baseline 0.008 -13"><span class='ocrx_word' id='word_1_292' title='bbox 381 4334 470 4378; x_wconf 92' lang='lat' dir='ltr'><strong>tur</strong></span> <span class='ocrx_word' id='word_1_293' title='bbox 510 4324 701 4380; x_wconf 85' lang='lat' dir='ltr'><strong>citare.</strong></span> <span class='ocrx_word' id='word_1_294' title='bbox 781 4327 1033 4384; x_wconf 87' lang='lat' dir='ltr'><strong>Clemens</strong></span> <span class='ocrx_word' id='word_1_295' title='bbox 1080 4330 1486 4389; x_wconf 83' lang='lat' dir='ltr'><strong>Alexandrinus</strong></span> <span class='ocrx_word' id='word_1_296' title='bbox 1542 4334 1782 4389; x_wconf 87' lang='lat' dir='ltr'><strong>divinam</strong></span> <span class='ocrx_word' id='word_1_297' title='bbox 1836 4352 1961 4391; x_wconf 88' lang='lat' dir='ltr'><strong>esse</strong></span> 
     </span>
    </p>
   </div>
   <div class='ocr_carea' id='block_1_47' title="bbox 2066 1834 3664 1915">
    <p class='ocr_par' dir='ltr' id='par_1_47' title="bbox 2066 1834 3664 1915">
     <span class='ocr_line' id='line_1_47' title="bbox 2066 1834 3664 1915; baseline 0.007 -27"><span class='ocrx_word' id='word_1_298' title='bbox 2066 1834 2255 1904; x_wconf 90' lang='lat' dir='ltr'><strong>pham,</strong></span> <span class='ocrx_word' id='word_1_299' title='bbox 2298 1834 2517 1907; x_wconf 80' lang='lat' dir='ltr'><strong>falsam,</strong></span> <span class='ocrx_word' id='word_1_300' title='bbox 2564 1841 2900 1913; x_wconf 87' lang='lat' dir='ltr'><strong>adulteram;</strong></span> <span class='ocrx_word' id='word_1_301' title='bbox 2964 1846 3307 1911; x_wconf 87' lang='lat' dir='ltr'><strong>amatricem,</strong></span> <span class='ocrx_word' id='word_1_302' title='bbox 3361 1857 3664 1915; x_wconf 84' lang='lat' dir='ltr'><strong>patronam</strong></span> 
     </span>
    </p>
   </div>
   <div class='ocr_carea' id='block_1_48' title="bbox 2072 1930 3669 2008">
    <p class='ocr_par' dir='ltr' id='par_1_48' title="bbox 2072 1930 3669 2008">
     <span class='ocr_line' id='line_1_48' title="bbox 2072 1930 3669 2008; baseline 0.008 -27"><span class='ocrx_word' id='word_1_303' title='bbox 2072 1937 2127 1982; x_wconf 87' lang='lat' dir='ltr'><strong>et</strong></span> <span class='ocrx_word' id='word_1_304' title='bbox 2164 1930 2370 1985; x_wconf 89' lang='lat' dir='ltr'><strong>sociam</strong></span> <span class='ocrx_word' id='word_1_305' title='bbox 2406 1933 2791 1996; x_wconf 60' lang='lat' dir='ltr'><strong>moechorum;</strong></span> <span class='ocrx_word' id='word_1_306' title='bbox 2825 1951 3207 2008; x_wconf 84' lang='lat' dir='ltr'><strong>asserensque,</strong></span> <span class='ocrx_word' id='word_1_307' title='bbox 3238 1938 3305 1992; x_wconf 91' lang='lat' dir='ltr'><strong>ab</strong></span> <span class='ocrx_word' id='word_1_308' title='bbox 3338 1938 3499 1992; x_wconf 91' lang='lat' dir='ltr'><strong>omni</strong></span> <span class='ocrx_word' id='word_1_309' title='bbox 3536 1956 3669 1993; x_wconf 83' lang='lat' dir='ltr'><strong>cou-</strong></span> 
     </span>
    </p>
   </div>
   <div class='ocr_carea' id='block_1_49' title="bbox 2067 2020 3659 2096">
    <p class='ocr_par' dir='ltr' id='par_1_49' title="bbox 2067 2020 3659 2096">
     <span class='ocr_line' id='line_1_49' title="bbox 2067 2020 3659 2096; baseline 0.009 -24"><span class='ocrx_word' id='word_1_310' title='bbox 2067 2020 2193 2074; x_wconf 91' lang='lat' dir='ltr'><strong>cilio</strong></span> <span class='ocrx_word' id='word_1_311' title='bbox 2220 2020 2609 2093; x_wconf 85' lang='lat' dir='ltr'><strong>Ecclesiarum,</strong></span> <span class='ocrx_word' id='word_1_312' title='bbox 2652 2027 2818 2082; x_wconf 87' lang='lat' dir='ltr'><strong>etiam</strong></span> <span class='ocrx_word' id='word_1_313' title='bbox 2872 2038 3182 2084; x_wconf 91' lang='lat' dir='ltr'><strong>nostrarum</strong></span> <span class='ocrx_word' id='word_1_314' title='bbox 3212 2031 3659 2096; x_wconf 84' lang='lat' dir='ltr'><strong>Catholicarum,</strong></span> 
     </span>
    </p>
   </div>
   <div class='ocr_carea' id='block_1_50' title="bbox 2064 2112 3666 2191">
    <p class='ocr_par' dir='ltr' id='par_1_50' title="bbox 2064 2112 3666 2191">
     <span class='ocr_line' id='line_1_50' title="bbox 2064 2112 3666 2191; baseline 0.007 -26"><span class='ocrx_word' id='word_1_315' title='bbox 2064 2126 2095 2166; x_wconf 92' lang='lat' dir='ltr'><strong>e</strong></span> <span class='ocrx_word' id='word_1_316' title='bbox 2148 2112 2335 2167; x_wconf 87' lang='lat' dir='ltr'><strong>divino</strong></span> <span class='ocrx_word' id='word_1_317' title='bbox 2387 2114 2760 2173; x_wconf 85' lang='lat' dir='ltr'><strong>instrumento</strong></span> <span class='ocrx_word' id='word_1_318' title='bbox 2818 2122 3036 2190; x_wconf 79' lang='lat' dir='ltr'><strong>expelli.</strong></span> <span class='ocrx_word' id='word_1_319' title='bbox 3101 2119 3207 2176; x_wconf 91' lang='lat' dir='ltr'><strong>Ubi</strong></span> <span class='ocrx_word' id='word_1_320' title='bbox 3256 2121 3538 2191; x_wconf 88' lang='lat' dir='ltr'><strong>jocularis</strong></span> <span class='ocrx_word' id='word_1_321' title='bbox 3583 2131 3666 2177; x_wconf 86' lang='lat' dir='ltr'><strong>est</strong></span> 
     </span>
    </p>
   </div>
   <div class='ocr_carea' id='block_1_51' title="bbox 2064 2207 3665 2285">
    <p class='ocr_par' dir='ltr' id='par_1_51' title="bbox 2064 2207 3665 2285">
     <span class='ocr_line' id='line_1_51' title="bbox 2064 2207 3665 2285; baseline 0.006 -26"><span class='ocrx_word' id='word_1_322' title='bbox 2064 2221 2223 2260; x_wconf 91' lang='lat' dir='ltr'><strong>error</strong></span> <span class='ocrx_word' id='word_1_323' title='bbox 2252 2207 2541 2276; x_wconf 89' lang='lat' dir='ltr'><strong>cujusdam</strong></span> <span class='ocrx_word' id='word_1_324' title='bbox 2574 2210 2639 2264; x_wconf 87' lang='lat' dir='ltr'><strong>ad</strong></span> <span class='ocrx_word' id='word_1_325' title='bbox 2667 2210 2944 2277; x_wconf 87' lang='lat' dir='ltr'><strong>Nonnum,</strong></span> <span class='ocrx_word' id='word_1_326' title='bbox 2978 2214 3134 2283; x_wconf 89' lang='lat' dir='ltr'><strong>quasi</strong></span> <span class='ocrx_word' id='word_1_327' title='bbox 3165 2215 3337 2285; x_wconf 86' lang='lat' dir='ltr'><strong>egerit</strong></span> <span class='ocrx_word' id='word_1_328' title='bbox 3360 2214 3665 2269; x_wconf 83' lang='lat' dir='ltr'><strong>Tertullia-</strong></span> 
     </span>
    </p>
   </div>
   <div class='ocr_carea' id='block_1_52' title="bbox 2065 2296 3662 2376">
    <p class='ocr_par' dir='ltr' id='par_1_52' title="bbox 2065 2296 3662 2376">
     <span class='ocr_line' id='line_1_52' title="bbox 2065 2296 3662 2376; baseline 0.006 -28"><span class='ocrx_word' id='word_1_329' title='bbox 2065 2311 2170 2351; x_wconf 91' lang='lat' dir='ltr'><strong>nus</strong></span> <span class='ocrx_word' id='word_1_330' title='bbox 2206 2296 2273 2351; x_wconf 91' lang='lat' dir='ltr'><strong>de</strong></span> <span class='ocrx_word' id='word_1_331' title='bbox 2312 2298 2537 2353; x_wconf 81' lang='lat' dir='ltr'><strong>muliere</strong></span> <span class='ocrx_word' id='word_1_332' title='bbox 2562 2301 2807 2357; x_wconf 89' lang='lat' dir='ltr'><strong>adultera</strong></span> <span class='ocrx_word' id='word_1_333' title='bbox 2844 2319 2939 2372; x_wconf 90' lang='lat' dir='ltr'><strong>per</strong></span> <span class='ocrx_word' id='word_1_334' title='bbox 2960 2302 3222 2358; x_wconf 84' lang='lat' dir='ltr'><strong>Joannem</strong></span> <span class='ocrx_word' id='word_1_335' title='bbox 3261 2306 3662 2376; x_wconf 81' lang='lat' dir='ltr'><strong>evangelistam</strong></span> 
     </span>
    </p>
   </div>
   <div class='ocr_carea' id='block_1_53' title="bbox 2065 2386 3665 2467">
    <p class='ocr_par' dir='ltr' id='par_1_53' title="bbox 2065 2386 3665 2467">
     <span class='ocr_line' id='line_1_53' title="bbox 2065 2386 3665 2467; baseline 0.008 -26"><span class='ocrx_word' id='word_1_336' title='bbox 2065 2386 2219 2443; x_wconf 88' lang='lat' dir='ltr'><strong>initio</strong></span> <span class='ocrx_word' id='word_1_337' title='bbox 2245 2391 2441 2459; x_wconf 80' lang='lat' dir='ltr'><strong>capitis</strong></span> <span class='ocrx_word' id='word_1_338' title='bbox 2470 2408 2567 2447; x_wconf 87' lang='lat' dir='ltr'><strong>vm</strong></span> <span class='ocrx_word' id='word_1_339' title='bbox 2606 2403 2926 2448; x_wconf 88' lang='lat' dir='ltr'><strong>memorata.</strong></span> <span class='ocrx_word' id='word_1_340' title='bbox 2952 2395 3033 2447; x_wconf 83' lang='lat' dir='ltr'><strong>Ab</strong></span> <span class='ocrx_word' id='word_1_341' title='bbox 3064 2395 3170 2451; x_wconf 90' lang='lat' dir='ltr'><strong>illis</strong></span> <span class='ocrx_word' id='word_1_342' title='bbox 3201 2412 3424 2467; x_wconf 89' lang='lat' dir='ltr'><strong>quoque</strong></span> <span class='ocrx_word' id='word_1_343' title='bbox 3478 2398 3665 2453; x_wconf 71' lang='grc' dir='ltr'><strong>ηιίιιιιε³</strong></span> 
     </span>
    </p>
   </div>
   <div class='ocr_carea' id='block_1_54' title="bbox 2063 2483 3662 2558">
    <p class='ocr_par' dir='ltr' id='par_1_54' title="bbox 2063 2483 3662 2558">
     <span class='ocr_line' id='line_1_54' title="bbox 2063 2483 3662 2558; baseline 0.006 -24"><span class='ocrx_word' id='word_1_344' title='bbox 2063 2497 2226 2551; x_wconf 90' lang='lat' dir='ltr'><strong>quam</strong></span> <span class='ocrx_word' id='word_1_345' title='bbox 2258 2483 2390 2537; x_wconf 88' lang='lat' dir='ltr'><strong>satis</strong></span> <span class='ocrx_word' id='word_1_346' title='bbox 2420 2484 2523 2551; x_wconf 91' lang='lat' dir='ltr'><strong>sit,</strong></span> <span class='ocrx_word' id='word_1_347' title='bbox 2564 2486 2865 2541; x_wconf 84' lang='lat' dir='ltr'><strong>honorifice</strong></span> <span class='ocrx_word' id='word_1_348' title='bbox 2896 2487 3151 2554; x_wconf 90' lang='lat' dir='ltr'><strong>sentitur,</strong></span> <span class='ocrx_word' id='word_1_349' title='bbox 3194 2489 3287 2558; x_wconf 91' lang='lat' dir='ltr'><strong>qui</strong></span> <span class='ocrx_word' id='word_1_350' title='bbox 3338 2489 3393 2542; x_wconf 91' lang='lat' dir='ltr'><strong>in</strong></span> <span class='ocrx_word' id='word_1_351' title='bbox 3421 2488 3662 2557; x_wconf 82' lang='lat' dir='ltr'><strong>Origene</strong></span> 
     </span>
    </p>
   </div>
   <div class='ocr_carea' id='block_1_55' title="bbox 2064 2574 3658 2649">
    <p class='ocr_par' dir='ltr' id='par_1_55' title="bbox 2064 2574 3658 2649">
     <span class='ocr_line' id='line_1_55' title="bbox 2064 2574 3658 2649; baseline 0.003 -21"><span class='ocrx_word' id='word_1_352' title='bbox 2064 2574 2307 2629; x_wconf 81' lang='lat' dir='ltr'><strong>Pastoris</strong></span> <span class='ocrx_word' id='word_1_353' title='bbox 2362 2577 2562 2631; x_wconf 90' lang='lat' dir='ltr'><strong>librum</strong></span> <span class='ocrx_word' id='word_1_354' title='bbox 2604 2579 2937 2649; x_wconf 87' lang='lat' dir='ltr'><strong>contemptui</strong></span> <span class='ocrx_word' id='word_1_355' title='bbox 2996 2580 3216 2635; x_wconf 87' lang='lat' dir='ltr'><strong>habent.</strong></span> <span class='ocrx_word' id='word_1_356' title='bbox 3282 2577 3493 2634; x_wconf 86' lang='lat' dir='ltr'><strong>Omitto</strong></span> <span class='ocrx_word' id='word_1_357' title='bbox 3522 2578 3658 2632; x_wconf 70' lang='lat' dir='ltr'><strong>Pro~</strong></span> 
     </span>
    </p>
   </div>
   <div class='ocr_carea' id='block_1_56' title="bbox 2062 2670 3657 2744">
    <p class='ocr_par' dir='ltr' id='par_1_56' title="bbox 2062 2670 3657 2744">
     <span class='ocr_line' id='line_1_56' title="bbox 2062 2670 3657 2744; baseline 0.003 -21"><span class='ocrx_word' id='word_1_358' title='bbox 2062 2684 2283 2740; x_wconf 77' lang='lat' dir='ltr'><strong>Sperum</strong></span> <span class='ocrx_word' id='word_1_359' title='bbox 2308 2710 2324 2735; x_wconf 90' lang='lat'><strong>,</strong></span> <span class='ocrx_word' id='word_1_360' title='bbox 2358 2670 2488 2741; x_wconf 86' lang='lat' dir='ltr'><strong>quia</strong></span> <span class='ocrx_word' id='word_1_361' title='bbox 2534 2672 2735 2726; x_wconf 90' lang='lat' dir='ltr'><strong>mirum</strong></span> <span class='ocrx_word' id='word_1_362' title='bbox 2786 2688 2893 2727; x_wconf 89' lang='lat' dir='ltr'><strong>non</strong></span> <span class='ocrx_word' id='word_1_363' title='bbox 2933 2681 3016 2728; x_wconf 91' lang='lat' dir='ltr'><strong>est</strong></span> <span class='ocrx_word' id='word_1_364' title='bbox 3068 2673 3213 2744; x_wconf 90' lang='lat' dir='ltr'><strong>quod</strong></span> <span class='ocrx_word' id='word_1_365' title='bbox 3252 2673 3423 2727; x_wconf 88' lang='lat' dir='ltr'><strong>homo</strong></span> <span class='ocrx_word' id='word_1_366' title='bbox 3464 2673 3657 2727; x_wconf 78' lang='lat' dir='ltr'><strong>vivens</strong></span> 
     </span>
    </p>
   </div>
   <div class='ocr_carea' id='block_1_57' title="bbox 2064 2761 3657 2837">
    <p class='ocr_par' dir='ltr' id='par_1_57' title="bbox 2064 2761 3657 2837">
     <span class='ocr_line' id='line_1_57' title="bbox 2064 2761 3657 2837; baseline 0.003 -22"><span class='ocrx_word' id='word_1_367' title='bbox 2064 2762 2205 2816; x_wconf 90' lang='lat' dir='ltr'><strong>inter</strong></span> <span class='ocrx_word' id='word_1_368' title='bbox 2244 2761 2470 2818; x_wconf 88' lang='lat' dir='ltr'><strong>Latinos</strong></span> <span class='ocrx_word' id='word_1_369' title='bbox 2526 2778 2689 2830; x_wconf 91' lang='lat' dir='ltr'><strong>suos,</strong></span> <span class='ocrx_word' id='word_1_370' title='bbox 2746 2765 2949 2834; x_wconf 90' lang='lat' dir='ltr'><strong>quibus</strong></span> <span class='ocrx_word' id='word_1_371' title='bbox 2993 2780 3130 2836; x_wconf 84' lang='lat' dir='ltr'><strong>pene</strong></span> <span class='ocrx_word' id='word_1_372' title='bbox 3185 2766 3432 2837; x_wconf 83' lang='lat' dir='ltr'><strong>ignotum</strong></span> <span class='ocrx_word' id='word_1_373' title='bbox 3486 2764 3657 2819; x_wconf 88' lang='lat' dir='ltr'><strong>fuisse</strong></span> 
     </span>
    </p>
   </div>
   <div class='ocr_carea' id='block_1_58' title="bbox 2062 2854 3656 2929">
    <p class='ocr_par' dir='ltr' id='par_1_58' title="bbox 2062 2854 3656 2929">
     <span class='ocr_line' id='line_1_58' title="bbox 2062 2854 3656 2929; baseline 0.003 -20"><span class='ocrx_word' id='word_1_374' title='bbox 2062 2854 2343 2909; x_wconf 76' lang='lat' dir='ltr'><strong>Pastorem</strong></span> <span class='ocrx_word' id='word_1_375' title='bbox 2376 2855 2539 2911; x_wconf 88' lang='lat' dir='ltr'><strong>refert</strong></span> <span class='ocrx_word' id='word_1_376' title='bbox 2584 2856 2985 2929; x_wconf 79' lang='lat' dir='ltr'><strong>Hieronymus,</strong></span> <span class='ocrx_word' id='word_1_377' title='bbox 3020 2858 3223 2913; x_wconf 89' lang='lat' dir='ltr'><strong>nullam</strong></span> <span class='ocrx_word' id='word_1_378' title='bbox 3267 2860 3656 2914; x_wconf 85' lang='lat' dir='ltr'><strong>auctoritatem</strong></span> 
     </span>
    </p>
   </div>
   <div class='ocr_carea' id='block_1_59' title="bbox 2069 2949 3656 3021">
    <p class='ocr_par' dir='ltr' id='par_1_59' title="bbox 2069 2949 3656 3021">
     <span class='ocr_line' id='line_1_59' title="bbox 2069 2949 3656 3021; baseline 0.003 -20"><span class='ocrx_word' id='word_1_379' title='bbox 2069 2949 2219 3017; x_wconf 89' lang='lat' dir='ltr'><strong>operi</strong></span> <span class='ocrx_word' id='word_1_380' title='bbox 2252 2949 2506 3019; x_wconf 84' lang='lat' dir='ltr'><strong>ignorate</strong></span> <span class='ocrx_word' id='word_1_381' title='bbox 2528 2949 2802 3005; x_wconf 87' lang='lat' dir='ltr'><strong>tribuerit.</strong></span> <span class='ocrx_word' id='word_1_382' title='bbox 2839 2949 3136 3005; x_wconf 88' lang='lat' dir='ltr'><strong>Eusebium</strong></span> <span class='ocrx_word' id='word_1_383' title='bbox 3169 2950 3332 3006; x_wconf 87' lang='lat' dir='ltr'><strong>etiam</strong></span> <span class='ocrx_word' id='word_1_384' title='bbox 3362 2960 3656 3021; x_wconf 73' lang='lat' dir='ltr'><strong>prtetereo,</strong></span> 
     </span>
    </p>
   </div>
   <div class='ocr_carea' id='block_1_60' title="bbox 1988 3039 3657 3144">
    <p class='ocr_par' dir='ltr' id='par_1_60' title="bbox 1988 3039 3657 3144">
     <span class='ocr_line' id='line_1_60' title="bbox 1988 3039 3657 3144; baseline 0.004 -52"><span class='ocrx_word' id='word_1_385' title='bbox 1988 3085 2032 3144; x_wconf 62' lang='grc' dir='ltr'><strong>ο</strong></span> <span class='ocrx_word' id='word_1_386' title='bbox 2065 3039 2478 3113; x_wconf 84' lang='lat' dir='ltr'><strong>Hieronymum,</strong></span> <span class='ocrx_word' id='word_1_387' title='bbox 2515 3042 2814 3109; x_wconf 86' lang='lat' dir='ltr'><strong>Gelasium,</strong></span> <span class='ocrx_word' id='word_1_388' title='bbox 2846 3042 3213 3114; x_wconf 89' lang='lat' dir='ltr'><strong>Nicephorum</strong></span> <span class='ocrx_word' id='word_1_389' title='bbox 3244 3043 3377 3108; x_wconf 87' lang='lat' dir='ltr'><strong>CP.,</strong></span> <span class='ocrx_word' id='word_1_390' title='bbox 3399 3045 3495 3115; x_wconf 86' lang='lat' dir='ltr'><strong>qui</strong></span> <span class='ocrx_word' id='word_1_391' title='bbox 3529 3062 3657 3100; x_wconf 92' lang='lat' dir='ltr'><strong>cum</strong></span> 
     </span>
    </p>
   </div>
   <div class='ocr_carea' id='block_1_61' title="bbox 2069 3133 3646 3207">
    <p class='ocr_par' dir='ltr' id='par_1_61' title="bbox 2069 3133 3646 3207">
     <span class='ocr_line' id='line_1_61' title="bbox 2069 3133 3646 3207; baseline 0.003 -20"><span class='ocrx_word' id='word_1_392' title='bbox 2069 3133 2254 3189; x_wconf 91' lang='lat' dir='ltr'><strong>nothis</strong></span> <span class='ocrx_word' id='word_1_393' title='bbox 2281 3146 2336 3188; x_wconf 86' lang='lat' dir='ltr'><strong>et</strong></span> <span class='ocrx_word' id='word_1_394' title='bbox 2373 3134 2700 3206; x_wconf 82' lang='lat' dir='ltr'><strong>apocryphis</strong></span> <span class='ocrx_word' id='word_1_395' title='bbox 2727 3146 3040 3191; x_wconf 90' lang='lat' dir='ltr'><strong>numerant.</strong></span> <span class='ocrx_word' id='word_1_396' title='bbox 3068 3135 3188 3191; x_wconf 84' lang='lat' dir='ltr'><strong>Jam</strong></span> <span class='ocrx_word' id='word_1_397' title='bbox 3216 3136 3284 3192; x_wconf 92' lang='lat' dir='ltr'><strong>de</strong></span> <span class='ocrx_word' id='word_1_398' title='bbox 3314 3138 3381 3193; x_wconf 91' lang='lat' dir='ltr'><strong>iis</strong></span> <span class='ocrx_word' id='word_1_399' title='bbox 3409 3138 3646 3207; x_wconf 87' lang='lat' dir='ltr'><strong>appella-</strong></span> 
     </span>
    </p>
   </div>
   <div class='ocr_carea' id='block_1_62' title="bbox 2067 3224 3658 3299">
    <p class='ocr_par' dir='ltr' id='par_1_62' title="bbox 2067 3224 3658 3299">
     <span class='ocr_line' id='line_1_62' title="bbox 2067 3224 3658 3299; baseline 0.003 -21"><span class='ocrx_word' id='word_1_400' title='bbox 2067 3224 2310 3282; x_wconf 84' lang='lat' dir='ltr'><strong>tionibus</strong></span> <span class='ocrx_word' id='word_1_401' title='bbox 2343 3227 2473 3297; x_wconf 88' lang='lat' dir='ltr'><strong>quid</strong></span> <span class='ocrx_word' id='word_1_402' title='bbox 2514 3226 2843 3298; x_wconf 82' lang='lat' dir='ltr'><strong>signiﬁcent,</strong></span> <span class='ocrx_word' id='word_1_403' title='bbox 2884 3229 3206 3284; x_wconf 89' lang='lat' dir='ltr'><strong>sententiam</strong></span> <span class='ocrx_word' id='word_1_404' title='bbox 3242 3244 3417 3283; x_wconf 88' lang='lat' dir='ltr'><strong>meam</strong></span> <span class='ocrx_word' id='word_1_405' title='bbox 3446 3229 3658 3299; x_wconf 89' lang='lat' dir='ltr'><strong>protuli</strong></span> 
     </span>
    </p>
   </div>
   <div class='ocr_carea' id='block_1_63' title="bbox 2067 3317 3658 3375">
    <p class='ocr_par' dir='ltr' id='par_1_63' title="bbox 2067 3317 3658 3375">
     <span class='ocr_line' id='line_1_63' title="bbox 2067 3317 3658 3375; baseline 0.003 -4"><span class='ocrx_word' id='word_1_406' title='bbox 2067 3318 2122 3372; x_wconf 88' lang='lat' dir='ltr'><strong>in</strong></span> <span class='ocrx_word' id='word_1_407' title='bbox 2164 3320 2310 3373; x_wconf 87' lang='lat' dir='ltr'><strong>notis</strong></span> <span class='ocrx_word' id='word_1_408' title='bbox 2342 3319 2407 3373; x_wconf 88' lang='lat' dir='ltr'><strong>ad</strong></span> <span class='ocrx_word' id='word_1_409' title='bbox 2442 3317 2771 3374; x_wconf 86' lang='lat' dir='ltr'><strong>Barnabam.</strong></span> <span class='ocrx_word' id='word_1_410' title='bbox 2853 3319 2991 3374; x_wconf 84' lang='lat' dir='ltr'><strong>Addi</strong></span> <span class='ocrx_word' id='word_1_411' title='bbox 3039 3328 3219 3374; x_wconf 89' lang='lat' dir='ltr'><strong>tamen</strong></span> <span class='ocrx_word' id='word_1_412' title='bbox 3287 3320 3421 3375; x_wconf 90' lang='lat' dir='ltr'><strong>inibi</strong></span> <span class='ocrx_word' id='word_1_413' title='bbox 3486 3321 3658 3375; x_wconf 87' lang='lat' dir='ltr'><strong>dictis</strong></span> 
     </span>
    </p>
   </div>
   <div class='ocr_carea' id='block_1_64' title="bbox 2066 3409 3658 3480">
    <p class='ocr_par' dir='ltr' id='par_1_64' title="bbox 2066 3409 3658 3480">
     <span class='ocr_line' id='line_1_64' title="bbox 2066 3409 3658 3480; baseline 0.001 -16"><span class='ocrx_word' id='word_1_414' title='bbox 2066 3426 2215 3465; x_wconf 89' lang='lat' dir='ltr'><strong>nunc</strong></span> <span class='ocrx_word' id='word_1_415' title='bbox 2248 3410 2433 3477; x_wconf 90' lang='lat' dir='ltr'><strong>velim,</strong></span> <span class='ocrx_word' id='word_1_416' title='bbox 2467 3411 2533 3465; x_wconf 87' lang='lat' dir='ltr'><strong>de</strong></span> <span class='ocrx_word' id='word_1_417' title='bbox 2572 3411 2663 3465; x_wconf 88' lang='lat' dir='ltr'><strong>illa</strong></span> <span class='ocrx_word' id='word_1_418' title='bbox 2696 3410 2969 3465; x_wconf 88' lang='lat' dir='ltr'><strong>divisione</strong></span> <span class='ocrx_word' id='word_1_419' title='bbox 3007 3409 3303 3480; x_wconf 71' lang='lat' dir='ltr'><strong>Scriptum</strong></span> <span class='ocrx_word' id='word_1_420' title='bbox 3334 3412 3388 3465; x_wconf 91' lang='lat' dir='ltr'><strong>in</strong></span> <span class='ocrx_word' id='word_1_421' title='bbox 3420 3412 3658 3467; x_wconf 81' lang='lat' dir='ltr'><strong>canoni-</strong></span> 
     </span>
    </p>
   </div>
   <div class='ocr_carea' id='block_1_65' title="bbox 2065 3500 3661 3573">
    <p class='ocr_par' dir='ltr' id='par_1_65' title="bbox 2065 3500 3661 3573">
     <span class='ocr_line' id='line_1_65' title="bbox 2065 3500 3661 3573; baseline 0.004 -20"><span class='ocrx_word' id='word_1_422' title='bbox 2065 3515 2219 3563; x_wconf 86' lang='lat' dir='ltr'><strong>cam,</strong></span> <span class='ocrx_word' id='word_1_423' title='bbox 2265 3500 2486 3555; x_wconf 87' lang='lat' dir='ltr'><strong>dubiam</strong></span> <span class='ocrx_word' id='word_1_424' title='bbox 2526 3511 2580 3556; x_wconf 89' lang='lat' dir='ltr'><strong>et</strong></span> <span class='ocrx_word' id='word_1_425' title='bbox 2623 3502 3033 3573; x_wconf 87' lang='lat' dir='ltr'><strong>apocrypham;</strong></span> <span class='ocrx_word' id='word_1_426' title='bbox 3090 3519 3229 3573; x_wconf 89' lang='lat' dir='ltr'><strong>opus</strong></span> <span class='ocrx_word' id='word_1_427' title='bbox 3276 3503 3498 3573; x_wconf 87' lang='lat' dir='ltr'><strong>aliquod</strong></span> <span class='ocrx_word' id='word_1_428' title='bbox 3549 3521 3661 3559; x_wconf 76' lang='lat' dir='ltr'><strong>nec</strong></span> 
     </span>
    </p>
   </div>
   <div class='ocr_carea' id='block_1_66' title="bbox 2066 3592 3661 3667">
    <p class='ocr_par' dir='ltr' id='par_1_66' title="bbox 2066 3592 3661 3667">
     <span class='ocr_line' id='line_1_66' title="bbox 2066 3592 3661 3667; baseline 0.004 -21"><span class='ocrx_word' id='word_1_429' title='bbox 2066 3592 2189 3647; x_wconf 83' lang='lat' dir='ltr'><strong>falsi</strong></span> <span class='ocrx_word' id='word_1_430' title='bbox 2225 3594 2484 3659; x_wconf 90' lang='lat' dir='ltr'><strong>nominis,</strong></span> <span class='ocrx_word' id='word_1_431' title='bbox 2517 3608 2618 3648; x_wconf 92' lang='lat' dir='ltr'><strong>nec</strong></span> <span class='ocrx_word' id='word_1_432' title='bbox 2646 3594 2912 3649; x_wconf 70' lang='lat' dir='ltr'><strong>doctrinae</strong></span> <span class='ocrx_word' id='word_1_433' title='bbox 2942 3594 3155 3658; x_wconf 67' lang='lat' dir='ltr'><strong>noxiae,</strong></span> <span class='ocrx_word' id='word_1_434' title='bbox 3186 3596 3445 3665; x_wconf 89' lang='lat' dir='ltr'><strong>appellari</strong></span> <span class='ocrx_word' id='word_1_435' title='bbox 3484 3612 3661 3667; x_wconf 75' lang='lat' dir='ltr'><strong>posse</strong></span> 
     </span>
    </p>
   </div>
   <div class='ocr_carea' id='block_1_67' title="bbox 2066 3684 3657 3755">
    <p class='ocr_par' dir='ltr' id='par_1_67' title="bbox 2066 3684 3657 3755">
     <span class='ocr_line' id='line_1_67' title="bbox 2066 3684 3657 3755; baseline 0.004 -19"><span class='ocrx_word' id='word_1_436' title='bbox 2066 3684 2463 3755; x_wconf 86' lang='lat' dir='ltr'><strong>apocryphum,</strong></span> <span class='ocrx_word' id='word_1_437' title='bbox 2513 3684 2662 3755; x_wconf 91' lang='lat' dir='ltr'><strong>quod</strong></span> <span class='ocrx_word' id='word_1_438' title='bbox 2722 3695 2877 3740; x_wconf 76' lang='lat' dir='ltr'><strong>extra</strong></span> <span class='ocrx_word' id='word_1_439' title='bbox 2940 3685 3221 3740; x_wconf 90' lang='lat' dir='ltr'><strong>Canonem</strong></span> <span class='ocrx_word' id='word_1_440' title='bbox 3272 3686 3341 3741; x_wconf 90' lang='lat' dir='ltr'><strong>ab</strong></span> <span class='ocrx_word' id='word_1_441' title='bbox 3388 3689 3657 3742; x_wconf 90' lang='lat' dir='ltr'><strong>omnibus</strong></span> 
     </span>
    </p>
   </div>
   <div class='ocr_carea' id='block_1_68' title="bbox 2064 3774 3658 3850">
    <p class='ocr_par' dir='ltr' id='par_1_68' title="bbox 2064 3774 3658 3850">
     <span class='ocr_line' id='line_1_68' title="bbox 2064 3774 3658 3850; baseline 0.004 -22"><span class='ocrx_word' id='word_1_442' title='bbox 2064 3774 2325 3830; x_wconf 87' lang='lat' dir='ltr'><strong>Ecclesiis</strong></span> <span class='ocrx_word' id='word_1_443' title='bbox 2375 3775 2694 3831; x_wconf 88' lang='lat' dir='ltr'><strong>collocetur.</strong></span> <span class='ocrx_word' id='word_1_444' title='bbox 2745 3775 2925 3845; x_wconf 85' lang='lat' dir='ltr'><strong>Atque</strong></span> <span class='ocrx_word' id='word_1_445' title='bbox 2968 3792 3031 3830; x_wconf 90' lang='lat' dir='ltr'><strong>ea</strong></span> <span class='ocrx_word' id='word_1_446' title='bbox 3063 3777 3484 3847; x_wconf 79' lang='lat' dir='ltr'><strong>significatione,</strong></span> <span class='ocrx_word' id='word_1_447' title='bbox 3530 3780 3658 3850; x_wconf 84' lang='lat' dir='ltr'><strong>opi-</strong></span> 
     </span>
    </p>
   </div>
   <div class='ocr_carea' id='block_1_69' title="bbox 2065 3867 3655 3943">
    <p class='ocr_par' dir='ltr' id='par_1_69' title="bbox 2065 3867 3655 3943">
     <span class='ocr_line' id='line_1_69' title="bbox 2065 3867 3655 3943; baseline 0.006 -22"><span class='ocrx_word' id='word_1_448' title='bbox 2065 3883 2186 3932; x_wconf 87' lang='lat' dir='ltr'><strong>nor,</strong></span> <span class='ocrx_word' id='word_1_449' title='bbox 2224 3867 2439 3923; x_wconf 73' lang='lat' dir='ltr'><strong>ilermze</strong></span> <span class='ocrx_word' id='word_1_450' title='bbox 2466 3868 2666 3922; x_wconf 88' lang='lat' dir='ltr'><strong>Pastor</strong></span> <span class='ocrx_word' id='word_1_451' title='bbox 2688 3867 2997 3940; x_wconf 88' lang='lat' dir='ltr'><strong>Nicephoro</strong></span> <span class='ocrx_word' id='word_1_452' title='bbox 3023 3869 3130 3925; x_wconf 69' lang='grc' dir='ltr'><strong>(ΣΡ.</strong></span> <span class='ocrx_word' id='word_1_453' title='bbox 3162 3873 3512 3943; x_wconf 83' lang='lat' dir='ltr'><strong>apocryphus</strong></span> <span class='ocrx_word' id='word_1_454' title='bbox 3542 3885 3655 3930; x_wconf 88' lang='lat' dir='ltr'><strong>est.</strong></span> 
     </span>
    </p>
   </div>
   <div class='ocr_carea' id='block_1_70' title="bbox 2072 3956 3654 4032">
    <p class='ocr_par' dir='ltr' id='par_1_70' title="bbox 2072 3956 3654 4032">
     <span class='ocr_line' id='line_1_70' title="bbox 2072 3956 3654 4032; baseline 0.007 -22"><span class='ocrx_word' id='word_1_455' title='bbox 2072 3956 2241 4012; x_wconf 86' lang='lat' dir='ltr'><strong>Venio</strong></span> <span class='ocrx_word' id='word_1_456' title='bbox 2272 3960 2339 4014; x_wconf 86' lang='lat' dir='ltr'><strong>ad</strong></span> <span class='ocrx_word' id='word_1_457' title='bbox 2384 3960 2757 4027; x_wconf 89' lang='lat' dir='ltr'><strong>recentiores;</strong></span> <span class='ocrx_word' id='word_1_458' title='bbox 2812 3961 3083 4024; x_wconf 85' lang='lat' dir='ltr'><strong>homines,</strong></span> <span class='ocrx_word' id='word_1_459' title='bbox 3112 3970 3173 4017; x_wconf 93' lang='lat' dir='ltr'><strong>ut</strong></span> <span class='ocrx_word' id='word_1_460' title='bbox 3210 3964 3463 4032; x_wconf 85' lang='lat' dir='ltr'><strong>equidem</strong></span> <span class='ocrx_word' id='word_1_461' title='bbox 3512 3968 3654 4021; x_wconf 87' lang='lat' dir='ltr'><strong>mihi</strong></span> 
     </span>
    </p>
   </div>
   <div class='ocr_carea' id='block_1_71' title="bbox 2062 4047 3658 4121">
    <p class='ocr_par' dir='ltr' id='par_1_71' title="bbox 2062 4047 3658 4121">
     <span class='ocr_line' id='line_1_71' title="bbox 2062 4047 3658 4121; baseline 0.004 -20"><span class='ocrx_word' id='word_1_462' title='bbox 2062 4047 2305 4115; x_wconf 83' lang='lat' dir='ltr'><strong>videtur,</strong></span> <span class='ocrx_word' id='word_1_463' title='bbox 2354 4048 2511 4104; x_wconf 67' lang='lat' dir='ltr'><strong>dura:</strong></span> <span class='ocrx_word' id='word_1_464' title='bbox 2572 4047 2791 4105; x_wconf 82' lang='lat' dir='ltr'><strong>frontis.</strong></span> <span class='ocrx_word' id='word_1_465' title='bbox 2848 4047 2983 4115; x_wconf 86' lang='lat' dir='ltr'><strong>Quis</strong></span> <span class='ocrx_word' id='word_1_466' title='bbox 3029 4050 3209 4114; x_wconf 87' lang='lat' dir='ltr'><strong>enim,</strong></span> <span class='ocrx_word' id='word_1_467' title='bbox 3255 4065 3481 4121; x_wconf 63' lang='lat' dir='ltr'><strong>quaeso,</strong></span> <span class='ocrx_word' id='word_1_468' title='bbox 3536 4068 3658 4107; x_wconf 89' lang='lat' dir='ltr'><strong>non</strong></span> 
     </span>
    </p>
   </div>
   <div class='ocr_carea' id='block_1_72' title="bbox 2062 4140 3656 4213">
    <p class='ocr_par' dir='ltr' id='par_1_72' title="bbox 2062 4140 3656 4213">
     <span class='ocr_line' id='line_1_72' title="bbox 2062 4140 3656 4213; baseline 0.003 -18"><span class='ocrx_word' id='word_1_469' title='bbox 2062 4140 2437 4211; x_wconf 76' lang='lat' dir='ltr'><strong>Obstupescat,</strong></span> <span class='ocrx_word' id='word_1_470' title='bbox 2486 4155 2610 4195; x_wconf 91' lang='lat' dir='ltr'><strong>cum</strong></span> <span class='ocrx_word' id='word_1_471' title='bbox 2650 4141 2841 4211; x_wconf 80' lang='lat' dir='ltr'><strong>legerit</strong></span> <span class='ocrx_word' id='word_1_472' title='bbox 2886 4143 3273 4197; x_wconf 90' lang='lat' dir='ltr'><strong>nonnullorum</strong></span> <span class='ocrx_word' id='word_1_473' title='bbox 3321 4142 3535 4213; x_wconf 90' lang='lat' dir='ltr'><strong>judicia</strong></span> <span class='ocrx_word' id='word_1_474' title='bbox 3583 4144 3656 4200; x_wconf 88' lang='lat' dir='ltr'><strong>de</strong></span> 
     </span>
    </p>
   </div>
   <div class='ocr_carea' id='block_1_73' title="bbox 2061 4233 3658 4305">
    <p class='ocr_par' dir='ltr' id='par_1_73' title="bbox 2061 4233 3658 4305">
     <span class='ocr_line' id='line_1_73' title="bbox 2061 4233 3658 4305; baseline 0.004 -19"><span class='ocrx_word' id='word_1_475' title='bbox 2061 4233 2341 4289; x_wconf 88' lang='lat' dir='ltr'><strong>volumine</strong></span> <span class='ocrx_word' id='word_1_476' title='bbox 2371 4248 2403 4287; x_wconf 89' lang='lat' dir='ltr'><strong>a</strong></span> <span class='ocrx_word' id='word_1_477' title='bbox 2439 4242 2517 4287; x_wconf 90' lang='lat' dir='ltr'><strong>tot</strong></span> <span class='ocrx_word' id='word_1_478' title='bbox 2549 4234 2824 4303; x_wconf 87' lang='lat' dir='ltr'><strong>tantisque</strong></span> <span class='ocrx_word' id='word_1_479' title='bbox 2850 4234 2985 4289; x_wconf 90' lang='lat' dir='ltr'><strong>viris</strong></span> <span class='ocrx_word' id='word_1_480' title='bbox 3022 4244 3305 4305; x_wconf 89' lang='lat' dir='ltr'><strong>tantopere</strong></span> <span class='ocrx_word' id='word_1_481' title='bbox 3332 4235 3658 4293; x_wconf 76' lang='lat' dir='ltr'><strong>celebrato?</strong></span> 
     </span>
    </p>
   </div>
   <div class='ocr_carea' id='block_1_74' title="bbox 2066 4322 3654 4396">
    <p class='ocr_par' dir='ltr' id='par_1_74' title="bbox 2066 4322 3654 4396">
     <span class='ocr_line' id='line_1_74' title="bbox 2066 4322 3654 4396; baseline 0.003 -18"><span class='ocrx_word' id='word_1_482' title='bbox 2066 4322 2134 4378; x_wconf 81' lang='lat' dir='ltr'><strong>Hi</strong></span> <span class='ocrx_word' id='word_1_483' title='bbox 2176 4324 2376 4379; x_wconf 92' lang='lat' dir='ltr'><strong>librum</strong></span> <span class='ocrx_word' id='word_1_484' title='bbox 2403 4326 2671 4393; x_wconf 91' lang='lat' dir='ltr'><strong>optimum</strong></span> <span class='ocrx_word' id='word_1_485' title='bbox 2701 4324 3168 4396; x_wconf 90' lang='lat' dir='ltr'><strong>utilissimumque</strong></span> <span class='ocrx_word' id='word_1_486' title='bbox 3200 4327 3523 4396; x_wconf 62' lang='lat' dir='ltr'><strong>praedicant.</strong></span> <span class='ocrx_word' id='word_1_487' title='bbox 3568 4328 3654 4382; x_wconf 87' lang='lat' dir='ltr'><strong>illi</strong></span> 
     </span>
    </p>
   </div>
   <div class='ocr_carea' id='block_1_75' title="bbox 388 4416 3651 4511">
    <p class='ocr_par' dir='ltr' id='par_1_75' title="bbox 388 4416 3651 4511">
     <span class='ocr_line' id='line_1_75' title="bbox 388 4416 3651 4511; baseline 0.005 -39"><span class='ocrx_word' id='word_1_488' title='bbox 388 4418 772 4474; x_wconf 87' lang='lat' dir='ltr'><strong>revelationem</strong></span> <span class='ocrx_word' id='word_1_489' title='bbox 802 4421 998 4476; x_wconf 86' lang='lat' dir='ltr'><strong>innuit.</strong></span> <span class='ocrx_word' id='word_1_490' title='bbox 1038 4421 1427 4490; x_wconf 90' lang='lat' dir='ltr'><strong>Tertullianus,</strong></span> <span class='ocrx_word' id='word_1_491' title='bbox 1463 4426 1557 4481; x_wconf 93' lang='lat' dir='ltr'><strong>lib.</strong></span> <span class='ocrx_word' id='word_1_492' title='bbox 1586 4420 1662 4481; x_wconf 88' lang='lat' dir='ltr'><strong>De</strong></span> <span class='ocrx_word' id='word_1_493' title='bbox 1692 4428 1954 4494; x_wconf 71' lang='lat' dir='ltr'><strong>oratione,</strong></span> <span class='ocrx_word' id='word_1_494' title='bbox 1987 4452 2036 4511; x_wconf 76' lang='grc' dir='ltr'><strong>ι)</strong></span> <span class='ocrx_word' id='word_1_495' title='bbox 2063 4434 2195 4473; x_wconf 61' lang='lat' dir='ltr'><strong>vero</strong></span> <span class='ocrx_word' id='word_1_496' title='bbox 2240 4416 2509 4474; x_wconf 52' lang='lat' dir='ltr'><strong>infamant</strong></span> <span class='ocrx_word' id='word_1_497' title='bbox 2558 4428 2723 4488; x_wconf 62' lang='grc' dir='ltr'><strong>διεμιθ</strong></span> <span class='ocrx_word' id='word_1_498' title='bbox 2765 4418 3076 4489; x_wconf 66' lang='grc' dir='ltr'><strong>θιθείιεηι,</strong></span> <span class='ocrx_word' id='word_1_499' title='bbox 3127 4429 3187 4473; x_wconf 78' lang='grc' dir='ltr'><strong>ιιι</strong></span> <span class='ocrx_word' id='word_1_500' title='bbox 3210 4418 3651 4476; x_wconf 68' lang='grc' dir='ltr'><strong>Νονθιίειηοτιιῐη</strong></span> 
     </span>
    </p>
   </div>
   <div class='ocr_carea' id='block_1_76' title="bbox 378 4508 1978 4588">
    <p class='ocr_par' dir='ltr' id='par_1_76' title="bbox 378 4510 1960 4588">
     <span class='ocr_line' id='line_1_76' title="bbox 378 4510 1960 4588; baseline 0.008 -24"><span class='ocrx_word' id='word_1_501' title='bbox 378 4527 499 4580; x_wconf 89' lang='lat' dir='ltr'><strong>cap.</strong></span> <span class='ocrx_word' id='word_1_502' title='bbox 527 4512 628 4577; x_wconf 75' lang='grc'><strong>12,</strong></span> <span class='ocrx_word' id='word_1_503' title='bbox 676 4516 1080 4569; x_wconf 86' lang='lat' dir='ltr'><strong>venerationem</strong></span> <span class='ocrx_word' id='word_1_504' title='bbox 1116 4517 1263 4573; x_wconf 91' lang='lat' dir='ltr'><strong>illius</strong></span> <span class='ocrx_word' id='word_1_505' title='bbox 1309 4534 1417 4571; x_wconf 91' lang='lat' dir='ltr'><strong>non</strong></span> <span class='ocrx_word' id='word_1_506' title='bbox 1459 4510 1767 4588; x_wconf 87' lang='lat' dir='ltr'><strong>improbat,</strong></span> <span class='ocrx_word' id='word_1_507' title='bbox 1815 4521 1960 4576; x_wconf 84' lang='lat' dir='ltr'><strong>absit</strong></span> 
     </span>
    </p>
   </div>
   <div class='ocr_carea' id='block_1_77' title="bbox 2070 4508 3653 4588">
    <p class='ocr_par' dir='ltr' id='par_1_77' title="bbox 2070 4508 3653 4582">
     <span class='ocr_line' id='line_1_77' title="bbox 2070 4508 3653 4582; baseline 0.001 -18"><span class='ocrx_word' id='word_1_508' title='bbox 2070 4520 2114 4564; x_wconf 78' lang='lat' dir='ltr'><strong>et</strong></span> <span class='ocrx_word' id='word_1_509' title='bbox 2143 4508 2560 4579; x_wconf 88' lang='lat' dir='ltr'><strong>Pelagianorum</strong></span> <span class='ocrx_word' id='word_1_510' title='bbox 2599 4509 2841 4576; x_wconf 88' lang='lat' dir='ltr'><strong>fontem,</strong></span> <span class='ocrx_word' id='word_1_511' title='bbox 2886 4510 3401 4567; x_wconf 86' lang='lat' dir='ltr'><strong>Montanisticarum</strong></span> <span class='ocrx_word' id='word_1_512' title='bbox 3448 4529 3653 4582; x_wconf 85' lang='lat' dir='ltr'><strong>super-</strong></span> 
     </span>
    </p>
   </div>
   <div class='ocr_carea' id='block_1_78' title="bbox 380 4604 1957 4679">
    <p class='ocr_par' dir='ltr' id='par_1_78' title="bbox 380 4604 1957 4679">
     <span class='ocr_line' id='line_1_78' title="bbox 380 4604 1957 4679; baseline 0.008 -24"><span class='ocrx_word' id='word_1_513' title='bbox 380 4604 544 4659; x_wconf 87' lang='lat' dir='ltr'><strong>modo</strong></span> <span class='ocrx_word' id='word_1_514' title='bbox 573 4605 911 4675; x_wconf 88' lang='lat' dir='ltr'><strong>superstitio.</strong></span> <span class='ocrx_word' id='word_1_515' title='bbox 961 4608 1227 4664; x_wconf 89' lang='lat' dir='ltr'><strong>Catholici</strong></span> <span class='ocrx_word' id='word_1_516' title='bbox 1259 4610 1400 4679; x_wconf 89' lang='lat' dir='ltr'><strong>apud</strong></span> <span class='ocrx_word' id='word_1_517' title='bbox 1432 4612 1689 4665; x_wconf 90' lang='lat' dir='ltr'><strong>eumdem</strong></span> <span class='ocrx_word' id='word_1_518' title='bbox 1734 4612 1957 4667; x_wconf 89' lang='lat' dir='ltr'><strong>Tertul-</strong></span> 
     </span>
    </p>
   </div>
   <div class='ocr_carea' id='block_1_79' title="bbox 378 4697 1954 4773">
    <p class='ocr_par' dir='ltr' id='par_1_79' title="bbox 378 4697 1954 4773">
     <span class='ocr_line' id='line_1_79' title="bbox 378 4697 1954 4773; baseline 0.006 -24"><span class='ocrx_word' id='word_1_519' title='bbox 378 4697 608 4759; x_wconf 86' lang='lat' dir='ltr'><strong>liauum.</strong></span> <span class='ocrx_word' id='word_1_520' title='bbox 668 4699 807 4753; x_wconf 90' lang='lat' dir='ltr'><strong>libro</strong></span> <span class='ocrx_word' id='word_1_521' title='bbox 837 4701 909 4753; x_wconf 84' lang='lat' dir='ltr'><strong>De</strong></span> <span class='ocrx_word' id='word_1_522' title='bbox 933 4700 1218 4769; x_wconf 83' lang='lat' dir='ltr'><strong>pudicitia,</strong></span> <span class='ocrx_word' id='word_1_523' title='bbox 1248 4702 1590 4757; x_wconf 84' lang='lat' dir='ltr'><strong>Montanistis</strong></span> <span class='ocrx_word' id='word_1_524' title='bbox 1649 4715 1954 4773; x_wconf 90' lang='lat' dir='ltr'><strong>opponunt,</strong></span> 
     </span>
    </p>
   </div>
   <div class='ocr_carea' id='block_1_80' title="bbox 379 4790 1955 4865">
    <p class='ocr_par' dir='ltr' id='par_1_80' title="bbox 379 4790 1955 4865">
     <span class='ocr_line' id='line_1_80' title="bbox 379 4790 1955 4865; baseline 0.004 -22"><span class='ocrx_word' id='word_1_525' title='bbox 379 4790 446 4843; x_wconf 82' lang='lat' dir='ltr'><strong>ad</strong></span> <span class='ocrx_word' id='word_1_526' title='bbox 489 4792 869 4846; x_wconf 88' lang='lat' dir='ltr'><strong>auctoritatem</strong></span> <span class='ocrx_word' id='word_1_527' title='bbox 908 4792 1030 4846; x_wconf 91' lang='lat' dir='ltr'><strong>lidei</strong></span> <span class='ocrx_word' id='word_1_528' title='bbox 1077 4794 1505 4848; x_wconf 83' lang='lat' dir='ltr'><strong>conﬁrmandam</strong></span> <span class='ocrx_word' id='word_1_529' title='bbox 1540 4812 1553 4849; x_wconf 90' lang='lat'><strong>:</strong></span> <span class='ocrx_word' id='word_1_530' title='bbox 1598 4796 1955 4865; x_wconf 80' lang='lat' dir='ltr'><strong>quemadmo-</strong></span> 
     </span>
    </p>
   </div>
   <div class='ocr_carea' id='block_1_81' title="bbox 377 4883 1956 4957">
    <p class='ocr_par' dir='ltr' id='par_1_81' title="bbox 377 4883 1956 4957">
     <span class='ocr_line' id='line_1_81' title="bbox 377 4883 1956 4957; baseline 0.006 -23"><span class='ocrx_word' id='word_1_531' title='bbox 377 4883 529 4947; x_wconf 85' lang='lat' dir='ltr'><strong>dum,</strong></span> <span class='ocrx_word' id='word_1_532' title='bbox 555 4884 694 4952; x_wconf 87' lang='lat' dir='ltr'><strong>apud</strong></span> <span class='ocrx_word' id='word_1_533' title='bbox 720 4884 1101 4943; x_wconf 80' lang='lat' dir='ltr'><strong>Athanasium.</strong></span> <span class='ocrx_word' id='word_1_534' title='bbox 1134 4886 1321 4939; x_wconf 85' lang='lat' dir='ltr'><strong>Ariani</strong></span> <span class='ocrx_word' id='word_1_535' title='bbox 1346 4885 1662 4942; x_wconf 86' lang='lat' dir='ltr'><strong>Catholicis.</strong></span> <span class='ocrx_word' id='word_1_536' title='bbox 1693 4888 1956 4957; x_wconf 86' lang='lat' dir='ltr'><strong>Origenes</strong></span> 
     </span>
    </p>
   </div>
   <div class='ocr_carea' id='block_1_82' title="bbox 379 4971 1957 5047">
    <p class='ocr_par' dir='ltr' id='par_1_82' title="bbox 379 4971 1957 5047">
     <span class='ocr_line' id='line_1_82' title="bbox 379 4971 1957 5047; baseline 0.006 -23"><span class='ocrx_word' id='word_1_537' title='bbox 379 4971 719 5043; x_wconf 88' lang='lat' dir='ltr'><strong>Scripturam</strong></span> <span class='ocrx_word' id='word_1_538' title='bbox 760 4975 1023 5030; x_wconf 88' lang='lat' dir='ltr'><strong>divinitus</strong></span> <span class='ocrx_word' id='word_1_539' title='bbox 1063 4976 1385 5045; x_wconf 86' lang='lat' dir='ltr'><strong>inspiratam</strong></span> <span class='ocrx_word' id='word_1_540' title='bbox 1421 4986 1595 5047; x_wconf 86' lang='lat' dir='ltr'><strong>putat,</strong></span> <span class='ocrx_word' id='word_1_541' title='bbox 1639 4979 1762 5032; x_wconf 89' lang='lat' dir='ltr'><strong>licet</strong></span> <span class='ocrx_word' id='word_1_542' title='bbox 1796 4979 1957 5033; x_wconf 92' lang='lat' dir='ltr'><strong>aliter</strong></span> 
     </span>
    </p>
   </div>
   <div class='ocr_carea' id='block_1_83' title="bbox 377 5065 1956 5137">
    <p class='ocr_par' dir='ltr' id='par_1_83' title="bbox 377 5065 1956 5137">
     <span class='ocr_line' id='line_1_83' title="bbox 377 5065 1956 5137; baseline 0.003 -18"><span class='ocrx_word' id='word_1_543' title='bbox 377 5065 742 5121; x_wconf 89' lang='lat' dir='ltr'><strong>sentientibus</strong></span> <span class='ocrx_word' id='word_1_544' title='bbox 774 5066 1046 5121; x_wconf 89' lang='lat' dir='ltr'><strong>nolitlieri</strong></span> <span class='ocrx_word' id='word_1_545' title='bbox 1082 5067 1484 5137; x_wconf 74' lang='lat' dir='ltr'><strong>przejudicium.</strong></span> <span class='ocrx_word' id='word_1_546' title='bbox 1526 5069 1825 5123; x_wconf 85' lang='lat' dir='ltr'><strong>Cassianus</strong></span> <span class='ocrx_word' id='word_1_547' title='bbox 1859 5071 1956 5124; x_wconf 90' lang='lat' dir='ltr'><strong>de-</strong></span> 
     </span>
    </p>
   </div>
   <div class='ocr_carea' id='block_1_84' title="bbox 376 5156 1953 5231">
    <p class='ocr_par' dir='ltr' id='par_1_84' title="bbox 376 5156 1953 5231">
     <span class='ocr_line' id='line_1_84' title="bbox 376 5156 1953 5231; baseline 0.005 -20"><span class='ocrx_word' id='word_1_548' title='bbox 376 5156 544 5227; x_wconf 86' lang='lat' dir='ltr'><strong>nique</strong></span> <span class='ocrx_word' id='word_1_549' title='bbox 570 5158 880 5215; x_wconf 91' lang='lat' dir='ltr'><strong>testimonia</strong></span> <span class='ocrx_word' id='word_1_550' title='bbox 910 5159 1034 5214; x_wconf 92' lang='lat' dir='ltr'><strong>inde</strong></span> <span class='ocrx_word' id='word_1_551' title='bbox 1054 5160 1339 5231; x_wconf 74' lang='lat' dir='ltr'><strong>desumpta</strong></span> <span class='ocrx_word' id='word_1_552' title='bbox 1367 5177 1492 5216; x_wconf 91' lang='lat' dir='ltr'><strong>cum</strong></span> <span class='ocrx_word' id='word_1_553' title='bbox 1517 5162 1757 5217; x_wconf 68' lang='lat' dir='ltr'><strong>testibus</strong></span> <span class='ocrx_word' id='word_1_554' title='bbox 1780 5163 1953 5220; x_wconf 77' lang='lat' dir='ltr'><strong>sacris</strong></span> 
     </span>
    </p>
   </div>
   <div class='ocr_carea' id='block_1_85' title="bbox 377 5248 588 5303">
    <p class='ocr_par' dir='ltr' id='par_1_85' title="bbox 377 5248 588 5303">
     <span class='ocr_line' id='line_1_85' title="bbox 377 5248 588 5303; baseline 0 -1"><span class='ocrx_word' id='word_1_555' title='bbox 377 5248 588 5303; x_wconf 89' lang='lat' dir='ltr'><strong>miscet.</strong></span> 
     </span>
    </p>
   </div>
   <div class='ocr_carea' id='block_1_86' title="bbox 446 5338 1953 5408">
    <p class='ocr_par' dir='ltr' id='par_1_86' title="bbox 446 5338 1953 5408">
     <span class='ocr_line' id='line_1_86' title="bbox 446 5338 1953 5408; baseline 0.004 -17"><span class='ocrx_word' id='word_1_556' title='bbox 446 5338 515 5393; x_wconf 85' lang='lat' dir='ltr'><strong>At</strong></span> <span class='ocrx_word' id='word_1_557' title='bbox 550 5353 618 5393; x_wconf 79' lang='lat' dir='ltr'><strong>ex</strong></span> <span class='ocrx_word' id='word_1_558' title='bbox 654 5346 809 5408; x_wconf 89' lang='lat' dir='ltr'><strong>parte</strong></span> <span class='ocrx_word' id='word_1_559' title='bbox 840 5339 1070 5394; x_wconf 88' lang='lat' dir='ltr'><strong>adversa</strong></span> <span class='ocrx_word' id='word_1_560' title='bbox 1114 5340 1347 5395; x_wconf 90' lang='lat' dir='ltr'><strong>multum</strong></span> <span class='ocrx_word' id='word_1_561' title='bbox 1393 5340 1460 5397; x_wconf 90' lang='lat' dir='ltr'><strong>de</strong></span> <span class='ocrx_word' id='word_1_562' title='bbox 1488 5342 1698 5397; x_wconf 92' lang='lat' dir='ltr'><strong>honore</strong></span> <span class='ocrx_word' id='word_1_563' title='bbox 1737 5342 1953 5398; x_wconf 71' lang='lat' dir='ltr'><strong>Hermae</strong></span> 
     </span>
    </p>
   </div>
   <div class='ocr_carea' id='block_1_87' title="bbox 377 5428 1948 5506">
    <p class='ocr_par' dir='ltr' id='par_1_87' title="bbox 377 5428 1948 5506">
     <span class='ocr_line' id='line_1_87' title="bbox 377 5428 1948 5506; baseline 0.004 -23"><span class='ocrx_word' id='word_1_564' title='bbox 377 5428 594 5484; x_wconf 83' lang='lat' dir='ltr'><strong>Pastori</strong></span> <span class='ocrx_word' id='word_1_565' title='bbox 624 5430 812 5486; x_wconf 87' lang='lat' dir='ltr'><strong>debito</strong></span> <span class='ocrx_word' id='word_1_566' title='bbox 838 5431 1145 5486; x_wconf 88' lang='lat' dir='ltr'><strong>detrahitur</strong></span> <span class='ocrx_word' id='word_1_567' title='bbox 1175 5449 1204 5486; x_wconf 91' lang='lat' dir='ltr'><strong>a</strong></span> <span class='ocrx_word' id='word_1_568' title='bbox 1228 5432 1565 5488; x_wconf 87' lang='lat' dir='ltr'><strong>Tertulliano</strong></span> <span class='ocrx_word' id='word_1_569' title='bbox 1593 5451 1661 5491; x_wconf 79' lang='lat' dir='ltr'><strong>ex</strong></span> <span class='ocrx_word' id='word_1_570' title='bbox 1686 5437 1948 5506; x_wconf 89' lang='lat' dir='ltr'><strong>antiquis.</strong></span> 
     </span>
    </p>
   </div>
   <div class='ocr_carea' id='block_1_88' title="bbox 375 5522 1946 5596">
    <p class='ocr_par' dir='ltr' id='par_1_88' title="bbox 375 5522 1946 5596">
     <span class='ocr_line' id='line_1_88' title="bbox 375 5522 1946 5596; baseline 0.006 -21"><span class='ocrx_word' id='word_1_571' title='bbox 375 5522 468 5578; x_wconf 89' lang='lat' dir='ltr'><strong>Ille</strong></span> <span class='ocrx_word' id='word_1_572' title='bbox 514 5524 718 5579; x_wconf 87' lang='lat' dir='ltr'><strong>mirum</strong></span> <span class='ocrx_word' id='word_1_573' title='bbox 765 5532 1030 5595; x_wconf 90' lang='lat' dir='ltr'><strong>quantum</strong></span> <span class='ocrx_word' id='word_1_574' title='bbox 1081 5534 1325 5582; x_wconf 88' lang='lat' dir='ltr'><strong>mutatus</strong></span> <span class='ocrx_word' id='word_1_575' title='bbox 1368 5542 1466 5596; x_wconf 91' lang='lat' dir='ltr'><strong>per</strong></span> <span class='ocrx_word' id='word_1_576' title='bbox 1491 5525 1946 5585; x_wconf 85' lang='lat' dir='ltr'><strong>Moutanistarum</strong></span> 
     </span>
    </p>
   </div>
   <div class='ocr_carea' id='block_1_89' title="bbox 376 5615 1950 5693">
    <p class='ocr_par' dir='ltr' id='par_1_89' title="bbox 376 5615 1950 5693">
     <span class='ocr_line' id='line_1_89' title="bbox 376 5615 1950 5693; baseline 0.006 -25"><span class='ocrx_word' id='word_1_577' title='bbox 376 5616 681 5686; x_wconf 58' lang='lat' dir='ltr'><strong>praestigias</strong></span> <span class='ocrx_word' id='word_1_578' title='bbox 730 5631 761 5670; x_wconf 86' lang='lat' dir='ltr'><strong>a</strong></span> <span class='ocrx_word' id='word_1_579' title='bbox 799 5615 1136 5671; x_wconf 88' lang='lat' dir='ltr'><strong>Tertulliano</strong></span> <span class='ocrx_word' id='word_1_580' title='bbox 1188 5616 1302 5679; x_wconf 85' lang='lat' dir='ltr'><strong>illo,</strong></span> <span class='ocrx_word' id='word_1_581' title='bbox 1357 5618 1482 5693; x_wconf 80' lang='lat' dir='ltr'><strong>libri</strong></span> <span class='ocrx_word' id='word_1_582' title='bbox 1547 5621 1840 5676; x_wconf 77' lang='lat' dir='ltr'><strong>orthodoxi</strong></span> <span class='ocrx_word' id='word_1_583' title='bbox 1873 5622 1950 5677; x_wconf 88' lang='lat' dir='ltr'><strong>De</strong></span> 
     </span>
    </p>
   </div>
   <div class='ocr_carea' id='block_1_90' title="bbox 375 5707 1949 5785">
    <p class='ocr_par' dir='ltr' id='par_1_90' title="bbox 375 5707 1949 5785">
     <span class='ocr_line' id='line_1_90' title="bbox 375 5707 1949 5785; baseline 0.006 -25"><span class='ocrx_word' id='word_1_584' title='bbox 375 5708 613 5763; x_wconf 79' lang='lat' dir='ltr'><strong>oratione</strong></span> <span class='ocrx_word' id='word_1_585' title='bbox 638 5709 1038 5778; x_wconf 76' lang='lat' dir='ltr'><strong>conscriptore,</strong></span> <span class='ocrx_word' id='word_1_586' title='bbox 1068 5707 1311 5765; x_wconf 79' lang='lat' dir='ltr'><strong>Pastoris</strong></span> <span class='ocrx_word' id='word_1_587' title='bbox 1341 5712 1665 5783; x_wconf 85' lang='lat' dir='ltr'><strong>scripturam</strong></span> <span class='ocrx_word' id='word_1_588' title='bbox 1701 5713 1754 5768; x_wconf 92' lang='lat' dir='ltr'><strong>in</strong></span> <span class='ocrx_word' id='word_1_589' title='bbox 1787 5729 1949 5785; x_wconf 87' lang='lat' dir='ltr'><strong>opere</strong></span> 
     </span>
    </p>
   </div>
   <div class='ocr_carea' id='block_1_91' title="bbox 2061 4604 3653 4673">
    <p class='ocr_par' dir='ltr' id='par_1_91' title="bbox 2061 4604 3653 4673">
     <span class='ocr_line' id='line_1_91' title="bbox 2061 4604 3653 4673; baseline 0.001 -16"><span class='ocrx_word' id='word_1_590' title='bbox 2061 4604 2343 4658; x_wconf 88' lang='lat' dir='ltr'><strong>stitionutu</strong></span> <span class='ocrx_word' id='word_1_591' title='bbox 2385 4604 2648 4673; x_wconf 85' lang='lat' dir='ltr'><strong>gurgitem</strong></span> <span class='ocrx_word' id='word_1_592' title='bbox 2672 4643 2688 4669; x_wconf 93' lang='lat'><strong>,</strong></span> <span class='ocrx_word' id='word_1_593' title='bbox 2727 4604 3059 4673; x_wconf 85' lang='lat' dir='ltr'><strong>iusupcrque</strong></span> <span class='ocrx_word' id='word_1_594' title='bbox 3096 4604 3365 4659; x_wconf 83' lang='lat' dir='ltr'><strong>fautorem</strong></span> <span class='ocrx_word' id='word_1_595' title='bbox 3405 4605 3653 4661; x_wconf 85' lang='lat' dir='ltr'><strong>Ariano-</strong></span> 
     </span>
    </p>
   </div>
   <div class='ocr_carea' id='block_1_92' title="bbox 2060 4696 3646 4769">
    <p class='ocr_par' dir='ltr' id='par_1_92' title="bbox 2060 4696 3646 4769">
     <span class='ocr_line' id='line_1_92' title="bbox 2060 4696 3646 4769; baseline 0.002 -19"><span class='ocrx_word' id='word_1_596' title='bbox 2060 4713 2212 4763; x_wconf 90' lang='lat' dir='ltr'><strong>rum,</strong></span> <span class='ocrx_word' id='word_1_597' title='bbox 2254 4705 2314 4750; x_wconf 91' lang='lat' dir='ltr'><strong>ut</strong></span> <span class='ocrx_word' id='word_1_598' title='bbox 2364 4696 2708 4763; x_wconf 89' lang='lat' dir='ltr'><strong>fabulosum;</strong></span> <span class='ocrx_word' id='word_1_599' title='bbox 2759 4706 2819 4751; x_wconf 89' lang='lat' dir='ltr'><strong>ut</strong></span> <span class='ocrx_word' id='word_1_600' title='bbox 2872 4698 3033 4767; x_wconf 81' lang='lat' dir='ltr'><strong>(proh</strong></span> <span class='ocrx_word' id='word_1_601' title='bbox 3086 4713 3283 4768; x_wconf 89' lang='lat' dir='ltr'><strong>magna</strong></span> <span class='ocrx_word' id='word_1_602' title='bbox 3332 4698 3646 4769; x_wconf 86' lang='lat' dir='ltr'><strong>crimina!)</strong></span> 
     </span>
    </p>
   </div>
   <div class='ocr_carea' id='block_1_93' title="bbox 2058 4788 3650 4860">
    <p class='ocr_par' dir='ltr' id='par_1_93' title="bbox 2058 4788 3650 4860">
     <span class='ocr_line' id='line_1_93' title="bbox 2058 4788 3650 4860; baseline 0.001 -18"><span class='ocrx_word' id='word_1_603' title='bbox 2058 4789 2215 4843; x_wconf 90' lang='lat' dir='ltr'><strong>liberi</strong></span> <span class='ocrx_word' id='word_1_604' title='bbox 2247 4788 2480 4853; x_wconf 86' lang='lat' dir='ltr'><strong>arbitrii,</strong></span> <span class='ocrx_word' id='word_1_605' title='bbox 2525 4790 2840 4844; x_wconf 88' lang='lat' dir='ltr'><strong>solitudinis</strong></span> <span class='ocrx_word' id='word_1_606' title='bbox 2874 4790 3230 4854; x_wconf 54' lang='lat' dir='ltr'><strong>monasticae,</strong></span> <span class='ocrx_word' id='word_1_607' title='bbox 3266 4805 3478 4843; x_wconf 90' lang='lat' dir='ltr'><strong>necnon</strong></span> <span class='ocrx_word' id='word_1_608' title='bbox 3510 4806 3650 4860; x_wconf 88' lang='lat' dir='ltr'><strong>pur-</strong></span> 
     </span>
    </p>
   </div>
   <div class='ocr_carea' id='block_1_94' title="bbox 2058 4880 3648 4949">
    <p class='ocr_par' dir='ltr' id='par_1_94' title="bbox 2058 4880 3648 4949">
     <span class='ocr_line' id='line_1_94' title="bbox 2058 4880 3648 4949; baseline 0.002 -17"><span class='ocrx_word' id='word_1_609' title='bbox 2058 4880 2249 4949; x_wconf 87' lang='lat' dir='ltr'><strong>gatorii</strong></span> <span class='ocrx_word' id='word_1_610' title='bbox 2291 4889 2690 4947; x_wconf 72' lang='lat' dir='ltr'><strong>astruetorem;</strong></span> <span class='ocrx_word' id='word_1_611' title='bbox 2730 4890 2791 4935; x_wconf 93' lang='lat' dir='ltr'><strong>ut</strong></span> <span class='ocrx_word' id='word_1_612' title='bbox 2823 4880 3058 4935; x_wconf 90' lang='lat' dir='ltr'><strong>ruditate</strong></span> <span class='ocrx_word' id='word_1_613' title='bbox 3111 4880 3524 4935; x_wconf 76' lang='lat' dir='ltr'><strong>Christianismi</strong></span> <span class='ocrx_word' id='word_1_614' title='bbox 3579 4896 3648 4935; x_wconf 89' lang='lat' dir='ltr'><strong>ac</strong></span> 
     </span>
    </p>
   </div>
   <div class='ocr_carea' id='block_1_95' title="bbox 2059 4971 3647 5043">
    <p class='ocr_par' dir='ltr' id='par_1_95' title="bbox 2059 4971 3647 5043">
     <span class='ocr_line' id='line_1_95' title="bbox 2059 4971 3647 5043; baseline 0.001 -18"><span class='ocrx_word' id='word_1_615' title='bbox 2059 4971 2307 5041; x_wconf 91' lang='lat' dir='ltr'><strong>reliquiis</strong></span> <span class='ocrx_word' id='word_1_616' title='bbox 2341 4972 2664 5041; x_wconf 81' lang='lat' dir='ltr'><strong>gentilitatis</strong></span> <span class='ocrx_word' id='word_1_617' title='bbox 2708 4971 3072 5041; x_wconf 89' lang='lat' dir='ltr'><strong>conspicuum</strong></span> <span class='ocrx_word' id='word_1_618' title='bbox 3101 4990 3115 5038; x_wconf 91' lang='lat'><strong>;</strong></span> <span class='ocrx_word' id='word_1_619' title='bbox 3159 4980 3219 5026; x_wconf 90' lang='lat' dir='ltr'><strong>ut</strong></span> <span class='ocrx_word' id='word_1_620' title='bbox 3248 4971 3647 5043; x_wconf 77' lang='lat' dir='ltr'><strong>pseudepigra-</strong></span> 
     </span>
    </p>
   </div>
   <div class='ocr_carea' id='block_1_96' title="bbox 2055 5065 3644 5138">
    <p class='ocr_par' dir='ltr' id='par_1_96' title="bbox 2055 5065 3644 5138">
     <span class='ocr_line' id='line_1_96' title="bbox 2055 5065 3644 5138; baseline -0.002 -16"><span class='ocrx_word' id='word_1_621' title='bbox 2055 5068 2251 5138; x_wconf 91' lang='lat' dir='ltr'><strong>phum,</strong></span> <span class='ocrx_word' id='word_1_622' title='bbox 2296 5067 2741 5136; x_wconf 87' lang='lat' dir='ltr'><strong>supposititium;</strong></span> <span class='ocrx_word' id='word_1_623' title='bbox 2796 5076 2854 5121; x_wconf 91' lang='lat' dir='ltr'><strong>ut</strong></span> <span class='ocrx_word' id='word_1_624' title='bbox 2898 5067 3064 5121; x_wconf 89' lang='lat' dir='ltr'><strong>alium</strong></span> <span class='ocrx_word' id='word_1_625' title='bbox 3094 5065 3164 5121; x_wconf 92' lang='lat' dir='ltr'><strong>ab</strong></span> <span class='ocrx_word' id='word_1_626' title='bbox 3193 5081 3258 5120; x_wconf 90' lang='lat' dir='ltr'><strong>eo</strong></span> <span class='ocrx_word' id='word_1_627' title='bbox 3288 5079 3451 5136; x_wconf 87' lang='lat' dir='ltr'><strong>quem</strong></span> <span class='ocrx_word' id='word_1_628' title='bbox 3504 5066 3644 5120; x_wconf 88' lang='lat' dir='ltr'><strong>olim</strong></span> 
     </span>
    </p>
   </div>
   <div class='ocr_carea' id='block_1_97' title="bbox 2055 5155 3647 5226">
    <p class='ocr_par' dir='ltr' id='par_1_97' title="bbox 2055 5155 3647 5226">
     <span class='ocr_line' id='line_1_97' title="bbox 2055 5155 3647 5226; baseline -0.004 -11"><span class='ocrx_word' id='word_1_629' title='bbox 2055 5161 2313 5216; x_wconf 87' lang='lat' dir='ltr'><strong>manibus</strong></span> <span class='ocrx_word' id='word_1_630' title='bbox 2358 5160 2605 5215; x_wconf 88' lang='lat' dir='ltr'><strong>terebant</strong></span> <span class='ocrx_word' id='word_1_631' title='bbox 2652 5157 2754 5213; x_wconf 90' lang='lat' dir='ltr'><strong>SS.</strong></span> <span class='ocrx_word' id='word_1_632' title='bbox 2779 5157 3002 5223; x_wconf 86' lang='lat' dir='ltr'><strong>Patres;</strong></span> <span class='ocrx_word' id='word_1_633' title='bbox 3050 5157 3287 5226; x_wconf 88' lang='lat' dir='ltr'><strong>denique</strong></span> <span class='ocrx_word' id='word_1_634' title='bbox 3331 5164 3394 5210; x_wconf 90' lang='lat' dir='ltr'><strong>ut</strong></span> <span class='ocrx_word' id='word_1_635' title='bbox 3436 5155 3647 5210; x_wconf 85' lang='lat' dir='ltr'><strong>barba-</strong></span> 
     </span>
    </p>
   </div>
   <div class='ocr_carea' id='block_1_98' title="bbox 2054 5248 3643 5323">
    <p class='ocr_par' dir='ltr' id='par_1_98' title="bbox 2054 5248 3643 5323">
     <span class='ocr_line' id='line_1_98' title="bbox 2054 5248 3643 5323; baseline -0.004 -14"><span class='ocrx_word' id='word_1_636' title='bbox 2054 5269 2213 5321; x_wconf 89' lang='lat' dir='ltr'><strong>rum,</strong></span> <span class='ocrx_word' id='word_1_637' title='bbox 2266 5262 2431 5323; x_wconf 91' lang='lat' dir='ltr'><strong>atque</strong></span> <span class='ocrx_word' id='word_1_638' title='bbox 2475 5267 2572 5322; x_wconf 93' lang='lat' dir='ltr'><strong>per</strong></span> <span class='ocrx_word' id='word_1_639' title='bbox 2612 5251 2900 5305; x_wconf 65' lang='lat' dir='ltr'><strong>haereticos</strong></span> <span class='ocrx_word' id='word_1_640' title='bbox 2955 5248 3361 5319; x_wconf 83' lang='lat' dir='ltr'><strong>interpolatum,</strong></span> <span class='ocrx_word' id='word_1_641' title='bbox 3413 5248 3643 5302; x_wconf 82' lang='lat' dir='ltr'><strong>insertis</strong></span> 
     </span>
    </p>
   </div>
   <div class='ocr_carea' id='block_1_99' title="bbox 2053 5340 3639 5408">
    <p class='ocr_par' dir='ltr' id='par_1_99' title="bbox 2053 5340 3639 5408">
     <span class='ocr_line' id='line_1_99' title="bbox 2053 5340 3639 5408; baseline -0.006 -5"><span class='ocrx_word' id='word_1_642' title='bbox 2053 5347 2335 5403; x_wconf 89' lang='lat' dir='ltr'><strong>erroribus</strong></span> <span class='ocrx_word' id='word_1_643' title='bbox 2378 5360 2442 5400; x_wconf 90' lang='lat' dir='ltr'><strong>ac</strong></span> <span class='ocrx_word' id='word_1_644' title='bbox 2481 5343 2713 5398; x_wconf 87' lang='lat' dir='ltr'><strong>fabellis.</strong></span> <span class='ocrx_word' id='word_1_645' title='bbox 2748 5341 2899 5408; x_wconf 89' lang='lat' dir='ltr'><strong>Quas</strong></span> <span class='ocrx_word' id='word_1_646' title='bbox 2939 5342 3322 5397; x_wconf 90' lang='lat' dir='ltr'><strong>accusationes</strong></span> <span class='ocrx_word' id='word_1_647' title='bbox 3356 5348 3415 5394; x_wconf 85' lang='lat' dir='ltr'><strong>et</strong></span> <span class='ocrx_word' id='word_1_648' title='bbox 3444 5340 3639 5393; x_wconf 84' lang='lat' dir='ltr'><strong>consi-</strong></span> 
     </span>
    </p>
   </div>
   <div class='ocr_carea' id='block_1_100' title="bbox 2053 5434 3637 5509">
    <p class='ocr_par' dir='ltr' id='par_1_100' title="bbox 2053 5434 3637 5509">
     <span class='ocr_line' id='line_1_100' title="bbox 2053 5434 3637 5509; baseline -0.006 -12"><span class='ocrx_word' id='word_1_649' title='bbox 2053 5444 2232 5509; x_wconf 90' lang='lat' dir='ltr'><strong>miles,</strong></span> <span class='ocrx_word' id='word_1_650' title='bbox 2258 5441 2570 5497; x_wconf 87' lang='lat' dir='ltr'><strong>frivolo‘aut</strong></span> <span class='ocrx_word' id='word_1_651' title='bbox 2596 5440 2747 5493; x_wconf 91' lang='lat' dir='ltr'><strong>nullo</strong></span> <span class='ocrx_word' id='word_1_652' title='bbox 2779 5436 3138 5491; x_wconf 86' lang='lat' dir='ltr'><strong>fundamento</strong></span> <span class='ocrx_word' id='word_1_653' title='bbox 3179 5434 3467 5495; x_wconf 77' lang='lat' dir='ltr'><strong>subnixas,</strong></span> <span class='ocrx_word' id='word_1_654' title='bbox 3506 5449 3637 5487; x_wconf 89' lang='lat' dir='ltr'><strong>cum</strong></span> 
     </span>
    </p>
   </div>
   <div class='ocr_carea' id='block_1_101' title="bbox 2053 5520 3638 5601">
    <p class='ocr_par' dir='ltr' id='par_1_101' title="bbox 2053 5520 3638 5601">
     <span class='ocr_line' id='line_1_101' title="bbox 2053 5520 3638 5601; baseline -0.008 -14"><span class='ocrx_word' id='word_1_655' title='bbox 2053 5532 2123 5587; x_wconf 90' lang='lat' dir='ltr'><strong>ad</strong></span> <span class='ocrx_word' id='word_1_656' title='bbox 2179 5532 2298 5586; x_wconf 89' lang='lat' dir='ltr'><strong>loca</strong></span> <span class='ocrx_word' id='word_1_657' title='bbox 2338 5530 2782 5601; x_wconf 87' lang='lat' dir='ltr'><strong>pervenerimus,</strong></span> <span class='ocrx_word' id='word_1_658' title='bbox 2830 5525 2879 5580; x_wconf 88' lang='lat' dir='ltr'><strong>si</strong></span> <span class='ocrx_word' id='word_1_659' title='bbox 2938 5539 3162 5579; x_wconf 87' lang='lat' dir='ltr'><strong>necesse</strong></span> <span class='ocrx_word' id='word_1_660' title='bbox 3215 5524 3389 5577; x_wconf 84' lang='lat' dir='ltr'><strong>visum</strong></span> <span class='ocrx_word' id='word_1_661' title='bbox 3443 5520 3638 5587; x_wconf 79' lang='lat' dir='ltr'><strong>fuerit,</strong></span> 
     </span>
    </p>
   </div>
   <div class='ocr_carea' id='block_1_102' title="bbox 2053 5616 3637 5691">
    <p class='ocr_par' dir='ltr' id='par_1_102' title="bbox 2053 5616 3637 5691">
     <span class='ocr_line' id='line_1_102' title="bbox 2053 5616 3637 5691; baseline -0.007 -14"><span class='ocrx_word' id='word_1_662' title='bbox 2053 5623 2165 5679; x_wconf 86' lang='lat' dir='ltr'><strong>Deo</strong></span> <span class='ocrx_word' id='word_1_663' title='bbox 2193 5623 2390 5689; x_wconf 89' lang='lat' dir='ltr'><strong>dante,</strong></span> <span class='ocrx_word' id='word_1_664' title='bbox 2432 5622 2639 5691; x_wconf 90' lang='lat' dir='ltr'><strong>absque</strong></span> <span class='ocrx_word' id='word_1_665' title='bbox 2680 5617 3058 5675; x_wconf 82' lang='lat' dir='ltr'><strong>confutatione</strong></span> <span class='ocrx_word' id='word_1_666' title='bbox 3097 5631 3206 5671; x_wconf 87' lang='lat' dir='ltr'><strong>non</strong></span> <span class='ocrx_word' id='word_1_667' title='bbox 3234 5616 3637 5684; x_wconf 90' lang='lat' dir='ltr'><strong>relinquemus.</strong></span> 
     </span>
    </p>
   </div>
   <div class='ocr_carea' id='block_1_103' title="bbox 2125 5706 3636 5788">
    <p class='ocr_par' dir='ltr' id='par_1_103' title="bbox 2125 5706 3636 5788">
     <span class='ocr_line' id='line_1_103' title="bbox 2125 5706 3636 5788; baseline -0.005 -17"><span class='ocrx_word' id='word_1_668' title='bbox 2125 5716 2359 5773; x_wconf 86' lang='lat' dir='ltr'><strong>Medium</strong></span> <span class='ocrx_word' id='word_1_669' title='bbox 2413 5715 2598 5788; x_wconf 87' lang='lat' dir='ltr'><strong>itaque</strong></span> <span class='ocrx_word' id='word_1_670' title='bbox 2650 5710 2794 5769; x_wconf 79' lang='lat' dir='ltr'><strong>beati</strong></span> <span class='ocrx_word' id='word_1_671' title='bbox 2846 5719 3091 5779; x_wconf 86' lang='lat' dir='ltr'><strong>tenuere,</strong></span> <span class='ocrx_word' id='word_1_672' title='bbox 3138 5724 3265 5766; x_wconf 88' lang='lat' dir='ltr'><strong>cum</strong></span> <span class='ocrx_word' id='word_1_673' title='bbox 3311 5706 3468 5773; x_wconf 89' lang='lat' dir='ltr'><strong>olim,</strong></span> <span class='ocrx_word' id='word_1_674' title='bbox 3513 5717 3636 5763; x_wconf 77' lang='lat' dir='ltr'><strong>tum</strong></span> 
     </span>
    </p>
   </div>
  </div>
