3822 6218
107 310 223 366 8’5!

1386 312 1677 369 PASTOR.
1716 343 1788 355 —
1818 311 2187 369 PROGJMIA.

3309 311 3416 366 8N

112 447 329 503 nuper,
367 431 686 504 quicunque
707 430 923 489 Hermae
944 430 1220 487 Pastorem
1244 430 1567 501 judicavere
1596 432 1721 486 σύν·
1750 436 1797 494 Α
1822 432 1984 487 Certe
2018 433 2193 488 multo
2226 430 2380 503 plura
2420 433 2563 503 apud
2593 433 2899 491 Barnabam
2941 444 2994 491 et
3044 436 3098 491 in
3129 439 3411 494 Constitu-

109 540 318 595 ταγμα
348 539 460 578 non
486 524 707 595 quidem
741 525 1099 589 canonicum,
1127 522 1221 578 sed
1254 523 1716 588 ecclesiasticum,

113 631 191 670 ac
222 616 449 687 optima:
489 625 653 683 notae,
680 626 736 671 et
764 614 1238 686 propugnaculum
1270 614 1397 669 ﬁdei
1437 616 1723 671 catholicae

116 709 402 763 adversus
426 707 672 763 Montani
698 708 994 775 duritiam;
1033 708 1101 762 ad
1132 708 1249 762 haec
1282 705 1452 762 fetum
1484 708 1719 776 Hermae,

118 802 424 871 apostolici
457 800 609 855 illius
638 800 740 855 viri
770 801 943 870 (nulla
969 800 1171 869 quippe
1206 798 1348 853 ratio
1383 803 1719 857 contrarium

114 894 382 964 evincit),
410 909 575 963 quem
604 892 811 947 Paulus
846 893 901 946 in
935 892 1043 947 ﬁne
1066 891 1323 962 Epistolas
1348 893 1415 946 ad
1442 893 1721 951 Romanos

118 987 363 1040 salutari
390 986 567 1056 jubet.
604 983 740 1039 Nam
773 986 869 1056 qui
901 985 1213 1041 Hermctem
1257 1001 1353 1040 seu
1378 986 1633 1043 Hermem
1664 988 1719 1042 in

117 1081 284 1135 illius
334 1080 517 1134 locum
570 1080 949 1148 substituunt,
996 1090 1092 1136 aut
1142 1093 1440 1154 utrumque
1485 1082 1722 1138 confun-

117 1169 302 1234 dunt,
339 1170 550 1239 decepti
599 1171 855 1225 videntur
899 1187 928 1225 a
960 1172 1145 1230 fabula
1174 1174 1324 1230 Libri
1368 1175 1717 1246 pontiﬁcalis,

117 1259 223 1314 ubi
269 1259 335 1314 ad
374 1260 790 1315 similitudinem
824 1260 1037 1318 Hermae
1066 1265 1291 1335 ﬁngitur
1320 1266 1543 1336 quidam
1581 1264 1720 1320 Her-

119 1363 285 1415 mes,
335 1348 418 1403 Pii
467 1365 620 1420 papae
666 1351 830 1420 primi
884 1351 1073 1413 frater.
1134 1354 1375 1423 scriptor
1433 1354 1560 1408 libri
1611 1369 1721 1423 quo

120 1442 521 1497 continebatur
565 1441 879 1498 Mandatum
913 1445 1115 1513 angeli,
1148 1446 1251 1500 visi
1288 1447 1344 1501 in
1377 1446 1568 1500 habitu
1617 1460 1722 1515 pa-

120 1534 324 1598 storis,
365 1533 432 1588 de
457 1532 726 1589 Paschate
759 1534 848 1589 die
870 1534 1155 1591 Dominica
1187 1538 1535 1592 celebrando.
1560 1535 1720 1604 Quod

117 1635 503 1682 commentum
549 1627 706 1682 multi
747 1628 983 1699 amplexi
1024 1637 1186 1696 sunt,
1215 1631 1596 1702 praecipueque
1619 1645 1718 1685 ne-

119 1720 250 1775 scio
304 1721 433 1789 quis
478 1728 637 1789 poeta
699 1721 803 1775 sub
848 1721 1083 1776 honesto
1121 1721 1443 1779 Tertulliani
1496 1723 1720 1779 nomine

1824 524 2068 578 tionibus
2100 526 2499 593 apostolorum,
2528 526 2635 581 hoc
2664 526 3126 584 denominationis
3162 529 3233 585 iis
3266 532 3409 585 scri-

1822 616 1931 685 ptis
1966 630 2073 668 non
2102 615 2321 670 dedere.
2358 616 2412 670 4.
2447 616 2647 685 Aperte
2676 615 2737 669 Β.
2767 615 3134 687 Hieronymus
3171 620 3227 673 in
3257 630 3411 675 cata-

1821 708 1947 778 logo
1975 707 2254 762 Iudicium
2293 709 2440 763 Petri
2477 709 2766 779 diStinguit
2802 711 2871 764 ab
2901 709 3113 766 Hermae
3146 713 3407 770 Pastore:

1822 798 1890 852 de
1936 798 2114 867 primo
2165 799 2311 853 enim
2359 799 2582 853 disserit
2638 800 2692 852 in
2740 798 2921 865 Petro,
2956 801 3025 855 de
3057 802 3299 857 secundo
3351 804 3407 859 in

1825 886 2046 943 Henna.
2070 889 2250 959 Atque
2281 890 2396 944 lucc
2430 890 2496 944 ad
2522 889 2803 946 Ruﬁnum.

1895 977 1974 1033 Ex
2023 979 2281 1051 Origenis
2316 990 2498 1034 autem
2530 982 2731 1043 verbis,
2785 982 2882 1038 lib.
2914 999 2968 1037 Iv
3002 983 3079 1039 De
3102 988 3407 1058 principiis,

1822 1072 2023 1142 cap.2,
2073 1073 2129 1126 in
2174 1071 2491 1126 Philocalia:
2550 1089 2671 1143 cap.
2728 1075 2780 1141 l,
2829 1091 2883 1145 p.
2931 1074 3044 1129 22:
3099 1078 3202 1132 Διὰ
3249 1079 3412 1135 τοῦτο
3506 1086 3507 1089 “

1820 1163 1981 1233 ἡμεῖς
2013 1165 2107 1217 καὶ
2137 1166 2198 1219 τὸ
2228 1167 2286 1219 ἐν
2319 1166 2398 1239 τῷ
2437 1167 2541 1220 ὑπό
2573 1184 2735 1220 τινων
2786 1156 3284 1243 καταφρονουμένῲ
3326 1172 3411 1242 βι-

1822 1253 1955 1325 ϐλίῳ
1989 1254 2069 1325 τῷ
2091 1257 2339 1327 Ποιμένι,
2389 1258 2517 1327 περὶ
2554 1256 2650 1309 τοῦ
2685 1260 3124 1329 προστάσσεσθαι
3165 1261 3257 1316 τὸν
3283 1264 3409 1336 Ἐρ-

1825 1345 1932 1414 μᾶν
1960 1344 2053 1397 δύο
2084 1346 2291 1416 γράψαι
2324 1347 2523 1417 βιϐλία,
2548 1349 2643 1401 καὶ
2679 1348 2818 1418 μετὰ
2846 1349 3017 1405 ταῦτα
3050 1354 3211 1407 αὑτὸν
3235 1356 3407 1425 ἀναγ-

1820 1437 2029 1506 γέλλειν
2063 1443 2177 1503 τοῖς
2201 1440 2591 1512 πρεσϐυτέροις
2617 1441 3059 1512 τῆςἙκκλησὶας
3090 1446 3126 1500 ἃ
3160 1447 3410 1519 μεμάθη-

1821 1547 1917 1583 κεν
1944 1531 2050 1584 ὺπὸ
2076 1531 2170 1584 τοῦ
2196 1532 2336 1585 ΙΙνεύ
2346 1550 2535 1603 ματος,
2560 1534 2702 1588 οὕτω
2748 1536 3105 1607 διηγούμεθα.
3146 1537 3260 1592 Hoc
3299 1546 3410 1603 est,

1823 1619 1953 1676 Ideo
1987 1640 2083 1676 nos
2112 1632 2163 1677 et
2197 1624 2335 1678 illud
2370 1626 2427 1679 in
2450 1623 2697 1691 Pastore,
2728 1626 2866 1682 libro
2895 1630 2986 1698 qui
3026 1646 3058 1682 a
3088 1629 3410 1699 quibusdam

1823 1716 2209 1782 contemnitur,
2252 1732 2371 1769 cum
2391 1716 2612 1785 jubetur
2640 1716 2867 1771 Hermas
2896 1719 3027 1773 duos
3070 1719 3233 1773 libros
3276 1722 3411 1774 scri-

117 1812 309 1867 lateus
339 1812 376 1865 1,
412 1828 473 1867 ιιι
518 1813 769 1866 adversus
802 1812 1152 1889 May-donem,
1180 1815 1235 1870 in
1264 1817 1408 1882 ﬁne;
1446 1816 1575 1870 item
1600 1814 1719 1884 epi-
1752 1782 1794 1836 Β
1825 1804 1962 1871 bere,
2007 1806 2217 1876 ipseque
2254 1816 2436 1876 postea
2476 1809 2797 1862 anuuntiare
2832 1810 3129 1864 senioribus
3162 1810 3411 1867 Ecclesia:

117 1904 396 1959 stolarum
430 1920 583 1974 papm
613 1904 694 1959 Pii
722 1905 1040 1971 fabricator,
1074 1906 1232 1977 epist.
1269 1908 1294 1962 i
1326 1925 1340 1973 ;
1381 1906 1547 1972 Beda,
1579 1906 1720 1972 Ado,

120 1997 251 2063 alii,
282 1996 335 2049 in
369 1995 685 2061 Chronieis,
718 1997 771 2050 in
804 1996 1244 2069 Martyrologiis;
1274 2014 1375 2051 nec
1401 2012 1508 2050 non
1533 2006 1723 2052 auctor

108 2082 374 2154 Catalogi
415 2087 729 2158 pontiﬁcum
768 2104 1112 2144 romanorum
1131 2129 1146 2153 ,
1176 2089 1244 2143 ab
1269 2087 1492 2158 IEgidio
1508 2087 1723 2144 Buche~

119 2178 213 2232 rio
242 2178 296 2231 in
325 2178 737 2233 Commentario
759 2179 828 2233 ad
858 2177 1376 2234 VictoriiCanonem
1392 2167 1712 2233 Paschalem

118 2270 333 2334 editus,
348 2271 438 2340 qui
458 2271 643 2327 forsan
660 2287 727 2327 ex
749 2272 1225 2343 pseudo-Damaso
1242 2272 1402 2325 debet
1416 2270 1718 2325 emendari.

122 2362 238 2418 Sed
258 2372 312 2419 et
341 2363 499 2420 facile
529 2364 631 2420 fuit
660 2365 920 2431 librariis,
960 2365 1217 2419 Hennam
1240 2374 1454 2419 mutare
1490 2365 1545 2418 in
1578 2363 1721 2418 Her-

120 2465 349 2520 mem,et
362 2456 609 2512 Hermem
626 2458 745 2513 vice
760 2474 914 2512 versa
934 2456 986 2511 in
1010 2456 1287 2511 Hcrmam.
1308 2456 1508 2526 Sicque
1530 2455 1724 2509 fortas-

123 2549 211 2603 sis
242 2550 385 2617 apud
404 2548 723 2621 Magistrum
750 2548 1185 2613 Sententiarum,
1232 2549 1329 2603 lib.
1366 2566 1441 2612 Iv,
1467 2548 1599 2602 dist.
1628 2548 1721 2613 55,

120 2656 189 2697 n.
213 2640 272 2705 5,
307 2655 374 2695 ex
401 2638 599 2695 Herma
639 2640 816 2697 factus
854 2641 1019 2696 fuerit
1048 2640 1270 2695 Hermes
1300 2656 1317 2695 :
1360 2641 1724 2710 similiterque

124 2733 186 2788 in
243 2730 535 2787 Ruﬁniana
575 2732 826 2803 Origenis
894 2735 1379 2805 interpretatione,
1430 2734 1527 2787 lib.
1571 2750 1589 2788 ι
1644 2732 1723 2813 De

122 2825 431 2895 principiis,
465 2841 584 2895 cap.
615 2827 680 2892 5,
704 2835 759 2881 et
791 2826 886 2880 lib.
918 2841 993 2889 Iv,
1030 2841 1150 2896 cap.
1184 2825 1239 2879 2.
1276 2824 1562 2879 Postremo
1593 2840 1725 2880 sane

124 2918 254 2973 loco
287 2928 451 2988 caput
494 2920 732 2988 primum
780 2918 1101 2974 Philocalia:
1151 2918 1409 2974 Hermam
1461 2914 1720 2974 ostendit.

124 3010 197 3065 Et
225 3020 420 3066 contra
454 3010 595 3067 forte
622 3012 914 3082 pratdictus
936 3021 1096 3083 poeta
1148 3011 1370 3067 Hermes
1403 3015 1721 3082 scripserat,

120 3116 239 3156 non
264 3100 529 3167 Hermas;
562 3104 665 3158 nisi
697 3104 766 3169 si,
794 3120 956 3175 quem
991 3120 1237 3159 errorem
1268 3120 1483 3160 errasse
1509 3104 1722 3158 videtur

127 3192 524 3265 pseudo-Pius,
560 3193 817 3249 Hermem
853 3206 907 3250 et
928 3194 1186 3251 Hennam
1222 3213 1327 3267 pro
1354 3212 1463 3252 uno
1493 3197 1717 3252 eodem-

124 3298 239 3351 que
275 3282 547 3339 habuerit.
590 3283 703 3340 Nec
744 3286 1037 3353 dissimili,
1079 3287 1333 3357 quamvis
1368 3288 1473 3342 alia
1518 3288 1720 3358 depra-

124 3373 355 3428 vatione
385 3376 655 3432 editioncs
697 3376 755 3431 S.
785 3374 1104 3449 Hieronymi
1149 3379 1290 3433 libro
1316 3377 1393 3431 De
1421 3380 1719 3433 nominibus

130 3465 451 3533 Hebraicis,
503 3470 681 3539 capite
730 3470 796 3524 de
825 3469 1069 3540 Epistola
1110 3471 1177 3525 ad
1210 3470 1519 3535 Romanos,
1566 3471 1722 3525 exhi—

128 3558 282 3623 bent,
322 3557 537 3622 Ermon,
584 3560 1099 3614 anathematizantes
1151 3577 1459 3625 mwrorem;
1506 3578 1631 3615 cum
1668 3572 1722 3616 et

129 3664 221 3704 res
253 3650 393 3720 ipsa,
430 3659 485 3704 et
524 3652 705 3720 capita
747 3651 815 3705 de
840 3650 1117 3717 Numeris,
1152 3652 1220 3706 de
1246 3650 1397 3707 Actis
1440 3652 1722 3720 apostolo~

128 3758 279 3807 rum,
312 3740 507 3795 Ermen
534 3744 906 3813 reponendum
940 3743 1334 3812 persuadeant;
1370 3744 1584 3798 tametsi
1614 3742 1721 3795 Er-

127 3854 257 3892 mon
294 3854 515 3909 quoque
560 3841 755 3895 eodem
798 3855 965 3895 sensu
1000 3847 1309 3907 exponatur
1348 3837 1405 3895 in
1448 3838 1721 3907 capitibus

128 3929 203 3986 de
248 3928 696 3995 Deuteronomio,
748 3929 817 3984 de
868 3928 998 3984 Jesu
1052 3927 1202 3985 Nave
1264 3929 1381 4000 (ubi
1428 3944 1721 4001 perperam

130 4014 307 4071 Emon
336 4018 586 4089 apparet)
627 4018 771 4073 etde
795 4016 1085 4073 Psalterio.

200 4106 324 4163 Jam
351 4126 483 4165 vero
504 4126 570 4164 ex
597 4110 779 4165 Ruﬁni
805 4109 875 4163 ad
898 4108 1206 4179 Symbolum
1231 4109 1412 4164 verbis
1436 4108 1725 4165 obscurio-

128 4202 286 4259 ribus
332 4204 579 4259 nascitur
617 4204 872 4273 quaestio.
919 4202 1053 4269 Quae
1096 4203 1143 4258 si
1185 4204 1258 4257 ita
1292 4202 1724 4273 distinguantur,

130 4292 370 4349 Libellus
412 4297 504 4366 qui
529 4296 730 4349 dicitur
757 4295 1002 4351 Pastoris
1042 4298 1150 4352 sive
1181 4294 1478 4360 Hermatis,
1503 4294 1594 4364 qui
1625 4311 1724 4364 ap-

124 4387 366 4457 pellatur
418 4386 550 4443 Duaz
583 4387 695 4443 Via:
752 4389 832 4443 vel
886 4388 1165 4443 Iudicium
1212 4387 1397 4452 Petri;
1447 4402 1590 4441 unus
1629 4401 1729 4440 no-

1822 1915 1884 1952 ea
1916 1914 2035 1967 qute
2069 1916 2101 1952 a
2126 1899 2331 1968 Spiritu
2368 1900 2653 1965 didicerat,
2687 1901 2764 1954 sic
2799 1903 3135 1971 exponimus.
3171 1901 3247 1955 Ex
3282 1902 3409 1970 hoc,

1824 1990 2076 2060 inquam,
2122 2006 2377 2046 sermone
2412 1991 2767 2060 conjccerunt
2804 1993 2908 2046 viri
2949 1993 3095 2047 docti
3131 1992 3412 2049 Pastorem

1823 2083 2237 2138 commentariis
2273 2084 2340 2137 ab
2366 2082 2598 2154 Origene
2623 2082 2794 2139 fuisse
2827 2085 3181 2140 illustratum.
3224 2085 3413 2153 Quan-

1822 2190 1989 2245 quam
2040 2175 2282 2245 loquitur
2324 2174 2596 2230 duntaxat
2633 2177 2700 2231 de
2743 2178 2997 2247 praesenti
3042 2179 3411 2249 expositione,

1824 2282 1993 2336 quam
2045 2282 2239 2336 nempe
2272 2266 2464 2321 eodem
2496 2268 2604 2321 loci
2638 2277 2763 2338 post
2788 2268 3000 2323 Hermae
3035 2270 3407 2325 testimonium

1824 2361 2005 2415 statim
2046 2360 2348 2430 subjungit.
2403 2358 2499 2414 Est
2543 2370 2596 2415 et
2634 2361 2776 2415 alius
2819 2376 2973 2415 error
3020 2362 3407 2417 nonnullorum

1830 2450 1968 2504 adeo
1995 2465 2222 2505 crassus
2244 2492 2259 2516 ,
2299 2457 2359 2503 ut
2392 2466 2493 2504 nec
2526 2450 2873 2507 rrfutationis
2915 2453 3064 2523 indig
3098 2462 3170 2507 at.
3213 2453 3412 2510 Dicunt

1824 2542 1891 2596 ab
1928 2541 2278 2612 Hieronymo,
2332 2543 2384 2595 in
2425 2541 2660 2613 Prologo
2708 2544 2941 2613 galeato,
2986 2560 3084 2615 per
3130 2544 3412 2600 Pastorem

1825 2650 1935 2688 non
1986 2634 2213 2704 intelligi
2262 2634 2462 2689 librum
2513 2634 2755 2700 Herm-ae,
2806 2636 2901 2691 sed
2939 2638 3156 2691 tertium
3192 2636 3413 2692 Maelia-

1823 2727 2102 2793 bzeorum,
2149 2734 2401 2780 contorta
2451 2733 2505 2779 et
2548 2726 2707 2795 longe
2757 2726 2926 2795 petita
2975 2735 3190 2783 utentes
3238 2728 3413 2781 dedu-

1826 2818 2006 2873 ctione
2061 2817 2169 2870 ἀπὸ
2214 2817 2316 2887 τῆς
2358 2817 2630 2880 παστάδος
2677 2816 2793 2871 slve
2835 2817 3111 2881 παστίδος.
3159 2818 3296 2872 Cum
3340 2832 3414 2873 ex

1826 2911 1949 2966 aliis
1995 2909 2311 2982 Hieronymi
2362 2920 2801 2981 creterorumque
2853 2911 2989 2966 locis
3044 2927 3133 2967 res
3174 2910 3411 2967 manife-

1826 3004 2068 3061 stissime
2096 3013 2300 3075 pateat.

1898 3098 2163 3167 Denique,
2193 3098 2354 3167 cujus
2379 3097 2647 3151 habemus
2682 3095 3189 3151 animadversiones
3210 3098 3424 3169 multas

1825 3191 1892 3246 ad
1922 3201 2171 3246 nostrum
2206 3200 2518 3255 auctorem,
2554 3188 2832 3254 Barthius,
2860 3204 2986 3243 cum
3028 3190 3230 3258 passim
3263 3190 3409 3244 labi-

1821 3292 1935 3349 tur,
1963 3292 2077 3337 tum
2122 3292 2315 3337 contra
2358 3282 2641 3351 antiquam
2675 3296 2793 3334 eam
2828 3281 3139 3336 versionem
3168 3291 3414 3351 quatuor

1824 3374 2139 3430 committit.
2168 3372 2355 3438 Prius,
2394 3372 2717 3441 appellando
2757 3373 3045 3437 rusticam,
3076 3372 3413 3427 semibarba-

1821 3482 1963 3530 ram,
2003 3465 2379 3519 semivetcrem
2413 3481 2425 3516 :
2454 3465 2597 3533 quod
2641 3466 2958 3535 neutiquam
3000 3473 3103 3518 est.
3142 3464 3410 3531 Alterum,

1824 3566 2024 3612 temere
2056 3565 2109 3612 et
2141 3559 2349 3627 absque
2385 3559 2493 3613 ulla
2536 3559 2770 3625 ratione,
2804 3561 2915 3615 imo
2962 3570 3153 3613 contra
3189 3576 3410 3614 omnem

1823 3650 2092 3705 rationem
2114 3691 2129 3713 ,
2162 3648 2502 3713 allirmando,
2536 3651 2809 3719 epitomen
2865 3652 3041 3722 magis
3084 3666 3207 3707 esse
3242 3666 3411 3720 quam

1823 3742 2346 3812 interpretationem.
2416 3745 2485 3795 At
2525 3744 2680 3797 aliter
2723 3760 2837 3799 rem
2883 3761 2941 3800 sc
2990 3745 3191 3799 habere
3244 3745 3415 3815 liquet

1824 3852 1891 3891 ex
1934 3835 2316 3889 convenientia
2369 3842 2615 3888 textuum
2656 3852 2687 3890 a
2736 3835 3010 3890 veteribus
3051 3837 3410 3905 prolaturum.

1823 3924 2090 3995 Equidem
2128 3924 2382 3978 videntur
2413 3925 2515 3979 ista
2545 3926 2704 3979 citari
2736 3942 2801 3979 ex
2827 3924 3053 3980 Pastore
3083 3942 3113 3980 a
3133 3928 3413 3982 Clemente

1827 4016 2028 4072 Strom.
2062 4032 2121 4083 ll,
2148 4033 2273 4086 pag.
2323 4017 2467 4070 584:
2504 4018 2835 4088 Προηγεῖται
2886 4018 2985 4088 μὲν
3019 4019 3222 4082 πίστις,
3251 4018 3414 4088 φόϐος

1824 4110 1882 4164 δὲ
1912 4109 2205 4180 οἰκοδομεῖ,
2238 4109 2434 4161 τελειοῖ
2463 4109 2519 4162 δὲ
2568 4112 2601 4179 ἡ
2635 4110 2843 4181 ἀγάπη.
2900 4109 3161 4167 Prtecedit
3198 4112 3413 4183 quidem

1773 4260 1777 4265 ,
1826 4205 1981 4276 fides,
2022 4206 2182 4258 timor
2226 4221 2345 4258 vero
2390 4204 2651 4272 aediﬁcat,
2690 4205 2894 4274 perﬁcit
2928 4214 3103 4259 autem
3137 4206 3412 4270 rharitas;

1828 4315 1950 4369 quae
1996 4298 2069 4352 ibi
2105 4313 2213 4351 non
2256 4296 2645 4362 inveniuntur;
2685 4312 2873 4349 verum
2918 4297 3215 4353 Clementis
3258 4307 3412 4363 sunt,

1830 4407 1930 4447 sua
1964 4388 2271 4445 llermaieis
2310 4388 2711 4443 interserentis.
2745 4386 2988 4441 Tertium
3026 4388 3414 4453 commissum,

126 4490 246 4531 sler
281 4477 418 4536 liber
460 4492 697 4547 quatuor
734 4489 886 4551 geret
932 4480 1177 4544 nomina,
1216 4476 1438 4544 Pastor,
1473 4476 1723 4545 Hermas,
1758 4479 1803 4533 D
1829 4484 2051 4555 quando
2095 4482 2348 4537 futilibus
2402 4480 2736 4547 conjecturis
2781 4481 3104 4549 bariolatur,
3148 4482 3411 4551 scriptam

128 4569 269 4631 Dua:
302 4568 445 4636 γεω,
478 4568 756 4623 Iudicium
788 4570 960 4624 Petri.
1002 4570 1099 4623 Sin
1144 4577 1326 4622 autem
1371 4569 1464 4623 ubi
1510 4569 1721 4641 virgula

124 4662 493 4732 conspicitur,
532 4664 710 4733 major
743 4664 1025 4719 distinctio
1066 4678 1323 4733 ponatur,
1372 4663 1485 4716 duo
1515 4673 1719 4732 puncta

126 4752 215 4806 vel
246 4761 507 4823 punctum
546 4770 671 4808 cum
709 4756 919 4825 virgula
944 4796 959 4822 ,
1000 4756 1111 4809 duo
1150 4755 1556 4810 constituentur
1597 4754 1720 4808 libri

125 4844 467 4911 liinomines,
503 4847 638 4901 alter
673 4846 937 4915 Pastoris,
970 4849 1075 4903 sive
1106 4848 1397 4914 Hermatis,
1429 4849 1566 4902 alter
1591 4847 1723 4903 Duae

140 4934 288 5004 l'iat,
338 4937 415 4991 vel
453 4936 731 4992 Iudicium
761 4938 930 4993 Petri.
993 4938 1255 5010 Equidem
1291 4940 1475 4993 nullus
1509 4938 1719 5003 dubito,

126 5028 271 5100 quin
305 5028 526 5083 diversa
557 5031 839 5084 volumina
873 5032 1223 5086 exstiterint:
1262 5031 1512 5100 suspicor
1548 5030 1721 5100 magis

121 5136 154 5175 a
179 5117 386 5174 Ruﬁno
414 5121 705 5192 scriptum,
738 5121 977 5177 Libellus
1006 5126 1097 5194 qui
1120 5123 1323 5176 dicitur
1340 5123 1584 5177 Pastoris
1614 5123 1721 5175 sive

125 5208 446 5274 Hermatis;
477 5215 671 5284 quique
707 5214 1013 5284 appellatur
1032 5215 1166 5270 Dua:
1202 5214 1313 5270 Viae
1342 5214 1421 5269 vel
1443 5213 1720 5268 Judicium

122 5301 306 5357 Petri.
355 5302 639 5371 Rationes,
687 5322 789 5361 cur
830 5322 994 5377 opera
1045 5323 1157 5361 non
1208 5306 1564 5373 confundam,
1603 5306 1720 5360 haec

123 5402 294 5450 sunt:
325 5395 376 5449 l.
407 5395 483 5451 De
515 5413 625 5452 uno
647 5398 831 5453 libello
865 5400 945 5453 sic
981 5399 1196 5455 locutus
1231 5398 1467 5454 fuisset:
1502 5398 1609 5464 Qui
1632 5399 1720 5451 di-

124 5488 275 5541 citur
304 5485 577 5551 Pastoris,
606 5490 712 5545 sive
739 5488 1036 5559 Hermatis,
1069 5492 1176 5546 sive
1203 5491 1335 5545 Duae
1362 5490 1494 5554 Vim,
1521 5490 1599 5545 vel
1617 5490 1720 5543 Ju-

123 5578 328 5632 dicium
350 5577 520 5634 Petri.
580 5580 638 5635 2.
668 5579 725 5635 In
755 5590 870 5636 toto
894 5580 1120 5635 Pastore
1148 5598 1214 5637 ne
1243 5582 1468 5637 verbum
1497 5582 1714 5651 quidem

124 5670 197 5725 de
222 5668 405 5725 Petro.
451 5672 504 5725 5.
531 5670 803 5728 Pauciora
835 5674 904 5729 de
937 5674 1153 5730 duabus
1176 5674 1280 5729 viis
1312 5672 1520 5744 profert
1553 5673 1715 5729 initio

126 5764 374 5822 mandati
422 5767 602 5834 sexti,
658 5782 824 5838 quam
883 5777 942 5825 ut
990 5767 1114 5824 inde
1166 5782 1368 5824 nomen
1416 5767 1709 5836 acciperet.

1827 4572 2002 4627 fuisse
2053 4579 2176 4641 post
2226 4569 2547 4641 Hieronymi
2601 4579 2872 4638 tempora,
2923 4580 2971 4625 et
3026 4572 3095 4624 ab
3120 4573 3412 4627 Anastasio

1824 4661 2269 4716 Bibliotliecario.
2322 4659 2487 4723 Esto,
2540 4660 2915 4718 concedamus
2946 4662 3256 4715 barbariem
3292 4662 3414 4716 ubi-

1825 4772 1931 4825 que
1962 4755 2207 4808 redolere
2234 4772 2247 4807 :
2275 4771 2404 4809 num
2437 4754 2624 4809 eadem
2656 4754 2723 4809 de
2759 4770 2925 4810 causa
2963 4754 3411 4823 antiquissimam

1827 4849 2011 4903 Irenwi
2088 4849 2594 4918 interpretationem
2662 4846 2958 4899 Anastasio
3033 4845 3415 4901 aseribemus?

1827 4938 1929 4992 Sed
1988 4938 2354 5011 Hieronymus
2414 4948 2645 4993 testatur
2692 4936 2970 5007 plerisque
3017 4938 3101 4991 sui
3144 4938 3414 5007 temporis

1824 5034 2034 5087 Latinis
2071 5032 2283 5087 Hermae
2322 5033 2579 5086 volumen
2615 5030 2894 5099 ignorari!
2944 5030 3085 5096 Quid
3128 5029 3303 5084 inde?
3346 5029 3415 5084 At

1823 5128 1996 5181 multo
2038 5135 2198 5180 antea
2238 5125 2382 5196 plebi
2432 5120 2708 5179 Africana:
2752 5124 3106 5178 notissimum
3158 5122 3410 5187 exstitit;

1826 5227 2016 5288 utpote
2047 5235 2113 5273 ex
2146 5219 2305 5287 cujus
2369 5217 2604 5271 lectione
2640 5231 2761 5270 mos
2801 5200 3107 5269 invaluerat
3135 5215 3413 5285 assignata

1820 5309 2068 5363 oratione
2116 5307 2426 5371 assidendi,
2464 5315 2524 5361 ut
2562 5306 2743 5360 verbis
2792 5314 2915 5359 utar
2953 5303 3299 5359 Tertulliani.
3343 5302 3413 5355 At

1821 5416 1849 5455 a
1879 5400 2086 5455 Latinis
2116 5400 2423 5462 catholicis,
2457 5410 2700 5468 tempore
2741 5396 3036 5468 Zepliyrini
3070 5412 3134 5450 ac
3164 5393 3409 5462 ejusdem

1820 5490 2253 5554 Tertulliani,ad
2291 5490 2654 5561 jugulandam
2686 5488 2931 5543 Montani
2958 5487 3289 5557 impietatem
3315 5483 3415 5537 ad-

1819 5581 2133 5636 hibebatur.
2188 5582 2332 5636 Sane
2377 5590 2504 5657 ante
2546 5580 2901 5636 Anastasium
2938 5579 3006 5633 ab
3048 5576 3407 5645 Hieronymo,

1819 5670 2041 5739 Ruﬁno,
2066 5672 2356 5739 Cassiano,
2382 5672 2623 5739 Gelasio,
2648 5672 2788 5727 Beda
2818 5681 2873 5725 et
2893 5667 3162 5724 Walfrido
3183 5664 3408 5730 Strabo,

1819 5764 2029 5823 Latinis
2079 5767 2469 5838 scriptoribus,
2518 5776 2876 5822 memoratur.
2927 5762 3007 5817 An
3055 5775 3280 5819 necesse
3324 5765 3409 5813 est
