3822 6218
418 297 527 354 οδε,
1877 290 1935 351 S.
1976 295 1996 352 Ι

2148 294 2240 353 ΝΕ
3612 296 3719 352 εει

418 422 483 469 ιιι
505 424 700 468 omnes
735 410 825 468 isti
849 410 1040 472 Grece
1080 414 1336 488 legerint,
1364 425 1420 471 et
1456 431 1567 470 non
1593 430 1658 470 ex
1696 421 1890 471 nostro
1925 414 2009 469 in-
2037 423 2084 479 Α
2113 415 2316 486 quibus
2341 430 2475 471 usus
2504 413 2611 475 fui:
2645 424 2702 471 et
2738 414 2793 469 in
2835 415 2979 470 notis
3010 414 3429 487 marginalibus,
3463 431 3621 485 quas
3650 420 3718 471 ad

420 507 699 576 terprete?
733 504 983 563 Transeo
1028 508 1241 580 reliqua
1280 508 1490 564 Barthii
1536 516 1844 575 momenta,
1888 509 2010 579 pul—
2115 518 2323 564 textum
2366 508 2721 579 apponendas
2757 510 2970 575 curavi,
2998 509 3233 565 litteram
3281 508 3349 574 (ἓ,
3385 509 3719 579 signiﬁcare

422 615 547 655 vere
581 608 853 669 ventoque
881 600 1111 668 leviora,
1144 610 1204 657 ut
1242 602 1498 656 ultimum
1547 601 1697 656 illius
1725 610 2006 671 peccatum

420 695 712 765 attingam.
735 694 791 750 In
818 711 886 750 eo
912 704 1095 750 autem
1121 695 1395 760 consistit,
1423 696 1568 765 quod
1587 692 1783 749 Joanni
1803 692 2009 748 Tarino

418 804 541 843 eam
564 787 771 858 alilngit
787 789 1122 859 Opinionem,
1155 789 1223 843 de
1242 804 1352 858 qua
1376 787 1459 841 vir
1484 788 1573 841 ille
1595 786 2008 841 eruditissimus

420 882 544 936 οὐδὲ
576 888 695 936 κατ’
728 883 884 956 ὄναρ,
916 883 1077 953 quasi
1123 883 1189 937 ad
1220 881 1535 935 Philocalia:
1570 888 1735 951 caput
1770 879 2007 949 primum

423 973 624 1030 Bullnu
657 977 978 1045 ascripserit
1004 973 1246 1028 Pastoris
1269 973 1523 1028 Latinam
1569 971 2003 1027 translationem.

419 1066 533 1122 Nos
566 1078 625 1123 ut
652 1068 789 1122 nihil
821 1067 956 1123 certi
980 1067 1175 1122 aﬂ'erre
1199 1081 1519 1137 possumus,
1556 1064 1631 1119 ita
1661 1062 2011 1132 suspicamur

419 1179 518 1235 per
551 1166 725 1233 prima
756 1164 1015 1219 Ecclesiae
1064 1172 1306 1231 tempora
1346 1159 1575 1214 Latinos
1615 1173 1725 1212 non
1760 1155 2010 1212 caruisse

419 1259 788 1313 laudatissimi
836 1259 1020 1328 operis
1060 1256 1317 1311 versione
1363 1270 1377 1307 ε
1417 1268 1539 1307 eam
1592 1267 1722 1306 vero
1767 1250 1929 1304 aliam
1976 1264 2009 1303 a

420 1364 612 1410 nostra
648 1353 845 1420 fuisse,
870 1352 1007 1410 nihil
1043 1366 1145 1405 nos
1174 1345 1821 1420 cogitdicere.Caeternm
1853 1350 2009 1396 ante-

418 1461 585 1519 quam
619 1462 843 1502 manum
877 1446 1009 1500 hinc
1042 1446 1253 1510 tollam,
1288 1443 1559 1497 monitum
1596 1448 1650 1493 te
1678 1437 1872 1503 velim,
1898 1434 2005 1509 Le-

416 1553 560 1607 ctor,
587 1550 644 1597 et
664 1541 906 1613 capitum
938 1540 1195 1595 lemmata
1223 1536 1417 1591 abesse
1456 1549 1489 1588 a
1518 1530 1803 1589 codicibus
1861 1543 1997 1584 mss.

2112 618 2219 658 ms.
2259 600 2318 658 S.
2343 601 2626 667 Germani,
2656 601 2895 657 litteram
2922 600 2988 668 V,
3020 618 3127 657 ms.
3158 602 3216 657 S.
3244 601 3518 668 Victoris;
3553 618 3715 657 utero

2113 703 2296 749 autem
2325 695 2609 760 asterisco,
2633 703 2763 750 ante
2790 705 2957 766 caput
2978 695 3012 751 8
3039 693 3280 750 Visionis
3305 694 3339 750 5
3373 695 3474 749 lib.
3504 710 3521 749 ι
3559 694 3711 750 indi.

2112 787 2227 843 cari
2257 797 2550 859 utrumque
2576 789 2845 855 codicem,
2880 798 3068 859 postea
3114 789 3291 845 solum
3324 787 3710 844 Victorinum.

2111 880 2350 949 Adjecta'
2395 890 2541 945 sunt,
2583 881 2638 934 in
2688 882 2789 936 hac
2834 882 3093 947 editione,
3137 883 3300 938 varice
3352 883 3620 938 lectiones
3649 898 3714 938 α

2114 975 2335 1045 antiquo
2374 975 2553 1028 codice
2592 974 3007 1030 Carmelitarum
3052 974 3537 1043 Excalceatorum,
3584 976 3708 1029 sub-

2113 1065 2255 1119 urbii
2288 1066 2646 1130 Parisiensis;
2688 1083 2821 1137 quas
2859 1067 2929 1120 ad
2967 1066 3165 1121 calcem
3207 1069 3371 1121 totius
3412 1068 3708 1123 columbis

2110 1158 2279 1228 legere
2334 1158 2525 1212 licebat
2577 1158 2633 1211 in
2678 1156 2860 1215 Paris.
2906 1156 3057 1212 Edit.
3116 1159 3469 1214 Accesserant
3542 1161 3711 1213 etiam

2107 1268 2228 1321 gare
2289 1253 2345 1305 in
2386 1252 2572 1321 inﬁma
2629 1252 2829 1321 pagina
2873 1250 3187 1307 Oxoniensis
3233 1250 3528 1316 editionis,
3578 1251 3709 1305 anni

2111 1342 2252 1397 £685
2285 1342 2554 1412 leguntur,
2600 1356 2667 1398 ea:
2706 1342 2864 1398 codd.
2900 1341 3212 1399 Bodleiame
3243 1352 3295 1397 et
3318 1340 3712 1401 Lambth

2111 1436 2569 1491 bibliothecarum.

427 1726 3692 1761 ——_—_—————————-——————————-——————_

1228 1883 2002 2004 GALLANDII
2080 1878 2876 1995 PROOEMIUM

1608 2130 1752 2222 AD
1827 2129 1921 2219 S.
1998 2125 2158 2215 HE
2180 2122 2556 2216 RMAM.

840 2339 1120 2414 (Veterum
1155 2335 1381 2391 Patrum
1404 2330 1756 2392 Bibliotheca,
1795 2334 1834 2381 t.
1881 2322 1922 2391 l,
1954 2320 2221 2387 Venetiis,
2255 2318 2417 2387 l765,
2449 2318 2662 2388 in-l'ol.,
2693 2318 2931 2392 Proleg.,
2960 2335 3014 2392 p.
3052 2318 3226 2389 xxvi.)

408 2498 542 2557 CAP.
586 2503 627 2558 1.
671 2503 805 2575 Quis
837 2505 1047 2573 cuiusve
1078 2506 1239 2575 fuerit
1276 2504 1522 2559 Hermas.
1578 2496 1993 2575 Distinguendus

2104 2490 2236 2545 dent
2261 2489 2490 2557 vestigia
2523 2488 2576 2543 in
2609 2487 2729 2560 ejus
2760 2504 2926 2559 opere
2955 2486 3164 2558 passim
3196 2482 3380 2538 obvia.
3417 2480 3565 2538 Nam
3592 2491 3703 2538 sta-

485 2564 939 2647 tnmuabvﬂermé,
971 2564 1362 2647 DnlinatimJt
1392 2575 1581 2642 fertur,
1606 2564 1996 2642 episcopo,tum

2150 2597 2202 2636 ιιι
2234 2582 2304 2637 ab
2325 2582 2483 2637 initio
2518 2583 2635 2637 hare
2662 2582 2838 2636 habet
2861 2582 2913 2633 ‘:
2959 2580 3065 2647 Qui
3086 2578 3413 2633 enutriverat
3440 2593 3553 2642 me,
3587 2592 3707 2629 sen-

483 2645 549 2698 ab
582 2644 830 2700 Hermete
863 2645 1110 2714 Pastore,
1136 2649 1227 2702 Pii
1266 2646 1295 2700 Ι
1327 2648 1511 2716 fratre.

482 2734 821 2790 Clementem
848 2735 1159 2792 Romanum
1181 2738 1385 2808 excipit
1414 2736 1666 2801 Hermas,
1692 2735 1775 2787 vir
1799 2743 1854 2787 et
1880 2731 1997 2801 ipse

409 2826 777 2895 apostolicus,
812 2844 921 2882 non
953 2829 1117 2882 modo
1164 2828 1388 2883 Patrum
1421 2827 1812 2882 vetustissimis
1849 2828 1995 2881 cele-

414 2914 628 2979 bratus,
664 2933 853 2972 verum
882 2920 1049 2975 etiam
1082 2920 1151 2975 ab
1190 2921 1452 2990 Apostolo
1478 2922 1751 2977 salutatus
1782 2922 1848 2975 ad
1882 2920 1994 2975 Ro-

412 3021 613 3060 manos
641 3008 914 3065 scribente
942 3011 982 3077 ³,
1009 3019 1303 3081 antequam
1330 3010 1561 3067 Romam
1603 3011 1807 3068 Paulus
1854 3013 1998 3081 ipse-

412 3106 527 3151 met
554 3099 879 3168 appulisset.
927 3099 1106 3157 Probe
1143 3113 1323 3158 autem
1356 3103 1781 3175 distinguendus
1811 3112 1997 3159 noster

411 3185 644 3245 Hermas
677 3191 746 3245 ab
771 3189 967 3246 Herme
989 3210 1084 3249 seu
1120 3192 1387 3261 Hermete,
1412 3204 1578 3266 prout
1620 3211 1754 3252 sane
1785 3206 1999 3251 utrum-

411 3296 520 3350 que
541 3296 667 3336 cum
718 3283 959 3339 nominis
989 3284 1272 3352 varietate,
1315 3296 1430 3341 tum
1470 3302 1527 3341 re
1576 3287 1716 3357 ipsa,
1762 3286 1995 3342 Patroba

412 3372 718 3441 interjecto.
751 3376 1005 3431 distinxit
1037 3377 1178 3432 idem
1211 3378 1529 3449 Apostolus.
1559 3380 1841 3451 Siquidem
1876 3382 1997 3436 loco

410 3465 581 3521 citato
608 3484 623 3520 :
653 3465 921 3533 Salutate,
953 3471 1156 3541 inquit,
1183 3473 1549 3542 Asyncritum,
1577 3470 1852 3539 Hermum,
1890 3472 1999 3527 Pa-

413 3559 642 3626 trobam,
667 3560 922 3630 Herniea,
946 3574 1079 3631 etc.,
1109 3581 1350 3635 quorum
1388 3566 1497 3632 ille,
1525 3567 1569 3621 si
1595 3567 1727 3622 lides
1756 3566 2001 3622 Pseudo-

414 3649 696 3709 Dorotheo
718 3662 886 3724 atque
916 3652 1229 3728 Hippolyto,
1258 3655 1729 3728 Philippopoleos;
1757 3658 1846 3714 hic
1868 3673 1999 3713 vero

413 3742 698 3802 Dalmatia:
728 3749 1024 3819 episcopus
1048 3749 1221 3807 fuisse
1252 3752 1443 3808 fertur.
1475 3751 1696 3809 Potiore
1726 3753 1855 3807 item
1874 3752 2002 3823 jure

413 3840 788 3896 secernendus
831 3849 1063 3913 uterque
1111 3850 1181 3899 ab
1216 3843 1463 3900 Hermete
1519 3844 1786 3912 Pastore,
1830 3848 1998 3902 duino

410 3930 776 4002 Aquileiensi,
810 3936 987 3991 sancti
1011 3934 1093 3990 Pii
1126 3934 1145 3989 Ι
1175 3936 1344 3993 fratre
1368 3977 1384 4003 ,
1427 3938 1532 3993 sub
1561 3938 1721 4009 cujus
1767 3939 1991 4009 pontili-
2026 3950 2070 4005 υ

410 4035 541 4082 catu
566 4037 786 4083 centum
810 4028 981 4085 ferme
1000 4030 1365 4100 postPaulum
1379 4033 1539 4087 annis
1564 4033 1763 4087 librum
1789 4032 1868 4087 De
1888 4031 1999 4086 Pa-

410 4118 597 4174 schate
631 4120 874 4190 scripsit,
909 4137 1059 4176 nunc
1080 4121 1448 4191 deperditum,
1479 4125 1561 4179 vel
1588 4126 1781 4180 saltem
1813 4125 1999 4180 hacte-

407 4227 521 4269 nus
548 4212 973 4283 incompertum.
1010 4213 1085 4269 De
1109 4215 1194 4271 his
1222 4224 1404 4271 autem
1443 4217 1600 4286 plura
1632 4217 1839 4273 dudum
1870 4234 2000 4288 pro-

413 4305 659 4360 tulerunt
685 4306 789 4360 viri
815 4306 1199 4375 eruditissimi,
1224 4307 1494 4365 Nourrius
1522 4309 1565 4374 ⁶,
1585 4309 1927 4368 Fontaninus
1950 4313 1994 4378 ⁸,

413 4398 646 4467 aliique;
676 4400 744 4453 ad
770 4415 912 4470 quos
941 4401 1190 4470 proinde,
1229 4417 1299 4457 ne
1335 4402 1554 4472 longius
1575 4419 1743 4472 quam
1789 4420 1889 4474 par
1926 4406 1999 4461 sit

411 4500 673 4545 excurrat
703 4494 904 4558 oratio,
938 4493 1169 4548 lectores
1197 4495 1551 4551 remittimus.
1577 4494 1799 4553 Interim
1841 4514 1993 4563 vero,

412 4593 659 4639 veterum
686 4586 989 4656 praesertim
1022 4602 1087 4642 ac
1113 4588 1481 4642 recentiorum
1525 4590 1856 4659 scriptorum
1891 4608 1993 4645 au-

412 4679 667 4733 ctoritate
703 4678 878 4742 ducti,
905 4677 1119 4733 Hermae
1148 4695 1310 4750 quem
1352 4679 1557 4737 Paulus
1599 4684 1843 4753 proxime
1869 4696 1996 4740 ante

410 4768 707 4826 Patrobam
742 4772 1021 4835 salutavit,
1053 4788 1194 4842 opus
1222 4770 1422 4827 Pastor
1468 4774 1792 4847 inscriptum
1843 4796 1995 4834 asse-

409 4864 640 4920 rendum
672 4864 1091 4931 existimamus;
1137 4881 1203 4920 eo
1226 4865 1308 4919 vel
1342 4865 1581 4923 maxime
1624 4871 1770 4939 quod
1804 4880 1994 4927 auctor

412 4957 616 5027 ubique
648 4958 701 5011 in
738 4958 858 5026 ipso
884 4956 1090 5021 libello,
1132 4955 1371 5026 Hermw,
1406 4974 1517 5014 non
1564 4968 1746 5016 autem
1781 4961 1993 5018 Hermis

408 5057 505 5103 aut
532 5046 817 5113 Hermetis,
851 5064 1046 5103 nomen
1074 5058 1341 5106 assumat.

480 5139 702 5205 Italum,
732 5141 867 5209 quin
894 5140 1272 5197 etRomanum
1305 5143 1539 5201 fortasse
1565 5144 1737 5201 fuisse
1766 5149 1995 5218 scripto-

407 5230 646 5298 rem,vel
675 5232 868 5287 saltem
901 5233 1040 5288 inter
1062 5234 1285 5290 Latinus
1308 5236 1402 5291 diu
1426 5237 1651 5304 vixisse,
1680 5240 1835 5310 plura
1863 5259 1993 5297 sua—

482 5386 686 5444 'Rom.
722 5404 838 5469 xvi,
876 5388 932 5444 4.
1012 5387 1275 5469 ὀμ-ωιτν..
1306 5387 1508 5469 Agger.
1543 5390 1611 5443 ad
1633 5391 1760 5469 bibl.
1974 5402 2106 5469 tom.
2154 5396 2192 5460 Ι,
2223 5413 2346 5469 pag.
2376 5398 2446 5455 49
2521 5414 2638 5469 seq.
2716 5396 3012 5460 'Fonlam,
3070 5393 3231 5469 Hist._
3267 5393 3452 5469 litter.
3497 5395 3689 5469 Aquil.

1362 5461 1595 5538 ‘_He_rm.
1629 5461 1785 5517 Past.
1818 5463 1984 5538 ιίιιηι2
2010 5465 2113 5538 vis.
2135 5485 2187 5538 ι,
2357 5470 2408 5524 1.

408 5456 507 5531 lib.
536 5473 593 5522 ιι,
618 5476 740 5529 cap.
771 5462 858 5527 ll,
887 5476 1009 5531 pag.
1040 5462 1110 5515 64
1165 5478 1283 5531 seq.

2097 2676 2237 2730 .‘lidit
2261 2676 2549 2747 quamdam
2589 2676 2823 2745 puellam
2853 2676 3053 2731 Romw.
3105 2672 3237 2727 Post
3276 2672 3481 2725 mullos
3528 2680 3705 2724 autem

2098 2781 2265 2820 anites
2290 2767 2427 2821 hanc
2448 2768 2616 2821 visam
2650 2786 2744 2839 ego
2772 2769 3068 2839 recognovi,
3092 2776 3143 2820 et
3173 2767 3303 2835 ccepi
3324 2781 3447 2819 eam
3478 2765 3705 2835 diligere

2098 2866 2158 2913 ut
2190 2874 2446 2913 sororem.
2499 2859 2705 2913 Exacto
2765 2870 2942 2914 autem
2995 2868 3224 2927 tempore
3274 2856 3487 2927 aliqua,
3533 2856 3705 2910 lauari

2095 2966 2215 3004 eam
2244 2950 2297 3004 in
2330 2950 2553 3019 ﬂumine
2586 2949 2763 3005 Tiberi
2795 2952 2928 3018 vidi,
2964 2960 3071 3005 etc.
3101 2949 3300 3004 Itinera
3338 2964 3578 3019 quoque
3605 2963 3700 3002 sua

2099 3049 2157 3096 et
2181 3042 2498 3096 mansiones
2520 3042 2863 3107 describens,
2887 3042 3179 3095 Cumarum
3206 3040 3462 3094 meminit
3486 3040 3508 3069 ⁷
3537 3057 3553 3105 ;
3585 3039 3704 3093 loco

2099 3132 2246 3188 enim
2284 3133 2451 3188 citato
2484 3150 2583 3204 pro
2608 3150 2728 3187 cum
2751 3134 2832 3187 his
2865 3133 3154 3203 legendum
3180 3131 3396 3196 Cumis,
3429 3130 3501 3185 cl.
3537 3129 3701 3185 Cote-

2099 3224 2271 3279 lerius
2304 3234 2453 3281 recte
2484 3224 2792 3296 conjecisse
2848 3224 3083 3279 videtur.
3138 3222 3387 3277 Meminit
3424 3223 3566 3276 item
3606 3222 3705 3275 vi:

2100 3315 2392 3385 Campana
2418 3316 2463 3383 ",
2511 3331 2613 3371 nec
2658 3332 2768 3371 non
2816 3316 3065 3371 Arcadia:
3102 3319 3157 3369 ἐ
3207 3314 3354 3369 unde
3393 3315 3492 3369 lux
3558 3314 3703 3370 haud

2099 3406 2317 3461 modica
2381 3407 2716 3476 conjecturae
2776 3418 2981 3462 nostra!
3032 3407 3283 3471 accedit;
3331 3408 3704 3477 eamdemque

2099 3496 2305 3566 pariter
2354 3497 2686 3551 conﬁrmare
2742 3499 3048 3567 putaverim
3097 3497 3369 3567 ejusmodi
3416 3497 3591 3552 verba
3624 3498 3702 3552 “:

2101 3585 2258 3651 Cum,
2291 3585 2494 3657 inquit,
2527 3585 2859 3640 ambularem
2892 3587 2949 3640 in
2974 3603 3183 3656 agrum,
3206 3596 3257 3640 et
3298 3586 3703 3641 considerarent

2100 3680 2305 3732 ulmum
2322 3688 2373 3733 et
2389 3678 2699 3734 vitem...lle
2721 3680 2819 3733 hac
2843 3682 2945 3733 vite
2965 3690 3013 3736 et
3031 3681 3175 3733 ulmo
3192 3680 3516 3751 disputo.Ad
3534 3697 3701 3752 quem

2101 3768 2318 3827 Hermae
2364 3772 2545 3829 locum
2604 3772 2996 3829 illustrandum
3046 3773 3296 3844 apposite
3348 3789 3380 3827 a
3415 3772 3701 3829 Cotelerio

2102 3862 2348 3918 adhibita
2376 3862 2551 3919 Servii
2584 3865 2877 3933 explicatio
2903 3865 3181 3935 Virgiliani
3206 3866 3551 3921 hemistichii
3578 3868 3621 3897 “
3649 3885 3663 3920 :

2389 3974 2409 4009 ι
2441 3996 2453 4009 .
2488 3994 2505 4009 .
2540 3994 2553 4009 .
2584 3995 2599 4008 .
2646 3957 2906 4029 ulmisque
2934 3956 3221 4027 adjungere
3249 3959 3402 4010 vites.

2107 4065 2127 4099 ι
2171 4046 2487 4105 Secundum
2521 4049 2692 4103 Italia:
2720 4050 2910 4116 situm,
2945 4049 3041 4113 ait,
3080 4050 3297 4104 locutus
3326 4056 3446 4115 est;
3482 4049 3541 4104 in
3588 4066 3700 4122 qua

2099 4140 2239 4195 vites
2266 4141 2431 4196 altius
2460 4141 2765 4196 elevantur.
2801 4140 2891 4195 Sic
2922 4142 3054 4196 alibi
3084 4142 3159 4196 ηε

2176 4232 2299 4287 Νοιι
2335 4234 2517 4287 eadem
2545 4233 2825 4287 arboribus
2853 4235 3037 4303 pendet
3070 4235 3334 4289 vindemia
3367 4238 3597 4290 nostris.
3636 4255 3657 4289 ι

2099 4325 2312 4394 Quibus
2343 4326 2514 4381 addas
2568 4327 2806 4381 maxime
2830 4327 3013 4391 velim,
3055 4325 3312 4382 Hermum
3337 4326 3533 4383 Graece
3558 4333 3698 4384 scri-

2099 4419 2340 4483 bentem,
2365 4420 2432 4474 ad
2459 4419 2731 4489 jejunium
2761 4419 3113 4475 indicandum
3132 4464 3147 4486 ,
3183 4422 3461 4486 στάσεως,
3494 4425 3693 4477 statio-

2100 4511 2181 4564 nis
2214 4511 2542 4565 vocabulum
2573 4527 2726 4566 more
2748 4510 3072 4567 Latinorum
3100 4529 3402 4583 usurpasse
3430 4515 3514 4571 ¹³;
3545 4519 3694 4586 quod

2097 4618 2164 4658 eo
2190 4603 2409 4673 quidem
2449 4619 2613 4659 sensu
2646 4602 2851 4658 Graecis
2884 4614 3161 4669 vocatum,
3211 4606 3468 4675 nuspiam
3518 4624 3579 4663 se
3612 4610 3692 4663 lc-

2099 4697 2245 4768 gisse
2275 4697 2525 4750 meminit
2550 4696 2635 4749 vir
2665 4697 2916 4752 eruditus
2960 4697 3123 4751 modo
3175 4697 3450 4755 laudatus.
3500 4698 3694 4772 Neque

2097 4805 2231 4845 sane
2259 4790 2430 4844 ullum
2456 4790 2623 4858 hujus
2651 4790 2801 4845 vocis
2826 4790 3136 4860 exemplum
3170 4830 3186 4854 ,
3228 4790 3423 4846 eadem
3471 4794 3693 4866 signino

2095 4882 2311 4937 catione
2347 4880 2491 4951 apud
2524 4880 2745 4938 Graecos
2780 4892 3039 4952 acceptae,
3083 4882 3289 4954 profert
3332 4884 3583 4958 Cangius
3607 4889 3693 4957 “,

2098 4984 2275 5037 neque
2303 4969 2373 5025 ab
2398 4985 2464 5025 eo
2494 4971 2768 5027 excitatus
2794 4970 3051 5027 Petavius
3081 4975 3143 5026 ³³.

2168 5060 2439 5117 Cancrum
2464 5062 2686 5117 divitem
2716 5074 2975 5135 praetcrea
3015 5065 3189 5122 fuisse
3216 5068 3523 5137 aliquando
3550 5069 3692 5128 Her-

2098 5168 2242 5207 mam
2277 5154 2340 5221 ⁸⁸,
2377 5170 2715 5225 uxoremque
2742 5156 2968 5213 duxisse
2997 5174 3064 5214 ex
3111 5175 3218 5230 qua
3251 5161 3392 5216 lilios
3420 5177 3693 5234 suscepe-

2096 5246 2166 5299 rit
2198 5246 2261 5310 ‘7,
2298 5262 2421 5317 qua:
2453 5257 2632 5304 tamen
2666 5250 2769 5319 ipsi
2804 5251 2991 5320 futura
3014 5263 3127 5306 erat
3161 5270 3347 5321 soror;
3380 5256 3451 5310 ita
3488 5273 3695 5330 nempe

2488 5463 2763 5524 ’ldIibid.
2800 5470 2903 5523 vis.
2932 5485 2995 5530 ιι,
3036 5482 3157 5535 cap.
3211 5466 3262 5521 ι.
3336 5467 3359 5497 ε
3402 5463 3483 5520 ld.
3526 5463 3687 5533 ibid.

408 5528 766 5610 viszlvhcap.
799 5534 851 5589 1.
887 5528 1320 5610 “⁹1ἱ1.“ζιιιίι.,μιιιἐ
1354 5533 1626 5610 εἱιηίΙλιχ,
1657 5548 1776 5610 cap.
1810 5534 1861 5588 l.
1909 5528 2225 5610 ‘°l_d._ibid.,
2252 5528 2418 5595 simil.
2450 5557 2512 5595 ιι.
2575 5542 2615 5571 ¹¹
2637 5538 2784 5610 Virg.
2820 5528 3007 5610 Georg.
3051 5528 3144 5590 lib.
3178 5554 3219 5602 ι,
3251 5553 3403 5610 vers;
3435 5536 3493 5590 2.
3544 5528 3687 5597 "Id.

412 5598 569 5662 ibid.,
606 5598 723 5655 lib.’
747 5618 804 5663 ιι,
840 5618 982 5658 vers.
1023 5604 1109 5659 89.

404 5668 626 5735 Στάσις.

415 5740 518 5794 vis.
550 5756 610 5806 ιι,
636 5758 755 5813 cap.
775 5743 809 5798 2
836 5754 889 5800 ct
912 5744 964 5799 5.

1218 5602 1653 5680 ¹³ῌ‹;ι·ιιι.-Ρ(ιδι.
1679 5604 1775 5659 lib.
1814 5621 1907 5680 II_I._
1933 5602 2220 5680 gsimiltv,‘
2245 5625 2365 5680 cap.
2415 5610 2464 5665 1.

709 5671 959 5751 “Pelag
1005 5675 1055 5729 in
1087 5683 1199 5730 not.
1233 5674 1299 5727 ad
1345 5672 1638 5745 Ειιῑιιιιειιι.,
1670 5689 1799 5747 pag.
1840 5676 1964 5731 556.
2050 5671 2509 5748 “Heilm-Post”
2553 5681 2649 5738 lib.
2685 5671 2884 5749 1,115.
2928 5697 3019 5747 ιιι,
3051 5695 3169 5749 cap.
3200 5681 3251 5732 li.
3334 5677 3475 5734 ¹τιιι.
3530 5671 3687 5751 ιδιά,

2574 5610 2618 5643 ¹⁸
2645 5606 2851 5681 Calig”
2895 5606 3136 5663 Clossar.
3178 5608 3313 5661 med.
3358 5606 3583 5681 ﬁrma,
3633 5627 3687 5666 ν.
