3822 6218
151 320 260 378 865

1403 313 1700 370 PASTOR.
1744 343 1813 353 -ο
1849 314 2212 375 PROGZMIA.

3325 323 3428 382 θπ

150 457 314 499 soror
369 448 428 497 at
449 455 480 495 a
509 439 615 496 tori
644 455 751 495 usu
778 439 1095 506 dissociata,
1122 455 1233 495 non
1275 443 1512 512 amplius
1549 442 1738 497 uxoris
1765 445 1811 502 Α
1844 445 2057 500 uasiani
2090 446 2266 516 pretio
2296 447 2366 505 cl.
2398 447 2667 504 editorem
2711 442 2904 498 audire
2931 442 3133 513 juverit
3172 441 3239 497 ⁸³.
3269 461 3288 493 ι
3321 441 3435 497 Do-

152 551 383 592 munere
418 534 761 606 fungeretur,
797 543 1036 588 testatur
1083 534 1315 605 ipsemet
1355 545 1570 590 auctor.
1630 534 1738 590 Sed

150 628 302 697 quod
352 627 432 681 rei
475 634 641 696 caput
685 633 790 690 est,
843 624 1105 682 Ecclesiae
1147 626 1412 682 Romana:
1459 629 1740 699 presbyter

150 729 276 774 erat
303 729 488 774 noster
512 717 764 781 Hermas,
794 733 859 772 eo
886 727 1128 787 tempore
1162 734 1275 788 quo
1305 734 1466 773 suum
1496 718 1738 774 Pastoris

152 827 295 881 opus
327 811 600 866 scribebat
629 826 644 864 :
687 811 832 880 quod
854 810 1074 879 quidem
1098 810 1222 879 jure
1258 810 1548 879 collegisse
1591 813 1741 866 vide-

149 911 246 957 tur
286 901 598 955 Dodwellus
629 901 649 934 ί
680 939 693 953 .
736 918 754 952 ι
783 899 1013 955 Jubetur
1045 901 1190 955 enim
1219 902 1336 972 ipse
1357 945 1372 968 ,
1417 903 1593 972 inquit
1656 903 1740 957 vir

151 994 401 1057 criticus,
440 994 550 1047 duo
575 991 992 1046 Revelationum
1025 1007 1252 1046 suarum
1278 992 1609 1062 exemplaria
1640 994 1738 1047 de-

152 1088 398 1142 scribere
432 1085 510 1138 “:
553 1085 821 1140 Clementi
856 1087 1089 1140 alterum
1118 1086 1185 1140 ad
1234 1094 1454 1141 exteras
1487 1087 1738 1143 civitates

149 1179 642 1234 transmittendum
666 1194 680 1229 :
708 1179 941 1232 alterum
974 1177 1211 1248 Graptaa,
1235 1179 1416 1234 viduis
1447 1179 1734 1249 legendum

153 1271 530 1340 orphanisque
586 1271 690 1325 sub
723 1271 1013 1324 viduarum
1046 1286 1176 1325 cura
1223 1269 1524 1327 institutis:
1572 1289 1735 1328 suum

151 1378 288 1419 vero
310 1363 531 1417 tertium
560 1363 859 1431 exemplar,
887 1361 1146 1417 Ecclesia
1189 1362 1454 1419 Romanae
1505 1366 1738 1419 seniori-

152 1454 262 1510 bus
292 1469 387 1509 seu
433 1455 790 1526 presbyteris,
819 1455 997 1524 ipsum
1046 1456 1225 1525 legere
1263 1459 1552 1528 oportebat
1597 1457 1736 1512 lier-

152 1560 322 1599 niam.
350 1544 508 1599 Sicut
534 1560 664 1614 ergo
693 1543 996 1602 Clementis
1033 1545 1291 1603 Ecclesiae
1322 1548 1584 1605 Romanae
1622 1551 1740 1621 epi-

151 1637 309 1708 scopi
343 1653 548 1693 muuus
577 1646 698 1692 erat
727 1638 794 1693 ad
826 1639 1069 1710 reliquos
1113 1651 1426 1697 exterarum
1466 1643 1740 1700 Ecclesia-

151 1741 279 1780 rum
315 1727 606 1797 episcopos
631 1729 878 1784 mittendi
912 1729 1155 1785 libellum
1183 1749 1197 1798 ;
1226 1742 1280 1787 et
1302 1732 1518 1804 Graptte
1541 1735 1735 1800 vidum,

151 1818 368 1888 legendi
416 1819 641 1890 collegis
695 1819 882 1876 viduis
931 1831 986 1876 et
1017 1823 1316 1893 orphanis:
1355 1826 1436 1881 sic
1463 1842 1596 1882 sane
1642 1828 1736 1898 qui

151 1909 414 1966 Ecclesiae
454 1909 716 1967 Romanae
765 1914 1100 1986 presbjteris
1149 1918 1569 1975 renuntiaturus
1620 1930 1740 1976 erat

151 1999 386 2057 Hermas
414 2039 430 2066 ,
484 2002 729 2072 ejusdem
769 2005 974 2073 p'ariter
1027 2005 1288 2063 Ecclesiae
1327 2010 1507 2078 ipsum
1569 2010 1740 2068 fuisse

153 2093 536 2164 presbyterum
590 2103 710 2149 erat
750 2107 1206 2154 consentaneum.
1245 2119 1263 2152 ι
1328 2100 1605 2159 Hactenus
1655 2105 1741 2159 vir

152 2186 247 2240 ille
269 2186 538 2242 eruditus.
558 2187 678 2242 Alia
705 2189 928 2259 insuper
951 2193 1216 2247 nonnulla
1234 2194 1300 2248 de
1324 2205 1512 2250 nostro
1539 2194 1740 2253 Herma

151 2279 315 2336 libuit
337 2284 599 2340 adnotare
628 2284 937 2341 Mosliemio
963 2288 1031 2352 ‘°,
1063 2304 1187 2360 quae
1212 2299 1396 2345 tamen
1439 2290 1584 2347 haud
1623 2307 1742 2347 ma-

151 2373 247 2442 gni
272 2373 440 2430 refert
469 2391 780 2434 recensere.

148 2507 282 2592 Cn.
323 2507 389 2593 11τ
434 2512 838 2593 Opusﬂermte,
864 2516 1438 2593 Ptsrouinscriptum.
1472 2521 1549 2577 De
1590 2522 1744 2580 Grc-

225 2585 304 2635 cis
337 2585 452 2651 ejus
489 2585 725 2654 laciniis,
759 2585 923 2660 deque
949 2600 1116 2645 vetere
1144 2585 1342 2646 Latina
1372 2598 1631 2649 versione.

224 2673 365 2729 Illud
387 2678 571 2746 potius
593 2687 784 2734 notatu
809 2682 1033 2753 dignum
1052 2686 1316 2752 occurrit,
1342 2688 1489 2756 quod
1518 2687 1745 2744 Hermas

153 2764 211 2819 in
236 2766 354 2822 suis
387 2769 697 2826 visionibus
728 2772 1106 2827 describendis
1147 2773 1473 2830 Zachariam
1509 2780 1746 2848 prophe-

153 2870 267 2915 tam
298 2861 548 2918 imitatus
575 2864 860 2933 videatur;
887 2867 1018 2938 quin
1045 2875 1100 2921 et
1132 2885 1150 2919 ‹
1180 2883 1320 2937 opus
1345 2885 1506 2924 suum
1534 2886 1600 2926 eo
1633 2881 1745 2927 tam

150 2952 422 3021 singulari
450 2969 711 3011 exarasse
740 2957 882 3028 stylo
903 2958 1273 3025 existimatur,
1307 2963 1454 3030 quod
1488 2962 1648 3019 illum
1675 2964 1745 3020 ad

152 3043 478 3100 alliciendos
506 3048 921 3118 movendosque
949 3051 1236 3105 hominum
1288 3054 1528 3123 animos,
1579 3065 1746 3128 atque

1842 538 2038 602 ctrina,
2066 539 2265 610 inquit,
2292 541 2362 594 ad
2387 541 2709 594 Antiochum
2742 539 2950 602 ducem,
2983 535 3146 590 otiosi
3193 534 3434 589 hominis

1841 639 2241 698 commentum,
2281 647 2347 687 eo
2401 643 2585 687 tamen
2640 631 2864 685 nomine
2909 627 3146 698 pretiosa
3185 634 3241 681 et
3280 639 3435 680 com~

1842 723 2150 778 mendanda
2207 734 2311 789 est,
2355 727 2499 796 quod
2544 741 2800 795 magnam
2842 723 2967 777 libri
3011 721 3254 774 Pastoris
3306 734 3438 789 par-

1841 821 1974 878 tem,
2020 814 2179 884 cujus
2226 816 2413 871 Grteca
2458 817 2670 886 jamdiu
2720 815 2999 880 interiere,
3046 812 3234 868 Graece
3273 811 3434 865 nobis

1841 907 2130 976 exhibeat;
2164 917 2217 963 et
2245 909 2466 979 quidem
2501 911 2575 963 ita
2607 925 2826 979 puram,
2867 908 2942 962 ita
2976 906 3187 959 Latinis
3220 905 3434 958 Hermae

1841 997 2088 1052 Pastoris
2121 1015 2445 1066 consonam,
2485 1012 2546 1056 ut
2585 1003 2650 1056 ad
2687 1003 2912 1055 verbum
2942 1016 3005 1054 ex
3045 1014 3111 1054 eo
3155 1008 3214 1053 ut
3259 998 3433 1067 plurim

1841 1106 1994 1145 mum
2020 1094 2351 1162 descriptam
2389 1109 2513 1148 esse
2545 1095 2904 1163 conspicuum
2942 1093 3032 1146 sit.
3062 1090 3250 1144 Primo
3277 1105 3435 1144 nam-

1841 1197 1947 1252 que
2004 1183 2238 1252 scriptor
2300 1184 2404 1238 iste
2466 1185 2800 1240 Antiochum
2865 1184 3025 1237 nobis
3077 1189 3433 1251 repraesentat

1841 1278 2137 1331 adeuntem
2201 1276 2261 1332 S.
2315 1279 2713 1344 Athanasium,
2773 1276 3109 1331 inﬁrmitatis
3158 1288 3436 1343 corporeae

1840 1382 2039 1434 causa;
2071 1376 2130 1422 ut
2177 1385 2285 1424 una
2329 1371 2589 1440 precibus
2619 1370 2735 1424 suis
2761 1370 2903 1424 levet
2941 1365 3344 1436 aegritudinem,
3380 1372 3435 1417 et

1842 1457 2068 1511 monitis
2101 1461 2245 1511 viam
2285 1468 2442 1528 paret
2478 1458 2546 1513 ad
2581 1459 2986 1530 paenitentiam.
3021 1455 3161 1511 Huic
3189 1455 3436 1509 Athana-

1841 1548 1959 1604 sius
2009 1549 2232 1604 sanitati
2281 1551 2560 1616 restituto,
2613 1551 2906 1606 duodecim
2952 1549 3206 1604 Mandata
3239 1548 3439 1618 tradit,

1841 1655 1964 1710 quas
1991 1641 2127 1696 nihil
2175 1643 2324 1697 aliud
2357 1653 2489 1698 sunt
2529 1659 2694 1713 quam
2747 1642 3039 1698 duodecim
3083 1642 3175 1696 illa
3222 1639 3438 1696 Her-ma:

1843 1732 2088 1787 Pastoris
2123 1733 2410 1801 Mandata,
2462 1736 2663 1806 qui-bus
2691 1744 2911 1790 constat
2956 1734 3096 1788 liber
3133 1732 3435 1798 secundus,

1841 1824 1917 1879 ita
1947 1832 2129 1879 tamen
2167 1834 2227 1879 ut
2257 1841 2364 1880 non
2415 1827 2625 1897 integra
2668 1842 2917 1896 semper,
2961 1825 3056 1880 sed
3105 1824 3436 1895 quibusdam

1843 1917 2114 1987 ademptis
2151 1916 2361 1971 aﬂ‘erat.
2395 1915 2602 1972 Deinde
2631 1918 2802 1972 multa
2836 1917 2943 1971 alia
2976 1932 3040 1971 ex
3072 1917 3266 1972 eodem
3295 1915 3437 1970 libro

1842 2008 1974 2064 hinc
2002 2009 2128 2064 inde
2149 2020 2519 2076 consuuntur,
2546 2026 2610 2064 ac
2639 2020 2920 2080 postremo
2953 2025 3206 2079 magnam
3230 2018 3284 2064 et
3309 2025 3441 2079 pro-

1843 2101 2010 2155 lixam
2074 2112 2262 2156 narrat
2322 2101 2577 2156 Antiochi
2634 2103 2926 2166 visionem,
2978 2117 3144 2171 quam
3194 2101 3324 2156 item
3367 2115 3439 2156 ex

1845 2195 2008 2249 tertio
2038 2193 2282 2249 Pastoris
2313 2194 2454 2247 libro
2496 2204 2780 2249 mutuatus
2812 2203 2916 2248 est.
2952 2192 3068 2247 Hoc
3091 2194 3276 2263 itaque
3299 2209 3436 2263 opu-

1845 2287 2058 2341 sculum
2091 2287 2219 2340 licet
2249 2287 2424 2356 prima
2457 2284 2637 2341 fronte
2679 2286 2832 2341 ﬂocci
2865 2287 3086 2355 quidem
3123 2285 3434 2341 faciendum

1844 2382 2121 2446 videatur,
2155 2380 2382 2434 maximi
2412 2391 2593 2434 tamen
2618 2390 2701 2434 est
2732 2380 2992 2434 momenti
3018 2398 3031 2446 ;
3074 2380 3277 2451 quippe
3308 2396 3433 2434 cum

1846 2474 1971 2530 libri
2002 2474 2149 2528 illius
2183 2474 2556 2542 apostolorum
2589 2488 2706 2526 aevo
2743 2471 2895 2537 editi,
2921 2483 2971 2527 et
3002 2488 3033 2526 a
3065 2481 3146 2526 tot
3182 2471 3437 2528 Patribus

1847 2582 1951 2623 nec
2003 2567 2122 2622 sine
2176 2566 2338 2620 laude
2385 2565 2697 2628 memorati,
2740 2565 2911 2619 multa
2944 2575 2997 2619 et
3027 2565 3237 2634 prolixa
3275 2567 3437 2622 nobis

1847 2658 2149 2730 fragmenta
2180 2658 2507 2729 suppeditet.
2552 2677 2571 2708 ι
2605 2656 2880 2712 Hactenus
2917 2656 2981 2710 V.
3005 2657 3068 2712 C.

1919 2751 2185 2818 Quamvis
2213 2765 2344 2805 vero
2377 2757 2559 2805 textus
2585 2749 2798 2804 Herum
2825 2750 3050 2805 Graecus
3076 2750 3435 2816 interciderit,

1850 2842 2060 2913 integra
2104 2851 2287 2896 tamen
2337 2851 2518 2896 exstat
2573 2841 2952 2912 interpretatio
3010 2841 3226 2909 Latina,
3277 2843 3438 2912 cujus

1850 2945 2044 2988 auctor
2089 2935 2312 3004 penitus
2363 2933 2760 3004 incompertus.
2794 2933 2900 2988 Sed
2933 2934 3188 3004 quisquis
3214 2934 3436 2989 demum

1850 3026 1941 3081 ille
1983 3025 2180 3091 fuerit,
2242 3027 2362 3096 ejus
2409 3039 2590 3080 tamen
2640 3026 2952 3081 versionem
3004 3027 3436 3082 vetustissimam

153 3135 224 3189 ad
255 3136 572 3191 tradendam
606 3117 917 3194 doctrinam
955 3157 1112 3196 suam
1152 3117 1599 3212 aptissimum'et
1635 3117 1749 3205 elli-
1774 3133 1818 3194 ο
1849 3135 1972 3212 ess?
2014 3128 2251 3212 conflal’
2295 3127 2504 3212 νιβρῳ,
2532 3135 2653 3188 qum
2697 3117 3020 3212 Τθτίυηίθηί
3063 3127 3221 3175 ante
3265 3121 3438 3176 misse

153 3229 518 3283 cacissimum
545 3230 845 3299 judicaret,
889 3251 907 3284 ι
943 3243 1003 3287 ιιι
1055 3237 1282 3306 conjicit
1327 3239 1413 3292 vir
1443 3239 1642 3296 doetus
1677 3243 1746 3300 ²¹.

152 3319 331 3374 Aliter
363 3329 545 3376 tamen
573 3323 750 3377 visum
770 3326 985 3380 erudito
1017 3325 1378 3384 Dodwello".
1412 3331 1544 3402 Ejus
1562 3345 1746 3390 autem

154 3412 296 3466 liber
333 3415 578 3484 antiquis
625 3414 881 3472 Patribus
937 3419 1052 3473 sive
1085 3419 1292 3478 Graecis
1349 3423 1464 3480 sive
1507 3424 1744 3495 Latinis,

153 3505 357 3559 Pastor
390 3517 485 3561 aut
514 3507 647 3562 liber
670 3508 917 3564 Pastoris
952 3514 1156 3581 passim
1200 3517 1506 3585 appellatur
1530 3513 1552 3587 ’;
1595 3521 1749 3578 inde-

152 3614 262 3668 que
295 3599 534 3655 fortasse
558 3602 802 3657 derivata
832 3603 1207 3660 denominatio
1230 3609 1573 3678 hujusmodi,
1597 3616 1746 3684 quod

154 3692 210 3745 in
249 3699 367 3747 toto
395 3693 566 3747 ferme
593 3710 759 3765 opere
789 3693 984 3750 Pastor
1007 3699 1287 3754 inducitur
1322 3700 1580 3759 Hermam
1605 3708 1747 3763 allo-

151 3800 332 3854 quens
366 3794 421 3839 et
467 3785 793 3842 informans.
825 3786 983 3843 Nunc
1011 3804 1144 3845 vero
1170 3793 1350 3849 tribus
1385 3795 1748 3868 distinguitur

149 3878 335 3944 libris,
366 3895 605 3950 quorum
633 3882 846 3952 primus
890 3880 1133 3939 Visiones
1166 3903 1242 3951 1v,
1276 3892 1554 3946 secundus
1580 3892 1746 3947 Man-

148 3972 285 4027 data
320 3990 421 4040 xn,
447 3975 641 4031 tertius
675 3973 1070 4032 Similitudines
1098 3995 1132 4033 x
1168 3982 1573 4052 complectitur.
1621 3984 1747 4043 Haec

149 4076 337 4122 tamen
370 4067 571 4124 divisio
605 4071 1012 4139 posterioribus
1035 4073 1339 4131 editoribus
1381 4080 1743 4149 ascribenda;

153 4159 430 4229 siquidem
470 4160 619 4214 illam
660 4176 839 4230 neque
889 4177 1024 4217 mss.
1065 4166 1620 4240 exemplaria,neque
1651 4188 1745 4227 ve-

151 4251 286 4306 tusti
319 4253 616 4321 scriptores
639 4263 990 4324 agnoscunt;
1023 4255 1155 4325 quin
1181 4266 1237 4312 et
1273 4277 1304 4312 ει
1341 4260 1624 4317 codicibus
1648 4264 1744 4334 qui

152 4355 419 4416 superant
441 4347 634 4402 abesse
655 4347 897 4418 capitum
918 4347 1199 4417 lemmata,
1217 4350 1524 4410 Cotelerius
1543 4355 1746 4427 aliique

147 4440 538 4496 observarunt.

1849 3210 2068 3265 videtur
2097 3209 2356 3266 Ecclesia:
2393 3208 2666 3264 Africanae
2697 3211 3018 3278 notissima;
3065 3212 3210 3280 quod
3248 3214 3439 3283 utique

1852 3312 2038 3372 aperte
2070 3304 2346 3372 colligitur
2368 3319 2434 3357 ex
2460 3304 2581 3371 ejus
2611 3303 2752 3357 libro
2787 3303 2861 3357 De
2884 3306 3144 3372 oratione,
3178 3307 3321 3360 unde
3363 3308 3440 3361 lo-

1850 3408 1976 3448 cum
2020 3393 2372 3461 desumptum
2430 3393 2572 3446 inter
2621 3401 2863 3447 veterum
2903 3395 3214 3450 testimonia
3247 3397 3439 3451 retuli-

1850 3502 1995 3542 mus.
2029 3485 2222 3540 Merito
2254 3487 2420 3556 igitur
2463 3501 2493 3540 a
2526 3486 2659 3541 viris
2700 3487 2931 3542 eruditis
2975 3490 3198 3559 explosa
3228 3488 3436 3545 Barthii

1851 3579 2144 3644 sententia,
2174 3578 2418 3632 Pastoris
2462 3578 2766 3633 versionem
2796 3580 3091 3636 Anastasio
3137 3580 3439 3638 Bibliothe-

1850 3671 2000 3725 cario
2029 3671 2355 3725 ascribentis
2379 3671 2425 3701 "
2452 3687 2466 3725 :
2499 3685 2622 3740 quas
2650 3671 2861 3726 scilicet
2896 3671 3054 3742 longe
3081 3682 3208 3728 ante
3242 3672 3436 3729 Hiero-

1850 3779 2038 3834 Lymo,
2087 3762 2307 3828 Ruliuo,
2356 3763 2626 3818 Cassiano
2667 3763 2901 3834 aliisque
2947 3766 3244 3821 Anastasio
3292 3768 3439 3822 antio

1849 3857 2143 3926 quioribus
2202 3856 2459 3912 Patribus
2513 3866 2796 3926 comperta
2853 3856 3024 3913 fuisse
3084 3860 3436 3929 perhibetur;

1848 3959 2067 4014 quaque
2115 3945 2341 4016 insuper
2388 3961 2522 3999 usus
2566 3947 2901 4017 comperitur
2942 3957 3193 4004 vetustus
3242 3960 3438 4006 auctor

1849 4037 2091 4092 homiliae
2148 4037 2226 4092 De
2265 4038 2592 4094 aleatoribus
2644 4041 2787 4096 inter
2822 4056 2989 4110 opera
3041 4041 3331 4112 Cypriani,
3378 4055 3436 4099 ut

1848 4131 1988 4185 alios
2033 4139 2445 4200 praetereamus.
2491 4131 2623 4198 Quae
2665 4149 2798 4187 vero
2850 4134 3035 4188 subdit
3060 4135 3203 4190 idem
3235 4152 3436 4191 censor

1847 4223 1915 4276 de
1962 4223 2067 4276 hac
2122 4222 2349 4292 antiqua
2403 4227 2657 4279 versione
2700 4226 2903 4294 quibus
2941 4227 3088 4280 illam
3129 4228 3434 4298 deprimere

1848 4323 2103 4382 conatur,
2148 4315 2370 4371 levioris
2406 4327 2537 4371 sunt
2577 4317 2841 4371 momenti
2875 4333 3040 4388 quam
3073 4329 3133 4374 ut
3162 4320 3216 4374 in
3247 4321 3316 4376 iis
3344 4339 3433 4377 re-

1849 4407 2097 4463 fellendis
2121 4417 2334 4478 tempus
2358 4411 2724 4465 insumamus.

227 4531 346 4589 Hoc
376 4543 558 4588 autem
591 4550 730 4605 opus
760 4533 947 4591 Graece
990 4537 1230 4608 primum
1280 4538 1452 4594 fuisse
1480 4541 1744 4611 scriptum
1781 4495 1824 4550 Β
1850 4521 1994 4611 (δλῗῄ
2015 4520 2116 4611 7",]:
2140 4520 2819 4611 ,ρειανξιολη,ηνειεληρριά
2866 4524 2912 4578 Ρ
2915 4535 3004 4611 αξη
3005 4543 3092 4609 ιξηι
3134 4529 3433 4611 velas???“

151 4640 322 4679 nemo
371 4628 550 4681 nescit
602 4645 616 4681 :
658 4629 953 4683 dolendum
991 4639 1172 4684 tamen
1203 4631 1351 4702 quod
1390 4642 1568 4688 textus
1605 4634 1750 4703 jam-

151 4719 361 4773 dudum
393 4727 701 4789 temporum
729 4721 930 4791 injuria
965 4723 1044 4779 sic
1070 4725 1354 4790 exciderit,
1393 4734 1452 4778 ut
1485 4727 1747 4783 nonnulla

154 4821 370 4866 tantum
404 4812 526 4866 loca
581 4815 881 4882 supersint,
929 4818 1290 4871 vetustiorum
1338 4817 1560 4872 Patrum
1594 4818 1740 4874 Crte-

150 4919 349 4959 corum
381 4906 640 4974 operibus
686 4908 914 4963 intexta.
969 4907 1184 4975 Quibus
1237 4910 1459 4979 quidem
1502 4911 1742 4977 laciniis,

151 4997 212 5051 in
252 4997 447 5067 primis
488 5014 615 5053 vero
663 4998 985 5068 fragmentis
1023 5001 1089 5054 iis
1122 5018 1244 5070 quae
1280 5002 1414 5057 satis
1451 5003 1620 5057 multa
1648 5019 1743 5058 oc-

150 5099 387 5144 currunt
445 5090 499 5144 in
559 5090 812 5144 Doctrina
861 5093 930 5144 ud
981 5093 1300 5146 Antiochum
1342 5094 1549 5162 ducent,
1599 5096 1742 5150 inter

151 5181 445 5237 Athanasii
478 5184 824 5252 supposititia
873 5184 1111 5253 primum
1148 5200 1179 5238 a
1218 5185 1538 5241 doctissimo
1565 5184 1744 5241 Mont—

151 5272 414 5328 faueonio
441 5275 714 5344 evulgata,
744 5276 958 5346 jactura
975 5275 1290 5346 hujusmodi
1317 5285 1597 5346 utcunque
1623 5291 1742 5331 sar-

151 5367 256 5426 (‘iri
307 5376 503 5438 potest.
558 5367 760 5422 Verum
804 5369 872 5423 de
905 5368 1068 5438 hujus
1107 5367 1288 5438 operis
1323 5368 1743 5440 pseudo-Atha-

231 5507 274 5538 ¹⁸
301 5504 492 5586 Dodw.
528 5505 582 5559 in
627 5506 796 5561 addit.
821 5505 885 5560 ad
923 5505 1109 5561 Pears.
1133 5507 1269 5576 Opp.
1321 5513 1461 5588 post.
1489 5521 1618 5627 fug.
1655 5505 1860 5588 1963a
1888 5507 1941 5559 in
1972 5505 2202 5585 Dissert.
2238 5502 2404 5587 sing...
2433 5502 2590 5566 ibid.,
2616 5521 2741 5573 pag.
2777 5501 2899 5557 158.
2983 5501 3169 5584 "Hert

231 5606 248 5627 ι.
291 5592 340 5627 ι.
374 5593 478 5627 vis.
519 5592 580 5627 ιι.
606 5592 725 5627 can.
757 5579 811 5627 4.
891 5578 935 5607 ²⁰
956 5575 1223 5627 Moshem.
1261 5575 1448 5627 Instit.
1511 5575 1630 5627 list.
1665 5576 1868 5627 Clu-ist.
1910 5592 2255 5627 maiornnae.
2299 5575 2427 5627 225.
2505 5573 2977 5627 “Nout'r.Annar.
3009 5574 3079 5627 ad
3102 5572 3168 5624 Bt

1511 5572 1630 5630 list.
1665 5576 1868 5631 Clu-ist.
1910 5576 2255 5644 major..pag.
2299 5572 2427 5627 225.
2505 5572 2977 5644 “Nourr.Appar.
3009 5574 3079 5627 ad
3102 5572 3242 5625 Bibl.
3285 5572 3424 5644 PP.,

151 5576 248 5632 lib.
291 5592 340 5647 ι,
374 5577 478 5632 vis.
519 5592 725 5647 n,_cap.
757 5579 811 5631 4.
891 5578 935 5607 ²⁰
956 5575 1229 5630 Moshem.
1261 5575 1448 5647 Instit.

154 5659 292 5701 tom.
317 5645 356 5710 l,
407 5663 529 5715 pag.
555 5645 642 5700 57.
674 5645 688 5647 ’
723 5647 971 5701 “Dodw.
1003 5647 1227 5701 Dissert.
1254 5664 1292 5701 ιι
1321 5648 1376 5699 in
1417 5645 1584 5712 Iren.,

153 5786 338 5844 Veter.
371 5789 646 5847 testimon.
692 5786 904 5843 Hei-nite
933 5787 1147 5843 Pastori
1174 5786 1477 5858 praemissa.

1620 5645 1778 5717 §xv1,

154 5659 292 5701 tom.
317 5645 356 5710 l,
395 5663 529 5773 διες.
555 5645 642 5700 57.
674 5645 688 5647 ’
723 5647 971 5701 “Dodw.
1003 5647 1227 5701 Dissert.
1254 5664 1292 5701 ιι
1321 5648 1376 5699 in
1417 5645 1584 5712 Iren.,
1620 5645 1778 5726 §xv1,
1833 5664 1885 5717 p.
1925 5647 2049 5713 ηθ,
2083 5656 2138 5699 et
2178 5647 2232 5698 in
2273 5645 2441 5699 addit.
2482 5646 2556 5726 .ad
2613 5645 2800 5700 Pears.

150 5718 200 5787 ’ξ
240 5716 389 5772 Μοιιι
420 5759 432 5770 .
467 5717 666 5772 Athan.
714 5717 850 5787 Opp.
905 5725 1037 5771 tom.
1087 5717 1152 5778 ll,
1215 5734 1268 5787 p.
1301 5717 1440 5781 251,
1490 5716 1714 5784 Monit.,
1753 5734 1806 5770 ιι.
1854 5717 1974 5771 ill.
2053 5716 2100 5751 “
2121 5715 2313 5772 Barth.
2346 5726 2442 5771 not
2483 5733 2536 5771 ιιι
2575 5715 2800 5786 llerm.|

1916 4609 2030 4646 mos
2062 4595 2324 4647 habitum.
2376 4594 2539 4648 Valde
2572 4597 2702 4648 utile
2722 4597 2847 4664 jure
2870 4598 3256 4652 existimatum.
3293 4599 3436 4654 Hinc

1923 4664 2185 4735 immerito
2234 4682 2264 4716 a
2307 4665 2576 4718 nonnullis
2622 4667 2950 4735 reprobatur.
3013 4666 3304 4722 Solvuntur
3336 4672 3436 4723 ali-

1920 4733 2406 4816 quotobiectiones,
2448 4737 2511 4789 ab
2538 4733 2876 4806 antiquorum
2921 4737 3149 4792 Patrum
3198 4743 3434 4794 auctori-

1921 4812 2030 4856 tate
2053 4812 2252 4873 pelitw.

1917 4894 2139 4950 Patrum
2170 4897 2596 4967 antiquissimis,
2623 4899 2828 4955 Graecis
2865 4900 2916 4953 in
2950 4900 3165 4970 primis,
3195 4911 3348 4957 tanto
3377 4904 3430 4957 in

1848 4997 2024 5065 pretio
2077 4995 2179 5049 fuit
2225 4993 2437 5049 Herma:
2485 4993 2702 5058 Pastor,
2754 5001 3077 5063 tantumque
3110 4994 3251 5060 apud
3282 4996 3433 5065 ipsos

1848 5089 2173 5143 auctoritate
2212 5089 2404 5154 valuit,
2440 5097 2500 5142 ut
2533 5089 2601 5142 ab
2641 5102 2831 5141 eorum
2880 5088 3180 5150 nonnullis,
3213 5099 3271 5141 ut
3303 5100 3431 5158 puta

1850 5179 2075 5248 Irenzeo,
2113 5181 2393 5236 Clemente
2445 5179 2817 5234 Alexandrino
2864 5188 3031 5248 atque
3077 5179 3312 5251 Origene
3361 5182 3429 5244 ³⁸,

1849 5274 2014 5330 fuerit
2047 5276 2188 5328 inter
2215 5273 2511 5329 canonicas
2542 5273 2858 5341 Scripturas
2883 5273 3189 5327 recensitus
3226 5291 3238 5326 :
3267 5273 3432 5327 adeo-

1851 5382 1958 5437 que
1984 5367 2121 5420 nihil
2149 5367 2371 5429 mirum,
2412 5365 2458 5420 si
2496 5380 2634 5434 opus
2663 5364 2796 5418 illud
2855 5364 2910 5417 iu
2957 5364 3202 5434 antiquis
3229 5365 3430 5417 biblio-

2983 5505 3024 5534 η
3045 5501 3233 5554 Herm.
3267 5501 3419 5557 Past.

2889 5660 2978 5713 pp.
3009 5652 3173 5711 pust.,
3203 5658 3255 5710 p.
3295 5642 3424 5696 197.

2053 5716 2100 5751 ³³
2121 5715 2313 5772 Barth.
2346 5726 2442 5771 not
2482 5717 2536 5771 in
2575 5715 2761 5772 Herm.
2786 5729 2910 5786 pag.
2944 5712 3068 5769 855.
3149 5714 3195 5744 "
3219 5713 3426 5769 videsis
