3822 6218
406 301 514 359 837

1870 304 1934 357 δ.
1973 303 2242 357 Hhhbtlll.

3608 314 3719 365 868

413 437 539 478 rum
593 420 879 477 codicibus
931 429 1100 492 atque
1164 424 1219 478 in
1272 432 1523 480 veterum
1576 424 2006 493 Sticltometriis,
2040 430 2083 486 Α
2110 435 2324 496 ptorum
2355 433 2585 480 veterum
2613 441 2900 497 usurpasse
2930 428 3232 483 testimonia
3268 427 3541 485 declarat.
3596 426 3719 484 Haec

414 514 552 570 Novi
596 514 845 571 Fmderis
898 515 1054 570 libris
1094 517 1407 587 subjectum
1464 520 1789 588 reperiatur.
1837 520 2012 573 Atha-

415 607 607 661 nasius
648 621 802 667 vero,
865 604 1233 678 Hieronymus
1265 622 1332 662 ac
1374 605 1607 662 Ruﬁnus
1648 607 1901 662 eumdem
1936 608 2011 661 Io-

412 712 541 752 cum
596 697 700 767 ipsi
756 696 1087 762 attribuunt,
1142 712 1306 766 quem
1359 692 1655 765 Sapientia:
1698 695 2009 754 Salomonis

415 789 639 843 nomine
685 787 983 856 inscripta},
1018 797 1074 841 et
1127 785 1421 857 Sapientiae
1480 786 1693 853 Sirach,
1748 804 1849 843 nec
1897 804 2007 844 non

416 878 573 932 libris
608 877 826 941 Esther,
856 876 1070 941 Juditb,
1104 875 1293 932 Tobiae
1340 885 1505 947 atque
1564 876 2005 931 Maehabaeorum

412 970 718 1040 assignant.
758 966 880 1022 Uno
914 969 1103 1033 verbo,
1158 967 1373 1024 Hermae
1406 968 1608 1023 Pastor
1640 970 1871 1025 vetustis
1903 968 2010 1025 Pa-

2110 528 2294 573 autem
2326 516 2695 589 Hieronymus
2727 529 2853 588 post
2902 521 3198 585 scribebat,
3244 537 3414 591 quam
3443 537 3619 575 suum
3670 523 3717 574 in

2110 607 2369 664 Habacuc
2398 608 2869 665 Commentarium
2897 611 3199 678 edidisset;
3234 612 3401 681 hujus
3423 612 3581 667 enim
3610 628 3716 667 me-

2111 699 2274 753 minit
2312 699 2369 752 in
2420 699 2612 755 eodem
2654 699 2797 754 libro
2826 700 2891 765 ",
2925 701 3020 755 ubi
3056 717 3156 755 sua
3186 702 3386 771 scripta
3412 713 3679 755 recenset
3710 722 3718 753 ;

2110 802 2172 846 ut
2204 800 2488 861 propterea
2532 790 2578 847 si
2612 790 2744 862 quid
2773 793 2826 846 in
2862 790 3120 847 Hermam
3155 793 3349 847 durius
3374 792 3579 847 litteris
3606 807 3707 844 an—

2110 894 2195 939 tea
2222 886 2545 949 tradiderat,
2581 885 2712 939 illud
2742 900 2871 940 vero
2900 886 3131 956 ipsemet
3163 895 3355 956 postea
3386 885 3712 941 correxisse

2109 991 2174 1031 ac
2199 978 2525 1032 emendasse
2556 978 2829 1033 videatur.

412 1062 589 1119 tribus
651 1062 855 1130 passim
920 1060 1162 1126 habitus,
1229 1077 1341 1115 non
1392 1061 1615 1131 quidem
1650 1062 1819 1116 veluti
1870 1062 2008 1117 liber

413 1155 737 1219 canonicus,
764 1155 858 1211 sed
885 1155 1053 1210 veluti
1076 1154 1489 1210 ecclesiasticus
1520 1165 1574 1210 et
1595 1156 1819 1225 Optimae
1840 1164 2003 1216 notae.

408 1251 546 1321 quin
579 1258 634 1306 et
674 1251 905 1305 maxime
935 1250 1262 1303 necessarius
1296 1263 1363 1303 ac
1396 1247 1739 1315 utilissimus,
1770 1248 1839 1303 ad
1882 1247 2006 1302 fidei

409 1342 667 1413 dogmata
706 1342 1105 1413 propugnanda
1136 1348 1492 1409 comparatus
1517 1381 1532 1406 ,
1568 1350 1734 1409 atque
1776 1339 1845 1394 ad
1890 1339 2007 1409 ple-

408 1434 496 1489 bis
532 1434 934 1490 institutionem
973 1433 1384 1503 quammaxime
1417 1432 1668 1487 idoneus.

481 1526 710 1592 Verum,
776 1526 822 1583 si
875 1526 1144 1595 quosdam
1201 1525 1416 1592 audias,
1470 1524 1901 1579 Novatianorum
1952 1533 2007 1579 et

2178 1066 2367 1137 Neque
2397 1069 2619 1123 demum
2654 1086 2745 1125 res
2783 1078 2867 1125 est
2903 1070 3042 1125 adeo
3070 1070 3376 1140 explorata,
3416 1078 3480 1125 ut
3523 1071 3716 1125 locum

2109 1156 2601 1232 Hieronymianum
2628 1160 2904 1230 objectum
2937 1162 3186 1231 accipere
3211 1160 3279 1214 de
3305 1177 3477 1230 opere
3512 1158 3718 1214 Pasto-

2108 1253 2184 1305 ris
2212 1267 2511 1322 cogamur:
2545 1267 2653 1307 non
2674 1253 2821 1309 enim
2861 1251 3011 1322 Tyri,
3042 1254 3137 1307 sed
3169 1251 3372 1322 Hegrin
3401 1253 3552 1323 apud
3584 1252 3721 1306 Her-

2107 1358 2254 1397 mam
2290 1343 2453 1399 hodie
2484 1342 3142 1415 legimus.Qua:_quidem
3178 1358 3281 1397 vox
3302 1344 3427 1399 inde
3453 1344 3719 1400 fortassis

2113 1443 2298 1503 enata,
2327 1444 2389 1490 ut
2418 1435 2634 1491 erudite
2664 1436 2799 1493 satis
2832 1437 3060 1507 conjicit
3093 1436 3161 1491 cl.
3196 1436 3535 1501 Cotelerius,
3562 1438 3719 1507 quod

2108 1527 2163 1582 in
2204 1525 2434 1585 Hermae
2483 1537 2633 1585 textu
2705 1530 3093 1600 compendiosa
3139 1529 3409 1598 scriptura
3454 1538 3714 1585 exstaret

407 1618 837 1689 Pelagianorum
890 1616 1015 1672 fons
1068 1618 1135 1683 ",
1188 1615 1708 1673 Montanisticarum
1745 1616 2007 1687 supersti-
2106 1635 2319 1691 εγρηγς
2350 1620 2512 1691 cujus
2532 1622 3040 1691 postremtelitterte
3060 1620 3317 1676 inferiore
3340 1631 3501 1690 parte
3521 1636 3716 1686 exesa,

408 1713 621 1766 tionum
649 1725 848 1782 gurges
878 1708 1166 1781 fautorque
1191 1710 1522 1764 Arianorum
1558 1709 1846 1789 habendus
1866 1707 2003 1763 Her-
2040 1777 2077 1789 _
2107 1712 2319 1781 putarit
2351 1722 2508 1768 vetus
2542 1713 2814 1783 interpres
2838 1713 3126 1783 legendum
3163 1729 3366 1785 εγρηνς
3422 1712 3716 1783 bujnsque

407 1820 531 1861 mas
584 1823 600 1860 :
653 1777 907 1873 impurus
952 1777 1178 1874 insuper
1218 1784 1741 1874 dogmatistes,'qui
1794 1802 2006 1857 scilicet
2039 1777 2080 1831 Β
2111 1777 2372 1858 lectionis
2405 1804 2515 1858 vim
2552 1777 2978 1876 haud-quaquam
3021 1777 3329 1870 assecutus,
3362 1777 3570 1859 litteris
3609 1777 3717 1859 La-

408 1900 641 1957 libcrum
691 1898 983 1953 arbitrium
1026 1898 1095 1962 ²⁷,
1145 1896 1525 1969 purgatorium
1555 1904 1609 1950 et
1638 1896 2002 1951 monasticam
2104 1893 2237 1947 tinis
2274 1908 2466 1949 vocem
2507 1892 2756 1950 Graecam
2806 1894 3105 1949 reddiderit
3143 1893 3345 1964 Hegrin
3374 1912 3393 1947 :
3441 1910 3576 1949 cum
3625 1902 3714 1948 ta-

407 1993 757 2049 solitudinem
789 2000 1003 2047 astruat
1035 2010 1049 2046 :
1084 1991 1323 2061 denique
1355 1999 1622 2059 tanquam
1655 1988 1848 2043 larvati
1884 2004 2007 2058 pro-
2104 2000 2229 2040 men
2292 1986 2581 2055 legendum
2647 1987 2844 2043 fuisset
2886 1987 3210 2059 ὲγρήγορος,
3262 2002 3326 2042 ac
3376 1986 3709 2041 vertendum

406 2086 587 2155 pheta:
644 2085 882 2151 somnia,
939 2084 1059 2155 ejus
1114 2084 1320 2153 scripta
1366 2082 1693 2152 reputanda,
1754 2081 2003 2150 adeoque
2120 2074 2263 2146 Vigil
2296 2092 2364 2131 ex
2418 2076 2659 2133 Danielis
2691 2094 2811 2149 cap.
2850 2094 2929 2144 tv,
2976 2078 3069 2132 ubi
3098 2078 3426 2149 ἐγρηγόρου,
3464 2093 3568 2132 seu
3620 2076 3715 2131 Vi-

409 2176 554 2232 inter
585 2176 937 2246 supposititia
972 2184 1026 2229 et
1072 2175 1370 2230 lneresibus
1426 2174 1739 2244 fabulisque
1784 2173 2001 2242 oppleta
2102 2170 2226 2241 gilis
2260 2171 2567 2227 ministerio
2618 2170 2916 2243 Babylonis
2947 2187 3041 2225 rex
3088 2171 3156 2225 ad
3198 2171 3406 2225 bestias
3440 2170 3712 2225 amanda-

409 2264 730 2335 rejicientla.
789 2264 882 2320 Sic
937 2264 1199 2319 nimirum
1250 2265 1583 2335 seliptorem
1631 2259 1999 2334 apostolicum
2107 2274 2201 2319 tus
2224 2262 2469 2333 legitur:
2516 2280 2629 2333 quo
2672 2264 2812 2319 forte
2855 2263 3191 2334 apostolicus
3234 2263 3479 2332 scriptor
3530 2278 3715 2333 respe-

407 2374 665 2412 censores
710 2356 798 2412 isti
830 2357 1037 2412 morosi
1075 2357 1374 2426 exagitant,
1427 2357 1659 2427 ejusque
1694 2352 2000 2421 Pastorem,
2104 2359 2268 2414 xerit.
2328 2356 2437 2410 Alii
2493 2373 2622 2412 vero
2653 2357 2719 2423 ³³,
2768 2372 2833 2411 ex
2874 2356 3177 2411 Colbertini
3232 2357 3443 2411 codicis
3499 2372 3607 2410 ms.
3640 2355 3713 2408 le-

408 2453 723 2521 praestantia
772 2458 826 2506 et
882 2452 1121 2506 utilitate
1167 2451 1691 2516 commendandum,
1753 2458 1919 2519 atque
1967 2462 2000 2501 a
2104 2451 2285 2505 ctione
2314 2464 2437 2521 quae
2471 2449 2551 2503 sic
2579 2462 2638 2503 se
2678 2448 2839 2503 habet
2883 2466 2897 2503 :
2958 2446 3109 2501 Misit
3154 2447 3415 2502 Dominus
3460 2447 3712 2517 angelum

409 2545 801 2600 vetustioribus
843 2542 1104 2598 Patribus
1155 2551 1440 2612 tantopere
1479 2528 1818 2597 celebratum
1857 2540 2002 2596 inl'a-
2102 2559 2259 2597 suum
2301 2557 2460 2610 super
2498 2540 2723 2593 bestiam
2762 2539 2915 2609 cujus
2951 2554 3138 2593 nomen
3168 2548 3245 2592 est
3288 2537 3523 2609 Hegrin,
3558 2537 3713 2593 colli~

409 2647 581 2693 mant.
642 2637 899 2691 Attamen
959 2651 1151 2690 eorum
1217 2635 1633 2691 criminationes
1694 2634 2001 2689 levissimas
2103 2642 2237 2703 gunt
2272 2631 2475 2704 Ilegrin
2522 2646 2632 2686 non
2668 2631 2868 2701 angeli,
2905 2630 2998 2685 sed
3052 2630 3245 2686 bestiae
3297 2646 3509 2685 nomen
3568 2644 3711 2684 esse.

409 2746 531 2785 esse
564 2730 883 2799 nulliusque
914 2727 1196 2799 ponderis,
1221 2726 1537 2797 complures
1558 2726 1663 2782 viri
1688 2727 2001 2783 doctissimi
2110 2724 2299 2780 Graece
2355 2722 2616 2778 nimirum
2659 2723 2943 2792 scripserit
2993 2720 3227 2777 Hermas
3273 2721 3521 2791 ἄγριος,
3578 2721 3714 2775 illud

410 2819 791 2891 prodiderunt.

2182 2818 2416 2873 almistae
2486 2824 2746 2886 spectans
2783 2814 2829 2846 ³³
2863 2832 2877 2870 :
2946 2814 3281 2885 Ἐλυμῄνατο
3333 2814 3513 2885 αὐτὴν
3554 2808 3619 2875 ὗς
3647 2816 3716 2867 ἐκ

479 2912 673 2982 Agesis
711 2926 882 2977 nunc,
908 2926 978 2967 ne
1009 2910 1351 2981 obiectiones
1375 2907 1443 2963 ad
1478 2921 1648 2963 unam
1678 2921 1874 2962 omnes
1917 2916 2003 2961 ta-

2178 2908 2346 2980 υμοῦ,
2396 2908 2489 2961 καὶ
2544 2906 2728 2978 μονιὸς
2794 2906 2986 2979 ἄγριος
3031 2907 3444 2977 κατενεμήσατο
3514 2908 3709 2977 αὐτήν.

405 3005 507 3060 citi
536 3004 869 3074 praeteriisse
911 3004 1182 3069 dicamur,
1216 3017 1311 3057 eas
1344 3001 1536 3055 saltem
1562 3016 1685 3071 qua:
1716 3016 1747 3055 a
1775 2999 2002 3055 Patrum
2105 3000 2497 3055 Exterminavit
2525 3016 2643 3054 eam
2668 3000 2930 3070 (vineam)
2960 3016 3088 3069 aper
3114 3000 3176 3052 de
3202 2998 3359 3065 silva,
3384 3008 3433 3051 et
3463 3000 3716 3070 singula-

410 3098 739 3155 auctoritate
786 3104 1132 3167 repetuntur,
1168 3094 1260 3150 hic
1303 3092 1560 3148 ducimus
1599 3092 1998 3149 discutiendas.
2028 3120 2077 3183 ο
2106 3096 2181 3150 ris
2218 3096 2360 3165 ferus
2391 3094 2648 3164 depastus
2688 3103 2766 3146 est
2793 3109 2933 3148 eam.
2967 3091 3070 3147 Cui
3101 3092 3323 3163 quidem
3370 3092 3718 3162 conjectura

412 3188 558 3243 Inter
592 3188 715 3243 illas
742 3202 875 3242 vero
907 3185 1181 3257 praecipua
1216 3200 1248 3239 e
1289 3182 1352 3238 S.
1400 3181 1736 3254 Hieronymo
1778 3183 2002 3239 desum-
2051 3181 2066 3183 ⁷
2106 3197 2402 3243 contextus
2450 3185 2639 3241 favere
2691 3185 2927 3239 videtur.
2958 3183 3245 3255 Siquidem
3284 3184 3430 3239 hanc
3463 3185 3710 3240 bestiam

413 3290 505 3351 pta
528 3282 793 3347 occurrit,
818 3280 979 3348 cujus
1012 3278 1130 3332 haec
1168 3284 1299 3331 sunt
1328 3276 1495 3330 verba
1522 3293 1536 3329 :
1562 3274 1719 3329 Liber
1744 3274 1835 3329 ille
1868 3292 2001 3345 apo~
2103 3293 2367 3352 pressura:
2420 3286 2811 3348 superuentura:
2859 3278 3092 3347 ﬁguram
3138 3292 3281 3342 esse,
3316 3292 3450 3330 mox
3501 3277 3714 3333 ibidem

410 3376 664 3445 cryphus,
699 3374 880 3443 inquit
920 3373 989 3439 ³⁸,
1032 3371 1279 3426 stultitia:
1330 3369 1760 3423 condemnandus
1805 3378 1903 3436 est,
1946 3370 2001 3423 in
2104 3374 2247 3444 stylo
2278 3370 2659 3442 apocalyptico
2707 3369 2952 3425 declarat
2988 3367 3233 3423 Hermas
3281 3386 3295 3425 :
3358 3377 3421 3423 ut
3474 3372 3717 3440 proinde

409 3485 513 3540 quo
560 3469 819 3538 scriptum
868 3475 947 3521 est
987 3465 1269 3537 quemdam
1320 3463 1565 3535 angelum
1616 3463 1824 3517 nomine
1876 3460 2003 3533 Tyri
2105 3479 2230 3519 cum
2269 3463 2437 3533 paulo
2471 3472 2597 3517 ante
2628 3461 2911 3531 scripserit
2954 3477 2985 3515 a
3009 3459 3243 3515 Domino
3277 3476 3443 3530 super
3470 3462 3717 3517 bestiam

412 3581 637 3635 prteesse
682 3563 981 3633 reptilibus.
1027 3560 1149 3627 Quo
1211 3561 1333 3614 loco
1378 3558 1659 3613 nonnullis
1710 3556 1863 3612 visus
1919 3563 2006 3611 est
2105 3557 2360 3627 angelum
2386 3555 2619 3610 missum
2668 3552 2863 3621 fuisse,
2906 3553 3079 3623 ipsius
3123 3553 3392 3608 sententia
3418 3554 3490 3609 de
3515 3556 3718 3627 angelo

416 3666 645 3712 sanctus
692 3658 883 3710 doctor
916 3653 1129 3709 Hermae
1161 3651 1382 3707 Pastori
1416 3650 1713 3706 severioris
1755 3663 2005 3707 censura:
2106 3663 2139 3703 a
2170 3647 2283 3702 Deo
2317 3648 2371 3702 in
2407 3646 2677 3701 auxilium
2706 3644 3155 3700 Christianorum
3192 3643 3449 3700 immisso
3502 3645 3578 3700 sit
3621 3661 3722 3701 ac-

384 3759 601 3805 ~notam
653 3747 943 3812 inussisse,
999 3746 1132 3800 illud
1187 3760 1382 3815 nempe
1426 3743 1528 3798 viri
1579 3742 1867 3813 apostoiiei
1915 3740 2004 3795 di-
2106 3738 2382 3810 cipienda,
2413 3740 2507 3810 qui
2536 3754 2632 3793 eos
2663 3740 2719 3791 in
2755 3754 3009 3807 pressura
3038 3746 3440 3808 superuentura,
3477 3752 3582 3792 seu
3618 3739 3722 3794 im-

412 3852 563 3895 ctum
587 3839 888 3909 respiciens
919 3838 963 3871 "
1016 3856 1030 3892 :
1090 3836 1239 3891 Misit
1282 3836 1542 3890 Dominus
1578 3834 1823 3905 angelum
1847 3848 2005 3888 suum
2106 3834 2349 3889 minente
2382 3834 2766 3904 persecutione
2796 3831 3069 3887 solaretur
3107 3841 3273 3902 atque
3300 3830 3537 3887 foveret.

411 3930 504 3999 qui
541 3938 618 3982 est
665 3945 824 3998 super
851 3927 1067 3993 bestias,
1110 3927 1199 3980 cui
1230 3944 1420 3981 nomen
1463 3936 1541 3981 est
1576 3925 1798 3996 Hegrin,
1827 3935 1877 3979 et
1908 3926 2006 3979 ob-
2177 3924 2491 3997 Opponitur
2520 3926 2744 3996 insuper
2778 3941 2843 3980 ex
2868 3925 3275 3996 antiquioribus
3305 3924 3720 3989 Tertullianus,

415 4020 614 4074 turavit
673 4037 731 4073 os
783 4019 899 4089 ejus
952 4035 1015 4072 ne
1064 4028 1112 4071 te
1160 4017 1473 4073 dilaniaret.
1527 4015 1688 4083 Hinc,
1724 4017 2004 4087 inquiunt,
2106 4019 2203 4089 qui
2226 4018 2507 4072 Pastorem
2542 4019 2679 4073 dure
2720 4018 3099 4089 perstringens
3134 4018 3201 4085 “,
3236 4018 3578 4087 scripturam
3616 4034 3725 4072 vo-

414 4108 631 4164 llermaa
677 4108 961 4163 Pastorem
1025 4124 1133 4162 non
1211 4108 1391 4163 solum
1444 4109 1748 4164 contemnit
1809 4108 2005 4163 doctor
2107 4122 2196 4168 cat
2244 4112 2642 4185 apocrypham,
2698 4107 2917 4178 falsam,
2958 4112 3284 4177 adulteram,
3334 4112 3595 4182 adeoque
3646 4114 3722 4167 ab

416 4202 716 4267 maximus,
760 4215 951 4255 verum
984 4201 1150 4255 etiam
1182 4200 1411 4255 stultum
1443 4215 1567 4256 esse
1596 4202 1859 4256 decernit.
1888 4198 2003 4260 Nae.
2107 4206 2366 4261 omnibus
2432 4204 2823 4259 ecclesiasticis
2892 4204 3257 4260 conventibus
3328 4205 3719 4274 reprobatam.

414 4311 448 4350 a
484 4310 614 4349 vero
660 4294 821 4363 longe
866 4292 1123 4347 aberrare
1167 4292 1443 4359 videntur,
1497 4293 1592 4363 qui
1642 4294 1723 4349 sic
1766 4294 2005 4350 rationes
2109 4298 2215 4355 Sed
2252 4300 2368 4354 haec
2419 4306 2546 4353 sunt
2594 4297 2944 4364 Tertulliani,
2993 4298 3323 4368 jampridem
3383 4298 3441 4352 in
3494 4297 3723 4353 Monta-

414 4397 631 4459 pntant.
667 4386 777 4442 Fac
806 4388 1027 4441 demum
1064 4387 1366 4457 respexerit
1398 4389 1545 4443 hunc
1578 4386 1793 4443 Hermae
1823 4389 2005 4443 locum
2107 4391 2381 4445 nistarum
2425 4390 2678 4445 haeresim
2711 4389 2955 4459 prolapsi
2988 4407 3003 4443 :
3048 4390 3195 4459 quod
3227 4404 3362 4444 sane
3390 4389 3444 4442 in
3490 4388 3723 4446 Hermas

416 4478 477 4536 ὃ.
514 4479 915 4549 Hieronymus,
982 4496 1114 4534 num
1167 4497 1297 4537 vero
1341 4489 1628 4552 eapmpter
1685 4481 2002 4536 universum
2036 4473 2081 4527 D
2111 4483 2327 4538 laudem
2359 4483 2444 4538 vel
2480 4483 2782 4554 plurimum
2826 4483 2993 4538 cedit.
3031 4482 3204 4537 Secns
3231 4482 3377 4536 enim
3408 4480 3723 4537 Tertullia-

413 4569 661 4628 Pastoris
694 4570 894 4625 librum
933 4570 1023 4624 ille
1056 4570 1316 4640 rejecisse
1344 4572 1643 4628 dicendus?
1674 4572 1831 4639 Quod
1854 4575 2001 4627 enim
2111 4591 2217 4630 nus
2244 4573 2586 4628 orthodoxus
2614 4572 2745 4626 alibi
2772 4572 3013 4627 sensisse
3043 4572 3258 4625 videtur
3291 4571 3357 4623 ³⁸.

416 4664 606 4733 aliquo
655 4664 708 4717 in
740 4678 903 4732 opere
951 4662 1233 4733 quidpiam
1289 4664 1474 4719 minus
1504 4675 1650 4720 recte
1679 4678 1776 4721 aut
1808 4682 2003 4736 parum
2182 4667 2289 4721 Alii
2320 4667 2484 4721 etiam
2538 4665 2838 4734 scriptores
2866 4663 3104 4735 Origene
3136 4663 3463 4719 telustiores
3508 4665 3596 4720 vel
3638 4666 3726 4721 ei-

417 4768 579 4814 caute
606 4756 869 4826 scriptum
900 4757 1025 4827 quis
1061 4758 1278 4827 detegat
1326 4758 1736 4827 pronuntietve,
1773 4759 1826 4814 id
1875 4776 2006 4815 vero
2111 4757 2235 4814 dem
2261 4774 2549 4829 suppares,
2587 4756 2830 4810 Pastoris
2864 4756 3109 4811 libellum
3140 4756 3194 4809 in
3236 4759 3721 4824 contemptionem

420 4852 587 4906 totius
620 4850 804 4921 operis
834 4850 1150 4905 auctoritati
1197 4851 1357 4920 plane
1389 4851 1624 4916 oﬂicere,
1678 4868 1840 4908 nemo
1878 4853 2004 4923 jure
2113 4850 2410 4904 adduxisse
2437 4848 2823 4919 perhibentur,
2851 4864 3090 4917 quorum
3126 4847 3293 4902 tacito
3328 4849 3561 4903 nomine
3601 4865 3726 4905 me-

417 4943 637 4999 dixerit.
694 4941 940 5009 Deinde,
991 4943 1086 5013 qui
1140 4942 1256 4996 lieri
1312 4952 1510 5014 potest,
1564 4952 1623 4997 ut
1656 4952 1882 4999 sanctus
1916 4944 2006 4999 ille
2113 4941 2273 4996 minit
2312 4942 2429 5010 ipse
2462 4938 2830 4993 Adamantius
2864 4937 2929 4991 ³⁸.
2969 4938 3175 4992 Verum
3222 4953 3344 4993 cum
3382 4938 3533 4993 idem
3584 4939 3727 4995 Dri-

420 5035 612 5090 :loctor
657 5033 857 5088 acriter
890 5034 1027 5087 adeo
1070 5033 1125 5087 in
1184 5031 1466 5088 Pastorem
1509 5034 1757 5090 invectus
1817 5034 2005 5103 fuerit,
2113 5049 2279 5106 genes
2306 5031 2437 5087 alibi
2469 5031 2687 5099 scribat
2718 5030 2784 5098 ³⁷,
2824 5046 2966 5100 opus
3008 5028 3223 5085 Hermae
3258 5030 3407 5087 valde
3436 5030 3547 5084 sibi
3581 5035 3729 5088 utile

419 5142 581 5198 quem
640 5124 715 5179 De
739 5126 864 5180 viris
896 5123 1192 5179 illustribus
1228 5125 1473 5181 scribens
1503 5126 1569 5193 ³⁰,
1622 5144 1799 5181 revera
1822 5127 2007 5181 utilem
2109 5128 2315 5192 visum,
2345 5124 2636 5194 tradatque
2673 5123 2718 5155 ³⁸
2747 5123 2915 5179 simul
2949 5122 3083 5177 illud
3109 5123 3328 5193 quidem
3359 5125 3424 5177 ab
3458 5126 3727 5180 omnibus

418 5217 615 5271 librum
650 5217 904 5288 appellat,
961 5232 1234 5287 quemque
1284 5217 1424 5287 apud
1474 5219 1736 5287 quasdam
1787 5218 2008 5275 Graecia:
2110 5234 2203 5287 pro
2225 5217 2404 5270 divino
2445 5232 2548 5270 non
2592 5214 2853 5281 habitum,
2902 5223 3282 5269 verumtamen
3326 5215 3382 5268 in
3431 5214 3725 5272 Ecclesias

419 5310 689 5364 Ecclesias
728 5309 935 5379 publice
964 5307 1066 5379 legi
1096 5316 1347 5376 testatur,
1380 5308 1675 5379 multosque
1702 5310 1765 5363 de
1786 5326 1845 5363 eo
1872 5310 2010 5365 scri-
2111 5308 2489 5364 circumlatum
2514 5324 2531 5362 :
2564 5306 2835 5377 bincjure
2858 5306 2983 5376 quis
3005 5306 3458 5379 arguat,Patrem
3495 5309 3726 5366 doctis-

492 5485 539 5569 :‘l
568 5483 837 5569 Blondel._,
862 5483 1240 5569 tipatam-pag.
1280 5486 1370 5543 l7.
1412 5487 1459 5569 '1
1476 5485 1655 5569 Rivet.
1687 5487 1826 5544 Crit.
1849 5506 1984 5569 s_ac.,
2006 5490 2108 5569 lib.
2136 5506 2178 5569 _t,
2203 5506 2324 5569 cap.
2358 5492 2444 5545 l2.
2522 5491 2566 5523 ³⁸
2586 5487 3167 5569 Ηί-θξοῐξτ,ηᾷυπιηιεῃξ.
3200 5509 3270 5569 ηε
3288 5491 3597 5569 ﬂabat-9},
3626 5495 3718 5552 is.

418 5557 464 5590 ³⁸
484 5555 666 5636 Herm.
696 5554 849 5636 ἤιξε-ι..
872 5556 964 5610 lib.
995 5554 1158 5636 uvis.
1185 5554 1256 5623 tv,
1279 5557 1491 5636 φυλῇ..
1524 5557 1837 5636 “:Hierouq
1871 5554 2069 5636 lio—De
2098 5554 2197 5636 uir.
2229 5554 2455 5636 illustr.,
2481 5577 2604 5632 cap.
2641 5560 2812 5636 lO._‘_‘
2834 5558 3084 5636 Hiegouq
3107 5565 3202 5636 lib.
3221 5563 3305 5636 ille
3332 5564 3431 5636 vir.
3473 5554 3721 5634 illatum,

418 5642 541 5696 cap.
566 5626 692 5680 155.
731 5626 775 5659 ³³
796 5624 1018 5708 Nour_r.,
1040 5628 1241 5697 Appar.
1271 5624 1513 5682 ad'Bibl.
1537 5627 1680 5695 PP.,
1712 5639 1845 5712 tom.
1872 5630 1916 5696 l,
1942 5648 2063 5753 pag.
2097 5633 2194 5715 65._
2231 5624 2497 5715 "‘Psalm.
2525 5624 2714 5696 L'xxtx,
2735 5630 2824 5685 M.
2869 5630 2914 5661 “
2936 5624 3192 5697 Tertull.,
3216 5633 3314 5714 lib.
3344 5633 3423 5688 De
3442 5624 3722 5703 μειώσας

419 5714 541 5756 can.
585 5696 672 5749 10.
749 5696 794 5729 ³³
813 5694 889 5750 ld.
920 5698 1017 5752 lib.
1047 5697 1124 5750 De
1143 5708 1305 5756 orat..
1339 5714 1458 5756 can.
1491 5699 1579 5752 l2.
1659 5702 1704 5733 ³⁶
1728 5698 1973 5756 0ruzen..
2048 5719 2073 5755 e
2113 5720 2364 5756 omnem.
2399 5704 2495 5756 lih.
2538 5722 2611 5756 iv.
2645 5718 2764 5756 can.
2792 5700 2861 5756 2.
2906 5698 2934 5756 ξ
2967 5702 3023 5756 8.
3064 5704 3108 5735 ³⁷
3142 5690 3221 5756 id.
3264 5704 3356 5756 ltb.
3396 5721 3431 5756 ι
3462 5705 3721 5756 Em..-

419 5714 550 5780 cap:
585 5697 672 5777 10.
749 5697 794 5729 ³³
813 5697 889 5750 ld.
920 5698 1017 5752 lib.
1047 5697 1124 5750 De
1143 5708 1305 5764 orat.,
1339 5714 1458 5768 cap.
1491 5699 1579 5752 l2.
1659 5702 1704 5733 ³⁶
1728 5697 1973 5771 ΟΜεεηξ,
2004 5734 2007 5753 ι

421 5785 475 5820 tn
504 5766 673 5836 Epist.
702 5767 771 5821 ad
803 5767 953 5822 Rom.
981 5785 1093 5837 XVI,
1125 5769 1211 5824 lt.
1291 5771 1333 5803 ³⁸
1354 5769 1429 5826 ld.
1456 5769 1752 5829 Comment.
1788 5773 1842 5827 in
1871 5772 2007 5828 Matt

2179 5705 2364 5771 incip.,
2399 5704 2495 5758 lih.
2538 5722 2611 5761 tv.
2645 5718 2764 5772 cap.
2792 5700 2861 5768 2,
2906 5698 2934 5772 §
2967 5702 3023 5756 8.
3064 5704 3108 5735 ³⁷
3142 5697 3221 5759 ld.
3264 5704 3356 5758 lib.
3396 5697 3721 5778 ιἘιτριιιιξ

2178 5792 2243 5845 ιι).
2283 5792 2395 5846 xiv,
2426 5776 2817 5841 edit.noviss.,
2843 5780 2982 5831 tom.
3014 5770 3084 5846 ll,
3116 5789 3173 5848 p.
3214 5774 3340 5831 644.
