3822 6218
183 290 287 346 869

1432 284 1732 341 PASTOR.
1767 316 1834 331 -
1867 281 2225 340 ΡΒΟαΞΜΙΛ.
2614 276 2631 311 ⁴

3337 292 3442 347 870

184 411 387 465 sitnum
418 423 513 466 eos
553 409 851 480 scriptores
893 413 1119 483 insuper
1174 412 1469 478 habuisse;
1519 410 1766 481 adeoque
1794 413 1839 469 Δ
1867 411 2041 481 psisse
2085 409 2405 479 perhibetur
2447 408 2675 465 Hermas
2726 410 2830 464 sub
2879 409 3178 466 Clementis
3224 413 3444 480 pontifi-

186 501 337 557 haud
390 503 717 557 nominatim
769 504 1045 573 laudasse,
1075 505 1223 576 quod
1262 505 1349 560 vel
1390 504 1514 559 illos
1554 503 1763 558 nullius

181 608 307 648 esse
336 594 681 649 auctoritatis
719 595 1016 661 censuerit,
1055 596 1139 651 vel
1182 596 1455 650 immerito
1502 594 1765 663 nulloque

184 686 461 738 rationum
494 686 734 755 pondere
764 687 834 742 ab
863 687 1055 742 iisdem
1084 686 1256 743 fuisse
1283 687 1546 757 rejeetum
1585 686 1765 741 eccle-

182 777 467 832 siasticum
512 778 711 832 librum
761 780 1062 849 agnoverit.
1107 778 1224 833 Nisi
1261 778 1422 833 malis
1465 777 1760 847 conjicere,

183 870 497 939 hujusmodi
528 870 824 940 scriptores
860 869 1079 941 Origeni
1110 880 1444 925 memoratos
1476 880 1764 941 eapropter

182 961 463 1015 Pastorem
500 962 834 1031 contemptui
872 962 1151 1028 habuisse,
1200 962 1348 1032 quod
1384 971 1574 1017 contra
1622 978 1763 1018 non~

183 1057 369 1111 nullos
419 1056 812 1125 disceptarent,
865 1057 958 1126 qui
1002 1072 1068 1111 ex
1122 1071 1190 1110 eo
1229 1056 1377 1109 velut
1415 1056 1467 1108 in
1498 1071 1761 1110 canonem

185 1147 593 1217 Scripturarum
621 1156 839 1217 recepto
866 1148 1173 1203 testimonia
1209 1148 1608 1216 depromerent,
1634 1146 1762 1219 qui-

182 1239 291 1294 bus
314 1240 447 1294 tides
476 1238 640 1293 fuerit
673 1240 899 1293 omnino
928 1240 1259 1294 adhibenda.
1372 1299 1376 1303 ,

258 1331 379 1397 Quo
407 1332 572 1387 etiam
612 1348 775 1386 sensu
814 1330 1050 1387 fortasse
1106 1331 1458 1401 accipiendus
1502 1328 1761 1401 Prosper,

182 1422 449 1479 Collatori
493 1422 709 1479 Hermas
753 1414 1136 1478 auctoritatem
1182 1424 1484 1494 obiicienti,
1511 1424 1632 1495 ejus
1682 1436 1764 1479 te-

181 1516 493 1569 stimonium
542 1515 739 1569 nullius
787 1532 899 1571 esse
949 1516 1289 1572 auctoritatis
1321 1517 1657 1586 respondens
1693 1515 1760 1571 ".

183 1607 287 1664 Vel
320 1610 502 1679 potius
524 1610 814 1665 dicendum
840 1625 963 1663 cum
994 1610 1136 1687 aliis,
1160 1607 1487 1680 Prosperum
1517 1618 1765 1680 propter-

180 1716 249 1756 ea
295 1700 541 1755 Pastoris
588 1701 967 1756 auctoritatem
1030 1701 1382 1767 detrectasse,
1418 1700 1563 1772 quod
1607 1700 1760 1755 illum

180 1794 404 1862 penitus
457 1792 723 1863 ignorarit
765 1810 778 1845 :
824 1792 1114 1861 siquidem,
1160 1792 1490 1864 Hieronymo
1529 1800 1666 1846 teste
1692 1792 1758 1857 "°,

180 1877 323 1932 liber
345 1877 556 1934 Hermae
593 1880 732 1949 apud
753 1878 973 1933 Latinos
1005 1896 1132 1949 pene
1164 1882 1373 1951 ignotus
1408 1889 1547 1935 erat.
1577 1879 1762 1950 Neque

179 1982 317 2023 vero
364 1970 432 2023 ab
480 1984 539 2024 re
593 1970 929 2039 conjecerint
975 1970 1068 2039 qui
1111 1972 1378 2039 putarint,
1430 1969 1765 2041 Prospernm

178 2059 531 2115 considerate
561 2061 766 2117 dixisse
804 2061 1001 2115 nullius
1049 2076 1170 2116 esse
1216 2064 1553 2118 auctoritatis
1607 2066 1760 2120 testi-

179 2153 422 2205 monium
470 2155 609 2223 quod
658 2153 1009 2224 disputationi
1045 2170 1155 2208 sute
1184 2154 1248 2208 de
1290 2154 1468 2209 libello
1512 2155 1759 2211 Pastoris

176 2236 429 2298 Collator
457 2244 712 2309 inseruit;
745 2260 853 2299 non
884 2244 1030 2314 quod
1055 2243 1113 2299 S.
1146 2243 1306 2299 Pater
1326 2243 1537 2300 Hermae
1566 2246 1761 2301 librum

179 2352 412 2408 prorsus
458 2337 728 2406 rejecerit,
772 2337 869 2393 sed
902 2339 1048 2408 quod
1078 2340 1435 2392 testimonium
1464 2354 1530 2393 ex
1568 2341 1759 2395 eodem

180 2430 329 2484 libro
350 2445 381 2484 a
418 2428 691 2485 Collatore
712 2430 768 2485 in
797 2431 1033 2501 medium
1057 2432 1352 2502 prolatum,
1384 2431 1519 2486 nihil
1551 2434 1617 2488 ad
1640 2433 1760 2502 ejus

178 2524 496 2595 Opinionem
526 2525 876 2578 astruendam
901 2522 1145 2580 conferre
1171 2526 1529 2596 perspexerit.
1568 2523 1760 2581 Virum

180 2617 568 2672 doctissimum
598 2618 825 2673 consule
853 2618 919 2672 “.

254 2709 524 2765 Caeterum
570 2726 695 2766 cum
736 2710 1053 2778 Eusebius,
1080 2709 1465 2781 Hieronymus,
1508 2710 1758 2769 Gelasius

181 2803 241 2857 in
274 2803 511 2867 Decreto,
541 2812 733 2856 auctor
762 2802 1173 2868 Sticltometrite,
1196 2800 1503 2872 Nicephoro
1538 2803 1643 2858 (ΖΡ.
1678 2814 1761 2859 at-

179 2894 427 2961 tributae,
458 2895 659 2964 aliique
682 2892 938 2948 Ecclesire
966 2893 1281 2963 scriptores,
1307 2895 1649 2965 apocryphos
1675 2896 1761 2950 in-

178 2994 269 3041 ter
310 2996 368 3041 et
414 2985 612 3039 nothos
654 2984 823 3039 libros
870 2983 1145 3038 Pastorem
1187 2994 1508 3052 recensent,
1564 3002 1757 3041 eorum

1865 512 1987 557 catu
2012 504 2093 571 ‘7;
2141 518 2326 572 quem,
2361 511 2539 557 stante
2562 503 2741 558 adhuc
2768 504 2988 573 templo,
3025 520 3179 558 suam
3227 506 3446 560 misisse

1862 596 2099 665 priorem
2136 595 2203 648 ad
2243 594 2559 649 Corinthios
2596 593 2897 664 Epistolam
2943 596 3199 663 superius
3251 606 3443 651 osten-

1863 686 2050 741 dimus
2076 684 2142 738 “'.
2196 684 2402 740 Deinde
2454 685 2890 754 persecutionem
2939 684 3305 741 Neronianam
3359 700 3445 739 re-

1863 780 2077 849 spicere
2122 778 2337 832 videtur
2375 785 2587 840 auctor.
2612 778 2741 831 dum
2781 792 2971 831 eorum
3003 777 3252 831 meminit
3276 776 3320 808 ⁸⁸
3351 776 3443 846 qui

1853 870 1973 939 jam
2009 876 2309 922 meruerunt
2354 867 2544 934 Deum,
2582 877 2631 921 et
2680 869 2824 937 passi
2860 876 2980 922 sunt
3014 884 3175 921 causa
3213 868 3442 922 nominis

1861 961 1975 1029 ejus
2014 961 2154 1028 feras
2192 960 2405 1025 bestias,
2458 959 2691 1029 flagella,
2735 976 2992 1026 carceres,
3039 976 3239 1015 cruces.
3274 960 3441 1015 Eant-

1862 1053 2097 1122 demque
2139 1052 2575 1121 persecutionem
2618 1052 2815 1106 iterum
2870 1061 3155 1118 memorat,
3209 1054 3336 1107 dntn
3382 1070 3443 1109 se

1864 1143 2012 1199 illam
2045 1144 2301 1214 elfugisse
2350 1144 2511 1214 paulo
2542 1153 2663 1213 post
2703 1143 2988 1214 profitetur
3018 1146 3103 1199 his
3136 1145 3315 1199 verbis
3343 1146 3389 1176 "°
3424 1185 3439 1199 .

1867 1238 2114 1293 Occurrit
2145 1236 2276 1290 milti
2307 1236 2430 1290 talis
2461 1236 2649 1303 bestia,
2682 1253 2799 1307 quae
2826 1237 2992 1305 possit
3030 1236 3278 1305 populum
3314 1252 3444 1291 con-

1863 1346 2098 1394 sumere;
2121 1329 2427 1395 sed,virtute
2447 1328 2545 1382 Dei
2566 1337 2615 1382 et
2639 1328 2898 1399 singulari
2923 1329 3035 1398 ejus
3053 1329 3439 1395 misericordia,

1861 1422 2004 1476 evasi
2029 1421 2203 1474 illam.
2228 1419 2295 1475 Et
2319 1436 2514 1475 rursus
2550 1438 2563 1474 :
2592 1417 2866 1489 Magnam,
2904 1420 3101 1490 inquit,
3134 1420 3442 1474 tribulatio-

1864 1527 1980 1565 nem
2005 1511 2240 1580 e/fugisti
2282 1520 2493 1580 propter
2536 1510 2695 1578 ﬁdem
2735 1519 2904 1575 tuam,
2942 1520 2991 1563 et
3034 1511 3123 1580 qui
3159 1510 3319 1564 talem
3352 1511 3440 1565 be-

1862 1602 2022 1657 stiam
2057 1618 2159 1655 non
2200 1601 2482 1656 dubitasti.
2529 1598 2801 1656 Neronem
2834 1600 3042 1656 scilicet
3082 1601 3303 1655 bestiam
3338 1616 3438 1655 vo-

1865 1703 1976 1759 cat,
2007 1695 2078 1748 ab
2100 1693 2362 1763 Apostolo
2387 1693 2641 1755 edoctus,
2676 1691 2766 1746 cui
2810 1690 2890 1745 leo
2930 1692 3131 1746 dicitur
3165 1692 3305 1747 idem
3351 1703 3438 1764 ty-

1864 1801 2095 1850 rannus,
2126 1785 2216 1839 ubi
2247 1785 2324 1839 ait
2348 1785 2391 1815 '”
2428 1803 2442 1839 :
2490 1784 2748 1837 Dominus
2786 1795 2959 1837 autem
3001 1782 3129 1837 mihi
3166 1784 3358 1849 astitit,
3389 1792 3438 1836 et

1862 1878 2181 1948 confortavit
2218 1894 2297 1931 me
2341 1893 2361 1932 :
2404 1886 2453 1931 et
2490 1876 2744 1930 liberatus
2778 1892 2895 1929 sum
2930 1875 2994 1929 de
3021 1891 3107 1929 ore
3145 1877 3328 1930 leonis.
3359 1875 3437 1931 Ita

1861 1972 2051 2026 Patres
2093 1982 2147 2026 et
2182 1972 2508 2041 interpretes
2542 1972 2769 2041 passim.
2798 1969 2870 2023 De
2902 1970 3002 2024 hac
3032 1980 3212 2036 autem
3253 1986 3439 2040 perse—

1862 2062 2083 2117 cutione
2133 2061 2304 2117 fuisse
2369 2061 2614 2117 locutum
2668 2059 2925 2114 Hermam
2990 2070 3104 2113 tum
3158 2061 3268 2125 hic,
3321 2071 3435 2117 tum

1861 2155 2026 2208 etiam
2071 2153 2201 2208 alibi
2232 2154 2301 2221 ⁵³,
2337 2155 2428 2207 vix
2458 2169 2520 2207 ea
2547 2152 2797 2207 dubitare
2831 2152 3019 2207 sinunt
3046 2168 3165 2221 quae
3187 2155 3440 2221 superius

1862 2247 1919 2301 in
1971 2246 2217 2302 eamdem
2260 2245 2585 2301 sententiam
2632 2244 3027 2298 edisseruimus
3072 2243 3141 2298 ⁸³.
3197 2243 3441 2313 Denique

1860 2355 2121 2409 pressura:
2144 2345 2532 2407 superuentura
2555 2333 2884 2389 mentionem
2908 2333 3082 2402 injicit
3111 2334 3196 2387 vir
3221 2344 3441 2403 aposto-

1863 2432 2002 2487 licus
2024 2430 2071 2463 ⁵⁸
2104 2448 2118 2484 :
2153 2445 2261 2499 qua
2300 2428 2489 2497 phrasi
2530 2426 2707 2496 θλίψιν
2740 2426 2885 2480 illam
2925 2425 3162 2497 μεγάλην
3190 2435 3243 2481 et
3271 2426 3440 2497 ὀργὴν

1865 2523 2182 2595 μέλλουσαν,
2234 2521 2395 2576 toties
2452 2521 2508 2574 in
2538 2517 2692 2573 Novo
2736 2516 3084 2572 Testamento
3122 2518 3434 2588 prazdictas,

1861 2615 2140 2670 excidium
2200 2614 2458 2667 nimirum
2517 2611 3062 2683 Hierosolymorum,
3113 2612 3435 2679 respexerit.

1861 2708 1980 2774 Qua
2012 2710 2078 2762 de
2109 2723 2167 2763 re
2200 2707 2452 2777 pluribus
2482 2705 2604 2760 loco
2641 2706 2807 2759 modo
2841 2704 3008 2759 citato
3046 2702 3181 2757 satis
3226 2703 3440 2758 erudite

1862 2802 2192 2858 Dodwellus.

1861 2914 1992 2971 Car.
2035 2913 2101 2968 Υ.
2143 2913 2288 2979 Quid
2331 2929 2500 2983 opera:
2524 2913 2578 2966 in
2609 2912 2724 2981 ejus
2770 2911 3046 2966 Pastorem
3092 2928 3229 2966 nunc
3268 2895 3437 2965 denuo

2302 2984 2627 3053 evulgatum,
2657 2985 2970 3052 impensum.

178 3078 455 3134 sententia
485 3093 592 3132 non
618 3078 690 3131 ita
719 3088 801 3132 est
827 3078 1165 3147 accipienda,
1194 3079 1417 3147 perinde
1440 3094 1504 3134 ac
1532 3079 1579 3132 si
1611 3087 1754 3134 esset
1781 3078 1824 3137 Ο
1927 3074 2220 3130 Permulta
2253 3061 2473 3145 quidem
2523 3073 2984 3129 circumferuntur
3030 3074 3275 3128 Pastoris
3323 3074 3440 3128 edi-

178 3168 365 3223 noxia:
393 3168 657 3223 doctrinae
686 3167 770 3221 vel
812 3165 935 3221 falsi
978 3168 1217 3223 nominis
1253 3183 1425 3237 opus;
1470 3170 1565 3224 sed
1607 3170 1756 3239 quod

176 3262 252 3317 ab
292 3258 537 3315 Ecclesia
569 3268 721 3313 extra
751 3258 1028 3313 Canonem
1062 3261 1301 3329 positum
1342 3270 1754 3330 agnosceretur,

177 3362 244 3408 ut
268 3353 372 3408 viri
408 3352 555 3406 docti
592 3352 914 3422 jamdudum
947 3364 1297 3419 monuerunt,
1339 3369 1549 3425 nosque
1595 3370 1758 3424 supe-

175 3447 295 3500 rius
326 3444 626 3515 attigimus.
658 3444 728 3497 At
764 3443 830 3498 de
861 3443 947 3498 his
979 3443 1241 3499 hactenus
1279 3462 1294 3498 :
1327 3459 1474 3500 nunc
1505 3444 1617 3500 alio
1656 3460 1756 3500 ex-

176 3547 369 3595 currat
396 3537 597 3591 oratio.

173 3654 309 3711 CAP.
351 3652 443 3708 IV.
487 3653 603 3720 Quo
658 3660 886 3721 tempore
923 3650 1194 3733 scripserit
1227 3648 1498 3721 Hermas,
1550 3652 1756 3723 disqui-

890 3733 1048 3776 ηιιιν.

246 3814 368 3869 Jam
403 3828 555 3881 vero,
590 3821 651 3867 nt
687 3812 754 3866 ad
793 3821 1009 3880 tempus
1050 3812 1435 3881 inquirendum
1474 3828 1585 3884 quo
1615 3813 1756 3869 scri-

171 3905 351 3977 pserit
375 3903 605 3958 Hermas
634 3904 880 3957 animum
910 3912 1321 3971 eonvertamus,
1360 3902 1492 3956 illud
1533 3903 1754 3973 quidem

172 4019 291 4057 non
338 4001 473 4055 adeo
522 4000 869 4069 exploratum
909 3997 1207 4063 habemus,
1273 4006 1334 4051 ut
1383 4005 1587 4052 certam
1635 3995 1757 4064 ejus

170 4111 362 4157 notam
409 4100 572 4169 ﬁgere
620 4098 696 4152 sit
741 4096 795 4149 in
829 4104 1104 4165 promptu.
1132 4093 1517 4147 Verumtamen
1550 4091 1596 4146 si
1633 4092 1757 4162 quis

170 4195 299 4265 ejus
335 4191 616 4245 Pastorem
646 4188 876 4243 rimetur
910 4185 1194 4250 attentius,
1225 4184 1487 4238 nonnulla
1524 4182 1758 4239 fortasse

172 4285 325 4341 hand
360 4280 661 4352 spernenda
704 4278 903 4333 indicia
934 4275 1318 4346 deprehendet,
1352 4275 1495 4329 unde
1522 4290 1757 4344 opuscu-

172 4378 291 4431 lum
332 4375 476 4430 istud
526 4371 721 4425 litteris
767 4370 1150 4438 consignatum
1195 4374 1321 4420 ante
1356 4362 1758 4435 Hierosolymo-

1858 3168 2055 3232 tiones,
2082 3182 2151 3222 ex
2180 3182 2290 3236 quo
2333 3167 2566 3236 primum
2599 3181 2737 3235 opus
2762 3166 2894 3219 illud
2924 3182 3070 3220 anno
3103 3166 3240 3220 1515
3279 3164 3437 3219 Pari-

1857 3261 1958 3316 siis
1994 3259 2273 3331 evulgavit
2312 3258 2551 3313 Jacobus
2582 3258 2776 3312 Faber.
2808 3257 2919 3313 Nos
2958 3272 3087 3311 vero
3112 3273 3175 3311 ex
3206 3257 3314 3312 illis
3339 3272 3438 3327 po-

1856 3354 2130 3411 tissimum
2176 3366 2299 3421 quae
2336 3350 2658 3420 prodierunt
2696 3350 2766 3403 ab
2810 3364 2956 3403 anno
3004 3349 3142 3404 1672
3193 3349 3434 3404 subsidia

1858 3442 2018 3497 nobis
2058 3441 2528 3509 comparavimus,
2566 3440 2769 3509 quibus
2795 3441 3042 3493 exactior
3082 3440 3433 3509 nitidiorque,

1858 3543 1916 3588 ut
1944 3548 2043 3602 par
2072 3539 2211 3597 erat,
2252 3544 2439 3585 n05tra
2485 3532 2749 3600 prodiret.
2807 3529 2873 3585 Et
2917 3532 3155 3600 primum
3213 3531 3434 3602 quidem

1857 3625 2043 3680 Graeca
2090 3634 2515 3693 quantacunque
2558 3632 2872 3693 supersunt,
2911 3624 2965 3677 in
3010 3639 3129 3677 eam
3180 3638 3438 3693 compor-

1857 3715 2021 3769 tanda
2075 3713 2536 3780 existimavimus,
2584 3713 2711 3767 licet
2766 3728 2925 3769 secus
2977 3715 3210 3770 senserit
3255 3715 3434 3769 editor

1856 3804 2207 3861 Oxoniensis.
2238 3802 2371 3868 Quae
2405 3818 2535 3857 vero
2575 3801 2747 3858 Grazci
2792 3810 2971 3857 textus
3014 3802 3227 3858 lacinia:
3275 3802 3435 3873 longe

1856 3896 2183 3967 prolixiores
2217 3896 2284 3949 ad
2317 3894 2486 3948 libros
2517 3892 2730 3947 Hermae
2762 3909 2800 3947 ιι
2830 3902 2883 3947 et
2913 3910 2969 3947 ιιι
3007 3894 3301 3962 pertinent,
3338 3909 3434 3948 eas

1857 3987 2078 4041 demum
2105 4001 2171 4040 ex
2203 3985 2453 4038 Doctrina
2490 3984 2559 4037 ad
2587 3985 2905 4038 Antiochum
2939 3984 3124 4038 ducem
3163 3994 3433 4054 praestan-

1859 4081 1929 4133 tis
1956 4076 2455 4132 Athanasianorum
2487 4076 2743 4131 editionis
2779 4074 3274 4130 Montfanconiante
3307 4092 3433 4130 mu-

1858 4172 1996 4227 tuati
2050 4187 2276 4239 sumus,
2326 4171 2473 4225 haud
2513 4170 2618 4224 rati
2665 4186 2790 4225 cum
2838 4170 3051 4225 Clerico
3091 4179 3145 4225 et
3179 4169 3433 4229 Husselio

1858 4265 2167 4319 Fabricium
2226 4264 2381 4334 sequi
2433 4283 2445 4318 :
2490 4278 2553 4318 ea
2602 4279 2839 4333 namque
2887 4264 3013 4318 inde
3063 4264 3274 4333 primus
3318 4268 3433 4337 ipse

1858 4356 2197 4421 describens,
2238 4354 2313 4408 ita
2359 4354 2515 4409 duxit
2559 4352 2759 4406 alicubi
2804 4352 3219 4419 conformanda,
3253 4364 3310 4408 ut
3339 4372 3434 4410 ve-

171 4484 304 4525 rum
327 4467 621 4530 excidium,
659 4462 775 4516 sive
806 4461 952 4515 circa
993 4456 1197 4512 Christi
1227 4471 1433 4510 annum
1471 4454 1538 4509 70
1564 4454 1757 4509 merito
1790 4445 1832 4499 Ῑ)
1865 4449 1965 4502 teri
2013 4446 2293 4516 interpreti
2332 4447 2505 4515 magis
2537 4445 2903 4512 cohaererent;
2944 4446 3090 4515 quod
3138 4447 3254 4501 suis
3294 4447 3430 4503 locis

169 4560 475 4618 existimet.
510 4555 660 4610 llanc
693 4565 826 4606 sane
865 4547 1188 4606 sententiam
1226 4554 1355 4601 sunt
1393 4544 1566 4599 secuti
1592 4560 1747 4599 com-

170 4652 364 4724 plures
381 4647 481 4703 viri
503 4642 719 4707 eruditi,
738 4637 1043 4693 Dodwellus
1066 4638 1111 4669 ⁸³
1140 4636 1192 4689 in
1218 4635 1431 4704 primis,
1455 4633 1657 4688 Millius
1678 4632 1747 4699 ”,

169 4742 393 4800 Caveus
414 4738 481 4805 “,
529 4735 843 4791 Baraterius
879 4732 951 4796 ⁵⁵,
993 4739 1156 4798 atque
1181 4736 1240 4780 ut
1279 4728 1418 4782 alios
1460 4736 1752 4798 praeterea-

171 4846 327 4895 mus,
351 4827 417 4885 ν.
449 4825 512 4881 C.
546 4825 887 4880 Fontaninus
914 4822 999 4888 “;
1028 4819 1123 4889 qui
1155 4828 1357 4880 tamen,
1399 4817 1484 4871 sui
1528 4817 1750 4883 oblitus,

168 4923 433 4990 deinceps
470 4918 726 4972 Hermam
764 4913 1194 4970 ecclesiasticum
1226 4909 1407 4964 saeculi
1442 4924 1482 4962 ιι
1520 4909 1752 4977 scripto-

172 5030 295 5070 rem
366 5012 619 5082 appellat.
673 5008 831 5075 Quod
892 5006 1113 5076 quidem
1157 5002 1421 5074 jndicium
1473 5001 1623 5056 hisce
1665 5017 1753 5055 ra-

172 5107 393 5162 tionum
433 5103 727 5158 momentis
765 5098 1067 5159 innititur:
1096 5095 1341 5150 Primum
1378 5107 1573 5163 nempe
1608 5093 1751 5147 seri-

1856 4538 2227 4593 adnotandum
2275 4537 2610 4592 curavimus.
2658 4534 2881 4604 Aliquot
2918 4536 3140 4606 insuper
3184 4537 3429 4593 Pastoris

1858 4630 2165 4699 fragmenta
2213 4629 2267 4682 in
2315 4627 2508 4682 eodem
2562 4628 3079 4701 pseudo-Athanasii
3126 4645 3287 4699 opere
3336 4631 3431 4685 de-

1859 4723 2114 4787 teximus,
2156 4736 2278 4790 quae
2319 4727 2437 4774 tum
2479 4720 2551 4773 el.
2596 4721 2883 4788 editorem,
2938 4729 3051 4775 tum
3083 4722 3219 4778 alios
3262 4726 3427 4781 etiam

1857 4816 2037 4885 ipsum
2062 4824 2304 4881 secutos,
2343 4812 2621 4884 fugerunt,
2657 4822 2717 4867 ut
2747 4812 2802 4867 in
2837 4813 2984 4869 notis
3015 4814 3277 4884 subjectis
3310 4833 3431 4873 mo-

1855 4908 2101 4962 nuimus.

1927 4998 2080 5052 Haud
2121 4996 2319 5051 minori
2357 4996 2538 5051 studio
2580 4996 2858 5066 antiquam
2897 4997 3208 5054 versionem
3241 5014 3429 5054 recen-

1854 5091 2088 5155 suimus,
2113 5090 2301 5146 sedulo
2338 5089 2551 5145 collatis
2592 5090 2756 5145 variis
2784 5089 3131 5159 lectionibus,
3154 5106 3291 5162 quas
3315 5089 3426 5145 Co-

248 5286 294 5318 ³⁹
327 5281 546 5352 Prosp.,
579 5279 677 5352 lib:
702 5289 873 5352 contr.
918 5276 1282 5352 Collat.,_cap.
1317 5276 1437 5352 50._
1465 5275 1772 5352 ‘°Hieron.,
1795 5271 2010 5352 _li_b.AD_e
2033 5274 2131 5352 vir_.
2160 5272 2385 5352 illaut,
2412 5287 2532 5341 cap.
2570 5270 2655 5326 10.
2703 5270 2744 5303 ⁴¹
2764 5270 2967 5352 Farlat.
2991 5314 3007 5338 ,
3041 5270 3248 5352 Illyric:
3273 5288 3421 5352 μασξ.

171 5369 289 5411 tom
337 5352 380 5419 l,
414 5342 542 5421 pag.
580 5349 705 5405 400.
761 5348 805 5381 ⁵³
820 5348 1008 5421 Βοᾴιιι.
1038 5348 1094 5400 in
1118 5342 1610 5421 Δρξιξξιςιτειςὶιιξμιί.,
1638 5361 1759 5421 cap.
1784 5346 1875 5421 μ,
1909 5343 2022 5421 §__5,
2055 5344 2121 5399 ad
2158 5343 2344 5421 Pears.
2387 5352 2626 5421 pastum.
2656 5358 2787 5421 pag.
2824 5342 2971 5421 .158,
3007 5352 3059 5396 et
3089 5344 3141 5395 in
3184 5342 3420 5421 addent].

172 5427 244 5479 ad
282 5411 515 5478 Dis'sért:
554 5421 691 5475 lren.
712 5460 728 5486 ,
758 5434 882 5489 pag.
914 5418 1037 5471 158.
1112 5416 1159 5489 ξ’
1182 5415 1315 5489 Mill.
1352 5411 1658 5489 Protegent.
1678 5411 1749 5489 ad
1774 5411 2108 5489 Nov.'T_e_s_t.,
2137 5430 2192 5489 ιι.
2223 5414 2345 5467 MS.
2370 5411 2401 5489 ς
2424 5412 2627 5489 “flavi
2647 5411 2787 5464 Hist.
2815 5412 3001 5489 litter.,
3033 5423 3164 5465 tom.
3190 5411 3418 5489 Lp.

174 5493 420 5563 “Barat.
449 5479 930 5563 Disquis_.7'cl'tr5n.,
958 5502 1078 5556 cap.
1110 5487 1166 5553 '5,
1194 5486 1300 5563 §_3,
1325 5479 1609 5563 μείς-...50³
1646 5486 1694 5563 δέ
1709 5484 1939 5563 Fontan.
1959 5484 2116 5563 [ἥδέ.
2152 5485 2317 5537 litter.
2348 5483 2550 5563 Aquit”
2574 5484 2668 5536 lib.
2701 5498 2759 5547 ιι,
2791 5498 2912 5563 cap.
2940 5483 2991 5546 i,
3032 5496 3154 5563 pag.
3177 5479 3278 5563 ‘64;
3326 5482 3418 5561 9.5.

170 5564 221 5597 ⁵⁷
240 5562 428 5618 Herm.
470 5552 620 5617 Pait.
653 5561 748 5615 lib.
771 5576 809 5622 ι,
838 5560 942 5614 vis.
974 5552 1043 5621 ιιζ
1070 5552 1274 5626 (δείλἰ.
1325 5552 1551 5611 ’δδἬόθ
1574 5555 1785 5626 Proleg.
1826 5556 1896 5626 ad
1957 5554 2013 5608 S.
2054 5552 2414 5609 Clementem
2437 5552 2743 5626 Romanum
2766 5552 3048 5626 .__bujusce

3138 5549 3420 5619 atrglogite

172 5641 216 5689 ι.
248 5617 291 5688 l.
368 5633 413 5666 δ’
440 5631 623 5688 Herm.
672 5617 848 5697 Past'.,
884 5627 978 5681 lib.
1010 5617 1050 5694 1,
1073 5617 1175 5680 vis.
1209 5643 1289 5688 ιιι,
1312 5642 1445 5697 cap.
1488 5627 1510 5680 1
1545 5635 1597 5680 et
1625 5626 1678 5679 2.
1733 5617 1758 5626 ’

1861 5627 1901 5679 l.
1928 5626 2081 5697 ibid._,
2111 5626 2215 5697 vis:
2251 5639 2478 5697 ινηρξρ.
2499 5622 2556 5676 2.
2617 5620 2742 5697 _f‘_l_l
2769 5617 2908 5697 Tim;
2936 5621 3126 5697 tv,_l7.
3168 5617 3413 5697 "Herm.

172 5688 477 5775 Pust.,lib.
510 5719 593 5772 tn,
622 5702 787 5761 simil.
822 5688 941 5767 vni,
968 5688 1089 5768 cap.
1117 5697 1173 5753 5.
1249 5688 1620 5768 “Prolegom.
1649 5711 1769 5766 cap.
1803 5696 1856 5764 l,
1881 5705 2014 5752 sect.
2051 5695 2102 5765 l,
2133 5694 2161 5767 §
2193 5694 2245 5751 9.
2325 5694 2372 5727 ⁸ἰ
2396 5688 2559 5749 Herm
2609 5692 2742 5749 ibid.
2770 5692 2863 5747 llb.
2893 5709 2933 5759 ι,
2975 5692 3056 5745 vis
3103 5704 3177 5758 tv,
3200 5704 3322 5761 cap.
3355 5688 3412 5742 2.
