3822 6218
125 251 238 306 873

1374 257 1668 315 ΡΑΞΤΟΒ.
1709 289 1776 302 -—
1812 260 2174 316 PROCEMIA.

3258 269 3363 324 875

125 370 414 438 spirantes
442 369 788 426 adnotamus.
836 374 1051 432 Primus
1101 379 1332 433 habetur
1382 383 1522 450 apud
1568 380 1701 435 IIer-
1729 389 1776 443 Α
1803 383 2009 436 ratione
2051 382 2311 452 Spiritum
2353 391 2604 446 sanctum
2646 383 2791 440 dicat
2837 383 3072 439 Filium?
3111 386 3366 439 nimirum

123 473 284 512 lnam
318 459 530 517 visione
556 477 618 525 ιι,
643 478 692 516 c.
728 464 762 517 4
794 483 808 518 :
853 467 1025 520 Anum
1056 468 1205 522 illam
1243 510 1257 524 .
1301 510 1314 522 .
1365 511 1377 523 .
1418 488 1577 540 quam
1611 488 1709 540 pu-

123 561 214 604 tas
243 553 404 606 esse?
432 593 448 608 .
493 593 508 608 .
551 593 567 608 .
609 555 707 609 Est
739 557 979 612 Ecclesia
1010 560 1126 615 Dei.
1160 561 1361 617 Confer
1387 564 1704 634 Apocalyps.

124 656 158 696 c
222 659 324 698 xu.
358 643 501 699 Idem
539 647 738 702 vision.
769 664 841 711 tv,
866 666 916 704 c.
941 651 1014 703 2:
1055 651 1233 706 Bestia
1264 654 1372 708 ltth
1414 656 1584 725 ﬁgura
1631 665 1708 710 est

125 752 401 804 pressurae
429 742 853 807 supervenientis.
888 743 1077 799 Collat.
1119 745 1287 816 Apoc.
1320 762 1368 802 c.
1402 764 1498 803 xu.
1539 748 1704 810 Idem,

126 829 340 885 ibidem
369 847 382 883 :
414 830 567 896 Ecce,
596 836 823 888 occurrit
849 838 977 890 mihi
1001 839 1142 906 virgo
1166 840 1404 909 qucedam
1429 852 1704 911 exornata,

128 933 394 994 tanquam
429 942 494 979 ea:
532 925 762 980 thalamo
800 931 1041 998 prodiens
1073 941 1185 987 tota
1223 934 1278 987 in
1319 935 1475 989 albis.
1508 935 1703 992 Collat.

124 1016 307 1084 Apoc.
351 1033 400 1072 c.
439 1034 551 1084 χχι,
589 1035 636 1074 v.
664 1021 719 1075 2.
746 1020 888 1076 Idem
920 1024 1021 1078 vis.
1055 1039 1134 1089 ιιι,
1160 1039 1208 1080 c.
1241 1026 1315 1078 2:
1349 1025 1536 1081 Nonne
1563 1029 1705 1082 vides

123 1115 322 1161 contra
367 1117 415 1162 te
472 1113 663 1164 turrim
711 1131 988 1184 magnam,
1032 1133 1149 1186 qua:
1197 1118 1495 1188 wdi/icatur
1553 1135 1708 1189 super

125 1214 304 1266 uquas
330 1197 595 1268 lapidibus
619 1205 893 1272 quadratis
939 1208 1248 1276 splendidis.
1291 1210 1425 1265 Coll.
1452 1211 1618 1281 Apoc.
1652 1227 1703 1267 c.

129 1307 250 1353 xxi,
276 1309 330 1345 ν.
365 1293 452 1347 19.
485 1295 648 1361 Idem,
676 1296 872 1352 ibidem
905 1314 916 1350 :
949 1296 1016 1352 In
1058 1302 1320 1370 quadrato
1365 1305 1501 1356 enim
1531 1303 1704 1372 (ediﬁ-

127 1384 347 1437 cabitur
392 1387 575 1440 turris.
613 1386 808 1442 Collat.
854 1390 1024 1459 Apoc.
1057 1407 1172 1458 xxi,
1200 1408 1254 1446 ν.
1295 1392 1381 1447 I6.
1407 1392 1551 1448 Idem
1599 1396 1700 1450 vis.

128 1489 219 1535 ιιι,
237 1490 360 1545 cap.
389 1477 422 1530 5
453 1495 465 1530 :
493 1476 718 1547 Lapides
745 1481 954 1548 quidem
977 1481 1060 1535 illi
1085 1483 1355 1551 quadrati,
1376 1493 1424 1538 et
1452 1485 1560 1538 albi
1582 1501 1706 1538 con-

125 1569 393 1622 venientes
430 1570 488 1622 in
524 1572 883 1625 commissuris
933 1575 1074 1641 suis,
1119 1576 1158 1628 ii
1195 1585 1316 1628 sunt
1365 1575 1610 1644 aposloli,
1655 1585 1704 1631 et

125 1662 382 1731 episcopi,
418 1671 468 1715 et
499 1663 755 1729 doctores,
789 1677 839 1721 et
876 1667 1126 1721 ministri.
1159 1667 1360 1723 Confer
1390 1665 1560 1738 Apoc.
1590 1685 1702 1735 nt,

1808 473 1906 543 τῆς
1953 473 2104 536 θείας
2150 473 2389 542 φύσεως,
2418 491 2513 530 seu
2559 476 2859 531 divinitatis
2901 486 3179 546 respectu,
3223 479 3369 547 quod

1811 565 2017 619 scilicet
2044 582 2108 619 ex
2142 565 2250 621 Deo
2275 565 2432 620 Patre
2469 567 2670 636 Spiritu
2721 569 3096 629 sanctissimo,
3133 569 3368 638 Spiritus

1810 657 1924 726 ipse
1968 658 2346 712 sanctissimus
2387 660 2622 723 existat,
2665 661 2957 728 respondet
2994 658 3058 714 V.
3088 661 3149 716 C.
3183 660 3370 718 Bullus

1810 746 2056 816 (16)..Εο
2081 749 2349 816 siquidem
2389 764 2551 803 sensu
2583 749 2773 803 titulus
2796 748 3029 818 Spiritus
3061 752 3233 805 sancti
3265 752 3372 806 sin-

1809 838 1948 907 gulis
1977 839 2220 906 personis
2248 837 2347 893 SS.
2377 837 2657 893 Trinitatis
2681 839 2842 894 tribui
2875 849 3068 908 potest.
3100 838 3367 895 Nimirum

1807 931 1978 984 tertiae
2022 929 2319 984 divinitatis
2370 929 2660 983 ὑποστάσει
2704 929 2937 998 Spiritus
2985 933 3155 986 sancti
3188 933 3369 1002 appel-

1808 1017 1935 1072 latio
1959 1019 2214 1073 tribuitur
2252 1019 2467 1088 proprie
2488 1059 2502 1084 ,
2530 1034 2638 1074 non
2667 1019 2878 1087 φύσεως
2908 1035 3002 1075 seu
3045 1032 3251 1077 natura:
3282 1039 3370 1078 re-

1808 1121 2029 1180 spectu;
2065 1127 2190 1166 nam
2231 1113 2310 1166 sic
2348 1123 2404 1166 et
2448 1111 2608 1166 Pater
2654 1111 2889 1182 Spiritus
2921 1125 3141 1170 sanctus
3181 1124 3284 1184 est,
3314 1125 3370 1174 et

1805 1199 1976 1256 Filius
2006 1216 2225 1271 quoque
2251 1201 2360 1270 (I7)
2386 1219 2400 1267 ;
2434 1201 2527 1255 sed
2551 1200 2760 1272 ratione
2803 1203 3088 1260 incﬂ'abilis
3113 1207 3370 1274 spiratio-

1806 1294 1915 1359 nis,
1947 1309 2053 1364 qua
2097 1309 2162 1349 ex
2209 1294 2370 1348 Patre
2413 1308 2507 1363 per
2555 1292 2751 1348 Filium
2791 1297 2905 1366 ipse
2947 1299 3210 1368 procedit.
3244 1297 3370 1355 Haec

1807 1396 1985 1440 autem
2018 1388 2090 1441 ita
2129 1402 2188 1442 se
2229 1387 2450 1455 habere,
2485 1391 2666 1446 locum
2703 1390 3010 1462 inspicienti
3041 1389 3197 1446 facile
3217 1400 3369 1460 pate-

1807 1475 1928 1530 bit:
1963 1477 2170 1532 scilicet
2217 1486 2362 1534 totus
2413 1481 2488 1534 ibi
2535 1479 2746 1537 Hermas
2788 1498 2967 1537 sermo
3002 1492 3086 1536 est
3123 1482 3190 1536 de
3229 1482 3368 1536 Filio

1807 1567 1936 1633 Dei,
1966 1568 2058 1637 qui
2088 1569 2157 1622 ob
2187 1581 2422 1623 nostram
2464 1571 2688 1626 salutem
2722 1589 2896 1626 servus
2941 1572 3112 1642 factus
3163 1581 3278 1638 est,
3317 1583 3366 1626 et

1807 1674 2014 1727 corpus,
2042 1660 2179 1730 quod
2205 1662 2464 1716 serviliter
2489 1672 2850 1717 conservatum
2890 1665 3012 1732 fuit,
3046 1666 3362 1733 assumpsit.

126 1768 181 1804 v.
215 1729 317 1805 I4.
351 1750 496 1806 Idem
531 1753 629 1809 vis.
663 1771 754 1820 ιιι,
800 1771 849 1810 c.
882 1756 916 1809 4
948 1771 962 1808 :
1004 1755 1136 1810 Cum
1180 1773 1300 1826 ergo
1346 1729 1707 1810 consummata
1737 1729 1780 1785 Β
1809 1729 2082 1807 Hactenus
2109 1751 2316 1808 Bullus.
2346 1755 2515 1810 Aliter
2538 1772 2648 1810 rem
2673 1729 2898 1825 exponit
2925 1754 3006 1810 CI.
3038 1729 3283 1812 P.blbssl
3311 1757 3363 1811 in

129 1839 301 1907 fuerit
357 1849 627 1896 structura
678 1845 875 1911 turris,
925 1862 1100 1899 omnes
1149 1845 1306 1899 simul
1359 1845 1707 1916 epulabantur

126 1939 290 1996 juxta
321 1933 532 1997 turrim,
560 1941 609 1985 et
631 1933 1047 2004 honoriﬁcabunt
1071 1934 1236 1988 Deum
1271 1975 1284 1989 .
1319 1974 1335 1990 .
1383 1974 1397 1990 .
1439 1935 1538 1988 Dic
1572 1934 1703 2001 illis,

126 2020 275 2089 quod
309 2021 418 2074 lucc
455 2023 633 2076 omnia
676 2024 783 2077 sint
816 2041 958 2092 vera,
985 2034 1035 2078 et
1072 2024 1208 2079 nihil
1247 2035 1399 2079 extra
1434 2025 1706 2080 veritatem

127 2122 233 2167 est.
261 2111 396 2168 Vide
435 2114 788 2186 Apocalypsis
816 2126 979 2186 caput
1007 2133 1120 2179 nx,
1154 2132 1206 2170 v.
1246 2117 1298 2172 9.
1329 2117 1472 2172 Idem
1508 2117 1705 2172 simili-

131 2206 252 2258 tud.
284 2221 402 2268 VIII,
434 2221 484 2260 c.
510 2205 545 2258 2
574 2221 588 2257 :
621 2205 765 2260 Tunc
800 2208 1014 2261 nuntius
1038 2207 1250 2260 Domini
1273 2223 1491 2260 coronas
1523 2207 1703 2276 afferri

124 2295 314 2364 jussit.
345 2297 542 2351 Allata:
581 2307 756 2352 autem
807 2308 926 2353 sunt
969 2315 1194 2364 coronce,
1232 2299 1367 2353 velut
1406 2314 1469 2352 ea:
1512 2301 1704 2368 palmis

134 2387 320 2454 facile,
369 2395 418 2440 et
447 2389 712 2442 coronavit
755 2405 840 2442 eos
883 2389 1020 2442 viros
1059 2389 1274 2442 nuntius
1305 2427 1318 2441 .
1354 2428 1368 2442 .
1403 2430 1415 2443 .
1452 2387 1519 2442 Et
1546 2388 1705 2457 jussit

130 2493 223 2532 eos
249 2479 326 2532 ire
360 2480 413 2533 in
445 2482 654 2536 turrim.
686 2478 878 2536 Collat.
899 2481 1069 2551 Apoc.
1102 2495 1152 2535 c.
1176 2496 1274 2545 vn,
1298 2497 1350 2535 v.
1371 2480 1424 2536 9.
1459 2482 1599 2536 Idem
1625 2482 1702 2536 si-

135 2569 254 2621 mil.
293 2585 366 2635 tv,
397 2585 447 2624 c.
479 2571 547 2624 I2
583 2589 595 2624 :
625 2569 794 2625 Nemo
823 2572 1044 2625 intrabit
1106 2575 1160 2625 in
1206 2588 1419 2643 regnum
1453 2573 1570 2636 Dei,
1601 2573 1703 2626 nisi

131 2660 229 2730 qui
251 2661 502 2730 acceperit
525 2677 709 2717 nomen
748 2661 880 2716 Filii
909 2661 1026 2716 Dei.
1055 2661 1252 2718 Collat.
1294 2661 1461 2733 Apoc.
1490 2679 1538 2718 c.
1565 2679 1700 2728 χχιι,

136 2767 186 2804 v.
220 2752 274 2806 4.

210 2843 252 2897 Ε
275 2844 414 2900 libro
439 2845 661 2916 insuper
687 2845 1054 2904 Ecclesiastici
1098 2863 1238 2902 unus
1268 2847 1406 2916 apud
1449 2845 1700 2901 IIermam

134 2938 380 2993 occurrit
404 2938 558 2994 locus
587 2939 722 3010 (I5).
755 2939 1021 2995 Caeterum
1048 2953 1150 2995 nos
1177 2955 1206 2994 e
1236 2939 1388 2995 libris
1424 2940 1702 2996 canonicis

1808 1841 1952 1896 notis
1978 1843 2043 1896 ad
2069 1843 2210 1898 hunc
2229 1843 2431 1907 locum,
2457 1855 2512 1900 et
2536 1861 2652 1900 mea
2674 1845 2888 1915 quidem
2915 1847 3170 1916 opinione
3198 1847 3367 1901 multo

1806 1933 2007 1989 clarius
2031 1949 2094 1988 ac
2122 1934 2353 2001 felicius,
2372 1937 2499 1991 dum
2526 1939 2630 1991 ait:
2655 1958 2673 1990 ‹
2701 1937 2852 1992 Haud
2875 1939 3200 2005 mirandum,
3219 1932 3366 2008 quod

1809 2019 2043 2091 Spiritus
2068 2033 2290 2080 sanctus
2310 2040 2434 2079 eum
2473 2025 2613 2081 Filio
2642 2027 2858 2082 Domini
2889 2027 3040 2082 fundi
3086 2043 3366 2099 compare-

1808 2124 1914 2182 tur,
1946 2118 2072 2185 quia
2103 2118 2218 2187 ipsa
2259 2134 2475 2188 quoque
2516 2117 2797 2189 Scriptura
2840 2129 2947 2175 tam
2994 2119 3162 2187 Filio,
3199 2137 3363 2191 quam

1808 2204 2032 2275 Spiritui
2082 2217 2273 2263 sancto
2321 2208 2647 2278 peculiarem
2681 2209 2936 2266 Ecclesiae
2967 2227 3153 2265 curam
3202 2221 3367 2282 atque

1805 2298 2252 2366 gubernationem
2300 2299 2542 2353 ascribit.
2593 2319 2611 2351 ι
2651 2298 2742 2354 Sic
2771 2302 2912 2370 apud
2943 2299 3252 2356 Matthaeum
3288 2304 3366 2358 le-

1805 2389 1983 2458 gimus
2037 2408 2048 2442 :
2108 2388 2236 2442 Ecce
2285 2407 2375 2460 ego
2429 2390 2690 2444 vobiscum
2725 2407 2840 2444 sum
2886 2393 3121 2446 omnibus
3159 2393 3363 2462 diebus,

1805 2496 1964 2551 usque
1989 2483 2056 2534 ad
2078 2483 2575 2536 consummationem
2598 2483 2778 2537 steculi
2797 2483 3004 2537 53-".Et
3032 2485 3172 2553 apud
3194 2484 3364 2541 Joan-

1805 2588 1927 2628 nem
1970 2591 1982 2625 :
2016 2572 2083 2626 Et
2119 2591 2208 2643 ego
2243 2574 2434 2644 rogabo
2468 2574 2700 2640 Patrem,
2743 2584 2791 2629 et
2824 2575 2989 2629 alium
3027 2576 3364 2632 Paracletum

1803 2663 1948 2717 dabit
1972 2663 2132 2726 vobis,
2165 2674 2220 2717 ut
2261 2677 2465 2720 maneat
2506 2667 2854 2720 vobiscum-in
2893 2677 3170 2734 teternum,
3201 2667 3366 2738 Spiri-

1804 2765 1915 2810 tum
1939 2758 2172 2811 veritatis
2205 2758 2266 2810 ⁸ο.
2297 2757 2464 2813 Vocat
2496 2760 2676 2830 itaque
2710 2757 2936 2814 Ilermas
2957 2757 3217 2828 Spiritum
3241 2776 3366 2815 can-

1804 2857 1946 2900 ctum
1972 2847 2176 2901 Filium
2200 2847 2623 2917 Patrisfamilias
2646 2892 2659 2914 ,
2687 2851 2833 2920 quod
2875 2851 2965 2904 ille
3011 2851 3364 2920 quemadmo-

1804 2938 1935 2993 dum
1967 2939 2212 2995 etFilius
2241 2939 2333 2995 Dei
2373 2939 2626 2996 Ecclesiae
2662 2955 2849 2995 curam
2884 2951 3034 3012 gerat
3062 2942 3361 2996 assiduam.

134 3040 348 3086 tantum
379 3031 506 3098 illis,
549 3033 643 3102 qui
687 3034 984 3103 aliquando
1036 3034 1425 3089 controversiis
1470 3033 1699 3103 subjecti
1728 3054 1775 3118 α
1876 3028 2050 3097 Quam
2089 3047 2220 3087 sana
2252 3041 2306 3086 et
2333 3032 2401 3086 ab
2426 3033 2574 3086 omni
2605 3032 2804 3087 erroris
2829 3033 3144 3103 suspicione
3170 3049 3363 3097 Vacua,

135 3122 396 3190 fuerunt,
443 3126 563 3180 loca
611 3125 702 3181 hic
756 3127 1131 3196 ascripsimus.
1180 3123 1408 3196 Reliqua
1463 3125 1699 3182 conferri

135 3223 370 3282 possunt
394 3215 536 3285 apud
590 3215 926 3272 Lardnerum
954 3217 1088 3286 (I4).
1135 3213 1241 3271 Pro
1277 3216 1534 3272 coronide
1559 3217 1699 3272 dun—

135 3314 288 3360 taxat
312 3306 638 3364 adnotamus
681 3307 938 3364 Hermam
961 3317 1208 3363 nostrum
1235 3307 1357 3376 jure
1383 3307 1591 3378 optimo
1623 3308 1702 3362 in-

136 3406 226 3452 ter
251 3407 413 3454 testes
443 3399 799 3470 gravissimos
827 3400 894 3454 de
941 3400 1217 3454 authentia
1248 3397 1346 3454 SS.
1375 3398 1698 3469 Evangelia-

137 3508 260 3546 rum
310 3507 340 3546 a
379 3492 666 3560 Mattbaeo,
711 3492 891 3547 Marco
935 3507 1000 3547 ac
1047 3494 1194 3547 Luca
1242 3491 1696 3560 conscriptorum,

137 3584 470 3653 praecipuum
506 3585 684 3639 locum
719 3583 936 3650 mereri,
963 3592 1148 3654 utpote
1176 3583 1268 3653 qui
1302 3582 1497 3636 borum
1529 3595 1697 3636 evan-

136 3675 451 3744 gelistarum
478 3677 791 3740 sententias,
818 3677 981 3731 verba
1035 3675 1367 3744 phrasesque
1409 3674 1524 3730 suis
1549 3672 1604 3727 in
1634 3673 1700 3726 Ii-

137 3766 252 3821 bris
283 3782 522 3837 persaepe
561 3767 830 3836 expressit
871 3776 1032 3835 atque
1065 3765 1307 3820 imitatus
1331 3765 1471 3830 fuit;
1508 3780 1700 3834 quem-

135 3857 434 3912 admodum
469 3859 522 3912 id
548 3858 630 3912 vir
662 3858 1067 3913 eruditissimus
1094 3856 1374 3911 Fassinius
1403 3872 1466 3910 ex
1509 3855 1699 3910 ordine

137 3947 204 4002 D.
237 3945 501 4002 Dcmiuici
539 3963 640 4003 suo
688 3949 742 4002 in
774 3948 1226 4018 prazstantlss'tmo
1268 3962 1428 4016 opere
1467 3946 1541 4000 De
1573 3963 1700 4016 apo-

131 4037 325 4092 stolica
353 4037 754 4109 Evangeliorum
781 4039 982 4110 origine
1010 4039 1440 4094 luculentissime
1470 4037 1696 4092 demon-

133 4130 348 4186 stravit.

423 4221 452 4295 ᾗ
484 4220 547 4276 II.
573 4221 648 4277 De
677 4220 780 4278 SS.
827 4219 1104 4276 Trinitatis
1135 4221 1403 4288 mysterio.

204 4311 624 4368 Sanctissimum
651 4310 936 4366 Trinitatis
979 4309 1294 4379 mysterium
1321 4307 1424 4362 sub
1457 4305 1692 4375 quadam

1802 3131 1860 3180 et
1880 3138 2014 3193 pura
2049 3122 2210 3178 fuerit
2239 3123 2448 3179 Hermae
2477 3126 2542 3179 de
2567 3140 2817 3194 suprema
2850 3125 3054 3180 Christi
3083 3127 3366 3181 divinitate

1802 3216 2068 3270 sententia
2089 3254 2103 3278 ,
2130 3216 2214 3270 his
2249 3216 2332 3269 vir
2369 3216 2436 3269 cl.
2467 3215 2740 3280 Petavius,
2770 3217 2982 3272 tametsi
3029 3219 3163 3272 alias
3211 3227 3363 3272 aute-

1800 3303 2035 3361 Nicaenis
2057 3302 2311 3359 Patribus
2335 3319 2526 3373 parum
2562 3304 2763 3361 favisse
2781 3306 3050 3374 videatur,
3078 3307 3257 3362 verbis
3281 3308 3364 3362 di-

1801 3405 1943 3452 serte
1969 3397 2200 3466 explicat
2229 3397 2341 3468 (I8)
2372 3417 2386 3453 :
2420 3417 2439 3450 ι
2475 3399 2557 3452 Ab
2579 3397 2982 3466 vetustissimis,
3015 3399 3209 3469 inquit,
3235 3399 3362 3454 scri-

1801 3487 2047 3555 ptoribus
2072 3526 2086 3540 .
2114 3527 2129 3541 .
2159 3526 2174 3542 .
2218 3502 2318 3545 nec
2345 3488 2414 3542 ab
2448 3489 2560 3542 ullo
2593 3489 2837 3555 haeresis,
2870 3487 3100 3559 falsique
3129 3489 3364 3544 maxime

1799 3579 1867 3632 de
1890 3577 2155 3634 Trinitate
2177 3579 2443 3648 dogmatis
2473 3580 2818 3634 insimulatus
2844 3589 2944 3635 est.
2977 3598 2994 3631 ι
3024 3579 3195 3646 Quam
3220 3590 3363 3637 recte

1800 3683 1930 3722 vero
1956 3669 2022 3724 de
2038 3669 2218 3723 divina
2249 3668 2410 3722 Verbi
2442 3680 2632 3723 natura
2667 3670 2753 3723 ille
2783 3669 3035 3734 senserit,
3067 3685 3227 3722 nemo
3256 3672 3360 3725 nisi

1803 3756 2110 3811 Sucinianie
2150 3771 2214 3810 ac
2253 3757 2672 3812 dementissima:
2714 3759 3033 3812 temeritatis
3063 3758 3223 3812 homo
3263 3774 3362 3810 uu-

1799 3864 1961 3918 quam
2018 3847 2309 3917 negaverit.
2354 3847 2490 3914 Quid
2541 3850 2684 3903 enim
2742 3864 2927 3918 quaeso
2975 3848 3041 3902 ad
3091 3863 3360 3903 summam

1804 3939 1962 3994 Verbi
1989 3940 2323 3995 divinitatem
2368 3941 2526 4009 plane
2571 3940 2950 3995 declarandam
2991 3940 3075 3996 his
3117 3941 3360 3995 auctoris

1799 4029 1969 4084 nostri
2017 4028 2194 4083 verbis
2242 4028 2444 4083 clarius
2481 4037 2534 4082 et
2579 4029 2905 4082 dilucidius?
2934 4026 3109 4082 Filius
3147 4029 3359 4098 quidem

1797 4123 1894 4176 Dei
1931 4121 2072 4173 omni
2116 4130 2356 4174 creatura
2391 4119 2659 4190 antiquior
2700 4131 2808 4185 est,
2841 4121 2939 4185 ita,
2969 4129 3023 4172 ut
3055 4119 3108 4172 in
3139 4119 3358 4173 consilio

1798 4214 1952 4268 Patri
2001 4230 2094 4267 suo
2125 4214 2355 4282 adfuerit
2402 4214 2469 4266 ad
2515 4211 2838 4264 condendam
2883 4223 3178 4265 creaturam
3223 4209 3357 4279 (I9).

1799 4306 1901 4372 Qui
1933 4304 2130 4360 F.lium
2171 4305 2264 4359 Dei
2311 4305 2458 4358 omni
2501 4318 2749 4359 creatura
2796 4305 2927 4358 dicit
2969 4305 3355 4373 antiquiorem,

131 4402 488 4460 similitudine
516 4401 726 4458 Hermae
767 4403 822 4456 in
853 4402 954 4456 hoc
996 4415 1160 4470 opere
1212 4398 1436 4468 exponit
1476 4397 1686 4451 Pastor.
1722 4392 1766 4448 Β
1796 4401 1842 4454 is
1866 4409 2010 4454 certe
2037 4413 2159 4452 eum
2202 4407 2354 4452 extra
2386 4407 2759 4452 creaturarum
2792 4397 3036 4452 omnium
3066 4413 3352 4451 numerum

132 4495 386 4547 Dominus
426 4493 612 4562 fundi,
656 4493 834 4562 inquit
874 4492 1019 4563 (I5),
1051 4491 1446 4544 demonstratur
1474 4505 1585 4543 esse
1608 4490 1684 4555 is,

129 4587 220 4656 qui
246 4586 437 4640 creavit
462 4595 667 4650 cuncta,
695 4594 743 4638 et
767 4584 911 4637 dedit
947 4582 1053 4636 illis
1086 4583 1350 4638 virtutem.
1386 4580 1561 4634 Filius
1588 4598 1690 4634 au-

130 4692 235 4733 tem
265 4678 494 4748 Spiritus
524 4687 736 4732 sanctus
771 4687 866 4731 est.
903 4675 1089 4731 Servus
1127 4691 1241 4729 vero
1271 4675 1360 4728 ille
1389 4673 1562 4727 Filius
1600 4672 1692 4726 Dei

127 4781 230 4826 est.
257 4770 368 4826 Cur
405 4781 586 4826 autem
616 4770 842 4825 Hermas
885 4769 987 4824 hoc
1028 4769 1150 4823 loco
1179 4768 1377 4822 Filium
1422 4766 1515 4820 Dei
1551 4766 1696 4819 dicat

129 4864 385 4920 servum?
411 4879 601 4935 nempe
629 4863 834 4916 ratione
855 4863 1105 4916 humanae
1127 4869 1360 4925 naturae;
1387 4868 1441 4913 et
1463 4858 1566 4913 sub
1587 4871 1691 4927 qua

200 4979 317 5035 ‘5."
350 4978 540 5033 Matth.
570 4993 762 5041 xxvnt,
795 4975 886 5030 20.
952 4976 996 5007 ⁶⁰
1020 4975 1177 5030 Joan.
1209 4989 1321 5039 xw,
1355 4972 1443 5026 I6.

205 5155 316 5225 (I5)
343 5154 602 5218 Hermas,
651 5153 934 5225 similitud.
989 5170 1072 5216 Ix,
1113 5168 1162 5206 c.
1200 5150 1316 5204 εὖτ
1355 5149 1524 5225 Homo
1570 5164 1686 5202 vero

132 5220 250 5279 cum
277 5227 344 5278 sit
379 5226 675 5295 languidus,
696 5224 952 5286 mortalis,
983 5225 1308 5295 inﬁrmus,et
1334 5220 1555 5295 repletus
1576 5235 1688 5287 pec-

131 5300 286 5357 catis,
314 5290 509 5349 Iiomini
537 5303 917 5364 perseveranter
945 5290 1212 5348 irascitur.
1238 5290 1437 5344 Confer
1459 5303 1508 5344 c.
1554 5303 1683 5342 xvttt

133 5364 518 5429 Ecclesiastici,
545 5382 684 5419 vers.
714 5365 806 5418 2L

206 5436 316 5502 (14)
341 5435 589 5489 Lardner
619 5435 685 5487 In
729 5435 821 5486 der
861 5430 1337 5502 Glaubwi'irdiglteit
1352 5430 1444 5502 der
1468 5444 1684 5498 evange-

133 5497 322 5557 lisclien
347 5504 661 5569 Geschichte,
693 5521 745 5574 p.
777 5520 835 5569 ιι,
870 5513 998 5574 tom.
1029 5503 1068 5566 I,
1099 5518 1152 5571 p.
1178 5497 1403 5574 80~_I_0I.

203 5576 314 5641 (45)
343 5574 549 5628 Hermae
577 5571 786 5638 Pastor,
815 5573 1095 5628 similitud.
1123 5589 1175 5636 ν,
1200 5587 1249 5625 c.
1280 5571 1332 5625 5.

199 5640 311 5715 (I6)
343 5644 583 5714 Defensio
611 5645 735 5714 ﬁdei
768 5642 1018 5709 Nicwnat,
1052 5651 1182 5698 sect.
1216 5658 1254 5706 ι,
1289 5656 1335 5694 c.
1360 5641 1415 5708 2,
1449 5656 1567 5712 pag.
1597 5640 1681 5694 I8.

444 5740 714 5798 ΡΑτιιοι..
749 5736 863 5796 Gn.
902 5735 956 5794 II

1793 5219 2103 5290 Πνεύματος
2121 5260 2133 5280 ,
2158 5219 2250 5273 καὶ
2276 5221 2308 5289 ἡ

1792 5283 2308 5371 φῆςηὲὶραρξώζεταις
2332 5307 2350 5337 ι
2365 5283 2995 5371 .Patri‘etlj‘iliosimiliter
3011 5295 3063 5339 et
3086 5283 3342 5371 Spiritus,

1787 5355 1866 5414 ét'
1889 5355 2072 5413 Sancti
2131 5360 2417 5427 appellatio
2450 5373 2479 5411 a
2508 5355 2782 5425 Scriptura
2831 5355 3288 5427 accommodatur.
3319 5372 3338 5401 ι

1791 5431 1849 5484 S.
1877 5423 2704 5499 Gregoritts'Nyssmnus,oratio.
2726 5441 2765 5490 ι,
2798 5435 2979 5499 contra
3004 5423 3340 5499 Eunomium.

1795 4506 1861 4545 ac
1905 4506 2068 4560 supra
2113 4490 2328 4544 illarum
2388 4489 2752 4543 conditionem
2808 4498 2862 4544 et
2919 4497 3166 4543 natttram
3235 4503 3357 4544 esse

1797 4591 1980 4652 aperte
2017 4582 2353 4650 pronuntiat.
2404 4580 2505 4646 Qui
2562 4589 2741 4633 autem
2785 4589 2935 4634 extra
2977 4589 3350 4634 creaturarum

1797 4687 2104 4736 numerum,
2153 4682 2205 4726 et
2235 4686 2397 4740 supra
2431 4672 2644 4725 illarum
2689 4680 2937 4725 naturam
2979 4671 3348 4732 constituitur,

1797 4763 1885 4816 hic
1917 4762 2105 4830 procul
2153 4761 2320 4815 dubio
2371 4762 2672 4824 increatus,
2711 4771 2965 4827 aeternus,
3011 4769 3065 4815 ct
3100 4775 3349 4816 summus

1793 4869 2188 4926 supremusque
2217 4853 2358 4909 Deus
2386 4856 2666 4912 asseritur.
2693 4854 2826 4919 Quis
2855 4868 3087 4922 namque
3109 4863 3351 4910 creatum

1866 5149 2070 5219 (17)Τῷ
2094 5151 2268 5220 Πατρὶ
2296 5149 2390 5202 καὶ
2658 5146 2798 5220 itura
2828 5145 2888 5197 τὸ
2937 5146 3048 5220 ἴσον
3077 5143 3345 5220 ἦλτε-τοῦ

2339 5217 2432 5296 τεῦ
2463 5214 3053 5296 ’ᾏγίρλθηκλῆσιςηπαρά
3080 5214 3177 5296 ’ἑῆς
3208 5214 3346 5296 Γρα-

1860 5499 1971 5569 (18)
1989 5494 2270 5569 'Pietavius',
2305 5507 2434 5552 tom.
2459 5496 2521 5562 Il,
2549 5496 2788 5565 Thcolog.
2819 5494 3076 5564 dogmat.,
3107 5496 3342 5562 prestat,

1791 5585 1907 5634 cap.
1939 5569 1994 5632 2,
2030 5569 2056 5634 §
2083 5570 2134 5623 6.

2051 5655 2248 5702 crmas,
2282 5639 2484 5693 similit.
2518 5654 2592 5704 ιιι,
2617 5637 2711 5690 lib.
2748 5652 2829 5704 ιιι,
2857 5649 2975 5702 cap.
3006 5633 3090 5686 I2.

2953 5725 3034 5784 28

1864 5640 1974 5709 (19)
