3822 6218
132 284 251 340 ‘87'1

1379 274 1675 331 PASTOR.
1711 305 1780 316 ——
1809 274 2169 333 PROCEMIA.
3262 276 3364 329 878

136 411 201 455 et
227 399 401 466 magis
426 397 737 453 distinctam
764 397 1091 453 solutionem
1115 397 1413 452 continent.
1440 393 1708 449 Nimirum
1740 402 1784 458 Α
1811 405 2029 464 peccata
2089 396 2357 466 expianda
2401 397 2640 467 pertulit.
2679 393 2801 465 Ipse
2847 396 2991 449 enim
3034 393 3170 447 viam
3225 394 3366 459 vitm,

132 490 438 559 distinguit
459 504 650 543 rursus
667 476 865 545 Pastor
891 490 1033 543 inter
1056 487 1315 559 Spiritum
1340 497 1589 542 sanctum
1615 501 1712 541 seu

132 582 249 653 ’τὴν
276 580 427 634 Θείαν
455 580 508 633 in
546 578 770 634 Christo
814 581 973 649 φύσιν
996 620 1012 646 ,
1041 588 1095 634 et
1120 578 1321 633 Christi
1372 592 1573 646 corpus
1618 591 1714 631 seu

148 682 406 728 naturam
462 672 796 738 humanam;
847 688 911 727 ac
940 672 1193 727 servilem
1221 670 1589 726 conditionem
1613 710 1625 730 ,
1657 670 1713 722 in

132 781 260 835 equa
284 764 480 818 Filium
506 763 602 819 Dei
623 764 678 818 in
700 764 1054 819 similitudine
1075 772 1351 834 posuerat,
1378 763 1443 817 ad
1471 776 1713 828 carnem,

148 872 249 911 seu
283 864 537 909 naturam
573 855 736 909 istam
761 855 1056 909 humanam
1084 856 1351 909 duntaxat
1379 852 1714 907 referendam

138 961 295 1010 esse,
327 946 545 1001 disertis
574 947 753 1000 verbis
781 946 957 1000 docet.
988 945 1279 1014 Postquam
1308 945 1455 999 enim
1497 945 1563 999 de
1592 944 1716 1015 Spi-

150 1040 261 1093 ritu
295 1039 400 1093 isto
432 1039 650 1094 locutus
679 1038 874 1104 fuerat,
902 1040 991 1108 qui
1020 1039 1226 1107 infusus
1248 1048 1325 1092 est
1354 1039 1585 1091 omnium
1607 1039 1717 1108 pri-

149 1144 270 1180 mus
306 1128 359 1180 in
391 1144 637 1197 corpore,
668 1130 725 1181 in
770 1145 873 1198 quo
906 1128 1221 1188 inhabitare;
1253 1127 1415 1194 Deus,
1448 1143 1575 1182 mox
1602 1128 1717 1182 huic

152 1219 435 1288 subjungit
465 1238 477 1273 :
510 1217 623 1271 Hoc
652 1234 772 1288 ergo
795 1234 980 1287 corpus
1006 1220 1062 1271 in
1088 1234 1187 1284 quo
1210 1218 1458 1270 inductus
1487 1226 1563 1271 est
1592 1215 1717 1286 Spi-

151 1310 291 1361 ritus
318 1319 551 1370 sanctus,
586 1309 791 1362 servivit
830 1308 912 1361 illi
951 1307 1198 1377 Spiritui,
1224 1316 1357 1361 recte
1386 1308 1441 1360 in
1466 1306 1720 1360 modestia

147 1399 433 1454 ambulans
470 1409 519 1453 et
540 1410 703 1465 caste,
732 1416 892 1469 neque
915 1400 1125 1453 omnino
1148 1399 1433 1453 maculavit
1460 1399 1720 1467 Spiritum

151 1489 327 1543 illum.
348 1489 480 1544 Cum
501 1490 665 1559 igitur
685 1506 870 1558 corpus
890 1488 1023 1542 illud
1039 1490 1297 1558 paruisset
1324 1490 1470 1542 omni
1498 1498 1722 1558 tempore

152 1579 385 1650 Spiritui
408 1593 587 1635 sancto
606 1590 739 1635 recte
762 1592 919 1651 atque
938 1593 1104 1645 caste,
1120 1598 1182 1635 ac
1206 1581 1493 1635 laborasset
1506 1597 1623 1634 cum
1638 1598 1717 1647 eo,

152 1689 249 1727 nec
270 1673 625 1728 succubuisset
662 1675 720 1727 in
758 1676 900 1727 omni
928 1684 1155 1743 tempore
1174 1714 1190 1740 ,
1219 1674 1503 1743 fatigatum
1531 1688 1717 1741 corpus

1814 486 1941 540 data
1967 487 2095 559 lege,
2117 504 2275 558 quam
2307 505 2340 543 a
2368 488 2532 542 Patre
2570 495 2860 554 acceperat,
2904 485 3055 538 nobis
3105 483 3366 547 ostendit;

1814 587 1967 647 atque
1988 578 2103 631 ideo
2146 579 2202 631 in
2243 578 2534 647 redemptos
2577 594 2751 633 omnes
2788 585 2990 647 regnat,
3036 575 3368 645 potestatein

1812 682 1898 719 eos
1928 683 1961 719 a
1983 665 2144 721 Patre
2180 669 2281 721 sibi
2311 684 2574 721 concessa.

1888 755 2130 812 Validius
2159 759 2294 813 nihil
2333 759 2472 814 tradi
2504 766 2682 828 potest
2709 758 2799 822 iis,
2826 773 2947 827 quae
2972 756 3164 813 Pastor
3196 756 3251 810 in
3279 771 3366 811 eo-

1816 847 1936 903 dem
1984 849 2406 904 Similitudinum
2452 851 2591 906 libro
2644 851 2803 906 docet
2845 850 3025 921 quoad
3065 850 3373 905 absolutam

1817 943 2218 1007 necessitatem,
2253 943 2308 996 in
2360 958 2467 1013 qua
2492 957 2797 1008 versamur,
2848 940 3193 995 mediationis
3246 939 3377 994 Jesu

1814 1034 2020 1089 Christi
2047 1035 2113 1089 ad
2134 1044 2390 1089 aeternam
2416 1034 2645 1089 salutem
2673 1034 3132 1102 consequendam.
3157 1031 3378 1102 Perspi«

1818 1140 1919 1180 cue
1973 1126 2231 1191 declarat,
2297 1126 2570 1180 neminem
2620 1127 2821 1179 intrare
2850 1138 3007 1194 posse
3038 1124 3093 1177 in
3150 1139 3375 1191 regnum

1820 1215 1935 1281 Dei,
1967 1217 2072 1270 nisi
2121 1217 2392 1286 acceperit
2443 1231 2642 1271 nomen
2668 1215 2790 1270 Filii
2838 1215 2932 1269 Dei
2963 1214 3097 1285 (26).
3133 1213 3379 1283 Explicat

1820 1306 2197 1378 gravissimam
2226 1306 2370 1360 hanc
2399 1307 2682 1360 veritatem
2716 1305 2943 1374 paritate
2967 1304 3199 1373 alicujus
3224 1303 3379 1358 urbis

1820 1414 1980 1454 muro
2008 1400 2219 1464 cinctae,
2251 1413 2371 1467 qua:
2399 1398 2559 1453 unica
2598 1398 2833 1453 donatur
2858 1405 3036 1467 porta,
3080 1411 3173 1465 per
3215 1410 3380 1466 quam

1822 1492 2133 1548 necessario
2162 1492 2250 1545 ille
2282 1499 2523 1545 transeat
2574 1498 2805 1559 Oportet,
2862 1489 2954 1558 qui
3004 1488 3132 1543 velit
3187 1489 3378 1542 urbem

1822 1584 2052 1655 ingredi.
2091 1583 2257 1637 Porta
2294 1599 2433 1649 vero,
2461 1582 2611 1636 addit
2656 1580 2850 1635 Pastor
2872 1589 2994 1651 post
3017 1591 3252 1650 quatuor
3297 1581 3382 1634 vel

1822 1679 2063 1749 quinque
2087 1679 2278 1741 lineas,
2314 1676 2487 1732 Filius
2513 1676 2608 1731 Dei
2644 1686 2741 1743 est,
2766 1678 2853 1746 qui
2879 1676 3021 1730 solus
3041 1685 3117 1729 est
3145 1692 3381 1730 accessus

154 1764 293 1817 illud
319 1764 580 1819 seniliter
607 1776 971 1819 conuersatam
1000 1776 1098 1831 est,
1125 1766 1213 1819 sed
1236 1766 1444 1834 fortiter
1464 1781 1582 1819 cum
1605 1763 1726 1833 Spi-
1755 1764 1799 1824 Β
1828 1771 1896 1825 ad
1918 1771 2107 1824 Deum.
2133 1770 2303 1823 Aliter
2328 1785 2449 1839 ergo
2480 1786 2629 1823 nemo
2660 1769 2879 1823 intrabit
2923 1769 2991 1823 ad
3048 1767 3235 1835 Deum,
3281 1769 3385 1823 nisi

155 1856 266 1908 ritu
291 1865 473 1909 sancto
492 1855 913 1924 comprobatum,
941 1855 1050 1909 Deo
1077 1864 1335 1924 receptum
1355 1865 1433 1909 est
1458 1855 1719 1925 (alludere

150 1947 1084 2005 ,videturadverbaPaulilTimoth.
1127 1963 1245 2017 cap.
1266 1964 1364 2013 nt,
1388 1964 1441 2001 v.
1478 1948 1578 2013 16,
1616 1948 1721 1999 ὲδι⁹

152 2043 367 2113 καιώθη
382 2044 440 2095 ὲν
464 2040 747 2112 πνεύματι,
768 2041 863 2093 καὶ
880 2039 1151 2112 ἀνελήφθη
1168 2042 1223 2093 ἐν
1235 2039 1361 2112 δόξῃ
1385 2039 1429 2111 ),
1448 2041 1503 2093 in
1524 2040 1722 2109 quibus

160 2137 342 2192 verbis
384 2134 592 2204 liquido
647 2142 888 2204 apparet,
919 2131 1202 2187 Pastorem
1234 2131 1381 2201 loqui
1408 2132 1475 2185 de
1499 2146 1723 2200 corpore

154 2244 261 2284 seu
284 2238 476 2285 natura
496 2226 699 2282 Christi
716 2229 972 2292 humana,
994 2226 1168 2296 deque
1186 2241 1251 2281 eo
1274 2235 1482 2280 tantum
1499 2242 1725 2296 corpore

154 2320 452 2387 afﬁrmare,
475 2320 612 2389 quod
634 2318 895 2373 serviliter
920 2326 1283 2372 conversatum
1326 2319 1516 2387 fuerit;
1553 2320 1726 2388 quod-

153 2428 268 2481 que
294 2420 454 2481 post,
489 2426 553 2465 ac
598 2419 817 2480 propter
840 2418 1115 2479 peractam
1144 2410 1198 2463 iu
1222 2410 1384 2464 terris
1411 2411 1723 2465 servitutem

156 2505 323 2558 istam
354 2517 479 2556 cum
532 2501 737 2572 Spiritu
792 2511 983 2556 sancto
1028 2517 1123 2557 seu
1160 2500 1239 2571 τῷ
1272 2502 1461 2572 Λόγῳ,
1512 2503 1567 2556 in
1614 2519 1726 2572 quo

158 2592 520 2658 subsisteret,
547 2594 942 2663 comprobatum
972 2592 1079 2647 Deo
1098 2634 1115 2660 ,
1145 2595 1302 2663 fuerit
1328 2606 1608 2664 receptum,
1628 2594 1728 2648 hoc

157 2696 267 2752 est,
288 2686 355 2739 ad
385 2686 630 2740 dextram
661 2685 856 2740 divina:
880 2685 1180 2755 majestatis
1204 2695 1448 2742 evectum
1478 2690 1534 2741 in
1559 2689 1728 2743 excel-

159 2778 413 2832 sissimis.
443 2776 581 2832 Hinc
609 2777 801 2833 Pastor
828 2777 1035 2832 Christi
1068 2778 1306 2833 hominis
1344 2780 1725 2834 exaltationem

160 2869 588 2924 adumbraverat
636 2869 690 2923 in
741 2868 1095 2925 similitudine
1129 2885 1227 2940 per
1259 2886 1512 2935 servum,
1565 2886 1726 2941 quem

161 2960 432 3016 Dominus
454 2960 606 3016 fundi
628 3001 644 3026 ,
674 2962 779 3016 hoc
822 2970 905 3016 est
947 2959 1091 3016 Deus
1134 2960 1315 3027 Pater,
1347 2971 1561 3033 propter
1592 2978 1728 3032 opus

164 3055 376 3107 bonum
419 3053 563 3124 quod
589 3053 931 3122 praestiterat,
961 3052 1097 3108 Filio
1140 3068 1239 3109 suo
1271 3053 1605 3108 cohaeredem
1635 3070 1730 3108 vo-

1823 1880 1915 1934 per
1940 1862 2145 1917 Filium
2166 1862 2299 1931 ejus.
2333 1861 2556 1916 Eterna
2581 1863 2743 1931 igitur
2770 1862 2917 1917 salus
2942 1861 3173 1917 obtineri
3198 1863 3386 1932 nequit

1824 1961 2028 2030 absque
2060 1958 2162 2013 fide
2190 1960 2243 2012 in
2267 1956 2452 2013 Jesum
2475 1956 2773 2012 Christum.

1828 2052 1855 2122 ᾗ
1876 2048 1961 2103 lll.
1992 2049 2067 2102 De
2084 2048 2364 2117 baptismo,
2388 2046 2707 2112 paenitentia,
2726 2046 2907 2099 ordine
2946 2061 3007 2099 ac
3024 2046 3381 2102 matrimonio.

1896 2140 1973 2194 Ex
2009 2139 2257 2194 absoluta
2305 2136 2631 2192 necessitate
2696 2135 3043 2191 mediationis
3087 2132 3385 2189 Salvatoris

1826 2233 1889 2287 ad
1913 2239 2169 2285 mternam
2194 2229 2421 2283 salutem
2446 2228 2911 2298 consequendam,
2941 2227 3103 2281 aliam
3139 2226 3262 2280 fidei
3287 2242 3382 2281 νοω

1820 2320 2039 2374 ritatem
2058 2318 2278 2374 deducit
2300 2316 2516 2384 Pastor,
2540 2332 2662 2387 qua:
2683 2318 2751 2372 ab
2782 2318 2871 2371 illa
2899 2317 3219 2371 naturaliter
3239 2316 3382 2379 ﬂuit,

1829 2411 2034 2467 scilicet
2060 2410 2436 2466 necessitatem
2480 2410 2754 2480 baptismi,
2791 2410 3019 2479 ejusque
3051 2410 3244 2463 miram
3272 2408 3386 2463 efﬁ-

1826 2502 2131 2557 cacitatem.
2188 2502 2480 2571 Antequam
2522 2502 2681 2567 enim,
2717 2500 2793 2554 ait
2857 2501 2948 2555 ille
2979 2500 3114 2571 (27),
3159 2500 3387 2569 accipiat

1828 2594 1981 2647 homo
2017 2609 2202 2647 nomen
2241 2592 2341 2660 ﬁlii
2365 2592 2495 2658 Dei,
2542 2593 2701 2645 morti
2735 2591 3029 2646 destinatus
3073 2602 3189 2647 est:
3214 2601 3269 2645 at
3297 2591 3387 2645 ubi

1830 2686 2027 2755 accepit
2059 2684 2192 2738 illud
2218 2683 2478 2754 sigillum,
2510 2684 2768 2738 liberatur
2796 2700 2828 2737 a
2868 2693 3052 2751 morte,
3084 2694 3130 2738 et
3156 2685 3392 2738 traditur

1828 2778 1970 2831 vitae.
1997 2774 2142 2829 Illud
2171 2784 2346 2828 autem
2370 2774 2606 2845 sigillum
2633 2792 2771 2846 aqua
2791 2784 2891 2842 est,
2922 2778 2978 2828 in
2999 2792 3155 2845 quam
3177 2774 3390 2831 descen»

1827 2870 1961 2924 dunt
1996 2869 2228 2922 homines
2256 2868 2414 2921 morti
2442 2867 2684 2937 obligati,
2712 2869 2996 2921 ascendunt
3014 2884 3133 2923 vero
3158 2870 3278 2923 vita:
3302 2886 3391 2922 as—

1829 2960 2026 3031 signati
2085 2958 2220 3030 (28).
2270 2957 2558 3013 Pulchrior
2609 2958 2841 3014 fortasse
2885 2974 2993 3013 non
3047 2960 3390 3015 adinvenitur

1830 3062 2013 3108 textus
2033 3053 2100 3107 ad
2129 3052 2506 3107 necessitatem
2534 3052 2811 3122 baptismi,
2830 3052 3056 3123 ejusque
3079 3054 3275 3109 miram
3307 3054 3392 3109 ef-

163 3145 269 3203 luit
296 3146 495 3201 facere.
522 3144 723 3215 Nempe
751 3161 847 3215 per
878 3161 1095 3200 servum
1121 3144 1373 3213 intelligit
1394 3159 1611 3213 corpus,
1629 3160 1727 3199 seu
1755 3128 1798 3186 Ο
1832 3145 2075 3200 ﬁcaeiam
2116 3144 2603 3214 comprobandum.
2641 3143 2833 3199 Pastor
2882 3153 2993 3199 tam
3042 3146 3392 3201 vehementer

162 3237 463 3290 humanam
508 3234 711 3289 Christi
758 3244 1049 3300 naturam;
1085 3250 1181 3304 per
1222 3233 1421 3288 Filium
1474 3250 1602 3289 vero
1633 3234 1731 3305 τὴν

165 3325 317 3379 θείαν
357 3326 410 3379 in
435 3325 654 3381 Christo
686 3324 846 3393 φύσιν
875 3325 1113 3380 divinam
1142 3337 1393 3381 naturam
1419 3366 1434 3390 ,
1465 3335 1525 3381 ut
1566 3327 1733 3382 lecto-

165 3431 283 3469 rem
306 3414 417 3483 jam
450 3415 571 3484 plus
601 3415 769 3469 semel
800 3415 1134 3470 monuimus.
1164 3414 1318 3469 Tunc
1357 3414 1521 3484 igitur
1544 3429 1733 3470 servus

166 3507 308 3562 Filio
340 3506 578 3561 cohaeres
602 3505 779 3561 factus
801 3514 903 3567 est.
941 3521 1065 3560 cum
1098 3521 1298 3575 corpus
1350 3520 1445 3559 seu
1497 3506 1733 3560 humana

168 3607 368 3653 natura
414 3595 541 3652 Jesu
600 3596 804 3651 Christi
840 3606 963 3667 post
1019 3597 1474 3657 resurrectionem
1508 3597 1572 3651 ad
1603 3598 1735 3654 dex-

168 3698 315 3742 tram
348 3686 442 3742 Dei
482 3687 748 3742 collocata
767 3727 782 3752 ,
808 3687 1048 3757 ejusdem
1074 3688 1259 3757 gloriae
1298 3696 1460 3757 atque
1488 3688 1733 3753 honoris,

167 3796 270 3849 pro
299 3790 458 3848 captu
484 3795 584 3833 suo
607 3780 755 3834 socia
779 3778 961 3845 fuerit,
988 3779 1362 3849 particepsque
1387 3778 1548 3845 facta,
1574 3795 1733 3848 quem

170 3872 437 3925 honorem
480 3870 648 3925 Filius
682 3869 775 3925 Dei
802 3886 898 3925 seu
926 3873 954 3922 ὁ
984 3870 1154 3938 Λόγος
1177 3909 1192 3934 ,
1225 3871 1386 3924 etiam
1421 3882 1545 3924 ante
1593 3870 1736 3923 hunc

170 3958 440 4012 mundum
491 3958 814 4026 conditum,
874 3960 1015 4028 apud
1070 3958 1288 4013 Patrem
1339 3975 1501 4015 suum
1560 3959 1737 4029 possi-

169 4050 343 4104 deret.

246 4137 549 4193 Genuinam
577 4139 665 4194 hic
688 4156 774 4194 me
792 4138 1033 4195 Pastoris
1056 4143 1380 4197 sententiam
1399 4140 1733 4205 exhibuisse,

173 4229 338 4295 facile
357 4231 665 4300 perspiciet,
689 4232 942 4301 quisquis
968 4233 1378 4287 similitudinem
1407 4232 1551 4286 illam
1578 4232 1737 4303 quin-

174 4333 285 4377 tam
324 4320 533 4376 Hermae
563 4338 685 4376 cum
719 4339 849 4378 cura
892 4324 1076 4394 aliqua
1118 4324 1326 4394 legerit.
1368 4323 1446 4378 Ex
1486 4325 1570 4379 his
1609 4340 1737 4379 vero

174 4410 431 4464 omnibus
457 4410 669 4464 tandem
699 4410 1204 4466 manifestissimum
1228 4420 1331 4475 est,
1360 4412 1615 4467 docuisse
1637 4410 1738 4465 Pa-

174 4510 381 4555 storem
415 4498 614 4554 Filium
640 4500 756 4566 Dei,
774 4517 882 4571 qua
909 4501 1004 4556 Dei
1032 4501 1204 4556 Filius
1225 4511 1277 4556 et
1306 4500 1448 4556 Deus
1469 4511 1572 4568 est,
1595 4502 1735 4556 servi

175 4591 447 4647 rationem
473 4592 638 4646 etiam
669 4602 917 4662 respectu
949 4592 1043 4646 Dei
1074 4592 1251 4648 Patris
1283 4594 1596 4663 neutiquam
1633 4594 1736 4645 ha-

177 4684 327 4748 bere,
344 4698 516 4752 neque
540 4683 796 4737 habuisse
821 4700 1093 4754 unquam;
1128 4700 1302 4753 neque
1326 4684 1481 4739 aliter
1520 4699 1735 4739 servum

177 4774 275 4827 Dei
306 4772 601 4841 aliquando
626 4772 796 4828 fuisse
818 4814 833 4837 ,
879 4789 1041 4844 quam
1090 4784 1311 4842 propter
1346 4773 1740 4828 incarnationis

176 4866 638 4935 dispensationem
662 4906 677 4929 ,
709 4882 871 4935 quam
914 4867 1058 4922 ultro
1084 4865 1340 4935 suscepit.
1365 4864 1637 4921 Hactenus
1674 4867 1741 4919 de

176 4946 307 5013 Jesu
336 4957 541 5012 Christi
582 4967 777 5012 natura
803 4957 1004 5012 divina.
1053 4956 1157 5011 Sed
1183 4958 1476 5011 humanam
1518 4958 1741 5026 insuper

178 5050 378 5105 Pastor
435 5050 487 5103 in
537 5049 758 5103 Christo
815 5050 1038 5104 tradidit
1085 5060 1378 5113 naturam,
1440 5051 1738 5105 secundum

180 5158 346 5213 quam
377 5158 520 5195 servo
551 5151 887 5211 comparatus
914 5141 1025 5211 (25)
1048 5141 1220 5196 Filius
1250 5140 1346 5195 Dei
1391 5149 1446 5195 et
1484 5141 1742 5196 agrumnis

180 5234 371 5289 multis
399 5233 667 5287 obnoxius
695 5233 815 5297 fuit,
844 5232 1094 5301 malaque
1109 5231 1343 5301 plurima
1372 5232 1438 5285 ad
1460 5232 1740 5287 hominum

253 5419 368 5487 (25)
407 5417 655 5477 Hermas.
692 5418 784 5471 lib.
815 5434 897 5482 ιιι,
931 5417 1095 5471 simil.
1129 5433 1180 5480 v,
1221 5433 1269 5470 c.
1303 5417 1334 5469 5
1357 5425 1410 5471 et
1440 5416 1493 5469 6.

276 5486 369 5557 26)
410 5489 575 5552 Idem,
600 5490 787 5542 eodem
820 5488 979 5552 libro,
1011 5487 1292 5542 similitud.
1324 5503 1399 5552 ts,
1432 5502 1549 5556 cap.
1585 5486 1667 5541 η.

276 5490 369 5557 26)
410 5490 575 5552 idem,
600 5490 787 5542 eodem
820 5490 979 5552 libro,
1011 5490 1045 5542 si

198 5564 201 5567 ’
253 5490 371 5627 l27)
410 5557 581 5623 Idem,
614 5558 771 5622 ibid.,
797 5574 915 5626 cap.
962 5558 1045 5611 16.

254 5611 370 5753 ςὲὃδ
408 5611 668 5699 Agnoscit
694 5611 973 5683 simul‘hic
1016 5627 1210 5683 Pastor
1246 5637 1525 5696 peccatum
1577 5626 1741 5695 origi-

280 5715 332 5753 e.
362 5698 631 5753 Nonnulla
669 5713 846 5753 tamen
876 5697 1111 5753 dillicilia
1150 5708 1203 5753 et
1234 5699 1467 5753 obscura
1501 5705 1616 5751 tum
1650 5697 1738 5751 hic

185 5697 332 5753 nale.
362 5697 631 5755 Nonnulla
669 5713 846 5754 tamen
876 5697 1111 5754 dillicilia
1150 5708 1203 5754 et
1234 5699 1467 5753 obscura
1501 5705 1616 5751 tum
1650 5697 1738 5751 hic

1832 3253 1945 3292 sua:
1977 3235 2258 3291 sententia:
2302 3236 2522 3300 insistit,
2572 3243 2628 3288 ut
2660 3237 2950 3290 contendat
2997 3236 3176 3306 justos
3227 3238 3390 3292 etiam

1831 3327 1925 3398 qui
1960 3334 2085 3380 ante
2120 3325 2548 3380 incarnationem
2591 3324 2963 3391 decesserunt,
2993 3340 3102 3379 non
3146 3327 3394 3396 potuisse

1834 3417 1889 3471 in
1920 3432 2144 3486 regnum
2174 3416 2265 3471 Dei
2293 3416 2516 3482 intrare,
2547 3415 2652 3472 nisi
2678 3416 2863 3471 divino
2904 3416 3009 3471 hoc
3048 3428 3393 3472 sacramento

1833 3508 2029 3579 signati
2065 3516 2267 3562 essent.
2317 3505 2537 3560 Necesse
2575 3516 2673 3573 est,
2700 3506 2906 3573 aitille,
2932 3505 3161 3575 loquens
3189 3508 3257 3562 de
3292 3523 3391 3577 pa-

1835 3596 2119 3658 triarchis,
2139 3595 2418 3664 prophetis
2439 3610 2503 3649 ac
2516 3596 2680 3665 justis
2702 3605 2828 3652 ante
2868 3595 3168 3651 Salvatoris
3190 3598 3394 3651 adven-

1841 3697 1956 3741 tum
1985 3686 2309 3752 viventibus,
2336 3696 2391 3740 ut
2430 3702 2523 3755 per
2553 3703 2747 3757 aquam
2771 3687 2994 3741 habeant
3016 3688 3311 3755 ascendere,
3338 3701 3393 3741 ut

1835 3781 2159 3851 requiescant
2196 3797 2214 3838 :
2248 3795 2351 3833 non
2396 3789 2640 3849 poterant
2686 3781 2825 3834 enim
2874 3781 3033 3834 aliter
3087 3789 3143 3834 in
3180 3797 3395 3851 regnum

1835 3872 1933 3926 Dei
1955 3872 2176 3937 intrare,
2200 3886 2356 3941 quam
2390 3881 2447 3925 ut
2473 3871 2782 3940 deponerent
2808 3871 3183 3926 mortalitatem
3204 3875 3397 3940 prioris

1837 3964 1974 4016 vitaz.
2006 3960 2172 4015 Addit
2201 3960 2444 4030 insuper,
2492 3970 2703 4016 veteres
2746 3961 2883 4016 istos
2935 3961 3113 4031 sigillo
3152 3960 3269 4014 Filii
3304 3960 3397 4015 Dei

1836 4054 2079 4123 signatos
2108 4050 2298 4117 fuisse,
2322 4060 2377 4106 et
2415 4052 2489 4105 ita
2510 4051 2747 4108 intrasse
2777 4067 3005 4122 regnum
3030 4051 3155 4107 Dei:
3185 4051 3268 4105 illi
3299 4053 3401 4120 igi-

1838 4155 1927 4197 tur
1959 4144 2193 4212 defuncti
2214 4142 2390 4213 sigillo
2420 4141 2552 4196 Filii
2571 4143 2667 4197 Dei
2695 4145 2893 4214 signati
2922 4153 3064 4207 sunt,
3092 4153 3141 4197 et
3170 4146 3402 4217 intrave-

1838 4245 1960 4290 runt
1988 4237 2041 4288 in
2072 4251 2289 4303 regnum
2316 4236 2451 4299 Dei;
2491 4234 2707 4301 deinde,
2756 4234 3030 4304 apostolos
3063 4243 3117 4289 et
3151 4235 3402 4289 doctores

1838 4325 2113 4386 Ecclesiae,
2138 4334 2261 4393 post
2281 4338 2469 4378 eorum
2498 4335 2729 4379 mortem
2756 4323 2843 4378 his
2877 4324 3202 4393 praedicasse
3226 4322 3403 4376 Evan-

1840 4417 2035 4487 gelium
2062 4414 2189 4470 Jesu
2224 4415 2449 4479 Christi,
2484 4423 2538 4469 et
2579 4415 2794 4470 dedisse
2822 4415 2902 4469 eis
2929 4414 3281 4483 baptismum,
3307 4414 3403 4482 qui

1841 4507 1991 4561 solus
2014 4506 2239 4569 deerat,
2272 4513 2332 4559 ut
2359 4514 2543 4560 essent
2584 4504 2755 4559 beati:
2791 4503 3051 4568 Quoniam
3094 4503 3149 4556 hi
3178 4504 3402 4572 apostoli

1931 4639 1943 4651 .
1972 4637 1988 4653 .
2029 4613 2146 4651 cum
2192 4597 2428 4667 defuncti
2482 4608 2672 4660 essent,
2724 4596 3142 4664 praedicaverunt
3188 4594 3270 4647 his
3313 4597 3401 4665 qui

1841 4698 1959 4743 ante
1997 4688 2255 4753 obierant,
2282 4698 2330 4741 et
2361 4687 2464 4756 ipsi
2492 4687 2745 4740 dederunt
2762 4687 2836 4740 eis
2859 4686 3067 4756 signum
3092 4685 3226 4739 illud
3252 4727 3264 4739 .
3301 4724 3316 4740 .
3344 4726 3357 4738 .
3385 4727 3399 4740 .

1842 4778 2202 4832 tantummodo
2251 4778 2349 4830 hoc
2394 4777 2630 4847 sigillum
2672 4778 2914 4842 defuerat
2944 4778 3041 4831 eis.
3097 4772 3403 4848 Singularis

1842 4883 1974 4921 sane
2006 4867 2123 4922 haec
2152 4878 2295 4923 esset
2327 4868 2533 4937 Opinio,
2572 4869 2616 4923 si
2648 4866 2843 4922 Pastor
2872 4869 3030 4922 vellet
3058 4868 3143 4923 hic
3176 4868 3403 4940 intelligi

1840 4960 1908 5014 de
1929 4960 2199 5029 baptismo
2229 4975 2413 5030 aque,
2443 4968 2576 5029 puto
2609 4968 2788 5014 autem
2821 4976 2920 5030 ego
2959 4975 3083 5014 cum
3109 4959 3190 5014 Cl.
3240 4959 3403 5015 Fleu-

1838 5054 1924 5108 rio
1954 5052 2090 5123 (29),
2120 5068 2428 5108 sermonem
2479 5054 2568 5107 hic
2601 5053 2717 5106 fieri
2771 5052 2838 5106 de
2889 5053 3061 5122 gratia
3113 5051 3399 5117 baptismi,

1839 5144 1952 5198 imo
1976 5144 2160 5213 potius
2189 5144 2349 5198 sicuti
2374 5145 2577 5213 optime
2599 5144 2831 5199 advertit
2851 5141 2932 5197 Cl.
2966 5142 3265 5198 Cotelerius
3288 5141 3402 5212 (50)

1840 5236 1908 5290 de
1933 5236 2202 5305 baptismo
2232 5236 2628 5306 metaphorico,
2661 5244 2716 5290 et
2736 5236 2958 5290 omnino
2990 5233 3239 5303 spiritali,
3272 5247 3401 5303 proo

1845 5427 1960 5473 tum
1989 5419 2115 5473 alibi
2137 5419 2420 5489 inspergit,
2447 5434 2568 5489 quae
2596 5418 2879 5486 benignam
2899 5415 3398 5486 interpretationem

1847 5490 2146 5559 postulant,
2183 5501 2241 5543 ut
2267 5492 2335 5543 ab
2362 5506 2546 5544 errore
2574 5490 2935 5559 vindicentur.

1914 5560 2027 5630 (29)
2066 5559 2212 5630 Hist.
2242 5561 2448 5630 eccles.,
2479 5569 2611 5630 tom.
2633 5561 2683 5630 Al,
2715 5559 2805 5630 lib.
2835 5574 2896 5624 ιι,
2924 5558 2950 5629 §
2978 5557 3066 5630 46.

1913 5622 2027 5702 (50)
2064 5629 2218 5687 Tom.
2245 5629 2264 5684 Ι
2311 5622 2549 5702 Operum
2582 5622 2679 5687 SS.
2709 5629 2813 5685 PP.
2842 5622 3099 5700 πρόεισι,
3128 5641 3181 5701 p.
3218 5622 3340 5682 M7.
