3822 6218
464 242 671 322 θ’θ’

1874 255 1931 310 S.
1972 251 2233 310 ΗΕΒΝΑΞ

3580 244 3694 299 ω

463 377 538 443 uti
577 368 929 429 conveniebat
977 370 1263 426 animabus
1318 384 1348 424 a
1402 367 1639 438 propriis
1691 364 2014 436 corporibus
2043 368 2089 425 Α
2118 364 2374 432 peccatis,
2404 371 2456 416 et
2491 359 2929 416 confessionibus
2961 359 3064 415 sibi
3095 358 3326 415 invicem
3372 357 3686 414 succeden-

461 465 749 536 separatis.
770 464 1040 519 Caeterum
1067 479 1173 518 non
1199 462 1349 516 solus
1380 460 1605 515 Hermas
1629 460 1771 514 hanc
1797 456 2011 527 opinio-

464 570 589 609 nem
622 553 903 623 amplexus
930 561 1042 618 est;
1074 567 1171 621 pro
1211 566 1275 605 ea
1308 550 1364 604 S.
1399 550 1648 605 Clemens
1690 544 2011 602 Alexandri-

460 662 566 703 nus
618 646 732 716 (51)
771 659 988 714 quoque
1019 644 1295 714 pugnavit,
1349 643 1441 711 qui
1495 639 1715 695 adducit
1756 640 1809 693 in
1850 636 2016 706 hujus

458 754 637 795 causa
669 737 1027 809 patrocinium
1070 744 1250 790 textus
1282 733 1444 803 paulo
1483 745 1649 801 supra
1672 728 2013 785 ‘recensitos.

458 829 613 897 Quod
639 844 767 884 vero
794 827 981 883 scribit
1016 824 1207 881 Pastor
1236 825 1301 879 de
1328 822 1707 893 pradicatione
1740 819 2017 889 apostolo-

457 934 579 973 rum
614 917 754 972 facta
776 916 1064 970 animabus
1082 914 1382 983 iustorum,
1408 912 1501 983 qui
1524 918 1650 966 ante
1678 908 2017 964 lncarnatio—

456 1027 578 1067 nem
617 1013 1003 1078 decesserunt,
1046 1008 1395 1064 vehementer
1436 1004 1647 1062 obtinet
1675 1002 1819 1074 apud
1870 1008 2018 1057 vete-

454 1119 542 1159 res
566 1103 702 1173 (52).

522 1194 693 1251 Valde
718 1196 964 1251 terribile
992 1202 1097 1260 est,
1125 1194 1270 1266 quod
1293 1192 1459 1249 tradit
1492 1191 1687 1248 Pastor
1724 1191 1868 1246 circa
1900 1205 2012 1260 pa-

455 1287 742 1342 nitentiam
778 1286 915 1356 (33).
940 1285 1183 1353 Domine,
1226 1285 1358 1341 dicit
1398 1285 1446 1340 ei
1493 1282 1739 1346 Hermas,
1763 1282 1942 1336 audivi
1982 1298 2015 1334 a

451 1378 765 1449 quibusdam
795 1378 1099 1431 doctoribus
1132 1376 1273 1446 quod
1308 1375 1421 1430 alia
1466 1375 1769 1446 pauitantia
1792 1389 1894 1427 non
1913 1380 2013 1437 est,

453 1471 559 1523 nisi
585 1469 705 1535 illa,
738 1485 860 1523 cum
903 1469 958 1523 in
1001 1484 1191 1539 aquam
1232 1467 1614 1534 descendimus,
1644 1476 1693 1521 et
1732 1467 2016 1536 accipimus

454 1562 814 1615 remissionem
835 1570 1165 1630 peccatorum
1190 1568 1525 1623 nostrorum;
1550 1558 1652 1621 ita,
1693 1569 1750 1611 ut
1791 1575 1883 1612 nos
1914 1574 2016 1611 non

449 1654 729 1709 debeamus
757 1652 982 1707 ulterius
1028 1668 1241 1721 peccare
1268 1654 1411 1722 (post
1438 1651 1802 1719 receptionem
1855 1650 2018 1720 hujus

2122 455 2288 511 tibus.
2315 452 2375 508 Si
2395 461 2509 523 post
2532 451 2909 522 paenitentiam,
2942 450 3123 520 inquit
3146 448 3235 502 ille
3258 488 3275 514 ,
3310 446 3530 501 subinde
3557 463 3688 515 pee-

2118 557 2218 611 cet,
2249 556 2300 600 et
2328 546 2681 614 panitentiam
2709 553 2851 614 agat,
2903 559 3007 597 non
3049 544 3281 611 proderit
3302 542 3497 595 homini
3550 540 3692 593 talia

2117 640 2329 709 agenti;
2356 638 2563 707 diﬂicile
2607 638 2747 691 enim
2779 637 2907 690 vivet
2930 635 3056 691 Deo.
3086 633 3391 690 Notandum
3431 634 3524 689 hic
3574 641 3685 695 est,

2117 731 2398 787 Pastorem
2418 730 2666 785 absolute
2687 744 2793 783 non
2814 741 3076 791 asserere,
3098 726 3371 780 hominem
3392 741 3500 779 non
3519 740 3691 794 posse

2116 823 2363 896 quolibet
2413 822 2537 876 vita
2585 836 2698 876 sua
2760 828 3003 887 tempore
3048 830 3232 869 veram
3299 814 3687 883 panitentiam

2120 930 2299 987 agere,
2325 924 2379 969 et
2402 914 2455 968 in
2485 910 2847 967 amaritudine
2881 908 3061 964 cordis
3104 907 3212 970 sui,
3264 914 3317 960 et
3340 906 3502 959 corde
3545 920 3687 958 con-

2118 1010 2251 1065 trito
2288 1016 2342 1063 et
2395 1007 2678 1061 humiliato
2714 1005 2782 1059 ad
2815 1004 2982 1057 Deum
3026 1016 3146 1057 sese
3181 1010 3523 1065 convertere;
3585 1000 3691 1053 sed

2117 1101 2297 1157 solum
2330 1098 2624 1153 maximam
2656 1096 2914 1166 pradicat
2938 1092 3302 1149 dillicultatem
3352 1089 3519 1159 hujus
3542 1104 3687 1144 con-

2116 1192 2384 1249 versionis
2399 1191 2452 1245 in
2476 1187 2873 1260 peccatoribus,
2899 1185 2966 1240 de
2993 1184 3193 1254 quibus
3224 1191 3306 1238 est
3335 1196 3515 1236 sermo
3536 1200 3551 1247 ;
3571 1181 3691 1249 dif-

2116 1287 2257 1356 ﬁcile
2302 1287 2430 1341 vivet
2457 1285 2585 1351 Deo,
2618 1283 2763 1353 quod
2812 1281 3096 1337 indubiam
3145 1287 3250 1334 est.
3299 1276 3536 1330 Phrases
3593 1274 3691 1329 his

2117 1378 2448 1442 simillimas,
2492 1377 2602 1430 imo
2654 1374 2959 1443 asperiores
3007 1371 3171 1425 etiam
3204 1367 3587 1424 adinvenimus
3624 1365 3686 1419 in

2116 1471 2388 1542 aliquibus
2411 1469 2531 1524 aliis
2563 1466 2819 1523 Ecclesia
2839 1464 3115 1529 Patribus,
3146 1469 3275 1532 puto
3300 1458 3440 1529 apud
3474 1456 3688 1512 S.Cle-

2117 1570 2355 1618 mentem
2383 1557 2838 1621 Alexandrinum,
2871 1555 2933 1609 D.
2958 1555 3311 1625 Cyprianum,
3351 1560 3406 1606 et
3444 1550 3505 1604 S.
3546 1550 3687 1601 Am-

2122 1654 2365 1712 brosium
2419 1653 2557 1723 (55),
2605 1652 2751 1722 quod
2781 1665 2914 1706 sane
2972 1657 3211 1704 veterum
3243 1647 3529 1701 horrorem
3578 1661 3684 1715 pro

452 1745 828 1813 sacramenti).
854 1743 969 1798 Hoc
990 1759 1167 1798 verum
1196 1745 1377 1814 utique
1400 1752 1499 1807 ωε.
1524 1742 1816 1811 respondet
1841 1742 1891 1797 εἰ
1915 1740 2015 1796 Ραι·
2047 1723 2090 1778 Β
2118 1746 2387 1818 frequenti
2441 1744 2655 1815 relapsu
2707 1741 2963 1798 ostendit.
3026 1738 3239 1795 Utinam
3295 1740 3497 1793 nostris
3526 1738 3687 1793 hisce

457 1846 575 1893 ator
595 1854 610 1891 :
629 1846 763 1892 recte
780 1836 1013 1901 audisti;
1041 1835 1132 1891 sed
1159 1844 1343 1905 postea
1374 1836 1423 1889 ei
1450 1834 1805 1899 demonstrat,
1836 1834 2016 1904 bapti-

454 1943 636 1984 smnm
663 1942 769 1983 non
794 1942 916 1982 esse
939 1925 1155 1996 proprie
1182 1926 1580 1997 pcenitentiam,
1613 1925 1707 1980 sed
1734 1926 2016 1981 remissio-

452 2034 602 2086 nem,
631 2030 688 2075 et
722 2020 1094 2090 paenitentiam
1134 2035 1243 2073 non
1293 2033 1432 2085 esse,
1484 2020 1586 2075 nisi
1640 2034 1742 2090 pro
1776 2018 1866 2084 iis,
1920 2019 2014 2088 qui

452 2120 744 2184 postquam
772 2112 947 2166 vocati
994 2118 1142 2173 sunt,
1180 2118 1235 2164 et
1263 2111 1404 2166 inter
1437 2111 1621 2166 tideles
1669 2109 1930 2179 cooptati,
1981 2124 2014 2164 a

450 2203 671 2259 diabolo
702 2204 893 2258 tentati
926 2212 1303 2273 peccaverunt.
1355 2201 1424 2256 Et
1460 2204 1578 2258 ideo
1602 2203 1720 2257 dico
1744 2202 1859 2269 tibi,
1884 2217 2012 2273 pro-

450 2296 699 2367 sequitur
740 2294 934 2352 Pastor
962 2296 1101 2367 (54),
1142 2300 1279 2365 quod
1329 2304 1445 2364 post
1491 2296 1813 2349 vocationem
1860 2295 2012 2351 illam

451 2402 716 2457 magnam,
765 2394 818 2440 et
841 2396 1100 2449 sanctam,
1146 2387 1191 2439 si
1217 2387 1332 2456 quis
1380 2395 1609 2441 tentatus
1642 2387 1802 2456 fuerit
1834 2404 1866 2440 a
1892 2388 2014 2441 dia—

449 2479 593 2543 bolo,
614 2488 667 2532 et
686 2477 996 2547 peccaverit,
1042 2494 1204 2531 unam
1232 2479 1592 2547 panitentiam
1625 2476 1813 2541 habet;
1835 2478 1883 2531 si
1910 2494 2011 2532 au-

451 2578 553 2624 tem
594 2569 812 2624 subinde
865 2578 1034 2636 peccet
1076 2576 1127 2621 et
1164 2567 1523 2637 paenitentiam
1564 2577 1711 2637 agat,
1740 2583 1842 2620 non
1889 2583 2013 2637 pro-

447 2659 586 2714 derit
628 2659 828 2713 homini
870 2657 1002 2712 talia
1025 2659 1229 2727 agenti:
1264 2657 1472 2726 difﬁcile
1502 2658 1644 2712 enim
1688 2658 1817 2712 vivet
1860 2656 2011 2724 Deo;

450 2765 563 2807 una
595 2751 763 2814 enim,
798 2750 874 2805 ait
897 2749 973 2803 illi
1005 2749 1299 2819 aliquando
1324 2749 1598 2819 superius,
1634 2750 1864 2805 bahetur
1888 2758 2010 2805 tan-

448 2844 733 2898 tummodo
784 2840 1101 2913 poenitentia
1143 2859 1242 2915 pro
1277 2845 1449 2899 servis
1482 2843 1608 2900 Dei:
1657 2843 1831 2899 Servis
1872 2848 2010 2900 enim

452 2932 546 2988 Dei
570 2934 878 3002 panitentia
908 2950 1015 2988 una
1039 2944 1137 2990 est.
1176 2933 1389 2989 Nullam
1419 2936 1787 2993 dilllcultatem
1827 2938 2012 3008 quoad

448 3024 644 3121 dogma
670 3026 724 3080 in
749 3026 834 3081 his
860 3026 1099 3081 textibus
1122 3026 1442 3095 adinvenio;
1474 3036 1530 3082 at
1564 3028 1779 3084 timoris
1816 3038 1871 3083 et
1898 3038 2006 3084 tre-
2036 3063 2077 3121 ο

432 3114 750 3184 ‘pidntionis
772 3124 1155 3186 argumentum
1189 3117 1314 3173 inde
1341 3128 1562 3174 sumant
1582 3128 1795 3190 oportet
1825 3120 1860 3173 ii
1888 3136 2010 3175 om-

448 3221 568 3273 nes,
595 3206 690 3277 qui
712 3208 783 3263 ob
817 3208 1127 3277 frequentes
1160 3210 1407 3280 relapsus
1436 3210 1593 3266 valde
1635 3211 1856 3265 dubiam
1888 3211 2011 3266 red-

447 3295 585 3350 dunt
617 3296 1012 3365 paenitentiam.
1048 3296 1169 3352 Dixi
1202 3300 1379 3369 primo
1404 3300 1545 3365 loco,
1598 3301 1804 3355 nullam
1834 3300 1888 3355 in
1923 3300 2010 3357 his

448 3386 683 3443 textibus
714 3387 901 3443 haberi
932 3389 1301 3445 diﬂicultatem
1329 3391 1508 3461 quoad
1536 3392 1767 3462 dogma;
1795 3393 1921 3462 quia
1952 3394 2007 3447 in

449 3487 724 3547 postremo
742 3494 933 3534 eorum
967 3495 1149 3536 sermo
1181 3489 1265 3537 est
1307 3482 1375 3536 de
1414 3482 1731 3552 poenitentia
1767 3483 2006 3552 publica,

449 3581 506 3625 ut
536 3570 685 3625 nullo
723 3572 941 3642 negotio
960 3574 1173 3627 eruitur
1203 3588 1271 3627 ex
1301 3588 1487 3637 causa,
1520 3576 1592 3628 ob
1616 3590 1781 3643 quam
1818 3573 2011 3629 Pastor

446 3662 595 3718 illam
626 3664 851 3733 phrasin
880 3665 1138 3731 adhibet;
1176 3667 1417 3735 loquitur
1453 3667 1597 3721 enim
1640 3667 1711 3721 ibi
1750 3667 1817 3722 de
1852 3666 2009 3722 adul-

449 3756 569 3809 terii
597 3755 849 3821 crimine,
873 3772 984 3825 quo
1006 3758 1205 3826 aliquis
1227 3772 1369 3828 sape
1393 3758 1800 3828 inquinaretur;
1826 3768 1876 3813 at
1904 3757 2007 3813 Ec-

445 3845 610 3901 clesia
646 3846 946 3901 mulctabat
982 3847 1115 3902 olim
1148 3848 1353 3901 crimen
1389 3849 1492 3903 hoc
1538 3849 1855 3917 pauitantia
1903 3864 2008 3919 pu-

444 3937 617 4001 blica,
656 3952 778 4007 qua
816 3953 1003 3993 revera
1046 3954 1149 3993 una
1182 3948 1395 3994 tantum
1429 3942 1545 3996 vice
1585 3940 2003 3996 concedebatur.

446 4028 634 4095 Quoad
656 4030 821 4085 alium
853 4045 981 4085 vero
1013 4038 1239 4097 textum,
1272 4032 1418 4087 nulla
1455 4046 1553 4087 nec
1593 4033 1647 4087 in
1714 4033 1834 4103 ipso
1871 4031 2008 4089 ditii-

445 4120 622 4177 cultas
661 4120 1026 4186 adinvenitur,
1065 4122 1279 4176 etiamsi
1306 4136 1494 4177 verum
1522 4131 1694 4190 esset,
1724 4122 2005 4179 Pastorem

446 4213 520 4268 ibi
552 4214 698 4283 loqui
743 4213 811 4268 de
838 4214 1155 4283 poenitentia
1198 4214 1551 4283 particulari;
1597 4231 1723 4271 nam
1750 4217 1796 4271 si
1822 4231 1910 4271 res
1940 4216 2007 4271 ad

444 4318 673 4358 examen
723 4303 967 4373 rigorose
1015 4312 1322 4369 revocetur,
1360 4311 1553 4358 auctor
1598 4304 1651 4359 id
1690 4306 1865 4359 solum
1898 4313 2008 4359 tra-

2118 1837 2475 1908 temporibus,
2507 1836 2602 1905 qui
2628 1834 2696 1889 ad
2720 1834 2771 1888 id
2803 1842 3078 1897 tenentur,
3100 1839 3351 1886 sanctum
3386 1830 3535 1883 hunc
3550 1830 3683 1883 hor-

2117 1945 2296 1984 rorem
2319 1928 2647 1984 Christianis
2667 1924 3002 1995 ingererent!
3038 1922 3244 1977 utinam
3274 1919 3685 1975 inconsiderata

2118 2021 2353 2078 facilitas
2400 2020 2812 2076 absolutionum
2868 2017 3211 2072 occasionem
3262 2030 3371 2070 non
3412 2015 3686 2084 praberet

2116 2113 2490 2185 peccatoribus
2520 2111 2733 2167 facilius
2762 2108 3079 2181 prolabendi
3111 2108 3164 2162 in
3195 2108 3442 2177 peccata!
3470 2106 3683 2161 Obser-

2115 2216 2205 2263 vat
2233 2215 2491 2277 praterea
2524 2203 2589 2259 V.
2612 2204 2675 2259 C.
2708 2202 3011 2260 Cetelerius
3037 2200 3152 2272 (36)
3198 2199 3342 2269 quod
3367 2198 3535 2268 primi
3577 2196 3684 2251 Pa—

2114 2310 2226 2356 tres
2252 2300 2382 2355 dum
2417 2313 2580 2353 unam
2608 2296 2933 2367 promittunt
2961 2294 3227 2348 duntaxat
3272 2291 3679 2361 penitentiam,

2114 2393 2168 2450 id
2199 2391 2518 2448 oeconomia
2544 2404 2709 2446 causa
2744 2386 3096 2456 scripserint;
3120 2393 3179 2437 ut
3206 2382 3465 2436 nimirum
3491 2380 3683 2435 ﬁdeles

2113 2500 2180 2540 eo
2206 2486 2381 2555 magis
2428 2482 2699 2539 eﬂcerent
2733 2488 2962 2544 cautos,
3011 2476 3295 2540 sollicitos,
3350 2472 3684 2527 innocentia

2113 2575 2458 2646 baptismatis
2497 2572 2778 2629 servanda
2803 2570 3081 2627 studiosos
3114 2589 3128 2624 :
3168 2567 3260 2621 ubi
3291 2577 3475 2621 autem
3516 2581 3684 2621 casus

2112 2665 2419 2730 emerserit,
2449 2662 2726 2733 expressis
2758 2659 2941 2715 verbis
2989 2658 3233 2712 iteratam
3289 2657 3453 2711 etiam
3498 2656 3683 2726 poeni—

2110 2758 2336 2813 tentiam
2369 2755 2840 2811 commendarunt.
2876 2750 3041 2807 Forte
3067 2751 3230 2804 etiam
3260 2757 3319 2802 ut
3344 2748 3584 2803 advertit
3612 2746 3681 2801 ἲ.

2109 2848 2173 2905 C.
2202 2848 2503 2905 Scholliner
2522 2845 2657 2916 (57),
2682 2844 2998 2914 paenitentia
3019 2841 3299 2907 solemnis,
3322 2849 3489 2910 atque
3516 2855 3684 2895 cano-

2111 2940 2257 3005 nica,
2284 2952 2351 2993 ex
2371 2936 2626 2993 Ecclesia
2663 2934 2861 2989 veteris
2886 2932 3195 3002 disciplina,
3237 2930 3407 2986 semel
3459 2938 3681 2984 tantum

2110 3030 2539 3095 concedebatur;
2590 3028 2798 3096 privata
2841 3032 3021 3079 autem
3050 3032 3106 3078 et
3143 3022 3565 3078 sacramentalis
3593 3031 3683 3075 ιο-

2110 3123 2213 3179 ties
2259 3122 2475 3193 quoties
2514 3128 2770 3190 peccator
2829 3117 2974 3173 serio
3014 3115 3299 3171 videbatur
3346 3114 3679 3184 dispositas.

2108 3216 2375 3272 Caterum
2393 3212 2619 3269 Hermas
2641 3210 3018 3266 remissionem
3047 3214 3395 3277 peccatorum
3424 3206 3681 3260 omnium

2107 3321 2204 3378 per
2233 3321 2417 3361 veram
2470 3304 2845 3373 panitentiam
2896 3308 3011 3355 toto
3055 3297 3169 3354 fere
3216 3312 3379 3367 opere
3409 3312 3517 3352 suo
3565 3306 3679 3351 tam

2108 3397 2275 3463 clare,
2292 3407 2346 3451 et
2366 3412 2433 3451 ex
2468 3396 2721 3449 instituto
2751 3392 3004 3447 docuisse
3039 3391 3256 3445 videtur
3286 3388 3401 3460 (38)
3433 3397 3497 3442 ut
3548 3403 3679 3443 eum

2108 3488 2475 3544 Tertullianus
2496 3495 2780 3557 propterea
2804 3483 3080 3538 Pastorem
3109 3482 3426 3536 moechorum
3455 3497 3561 3552 per
3585 3498 3681 3537 ca-

2108 3578 2373 3633 lumniam
2396 3577 2765 3648 appellaverit.

2160 3673 2365 3729 .Multis
2412 3687 2632 3743 quoque
2681 3672 2736 3726 in
2787 3670 2923 3726 locis
2971 3669 3129 3725 docet
3175 3666 3392 3735 Pastor,
3434 3668 3681 3724 dimissa

2108 3766 2265 3835 culpa
2298 3780 2640 3835 nequaquam
2663 3778 2729 3818 eo
2753 3763 2871 3833 ipso
2894 3762 3093 3818 dimitti
3120 3778 3151 3817 a
3180 3761 3288 3816 Deo
3310 3776 3535 3815 omnem
3560 3777 3684 3831 pm-

2108 3872 2235 3911 nam
2269 3875 2282 3909 :
2321 3856 2401 3911 sic
2431 3856 2575 3909 enim
2620 3854 2687 3909 de
2716 3854 3005 3909 laboriosis
3035 3851 3395 3923 poenitentia,
3443 3866 3549 3906 seu
3582 3868 3683 3907 sa-

2108 3946 2433 4003 tisfactionis
2464 3946 2740 4015 operibus,
2773 3955 2825 4000 et
2868 3946 3046 4015 panis
3091 3943 3485 4013 temporalibus
3536 3944 3685 3998 scri-

2107 4036 2187 4091 bit
2213 4034 2438 4092 Hermas
2468 4056 2481 4091 :
2515 4035 2741 4089 Rursum
2768 4035 3028 4106 progressi
3069 4050 3251 4087 sumus
3283 4033 3594 4103 paululum,
3626 4044 3686 4089 et

2106 4129 2333 4182 ostendit
2368 4129 2495 4182 mihi
2539 4138 2800 4196 pastorem
2844 4142 3112 4197 magnum,
3149 4134 3200 4180 et
3229 4126 3365 4180 velut
3407 4137 3685 4196 agrestem

2106 4219 2331 4289 ﬁgurant
2358 4219 2648 4284 habentem,
2680 4219 2927 4272 amictum
2959 4217 3089 4287 pelle
3132 4217 3255 4270 alba
3291 4218 3545 4285 caprina,
3588 4235 3685 4289 pe-

2105 4327 2222 4366 ram
2247 4320 2534 4381 gestantem
2562 4312 2615 4364 in
2639 4310 2874 4375 humero,
2899 4320 2948 4364 et
2982 4327 3139 4364 manu
3161 4311 3363 4380 virgam
3411 4311 3683 4365 nodosam

444 4395 575 4450 dere
598 4394 848 4460 intendit,
880 4392 1189 4463 frequentes
1214 4393 1421 4448 scilicet
1443 4395 1689 4465 relapsus
1714 4411 1835 4452 esse
1859 4398 2001 4454 haud
2031 4411 2079 4471 υ
2103 4414 2152 4459 ει
2183 4404 2333 4459 valde
2362 4403 2571 4468 duram,
2590 4412 2640 4457 ει
2667 4404 2935 4473 ﬂagellum
2968 4404 3023 4457 in
3058 4418 3249 4463 manu;
3273 4412 3556 4472 αορεεηιηι
3580 4420 3685 4457 αα-

443 4487 607 4543 dubia
635 4486 832 4541 indicia
848 4487 1109 4541 adversus
1131 4485 1321 4541 falsam
1344 4487 1754 4543 conversionem
1784 4488 1998 4545 illorum

446 4586 813 4651 peccatorum,
858 4590 1095 4647 quorum
1153 4586 1264 4632 tota
1308 4579 1417 4634 vita
1471 4578 1748 4636 continuis
1800 4581 2002 4638 texitur

516 4777 629 4847 ('51)
670 4776 788 4847 Lib.
818 4792 856 4831 ll
917 4775 1196 4841 Stromat.,
1225 4784 1285 4847 et
1302 4776 1395 4847 lib.
1429 4793 1506 4847 vi.

516 4845 628 4917 (δε)
669 4845 801 4901 Vide
842 4847 941 4902 hac
970 4862 1133 4917 super
1156 4862 1213 4902 re
1244 4845 1307 4900 V.
1337 4846 1397 4901 C.
1432 4846 1761 4903 Cotelerium
1794 4849 1849 4903 in
1881 4849 2001 4905 suis

447 4919 590 4973 notis
618 4918 669 4971 in
705 4919 846 4973 hunc
871 4918 1071 4973 locum.

517 4987 629 5057 (33)
670 4984 1082 5057 HermaPast..
1127 4986 1365 5041 mandat.
1402 5003 1474 5053 iv,
1509 4987 1634 5053 (2.5,
1680 4988 1822 5057 apud
1868 4987 1998 5045 Gal-

444 5057 616 5116 laml.,
648 5065 781 5125 tom.
823 5056 861 5120 I,
886 5072 1009 5125 pag.
1045 5056 1127 5109 7|.

512 5127 625 5201 (ξς)
662 5124 1095 5201 ζρὶάεῃιίοόρτ]
1111 5166 1124 5188 ,
1149 5126 1298 5201 apud
1321 5125 1590 5201 Galland.,
1608 5135 1654 5201 _t.
1678 5126 1726 5201 _l,
1750 5145 1872 5201 pag.
1897 5131 1983 5184 70.

2108 4503 2211 4548 tem
2236 4504 2454 4561 trucem,
2483 4506 2533 4548 et
2556 4510 2751 4548 saevum
2778 4493 3019 4557 habebat,
3054 4505 3108 4548 ut
3142 4502 3315 4563 posset
3346 4503 3557 4549 terrere
3581 4496 3684 4548 ali-

2103 4600 2269 4654 quos;
2300 4584 2424 4640 talis
2449 4594 2562 4639 erat
2590 4594 2827 4655 aspectus
2850 4584 2981 4649 eius.
3012 4583 3113 4639 Hic
3136 4600 3257 4655 ergo
3278 4585 3584 4655 accipiebat
3610 4585 3679 4638 ab

2111 4781 2687 4855 sedihacgdelictorum
2713 4783 2998 4847 leviorum,
3018 4784 3107 4855 illa
3149 4786 3489 4855 graviorum.

2200 4854 2290 4919 36)
2327 4852 2631 4908 Cotelerius
2657 4854 2710 4907 in
2736 4855 2881 4908 notis
2910 4855 2975 4907 ad
3000 4852 3349 4909 citatflocum
3392 4854 3638 4913 Hei-ma.

2198 4924 2289 4995 ξή
2329 4922 2387 4995 in
2414 4921 2559 4995 Hist.
2580 4923 2800 4993 theolog.
2838 4925 3023 4995 steculi
3052 4941 3089 4988 ι,
3116 4940 3238 4995 pag.
3278 4925 3368 4991 96,
3399 4942 3456 4979 η.
3503 4929 3598 4982 55.

2175 4992 2289 5065 (58)
2317 4992 2401 5065 Cf.
2433 4994 2699 5065 visionem
2742 4992 2824 5058 in,
2854 5008 2973 5065 _cap.
3013 4994 3064 5047 7.
3091 4992 3267 5049 Fuere
3300 4996 3404 5048 viri
3432 4998 3674 5065 quidam

2101 5062 2268 5129 docti,
2292 5063 2384 5134 qui
2413 5065 2553 5134 hunc
2585 5064 2763 5117 locum
2800 5063 2867 5117 ad
2894 5065 3268 5134 purgatorium
3300 5062 3673 5123 astruendum

2093 5131 2484 5202 produxerunt.
2506 5131 2634 5199 Sed,
2652 5134 2794 5201 quod
2820 5131 2947 5203 pace
2965 5131 3159 5188 horum
3182 5136 3427 5188 virorum
3452 5134 3672 5193 dictum

513 5197 625 5264 (55)
664 5196 986 5281 Cyprianus,
1018 5196 1110 5250 lib.
1131 5197 1211 5281 ρο
1243 5197 1554 5281 disciplz‘et
1598 5196 1785 5281 habitu
1824 5196 1992 5281 virgi-
2093 5196 2188 5269 Isit,
2219 5204 2601 5281 multlumhsane
2621 5196 2907 5281 falluntur.
2940 5203 3161 5281 Certum
3189 5205 3457 5281 siquidem
3488 5206 3677 5281 habeo

443 5283 588 5331 num,
610 5264 1087 5339 pag._ll_i2;_Clem.
1117 5268 1294 5332 Alex.,
1314 5268 1345 5339 l_.
1378 5264 1413 5321 ll
1438 5265 1667 5320 Strom.:
1703 5269 1841 5339 idem
1859 5264 1988 5339 legi-

442 5346 531 5389 tur
554 5333 693 5404 apud
714 5333 770 5405 ὃ.
791 5335 1157 5405 Ambrosium,
1188 5339 1219 5389 l.
1249 5353 1282 5390 ιι
1311 5336 1382 5389 De
1405 5340 1608 5405 panit..
1636 5353 1685 5393 c.
1708 5338 1799 5391 l0:
1835 5359 1853 5391 ι
1872 5333 1983 5393 Me-

2092 5271 2311 5346 cui_n_V.
2345 5274 2406 5328 C.
2434 5272 2740 5346 Cotelerio,
2789 5275 2898 5346 hic_
2919 5289 3026 5328 non
3058 5275 3143 5343 agi
3188 5271 3271 5346 de:
3295 5279 3630 5344 purgatorio
3656 5324 3675 5346 ,

2092 5342 2192 5426 sed
2204 5344 2276 5425 _de
2298 5344 2735 5426 poenitentia-ac
2759 5344 2934 5414 poenis
2958 5342 3381 5426 purgatrieibus,
3412 5342 3536 5401 sive
3583 5342 3675 5404 af;

443 5408 568 5495 fifth
599 5404 1333 5495 inquit:ﬂre_|tt‘flte‘llduntur,
1360 5404 1452 5495 qui
1494 5406 1691 5495 sapius
1723 5410 1985 5495 paniten-
2088 5404 2439 5495 dictionibus,
2468 5428 2605 5483 quas
2627 5404 2777 5469 'Deus'
2809 5404 3287 5495 “misericordia
3312 5404 3415 5468 sua
3444 5430 3671 5495 pecua-

445 5476 575 5529 tiam
598 5473 861 5543 agendam
892 5483 1082 5543 putant
1111 5516 1124 5528 .
1159 5516 1170 5527 .
1210 5516 1222 5528 .
1251 5516 1263 5529 .

1306 5478 1429 5546 quia
1483 5478 1624 5531 sicut
1677 5494 1863 5553 unum
1888 5479 1987 5553 ᾔει·
2088 5483 2293 5539 toribus
2330 5484 2383 5537 in
2416 5478 2659 5553 ipsorum
2703 5483 3136 5541 emendationem
3186 5485 3240 5539 in
3273 5485 3379 5541 hac
3408 5478 3524 5545 vita
3565 5489 3677 5545 im-

447 5546 662 5617 ptisma,
717 5543 789 5596 ita
856 5559 961 5617 una
1002 5543 1339 5617 pauitantia,
1383 5563 1503 5617 qua
1556 5558 1733 5602 tamen
1777 5550 1991 5617 publice
2088 5554 2302 5609 mittere
2330 5543 2491 5611 sole‘t.

445 5615 643 5682 agitur,
666 5627 792 5667 nam
815 5615 1112 5681 quotidiani
1149 5633 1247 5672 nos
1272 5615 1426 5671 debet
1453 5618 1711 5677 Dmnitere
1746 5615 1987 5687 occcati;
