3822 6218
183 386 276 441 881

1396 390 1752 445 PASTOR.—
1797 389 2154 451 ΡΒΟα-ΞΜΙΔ.

3263 404 3387 459 δερ

183 499 273 554 i'rlo
305 499 492 568 juvene
532 512 740 569 pastore
786 520 845 557 ea
873 518 1077 570 pecora,
1109 519 1225 569 qua
1262 503 1478 558 delicias
1519 503 1728 574 quidem
1755 506 1802 563 Α
1831 523 1928 576 que
1973 519 2062 563 tuo
2089 511 2201 565 loco
2233 516 2523 568 restitueris
2561 531 2578 567 :
2610 517 2968 569 tantummodo
3002 519 3054 569 in
3080 519 3376 576 humilitate

183 593 418 661 agebant,
470 609 558 646 sea
591 610 693 646 non
739 595 1108 659 exsultabant;
1137 605 1186 648 et
1217 595 1554 663 compellebat
1585 613 1645 648 ea
1673 597 1729 649 in

177 685 493 752 praecipitem
525 684 694 738 locum
720 687 996 756 quemdam
1022 703 1083 739 ac
1106 687 1394 756 spinosum,
1421 685 1729 756 tribulisque

179 776 486 844 confertum,
521 794 681 846 usque
726 778 876 843 adeo,
931 788 988 830 ut
1018 780 1080 831 de
1111 779 1296 847 spinis,
1328 789 1378 832 et
1428 779 1637 831 tribulis
1675 795 1728 832 se

179 884 274 920 non
299 877 506 936 possent
530 869 817 936 explicare;
847 869 935 922 sed
975 869 1232 938 implicita
1262 870 1335 923 ibi
1379 868 1730 938 pascebantur

177 959 358 1025 spinis,
387 967 436 1011 et
469 959 676 1011 tribulis
703 975 720 1011 :
749 969 797 1012 et
831 975 1008 1028 graves
1038 960 1302 1012 cruciatus
1330 957 1730 1026 experiebantur

176 1064 236 1100 e1:
260 1048 423 1101 verbis
448 1049 600 1117 ejus;
632 1049 814 1119 agebat
840 1051 976 1102 enim
1005 1066 1085 1117 ea,
1113 1059 1163 1103 et
1193 1066 1282 1104 nec
1313 1048 1632 1102 consistendi
1652 1047 1725 1100 eis

176 1140 339 1194 locant
362 1151 701 1212 antetempus
723 1141 1124 1212 permittebat...
1151 1141 1274 1209 Hic,
1305 1143 1497 1212 inquit,
1522 1152 1723 1211 pastor,

174 1248 262 1300 pro
281 1233 443 1301 justis
470 1233 679 1303 quidem
704 1234 917 1286 nuntius
944 1243 1041 1297 est,
1073 1233 1162 1286 sed
1189 1233 1498 1302 prwpositus
1523 1249 1685 1301 poema
1705 1249 1724 1285 :

182 1322 310 1376 Huic
355 1341 474 1393 ergo
509 1326 813 1389 traduntur,
860 1327 950 1395 qui
998 1342 1028 1378 a
1065 1324 1169 1378 Deo
1200 1329 1592 1390 aberraverunt,
1635 1323 1724 1377 sed

175 1416 452 1468 servierunt
503 1415 781 1470 desideriis
814 1433 875 1470 ac
921 1416 1275 1486 voluptatibus
1318 1417 1499 1471 διεσαιί
1547 1417 1722 1485 hujus.

174 1504 329 1558 Punit
358 1523 480 1574 erqo
503 1524 609 1572 eos,
639 1510 774 1561 sicut
807 1509 994 1562 meruit
1024 1509 1377 1578 unusquisque
1406 1524 1608 1574 eorum,
1629 1525 1722 1562 ste-

173 1599 244 1650 vis
291 1599 551 1667 variisque
580 1603 812 1668 poenis...
863 1603 1025 1655 varia:
1059 1618 1221 1670 poena:
1257 1611 1413 1671 atque
1467 1610 1726 1656 tormenta

173 1691 275 1744 haec
303 1702 443 1757 sunt,
476 1709 595 1762 qua:
639 1695 872 1746 homines
902 1693 1133 1762 quotidie
1163 1693 1218 1744 in
1246 1709 1342 1745 sua
1391 1693 1498 1746 vita
1525 1693 1728 1761 patien-

174 1791 295 1846 tur;
333 1783 427 1836 alii
469 1784 607 1836 enim
639 1785 951 1838 detrimenta
995 1784 1290 1852 patiuntur,
1330 1783 1425 1836 alii
1469 1783 1721 1852 inopiam,

1829 603 1992 656 animi
2013 621 2277 672 persevera
2304 608 2440 679 (Μ).

1903 695 2114 751 Utinam
2141 699 2253 753 haec
2281 701 2612 769 perpendam
2640 717 2746 756 non
2777 712 3133 772 protestantes
3175 704 3383 773 solum,

1828 790 1918 856 qui
1950 805 2109 857 opera
2140 789 2502 845 satisl‘actoria
2533 793 2846 862 explodunt,
2871 793 2963 848 sed
2987 804 3040 849 et
3064 795 3377 850 clementis-

1828 880 1950 934 simi
1986 880 2058 932 illi
2092 881 2433 944 conl‘cssarii,
2467 883 2559 951 qui
2607 898 2703 952 pro
2745 886 2980 954 peccatis
3038 884 3377 956 gravissimis

1827 973 1987 1034 atque
2028 969 2320 1036 diuturnis,
2366 971 2672 1027 levissimas
2710 974 2966 1044 nullaque
3011 976 3219 1029 ratione
3247 989 3377 1045 pro-

1826 1057 2159 1125 portionatas
2197 1062 2485 1132 injungunt
2513 1063 2872 1132 pmnitentias,
2902 1074 2954 1120 et
2986 1066 3086 1121 hac
3111 1081 3209 1121 sua
3249 1065 3380 1121 leni-

1827 1156 1936 1202 tate
1966 1151 2327 1207 crudelissimi
2373 1163 2530 1220 sunt;
2566 1172 2686 1209 cum
2720 1165 2871 1211 tanto
2901 1158 3177 1214 acerbiora
3207 1158 3260 1213 in
3292 1157 3375 1212 al-

1827 1249 1939 1294 tera
1966 1241 2074 1295 vita
2102 1243 2222 1298 istis
2247 1245 2481 1300 molliter
2506 1247 2891 1314 paenitentibus
2916 1247 3230 1317 perferenda
3266 1249 3380 1303 sint

1827 1334 2109 1402 supplicia,
2143 1351 2262 1404 quae
2290 1337 2448 1407 longe
2494 1337 2737 1393 faciliore
2770 1340 3182 1409 (comparative)
3213 1339 3375 1394 satis-

1826 1425 2059 1480 factione
2087 1427 2174 1481 hic
2202 1428 2465 1483 redimere
2494 1431 2829 1498 potuissent;
2860 1432 2903 1485 si
2932 1431 3075 1486 enim
3107 1445 3206 1486 nos
3229 1432 3378 1500 ipsos

1825 1518 1914 1571 hic
1940 1518 2332 1586 judicaremus,
2362 1535 2469 1574 non
2495 1521 2680 1589 utique
2706 1520 3079 1590 judicaremur
3109 1521 3204 1576 ibi.

1892 1605 2316 1664 Praeeminentiae
2338 1610 2716 1679 episcoporum
2759 1626 2866 1664 non
2899 1611 3190 1666 obscurum
3223 1611 3378 1667 testi-

1824 1699 2064 1753 monium
2108 1701 2345 1756 occurrit
2397 1703 2448 1756 in
2500 1701 2708 1757 Hei-mre
2764 1709 2996 1763 Pastore.
3056 1704 3133 1758 De
3174 1703 3376 1758 decimo

1824 1806 1941 1845 vero
1968 1801 2156 1858 monte,
2183 1793 2356 1863 inquit
2386 1794 2422 1847 l.
2448 1810 2529 1858 ιιι,
2556 1795 2716 1849 simil.
2738 1811 2812 1857 lx,
2837 1810 2957 1863 cap.
2983 1795 3073 1858 27,
3097 1795 3150 1848 in
3168 1810 3268 1865 quo
3289 1810 3378 1848 ar-

171 1877 262 1930 alti
287 1877 522 1930 diversas
547 1877 900 1940 acrimonias;
928 1875 1026 1929 alii
1048 1876 1274 1944 injurias
1296 1874 1358 1928 ab
1383 1875 1612 1945 indignis
1635 1890 1719 1943 pa-

1828 1882 1970 1936 bores
1995 1894 2140 1937 erant
2172 1894 2392 1955 tegentes
2414 1901 2620 1954 pecora,
2649 1885 2776 1939 tales
2799 1888 3022 1956 suntqui
3047 1886 3377 1940 crediderunt

174 1969 349 2022 tientes
368 2009 382 2034 ,
421 1967 692 2038 multaque
719 1967 829 2021 alia
854 1968 1103 2021 exercitia
1127 1977 1176 2021 et
1205 1967 1554 2020 incommoda.
1591 1965 1723 2018 Plu-

171 2059 287 2111 rimi
332 2060 470 2112 enim
499 2060 820 2112 inconstanti
848 2060 1068 2112 consilio
1110 2058 1275 2110 multa
1318 2065 1593 2120 conantur,
1631 2073 1722 2109 nec

167 2149 444 2220 quidquam
476 2151 722 2204 conducit
744 2152 838 2214 eis,
866 2160 914 2204 et
931 2151 1135 2216 dicunt,
1158 2150 1212 2203 in
1237 2148 1441 2202 actibus
1467 2148 1577 2202 suis
1602 2164 1724 2201 suc-

169 2257 360 2295 cessum
383 2259 436 2295 se
462 2259 568 2295 non
598 2242 815 2306 habere;
843 2250 1158 2295 succurrunt
1188 2241 1262 2294 eis
1289 2256 1371 2304 ea,
1401 2255 1516 2310 qua:
1544 2239 1721 2308 nequi-

168 2342 242 2388 ter
268 2333 518 2402 fecerunt,
550 2345 599 2387 et
630 2333 899 2387 dominum
925 2342 1233 2387 causantur.
1263 2331 1396 2386 Cum
1422 2331 1586 2400 igitur
1605 2347 1722 2398 per-

166 2426 294 2491 pessi
330 2424 527 2492 fuerint
567 2441 769 2479 omnem
797 2425 1144 2485 vexationem,
1171 2431 1221 2476 et
1247 2438 1397 2476 omne
1436 2423 1721 2475 incommo-

167 2516 321 2580 dum;
359 2525 482 2570 tunc
516 2519 802 2570 traduntur
828 2517 956 2570 mihi
979 2517 1047 2570 ad
1072 2517 1262 2569 bonam
1288 2515 1717 2576 admonitionem,

166 2618 210 2660 et
239 2610 520 2676 ﬁrmantur
545 2611 597 2662 in
625 2610 729 2678 ﬁde
761 2607 997 2675 Domini,
1027 2616 1078 2662 et
1100 2623 1193 2676 per
1226 2606 1451 2676 reliquos
1478 2606 1589 2660 dies
1618 2620 1722 2658 ser-

167 2700 302 2752 viunt
345 2700 573 2753 Domino
602 2707 770 2753 mente
805 2716 961 2769 pura,
999 2706 1047 2752 et
1078 2714 1195 2751 cum
1224 2697 1470 2767 coeperint
1496 2696 1718 2750 delicto-

168 2809 276 2846 rum
307 2810 455 2863 agere
481 2793 860 2862 pozntientiam,
887 2801 1010 2845 tunc
1039 2791 1329 2844 ascendunt
1355 2790 1410 2842 in
1427 2788 1719 2858 prtecordia

167 2901 334 2938 eorum
361 2901 518 2954 opera
551 2902 671 2950 sua,
702 2885 758 2937 in
787 2884 971 2953 quibus
1003 2900 1057 2937 se
1083 2884 1316 2953 nequiter
1355 2889 1716 2947 exercuerunt,

169 2986 212 3030 et
236 2986 354 3030 tunc
391 2978 528 3030 dant
567 2978 673 3030 Deo
702 2977 967 3042 honorem,
1004 2976 1232 3028 dicentes
1263 2975 1470 3044 justum
1487 2973 1718 3041 judicent

166 3083 268 3122 esse
307 3086 443 3136 eum,
504 3069 787 3139 meritoque
817 3083 872 3122 se
901 3083 1190 3137 perpessos,
1241 3065 1525 3119 secundum
1573 3064 1720 3134 facta

168 3177 277 3224 sua,
306 3170 411 3216 etc.
445 3162 584 3231 (59).

230 3255 301 3311 De
349 3257 732 3313 amictionibus
779 3265 957 3312 autem
1009 3269 1133 3310 cum
1186 3261 1379 3323 sponte
1425 3251 1713 3322 susceptis,

167 3356 272 3403 tum
302 3365 330 3403 a
361 3351 653 3420 praeposito
697 3349 1033 3420 poenitentiae
1077 3347 1367 3418 impositis,
1408 3346 1482 3400 ita
1521 3345 1716 3400 scribit

169 3441 302 3496 idem
347 3442 578 3496 Hermas
615 3442 768 3513 (40):
818 3440 961 3507 Scio,
997 3440 1192 3509 inquit,
1240 3440 1367 3492 tutis
1413 3437 1717 3507 praecordiis

167 3548 246 3586 eos
285 3551 430 3603 agere
457 3535 844 3602 paenitentiam.
877 3531 1130 3603 Nunquid
1170 3547 1314 3601 ergo,
1353 3531 1446 3596 ait,
1476 3531 1716 3600 protinus

168 3635 310 3693 putas
332 3627 531 3680 aboleri
558 3627 751 3679 delicta
780 3641 981 3687 eorum,
1010 3626 1099 3695 qui
1130 3634 1289 3694 agunt
1317 3624 1720 3692 pmnitentiam?

171 3710 283 3767 Non
309 3715 524 3784 proinde
549 3717 794 3769 continuo
813 3731 831 3767 :
857 3715 946 3768 sed
973 3723 1172 3783 oportet
1204 3730 1321 3767 eum
1351 3714 1443 3784 qui
1472 3715 1580 3783 agit
1606 3729 1716 3784 pm-

168 3809 451 3876 nitentiam,
479 3810 704 3879 afﬂigere
733 3810 962 3861 animam
993 3824 1163 3873 suam,
1191 3817 1241 3861 et
1267 3807 1514 3861 humilem
1542 3811 1718 3862 animo

169 3918 218 3956 se
237 3912 484 3972 prtcstare
511 3904 566 3956 in
589 3903 729 3955 ontni
758 3902 980 3971 negotio,
1011 3911 1058 3954 et
1083 3901 1378 3954 vexationes
1407 3900 1606 3954 multas
1629 3917 1720 3954 va-

169 3996 365 4067 riasque
412 3996 664 4066 perferre.
721 3994 952 4065 Cumque
998 4010 1268 4064 perpessus
1306 3996 1467 4064 fuerit
1519 3996 1716 4063 omnia,

169 4105 278 4158 qua:
320 4090 401 4144 illi
448 4089 695 4145 instituta
746 4089 977 4156 fuerunt,
1026 4096 1146 4142 tunc
1194 4089 1440 4158 forsitan,
1482 4089 1570 4158 qui
1603 4104 1720 4142 eum

170 4181 374 4248 creavit,
401 4190 450 4236 et
479 4181 569 4250 qui
600 4179 847 4249 formavit
871 4179 1136 4241 universa,
1167 4177 1576 4232 commovebitur
1596 4194 1721 4247 erga

168 4285 279 4324 eum
306 4272 582 4345 clementia
607 4288 724 4338 sua,
759 4279 808 4324 et
835 4269 1049 4341 aliquod
1091 4271 1378 4323 remedium
1407 4268 1592 4334 dabit;
1630 4270 1720 4322 id-

169 4379 258 4432 que
282 4364 378 4428 ita,
407 4367 453 4418 si
481 4363 668 4418 viderit
716 4363 826 4432 ejus
853 4364 942 4433 qui
978 4363 1335 4431 paenitentiam
1360 4362 1470 4432 agit
1508 4377 1598 4415 cor
1618 4377 1718 4431 pu-

171 4472 279 4508 rum
301 4473 408 4511 esse
439 4457 503 4510 ab
534 4457 674 4510 omni
702 4472 852 4525 opere
879 4456 1261 4525 nequissimo...
1287 4463 1335 4507 et
1364 4452 1558 4524 rogabo
1585 4469 1721 4506 nun-

1822 1975 2038 2044 quidam
2093 1977 2337 2046 episcopi,
2372 1977 2428 2029 id
2475 1986 2551 2031 est
2594 1978 2841 2046 praesides
2887 1976 3264 2031 Ecclesiarum.
3313 1976 3380 2032 Et

1823 2067 1946 2119 alibi
1975 2067 2085 2136 jam
2119 2068 2408 2135 scripserat
2438 2067 2509 2139 (Ι.
2545 2085 2627 2134 ιιι,
2660 2069 2824 2123 simil.
2859 2086 2944 2134 Ix,
2979 2083 3026 2123 c.
3056 2070 3108 2134 9,
3139 2070 3289 2134 vide,
3324 2079 3378 2124 et

1822 2157 2086 2212 visionem
2113 2175 2170 2212 ιιι
2212 2157 2463 2229 Hermae).
2511 2158 2666 2213 Nunc
2716 2161 2894 2230 itaque
2939 2161 3078 2214 vobis
3101 2161 3240 2223 dico,
3287 2160 3378 2229 qui

1820 2251 2052 2319 prwestis
2107 2249 2356 2305 Ecclesia:
2402 2260 2450 2304 et
2501 2251 2693 2304 amatis
2739 2251 2934 2318 primos
2961 2266 3247 2304 consessus.
3298 2251 3378 2305 Ex

1820 2340 2020 2410 quibus
2049 2341 2279 2406 eruitur,
2316 2340 2486 2395 fuisse
2517 2349 2645 2395 tunc
2680 2341 2885 2409 primas
2910 2341 3222 2406 cathedras,
3254 2338 3379 2408 qui—

1819 2431 1922 2485 bus
1953 2431 2242 2501 singularis
2274 2431 2468 2496 honor,
2502 2439 2852 2500 potestasque
2877 2431 3167 2500 conjuncta
3198 2440 3369 2495 esset,

1819 2537 2065 2592 quasque
2100 2523 2318 2591 superbi
2341 2531 2396 2577 et
2422 2523 2699 2576 ambitiosi
2747 2522 2992 2578 homines
3025 2523 3378 2594 concupisce-

1820 2621 1961 2667 rent.

1892 2702 2050 2758 Circa
2085 2702 2491 2757 matrimonium
2521 2703 2678 2758 docet
2707 2701 2884 2770 primo
2910 2702 3159 2770 Hermas,
3183 2701 3376 2759 matri-

1821 2795 1990 2849 monii
2058 2795 2334 2848 vinculum
2385 2807 2608 2865 propter
2661 2794 2987 2849 adulterium
3062 2796 3376 2852 alterutrius

1819 2888 2107 2958 conjugum
2137 2887 2280 2942 haud
2310 2888 2552 2942 dissolvi.
2586 2888 2737 2954 Quod
2760 2890 2805 2942 si
2831 2889 3090 2943 dimiserit
3113 2888 3238 2959 (vir)
3263 2905 3379 2942 mu-

1819 2982 1999 3034 lierem
2055 2995 2205 3033 suam
2245 2989 2295 3034 et
2332 2979 2494 3033 aliam
2534 2982 2764 3049 duxerit,
2801 2992 2850 3036 et
2879 2984 2987 3052 ipe
3022 2981 3372 3036 moechatur...

1820 3089 1942 3143 ergo
1974 3089 2076 3126 non
2097 3072 2241 3126 debet
2265 3072 2486 3126 dimissa
2509 3074 2725 3144 conjuge
2757 3090 2852 3128 sua
2882 3075 2960 3128 vir
2980 3073 3144 3127 aliam
3166 3073 3374 3130 ducere.

1744 3175 1786 3232 ο
1824 3164 1926 3216 Hic
1958 3173 2105 3217 actus
2144 3164 2333 3217 similis
2352 3173 2428 3218 est
2453 3177 2500 3219 et
2525 3166 2579 3218 in
2608 3166 2716 3220 viro
2739 3174 2788 3220 et
2814 3167 2868 3220 in
2891 3165 3128 3233 muliere,
3167 3165 3244 3221 ait
3265 3163 3370 3221 Pa-

1822 3267 1935 3313 stor
1971 3259 2105 3328 (42).

1888 3348 2020 3404 Dein
2050 3349 2290 3417 exponit,
2328 3349 2600 3418 quomodo
2629 3363 2688 3403 se
2712 3364 2900 3419 gerere
2923 3351 3118 3405 debeat
3144 3352 3374 3410 maritus

1820 3457 1945 3512 erga
1988 3454 2212 3495 uxorem
2259 3439 2581 3494 adulteram.
2613 3438 2866 3510 Praecipit
2911 3441 3107 3495 marito
3150 3457 3373 3512 separa-

1821 3536 2020 3588 tionem
2054 3533 2122 3586 ab
2151 3548 2320 3587 uxore
2360 3547 2460 3587 sua
2489 3533 2733 3588 adultera
2777 3535 2979 3605 (quoad
3065 3544 3238 3591 torum
3275 3551 3374 3592 seu

1821 3623 2322 3694 cohabitationem),
2343 3637 2502 3678 secus
2520 3639 2647 3679 reus
2671 3623 2759 3679 ille
2780 3626 2988 3694 peccati
3012 3625 3151 3695 ejus,
3174 3634 3229 3679 et
3247 3641 3373 3694 par-

1819 3723 1989 3788 ticeps
2038 3716 2420 3774 mmchationis
2467 3719 2608 3789 ejus.
2642 3717 2700 3773 Si
2746 3733 2874 3773 vero
2916 3718 3113 3774 mulier
3144 3719 3372 3774 dimissa

1820 3813 2193 3885 pmnitentiam
2223 3811 2410 3884 egerit,
2443 3819 2498 3867 et
2519 3811 2750 3866 voluerit
2777 3812 2844 3866 ad
2874 3810 3050 3866 virum
3097 3825 3258 3867 suum
3286 3825 3374 3865 re-

1818 3907 1976 3973 verti,
2018 3904 2211 3960 Pastor
2246 3903 2467 3960 mandat
2495 3903 2713 3970 marito,
2746 3911 2807 3958 ut
2835 3919 2954 3959 eam
2995 3903 3255 3973 recipiat;
3281 3915 3372 3958 se~

1820 4015 1916 4053 cus
1961 4004 2243 4067 peccatum
2287 4008 2542 4065 magnum
2590 3994 2841 4049 admittit.
2890 3993 3047 4060 Quod
3094 3994 3141 4051 si
3180 3993 3375 4047 mulier

1818 4098 1942 4161 post
1968 4087 2341 4158 paenitentiam
2373 4087 2428 4142 in
2459 4087 2646 4142 eadem
2686 4095 2907 4156 peccata
2950 4085 3293 4155 prolabatur,
3319 4083 3375 4138 in

1821 4183 1994 4250 iisque
2025 4186 2352 4250 perseveret,
2383 4185 2437 4232 et
2467 4178 2839 4247 pmnitentiam
2870 4193 2978 4231 non
3022 4185 3174 4246 agat,
3216 4175 3376 4230 debet

1821 4269 2066 4323 absolute
2095 4267 2346 4322 recedere
2370 4266 2604 4321 maritus
2633 4267 2703 4320 ab
2735 4267 2849 4334 illa,
2902 4282 2970 4321 ne
2999 4266 3268 4336 particeps
3305 4266 3379 4330 sit

1819 4361 1937 4431 ejus
1967 4360 2193 4430 peccati.
2238 4359 2337 4414 Hic
2358 4375 2539 4427 casus,
2572 4359 2729 4429 juxta
2770 4359 3012 4414 Pastoris
3045 4357 3372 4424 doctrinam,

1823 4453 2045 4522 respicit
2095 4453 2270 4506 virum
2327 4452 2631 4507 adulterum
2714 4459 2768 4505 et
2825 4452 3104 4506 mulierem
3168 4450 3377 4506 adulte-

173 4549 293 4600 tium
319 4549 495 4616 illum,
521 4549 611 4620 qui
639 4519 964 4619 praipositus
979 4557 1056 4601 est
1081 4563 1265 4616 pinnae,
1291 4557 1349 4600 ut
1373 4519 1534 4601 levius
1569 4555 1614 4599 te
1635 4547 1720 4614 af-
1750 4519 1796 4574 D
1828 4519 1941 4597 ram
1975 4543 2107 4614 (45).
2140 4542 2311 4598 Hasce
2340 4543 2554 4613 regulas
2582 4557 2793 4612 semper
2819 4542 3183 4598 observandas
3209 4542 3379 4597 edixit

170 4637 357 4710 fligat;
388 4640 477 4696 sed
506 4640 693 4709 exiguo
726 4646 952 4708 tempore
993 4639 1212 4707 patieris
1238 4638 1478 4704 adversa,
1508 4638 1720 4692 iterum-

262 4978 350 5049 39)
380 4977 533 5035 Past.
565 4977 774 5045 Herm.,
799 4980 838 5034 ι.
866 4995 948 5043 ιιι,
980 4978 1103 5035 sim.
1127 4994 1202 5045 vr,
1225 4993 1343 5049 cap.
1366 4977 1402 5032 2
1423 4988 1476 5033 et
1499 4979 1553 5034 5.

262 5048 349 5116 40)
379 5049 510 5105 Loc.
538 5051 657 5116 cit.,
693 5051 819 5104 sim.
850 5066 946 5105 vn.

267 5120 353 5191 41)
382 5120 517 5191 Vide
543 5121 826 5176 similitud.
855 5136 932 5186 Ix,
963 5137 1082 5191 cap.
1115 5120 1168 5175 6.

267 5131 353 5189 41)
388 5131 517 5176 Vide
543 5131 826 5176 Similitud.
855 5136 932 5186 ιχ,
963 5137 1082 5191 cap.
1115 5131 1156 5174 δ.

243 5131 352 5326 ΞΕ)
381 5189 546 5257 Idem,
576 5191 814 5245 mandat.
847 5206 918 5246 ιν.
951 5207 1071 5271 cap,
1104 5191 1156 5244 l.

267 5261 354 5326 45)
387 5262 460 5314 En
506 5261 773 5326 integrum
822 5270 1026 5315 textum
1057 5262 1156 5326 Ipsi

267 5256 354 5330 45)
387 5262 460 5314 En
506 5256 773 5330 integrum
822 5256 1035 5315 textum
1057 5262 1228 5330 ipsius
1267 5259 1508 5316 Pastoris
1548 5276 1562 5312 :
1607 5256 1714 5310 Do-

180 5330 330 5400 mine,
357 5331 401 5384 si
426 5331 539 5400 quis
573 5331 809 5385 habuerit
841 5346 1054 5385 uxorem
1082 5330 1284 5399 ﬁdelem
1315 5333 1368 5384 in
1393 5330 1638 5393 Domino,
1665 5335 1715 5400 et

181 5397 308 5452 hanc
337 5397 582 5454 invenerit
617 5403 670 5452 in
715 5400 997 5465 adulterio,
1045 5397 1279 5470 nunquid
1319 5409 1494 5470 peccat
1525 5400 1636 5462 vir,
1667 5398 1713 5470 si

179 5471 405 5523 convivat
448 5487 564 5524 cum
593 5470 727 5523 illa?
770 5470 837 5523 Et
869 5470 1004 5524 dixit
1053 5468 1227 5528 mihi:
1275 5468 1523 5535 Q'uandiu
1552 5468 1716 5521 nescit

183 5550 438 5609 peccatum
465 5540 593 5609 ejus,
633 5541 746 5594 sine
782 5542 997 5594 crimine
1025 5551 1100 5593 est
1131 5541 1210 5594 vir
1241 5542 1409 5595 vivens
1442 5555 1559 5609 cum
1579 5537 1711 5609 illa.

181 5606 240 5660 Si
304 5606 495 5663 autem’
536 5611 709 5664 scierit
771 5613 850 5664 vir
913 5627 1127 5665 uxorem
1183 5627 1334 5663 suam
1391 5608 1711 5676 deliquisse,

179 5687 229 5750 et
282 5694 381 5750 non
428 5682 586 5749 egerit
637 5682 995 5750 paenitentiam
1064 5679 1282 5745 mulier,
1320 5690 1396 5750 et
1448 5684 1713 5750 permanet

183 5749 234 5800 in
268 5748 597 5805 fornicatione
633 5748 750 5815 sua,
800 5761 849 5805 et
893 5750 1112 5804 convicit
1149 5766 1268 5804 cum
1312 5748 1410 5802 illa
1444 5748 1557 5812 vir,
1596 5761 1713 5798 reus

179 5819 278 5868 crit
328 5824 519 5888 peccati
565 5820 709 5891 ejus,
763 5831 811 5876 ct
856 5822 1114 5891 particeps
1167 5817 1521 5874 mtechationis
1575 5817 1709 5885 ejus.

1826 4635 2091 4702 Ecclesia,
2139 4643 2323 4704 utpote
2362 4634 2461 4689 SS.
2506 4632 2910 4704 Scripturarum
2965 4649 3029 4689 ac
3071 4633 3377 4690 traditionis

1830 4977 1899 5030 Et
1926 4977 2040 5030 dixi
2071 4975 2154 5029 illi
2182 4991 2199 5029 :
2233 4975 2372 5040 Quid
2401 4989 2521 5043 ergo
2561 4973 2607 5025 si
2637 4970 2980 5043 permanserit
3019 4971 3077 5022 in
3117 4970 3245 5043 vitio
3281 4985 3374 5024 suo

1827 5047 2057 5102 mulier?
2087 5045 2154 5098 Et
2179 5039 2313 5099 dicit
2353 5061 2370 5097 :
2401 5039 2650 5097 Dimittat
2681 5041 2828 5094 illam
2858 5039 2971 5104 vir;
3001 5049 3050 5092 et
3092 5041 3172 5093 vir
3197 5056 3289 5109 per
3321 5056 3376 5094 se

1826 5127 2055 5170 maneat.
2108 5115 2259 5180 Quod
2285 5117 2330 5167 si
2359 5111 2912 5180 dimiseritmulierem
2940 5126 3094 5180 suam
3119 5121 3168 5163 et
3210 5109 3376 5162 aliam

1825 5187 2056 5251 duxerit,
2084 5179 2136 5240 et
2152 5187 2260 5254 ipse
2287 5184 2590 5237 moechatur.
2619 5179 2830 5254 Et‘diasi
2853 5179 2937 5254 illi
2962 5195 2979 5232 :
3011 5179 3379 5254 Quid_si_mu-

1824 5257 1921 5310 lier
1944 5250 2181 5310 dimissa
2192 5254 2558 5332 paenitentiam
2571 5252 2753 5332 egerit,
2781 5259 2829 5303 et
2855 5250 3089 5332 voluerit“
3101 5250 3170 5332 ad
3207 5250 3376 5332 virum

1823 5343 1977 5380 suum
2005 5318 2227 5389 reverti";
2261 5340 2425 5378 nonne
2456 5318 2734 5390 recipietur
2757 5336 2788 5372 a
2818 5320 2928 5372 viro
2955 5320 3089 5373 suo?
3123 5318 3193 5371 Et
3234 5318 3374 5371 dixit

1820 5398 1990 5450 mihi:
2022 5395 2160 5458 Imo,
2192 5397 2236 5448 si
2269 5412 2372 5447 non
2397 5392 2640 5460 receperit
2671 5406 2785 5444 eam
2813 5392 2894 5442 vir
2922 5406 3068 5460 suus,
3100 5397 3298 5460 peccat,
3324 5393 3375 5437 et

1821 5483 2067 5534 magnum
2105 5457 2374 5534 peccatum
2404 5457 2517 5534 sibi
2535 5461 2768 5534 admittit
2787 5476 2816 5534 ;_
2847 5460 2936 5513 sed
2975 5459 3118 5534 debet
3149 5457 3374 5525 recipere

1820 5529 2184 5609 peccatricem,
2210 5551 2326 5609 qua;
2351 5531 2709 5603 paenitentiam
2733 5531 2840 5609 egit
2859 5571 2874 5596 ,
2912 5529 3000 5609 sed
3030 5544 3135 5608 non
3165 5541 3370 5604 saepe...

1821 5599 2031 5675 propter
2052 5599 2408 5675 pceniténtia'm
2437 5617 2569 5675 ergo
2583 5616 2684 5653 non
2710 5599 2879 5675 debet,
2901 5599 3130 5675 dimissa
3155 5599 3375 5675 conjuge

1821 5667 1940 5739 "sua,
1964 5667 2233 5728 vir'aliam
2259 5674 2468 5726 ducere.
2497 5667 2598 5723 Hic
2625 5678 2774 5722 actus
2792 5668 2980 5722 similis
3003 5676 3078 5720 est
3098 5676 3146 5719 et
3166 5667 3220 5739 in
3236 5667 3371 5726 viro,

1819 5755 1867 5799 et
1899 5736 1950 5799 in
1983 5745 2214 5801 muliere.
2249 5741 2459 5798 Hermae
2491 5739 2701 5806 Pastor,
2727 5739 2968 5794 mandat.
3000 5752 3073 5805 tv,
3097 5752 3144 5791 c.
3181 5736 3228 5790 l.
