3822 6218
181 361 294 416 33-3
1383 358 1675 416 PASTOR.
1714 390 1781 400 --
1820 354 2182 415 PROtEMlA.
3304 362 3409 418 ass
3475 328 3483 338 ’

180 492 291 549 est,
318 479 775 552 quemadmodum
802 480 916 551 ipse
943 480 1051 536 alio
1084 480 1203 536 loco
1235 478 1432 536 fatetur
1472 481 1607 551 (54‘).
1634 482 1750 535 An-
1778 485 1824 542 Α
1853 496 2082 551 quarum
2134 478 2309 551 prima
2352 487 2469 547 est,
2513 479 2788 551 apostolos
2828 486 2951 547 post
3002 488 3228 533 mortem
3278 476 3407 533 ιιι-ευ

183 574 362 644 gelum
406 587 621 642 quoque
668 571 896 627 Hermas
951 581 1136 628 noster
1187 582 1604 639 commemorat,
1654 573 1748 643 qui
1849 573 2051 628 Christi
2078 572 2378 628 doctrinam
2423 572 2649 638 sanctis,
2680 570 2773 640 qui
2821 578 2946 623 ante
2978 568 3241 633 obierant,
3272 583 3409 638 pra:-

178 665 412 721 terribili
436 664 650 720 cuidam
678 664 877 718 belluas
900 672 1143 734 praeerat,
1169 680 1330 732 quam
1356 679 1451 733 per
1472 665 1747 720 somnium
1846 662 2134 725 dieavisse.
2189 662 2363 732 iisque
2409 662 2735 731 baptismum
2785 660 3098 722 contulisse,
3139 659 3257 712 sine
3298 673 3409 727 quo

179 757 414 821 viderat,
451 765 614 826 atque
647 755 844 824 Hegrin
877 754 1108 824 appellat
1133 754 1269 823 (55).
1303 753 1384 809 En
1426 755 1599 824 ipsius
1644 755 1747 809 Pa-

176 848 347 903 storis
372 848 538 902 verba
574 864 589 901 :
625 845 769 900 Misit
802 845 1057 898 Dominus
1082 845 1321 915 angelum
1346 862 1521 910 suum,
1552 846 1641 916 qui
1667 854 1745 899 est

172 954 337 1006 super
360 937 589 999 bestias;
622 938 707 990 cui
750 951 932 990 nomen
972 944 1048 988 est
1078 934 1298 1004 Hegrin,
1323 944 1371 988 et
1398 934 1655 988 obturavit
1684 952 1742 989 os

170 1031 314 1100 ejus,
341 1046 404 1083 ne
439 1039 485 1083 te
522 1030 829 1094 dilaniaret,
862 1038 965 1084 etc.
994 1027 1111 1082 Viri
1141 1027 1286 1082 docti
1313 1027 1459 1081 circa
1489 1034 1741 1082 vexatum

172 1123 324 1179 hunc
365 1124 542 1177 locum
577 1123 789 1177 diversa
820 1130 947 1178 sunt
989 1120 1302 1177 commenti.
1344 1119 1740 1175 Celeberrimus

170 1215 443 1269 Nonrrius
465 1230 589 1269 eum
619 1215 1004 1270 restituendum
1030 1222 1186 1283 putat
1212 1228 1277 1267 ex
1299 1213 1486 1268 codice
1510 1211 1737 1266 Colber-

169 1306 311 1371 tino,
342 1306 432 1375 qui
456 1305 534 1360 sic
564 1305 723 1360 habet
755 1323 767 1358 :
794 1325 811 1356 ι
836 1304 982 1360 Misit
1008 1304 1273 1359 Dominus
1301 1304 1550 1373 angelum
1575 1318 1736 1359 suum

165 1415 338 1470 super
364 1399 613 1465 bestiam,
637 1398 793 1467 cujus
815 1413 1007 1453 nomen
1026 1406 1111 1453 est
1128 1395 1326 1467 Hegrin
1348 1396 1480 1464 (56).
1504 1415 1521 1448 ι
1547 1394 1737 1465 Suspi-

166 1502 328 1547 catus
354 1491 465 1563 jam
510 1491 686 1546 fuerat
722 1490 1071 1546 doctissimus
1114 1487 1437 1551 Cotelerius,
1476 1486 1734 1542 Hermam

165 1582 357 1639 Graece
398 1585 501 1640 hoc
542 1584 655 1638 fere
685 1582 846 1637 modo
887 1581 1172 1651 scripsisse
1213 1579 1509 1651 εἜπεμψε
1533 1579 1736 1651 Κύριος

162 1673 398 1742 ἄγγελον
423 1673 606 1737 αὑτοῦ,
631 1674 688 1737 ὃς
714 1674 857 1726 ἐστιν
888 1672 980 1725 ἐπὶ
996 1669 1202 1742 θηρίον,
1230 1663 1273 1738 ᾧ
1297 1670 1465 1747 ὖνᾳμα
1491 1670 1730 1741 Ἄγριον.

163 1765 345 1832 Quam
421 1765 475 1819 in
532 1765 854 1821 sententiam
901 1762 1092 1818 recitat
1138 1761 1266 1817 illud
1304 1762 1493 1831 psalmi
1542 1776 1728 1826 Lxxtx,

162 1856 367 1911 ν.14τ
414 1855 743 1926 Ἑλυμῄνατο
786 1854 951 1925 αὐτὴν
998 1852 1095 1916 σῦς
1138 1854 1202 1906 ἐκ
1249 1852 1477 1924 δρυμοῦ,
1506 1853 1601 1905 καὶ
1636 1869 1732 1922 μο-

162 1949 281 2012 νιδς
300 1948 488 2018 ἄγριος
508 1948 912 2018 κατενεμήσατο
936 1947 1123 2017 αὑτήν.
1158 1945 1455 2000 Devastavit
1472 1962 1587 2001 eam
1610 1962 1734 2016 aper

160 2039 231 2093 de
287 2039 440 2105 silva,
478 2047 526 2092 et
569 2038 855 2109 singularis
903 2038 1043 2107 ferus
1092 2038 1337 2106 depastus
1387 2047 1463 2091 est
1498 2054 1613 2091 eam
1641 2039 1731 2103 δι’,

159 2128 256 2182 cui
279 2128 493 2197 quidem
517 2128 840 2198 conjecturae
861 2136 1145 2183 contextus
1161 2128 1341 2182 favere
1357 2128 1569 2183 videtur
1592 2128 1729 2199 (57).

162 2217 450 2289 Siquidem
479 2220 618 2274 hanc
647 2219 872 2274 bestiam
897 2235 1155 2288 pressurte
1172 2230 1560 2289 superuentura:
1590 2223 1727 2290 ligu-

158 2328 285 2368 ram
338 2327 457 2367 esse
510 2326 633 2366 mox
677 2311 875 2367 ibidem
924 2309 1063 2382 ston
1091 2311 1464 2381 apocalyptico
1494 2312 1734 2368 declarat

157 2403 414 2459 Hermas.
452 2401 523 2457 Ut
552 2403 778 2472 proinde
821 2418 945 2457 cum
994 2402 1156 2471 paulo
1204 2412 1327 2457 ante
1375 2403 1669 2472 scripserit,
1699 2419 1732 2458 a

157 2496 397 2551 Domino
443 2511 607 2565 super
654 2495 885 2550 bestiam
936 2495 1187 2565 angelum
1242 2495 1469 2551 missum
1526 2495 1729 2562 fuisse,

157 2588 337 2657 ipsius
371 2586 636 2642 sententia
663 2586 729 2641 de
754 2584 967 2655 angelo
995 2600 1027 2638 a
1063 2584 1170 2640 Deo
1200 2585 1252 2639 in
1281 2586 1541 2640 auxilium
1568 2585 1731 2640 Chri-

156 2679 465 2733 stianorum
517 2679 685 2733 misso
724 2679 795 2735 sit
846 2677 1181 2747 accipienda,
1214 2678 1307 2747 qui
1341 2692 1437 2733 eos
1479 2678 1534 2732 in
1578 2693 1729 2749 pres-

156 2785 295 2825 sura
325 2779 735 2839 superventura,
763 2784 859 2824 seu
886 2770 1203 2824 imminente
1239 2768 1615 2838 persecutione
1642 2782 1732 2825 so-
1780 2786 1781 2789 η

154 2864 367 2917 laretur
415 2870 576 2931 atque
647 2863 872 2918 foveret.
902 2861 985 2916 Cl.
1021 2859 1324 2915 Cotelerius
1352 2859 1477 2914 inde
1513 2870 1729 2914 enatam
1776 2869 1780 2873 ‘

151 2953 386 3021 coniicit
413 2968 597 3007 vocem
630 2951 852 3022 Hegrin,
875 2953 1021 3023 quod
1065 2953 1118 3007 in
1158 2952 1371 3009 Hermae
1402 2960 1550 3011 textu
1579 2966 1731 3007 eom-
1774 2962 1775 2971 ‘

152 3046 421 3114 pendiosa
459 3046 726 3115 scriptura
764 3054 1002 3102 exstaret
1033 3046 1227 3119 ἔγρηγ,
1259 3046 1417 3116 cujus
1443 3058 1730 3116 postrema)

1847 752 1987 807 bona
2016 754 2231 807 illorum
2259 766 2421 822 opera
2452 752 2662 807 inutilia
2691 759 2846 806 erant
2875 750 3013 820 (58).
3054 748 3170 803 Hoc
3201 758 3404 814 tamen,

1839 842 2021 911 judice
2044 841 2160 895 viro
2182 840 2651 911 perspicaeissimo
2684 839 2817 909 (59),
2858 852 2965 892 non
3003 838 3070 893 de
3111 853 3273 908 aqua,
3310 838 3407 893 sed

1842 932 1910 986 de
1940 931 2191 1000 baptismi
2239 932 2411 1001 gratia
2453 938 2537 985 est
2564 928 2972 999 accipiendum;
3006 927 3109 981 fuit
3133 929 3277 983 enim
3313 942 3410 982 ve-

1841 1033 2017 1079 terum
2044 1023 2403 1092 complurium
2442 1022 2647 1092 opinio,
2675 1021 2950 1091 apostolos
2990 1020 3223 1075 mortuis
3266 1034 3406 1089 prae-

1840 1114 2109 1171 dicavisse
2139 1114 2276 1185 (60),
2304 1113 2451 1184 quod
2498 1112 2556 1167 S.
2587 1112 2782 1168 Petrus
2821 1112 2866 1144 “
2901 1112 2967 1168 de
3006 1108 3136 1168 Jesu
3186 1111 3405 1167 Christo

1839 1206 2086 1264 allirmat.

1906 1300 1995 1355 Ait
2016 1307 2275 1370 praeterea
2304 1298 2661 1355 revelationes
2687 1306 2740 1351 et
2760 1297 2998 1353 visiones
3023 1311 3122 1367 pro
3143 1296 3368 1351 dubitan
3385 1324 3405 1340 α

1839 1392 2004 1459 tibus,
2034 1400 2087 1446 et
2114 1392 2393 1447 veritatem
2442 1392 2544 1447 sibi
2594 1390 2920 1445 traditurum
2971 1388 3401 1459 disquirentibus

1834 1497 1957 1536 esse
2000 1483 2066 1536 ad
2114 1482 2469 1549 infirmiorem
2526 1496 2716 1537 eorum
2764 1479 2923 1533 ﬁdem
2973 1478 3400 1533 confirmandam

1837 1573 1982 1644 (61);
2018 1574 2282 1628 mundum
2312 1588 2439 1629 vero
2467 1586 2564 1644 per
2616 1573 2796 1643 ignem
2844 1580 2897 1626 et
2928 1570 3244 1641 sanguinem
3282 1583 3403 1625 esse

1834 1665 2121 1720 delendum
2147 1665 2281 1736 (62).

1904 1758 2220 1815 Postremus
2248 1758 2488 1815 Pastoris
2542 1758 2698 1813 locus
2740 1764 3046 1812 memoratu
3081 1754 3278 1825 dignus
3304 1750 3401 1810 'rc-

1836 1856 1995 1925 spicit
2025 1855 2244 1909 modum
2285 1854 2603 1909 secernendi
2638 1852 2929 1922 prophetas
2967 1866 3124 1905 veros
3153 1864 3184 1904 a
3212 1848 3397 1904 ‘falsis.

1833 1944 1947 2000 Hoc
1988 1953 2048 1999 ut
2088 1944 2419 2011 obtineatur,
2452 1953 2811 2012 utrorumque
2860 1942 2969 1995 vita
3018 1956 3073 1996 et
3117 1955 3298 1994 mores
3346 1939 3400 1993 in

1832 2052 2059 2092 examen
2084 2045 2211 2090 sunt
2256 2035 2542 2091 revocandi
2566 2034 2699 2106 (65).
2736 2033 2896 2087 Verus
2925 2032 3175 2103 propheta
3204 2030 3296 2084 ille
3325 2041 3403 2084 est

1831 2129 1921 2198 qui
1952 2125 2157 2197 Spiritu
2179 2135 2360 2180 sancto
2389 2126 2612 2195 repletus
2642 2136 2755 2191 est;
2791 2134 2845 2178 at
2868 2124 3078 2178 divinus
3106 2124 3205 2178 iste
3228 2120 3402 2190 Spiri-

1834 2229 1918 2273 tus
1940 2220 2144 2289 quietus
2180 2228 2277 2285 est,
2314 2218 2551 2284 humilis,
2580 2218 2771 2272 recedit
2811 2217 2874 2271 ab
2915 2216 3057 2270 omni
3085 2216 3321 2286 nequitia
3347 2222 3400 2267 et

1829 2310 2092 2365 desiderio
2114 2326 2245 2365 uano
2271 2310 2426 2380 hujus
2451 2309 2652 2374 swculi,
2684 2309 2879 2362 nemini
2910 2308 3204 2376 respondet,
3234 2307 3400 2360 inter-

1832 2412 2068 2473 rogatus,
2105 2419 2196 2457 nec
2219 2401 2441 2472 singulis
2484 2400 2792 2470 respondet;
2824 2416 2982 2469 neque
3020 2415 3137 2453 cum
3166 2399 3275 2453 uult
3300 2398 3400 2451 ito-

1830 2494 1959 2547 mini
1986 2492 2221 2563 loquitur
2258 2491 2488 2561 Spiritus
2542 2490 2655 2556 Dei,
2687 2490 2775 2543 sed
2819 2498 2941 2542 tunc
2983 2488 3236 2559 loquitur,
3281 2505 3400 2542 cum
3438 2510 3443 2515 ο

1830 2585 1938 2639 vult
1969 2585 2128 2639 Deus.
2161 2583 2292 2638 Cum
2318 2600 2439 2654 ergo
2478 2581 2742 2653 (loquitur
2771 2597 2983 2651 semper
3004 2580 3218 2650 Pastor)
3245 2596 3398 2636 vene—

1830 2680 1900 2733 rit
1925 2679 2097 2743 homo,
2129 2679 2219 2748 qui
2242 2677 2395 2731 habet
2444 2674 2704 2745 Spiritum
2740 2674 2858 2740 Dei,
2894 2673 2951 2726 in
2981 2671 3272 2725 Ecclesium
3306 2670 3400 2740 ju—
3440 2682 3451 2685 “

1830 2779 2033 2825 storum
2064 2770 2369 2825 habentium
2402 2772 2559 2840 ﬁdem
2607 2771 2725 2836 Dei,
2752 2781 2800 2826 et
2823 2773 2994 2825 oratio
3022 2771 3082 2839 ﬁt
3106 2769 3175 2823 ad
3208 2766 3398 2830 Deum,
3438 2794 3441 2795 ν

1830 2868 1954 2914 tunc
2012 2862 2228 2914 nuntius
2282 2871 2494 2915 sanctus
2549 2861 2854 2916 Diuinitatis
2908 2860 3087 2929 implet
3141 2859 3401 2912 hominem

1828 2948 1981 3003 illum
2019 2948 2223 3019 Spiritu
2278 2961 2493 3018 sancto,
2547 2960 2595 3004 et
2642 2950 2877 3021 loquitur
2922 2951 2977 3003 in
3036 2949 3220 3015 turba,
3263 2948 3398 3001 sicut

1829 3040 1941 3095 uult
1964 3040 2125 3097 Deus.
2150 3042 2233 3095 Ad
2263 3042 2765 3113 pseudoprophetam
2804 3042 2940 3113 quod
2970 3051 3188 3112 spectat,
3220 3058 3252 3094 a
3287 3041 3399 3109 spi-

153 3136 354 3189 litteraa
381 3134 639 3189 inferiore
682 3144 835 3205 parte
874 3151 1071 3204 exesae,
1104 3136 1307 3206 putarit
1354 3145 1508 3192 vetus
1557 3136 1728 3191 inter-
1753 3152 1797 3212 ο
1830 3133 1939 3187 ritu
1965 3143 2196 3187 mouetur
2230 3134 2483 3201 terrestri,
2532 3150 2715 3200 uacuo,
2745 3134 2989 3188 uirtutem
3022 3149 3122 3186 non
3160 3130 3395 3185 habente.

152 3241 286 3296 pres
313 3226 595 3296 legendum
618 3224 815 3298 ἐγρην;
850 3227 1011 3296 hujus
1029 3226 1276 3281 lectionis
1296 3226 1406 3280 vim
1433 3226 1578 3281 haud
1593 3240 1729 3296 qua-

152 3333 325 3387 quam
373 3325 696 3385 assecutus,
756 3317 953 3373 litteris
986 3317 1196 3373 Latinis
1246 3332 1434 3373 vocem
1485 3317 1728 3373 Graecam

152 3408 457 3464 reddiderit
498 3408 703 3479 Hegrin
752 3423 772 3462 :
818 3425 943 3464 eum
995 3418 1171 3465 tamen
1213 3410 1499 3480 legendum
1538 3410 1732 3466 fuisset

153 3499 482 3569 ἐγρήγορος,
512 3514 577 3553 ac
612 3499 933 3554 vertendum
975 3499 1123 3570 vigil,
1165 3514 1232 3553 ex
1277 3499 1515 3556 Danielis
1557 3500 1731 3571 capite

154 3600 379 3659 quarto,
407 3591 497 3645 ubi
530 3591 851 3663 ἐγρηγόρου,
884 3606 977 3646 seu
1009 3591 1179 3661 vigilis
1216 3591 1520 3647 ministerio
1554 3592 1731 3663 Baby-
1778 3610 1779 3613 η

152 3682 323 3738 lenire
345 3699 439 3738 rex
466 3684 534 3739 ad
566 3685 767 3741 bestias
812 3685 1144 3741 amandatus
1192 3685 1387 3755 legitur
1413 3703 1426 3740 :
1452 3701 1561 3756 quo
1590 3684 1730 3740 forte

153 3775 494 3844 apostolicus
536 3776 770 3846 scriptor
818 3777 1137 3846 respexerit.
1188 3775 1462 3833 Hactenus
1492 3777 1563 3832 el.
1606 3776 1731 3832 Gal-

153 3866 378 3921 landins
404 3882 470 3920 ex
502 3866 736 3923 Nourrio
771 3876 932 3937 atque
961 3867 1252 3923 Cotelerio.
1282 3867 1363 3924 Ad
1387 3869 1532 3924 hunc
1561 3884 1728 3925 vexa-

154 3969 281 4012 tum
321 3957 532 4015 Hermae
570 3961 750 4016 locum
798 3960 1103 4031 respexisse
1137 3961 1523 4032 Hieronymum
1552 3960 1590 4015 l.
1622 3976 1638 4015 ι
1669 3961 1723 4016 in

162 4051 423 4106 Habacuc
455 4068 495 4117 ι,
526 4052 613 4118 14,
638 4053 915 4108 nonnullis
936 4053 1136 4109 visum.
1162 4052 1313 4110 Licet
1333 4053 1425 4109 alii
1454 4052 1553 4108 viri
1584 4053 1729 4109 docti

157 4144 326 4197 aliter
353 4145 646 4198 senserint.

236 4231 397 4287 Hisce
427 4233 677 4289 addimus
729 4234 862 4290 alias
894 4234 1117 4305 insuper
1161 4233 1373 4290 Hermae
1404 4236 1685 4307 opiniones
1711 4257 1723 4292 :

230 4323 458 4381 “‘Psal.
481 4341 666 4389 um,
699 4325 787 4380 M.
863 4326 907 4357 “
944 4325 1125 4381 [Petro
1159 4326 1349 4394 "1.19-

235 4508 352 4578 (54)
383 4505 549 4569 Idem,
571 4507 607 4561 l.
641 4504 701 4570 1i,
721 4508 902 4562 mand.
927 4525 1024 4575 vn,
1043 4525 1093 4564 c.
1116 4509 1166 4563 l.
1197 4508 1451 4566 incusant
1480 4511 1727 4568 nonnulli

1838 3224 2057 3279 Exultat
2073 3241 2126 3279 se
2140 3234 2189 3278 et
2210 3227 2320 3279 vult
2333 3226 2558 3295 primam
2574 3224 2879 3279 cathedram
2894 3225 3080 3278 habere
3095 3239 3114 3276 :
3131 3222 3399 3293 improbus

1831 3324 1929 3381 est,
1946 3316 2209 3381 verbosus,
2222 3316 2277 3368 in
2291 3315 2494 3369 deliciis
2526 3325 2881 3379 conversatur,
2900 3325 2948 3369 et
2973 3316 3027 3368 in
3046 3312 3399 3383 uoluptatibus

1832 3406 2036 3473 multis,
2052 3416 2100 3460 et
2117 3408 2399 3463 mercedem
2415 3408 2605 3478 accipit
2620 3408 2957 3464 divinationis
2969 3422 3076 3461 sua:
3090 3405 3220 3476 (64).
3237 3404 3401 3459 Hisce

1834 3498 2238 3554 characteribus
2262 3499 2375 3553 veri
2402 3514 2432 3553 a
2468 3498 2953 3568 pseudoprophetis
2993 3499 3395 3552 discernuntur.

2364 3588 2760 3645 ARTICULUS
2796 3588 2861 3642 ll.

1972 3695 2402 3738 OBSERVATIONES
2443 3698 2686 3738 IORALES
2720 3699 2790 3737 ET
2839 3695 3255 3738 DISCIPLINARES.

1832 3775 1861 3847 §
1890 3773 1932 3831 1.
1962 3776 2040 3831 De
2063 3777 2389 3846 pwnitentia,
2419 3779 2677 3842 oratione,
2716 3776 2923 3845 jejunio
2952 3792 3014 3829 ac
3046 3775 3393 3844 eleemosyna.

1902 3865 2195 3938 Postquam
2218 3866 2409 3924 Pastor
2427 3866 2680 3922 Hermam
2701 3867 2767 3922 de
2796 3866 3239 3921 tribulationibus
3257 3881 3396 3935 quas

1833 3960 1888 4015 in
1916 3961 2081 4017 domo
2127 3975 2226 4016 sua
2267 3960 2593 4031 patiebatur,
2640 3970 3061 4029 conquerentem
3102 3957 3394 4024 erudisset,

1834 4054 1998 4109 hasce
2041 4068 2233 4109 omnes
2286 4053 2613 4123 temporales
2674 4052 3009 4107 calamitates
3060 4050 3396 4106 consectaria

1832 4160 1954 4200 esse
1980 4159 2105 4199 eum
2134 4143 2507 4214 propriorum,
2537 4150 2650 4197 tum
2689 4143 2990 4198 alienorum
3020 4150 3393 4212 peccatorum;

1834 4236 2009 4292 eidem
2042 4236 2218 4291 ideam
2248 4250 2389 4291 verte
2416 4234 2747 4305 poenitentia:
2775 4235 3050 4306 proponit,
3086 4243 3140 4290 et
3172 4234 3395 4304 quinam

1831 4511 1900 4566 el.
1928 4510 2167 4577 Ccillier,
2197 4512 2345 4580 quod
2387 4510 2505 4565 sine
2537 4524 2702 4565 causa
2745 4508 3098 4580 damnaretur
3140 4501 3390 4580 Hermas.

158 4557 309 4650 habe
334 4557 403 4631 de
430 4557 576 4633 bono
606 4587 659 4631 et
687 4557 827 4632 male
851 4557 1094 4648 cujusiris
1124 4580 1359 4650 hominis
1385 4557 1575 4650 angelo
1758 4557 1803 4615 D
1933 4557 2412 4638 sivintro’dtisivs‘set
2449 4557 2688 4635 errorem
2726 4576 2948 4647 periculi
2990 4557 3229 4650 plenum,
3257 4557 3395 4630 assii;

157 4648 428 4734 tentiam;
450 4660 566 4702 eam
594 4656 911 4734 tamen}th
943 4650 1122 4734 solum
1149 4648 1725 4734 Orige.nesnlio‘m.u‘.25,

158 4734 323 4788 super
357 4716 539 4783 Iosue,
559 4728 617 4788 et
641 4718 826 4772 homil.
850 4720 874 4773 1
900 4736 1054 4788 super
1076 4716 1371 4784 Ezechiel.;
1408 4720 1466 4776 S.
1492 4716 1726 4777 Basilius

159 4786 300 4854 Sup.
325 4805 442 4855 cap.
482 4804 540 4841 ιιι
592 4787 787 4852 Isaite;
823 4789 879 4843 S.
919 4786 1187 4846 Maximus
1217 4800 1427 4846 centur.
1455 4808 1471 4846 1
1503 4793 1723 4857 charit.,

158 4876 211 4931 (ξ.
246 4858 310 4931 91
338 4876 351 4922 ;
392 4858 449 4911 S.
480 4857 635 4931 Joan.
663 4859 1064 4931 Cbrysos_tom.,
1089 4861 1237 4931 born.
1268 4877 1349 4926 ut,
1382 4878 1499 4931 sup.
1526 4861 1625 4931 Ep.
1659 4861 1726 4915 ad

160 4927 541 5013 Coloss'.;.sed
570 4930 732 5013 etiam
874 4929 1097 5013 C-regor.
1133 4929 1264 5013 Nys.
1297 4931 1351 4984 in
1383 4927 1727 5013 dogmatibus

156 4998 573 5069 versatissimus
606 4999 699 5052 lib.
746 4997 824 5052 De
856 4997 1216 5069 vita'llloysis
1251 5010 1419 5065 tenet,
1460 4997 1559 5055 ubi
1599 5002 1675 5056 ait
1709 5021 1723 5058 :

165 5087 188 5120 ι
232 5067 328 5122 Est
355 5083 534 5121 sermo
564 5083 624 5121 ex
650 5070 917 5137 majorum
958 5067 1243 5125 traditione
1285 5073 1441 5127 [idem
1475 5072 1576 5126 sibi
1607 5073 1727 5127 vin-

158 5138 379 5203 dieans,
398 5138 497 5211 Aqui
517 5137 673 5211 dicit,
700 5147 1053 5209 posteaquam
1092 5151 1284 5195 natura
1312 5152 1495 5196 nostra
1522 5144 1577 5195 in
1602 5158 1727 5211 pec-

160 5208 598 5280 eatumjdecidit,
628 5207 963 5280 Deumhune
989 5225 1173 5265 casum
1204 5222 1444 5267 nostrum
1471 5227 1568 5267 sua
1602 5207 1726 5280 pro-

159 5278 403 5332 videntis
434 5278 661 5351 minime
685 5279 1014 5341 destituisse,
1042 5282 1131 5335 sed
1161 5284 1411 5351 angelum
1441 5299 1507 5335 ex
1539 5278 1723 5351 iis—qui

162 5358 416 5402 naturam
452 5349 696 5416 corporis
728 5359 1001 5417 expertem
1031 5352 1203 5405 sortiti
1237 5349 1381 5417 Sunt,
1412 5349 1725 5407 adhibuisse

161 5419 231 5472 ad
267 5416 694 5487 uniuscujusque
738 5416 956 5473 tutelam
985 5422 1127 5475 vitae.
1166 5422 1239 5475 Ex
1278 5424 1505 5475 adverso
1543 5432 1721 5477 autem

162 5498 375 5542 naturze
415 5498 785 5558 corruptorem
817 5491 930 5558 pali
955 5492 1356 5546 machinatione
1379 5501 1568 5546 contra
1601 5492 1720 5558 niti,

160 5568 219 5629 et
244 5572 412 5629 pravo
435 5557 666 5625 quodam
696 5574 758 5613 ac
792 5557 1038 5615 malelico
1061 5562 1305 5616 daemone
1334 5562 1589 5629 adjuncto
1617 5563 1721 5615 hu-

162 5628 253 5696 ius
286 5628 406 5682 vita:
432 5629 721 5696 perniciem
756 5630 965 5684 afferre.
1005 5630 1170 5687 Porro
1206 5628 1477 5686 hominem
1517 5632 1570 5685 in
1607 5648 1720 5685 am-

201 5712 359 5771 orum
390 5698 567 5751 medio
592 5702 967 5771 constitutum,
1000 5702 1222 5757 alterius
1250 5704 1611 5771 propositum,
1640 5703 1722 5755 al-

158 5767 338 5840 terius
387 5768 667 5840 proposito
711 5770 1045 5840 contrarium
1087 5767 1278 5840 suopte
1315 5767 1709 5826 momento’va-

167 5839 372 5893 lentius
398 5837 639 5895 reddere.
680 5859 788 5890 ι-
827 5838 1107 5911 Sapienter
1152 5837 1313 5913 igitur
1342 5841 1721 5898 animadvertit

1832 4653 2050 4721 gnando
2083 4652 2306 4707 cuilibet
2347 4650 2553 4705 homini
2576 4658 2629 4703 et
2658 4646 2858 4702 bonum
2886 4646 3157 4714 angelum,
3191 4652 3245 4724 et
3278 4659 3395 4698 ma-

1829 4721 1963 4793 lum.
1997 4721 2179 4793 Estius
2205 4736 2422 4793 quoque
2451 4734 2614 4793 super
2638 4718 2951 4793 Magistrum
2980 4722 3393 4793 sententiarum2

1828 4792 1922 4860 qui
1972 4806 2127 4861 atque
2166 4784 2293 4845 huic
2333 4784 2577 4861 opinioni
2625 4784 2967 4861 astipulatur,
3000 4784 3214 4861 asserit,
3249 4784 3395 4861 quod

1827 4854 1895 4917 ad
1921 4854 2102 4915 minus
2128 4862 2243 4916 haec
2267 4854 2529 4915 sententia
2573 4869 2629 4913 ut
2649 4854 2941 4928 probabilis
2954 4854 3170 4928 admitti
3197 4854 3392 4922 possit.

1922 4932 2012 5001 55)
2043 4930 2252 4985 Hermas
2282 4929 2600 5001 Past.,gl._1,
2636 4924 2842 5001 visgv,
2872 4941 2922 5001 e_.
2947 4924 3002 4978 2.

1921 4993 2013 5075 55)
2044 5001 2097 5075 [η
2129 5009 2388 5075 apparatu
2420 4999 2486 5075 ad
2520 4998 2657 5075 bibl.
2689 4997 2793 5075 PP.
2830 5007 2870 5075 t.
2902 4994 2941 5059 l,
2974 5010 3038 5075 ρ..
3058 4993 3148 5049 65.

1921 5065 2011 5141 57)
2038 5065 2405 5138 Quod'tamen
2442 5068 2591 5124 Fello
2623 5066 2938 5123 doctissimo
2969 5065 3154 5120 minus
3182 5065 3395 5121 videtur

1824 5142 2245 5196 admittendum.
2672 5188 2675 5197 ,

1897 5212 2011 5281 (58)
2042 5212 2224 5265 Herm.
2254 5211 2432 5276 Past.,
2464 5210 2559 5264 lib.
2588 5224 2672 5272 nt,
2700 5207 2863 5281 simil.
2897 5222 2977 5281 ιιιΑ
3007 5221 3159 5281 nunt-
3201 5206 3287 5281 {5.

1896 5275 2010 5350 (59)
2045 5282 2239 5353 Fleury
2287 5293 2418 5336 tom.
2469 5281 2507 5346 Ι,
2557 5294 2679 5349 pag.
2728 5277 2854 5344 541,
2895 5276 3151 5330 editionis
3204 5275 3392 5346 Augu-

1825 5361 2015 5408 stante.

1898 5422 2009 5491 (60)
2034 5422 2285 5477 Clemens
2314 5421 2603 5486 Alcxand.,
2634 5420 2671 5473 1.
2710 5433 2747 5472 ll
2775 5416 2998 5483 Strom.,
3020 5431 3072 5486 p.
3112 5415 3234 5481 679,
3264 5423 3317 5469 et
3352 5414 3389 5471 Ι.

1823 5508 1897 5557 γι,
1927 5508 2046 5561 pag.
2079 5492 2202 5547 658.

1894 5508 2046 5615 ,(pag.
2079 5508 2202 5547 υοδ.
2481 5562 2507 5588 ι.

1894 5565 1910 5630 (
1958 5562 2004 5632 l)
2037 5561 2217 5619 llerm.
2249 5561 2423 5625 Past.,
2464 5577 2667 5632 “5.1"!
2697 5575 2746 5613 c.
2778 5559 2833 5618 4.

1896 5624 2007 5701 (62)
2038 5631 2251 5686 Vision.
2303 5650 2374 5695 Iv,
2418 5650 2465 5686 c.
2511 5632 2544 5685 5
2580 5650 2592 5684 :
2630 5629 2842 5698 Oportet
2882 5626 3131 5684 saxulum
3178 5624 3274 5682 hoc
3301 5637 3393 5695 per

1824 5704 1992 5773 ignem
2021 5713 2079 5773 et
2100 5702 2404 5773 sanguinem
2435 5701 2690 5771 deperire.

1897 5773 2007 5839 (65)
2038 5772 2273 5826 Mandat.
2303 5789 2376 5826 χι.

1898 5842 2008 5915 (64)
2039 5842 2273 5899 Mandat.
2304 5859 2401 5909 xu,
2432 5857 2548 5914 cap.
2584 5843 2603 5895 1
2630 5850 2676 5897 et
2707 5840 2762 5895 2.
