3822 6218
178 343 309 400 ’889

1376 338 1462 393 PA
1471 336 1675 406 STOR.
1717 367 1786 379 —
1825 336 2194 399 ΡΒοίεὶίΙΑ.

3352 335 3455 391 890

188 467 312 516 εισι·
342 454 479 529 (71),
503 453 641 508 sicut
679 452 916 517 homines
964 467 1216 509 memores
1279 451 1641 522 injuriarum;
1685 451 1777 508 sed
1808 457 1853 517 Α
1880 450 2154 506 constricti
2199 455 2322 504 sunt
2367 448 2511 503 circa
2547 446 2756 519 negotia
2799 464 2898 504 suo
2923 489 2939 512 ,
2976 458 3026 503 et
3070 464 3170 506 non
3224 451 3452 508 seruiunt

187 562 274 606 est
298 552 572 605 immemor
602 548 925 616 injuriarum
951 588 966 611 ,
1008 555 1058 601 et
1089 548 1366 601 miseretur
1392 546 1628 617 ﬁgmenti
1664 548 1773 602 sui.

189 641 519 697 Peccatores
554 653 702 703 vero,
744 645 1034 712 antequam
1077 638 1145 692 ad
1178 636 1347 692 Deum
1378 637 1643 692 accedant
1680 652 1773 705 per

189 732 519 793 orationem,
544 744 639 784 cor
662 727 966 784 subducere
992 726 1192 782 debent
1223 727 1294 781 ab
1319 726 1578 781 omnibus
1603 726 1773 792 vitiis,

187 840 316 894 quae
351 823 407 878 in
452 821 649 891 seipsis
696 819 1056 875 adinveniunt
1080 860 1097 886 ,
1144 827 1200 874 et
1234 819 1452 875 sincero
1484 818 1670 872 animo
1706 817 1773 873 ad

185 914 365 970 Deum
412 913 646 980 reverti;
712 927 872 968 secus
929 920 1072 967 esset
1126 911 1478 982 praesumptio
1530 911 1773 981 qualibet

184 1008 349 1062 venia
380 1005 602 1075 indigna
631 1045 646 1072 ,
675 1012 989 1075 exspectare
1030 1019 1060 1057 a
1097 1003 1207 1058 Deo
1252 1003 1503 1059 allectum
1555 1004 1771 1058 illarum

185 1114 438 1169 precum,
470 1112 609 1167 quas
637 1097 721 1152 his
750 1111 857 1150 non
883 1095 1178 1165 praemissis
1202 1095 1657 1165 dispositionibus
1685 1094 1768 1150 fu-

186 1193 422 1246 dissent.
458 1189 598 1261 Ergo
628 1190 851 1260 puri/ica
890 1205 980 1243 cor
1008 1198 1225 1243 tuum...
1260 1198 1309 1242 et
1339 1188 1561 1258 accipies
1592 1188 1771 1242 omnia

185 1283 329 1337 bona
356 1325 370 1349 ,
400 1299 517 1353 qua:
545 1285 745 1352 petis...
777 1283 868 1353 qui
896 1299 1018 1353 ergo
1049 1281 1182 1336 tales
1211 1298 1317 1335 non
1347 1292 1469 1334 sunt
1496 1322 1512 1348 ,
1558 1281 1770 1334 omnino

185 1374 325 1428 nihil
354 1377 631 1446 impetrant
660 1390 842 1428 eorum
865 1415 880 1440 ,
912 1391 1030 1445 qua:
1060 1382 1265 1443 petunt.
1292 1372 1349 1427 Si
1382 1373 1663 1443 contingat
1688 1372 1771 1425 ni-

183 1469 489 1524 hilominus
503 1469 671 1539 quod,
689 1467 904 1539 praeviis
925 1467 1087 1522 etiam
1110 1467 1270 1522 bonis
1291 1465 1768 1537 dispositionibus,

183 1579 299 1618 non
319 1563 668 1633 accipiamus
700 1562 1015 1633 petitionem
1050 1569 1294 1616 nostram
1322 1600 1339 1628 ,
1373 1560 1629 1615 dubitare
1657 1574 1767 1613 non

183 1653 451 1708 debemus
475 1694 491 1719 ,
528 1652 625 1708 sed
657 1652 831 1722 magis
861 1651 1145 1723 magisque
1175 1666 1334 1706 orare
1358 1693 1374 1719 ,
1407 1660 1460 1707 et
1495 1650 1674 1705 nullas
1701 1649 1769 1705 de

184 1743 300 1799 Deo
323 1744 658 1817 ingeminare
685 1744 957 1815 querelas,
988 1744 1084 1800 sed
1106 1745 1284 1799 solum
1316 1744 1383 1799 de
1405 1743 1561 1799 nobis
1594 1743 1762 1813 ipsis;

1877 542 1987 598 Deo
2019 542 2151 613 (73).

1950 632 1994 690 Ο
2026 634 2153 690 felix
2186 634 2470 690 hominum
2495 648 2525 688 a
2558 632 2766 687 mundo
2792 643 3203 704 segregatorum
3236 633 3374 688 vita!
3408 631 3454 689 Ο

1878 723 2051 780 beata:
2101 725 2425 780 solitudines
2491 725 2546 778 in
2602 723 2804 793 quibus
2849 725 3014 778 homo
3059 723 3297 793 perfecta
3359 725 3453 780 illa

1876 817 2178 889 perfruitur
2204 820 2405 889 quiete,
2434 833 2539 889 qua
2572 818 2625 871 in
2648 816 2743 870 Dei
2773 815 3033 871 famulatu
3058 832 3117 871 se
3142 827 3376 884 exercet,
3398 826 3454 874 et

1875 909 2117 964 maximo
2171 918 2386 964 aeterna:
2437 907 2628 964 salutis
2681 907 2897 977 negotio
2946 906 3092 961 serio
3151 907 3448 961 incumbit!

1872 1011 2122 1056 sanctum
2159 1001 2263 1056 hoc
2309 1000 2504 1065 otium,
2535 998 2799 1069 quidquid
2850 998 3119 1053 hlaterent
3172 1008 3447 1054 amatores

1874 1094 2083 1157 saeculi,
2114 1094 2167 1147 in
2195 1094 2525 1147 immensum
2561 1100 2782 1161 superat
2810 1091 3078 1146 vanitates
3111 1100 3165 1145 et
3194 1090 3428 1160 ineptias

1872 1184 2074 1255 quibus
2099 1184 2429 1238 detinentur.

1940 1274 2185 1328 Alterum
2206 1274 2493 1337 motivum,
2512 1271 2655 1341 quod
2685 1270 2838 1325 alfert
2862 1269 3076 1336 Pastor,
3102 1285 3201 1324 cur
3223 1269 3452 1324 terrenis

1869 1364 2036 1419 rebus
2093 1363 2319 1418 minime
2378 1363 2537 1416 nobis
2597 1370 2741 1416 esset
2796 1361 3196 1424 inhaerendum,
3248 1359 3451 1414 rationi

1869 1463 2047 1510 status
2094 1453 2271 1508 nostri
2326 1452 2597 1505 innititur.
2629 1449 2889 1520 Principii
2937 1450 3059 1505 loco
3099 1451 3244 1505 enim
3275 1450 3447 1519 ponit,

1866 1561 1971 1601 nos
2025 1546 2300 1601 civitatem
2345 1553 2753 1614 permanentem
2802 1544 2892 1598 hic
2937 1559 3045 1596 non
3095 1542 3319 1605 habere,
3354 1542 3449 1597 sed

1866 1638 2027 1692 aliam
2064 1637 2325 1709 (futuram
2364 1636 2592 1706 scilicet)
2634 1635 2789 1690 nobis
2821 1649 2944 1689 esse
3015 1632 3395 1705 inquirendam
3429 1650 3446 1687 :

1867 1728 2031 1784 Scitis
2074 1746 2163 1785 vos
2216 1730 2428 1783 Domini
2459 1745 2657 1792 servos,
2690 1727 2887 1796 inquit,
2926 1728 2980 1780 in
3025 1725 3444 1795 peregrinatione

183 1837 330 1893 Deus
377 1814 521 1893 έηίω
573 1814 786 1908 semper
834 1845 1058 1908 paratus
1105 1846 1189 1895 εει
1232 1837 1301 1893 ad
1349 1838 1761 1908 impertienda".
1797 1830 1839 1886 Β
1864 1823 2106 1876 morari?
2137 1821 2336 1877 Civitas
2367 1822 2503 1876 enim
2529 1829 2700 1874 vestra
2716 1819 2865 1890 longe
2894 1827 2969 1871 est
2996 1816 3059 1870 ab
3090 1817 3189 1870 hac
3212 1814 3445 1872 civitate.

185 1929 655 1985 misericordiam:
707 1929 779 1984 De
808 1940 855 1985 te
886 1930 1128 2001 queraris
1154 1971 1170 1997 ,
1213 1946 1318 1985 non
1346 1930 1410 1984 de
1438 1929 1549 1984 Deo
1574 1970 1590 1996 ,
1618 1929 1757 2001 quod

183 2037 291 2076 non
317 2020 518 2076 dederit
546 2023 662 2077 tibi.
691 2020 769 2076 Ex
800 2021 950 2078 hisce
974 2022 1269 2079 ediscimus
1295 2023 1405 2079 duo
1431 2024 1572 2078 inter
1595 2032 1758 2079 caete.

180 2127 271 2178 ra,
296 2127 415 2182 qua:
443 2128 596 2184 aeque
625 2114 932 2170 necessaria
961 2123 1122 2169 sunt:
1153 2115 1391 2185 primum
1419 2124 1525 2182 est,
1556 2130 1658 2172 nos
1687 2116 1759 2173 ob

180 2205 633 2273 multitudinem,
684 2216 738 2261 et
790 2207 1174 2263 enormitatem
1225 2207 1389 2262 etiam
1441 2217 1758 2264 nostrorum

180 2306 535 2367 peccatorum
602 2296 886 2353 deﬂectere
949 2314 1059 2353 non
1117 2300 1314 2354 debere
1376 2299 1446 2354 ab
1495 2299 1759 2355 orationis

181 2390 415 2455 semita;
449 2391 769 2454 secundum,
804 2401 1073 2460 oportere,
1111 2392 1427 2461 priusquam
1457 2392 1756 2462 quidquam

180 2496 213 2533 τι
248 2478 357 2533 Deo
382 2489 650 2549 petamus,
681 2481 955 2537 dimittere
1002 2483 1195 2538 saltem
1248 2483 1499 2538 affectum
1534 2484 1599 2537 ad
1631 2499 1759 2553 pec—

181 2581 391 2636 catum,
428 2580 483 2626 et
520 2573 584 2627 ad
620 2588 802 2628 veram
851 2575 1225 2644 paenitentiam
1270 2575 1636 2645 nosmetipsos
1666 2577 1761 2631 de-

180 2662 514 2718 terminare:
542 2664 587 2718 si
615 2663 729 2718 haec
759 2664 1119 2735 negligantur,
1156 2680 1347 2721 omnes
1393 2675 1608 2721 nostras
1638 2681 1761 2735 pre-

180 2767 280 2808 ces
310 2768 496 2819 vanas,
528 2770 594 2811 ac
621 2755 739 2810 sine
769 2754 951 2811 fructu
979 2755 1343 2825 experiemur,
1373 2771 1439 2809 ne
1464 2754 1596 2826 quid
1624 2755 1763 2810 ulte-

182 2844 302 2900 rius
325 2844 526 2901 dicam.

185 2972 217 3045 ε
259 2971 325 3029 ΙΙ.
372 2975 660 3059 Detimore
698 2976 949 3059 Domini,
982 2979 1211 3059 negotiis
1252 2978 1635 3059 saecularibus,
1665 2993 1762 3046 pa-

347 3049 555 3114 tientia,
586 3049 889 3113 iracundia,
922 3049 1168 3116 tristitia,
1200 3061 1247 3103 et
1278 3051 1605 3119 impuritate.

256 3160 315 3215 ιιι
345 3161 538 3231 primis
588 3164 854 3217 sententia
882 3172 965 3217 est
990 3162 1270 3219 Pastoris:
1324 3162 1532 3218 Timens
1577 3162 1764 3216 Domi-

181 3269 312 3306 num
340 3254 520 3306 omnia
548 3251 682 3306 bona
710 3254 1008 3323 operaberis
1040 3253 1175 3325 (72).
1214 3253 1352 3326 Ergo
1380 3270 1475 3325 per
1505 3255 1754 3309 timorem

183 3342 404 3397 Domini
451 3344 634 3398 omnia
680 3358 977 3414 possumus
1024 3361 1187 3415 opera
1215 3344 1443 3415 justitias
1476 3359 1755 3415 peragere.

183 3434 373 3490 Tradit
400 3435 622 3506 insuper
645 3477 661 3502 ,
688 3436 940 3493 timorem
966 3438 1111 3493 hunc
1139 3438 1508 3494 necessarium
1540 3453 1661 3493 esse
1690 3437 1757 3492 ad

183 3529 441 3596 salutem,
477 3546 573 3600 per
607 3530 757 3585 illum
792 3545 893 3586 nos
926 3540 1203 3601 reportare
1234 3532 1515 3587 victoriam
1542 3531 1610 3585 de
1639 3531 1759 3586 dia-

181 3624 312 3679 bolo
339 3633 393 3678 et
419 3624 723 3677 dominium
749 3639 912 3693 super
937 3624 1088 3678 illum
1118 3639 1391 3686 exercere,
1424 3626 1551 3695 quia
1579 3624 1756 3692 reipsa

181 3732 349 3785 super
395 3731 582 3771 servos
634 3714 730 3770 Dei
783 3716 929 3769 nulla
979 3716 1153 3772 virtus
1202 3717 1277 3771 illi
1326 3719 1505 3772 inest:
1548 3717 1757 3771 Timens

180 3810 323 3862 enim
357 3808 639 3862 Dominum
669 3807 1027 3862 dominaberis
1056 3808 1205 3862 illius
1227 3851 1242 3876 ,
1276 3810 1485 3865 scilicet
1512 3808 1711 3864 diaboli
1740 3848 1756 3873 ,

180 3903 311 3972 quia
358 3902 522 3956 virtus
568 3903 622 3956 in
652 3902 746 3956 illo
775 3902 925 3956 nulla
949 3911 1047 3957 est.
1074 3900 1177 3956 Per
1213 3902 1358 3957 hUnc
1391 3904 1644 3957 timorem
1675 3900 1759 3972 (ut

183 4005 299 4045 uno
330 3991 494 4045 verbo
523 3992 706 4047 omnia
735 3991 1088 4061 complectar)
1115 4007 1147 4046 a
1179 4000 1399 4060 peccato
1426 3992 1756 4055 recedimus,

181 4080 449 4151 justitiam
495 4097 851 4151 exercemus,
897 4092 951 4138 et
998 4084 1085 4153 pie
1128 4082 1382 4139 vivimus.
1416 4083 1562 4138 Time
1592 4084 1760 4154 igitur

183 4174 379 4239 Deum,
402 4176 676 4231 concludit
698 4176 912 4243 Pastor,
938 4188 985 4232 et
1014 4181 1169 4232 vives.
1196 4177 1361 4233 Extra
1385 4193 1601 4233 omnem
1627 4192 1760 4232 con-

184 4267 511 4322 troversiam
557 4278 679 4338 est,
734 4285 1043 4326 sermonem
1095 4271 1184 4325 hic
1214 4270 1401 4337 haberi
1449 4270 1517 4325 de
1564 4270 1759 4325 timore

182 4362 608 4428 supernaturali,
635 4362 701 4415 de
731 4362 824 4416 illo
853 4363 1061 4418 scilicet
1090 4364 1282 4417 timore
1306 4404 1322 4429 ,
1349 4378 1511 4433 quem
1545 4377 1758 4431 semper

184 4452 385 4521 aliquis
426 4470 583 4507 amor
612 4456 902 4509 comitatur
928 4473 943 4522 ;
991 4456 1189 4525 quippe
1213 4456 1392 4525 agitur
1420 4455 1485 4509 de
1517 4454 1713 4509 timore
1737 4495 1755 4520 ,

1861 1915 1923 1971 Si
1977 1932 2099 1986 ergo
2152 1915 2301 1969 scitis
2357 1914 2625 1968 civitatem
2677 1926 2905 1971 vestram
2936 1912 2996 1964 in
3019 1927 3124 1981 qua
3153 1909 3449 1963 habitaturi

1860 2009 2018 2074 estis,
2051 2006 2177 2075 quid
2216 2007 2299 2061 hic
2324 2006 2518 2059 amatis
2555 2021 2710 2074 agros
2750 2013 2799 2057 et
2822 2003 3105 2072 apparatis
3131 2002 3374 2055 lautitias
3398 2011 3449 2056 et

1860 2101 2090 2170 wdiﬁcia
2142 2109 2191 2153 et
2251 2098 2602 2153 habitationes
2652 2094 3045 2166 supervacuas?
3095 2093 3226 2149 Haec
3286 2094 3449 2160 enim,

1858 2193 2015 2251 addit
2049 2193 2295 2262 insuper,
2322 2193 2414 2261 qui
2440 2197 2715 2260 comparat
2745 2190 2802 2242 in
2839 2188 2938 2241 hac
2967 2187 3199 2252 civitate,
3227 2203 3329 2240 non
3359 2202 3453 2239 co-

1859 2286 1994 2357 gitat
2042 2286 2096 2338 in
2148 2300 2302 2338 suam
2363 2284 2629 2337 civitatem
2673 2281 2844 2336 redire
2871 2280 3007 2352 (74).
3045 2278 3303 2334 Doctrina
3330 2279 3451 2333 haec

1861 2378 1948 2447 pia
1999 2390 2064 2430 ac
2120 2375 2375 2445 religiosa
2430 2381 2546 2441 est;
2595 2386 2787 2442 parum
2841 2380 3020 2425 autem
3062 2369 3269 2425 nostris
3296 2367 3451 2423 hisce

1862 2469 2055 2525 diebus
2084 2468 2369 2537 probatur.
2413 2465 2674 2520 Pluribus
2714 2471 2900 2535 posset
2938 2463 3160 2531 insuper
3188 2461 3303 2516 haec
3350 2460 3450 2513 do—

1861 2561 2039 2617 ctrina
2088 2560 2295 2613 larvam
2329 2557 2639 2623 detrahere,
2669 2555 2763 2626 qui
2798 2555 3040 2609 maximo
3075 2561 3362 2608 versantur
3391 2550 3446 2603 in

1860 2669 2068 2719 errore,
2091 2652 2219 2707 dum
2250 2648 2605 2718 sibimetipsis
2636 2648 2965 2717 persuadere
2994 2652 3283 2710 conantur,
3310 2658 3442 2698 con-

1861 2744 2124 2801 ditionem
2172 2741 2412 2797 hominis
2460 2740 2708 2806 viatoris,
2757 2739 2991 2809 hospitis
3044 2745 3098 2792 et
3139 2735 3365 2801 exsulis,
3392 2734 3447 2790 in

1862 2850 1970 2906 qua
1996 2835 2215 2904 proprie
2242 2832 2354 2887 veri
2401 2830 2700 2886 Christiani
2743 2829 2862 2883 idea
2909 2843 2975 2883 ac
3012 2827 3292 2882 character
3311 2841 3448 2881 con~

1862 2925 2027 2990 sistit,
2058 2940 2182 2981 cum
2216 2923 2530 2981 conditione
2560 2920 2932 2991 hominis,qui
2965 2919 3202 2989 negotiis
3236 2918 3451 2973 incum-

1866 3018 1971 3085 bit,
2001 3018 2373 3088 voluptatibus
2430 3015 2693 3086 indulget,
2723 3030 2789 3069 ac
2839 3012 2990 3068 ducit
3040 3012 3094 3065 in
3139 3011 3299 3065 bonis
3331 3008 3449 3066 dies

1864 3126 2018 3177 suos,
2044 3110 2207 3165 simul
2236 3124 2394 3179 posse
2423 3106 2706 3178 conjungi.

1789 3190 1833 3249 C
1932 3197 2179 3253 Pastoris
2223 3195 2575 3251 ratiocinatio
2626 3202 2819 3248 contra
2860 3190 3021 3245 talem
3056 3187 3274 3241 vivendi
3326 3200 3450 3239 mo-

1867 3290 1998 3345 dum
2028 3289 2218 3359 utique
2257 3287 2436 3342 difl‘ert
2461 3295 2576 3340 toto
2612 3285 2752 3340 coelo
2788 3299 2817 3337 a
2850 3282 3205 3352 plurimorum
3243 3286 3447 3332 nostra:

1861 3381 2037 3437 aetatis
2065 3378 2505 3434 Christianorum
2552 3391 2740 3441 sensu,
2766 3389 3019 3429 sermone
3059 3381 3113 3427 et
3150 3370 3326 3441 praxi,
3350 3369 3448 3424 sed

1864 3489 1975 3529 non
2001 3472 2125 3528 ideo
2160 3471 2345 3526 minus
2376 3477 2546 3536 recta,
2581 3468 2766 3523 minus
2784 3464 2984 3531 valida,
3018 3464 3201 3519 minus
3221 3462 3449 3518 euuclu~

1860 3563 2019 3619 dens.

1933 3654 2061 3709 Vult
2088 3654 2253 3725 igitur
2283 3652 2510 3722 angelus
2534 3650 2637 3705 iste
2667 3649 2811 3719 quod
2839 3644 3137 3703 Christiani
3156 3659 3253 3715 pro
3274 3642 3444 3715 agris,

1861 3762 1999 3817 quos
2036 3761 2218 3802 emere
2249 3744 2462 3806 volunt,
2499 3757 2599 3812 pro
2626 3741 2843 3810 palatiis
2890 3739 3275 3807 domibusque,
3308 3753 3446 3806 quas

1859 3839 2052 3893 volunt
2103 3837 2397 3902 aedificare,
2432 3850 2562 3889 suas
2601 3848 2731 3902 opes
2761 3832 3040 3887 insumant
3070 3831 3125 3887 in
3156 3829 3447 3901 erogandis

1860 3928 2241 3998 eleemosynis,
2271 3936 2325 3982 et
2364 3928 2417 3981 in
2467 3924 2645 3979 viduis
2684 3939 2747 3978 ac
2779 3922 3042 3993 orphanis
3092 3920 3446 3978 sublevandis

1860 4023 1915 4077 in
1934 4022 2038 4076 hos
2060 4019 2378 4090 usus,juxta
2395 4018 2676 4073 Pastorem
2701 4015 2814 4085 (75)
2838 4031 2903 4070 ac
2926 4012 3220 4069 Veritatem
3244 4014 3445 4084 ipsam,

1865 4112 2187 4183 temporalia
2216 4111 2359 4165 bona
2390 4107 2628 4178 impendi
2661 4108 2878 4162 debent.

1930 4203 2129 4258 Pastor
2173 4216 2338 4272 super
2386 4199 2727 4271 patientiam,
2774 4205 2829 4251 et
2882 4197 3079 4251 vitium
3132 4194 3445 4266 oppositum

1859 4313 1954 4353 eas
2005 4296 2163 4351 nobis
2222 4294 2600 4350 communicat
2651 4291 3048 4355 institutiones,
3078 4294 3215 4359 quae
3247 4288 3443 4359 negligi

1860 4388 2281 4458 haudquaquam
2336 4395 2585 4456 possunt.
2628 4382 2703 4437 De
2738 4382 2998 4451 patientia
3052 4381 3237 4445 tradit,
3296 4379 3444 4449 quod

1863 4482 2028 4535 homo
2053 4496 2147 4551 per
2176 4478 2494 4549 patientiam
2532 4476 2779 4531 omnium
2804 4489 3028 4544 operum
3062 4470 3449 4542 nequissimo.

182 4558 288 4635 "Pe
312 4544 470 4614 cujus
493 4546 749 4602 mandata
779 4546 874 4602 Dei
898 4548 1275 4614 Observamus'
1300 4557 1355 4603 θί
1372 4547 1599 4616 justiti“!
1628 4562 1761 4616 ope'
1790 4541 1835 4598 Β
1860 4588 1981 4627 rum
2013 4541 2545 4635 etiam-dominatur,
2574 4541 2856 4630 videlicet,
2880 4566 3024 4635 quod
3057 4565 3125 4618 ab
3156 4541 3306 4619 hisce
3347 4578 3451 4632 pa.

180 4634 339 4689 ribus
366 4635 710 4690 inhaeremus.

256 4747 465 4817 Duplici
513 4764 578 4802 ex
629 4749 805 4819 capite
850 4760 1034 4805 monet
1070 4748 1301 4817 Pastor,
1337 4765 1369 4805 a
1413 4749 1751 4820 negotiorum

181 4841 568 4908 temporalium
608 4842 957 4896 multitudine
988 4858 1111 4897 esse
1146 4842 1531 4897 abstinendum
1554 4883 1569 4908 ,
1604 4842 1754 4896 inor-

181 4931 536 5002 dinatamque
583 4935 897 4989 eorumdem
954 4934 1377 4990 sollicitudinem
1413 4950 1535 4990 esse
1569 4934 1757 4989 mode-

179 5025 435 5093 randam,
461 5025 588 5095 quia
610 5027 780 5082 multa
801 5028 1017 5098 negotia
1041 5035 1285 5098 agentes,
1310 5027 1478 5081 multa
1507 5033 1754 5096 peccant,

179 5126 347 5183 atque
378 5131 520 5185 azgre
556 5115 664 5171 Deo
685 5112 899 5172 servire
934 5124 1185 5187 possunt.
1222 5117 1440 5171 Abstine
1472 5127 1540 5184 te,
1580 5118 1656 5171 ait
1687 5116 1755 5172 ad

180 5206 357 5273 illum,
386 5226 417 5261 a
444 5208 622 5263 multis
649 5210 890 5281 negotiis,
919 5222 968 5264 et
992 5210 1126 5263 nihil
1146 5211 1446 5281 delinques;
1464 5211 1756 5280 quicunque

176 5300 319 5353 enim
354 5301 522 5355 multa
551 5306 760 5374 negotia
795 5314 992 5374 agunt,
1031 5304 1201 5358 multa
1236 5305 1588 5376 delinquunt;
1627 5304 1754 5376 quia

254 5530 367 5667 (71)
408 5531 592 5586 Herm.
623 5529 797 5594 Past.,
830 5529 867 5584 l.
899 5546 961 5597 ιι,
989 5530 1231 5585 mandat.
1265 5547 1342 5586 ix.

254 5602 345 5666 (72
407 5602 574 5667 Idem,
603 5599 639 5654 l.
670 5617 731 5666 ιι,
765 5601 947 5655 mand.
981 5616 1077 5655 vn.

253 5599 367 5667 (72)
407 5602 574 5668 Idem,
603 5599 639 5654 l.
670 5617 731 5666 ιι,
765 5601 947 5655 mand.
981 5616 1077 5655 vn.

280 5671 369 5743 75)
404 5671 571 5743 idem,
604 5670 641 5743 l.
677 5686 759 5734 ιιι,
793 5669 960 5743 simil.
991 5686 1065 5743 tv3

281 5740 369 5807 74)
408 5742 574 5805 Idem,
610 5741 647 5796 1.
684 5757 766 5806 ιιι,
800 5740 1083 5794 similitud.
1110 5756 1149 5796 ι.

279 5812 368 5882 75)
400 5811 507 5867 Pro
553 5813 696 5882 agris
733 5827 876 5882 ergo,
909 5827 1036 5883 quos
1072 5827 1238 5866 eruere
1294 5810 1582 5880 volueritis,
1616 5810 1754 5866 redi-

1862 4664 2051 4719 tientia
2088 4662 2363 4716 hominem
2401 4659 2618 4724 avertit,
2651 4659 2796 4727 quod
2851 4657 3118 4725 patientes
3149 4663 3451 4723 operantur

1858 4770 2075 4811 omnem
2098 4752 2388 4823 justitiam,
2413 4749 2648 4819 Spiritus
2673 4757 2896 4802 sanctus
2925 4746 2978 4799 in
3006 4745 3136 4815 ipsis
3158 4744 3365 4797 habitat
3386 4742 3447 4805 in

1860 4861 1995 4919 pace
2017 4861 2243 4916 magna;
2275 4843 2420 4914 quod
2449 4843 2623 4895 virtus
2649 4841 2765 4894 haec
2788 4847 2870 4892 est
2894 4838 3094 4902 valida,
3122 4844 3176 4891 et
3198 4834 3358 4889 fortis
3388 4844 3445 4897 et

1864 4937 2028 4992 habet
2059 4937 2314 4991 virtutem
2365 4947 2643 5003 magnam,
2678 4938 2732 4984 et
2778 4929 3105 4984 honoriﬁcat
3148 4926 3449 4987 Dominum

1867 5031 1923 5086 in
1974 5030 2126 5084 omni
2180 5040 2456 5097 tempore;
2492 5041 2603 5080 uno
2635 5024 2834 5089 verbo,
2867 5023 3011 5093 quod
3047 5021 3138 5091 qui
3178 5035 3305 5075 vere
3348 5034 3445 5089 pa.

1860 5120 2059 5174 tientes
2088 5126 2240 5182 sunt,
2277 5116 2436 5172 facile
2470 5116 2765 5171 observant
2794 5114 2975 5171 omnia
3012 5111 3291 5165 mandata.

1932 5214 2043 5284 (76)
2065 5212 2254 5280 Quoad
2287 5210 2625 5266 iracundiam
2651 5224 2778 5263 vero
2802 5207 2982 5274 docet,
3001 5207 3147 5275 quod
3174 5206 3292 5273 ipsa
3318 5202 3443 5273 Spi.

1860 5306 2026 5362 ritum
2054 5314 2304 5361 sanctum
2329 5302 2672 5367 constristat,
2700 5309 2755 5356 et
2775 5299 2939 5359 corde
2965 5298 3210 5370 expellit,
3236 5295 3438 5355 malum

1862 5529 1989 5582 mite
2027 5527 2231 5579 animus
2276 5524 2340 5577 de
2368 5518 2787 5586 necessitatibus,
2817 5526 2970 5587 prout
2992 5516 3209 5587 quisque
3235 5520 3437 5581 potest:

1859 5608 1914 5672 e_t_
1946 5596 2131 5672 uiduas
2164 5594 2440 5672 absolvite,
2487 5589 3033 5672 orphanisnjndirate
3052 5601 3071 5649 ,°
3196 5598 3437 5672 opem!

1859 5667 2073 5721 divitias
2133 5677 2333 5718 vestras
2385 5665 2440 5716 in
2479 5659 2783 5731 hujusmodi
2848 5659 3090 5727 operibus
3126 5659 3435 5717 consumi“,

1857 5734 2028 5800 Idem,
2066 5735 2185 5789 loco
2219 5735 2312 5789 cit.

1935 5794 2047 5879 (76)
2088 5805 2254 5874 ltlcm,
2282 5804 2373 5862 lib.
2416 5819 2474 5869 ιι,
2501 5801 2687 5861 mand.
2722 5816 2774 5867 v,
2806 5799 2966 5873 capit.
3000 5796 3019 5855 Ι
3058 5805 3110 5851 ct
3136 5794 3189 5856 Ξ.
