3822 6218
122 349 225 407 893
1226 356 1399 413 PAST
1406 359 1518 414 011.
1544 392 1613 404 —
1650 362 1674 416 Ι

1812 365 1854 431 l,
1899 364 2075 421 VISIO
2112 364 2154 420 Ι.
3238 365 3340 421 894

123 460 217 517 Dei
241 461 389 534 (86),
415 461 660 533 cogitans
686 478 851 535 quam
879 465 1168 536 magniﬁca
1202 477 1258 525 et
1285 471 1509 540 pulchra
1550 474 1640 529 sit.
1674 474 1742 529 Et
1768 476 1898 531 dum
1940 478 2324 545 ambulassem,
2355 476 3021 549 obdormivi.‘Et"spiritus
3051 492 3136 532 me
3163 479 3344 547 rapuit

119 566 173 611 et
200 557 324 612 tulit
356 572 446 612 me
480 572 578 627 per
600 559 890 628 quemdam
918 560 1097 617 locum
1128 564 1194 618 ad
1217 566 1520 633 dexteram,
1548 585 1643 640 per
1669 587 1830 640 quem
1856 587 1965 627 non
1999 583 2210 643 poterat
2245 574 2410 629 homo
2470 574 2573 628 iter
2599 572 2797 630 facere.
2824 573 2956 628 Erat
2985 582 3163 627 autem
3191 573 3345 627 locus

122 655 208 709 ille
230 654 284 708 in
313 655 562 725 rupibus,
583 665 637 711 et
666 658 928 727 abruptus
957 658 1092 729 (87),
1123 668 1179 715 et
1204 661 1385 719 invius
1419 665 1487 719 ab
1515 668 1693 735 aquis.
1739 668 1987 739 Cumque
2017 670 2336 725 transissem
2371 670 2550 724 locum
2582 669 2757 734 illum,
2786 668 2908 722 veni
2946 667 3012 721 ad
3042 665 3340 735 planitiem,

118 754 171 801 et
199 745 432 816 genibus
477 747 670 816 positis
698 749 839 819 ccepi
868 767 1026 808 orare
1047 753 1360 824 Dominum,
1393 767 1446 813 et
1475 762 1719 817 conﬁteri
1753 772 1973 832 peccata
2009 780 2148 819 mea.
2178 762 2243 818 Et
2270 772 2461 819 orante
2487 778 2601 829 me,
2633 770 2878 832 apertum
2906 770 2989 815 est
3026 761 3221 815 coelum
3246 776 3260 823 ;
3291 766 3345 813 et

120 839 271 894 video
297 838 582 895 mulierem
613 857 777 910 quam
813 846 1253 916 concupiveram,
1304 853 1628 911 salutantem
1666 872 1752 911 me
1777 857 1844 912 de
1877 859 2037 923 coelo,
2062 869 2117 913 et
2150 860 2415 915 dicentem
2443 878 2456 913 :
2492 857 2711 923 Herma,
2742 872 2858 910 ave.
2889 855 2953 909 Et
2981 870 3082 924 ego
3126 851 3342 922 prospi~

118 930 262 984 ciens
299 930 472 996 illam,
503 932 625 987 dico
659 934 708 988 ei
737 933 851 1005 (88)
881 951 895 989 :
928 935 1179 1005 Domina,
1209 941 1340 1011 quid
1368 951 1425 997 tu
1456 944 1545 999 hic
1584 944 1759 1001 facis?
1794 945 1863 1001 At
1893 949 1984 1001 illa
2015 948 2295 1018 respondit
2325 948 2458 1002 mihi
2489 966 2502 1001 :
2537 945 2768 1015 Recepta
2811 960 2930 999 sum
2958 943 3069 1013 (89)
3099 943 3203 995 huc
3228 938 3341 1010 (90)

119 1034 176 1080 ut
200 1034 422 1096 peccata
449 1036 540 1081 tua
572 1043 795 1099 arguam
824 1030 966 1099 apud
1010 1030 1321 1089 Dominum.
1361 1036 1609 1103 Domina,
1672 1041 1918 1112 inquam,
1974 1058 2103 1096 num
2159 1053 2213 1097 tu
2258 1057 2345 1096 me
2384 1041 2619 1111 argues?
2651 1035 2807 1100 Non,
2849 1034 3045 1104 inquit.
3085 1030 3187 1084 Sed
3216 1028 3343 1082 audi

118 1122 298 1189 verba,
333 1138 458 1193 quas
489 1123 588 1178 tibi
637 1125 847 1180 dictura
870 1142 991 1182 sum
1028 1130 1163 1199 (9i).
1202 1130 1344 1188 Deus
1378 1136 1472 1204 qui
1507 1136 1561 1189 in
1597 1140 1749 1194 caelis
1784 1139 2013 1206 habitat,
2049 1149 2102 1195 et
2135 1140 2376 1195 condidit
2408 1154 2473 1193 ex
2508 1137 2678 1192 nihilo
2712 1151 2773 1190 ea
2810 1149 2931 1202 quae
2955 1139 3083 1187 sunt
3112 1129 3250 1198 (92),
3289 1134 3342 1179 et

121 1218 500 1287 multiplicavit
546 1229 765 1289 propter
796 1230 1041 1277 sanctam
1090 1223 1391 1283 Ecclesiam
1435 1246 1612 1297 suam,
1650 1235 1904 1290 irascitur
1932 1237 2028 1292 tibi
2054 1236 2311 1306 quoniam
2343 1234 2578 1305 peccasti
2613 1234 2666 1287 in
2702 1246 2807 1284 me.
2832 1225 3187 1296 Respondens
3221 1221 3343 1275 dico

121 1313 206 1368 ei:
235 1312 487 1381 Domina,
525 1316 569 1370 si
597 1318 648 1370 in
685 1326 735 1371 te
763 1331 863 1387 ego
896 1321 1136 1387 peccavi,
1172 1322 1263 1376 ubi
1291 1364 1306 1389 ,
1341 1334 1436 1379 aut
1485 1342 1595 1396 quo
1630 1328 1685 1383 in
1720 1330 1841 1391 loco
1863 1372 1876 1397 ,
1912 1340 2007 1385 aut
2039 1331 2258 1401 quando
2292 1329 2390 1384 tibi
2425 1339 2580 1397 turpe
2610 1326 2838 1380 verbum
2872 1318 3092 1389 aliquod
3126 1316 3342 1369 locutus

121 1406 274 1459 sum?
306 1404 503 1460 Nonne
535 1422 748 1478 semper
783 1418 834 1465 te
866 1414 1023 1483 quasi
1057 1416 1336 1472 dominam
1363 1419 1656 1477 arbitratus
1700 1439 1820 1479 sum
1851 1426 1961 1497 (95)
1989 1427 2011 1479 ?
2047 1425 2239 1481 Nonne
2272 1439 2482 1494 semper
2524 1433 2576 1477 te
2614 1421 2879 1476 reveritus
2914 1430 3033 1469 sum
3069 1410 3215 1464 velut
3249 1422 3341 1461 so-

120 1504 337 1557 Torem?
377 1504 519 1570 QUid
555 1508 607 1560 in
643 1523 730 1563 me
764 1512 1195 1570 comminisccris
1224 1517 1335 1587 (94)
1368 1519 1484 1574 haec
1529 1529 1639 1576 tam
1676 1524 1953 1579 nefanda?
1986 1524 2140 1580 Tunc
2173 1526 2263 1580 illa
2310 1523 2558 1579 arridens
2592 1518 2745 1585 mihi,
2790 1516 2864 1569 ait
2894 1532 2907 1566 :
2936 1510 2992 1565 ln
3038 1506 3201 1564 corde
3247 1512 3347 1573 tuo.

122 1597 350 1693 ascendit
385 1602 824 1670 concupiscentia
858 1609 1132 1679 nequitiae.
1193 1611 1387 1668 Annon
1427 1616 1541 1687 (95)
1572 1618 1783 1675 videtur
1810 1622 1927 1688 tibi,
1963 1622 2080 1677 viro
2107 1623 2258 1693 justo
2290 1637 2403 1677 rem
2439 1620 2684 1689 iniquam
2720 1613 2831 1685 (96)
2865 1624 2987 1664 esse
3009 1648 3024 1674 ,
3066 1605 3110 1659 si
3145 1615 3340 1655 ascen-

120 1689 252 1788 derit
282 1692 337 1747 in
379 1695 547 1751 corde
587 1695 699 1768 (97)
730 1701 870 1755 mala
915 1704 1395 1774 concupiscentia?
1444 1709 1735 1768 Peccatum
1785 1725 1870 1770 est
1918 1717 2006 1783 ei,
2041 1689 2349 1788 etvquidem
2383 1715 2608 1787 grande.
2646 1711 2835 1766 Justus
2882 1705 3025 1760 enim
3065 1699 3146 1753 vir
3191 1696 3343 1766 11³⁵⁸³

121 1786 646 1884 cogitat..Cogita-nte
678 1808 806 1884 ergo
839 1796 931 1851 illo
957 1813 1077 1867 qua:
1104 1800 1251 1869 justa
1286 1808 1435 1869 sunt,
1471 1811 1526 1857 et
1551 1813 1700 1860 recte
1724 1820 1790 1861 eo
1824 1786 2228 1874 incedente,ﬁin
2257 1786 2410 1863 cretis
2454 1808 2748 1877 prepitium
2786 1800 3009 1857 habebit
3049 1793 3339 1884 Dominum

121 1876 171 1928 in
197 1876 344 1929 omni
378 1878 600 1946 negotio
625 1895 745 1935 suo.
773 1881 877 1949 Qui
902 1895 1080 1941 autem
1107 1888 1338 1945 nefanda
1364 1891 1605 1961 cogitant
1629 1895 1683 1948 in
1711 1896 1965 1951 cordibus
1992 1898 2129 1964 suis,
2156 1907 2384 1953 mortem
2411 1908 2463 1954 et
2484 1896 2847 1966 captivitatem
2872 1894 3159 1945 assumunt
3191 1881 3339 1949 (98);

123 1975 351 2032 maxime
383 1977 421 2033 ii
458 1981 553 2049 qui
592 1985 849 2040 saeculum
880 1988 984 2044 hoc
1017 1984 1271 2063 diligunt,
1305 2003 1359 2049 et
1390 1995 1696 2066 gloriantur
1722 1994 1778 2049 in
1811 1993 2015 2048 divitiis
2042 1992 2196 2059 suis;
2223 2000 2278 2047 et
2308 1991 2403 2061 qui
2440 2006 2547 2045 non
2583 1994 2903 2057 exspectant
2937 1982 3121 2036 futura
3152 1979 3295 2032 bona
3322 2015 3337 2039 ,

124 2077 416 2125 vacuantur
444 2071 562 2142 (99)
596 2076 791 2131 anima:
823 2094 1037 2136 eorum.
1074 2081 1200 2139 Haec
1230 2096 1414 2140 autem
1448 2085 1657 2140 faciunt
1692 2084 1842 2140 dubii
1870 2083 2041 2154 (100),
2076 2084 2171 2154 qui
2216 2097 2324 2137 non
2360 2082 2561 2135 habent
2599 2094 2749 2149 spem
2784 2077 2839 2129 in
2862 2073 3105 2149 Domino
3142 2070 3251 2137 (1),
3288 2074 3342 2119 et

121 2169 469 2219 contemnunt
494 2174 548 2221 et
580 2169 856 2241 negligunt
881 2173 1049 2228 vitam
1085 2190 1261 2232 suam.
1301 2174 1407 2232 Sed
1440 2185 1519 2243 tu,
1544 2190 1640 2231 ora
1667 2174 1735 2230 ad
1760 2172 2050 2229 Dominum
2080 2190 2095 2240 ;
2121 2182 2173 2227 et
2207 2170 2421 2227 sanabit
2444 2178 2663 2241 peccata
2690 2177 2803 2230 tua,
2837 2163 3112 2230 totiusque
3144 2158 3342 2212 domus

122 2256 220 2305 tua:
248 2260 301 2307 et
331 2255 582 2311 omnium
612 2269 954 2316 sanctorum.

1568 2379 1797 2437 CAPUT
1830 2378 1898 2437 ll.

185 2502 479 2577 Postquam
518 2520 698 2567 autem
734 2514 913 2576 locuta
948 2531 1031 2578 est
1064 2524 1230 2579 verba
1276 2526 1413 2592 haec,
1447 2527 1620 2582 clausi
1656 2537 1785 2584 sunt
1817 2529 1961 2586 coeli.
1998 2527 2065 2584 Et
2107 2544 2208 2600 ego
2242 2536 2390 2583 totus
2423 2540 2571 2582 eram
2608 2524 2662 2578 in
2696 2531 2931 2575 maerore
2965 2522 3017 2568 et
3060 2522 3246 2577 metu,
3286 2517 3342 2563 et

125 2600 358 2660 dicebam
390 2606 535 2661 intra
570 2624 701 2664 me:
763 2610 820 2665 Si
854 2613 960 2667 hoc
1021 2615 1154 2669 mihi
1220 2626 1503 2685 peccatum
1549 2619 1875 2685 ascribitur,
1910 2618 2187 2689 quomodo
2240 2627 2427 2689 potero
2485 2615 2669 2671 salvus
2716 2608 2879 2664 esse!
2910 2606 3019 2661 Aut
3066 2602 3341 2675 quomodo

127 2700 358 2755 exorabo
404 2700 703 2757 Dominum
748 2721 849 2775 pro
897 2710 1134 2777 peccatis
1169 2711 1308 2765 meis
1359 2712 1885 2768 abundantissimis?
1929 2712 2140 2778 Quibus
2183 2712 2260 2782 (2)
2296 2709 2475 2765 verbis
2510 2709 2711 2778 rogabo
2745 2705 3034 2759 Dominum
3061 2744 3075 2769 ,
3113 2711 3169 2756 ut
3208 2700 3340 2755 mihi

126 2788 379 2859 Propitius
426 2792 543 2847 sit?
575 2792 701 2849 Ηίεο
732 2810 821 2850 me
858 2800 1190 2869 recogitante
1231 2810 1285 2855 et
1328 2801 1671 2857 discernente
1705 2804 1758 2858 in
1793 2804 1956 2860 corde
1989 2820 2148 2870 meo;
2204 2802 2361 2857 video
2393 2809 2582 2856 contra
2618 2814 2703 2853 me
2737 2795 3052 2852 cathedram
3088 2793 3153 2848 de
3187 2793 3329 2848 lanis

130 2884 383 2952 candidis,
420 2889 570 2944 sicut
602 2891 715 2955 nix,
749 2891 949 2948 factam
985 2909 1260 2965 magnam.
1298 2894 1365 2951 Et
1397 2898 1545 2951 venit
1572 2898 1768 2953 mulier
1799 2915 1939 2955 anus
1966 2899 2044 2969 (5)
2080 2899 2134 2953 in
2171 2906 2322 2953 veste
2366 2895 2646 2966 splendida
2664 2894 2772 2967 (4),
2810 2892 3018 2947 habens
3052 2891 3247 2944 librum
3283 2888 3340 2943 in

131 2994 321 3049 manu;
359 2992 414 3039 et
448 2985 593 3040 sedit
625 2988 763 3053 sola,
798 2997 854 3043 et
885 2990 1142 3045 salutavit
1176 3008 1261 3047 me
1289 3010 1303 3046 :
1339 2991 1537 3049 Herma
1560 3035 1575 3060 ,
1610 3010 1729 3050 ave.
1761 2994 1829 3050 Et
1859 3011 1960 3064 ego
1994 3005 2226 3051 maestus
2252 3004 2306 3049 et
2338 2994 2583 3063 plorans,
2619 2988 2733 3044 dixi
2762 3004 2776 3041 ;
2813 2985 3043 3040 Domina
3071 3027 3085 3050 ,
3121 2999 3240 3038 ave.
3276 2980 3341 3035 Et

132 3075 212 3131 illa
243 3079 377 3135 dixit
408 3082 548 3136 mibi
580 3101 593 3137 :
631 3081 771 3150 Quid
808 3097 1037 3142 mmstus
1070 3104 1129 3143 es
1154 3130 1169 3155 ,
1203 3084 1403 3145 Herma
1430 3132 1445 3157 ,
1482 3091 1573 3161 qui
1607 3108 1731 3147 eras
1764 3093 2007 3162 patiens,
2046 3102 2099 3149 et
2132 3093 2414 3147 modestus
2437 3132 2453 3157 ,
2488 3098 2542 3144 et
2584 3100 2798 3155 semper
2836 3082 3024 3137 hilaris
3045 3081 3068 3134 ?
3092 3080 3339 3149 Respon-

130 3167 251 3225 dens
276 3170 397 3226 dico
429 3172 521 3227 ei:
558 3172 809 3242 Domina,
837 3180 1167 3233 contumelia
1205 3180 1283 3250 (5)
1310 3182 1444 3235 mihi
1471 3182 1683 3252 objecta
1717 3192 1801 3237 est
1832 3199 1862 3238 a
1910 3184 2137 3239 muliere
2180 3184 2384 3253 optima
2419 3182 2651 3246 dicente,
2688 3181 2831 3253 quod
2861 3179 3075 3251 peccavi
3109 3179 3163 3232 in
3193 3192 3338 3231 eam.

130 3259 191 3315 At
233 3264 318 3318 illa
352 3266 492 3321 dixit
517 3267 648 3321 mihi
677 3287 689 3322 :
727 3268 881 3325 Absit
916 3286 944 3325 a
974 3287 1131 3327 servo
1167 3272 1259 3327 Dei
1295 3290 1381 3330 res
1417 3275 1543 3330 ista.
1583 3274 1689 3330 Sed
1723 3275 1863 3331 forte
1903 3277 1953 3331 in
1981 3278 2145 3333 corde
2177 3287 2269 3332 tuo
2302 3278 2549 3332 ascendit
2581 3277 2728 3331 illius
2760 3272 3200 3344 concupiscentia
3236 3270 3335 3340 (6).

130 3349 217 3407 Est
246 3357 460 3426 quidem
489 3360 545 3415 in
573 3361 746 3416 servis
776 3361 867 3417 Dei
899 3363 1023 3417 talis
1057 3363 1352 3434 c0gitatio,
1392 3377 1675 3434 peccatum
1713 3365 1971 3421 inferens.
2008 3364 2124 3421 Non
2150 3366 2294 3420 enim
2323 3366 2484 3420 debet
2524 3366 2639 3418 haec
2669 3363 2925 3434 cogitatio
2954 3358 3293 3415 abhorrenda
3322 3398 3339 3423 ,

133 3464 239 3505 esse
270 3453 322 3507 in
349 3470 514 3510 servo
548 3455 681 3524 Dei;
712 3472 889 3527 neque
923 3458 1152 3528 spiritus
1180 3460 1256 3529 (7)
1292 3460 1577 3528 probatus,
1614 3462 2003 3531 concupiscere
2034 3462 2238 3516 malum
2273 3476 2442 3530 opus;
2480 3469 2534 3514 et
2568 3460 2837 3530 praecipue
2870 3457 3097 3512 Hermas
3129 3456 3223 3525 qui
3256 3464 3341 3510 est

133 3546 403 3603 continens
437 3550 510 3605 ab
543 3551 693 3605 omni
721 3553 1163 3623 concupiscentia
1188 3553 1265 3623 (8)
1296 3555 1545 3622 scelesta,
1574 3564 1627 3610 et
1652 3564 1736 3610 est
1769 3558 1917 3610 omni
1954 3556 2301 3627 simplicitate
2328 3557 2542 3627 plenus,
2570 3564 2622 3610 et
2648 3559 2961 3614 innocentia
2985 3570 3203 3625 magna.

1547 3716 1776 3772 CAPUT
1812 3717 1898 3773 Ill.

200 3809 570 3874 Verumtamen
609 3837 719 3876 non
750 3837 916 3879 causa
942 3825 1020 3880 tui
1054 3825 1308 3880 irascitur
1336 3825 1635 3895 Dominus;
1669 3828 1761 3883 sed
1804 3837 2025 3899 propter
2053 3830 2276 3885 domum
2312 3840 2484 3895 tuam,
2523 3847 2645 3902 qua:
2682 3830 2835 3885 nefas
2869 3829 3091 3884 admisit
3139 3829 3190 3882 in
3231 3822 3334 3882 Do-

134 3902 325 3961 minum
360 3917 413 3963 et
445 3911 498 3963 in
535 3922 787 3980 parentes
821 3931 971 3971 suos.
1007 3915 1073 3970 Et
1113 3928 1170 3971 tu
1205 3933 1328 3972 cum
1374 3917 1451 3973 sis
1483 3928 1694 3973 amator
1726 3919 1962 3974 ﬁliorum
1987 3962 2002 3986 ,
2042 3936 2149 3975 non
2176 3922 2559 3977 commonuisti
2589 3922 2809 3976 domum
2849 3929 3018 3983 tuam,
3049 3916 3140 3973 sed
3167 3917 3332 3971 dimi-

134 3995 239 4049 sisti
267 3998 384 4054 illos
417 4004 729 4059 conversari
771 4006 1037 4061 violenter
1066 4008 1181 4078 (9);
1216 4017 1438 4077 propter
1473 4008 1578 4063 hoc
1609 4009 1754 4062 enim
1787 4010 2041 4065 irascitur
2086 4011 2182 4065 tibi
2220 4011 2487 4073 (Dominus
2518 4030 2532 4064 :
2572 4010 2665 4066 sed
2710 4009 2923 4064 sanabit
2983 4007 3166 4063 omnia
3219 4004 3332 4076 (l0)

1208 4165 1432 4223 VARUE
1472 4165 1849 4223 LECTIONES
1881 4168 1969 4222 ET
2005 4167 2240 4226 NOTAE.

196 4268 301 4339 (86)
331 4272 533 4329 Desunt
556 4275 661 4332 ista
690 4276 744 4331 in
762 4294 901 4334 mss.
933 4278 990 4333 S.
1016 4279 1197 4334 Germ.
1220 4288 1273 4334 et
1296 4278 1353 4333 S.
1389 4279 1529 4334 Vict.

1849 4282 1960 4349 (99)
1998 4281 2127 4337 Mss.
2152 4279 2610 4353 Angl._uagantur.

333 4340 454 4419 [Iaso
488 4346 614 4419 item
644 4348 841 4419 desunt
871 4350 923 4401 in
950 4360 1180 4419 utroque
1208 4352 1330 4403 cod.

1849 4345 1995 4421 (100)
2041 4345 2280 4421 Δίψυχοῖ.
2318 4345 2466 4406 lianc
2493 4366 2678 4421 vocem
2723 4356 2996 4421 auctorem
3023 4345 3336 4421 Ascripsisse

198 4408 303 4489 (88)
334 4412 422 4468 Sic
443 4432 545 4489 ms_.
569 4415 782 4489 Lamb.:
804 4418 1027 4472 Domina
1047 4408 1178 4485 m'ea,
1203 4421 1328 4489 quid
1350 4420 1460 4473 heic
1481 4421 1505 4472 ἶ)
1529 4417 1675 4475 Prw-

136 4488 270 4559 cepta
298 4497 410 4535 sum
441 4503 473 4538 a
509 4485 768 4551 Domino,
807 4498 863 4541 ut
903 4502 1116 4558 peccata
1157 4485 1247 4543 tua
1276 4506 1515 4559 arguam.
1569 4491 1676 4544 Do-

139 4562 295 4625 mina.
318 4568 450 4625 nunc
476 4564 536 4625 tu
564 4573 643 4609 me
667 4559 846 4625 arguis
871 4559 896 4611 ?

335 4621 434 4696 Ms.
459 4624 641 4680 Carm.
677 4619 965 4696 Praecpta.
999 4629 1141 4684 sicut
1157 4631 1318 4685 modo
1345 4628 1534 4683 Lamb.

201 4688 306 4757 (90)
336 4690 494 4748 Deest
518 4696 618 4748 huc
654 4698 708 4750 in
742 4688 897 4751 codd.
929 4696 985 4751 S.
1018 4698 1199 4753 Germ.
1228 4708 1282 4754 et
1306 4699 1361 4754 S.
1391 4698 1530 4753 Vict.

199 4759 305 4894 (9i)
337 4760 522 4843 Lamb.
552 4777 605 4819 et
632 4768 813 4820 Carm.
846 4769 1039 4838 incipio
1062 4770 1253 4824 dicere.

220 4828 304 4894 92)
336 4831 466 4888 Vide
491 4834 630 4889 infra
666 4837 761 4891 lib.
786 4853 844 4894 11.
869 4840 1052 4892 mand.
1082 4856 1123 4893 1.
1166 4840 1253 4893 Lai

220 4828 306 4900 92)
336 4831 466 4888 Vide
491 4834 630 4889 infra
666 4837 761 4891 lib.
786 4853 844 4900 ιι,
869 4828 1052 4892 ῐῐιδίιό.
1082 4856 1123 4893 1.
1166 4840 1373 4895 Laudat
1409 4839 1553 4892 hunc
1589 4838 1674 4891 lo-

137 4908 249 4977 cum
280 4901 531 4977 0rigenes
556 4915 684 4977 tom.
710 4907 726 4960 l
748 4905 1037 4963 Comment.
1059 4910 1112 4961 in
1131 4909 1327 4963 Jounn.
1353 4926 1390 4975 1,
1416 4909 1466 4963 1.
1492 4908 1677 4962 Graeca

140 4963 441 5045 Origeniana
478 4976 810 5045 protulimus
842 4993 1003 5045 supra
1052 4981 1193 5033 inter
1238 4963 1487 5034 Veterum
1524 4978 1678 5031 testi-

139 5038 402 5116 προπίω-εχ
428 5038 555 5098 edit.
576 5045 657 5099 Cl.
679 5045 856 5101 lluetii
878 5038 1356 5116 a'praacedentibus
1378 5049 1677 5104 editoribus

141 5098 363 5163 Pastoris
384 5116 604 5168 omissa.

207 5177 307 5255 (93)
344 5180 527 5236 Lamb.
578 5183 721 5238 Nunt
772 5204 973 5255 semper
1022 5200 1069 5242 te
1113 5207 1173 5243 ac
1229 5191 1276 5244 si
1325 5190 1496 5244 deant.
1553 5188 1674 5242 Mox

144 5253 429 5374 ἓξἝὲξὲ
477 5256 744 5322 reveritus,
791 5253 970 5313 Fel’lus
999 5260 1218 5315 exhibet
1260 5261 1455 5314 veritus
1493 5260 1546 5314 in
1578 5275 1675 5314 sua

341 5388 523 5469 Lamb.
557 5393 698 5469 Quid
734 5398 835 5450 mei
866 5402 1310 5456 commcmoraris.

210 5453 311 5523 (95)
343 5457 522 5516 Lamb.
551 5453 655 5519 Ᾰιιι
680 5482 802 5520 non.

211 5523 312 5595 (96)
346 5528 467 5586 Mss.
499 5532 680 5589 Carm.
712 5546 765 5590 et
801 5537 990 5594 Lamb.
1018 5557 1231 5595 swvam.

210 5592 310 5662 (97)
340 5596 519 5657 Lamb.
548 5605 697 5659 addit
729 5607 895 5664 illius.
940 5592 1377 5669 ’S‘icﬂetmli‘ellus.
1428 5611 1491 5669 Et
1545 5627 1660 5668 mo1

152 5655 398 5749 ῖάςῐτξιηξῐιις.
423 5673 724 5749 mequidem
754 5655 1018 5749 magnum:

218 5732 317 5797 (98)
346 5732 653 5800 Ιιεηὼίεὶὸἰ
682 5732 971 5804 ασειιηῖωιι.

1776 4438 1839 4477 ex
1857 4415 2039 4475 Clem.
2071 4415 2223 4476 Alex.
2248 4422 2531 4476 discimus.
2566 4420 2685 4473 Vid.
2716 4420 2771 4473 S.
2805 4419 2921 4473 Jac.
2952 4434 2990 4482 1,
3018 4416 3071 4469 8.
3101 4415 3332 4470 Flauus.

1776 4523 1846 4534 ——
1870 4491 2045 4546 Locus
2067 4493 2219 4545 Alex.
2247 4501 2421 4546 exstat
2441 4495 2661 4559 Στρωμ.
2693 4492 2784 4543 lib.
2811 4506 2847 4551 1,
2873 4486 3102 4559 cap.29,
3130 4485 3333 4559 p.426,

1778 4563 1871 4616 sed
1918 4562 2137 4629 respicit
2164 4563 2266 4621 vis.
2310 4578 2391 4627 111,
2424 4555 2543 4630 cap.
2595 4555 2650 4615 Il.
2678 4559 2891 4613 Videsis
2936 4555 3097 4610 etiam
3140 4555 3331 4630 lib;_11,

1723 4636 1727 4641 '
1778 4632 1961 4685 mand.
2009 4625 2085 4685 ix.
2140 4625 2618 4699 Eadem.'quoque
2648 4645 2749 4683 vox
2797 4638 3091 4699 usurpatur
3138 4625 3334 4699 a__C_le-

1777 4710 1957 4755 mente
1982 4700 2248 4765 Romano,
2283 4693 2451 4769 Episi.
2484 4699 2511 4752 I
2530 4693 2607 4754 'ad
2634 4700 2756 4753 Cor.
2814 4693 3048 4765 can—‘23,
3076 4693 3330 4769 e_t__Epist.

1778 4769 1866 4840 11,
1894 4787 2012 4840 cap.
2051 4772 2134 4825 11.
2168 4765 2431 4825 Οεῖιιρὲυηι
2464 4772 2607 4840 hunc
2648 4769 3064 4840 Hermzelocum
3103 4765 3335 4819 illustrat

1778 4838 2154 4895 Dodwellusin
2184 4841 2403 4895 dissert.
2430 4840 2506 4894 De
2529 4839 2681 4894 Rom.
2706 4838 2896 4909 pontii.
2926 4852 3177 4898 success.,
3208 4850 3328 4903 cap.

1778 4910 1926 4982 ll,_§
1959 4911 2011 4982 gi,
2037 4927 2158 4981 pag.
2192 4911 2313 4965 160.

1847 4980 1923 5050 (1)
1957 4980 2148 5035 Lamb.
2179 4981 2303 5036 Deo.

1847 5051 1925 5119 (Ξ)
1956 5050 2147 5106 Lamb.
2175 5052 2461 5120 pessimis?
2491 5051 2734 5116 Quantis.

1847 5117 1925 5189 (5)
1960 5117 2183 5175 υἱεῖ-οηξ
2207 5123 2261 5174 in
2295 5122 2423 5175 Osee
2446 5137 2542 5184 v11,
2567 5122 2619 5175 9.
2648 5120 2858 5175 Hermae
2878 5119 3103 5189 primum
3129 5117 3335 5170 videtur

1776 5189 2016 5245 Ecclesia
2050 5208 2178 5245 cano
2201 5195 2388 5260 capite.

1871 5262 1923 5331 4)
1956 5260 2143 5315 Lamb.
2172 5257 2419 5315 candida.
2447 5260 2510 5314 Et
2535 5276 2681 5329 mox,
2706 5261 2990 5331 singularis
3021 5274 3117 5328 pro
3141 5257 3275 5312 sola.

1870 5330 1923 5397 5)
1956 5330 2085 5401 Mss.
2121 5331 2278 5401 Angl.
2318 5331 2559 5385 lascivia.

1849 5401 1922 5462 (6)
1953 5400 2052 5455 Ms.
2075 5401 2130 5454 S.
2158 5399 2340 5455 Germ.
2373 5402 2489 5464 illa,
2515 5401 2715 5456 omissa
2743 5417 2872 5458 voce
2889 5399 3325 5469 concupiscentia.

1846 5471 1924 5539 (7)
1959 5470 2057 5525 Ms.
2082 5471 2263 5526 Carm.
2291 5472 2505 5539 spiritu.

1845 5541 1921 5606 (8)
1954 5540 2144 5594 Lamb.
2178 5541 2481 5609 pollutione.

1848 5610 1925 5680 (9)
1960 5609 2147 5665 Lamb.
2180 5620 2233 5665 et
2261 5610 2441 5667 Carm.
2480 5612 2766 5667 conviolari
2793 5628 2943 5667 strue.

1848 5677 1961 5751 (l0)
1997 5681 2186 5753 Lamb.
2219 5682 2427 5736 sanavit
2457 5684 2634 5737 omnia
2658 5700 2774 5753 qua
2804 5692 2925 5736 ante
2955 5690 3098 5753 gesta
3126 5688 3245 5734 sunt
3270 5677 3325 5730 in

1774 5752 1928 5806 domo
1961 5762 2051 5806 tua
2079 5751 2241 5806 mala.
