3822 6218
459 234 563 291 899
1900 231 1960 288 S.
2004 230 2268 288 BER”
3578 256 3585 260 ·
3617 236 3713 291 Μ

457 357 718 411 domine?
747 355 811 411 Et
840 356 973 411 dixit
1001 355 1132 410 mihi
1161 375 1174 410 :
1204 354 1445 413 Ecclesia
1478 356 1697 411 Deiest.
1727 356 1789 411 Et
1814 357 1925 417 disi
1960 356 2028 412 ad
2069 357 2222 412 illum
2252 374 2265 410 :
2295 354 2476 423 Quare
2508 372 2639 428 ergo
2668 372 2810 413 anus
2837 356 2959 413 est?
2993 353 3264 424 Quoniam
3290 393 3309 420 ,
3341 350 3574 423 inquit.
3603 368 3713 407 om-
3786 350 3809 391 '4

456 444 607 503 nium
637 448 811 518 prima
850 456 1032 503 creata
1063 456 1166 512 est,
1195 448 1315 504 ideo
1344 463 1482 503 anus
1503 466 1518 514 ;
1543 456 1597 503 et
1640 456 1861 523 propter
1890 448 2036 502 illam
2069 449 2305 503 mundus
2334 447 2511 505 factus
2537 458 2641 505 est.
2670 448 2802 505 Post
2829 450 2947 507 haec
2973 458 3156 505 autem
3185 448 3466 504 visionem
3505 446 3626 500 vidi
3664 448 3713 502 in

465 545 634 601 domo
665 561 815 611 mea;
849 554 903 601 et
929 544 1077 599 venit
1102 544 1192 598 illa
1225 556 1385 607 anus,
1414 549 1465 594 et
1498 539 1847 608 interrogavit
1870 554 1976 605 me,
2005 539 2052 593 si
2071 539 2184 609 jam
2218 539 2460 594 libellum
2492 539 2607 609 (56)
2633 539 2904 595 dedissem
2928 538 3273 595 senioribus?
3297 535 3366 590 Et
3394 537 3711 607 respondi:

455 638 651 695 Adhuc
682 656 812 695 non.
845 638 916 693 At
942 640 1033 693 illa
1062 638 1201 694 dixit
1234 655 1246 690 :
1274 634 1418 690 Bene
1452 633 1662 699 fecisti;
1703 634 1877 688 habeo
1907 635 2053 688 enim
2089 635 2340 704 quaedam
2372 635 2539 689 verba
2570 636 2785 690 edicere
2806 636 2925 691 tibi.
2957 635 3095 690 Cum
3123 644 3303 690 autem
3342 650 3715 690 consumma-

454 745 586 786 vero
630 732 814 785 omnia
839 731 1002 785 verba
1027 772 1041 795 ,
1069 737 1253 799 aperte
1280 727 1525 782 scientur
1562 726 1632 779 ab
1658 725 1847 780 electis
1875 725 2010 795 (57).
2041 724 2261 781 Scribes
2290 741 2421 795 ergo
2454 727 2593 781 duos
2626 726 2867 791 libellos,
2908 735 2963 781 et
2994 730 3176 781 mittes
3204 742 3370 781 unum
3401 725 3711 789 Clementi,

452 831 506 876 et
536 838 704 877 unum
736 822 955 892 Grapta:
986 821 1123 889 (58).
1158 818 1333 872 Mittet
1361 826 1541 871 autem
1568 816 1821 872 Clemens
1850 817 1905 870 in
1931 825 2147 871 exteras
2176 817 2461 883 civitates;
2497 818 2574 871 illi
2599 817 2744 872 enim
2769 818 3093 887 permissum
3123 826 3243 873 est:
3268 817 3479 887 Grapte
3522 828 3713 873 autem

452 918 819 971 commonebit
848 918 1038 972 viduas
1058 926 1113 972 et
1136 915 1431 983 orphanos.
1462 912 1543 967 Tu
1568 921 1751 967 autem
1789 913 1934 982 leges
1960 914 2015 968 in
2048 914 2153 968 hac
2173 914 2393 969 civitate
2422 929 2547 969 cum
2572 915 2882 970 senioribus
2904 915 2997 983 qui
3026 924 3269 984 praesunt
3296 916 3601 971 Ecclesiae.

524 1028 639 1082 Ista
667 1030 742 1083 sic
769 1029 1016 1101 leguntur
1037 1032 1177 1100 apud
1204 1031 1514 1103 Origenem,
1538 1029 1847 1083 Pbilocalize
1875 1045 1994 1098 cap.
2023 1030 2075 1095 i,
2108 1045 2172 1083 ex
2199 1030 2292 1085 lib.
2322 1046 2397 1097 tv,
2424 1048 2541 1101 cap.
2572 1030 2639 1097 2,
2672 1030 2747 1085 De
2771 1031 3071 1101 principiis,
3098 1034 3378 1102 interprete
3397 1031 3648 1087 Ruﬁno.

525 1150 588 1203 Et
622 1153 814 1207 scribes
844 1154 975 1207 duos
1003 1152 1201 1207 libellos
1222 1193 1239 1218 ,
1260 1164 1309 1208 et
1351 1152 1498 1207 dabis
1528 1164 1688 1205 unum
1728 1150 2015 1218 Clementi,

446 1254 494 1296 et
519 1260 679 1297 unum
705 1244 935 1313 Graplw.
980 1245 1045 1298 Et
1089 1244 1279 1315 (Imple
1319 1246 1524 1311 quidem
1567 1253 1886 1297 commoneat
1937 1245 2015 1297 vi-

2214 1248 2457 1317 Γραπτῇ.
2497 1248 2602 1299 Καὶ
2636 1246 2857 1319 Γραπτὴ
2892 1247 2989 1317 μὲν
3029 1244 3336 1315 νουθετήσει
3372 1243 3481 1306 τὰς
3528 1246 3711 1314 χήρας

445 1338 580 1391 duas
628 1350 672 1391 el
727 1345 1007 1405 orphanos.
1058 1336 1294 1392 Clemens
1333 1354 1450 1391 vero
1486 1338 1657 1389 mittat
1702 1353 1793 1403 per
1843 1353 2015 1391 omnes

2174 1338 2208 1389 ιὶ
2238 1340 2363 1401 τοὺς
2403 1339 2686 1411 ὀρφανούς.
2723 1338 2951 1409 Κλήμης
2993 1338 3047 1390 δὲ
3094 1337 3293 1408 πέμψει
3332 1338 3412 1398 εὶς
3461 1336 3566 1399 τὰς
3606 1337 3713 1400 ἔξω

445 1430 679 1483 civitates
703 1447 819 1499 qum
844 1430 973 1498 foris
1015 1440 1158 1484 sunt.
1188 1428 1263 1482 Tu
1288 1444 1404 1483 vero
1438 1429 1777 1482 annuntiabit
1804 1430 2015 1498 presby-

2174 1429 2313 1493 Βλεις.
2376 1431 2446 1483 Σὺ
2498 1431 2554 1485 δὲ
2608 1428 2922 1498 ἀναγγελεῖς
2968 1432 3081 1493 τοῖς
3146 1429 3542 1501 πρεσϐυτέρας
3608 1429 3709 1498 τῆς

446 1526 571 1576 teris
599 1520 867 1577 Eccleriw.

2128 1521 2323 1593 Ἐκκλη
2332 1522 2469 1585 σίας.

1876 1642 2089 1705 VISIO
2128 1644 2243 1705 Ill.

684 1762 771 1821 De
797 1764 1248 1843 triumphantis
1278 1765 1571 1829 Ecclesiae
1613 1776 1956 1834 structura,
1992 1774 2048 1826 et
2082 1766 2280 1827 variis
2307 1766 2623 1827 hominum
2650 1767 3062 1846 reproborum
3090 1768 3446 1831 ordinibus.

1910 1894 2137 1951 CAPUT
2176 1894 2217 1951 Ι.

514 1985 666 2041 Visio
692 2005 855 2059 quam
882 1991 1027 2057 vidi,
1054 1990 1283 2056 fratres,
1316 1992 1457 2047 visio
1481 1991 1603 2047 talis
1628 2000 1763 2047 erat.
1798 1991 1933 2046 Cum
1965 1991 2295 2062 jejunassem
2328 1990 2658 2062 frequenter,
2692 2000 2744 2045 et
2774 2001 3025 2060 precatus
3055 2004 3229 2045 essem
3265 1987 3560 2042 Dominum
3584 2029 3601 2053 ,
3640 1998 3700 2041 ut

440 2080 575 2134 mihi
606 2082 917 2135 ostenderet
954 2082 1337 2136 revelationem
1358 2123 1373 2149 ,
1398 2097 1562 2153 quam
1594 2082 1865 2151 pollicitus
1895 2092 1981 2135 est
2006 2080 2291 2136 ostendere
2318 2097 2414 2151 per
2442 2097 2607 2137 anum
2645 2081 2825 2147 illam;
2850 2082 3039 2136 eadem
3069 2089 3227 2135 nocte
3256 2080 3515 2150 apparuit
3553 2080 3694 2133 mihi

438 2191 581 2230 anus
609 2175 697 2229 illa
722 2216 737 2241 ,
782 2184 834 2229 et
863 2176 998 2229 dixit
1038 2176 1169 2229 mihi
1200 2194 1212 2229 :
1240 2177 1510 2242 Quoniam
1536 2177 1615 2231 sic
1657 2178 1881 2247 langues
1908 2175 2043 2246 (59),
2077 2188 2130 2231 et
2161 2177 2424 2232 sollicitus
2450 2193 2510 2232 es
2546 2176 2612 2230 ad
2648 2176 2927 2231 sciendum
2957 2178 3170 2243 omnia;
3204 2177 3327 2231 Veni
3362 2176 3414 2229 in
3454 2191 3654 2246 agrum
3674 2216 3692 2242 ,

439 2270 532 2323 ubi
563 2270 673 2336 vis;
704 2278 757 2323 et
783 2269 924 2324 circa
958 2270 1147 2324 horam
1175 2281 1381 2325 sextam
1409 2270 1769 2325 manifestabo
1799 2285 1884 2325 me
1908 2272 2025 2337 tibi,
2051 2281 2103 2325 et
2126 2273 2405 2326 ostendam
2436 2273 2531 2327 tibi
2562 2288 2682 2343 quae
2707 2280 2951 2341 oporteat
2977 2281 3027 2325 te
3050 2269 3254 2323 videre.
3279 2266 3487 2336 Rogavi
3513 2266 3689 2329 illam,

366 2386 371 2389 ·
434 2362 624 2419 dicens
664 2383 674 2416 :
710 2362 937 2417 Domina
959 2404 973 2429 ,
1004 2363 1056 2416 in
1090 2377 1250 2433 quem
1277 2362 1451 2416 locum
1476 2361 1631 2433 agri?
1658 2360 1797 2426 Ubi,
1832 2361 2038 2431 inquit,
2065 2362 2147 2417 vis
2170 2404 2184 2428 ,
2206 2362 2340 2432 elige
2377 2364 2552 2416 locum
2586 2363 2821 2429 bonum,
2851 2374 3139 2418 secretum.
3166 2363 3468 2432 Antequam
3500 2368 3692 2414 autem

437 2457 585 2527 loqui
616 2457 727 2527 (60)
756 2458 1075 2528 coepissem,
1111 2468 1163 2512 et
1194 2456 1374 2511 dicere
1404 2457 1455 2511 ei
1488 2458 1666 2512 locum
1689 2496 1705 2522 ,
1738 2456 1814 2510 ait
1846 2456 1979 2510 mihi
2009 2477 2021 2511 :
2055 2455 2277 2510 Veniam
2305 2458 2394 2510 ubi
2425 2458 2526 2512 vis.
2555 2456 2653 2510 Fui
2677 2472 2839 2527 ergo,
2870 2457 3095 2520 fratres,
3137 2456 3189 2509 in
3226 2470 3388 2526 agro,
3410 2462 3467 2507 et
3498 2452 3693 2507 obser-

436 2553 559 2607 vavi
592 2553 705 2623 (6l)
741 2553 937 2619 horas;
968 2562 1021 2607 et
1059 2556 1179 2607 veni
1210 2554 1262 2607 in
1298 2554 1474 2607 locum
1504 2554 1595 2607 ubi
1622 2554 2013 2608 constitueram
2054 2554 2102 2607 ei
2135 2556 2337 2608 venire.
2372 2553 2435 2609 Et
2478 2554 2636 2608 video
2664 2554 2979 2608 subsellium
3006 2553 3264 2624 positum.
3291 2550 3417 2604 Erat
3442 2552 3691 2607 cervical

436 2648 636 2703 lineum
669 2647 815 2717 (62);
848 2656 902 2703 et
932 2664 1094 2717 super
1125 2648 1347 2702 linteum
1378 2633 1687 2719 expansum.
1716 2648 2085 2704 carbasinum.
2117 2648 2317 2705 Videns
2348 2650 2461 2704 haec
2492 2650 2702 2720 posita,
2732 2658 2787 2704 et
2819 2651 3089 2707 neminem
3119 2664 3241 2703 esse
3283 2648 3340 2701 in
3362 2647 3538 2713 'loeo;
3569 2655 3692 2700 stu-

438 2761 567 2815 pere
599 2746 759 2815 coepi,
791 2756 844 2800 et
872 2747 1050 2816 capilli
1092 2746 1197 2801 mei
1220 2757 1646 2801 exsurrexerunt
1669 2745 1802 2817 (63),
1829 2755 1883 2800 et
1910 2746 2067 2815 quasi
2101 2746 2296 2800 horror
2324 2747 2435 2817 (64)
2469 2763 2554 2800 me
2584 2747 3019 2816 comprehendit,
3044 2762 3167 2801 cum
3199 2760 3373 2799 essem
3398 2744 3575 2797 solus.
3603 2742 3689 2794 Ad

436 2851 525 2889 me
552 2834 664 2906 (65)
698 2847 877 2889 autem
910 2851 1183 2902 reversus,
1207 2844 1259 2890 et
1281 2845 1614 2891 memoratus
1638 2837 1861 2907 gloriam
1889 2836 1999 2909 (66)
2028 2836 2145 2901 Dei,
2177 2846 2230 2891 et
2258 2846 2472 2908 accepta
2498 2838 2745 2902 audacia,
2770 2836 2957 2907 positis
2982 2835 3227 2906 genibus,
3253 2831 3552 2887 conﬁtebar
3576 2830 3692 2884 Deo

436 2924 631 2980 iterum
658 2935 877 2996 peccata
921 2941 1040 2997 qua:
1084 2928 1254 2997 prius.
1286 2926 1423 2983 Ecce
1461 2929 1607 2983 venit
1638 2929 1765 2983 illnc
1803 2944 1925 2983 cum
1952 2928 2245 2996 juvenibus
2291 2943 2421 2995 sex,
2453 2944 2593 2998 quos
2630 2935 2685 2982 et
2715 2936 2839 2983 ante
2873 2926 3153 2995 videram;
3181 2936 3233 2981 et
3256 2925 3402 2979 stetit
3431 2934 3562 2993 post
3598 2940 3693 2979 me

414 3031 686 3080 orantem,
720 3027 773 3073 et
801 3020 1056 3075 audiebat
1083 3033 1169 3073 me
1202 3025 1448 3072 orantem
1489 3025 1542 3073 et
1568 3016 1913 3072 conﬁtentem
1946 3016 2176 3073 Domino
2204 3027 2425 3088 peccata
2470 3033 2608 3073 mea.
2642 3015 2707 3072 Et
2740 3027 2967 3088 tangens
2994 3016 3269 3081 me,'dixit
3297 3034 3311 3069 :
3348 3015 3549 3068 Desine
3576 3014 3698 3083 jam

416 3128 517 3184 pro
541 3113 775 3185 peccatis
802 3113 909 3168 tuis
938 3121 1145 3166 tantum
1173 3125 1352 3166 orare.
1385 3109 1493 3165 Ora
1516 3120 1570 3165 et
1599 3125 1698 3181 pro
1721 3109 1955 3180 justitia,
1987 3118 2046 3164 ut
2076 3110 2312 3181 accipias
2344 3120 2549 3180 partem
2578 3126 2645 3165 ex
2671 3124 2734 3165 ea
2759 3108 2827 3163 'in
2861 3110 3023 3165 domo
3056 3121 3179 3164 tua.
3198 3108 3265 3163 Et
3286 3108 3463 3162 erexit
3502 3123 3591 3162 me
3629 3108 3702 3161 de

417 3208 559 3275 loco,
594 3215 648 3262 et
678 3196 1028 3278 apprehendit
1050 3218 1270 3259 manum
1302 3218 1502 3267 meam,
1529 3213 1582 3258 et
1604 3202 1829 3258 adduxit
1858 3202 1971 3273 (67)
2005 3217 2093 3257 me
2118 3202 2184 3257 ad
2217 3203 2557 3269 subsellium,
2586 3214 2641 3257 et
2674 3204 2750 3257 ait
2783 3202 2886 3257 illis
2907 3202 3201 3271 juvenibus
3235 3221 3247 3255 :
3291 3202 3385 3265 Ite,
3422 3210 3483 3254 et
3516 3198 3701 3257 aedili-

414 3309 555 3357 cate.
587 3298 881 3365 Postquam
910 3306 1087 3352 autem
1117 3295 1485 3351 discesserunt
1509 3293 1758 3363 juvenes,
1783 3303 1837 3350 et
1867 3309 1967 3349 nos
2004 3293 2105 3349 soli
2136 3292 2337 3349 fuimus
2364 3294 2497 3365 (68),
2525 3295 2597 3349 ait
2623 3294 2753 3348 mihi
2786 3314 2798 3348 :
2829 3293 2968 3349 Sede
3004 3295 3109 3349 hic.
3143 3293 3272 3350 Dico
3297 3297 3347 3350 ei
3373 3314 3387 3349 :
3424 3295 3700 3351 Domina.

415 3399 535 3456 sine
563 3397 806 3454 seniores
847 3403 973 3449 ante
1016 3394 1219 3448 sedere.
1248 3391 1402 3458 Quod
1432 3392 1529 3447 tibi
1572 3390 1715 3456 dico,
1750 3391 1945 3462 inquit,
1977 3393 2124 3448 sede.
2160 3393 2408 3462 Cumque
2450 3392 2638 3445 vellem
2682 3390 2871 3445 sedere
2899 3390 2965 3444 ad
3002 3391 3280 3445 dexteram
3313 3400 3549 3460 partem,
3578 3408 3698 3445 non

416 3498 502 3545 est
538 3504 734 3558 passa;
763 3487 857 3542 sed
890 3487 1165 3541 annuebat
1195 3485 1329 3539 mihi
1363 3500 1549 3551 manu,
1584 3492 1644 3538 ut
1667 3484 1733 3538 ad
1761 3485 2037 3541 sinistram
2063 3495 2272 3556 partem
2309 3484 2571 3541 sederem.
2597 3483 2880 3555 Cogitante
2913 3482 3021 3552 (69)
3054 3491 3233 3538 autem
3268 3499 3372 3545 me,
3405 3494 3461 3537 et
3490 3496 3700 3539 maesto

416 3582 731 3645 exsistente,
762 3580 908 3650 quod
937 3595 1042 3635 non
1072 3578 1199 3635 sivit
1221 3594 1307 3634 me
1337 3579 1404 3634 ad
1427 3577 1705 3635 dexteram
1732 3589 1938 3649 partem
1971 3581 2177 3645 sedere,
2215 3581 2292 3635 ait
2328 3580 2461 3634 mihi
2492 3597 2505 3633 :
2538 3577 2677 3645 Quid
2709 3586 2938 3633 mmstus
2968 3592 3026 3632 es
3051 3616 3066 3642 ,
3106 3575 3340 3631 Herma?
3372 3576 3562 3632 Locus
3595 3579 3699 3645 qui

418 3685 503 3732 est
548 3676 613 3730 ad
661 3675 973 3740 dexteram,
1021 3674 1236 3729 illorum
1272 3682 1357 3728 est
1399 3674 1494 3745 qui
1534 3674 1647 3744 jam
1694 3686 2010 3731 meruerunt
2047 3675 2253 3740 Deum,
2301 3685 2355 3730 et
2387 3676 2535 3745 passi
2578 3684 2708 3731 sunt
2750 3690 2915 3730 causa
2962 3674 3201 3729 nominis
3233 3674 3355 3743 ejus
3390 3673 3533 3743 (70).
3570 3673 3701 3729 Tibi

417 3776 599 3822 autem
628 3775 876 3837 superest
908 3765 1242 3830 multum,ut
1272 3779 1397 3818 cum
1439 3766 1546 3820 illis
1585 3766 1798 3821 sedeas.
1846 3766 1998 3822 Sicut
2040 3782 2259 3835 manes,
2296 3766 2352 3821 in
2400 3767 2746 3838 simplicitate
2788 3776 2881 3821 tua
2915 3782 3191 3837 permane,
3227 3775 3280 3820 et
3308 3767 3529 3821 sedebis
3566 3782 3702 3823 eum

421 3862 552 3930 illis,
579 3872 635 3918 et
662 3863 971 3934 quicunque
994 3859 1200 3916 fuerint
1228 3861 1435 3930 operati
1470 3862 1686 3917 illorum
1722 3876 1909 3931 opera,
1940 3871 1992 3916 et
2019 3862 2382 3917 sustinuerint
2412 3860 2535 3933 qua:
2587 3861 2664 3917 illi
2696 3861 3090 3917 sustinuerunt.

1883 3950 2110 4009 CAPUT
2149 3950 2212 4006 ll.

504 4054 635 4110 Dico
684 4055 733 4109 ei
772 4078 781 4109 :
816 4053 1077 4119 Domina,
1114 4050 1303 4105 vellem
1349 4050 1490 4103 scire
1536 4064 1657 4118 quae
1705 4047 2109 4101 sustinuerunt.
2157 4044 2337 4110 Audi,
2379 4044 2601 4114 inquit:
2634 4041 2801 4097 Feras
2832 4037 3033 4095 bestias
3060 4077 3075 4102 ,
3116 4029 3351 4097 ﬂagella,
3381 4039 3683 4101 carceres,

430 4162 623 4201 cruces
643 4188 658 4212 ,
698 4160 864 4199 causa
890 4144 1127 4198 nominis
1157 4143 1276 4212 ejus
1309 4142 1444 4210 (7i).
1475 4140 1700 4210 Propter
1728 4141 1831 4195 hoc
1852 4180 1866 4205 ,
1901 4141 2115 4194 illorum
2148 4150 2274 4194 sunt
2303 4138 2509 4193 dextra:
2538 4147 2719 4208 partes
2753 4134 3059 4191 sanctitatis
3081 4172 3095 4197 ,
3128 4137 3181 4183 et
3210 4124 3464 4196 quisquis
3495 4121 3683 4212 patiaf

432 4249 522 4293 tur
552 4210 663 4307 (72)
691 4247 909 4306 propter
937 4249 1135 4289 nomen
1168 4210 1260 4288 Dei
1295 4233 1447 4304 (73);
1482 4232 1815 4302 reliquorum
1844 4240 2023 4285 autem
2055 4231 2295 4286 sinistrae
2322 4239 2504 4300 partes
2533 4239 2680 4285 sunt.
2709 4228 2815 4283 Sed
2847 4226 3094 4293 utrisque
3120 4220 3199 4274 eis
3231 4216 3369 4286 (74).
3394 4223 3449 4267 et
3483 4210 3581 4281 qui
3613 4210 3687 4261 ad

428 4336 732 4397 dexteram,
769 4341 821 4386 et
850 4330 944 4399 qui
972 4329 1037 4384 ad
1067 4330 1344 4384 sinistram
1374 4328 1583 4393 sedent,
1614 4337 1741 4381 sunt
1761 4327 1903 4382 dona
1929 4334 1984 4381 et
2005 4326 2434 4397 promissiones;
2458 4333 2668 4380 tantum
2693 4323 2839 4394 quod
2870 4324 2936 4376 ad
2979 4320 3253 4373 dexteram
3282 4312 3543 4366 sedentes
3580 4307 3685 4358 ha-

432 4428 560 4482 bent
597 4424 821 4497 gloriam
845 4423 1154 4493 quamdam.
1183 4418 1225 4471 T
1232 4434 1263 4471 ιι
1291 4428 1468 4472 autem
1497 4418 1724 4488 cupidus
1754 4434 1812 4473 es
1840 4419 2027 4473 sedere
2054 4418 2121 4472 ad
2145 4418 2389 4471 dextram
2419 4433 2543 4471 cum
2573 4417 2686 4481 eis;
2719 4415 2811 4470 sed
2839 4411 3164 4482 exiguitates
3189 4416 3293 4459 tum
3315 4401 3506 4497 multa:
3529 4411 3685 4497 sunt.

431 4494 827 4571 Emundaberis
853 4522 1033 4569 autem
1061 4514 1129 4567 ab
1153 4510 1535 4581 exiguitatihus
1559 4510 1687 4563 tuis.
1716 4508 1817 4563 Sed
1840 4518 1894 4564 et
1916 4524 2106 4563 omnes
2140 4509 2234 4579 qui
2256 4508 2407 4562 dubii
2437 4523 2545 4561 non
2578 4505 2815 4571 fuerint,
2848 4501 3292 4558 emundabuntur
3320 4495 3391 4548 ab
3415 4494 3687 4546 omnibus

1482 4644 1716 4701 VARUE
1756 4642 2139 4699 LECTIONES
2174 4644 2263 4698 ET
2293 4642 2526 4697 NOTAE.

428 4769 721 4852 προφῆτιγ»
743 4783 904 4852 «eam
936 4760 1991 4852 Latinusinter???)‘erle'itsityffee-
2098 4750 2099 4753 γ
2161 4760 2280 4852 iiii)
2306 4760 2535 4852 99(1):.“
2550 4758 2749 4852 BI??-
2782 4754 2933 4824 Αναά
2968 4769 3068 4806 ""-

434 4831 874 4895 Sicu't'infra'lib.
908 4854 985 4903 ιι,
1030 4836 1211 4891 mand.
1245 4850 1295 4888 vr
1316 4831 1341 4898 ,_
1364 4834 1625 4902 ἀγγέλους
1656 4842 1711 4886 et
1745 4831 1992 4901 ᾶγγελοιῆ

434 4912 606 4971 genios
639 4925 703 4963 ac
734 4911 938 4971 genium
973 4906 1223 4962 reddidit.

2174 4832 2259 4901 (66
2318 4831 2506 4884 Lamb.
2543 4831 2743 4898 gloria’.

2174 4835 2283 4971 (67;
2319 4901 2507 4953 Lamb.
2539 4900 2738 4971 eduxit.

466 4921 606 4963 emas
639 4925 703 4963 ac
735 4924 938 4963 uentum
973 4921 1223 4962 reddunt.

2174 4921 2225 4963 [υ
2241 4921 2283 4963 ι)
2319 4921 2507 4953 unum.
2539 4921 2738 4951 cuum.

431 4927 606 4980 gemas
639 4927 703 4963 ac
734 4927 938 4978 genium
973 4927 1223 4962 remittit.
2170 4927 2283 4971 (ur,
2319 4927 2507 4953 uillllu.
2539 4927 2738 4951 «ταιιυυ.
2975 4964 2986 4974 _

506 4979 616 5049 (56>
649 4979 843 5049 Lami»,
868 4979 1097 5049 utcum-
1122 4990 1295 5049 ιαιευιι-
1336 5045 1346 5049 _
1478 5045 1488 5049 _
1632 5043 1643 5049 _
1732 5046 1741 5049 _
2173 4971 2284 5049 (ἓξ)
2312 4971 2501 5049 μειωρ·
2528 4984 2650 5049 cum
2682 4966 2826 5047 FF“°
2858 4965 2987 5049 ἴαςίι
3013 4975 3311 5049 .‘.“,'_""‘;.__:

650 5030 1079 5119 iisiis.
1112 5054 1165 5099 et
1200 5043 1388 5119 Lamb.
1416 5045 1575 5119 scient
1596 5043 1764 5097 elei-ti.
2314 5030 3463 5119 liainb.“llecogitante‘J‘ellnsLgogifftﬂe
3498 5040 3652 5092 ergo.

652 5101 840 5187 Lamb.
861 5101 1170 5184 rGrappata'.
1203 5114 1292 5187 Sic
1320 5131 1441 5168 mox
1466 5155 1482 5179 ,
1511 5113 1789 5187 Gruppate.
1822 5185 1830 5187 _
2316 5110 2470 5187 ροιιι.
2509 5101 2734 5187 Domitii.
2764 5106 2832 5187 At
2874 5101 3419 5187 Σίειρνοηάθέξῇεζεξξζ

878 5163 1499 5259 "pridianam:
1519 5163 1991 5253 'hali'et-iejnnns.
2314 5180 2547 5259 liursus,
2577 5186 2635 5258 ut
2656 5177 2839 5240 modo,
2872 5174 3026 5229 Bodl.
3061 5169 3295 5259 Domini.

436 5233 767 5325 Βοῖἷιῗρᾷιέὖὲ
1754 5233 1901 5253 nm
1949 5233 1990 5236 η
2170 5233 2281 5320 ξ’ἵέ)
2313 5250 2504 5303 Lamb.
2536 5233 2837 5316 quicunque
2883 5259 3068 5313 passus
3111 5239 3288 5308 fuerit.
3330 5233 3493 5287 Bodl.
3538 5237 3694 5302 quis-

506 5331 616 5399 (60)
654 5328 841 5399 Lamb.
874 5332 917 5381 ei
949 5328 1108 5395 loqui.
1147 5324 1359 5384 Folius,
1387 5324 1527 5395 loqui
1563 5326 1702 5379 εἰη..
1745 5325 1991 5377 dicerem.
2094 5325 2292 5399 quiut.
2464 5398 2469 5399 ν
2520 5388 2550 5399 λ
2590 5388 2640 5398 __
2714 5385 2732 5399 _
2847 5385 2860 5399 .

699 5341 841 5381 amb.
874 5345 917 5381 et
949 5341 1108 5384 toqttt.
1147 5341 1359 5384 rebus,
1387 5341 1526 5384 loqm
1563 5341 1702 5379 ειη..
1745 5341 1991 5377 mcerent.
2094 5341 2210 5384 quis
2240 5341 2292 5384 ρ.
2331 5341 2371 5384 ι.

506 5342 616 5399 (ου)
654 5342 841 5381 Lamb.
874 5345 917 5381 et
949 5342 1108 5395 toqttt.
1147 5342 1359 5384 renus,
1387 5342 1526 5395 loqm
1563 5342 1702 5379 ειη..
1745 5342 1991 5377 mcerent.
2094 5342 2210 5390 quis
2240 5342 2292 5385 ρ.
2331 5342 2371 5388 ι.
2590 5388 2601 5396 _
2631 5388 2640 5398 .

426 5430 429 5433 -
507 5400 620 5468 (6|)
661 5398 851 5451 Lamb.
883 5399 1202 5468 a'stimuriqﬂ
1348 5463 1386 5468 ﬂ
1424 5465 1455 5468 __
2168 5390 2280 5468 (ἶῆ)
2319 5390 2475 5468 Deest
2499 5388 2601 5468 Pet
2631 5405 2681 5440 ιιι
2712 5385 2900 5468 Lamb.

506 5463 617 5539 (62)
653 5469 841 5522 Lamb.
876 5468 1110 5521 linteum.
1151 5466 1242 5519 Sic
1263 5463 1548 5539 gtFellus.

430 5566 433 5569 ·
503 5534 617 5605 (65)
656 5540 808 5592 Bodl.
840 5548 1225 5590 exstruxerunt.
1259 5534 1459 5599 Fellns,
1488 5546 1639 5588 erecti
1671 5545 1811 5588 sunt.

502 5613 615 5682 (64)
647 5610 823 5677 Bod|.,
854 5607 1040 5663 Lamb.
1067 5616 1119 5662 et
1146 5606 1328 5661 (lat-In.
1360 5605 1704 5674 Itorripilatio.

2174 5447 2285 5530 (74)
2321 5460 2445 5513 Mss.
2493 5460 2679 5512 Carm.
2735 5467 2788 5530 et
2844 5454 2901 5530 S.
2952 5452 3135 5530 Germ.
3186 5449 3440 5530 utrisque.
3478 5457 3541 5530 et;
3590 5447 3688 5530 eis.

2099 5518 2291 5584 Lainb'.
2335 5532 2568 5600 utrisque
2615 5544 2676 5582 ea:
2706 5529 2780 5581 eis
2808 5528 2896 5596 qui
2947 5527 3016 5577 ad
3053 5526 3318 5576 dexteram
3348 5518 3544 5572 sedent
3568 5557 3585 5581 ,
3618 5520 3694 5567 ad

2092 5602 2360 5657 sinistram
2388 5605 2584 5655 certent.

3762 79 3815 527 ι

2187 1152 2421 1224 Γράψεις
2451 1153 2543 1206 δύο
2582 1153 2793 1224 βιϐλία,
2829 1155 2921 1206 καὶ
2948 1152 3135 1214 δώσεις
3159 1150 3215 1203 ἒν
3251 1150 3536 1221 Κλήμεντι
3565 1191 3583 1213 ,
3620 1151 3715 1203 καὶ

3792 542 3822 1555 ἱ
