3822 6218
153 249 271 306 9’3!
1296 242 1590 300 PASTOR.
1633 267 1702 282 -—
1741 240 1756 295 Ι

1911 240 1956 307 l,
1996 237 2176 297 VISIO
2215 237 2302 295 lll.
3322 242 3435 306 ⁴902

152 368 411 439 peccatis
442 367 496 421 in
509 367 673 423 hunc
702 366 868 423 diem.
901 362 970 420 Et
1008 379 1134 420 eum
1179 364 1297 418 haec
1326 363 1593 425 dixisset,
1624 360 1843 415 volebat
1868 360 2040 415 abire.
2066 358 2132 413 Et
2153 358 2445 429 procidens
2487 358 2562 413 illi
2606 358 2674 413 ad
2704 358 2870 429 pedes
2890 397 2909 425 ,
2937 358 3124 429 rogavi
3154 358 3300 413 illam
3335 374 3433 429 per

164 457 493 525 Dominum,
533 469 592 512 ut
617 459 750 513 mihi
779 458 1180 514 demonstraret
1205 458 1349 527 quod
1380 457 1773 526 repromiserat
1796 455 1995 510 visum.
2030 455 2098 509 At
2142 455 2233 508 illa
2260 469 2458 509 rursus
2483 455 2841 525 apprehendit
2872 470 3094 510 manum
3126 471 3301 510 meam
3324 496 3339 517 ,
3380 465 3435 511 et

157 550 349 606 erexit
373 564 482 615 me,
512 558 567 604 et
598 549 726 604 fecit
750 550 937 604 sedere
962 564 1129 618 super
1159 547 1481 603 subsellium
1507 547 1576 601 ad
1609 546 1929 611 sinistram;
1960 555 2016 599 et
2052 545 2259 599 elevata
2305 544 2453 614 virga
2480 545 2715 614 quadam
2750 546 3056 616 splendida,
3082 548 3219 601 dixit
3250 547 3380 601 mihi
3415 564 3429 598 :

162 648 341 705 Vides
369 664 484 703 rem
512 648 806 718 magnam?
836 648 965 703 Dico
993 649 1043 702 ei
1071 665 1084 702 :
1120 647 1348 702 Domina
1373 689 1387 711 ,
1416 646 1551 700 nihil
1584 646 1765 700 video.
1799 643 1940 699 Ecce
1971 646 2089 715 (75)
2118 658 2226 700 non
2262 644 2416 699 vides
2442 653 2629 697 contra
2660 653 2712 697 te
2738 645 2930 698 turrim
2975 661 3225 715 magnam
3251 686 3266 709 ,
3313 661 3435 715 qure

159 738 476 792 aediﬁcatur
504 754 667 807 super
690 753 892 807 aquas,
918 737 1191 808 lapidibus
1230 737 1457 808 quadris
1487 736 1600 807 (76)
1637 735 1986 806 splendidis?
2038 737 2095 789 In
2128 736 2399 805 quadrato
2425 736 2569 789 enim
2614 733 2986 789 aediﬁcabatur
3016 734 3183 788 turris
3222 734 3290 787 ab
3328 733 3434 785 illis

161 845 267 885 sex
296 829 609 899 juvenibus,
638 829 729 897 qui
760 837 1021 883 venerant
1043 844 1167 884 cum
1198 828 1309 883 illa.
1339 828 1456 881 Alia
1481 837 1666 882 autem
1691 828 1862 881 multa
1887 826 2059 880 millia
2085 828 2328 880 virorum
2356 824 2716 894 apportabant
2743 822 2969 892 lapides.
2997 821 3228 887 Quidam
3252 829 3433 874 autem

161 924 239 979 de
270 925 541 995 profundo
576 925 864 980 trahebant
893 926 1127 995 lapides;
1158 926 1249 979 alii
1285 926 1352 980 de
1385 935 1526 980 terra
1575 923 1981 979 transferebant
2008 968 2021 989 ,
2074 932 2123 977 et
2162 923 2514 992 porrigebant
2555 921 2662 976 illis
2692 934 2786 974 sex
2812 916 3127 985 juvenibus.
3160 912 3333 967 Porro
3358 911 3436 966 illi

163 1023 538 1092 accipiebant,
573 1031 627 1077 et
650 1022 1011 1076 aediﬁcabant.
1042 1018 1151 1073 Eos
1176 1026 1357 1073 autem
1387 1020 1482 1088 qui
1519 1018 1587 1073 de
1622 1017 1894 1088 profundo
1919 1018 2346 1072 extrahebantur
2372 1018 2597 1086 lapides,
2631 1029 2824 1068 omnes
2848 1012 2928 1067 sic
2948 1011 3290 1081 ponebantur
3320 1007 3435 1077 (77)

162 1115 227 1169 in
274 1108 606 1170 Structuram
635 1133 648 1167 :
674 1112 825 1183 politi
848 1112 995 1166 enim
1020 1120 1196 1175 erant,
1224 1117 1278 1163 et
1307 1109 1699 1164 convenientes
1724 1108 2108 1164 commissurae
2133 1122 2258 1161 cum
2295 1107 2404 1161 illis
2428 1105 2541 1176 (78)
2574 1104 2847 1175 lapidibus
2871 1122 2885 1169 ;
2920 1104 3107 1173 sicque
3134 1100 3435 1169 conjunge-

165 1209 378 1265 bantur
406 1209 548 1265 alius
577 1212 643 1262 ad
685 1208 876 1272 alium,
920 1207 995 1261 ita
1028 1218 1085 1260 ut
1111 1205 1489 1261 commissurae
1518 1221 1707 1260 eorum
1740 1221 1848 1259 non
1894 1212 2141 1274 paterent
2180 1203 2315 1273 (79).
2360 1201 2426 1256 Et
2460 1202 2514 1255 in
2556 1202 2703 1255 hunc
2732 1202 2952 1256 modum
2998 1196 3291 1267 apparebat
3322 1193 3437 1265 (80)

169 1308 456 1355 structura
491 1300 678 1363 turris,
708 1307 968 1369 tanquam
998 1312 1063 1351 ex
1091 1311 1203 1351 uno
1229 1296 1409 1366 lapide
1432 1295 1723 1352 aediﬁcata.
1757 1296 1995 1352 Caeteros
2016 1305 2199 1351 autem
2228 1295 2437 1366 lapides
2466 1293 2561 1364 qui
2601 1293 2968 1348 all‘erebantur
2991 1289 3057 1344 de
3083 1298 3245 1351 terra,
3271 1302 3438 1357 quos—

156 1391 306 1455 dam
340 1391 561 1463 quidem
596 1393 1239 1465 rejiciehant,.quosdam
1282 1412 1411 1450 vero
1441 1396 1773 1465 adaptabant
1796 1396 1909 1467 (8|)
1942 1397 1997 1451 in
2030 1405 2380 1452 structuram.
2409 1393 2562 1448 Alios
2600 1390 2957 1455 excidebant,
2980 1397 3032 1442 ct
3076 1384 3439 1456 projiciebant

171 1484 343 1554 longe
368 1500 398 1538 a
424 1485 581 1539 turri.
606 1484 712 1539 Alii
742 1494 923 1542 autem
955 1486 1162 1555 lapides
1184 1487 1342 1541 multi
1368 1488 1512 1541 circa
1539 1488 1737 1542 turrim
1764 1488 1926 1557 positi
1953 1497 2109 1542 erant
2139 1486 2251 1555 (82)
2278 1503 2293 1552 ;
2322 1495 2375 1540 et
2399 1501 2505 1539 non
2534 1483 2828 1538 utebantur
2850 1482 2957 1535 illis
2988 1481 3054 1535 ad
3080 1487 3435 1535 structuram.

172 1573 354 1630 Erant
405 1577 549 1631 enim
586 1579 804 1647 quidam
853 1595 920 1634 ex
950 1580 1057 1637 illis
1092 1581 1360 1648 scabrosi,
1413 1582 1504 1635 alii
1537 1590 1718 1636 autem
1754 1583 2023 1638 seissuras
2049 1582 2358 1648 habebant,
2403 1581 2495 1635 alii
2524 1594 2654 1634 vero
2689 1578 2905 1634 candidi
2948 1588 3002 1632 et
3044 1575 3295 1640 rotundi,
3328 1589 3437 1626 non

173 1672 565 1728 convenientes
607 1674 659 1727 in
702 1683 1032 1730 structuram
1076 1678 1268 1735 turris.
1303 1676 1566 1733 Videbam
1614 1687 1795 1733 autem
1843 1680 1981 1734 alios
2023 1679 2233 1748 lapides
2279 1678 2471 1748 projici
2514 1678 2671 1747 longe
2702 1693 2731 1730 a
2768 1672 2944 1736 turri,
2976 1678 3029 1724 et
3059 1668 3358 1723 incidentes
3384 1666 3438 1719 in

178 1763 329 1817 viam
357 1764 490 1834 (85),
517 1774 571 1820 et
598 1782 705 1820 non
738 1777 1020 1824 manentes
1044 1768 1096 1821 in
1122 1769 1243 1835 via,
1275 1769 1368 1825 sed
1397 1770 1541 1825 volvi
1572 1770 1638 1826 de
1663 1770 1750 1824 via
1786 1770 1841 1824 in
1872 1772 2051 1826 locum
2081 1770 2358 1826 desertum
2389 1788 2403 1836 ;
2436 1770 2571 1824 alios
2603 1777 2784 1822 autem
2815 1767 2867 1820 in
2898 1764 3079 1835 ignem
3113 1759 3436 1819 incidentes,

175 1864 237 1910 et
261 1856 512 1912 ardentes
536 1875 551 1924 ;
576 1858 714 1914 alios
737 1858 994 1915 cadentes
1021 1875 1183 1918 secus
1211 1877 1442 1934 aquam,
1475 1880 1577 1921 nec
1625 1881 1789 1936 posse
1842 1867 1985 1921 volvi
2028 1867 2081 1921 in
2129 1882 2328 1937 aquam
2354 1906 2370 1932 ,
2409 1863 2716 1919 volentibus
2753 1858 2972 1930 quidem
3014 1855 3094 1910 eis
3133 1853 3338 1907 intrare
3384 1850 3439 1903 in

175 1965 405 2020 aquam.

1624 2052 1860 2113 CAPUT
1913 2057 2004 2110 IIl.

257 2132 325 2189 Et
355 2149 477 2190 cum
509 2137 625 2194 haec
654 2140 787 2195 mihi
840 2140 1287 2207 demonstrasset,
1333 2144 1546 2199 volebat
1587 2147 1838 2201 recedere
1863 2147 1998 2216 (81).
2032 2146 2165 2201 Dico
2207 2146 2257 2201 ei
2287 2166 2300 2202 :
2330 2145 2582 2209 Domina,
2615 2140 2746 2212 quid
2778 2136 2915 2192 mihi
2952 2133 3175 2205 prodest
3219 2135 3334 2187 haec
3362 2130 3443 2185 vi-

175 2224 353 2289 disse.
379 2236 432 2281 et
460 2244 564 2283 non
593 2230 734 2287 scire
756 2250 878 2304 quae
902 2240 1012 2295 sint
1033 2240 1116 2296 hae
1141 2242 1270 2299 res?
1300 2242 1655 2314 Respondens
1684 2247 1822 2302 dixit
1848 2247 1982 2302 mihi
2015 2266 2029 2301 τ
2056 2246 2330 2302 Versutus
2361 2260 2421 2301 es
2454 2244 2640 2303 homo,
2673 2232 2864 2289 volens
2891 2229 3031 2286 scire
3051 2241 3115 2281 ea
3146 2240 3268 2295 qua?
3296 2222 3443 2278 Circa

177 2316 382 2371 turrim
408 2328 552 2375 sunt.
584 2320 683 2387 lta,
714 2324 959 2395 inquam,
987 2331 1232 2401 domina,
1266 2344 1323 2389 ut
1352 2334 1618 2393 fratribus
1648 2339 1989 2403 annuutiem,
2033 2349 2086 2393 et
2116 2339 2404 2394 hilariores
2447 2336 2607 2401 liant;
2642 2340 2698 2386 et
2716 2331 2834 2384 hac
2860 2326 3143 2382 audientes
3178 2322 3445 2377 honorili-

178 2420 314 2466 cent
339 2410 628 2469 Dominum
659 2432 783 2472 cum
812 2422 979 2476 multa
1013 2424 1209 2494 gloria.
1240 2426 1305 2480 Et
1355 2428 1443 2482 illa
1484 2428 1598 2484 ait:
1634 2430 1870 2485 Audient
1901 2431 2120 2501 quidem
2162 2431 2318 2485 multi
2345 2449 2358 2496 ;
2385 2437 2438 2484 et
2468 2444 2592 2483 cum
2633 2421 2910 2479 audierint
2934 2459 2949 2484 ,
2992 2418 3216 2489 quidam
3249 2431 3315 2469 ex
3359 2414 3443 2468 eis

177 2502 532 2574 gaudebunt,
564 2508 786 2577 quidam
815 2522 996 2569 autem
1029 2516 1253 2573 ﬂebunt.
1291 2517 1395 2573 Sed
1423 2529 1478 2575 et
1505 2520 1595 2575 isti
1636 2521 1750 2594 (85)
1780 2523 2087 2589 audientes,
2115 2523 2159 2579 si
2191 2522 2567 2593 paenitentiam
2611 2520 2845 2589 egerint,
2876 2525 2931 2572 et
2970 2516 3072 2584 ipsi
3102 2512 3440 2584 gaudebunt.

178 2594 329 2651 Audi
361 2612 504 2652 nunc
527 2599 594 2654 de
617 2601 973 2660 similitudine
998 2608 1164 2664 turris
1193 2611 1377 2665 omnia
1408 2611 1545 2678 haec,
1576 2620 1630 2666 et
1668 2612 1936 2668 hactenus
1963 2613 2096 2668 mihi
2120 2614 2187 2668 de
2220 2613 2552 2668 revelatione
2585 2608 2870 2665 molestior
2893 2621 3018 2661 esse
3043 2605 3175 2659 noli.
3209 2601 3440 2655 Revela-

178 2686 366 2743 tiones
386 2690 529 2745 enim
555 2692 673 2747 istae
701 2694 861 2749 tinem
887 2698 1120 2753 habent:
1153 2700 1390 2771 impleta
1416 2711 1547 2757 sunt
1572 2702 1741 2757 enim.
1779 2703 1882 2760 Sed
1912 2714 1966 2759 tu
2000 2721 2111 2759 non
2152 2705 2359 2760 desinis
2393 2704 2448 2758 in
2481 2704 2712 2774 petendo
2743 2702 3127 2763 revelationes,
3158 2698 3447 2768 improbus

180 2780 307 2853 Δ(86)
333 2782 476 2837 enim
505 2800 582 2840 es.
615 2784 808 2842 Turris
840 2790 1060 2858 quidem
1099 2809 1266 2864 quam
1292 2794 1445 2851 vides
1473 2796 1755 2859 aediﬁcari,
1789 2811 1891 2867 ego
1922 2813 2043 2852 sum
2074 2795 2341 2861 Ecclesia,
2369 2812 2493 2867 qua:
2529 2797 2626 2852 tibi
2656 2796 2882 2867 apparui
2909 2802 2964 2848 et
2994 2790 3160 2846 modo
3185 2799 3239 2846 et
3263 2789 3439 2860 prius.

182 2870 567 2946 Quodcunque
583 2878 748 2949 igitur
773 2882 1029 2949 volueris,
1059 2883 1331 2958 interroga
1353 2887 1419 2941 de
1442 2887 1611 2954 turri;
1638 2895 1691 2943 et
1716 2888 1967 2943 revelabo
1993 2889 2112 2953 tibi,
2143 2899 2204 2943 ut
2230 2889 2469 2960 gaudeas
2496 2904 2620 2943 cum
2655 2889 2882 2943 sanctis.
2917 2886 3053 2939 Dico
3070 2884 3118 2939 ei
3146 2903 3159 2939 :
3188 2881 3444 2949 Domina,

182 2965 447 3033 quoniam
480 2982 564 3021 me
593 2969 758 3023 semel
781 2970 1000 3042 dignum
1033 2978 1294 3034 arbitrata
1317 2995 1376 3035 es
1408 2988 1467 3034 ut
1494 2981 1679 3035 omnia
1715 2980 1848 3035 mihi
1884 2981 2113 3047 reveles,
2146 2984 2348 3038 revela.
2388 2983 2480 3036 Ait
2511 2982 2646 3036 mihi
2683 3001 2696 3036 :
2729 2981 3108 3048 Quodcunque
3144 2976 3449 3047 Oportuerit

186 3055 293 3109 tibi
321 3057 567 3121 revelari,
600 3060 968 3133 revelabitur;
1005 3076 1213 3123 tantum
1252 3078 1311 3124 ut
1333 3086 1426 3126 eor
1451 3079 1604 3124 tuum
1638 3073 1779 3142 apud
1808 3071 2101 3127 Dominum
2133 3074 2224 3139 sit,
2255 3083 2309 3129 et
2340 3090 2407 3130 ne
2439 3074 2676 3135 dubites.
2703 3077 3071 3145 quodcunque
3100 3072 3327 3126 videris.
3354 3071 3414 3125 ιιι

184 3154 457 3226 terrogavi
489 3154 599 3227 (87)
624 3158 772 3214 illam
807 3179 819 3214 :
852 3159 1034 3227 Quare
1060 3161 1229 3215 turris
1250 3161 1513 3217 :edilicata
1545 3172 1629 3218 est
1660 3180 1824 3234 super
1847 3180 2041 3235 aquas,
2078 3166 2340 3222 domina?
2384 3166 2683 3238 Respondit
2714 3190 2726 3225 ε
2772 3166 3024 3222 Dixeram
3055 3167 3150 3221 tibi
3178 3175 3230 3220 et
3268 3166 3443 3235 prius.

176 3257 473 3306 versutum
509 3258 559 3305 te
584 3266 703 3306 esse
728 3252 872 3307 circa
903 3261 1212 3308 structuras
1243 3253 1534 3324 diligenter
1560 3253 1955 3324 inquirentem;
1988 3256 2154 3327 igitur
2179 3257 2422 3313 invenies
2447 3260 2749 3315 veritatem.
2771 3261 2952 3326 Quare
2983 3273 3114 3329 ergo
3144 3274 3306 3327 super
3331 3255 3445 3327 (88)

188 3354 364 3409 aquas
384 3340 680 3396 aedificatur
705 3343 893 3409 turris,
922 3342 1088 3397 audi:
1122 3342 1392 3409 Quoniam
1428 3344 1538 3397 vita
1586 3357 1766 3401 vestra
1817 3362 1913 3416 per
1957 3363 2157 3417 aquam
2210 3350 2359 3405 salva
2410 3349 2550 3405 facta
2592 3360 2693 3416 est,
2743 3360 2795 3405 et
2844 3352 3026 3405 lict".
3071 3349 3321 3405 Fundata
3362 3358 3448 3403 est

188 3434 340 3487 enim
371 3433 534 3487 verbo
559 3434 949 3505 omnipotentis
975 3441 1029 3490 et
1059 3435 1346 3491 honoriﬁci
1376 3439 1616 3494 nominis
1646 3456 1657 3491 :
1685 3441 1998 3493 continetur
2027 3449 2210 3495 autem
2237 3442 2349 3513 (89)
2374 3444 2442 3498 ab
2467 3444 2731 3501 invisibili
2773 3449 2977 3503 virtute
3008 3447 3125 3502 Dei.

1633 3547 1862 3603 CAPUT
1898 3548 1989 3605 lV.

182 3622 619 3723 -_hRespondcns
650 3630 773 3684 dico
796 3630 843 3684 ei
875 3630 1195 3703 :Magnilice
1226 3635 1430 3691 habent
1451 3654 1507 3693 se
1534 3654 1620 3693 res
1652 3640 1754 3693 lite.
1784 3639 1860 3694 llli
1888 3650 2070 3695 autem
2094 3642 2323 3711 juvenes
2342 3662 2436 3701 sex
2462 3649 2555 3718 qui
2583 3649 2873 3715 aediﬁcant,
2898 3653 2991 3723 qui
3015 3661 3165 3718 sunt,
3198 3653 3447 3708 domina?

183 3714 257 3770 lli
291 3718 403 3789 (90)
439 3729 565 3773 sunt
592 3723 767 3790 angeli
817 3723 928 3792 (91)
964 3723 1055 3777 Dei
1094 3727 1188 3796 qui
1236 3729 1413 3797 primo
1463 3732 1745 3785 constituti
1793 3743 1940 3798 sunt,
1974 3735 2176 3803 quibus
2219 3740 2441 3794 tradidit
2474 3714 2739 3799 Dominus
2781 3714 3093 3802 universam
3134 3714 3442 3803 creaturam

186 3826 372 3875 suam,
411 3813 651 3867 struendi
689 3814 822 3883 (92),
855 3816 1159 3873 aidilieandi
1193 3829 1246 3873 et
1268 3821 1584 3875 dominandi
1612 3833 1876 3879 creatum
1907 3826 2072 3880 illius.
2106 3826 2207 3881 Per
2240 3830 2341 3886 hos
2368 3832 2513 3886 enim
2557 3834 2669 3902 (95)
2699 3840 3173 3894 consutnmabitur
3204 3850 3445 3895 structu-

185 3924 250 3963 ra
285 3909 473 3964 turris.
519 3910 710 3964 Caeteri
750 3920 932 3965 autem
983 3912 1077 3980 qui
1106 3921 1395 3980 apportant
1424 3912 1535 3982 (94)
1568 3914 1775 3983 lapides
1816 3916 1910 3985 qui
1961 3919 2123 3972 sunt?
2153 3918 2218 3975 Et
2248 3922 2352 3991 ipsi
2386 3923 2561 3978 sancti
2589 3925 2700 3995 (95)
2745 3930 2924 4001 angeli
2956 3930 3169 3986 Domini
3198 3951 3211 3991 :
3241 3933 3334 3987 sed
3367 3931 3442 3986 illi

264 4029 348 4081 ⁸⁷1
390 4028 532 4083 Petr.
570 4045 654 4095 ιιι,
676 4028 769 4097 20,
801 4030 891 4084 21.

1252 4145 1488 4203 νΑιιιλΕ
1520 4146 1906 4205 LECTIONES
1944 4148 2033 4203 ET
2072 4147 2305 4203 ΝΟΤᾸΞ.

263 4260 379 4327 (75)
414 4259 563 4315 Bodl.
590 4260 714 4314 add.
748 4259 833 4314 Ait
864 4259 1032 4313 mihi:
1062 4258 1224 4320 Ecce,
1253 4270 1357 4314 etc.

262 4331 376 4399 ('76)
414 4329 540 4384 Mss.
596 4330 655 4385 S.
692 4330 1117 4397 Germ.,Carm.
1147 4339 1201 4385 et
1238 4328 1428 4386 Lamb.
1468 4331 1762 4402 quadratis.

189 4402 287 4458 Sic
316 4411 370 4454 et
401 4400 595 4455 Fellus.

260 4471 379 4594 (77)
410 4470 539 4527 Mss.
567 4472 831 4527 Carm.et
867 4469 1062 4526 Lamb.
1108 4472 1458 4537 imponebant.
1486 4470 1638 4527 Bodl.
1675 4488 1768 4541 po-

292 4560 358 4594 an
391 4584 403 4594 .

189 4560 403 4597 νιεοαηι.

262 4612 378 4679 (78)
413 4611 487 4667 lta
537 4622 770 4681 quatuor
815 4628 949 4670 mss.
1001 4610 1059 4667 S.
1094 4611 1303 4679 Germ.,
1338 4611 1502 4680 Vict.,
1530 4611 1682 4667 Bodl.
1718 4621 1771 4666 et

182 4682 387 4747 Lamb.
415 4682 574 4747 Editi,
621 4684 762 4737 aliis.

268 4753 383 4820 (79)
423 4751 639 4817 Lamh.,
666 4755 848 4809 Carm.
880 4764 934 4808 et
964 4752 1021 4807 S.
1059 4752 1242 4808 Germ.
1289 4762 1554 4819 parerent.
1597 4750 1688 4805 Sic
1718 4762 1769 4805 et

188 4822 400 4889 Fellus,
420 4824 511 4895 qui
529 4830 721 4895 tamen
740 4825 1043 4895 legendum_
1056 4824 1300 4895 conjicit,
1328 4834 1587 4893 paterent.
1613 4820 1770 4878 llunc

191 4896 375 4965 locum
409 4890 666 4965 describit
687 4890 970 4965 Origenes,
1010 4890 1336 4949 Pliilo'caliae'
1380 4910 1500 4965 cap.
1534 4909 1657 4965 vtn.

267 4962 383 5034 (80)
414 4962 565 5018 Bodl.
598 4974 648 5018 et
682 4962 872 5019 Lamb.
908 4964 975 5017 Et
1007 4966 1083 5018 sic
1104 4965 1342 5033 parebat.
1376 4962 1461 5019 Ita,
1484 4975 1537 5019 ct
1561 4963 1764 5024 Fellus,

190 5053 225 5091 θ
266 5049 379 5104 quo
422 5045 601 5089 tamen
641 5051 746 5090 ms.
796 5036 1082 5091 lectionem
1124 5036 1307 5091 minus
1332 5045 1501 5091 .recte
1536 5034 1769 5091 reddunt

188 5105 348 5161 editi.

266 5175 381 5246 (81)
410 5173 601 5229 Lamb.
631 5175 909 5246 ponebant.

268 5245 410 5316 (82)_
430 5246 520 5301 Sic
546 5244 699 5301 Bodl.
731 5262 785 5300 et
806 5246 998 5301 Lamb.
1026 5261 1092 5300 ex
1120 5244 1288 5300 Fello.
1327 5247 1467 5301 Editi
1489 5248 1759 5316 jacebant.

208 5314 353 5382 \p'ud
384 5314 694 5372 Russclium
741 5317 1026 5371 invertitut‘
1056 5317 1234 5372 lectio.
1268 5316 1448 5372 Monet
1487 5314 1532 5372 el
1598 5318 1762 5373 Cute-

194 5388 366 5459 lerius
384 5385 1181 5459 ihuc_respexisseuDidymum
1232 5388 1284 5442 in
1318 5388 1517 5459 Catena
1554 5389 1623 5441 ad
1660 5387 1761 5442 Job

191 5475 317 5523 vui,
347 5458 433 5521 l7,
478 5457 561 5523 18,
607 5455 659 5526 ρῖ
691 5457 817 5511 202.
851 5455 1189 5525 Ρ]]υε’νθι·1)ει
1228 5455 1368 5513 inter
1398 5458 1650 5513 Veterum
1683 5470 1763 5512 te-

194 5528 452 5600 stimonia
470 5530 722 5597 superius
748 5529 937 5600 relata.
961 5526 1058 5581 His
1079 5528 1256 5600 allinia
1288 5546 1412 5584 mox
1433 5529 1570 5584 infra
1600 5546 1757 5600 capp.

194 5600 230 5653 6
258 5607 313 5669 et
346 5598 481 5669 7,_et
505 5600 596 5651 lib.
626 5614 709 5662 ιιι,
738 5599 902 5652 simil.
928 5614 1004 5662 Ix,
1037 5614 1193 5669 capp.
1219 5599 1276 5665 ϐ,
1304 5603 1355 5667 7,
1387 5603 1474 5655 ⁵51.

268 5668 382 5736 (85)
408 5666 600 5724 Lamb.
633 5671 885 5724 venientes
908 5671 962 5722 in
994 5669 1096 5723 ria.

1945 4259 2055 4325 (84)
2090 4257 2190 4312 Ms.
2218 4260 2274 4311 S.
2304 4258 2511 4325 Germ.,
2539 4260 2721 4316 Carm.
2750 4270 2803 4317 et
2826 4260 3017 4314 Lamb.
3042 4276 3324 4315 recurrere.

1943 4329 2055 4397 (85)
2098 4331 2171 4383 lta
2191 4346 2321 4397 mss.
2343 4330 2800 4389 S.Germ.,Carin.
2833 4343 2886 4386 et
2909 4330 3099 4385 Lamb.
3126 4332 3262 4386 Editi
3284 4374 3298 4398 ,
3335 4333 3440 4390 illi.

1944 4397 2055 4471 (86)
2092 4399 2182 4471 Sic
2205 4399 2355 4471 Bodl.
2388 4410 2441 4454 et
2467 4400 2657 4455 Lamb.
2692 4400 2831 4456 Editi
2862 4404 3215 4471 importunus.

1947 4470 2058 4543 (87)
2089 4469 2188 4543 Ms.
2212 4468 2636 4543 LanibaAR’evvela
2655 4474 2780 4525 mihi
2796 4468 3135 4543 quodcunque
3155 4475 3444 4541 oportuerit

1874 4542 1972 4594 tibi
2002 4540 2247 4621 reuelare.
2288 4541 2621 4621 Revelabitur
2661 4561 2691 4621 ᾳ
2731 4540 3134 4621 te,'tantun_tut
3159 4540 3441 4621 cor_t_num

1873 4611 2015 4681 apud
2052 4610 2331 4664 Dominum
2358 4614 2450 4674 sit,
2482 4623 2528 4665 et
2567 4629 2628 4665 ne
2652 4614 2859 4667 dubites
2893 4613 3030 4682 quod
3068 4628 3187 4664 eum
3225 4615 3440 4670 videris.

1874 4679 2226 4750 Interrogavi,
2256 4694 2360 4737 etc.
2390 4680 2601 4738 Laudat
2631 4684 2777 4737 hunc
2806 4685 2985 4737 locum
3013 4682 3266 4738 Clemens
3287 4686 3442 4740 Alex.
3495 4707 3502 4716 ·

1870 4751 2229 4823 Στρῳμᾎιίιι.
2263 4769 2319 4823 ιι,
2348 4768 2467 4821 cap.
2497 4754 2548 4816 1,
2579 4769 2699 4823 pag.
2731 4754 2854 4808 4'50.

1943 4821 2055 4891 (88)
2088 4820 2263 4884 Bodl,
2287 4820 2479 4876 Lamb.
2513 4836 2566 4878 et
2582 4820 2771 4877 'Ca'rm.
2798 4826 2941 4877 circa
2967 4823 3277 4891 scripturas.
3307 4827 3437 4882 Dili-

1871 4892 2334 4963 genterinquirens
2367 4894 2553 4963 igitur.
2583 4894 2674 4948 Sic
2702 4894 2902 4949 Fellus.
2925 4894 3088 4948 Addit
3113 4895 3356 4952 Clericus
3386 4901 3440 4953 in

1870 4962 1973 5018 ins.
2003 4962 2198 5039 Lamb.
2226 4963 2296 5017 ita
2326 4964 2426 5039 legi
2457 4980 2469 5015 :
2508 4968 2823 5034 scripturas,
2849 4978 2897 5018 et
2926 4965 3295 5033 inquirentem.
3332 4968 3444 5039 lgi-

1872 5034 2259 5121 turninve‘n'iens
2288 5036 2749 5121 vexitatemﬂuare
2770 5052 2943 5117 super,
2973 5045 3079 5089 ωιυ.

1941 5104 2054 5173 (89)
2098 5104 2187 5159 Sic
2214 5120 2316 5158 ms.
2341 5105 2525 5159 Carm.
2563 5104 2729 5171 Editi,
2758 5108 2921 5159 enim.

1939 5176 2053 5243 (90)
2088 5174 2238 5228 Bodl.
2270 5176 2393 5229 add.
2421 5177 2510 5229 Ait
2541 5178 2713 5229 mihi:
2747 5175 2839 5237 Hi,
2872 5186 2974 5230 etc.
3007 5174 3099 5231 Sic
3126 5188 3180 5232 et
3202 5178 3401 5234 Fellus.

1939 5246 2050 5314 (91)
2073 5246 2236 5300 Addit
2262 5245 2438 5301 Fellus
2463 5263 2529 5301 ex
2561 5246 2746 5301 Lamb.
2782 5249 2977 5301 sancti.

1937 5317 2051 5385 (92)
2090 5315 2190 5371 Ms.
2220 5317 2275 5371 S.
2309 5317 2515 5380 Germ.,
2537 5318 2721 5372 Carm.
2751 5328 2805 5371 et
2830 5317 3019 5371 Lamb.
3052 5320 3286 5372 creandi.
3313 5319 3439 5373 Fel-

1864 5388 1952 5442 lus
1993 5399 2174 5441 autem
2208 5406 2222 5441 :
2252 5400 2307 5442 ut
2350 5398 2634 5456 struerem,
2673 5389 2999 5457 wdiﬁcarent
3029 5398 3078 5442 et
3108 5392 3440 5445 dominaretu-

1867 5469 1971 5513 tur.

1934 5529 2047 5601 (95)
2076 5528 2231 5601 Bodl.
2262 5540 2315 5585 et
2336 5529 2525 5601 Lamb.
2551 5546 2717 5601 ergo-

1933 5600 2044 5667 (9i)
2076 5598 2225 5654 Bodl.
2255 5598 2627 5669 apportabunt:
2668 5601 2868 5667 Fellus,
2893 5601 3188 5669 deportant.

1932 5670 2047 5741 (95)
2084 5670 2182 5725 Ms.
2215 5670 2270 5725 S.
2298 5672 2480 5727 Germ.
2516 5686 2569 5727 et
2599 5673 2735 5727 Vict.
2765 5684 2811 5727 et
2850 5674 3106 5745 φύλακι
3136 5669 3328 5725 sancti.
