  <div class='ocr_page' id='page_1' title='image "/cluster/home/n/w/nwhite01/storage/ocr_20150623/2/nnc1.0114695790/523.png"; bbox 0 0 3822 6218; ppageno 0'>
   <div class='ocr_carea' id='block_1_1' title="bbox 413 262 1993 339">
    <p class='ocr_par' dir='ltr' id='par_1_1' title="bbox 413 268 1993 339">
     <span class='ocr_line' id='line_1_1' title="bbox 413 268 1993 339; baseline -0.011 1"><span class='ocrx_word' id='word_1_1' title='bbox 413 282 522 339; x_wconf 74' lang='grc'><strong>90⁸5</strong></span> <span class='ocrx_word' id='word_1_2' title='bbox 1858 268 1993 323; x_wconf 87' lang='lat' dir='ltr'><strong>S.l‘|</strong></span> 
     </span>
    </p>
   </div>
   <div class='ocr_carea' id='block_1_2' title="bbox 2157 262 3714 339">
    <p class='ocr_par' dir='ltr' id='par_1_2' title="bbox 2157 262 3714 321">
     <span class='ocr_line' id='line_1_2' title="bbox 2157 262 3714 321; baseline -0.003 0"><span class='ocrx_word' id='word_1_3' title='bbox 2157 265 2212 321; x_wconf 68' lang='grc' dir='ltr'>Ε</span> <span class='ocrx_word' id='word_1_4' title='bbox 3602 262 3714 317; x_wconf 72' lang='grc' dir='ltr'><strong>σω</strong></span> 
     </span>
    </p>
   </div>
   <div class='ocr_carea' id='block_1_3' title="bbox 412 376 3713 465">
    <p class='ocr_par' dir='ltr' id='par_1_3' title="bbox 412 376 3713 465">
     <span class='ocr_line' id='line_1_3' title="bbox 412 376 3713 465; baseline -0.008 -8"><span class='ocrx_word' id='word_1_5' title='bbox 412 406 544 457; x_wconf 80' lang='lat' dir='ltr'><strong>sunt</strong></span> <span class='ocrx_word' id='word_1_6' title='bbox 572 396 657 452; x_wconf 85' lang='lat' dir='ltr'><strong>his</strong></span> <span class='ocrx_word' id='word_1_7' title='bbox 679 394 1094 450; x_wconf 80' lang='lat' dir='ltr'><strong>excellentiorcs</strong></span> <span class='ocrx_word' id='word_1_8' title='bbox 1118 389 1253 465; x_wconf 84' lang='grc'><strong>(96).</strong></span> <span class='ocrx_word' id='word_1_9' title='bbox 1278 390 1415 452; x_wconf 82' lang='lat' dir='ltr'><strong>Cum</strong></span> <span class='ocrx_word' id='word_1_10' title='bbox 1443 403 1575 460; x_wconf 79' lang='lat' dir='ltr'><strong>ergo</strong></span> <span class='ocrx_word' id='word_1_11' title='bbox 1600 396 1985 444; x_wconf 84' lang='lat' dir='ltr'><strong>consummata</strong></span> <span class='ocrx_word' id='word_1_12' title='bbox 2011 385 2176 440; x_wconf 77' lang='lat' dir='ltr'><strong>fuerit</strong></span> <span class='ocrx_word' id='word_1_13' title='bbox 2198 393 2476 441; x_wconf 88' lang='lat' dir='ltr'><strong>structura</strong></span> <span class='ocrx_word' id='word_1_14' title='bbox 2504 385 2693 448; x_wconf 86' lang='lat' dir='ltr'><strong>turris,</strong></span> <span class='ocrx_word' id='word_1_15' title='bbox 2725 395 2920 437; x_wconf 84' lang='lat' dir='ltr'><strong>omnes</strong></span> <span class='ocrx_word' id='word_1_16' title='bbox 2938 376 3105 434; x_wconf 80' lang='lat' dir='ltr'><strong>simul</strong></span> <span class='ocrx_word' id='word_1_17' title='bbox 3133 376 3516 447; x_wconf 69' lang='lat' dir='ltr'><strong>epulabantur</strong></span> <span class='ocrx_word' id='word_1_18' title='bbox 3541 376 3713 445; x_wconf 81' lang='lat' dir='ltr'><strong>juxta</strong></span> 
     </span>
    </p>
   </div>
   <div class='ocr_carea' id='block_1_4' title="bbox 412 468 3703 556">
    <p class='ocr_par' dir='ltr' id='par_1_4' title="bbox 412 468 3703 556">
     <span class='ocr_line' id='line_1_4' title="bbox 412 468 3703 556; baseline -0.008 -6"><span class='ocrx_word' id='word_1_19' title='bbox 412 494 631 556; x_wconf 82' lang='lat' dir='ltr'><strong>turrim,</strong></span> <span class='ocrx_word' id='word_1_20' title='bbox 658 500 712 547; x_wconf 88' lang='lat' dir='ltr'><strong>et</strong></span> <span class='ocrx_word' id='word_1_21' title='bbox 739 489 1178 546; x_wconf 84' lang='lat' dir='ltr'><strong>houoriticabunt</strong></span> <span class='ocrx_word' id='word_1_22' title='bbox 1200 484 1518 546; x_wconf 91' lang='lat' dir='ltr'><strong>Dominum,</strong></span> <span class='ocrx_word' id='word_1_23' title='bbox 1550 481 1811 552; x_wconf 90' lang='lat' dir='ltr'><strong>quoniam</strong></span> <span class='ocrx_word' id='word_1_24' title='bbox 1837 487 2221 533; x_wconf 88' lang='lat' dir='ltr'><strong>consummata</strong></span> <span class='ocrx_word' id='word_1_25' title='bbox 2262 478 2367 533; x_wconf 90' lang='lat' dir='ltr'><strong>erit</strong></span> <span class='ocrx_word' id='word_1_26' title='bbox 2394 486 2673 532; x_wconf 84' lang='lat' dir='ltr'><strong>structura</strong></span> <span class='ocrx_word' id='word_1_27' title='bbox 2711 476 2901 530; x_wconf 84' lang='lat' dir='ltr'><strong>turris.</strong></span> <span class='ocrx_word' id='word_1_28' title='bbox 2934 470 3261 541; x_wconf 73' lang='lat' dir='ltr'><strong>Interrogavi</strong></span> <span class='ocrx_word' id='word_1_29' title='bbox 3283 482 3409 524; x_wconf 83' lang='lat' dir='ltr'><strong>eam</strong></span> <span class='ocrx_word' id='word_1_30' title='bbox 3448 468 3703 524; x_wconf 80' lang='lat' dir='ltr'><strong>dicens:</strong></span> 
     </span>
    </p>
   </div>
   <div class='ocr_carea' id='block_1_5' title="bbox 414 564 3710 645">
    <p class='ocr_par' dir='ltr' id='par_1_5' title="bbox 414 564 3710 645">
     <span class='ocr_line' id='line_1_5' title="bbox 414 564 3710 645; baseline -0.005 -8"><span class='ocrx_word' id='word_1_31' title='bbox 414 580 626 639; x_wconf 71' lang='lat' dir='ltr'><strong>Vellem</strong></span> <span class='ocrx_word' id='word_1_32' title='bbox 655 582 796 637; x_wconf 87' lang='lat' dir='ltr'><strong>scire</strong></span> <span class='ocrx_word' id='word_1_33' title='bbox 824 580 1029 633; x_wconf 81' lang='lat' dir='ltr'><strong>exitum</strong></span> <span class='ocrx_word' id='word_1_34' title='bbox 1063 576 1329 645; x_wconf 78' lang='lat' dir='ltr'><strong>lapidum,</strong></span> <span class='ocrx_word' id='word_1_35' title='bbox 1356 584 1409 628; x_wconf 88' lang='lat' dir='ltr'><strong>et</strong></span> <span class='ocrx_word' id='word_1_36' title='bbox 1434 574 1542 626; x_wconf 90' lang='lat' dir='ltr'><strong>vim</strong></span> <span class='ocrx_word' id='word_1_37' title='bbox 1573 586 1766 627; x_wconf 89' lang='lat' dir='ltr'><strong>eorum</strong></span> <span class='ocrx_word' id='word_1_38' title='bbox 1790 571 1970 640; x_wconf 81' lang='lat' dir='ltr'><strong>qualis</strong></span> <span class='ocrx_word' id='word_1_39' title='bbox 2000 572 2092 625; x_wconf 86' lang='lat' dir='ltr'><strong>sit.</strong></span> <span class='ocrx_word' id='word_1_40' title='bbox 2128 568 2484 639; x_wconf 83' lang='lat' dir='ltr'><strong>Respondens</strong></span> <span class='ocrx_word' id='word_1_41' title='bbox 2520 577 2733 629; x_wconf 88' lang='lat' dir='ltr'><strong>autem,</strong></span> <span class='ocrx_word' id='word_1_42' title='bbox 2763 567 2902 621; x_wconf 87' lang='lat' dir='ltr'><strong>dixit</strong></span> <span class='ocrx_word' id='word_1_43' title='bbox 2942 567 3073 622; x_wconf 88' lang='lat' dir='ltr'><strong>mihi</strong></span> <span class='ocrx_word' id='word_1_44' title='bbox 3109 582 3123 617; x_wconf 88' lang='lat'><strong>:</strong></span> <span class='ocrx_word' id='word_1_45' title='bbox 3166 564 3430 636; x_wconf 78' lang='lat' dir='ltr'><strong>Nunquid</strong></span> <span class='ocrx_word' id='word_1_46' title='bbox 3479 574 3543 619; x_wconf 82' lang='lat' dir='ltr'><strong>tu</strong></span> <span class='ocrx_word' id='word_1_47' title='bbox 3593 580 3710 635; x_wconf 68' lang='lat' dir='ltr'><strong>pr:</strong></span> 
     </span>
    </p>
   </div>
   <div class='ocr_carea' id='block_1_6' title="bbox 415 660 3709 734">
    <p class='ocr_par' dir='ltr' id='par_1_6' title="bbox 415 660 3709 734">
     <span class='ocr_line' id='line_1_6' title="bbox 415 660 3709 734; baseline -0.005 -5"><span class='ocrx_word' id='word_1_48' title='bbox 415 673 674 729; x_wconf 88' lang='lat' dir='ltr'><strong>omnibus</strong></span> <span class='ocrx_word' id='word_1_49' title='bbox 706 671 896 725; x_wconf 87' lang='lat' dir='ltr'><strong>melior</strong></span> <span class='ocrx_word' id='word_1_50' title='bbox 921 684 1000 732; x_wconf 88' lang='lat' dir='ltr'><strong>es,</strong></span> <span class='ocrx_word' id='word_1_51' title='bbox 1031 676 1091 721; x_wconf 93' lang='lat' dir='ltr'><strong>ut</strong></span> <span class='ocrx_word' id='word_1_52' title='bbox 1120 668 1216 722; x_wconf 85' lang='lat' dir='ltr'><strong>tibi</strong></span> <span class='ocrx_word' id='word_1_53' title='bbox 1250 668 1302 721; x_wconf 94' lang='lat' dir='ltr'><strong>id</strong></span> <span class='ocrx_word' id='word_1_54' title='bbox 1341 666 1647 720; x_wconf 76' lang='lat' dir='ltr'><strong>reveletur?</strong></span> <span class='ocrx_word' id='word_1_55' title='bbox 1675 665 1783 719; x_wconf 86' lang='lat' dir='ltr'><strong>Alii</strong></span> <span class='ocrx_word' id='word_1_56' title='bbox 1826 664 1974 719; x_wconf 89' lang='lat' dir='ltr'><strong>enim</strong></span> <span class='ocrx_word' id='word_1_57' title='bbox 2006 664 2218 734; x_wconf 85' lang='lat' dir='ltr'><strong>priores</strong></span> <span class='ocrx_word' id='word_1_58' title='bbox 2256 672 2307 717; x_wconf 87' lang='lat' dir='ltr'><strong>te</strong></span> <span class='ocrx_word' id='word_1_59' title='bbox 2336 670 2462 717; x_wconf 87' lang='lat' dir='ltr'><strong>sunt</strong></span> <span class='ocrx_word' id='word_1_60' title='bbox 2495 672 2549 717; x_wconf 88' lang='lat' dir='ltr'><strong>et</strong></span> <span class='ocrx_word' id='word_1_61' title='bbox 2579 663 2834 717; x_wconf 82' lang='lat' dir='ltr'><strong>meliores</strong></span> <span class='ocrx_word' id='word_1_62' title='bbox 2865 670 2936 725; x_wconf 89' lang='lat' dir='ltr'><strong>te,</strong></span> <span class='ocrx_word' id='word_1_63' title='bbox 2975 660 3177 732; x_wconf 82' lang='lat' dir='ltr'><strong>quibus</strong></span> <span class='ocrx_word' id='word_1_64' title='bbox 3202 660 3507 730; x_wconf 83' lang='lat' dir='ltr'><strong>oportebat</strong></span> <span class='ocrx_word' id='word_1_65' title='bbox 3536 675 3709 715; x_wconf 79' lang='lat' dir='ltr'><strong>reve-</strong></span> 
     </span>
    </p>
   </div>
   <div class='ocr_carea' id='block_1_7' title="bbox 415 750 3709 826">
    <p class='ocr_par' dir='ltr' id='par_1_7' title="bbox 415 750 3709 826">
     <span class='ocr_line' id='line_1_7' title="bbox 415 750 3709 826; baseline -0.005 -5"><span class='ocrx_word' id='word_1_66' title='bbox 415 767 516 821; x_wconf 88' lang='lat' dir='ltr'><strong>lari</strong></span> <span class='ocrx_word' id='word_1_67' title='bbox 547 765 787 819; x_wconf 83' lang='lat' dir='ltr'><strong>visiones</strong></span> <span class='ocrx_word' id='word_1_68' title='bbox 814 762 943 826; x_wconf 89' lang='lat' dir='ltr'><strong>has;</strong></span> <span class='ocrx_word' id='word_1_69' title='bbox 975 760 1066 813; x_wconf 86' lang='lat' dir='ltr'><strong>sed</strong></span> <span class='ocrx_word' id='word_1_70' title='bbox 1101 768 1161 813; x_wconf 89' lang='lat' dir='ltr'><strong>ut</strong></span> <span class='ocrx_word' id='word_1_71' title='bbox 1186 758 1582 813; x_wconf 77' lang='lat' dir='ltr'><strong>honoriticctur</strong></span> <span class='ocrx_word' id='word_1_72' title='bbox 1613 772 1811 811; x_wconf 75' lang='lat' dir='ltr'><strong>nonien</strong></span> <span class='ocrx_word' id='word_1_73' title='bbox 1840 755 1957 820; x_wconf 88' lang='lat' dir='ltr'><strong>Dei,</strong></span> <span class='ocrx_word' id='word_1_74' title='bbox 2000 756 2095 810; x_wconf 83' lang='lat' dir='ltr'><strong>tibi</strong></span> <span class='ocrx_word' id='word_1_75' title='bbox 2128 755 2425 811; x_wconf 85' lang='lat' dir='ltr'><strong>revelatum</strong></span> <span class='ocrx_word' id='word_1_76' title='bbox 2454 764 2541 809; x_wconf 86' lang='lat' dir='ltr'><strong>est</strong></span> <span class='ocrx_word' id='word_1_77' title='bbox 2563 752 2680 823; x_wconf 90' lang='lat'><strong>(97)</strong></span> <span class='ocrx_word' id='word_1_78' title='bbox 2708 770 2723 818; x_wconf 86' lang='lat'><strong>;</strong></span> <span class='ocrx_word' id='word_1_79' title='bbox 2768 760 2824 807; x_wconf 92' lang='lat' dir='ltr'><strong>et</strong></span> <span class='ocrx_word' id='word_1_80' title='bbox 2848 750 3174 806; x_wconf 75' lang='lat' dir='ltr'><strong>revelabitur</strong></span> <span class='ocrx_word' id='word_1_81' title='bbox 3200 760 3427 821; x_wconf 80' lang='lat' dir='ltr'><strong>propter</strong></span> <span class='ocrx_word' id='word_1_82' title='bbox 3465 750 3709 814; x_wconf 83' lang='lat' dir='ltr'><strong>dubios,</strong></span> 
     </span>
    </p>
   </div>
   <div class='ocr_carea' id='block_1_8' title="bbox 415 846 3713 929">
    <p class='ocr_par' dir='ltr' id='par_1_8' title="bbox 415 846 3713 929">
     <span class='ocr_line' id='line_1_8' title="bbox 415 846 3713 929; baseline -0.004 -16"><span class='ocrx_word' id='word_1_83' title='bbox 415 859 507 929; x_wconf 88' lang='lat' dir='ltr'><strong>qui</strong></span> <span class='ocrx_word' id='word_1_84' title='bbox 540 859 785 922; x_wconf 78' lang='lat' dir='ltr'><strong>cogitant</strong></span> <span class='ocrx_word' id='word_1_85' title='bbox 815 856 867 908; x_wconf 91' lang='lat' dir='ltr'><strong>in</strong></span> <span class='ocrx_word' id='word_1_86' title='bbox 892 852 1151 907; x_wconf 86' lang='lat' dir='ltr'><strong>cordibus</strong></span> <span class='ocrx_word' id='word_1_87' title='bbox 1182 854 1320 914; x_wconf 89' lang='lat' dir='ltr'><strong>suis,</strong></span> <span class='ocrx_word' id='word_1_88' title='bbox 1354 862 1613 906; x_wconf 89' lang='lat' dir='ltr'><strong>utrumne</strong></span> <span class='ocrx_word' id='word_1_89' title='bbox 1639 853 1749 906; x_wconf 88' lang='lat' dir='ltr'><strong>sint</strong></span> <span class='ocrx_word' id='word_1_90' title='bbox 1771 852 1907 915; x_wconf 68' lang='lat' dir='ltr'><strong>bam,</strong></span> <span class='ocrx_word' id='word_1_91' title='bbox 1933 865 2002 905; x_wconf 90' lang='lat' dir='ltr'><strong>an</strong></span> <span class='ocrx_word' id='word_1_92' title='bbox 2030 866 2138 905; x_wconf 92' lang='lat' dir='ltr'><strong>non</strong></span> <span class='ocrx_word' id='word_1_93' title='bbox 2183 850 2298 921; x_wconf 89' lang='lat'><strong>(98)</strong></span> <span class='ocrx_word' id='word_1_94' title='bbox 2324 851 2456 905; x_wconf 89' lang='lat' dir='ltr'><strong>sint.</strong></span> <span class='ocrx_word' id='word_1_95' title='bbox 2484 848 2581 904; x_wconf 92' lang='lat' dir='ltr'><strong>Dic</strong></span> <span class='ocrx_word' id='word_1_96' title='bbox 2610 849 2737 913; x_wconf 89' lang='lat' dir='ltr'><strong>illis,</strong></span> <span class='ocrx_word' id='word_1_97' title='bbox 2768 847 2915 919; x_wconf 90' lang='lat' dir='ltr'><strong>quod</strong></span> <span class='ocrx_word' id='word_1_98' title='bbox 2947 846 3063 902; x_wconf 69' lang='lat' dir='ltr'><strong>haec</strong></span> <span class='ocrx_word' id='word_1_99' title='bbox 3086 847 3267 901; x_wconf 88' lang='lat' dir='ltr'><strong>omnia</strong></span> <span class='ocrx_word' id='word_1_100' title='bbox 3298 856 3435 902; x_wconf 88' lang='lat' dir='ltr'><strong>sunt</strong></span> <span class='ocrx_word' id='word_1_101' title='bbox 3461 862 3631 906; x_wconf 80' lang='lat' dir='ltr'><strong>vera.</strong></span> <span class='ocrx_word' id='word_1_102' title='bbox 3656 856 3713 901; x_wconf 83' lang='lat' dir='ltr'><strong>et</strong></span> 
     </span>
    </p>
   </div>
   <div class='ocr_carea' id='block_1_9' title="bbox 415 941 2620 1012">
    <p class='ocr_par' dir='ltr' id='par_1_9' title="bbox 415 941 2620 1012">
     <span class='ocr_line' id='line_1_9' title="bbox 415 941 2620 1012; baseline -0.005 -6"><span class='ocrx_word' id='word_1_103' title='bbox 415 952 552 1007; x_wconf 84' lang='lat' dir='ltr'><strong>nihil</strong></span> <span class='ocrx_word' id='word_1_104' title='bbox 585 957 737 1005; x_wconf 89' lang='lat' dir='ltr'><strong>extra</strong></span> <span class='ocrx_word' id='word_1_105' title='bbox 770 947 1051 1001; x_wconf 79' lang='lat' dir='ltr'><strong>veritatem</strong></span> <span class='ocrx_word' id='word_1_106' title='bbox 1085 954 1200 1011; x_wconf 89' lang='lat' dir='ltr'><strong>est;</strong></span> <span class='ocrx_word' id='word_1_107' title='bbox 1228 945 1323 1000; x_wconf 84' lang='lat' dir='ltr'><strong>sed</strong></span> <span class='ocrx_word' id='word_1_108' title='bbox 1344 944 1542 999; x_wconf 82' lang='lat' dir='ltr'><strong>omnia</strong></span> <span class='ocrx_word' id='word_1_109' title='bbox 1576 946 1752 1007; x_wconf 90' lang='lat' dir='ltr'><strong>tlrma,</strong></span> <span class='ocrx_word' id='word_1_110' title='bbox 1787 953 2044 1012; x_wconf 84' lang='lat' dir='ltr'><strong>certeque</strong></span> <span class='ocrx_word' id='word_1_111' title='bbox 2069 942 2183 1010; x_wconf 86' lang='lat'><strong>(99)</strong></span> <span class='ocrx_word' id='word_1_112' title='bbox 2210 941 2439 996; x_wconf 78' lang='lat' dir='ltr'><strong>fundata</strong></span> <span class='ocrx_word' id='word_1_113' title='bbox 2469 952 2620 998; x_wconf 90' lang='lat' dir='ltr'><strong>sunt.</strong></span> 
     </span>
    </p>
   </div>
   <div class='ocr_carea' id='block_1_10' title="bbox 1872 1050 2225 1110">
    <p class='ocr_par' dir='ltr' id='par_1_10' title="bbox 1872 1050 2225 1110">
     <span class='ocr_line' id='line_1_10' title="bbox 1872 1050 2225 1110; baseline -0.011 0"><span class='ocrx_word' id='word_1_114' title='bbox 1872 1050 2105 1110; x_wconf 81' lang='lat' dir='ltr'><strong>CAPUT</strong></span> <span class='ocrx_word' id='word_1_115' title='bbox 2158 1050 2225 1106; x_wconf 71' lang='grc' dir='ltr'><strong>ν.</strong></span> 
     </span>
    </p>
   </div>
   <div class='ocr_carea' id='block_1_11' title="bbox 487 1140 3703 1221">
    <p class='ocr_par' dir='ltr' id='par_1_11' title="bbox 487 1140 3703 1221">
     <span class='ocr_line' id='line_1_11' title="bbox 487 1140 3703 1221; baseline -0.004 -10"><span class='ocrx_word' id='word_1_116' title='bbox 487 1155 630 1211; x_wconf 87' lang='lat' dir='ltr'><strong>Audi</strong></span> <span class='ocrx_word' id='word_1_117' title='bbox 657 1172 803 1211; x_wconf 91' lang='lat' dir='ltr'><strong>nunc</strong></span> <span class='ocrx_word' id='word_1_118' title='bbox 826 1162 879 1209; x_wconf 91' lang='lat' dir='ltr'><strong>et</strong></span> <span class='ocrx_word' id='word_1_119' title='bbox 908 1154 974 1208; x_wconf 92' lang='lat' dir='ltr'><strong>de</strong></span> <span class='ocrx_word' id='word_1_120' title='bbox 1002 1151 1277 1221; x_wconf 82' lang='lat' dir='ltr'><strong>lapidibus</strong></span> <span class='ocrx_word' id='word_1_121' title='bbox 1303 1150 1397 1221; x_wconf 89' lang='lat' dir='ltr'><strong>qui</strong></span> <span class='ocrx_word' id='word_1_122' title='bbox 1427 1158 1555 1206; x_wconf 92' lang='lat' dir='ltr'><strong>sunt</strong></span> <span class='ocrx_word' id='word_1_123' title='bbox 1598 1148 1651 1202; x_wconf 90' lang='lat' dir='ltr'><strong>in</strong></span> <span class='ocrx_word' id='word_1_124' title='bbox 1678 1155 1977 1202; x_wconf 88' lang='lat' dir='ltr'><strong>structura.</strong></span> <span class='ocrx_word' id='word_1_125' title='bbox 2019 1144 2254 1216; x_wconf 82' lang='lat' dir='ltr'><strong>Lapides</strong></span> <span class='ocrx_word' id='word_1_126' title='bbox 2277 1144 2499 1217; x_wconf 86' lang='lat' dir='ltr'><strong>quidem</strong></span> <span class='ocrx_word' id='word_1_127' title='bbox 2529 1144 2603 1199; x_wconf 90' lang='lat' dir='ltr'><strong>illi</strong></span> <span class='ocrx_word' id='word_1_128' title='bbox 2637 1141 2894 1215; x_wconf 88' lang='lat' dir='ltr'><strong>quadrati</strong></span> <span class='ocrx_word' id='word_1_129' title='bbox 2937 1149 2995 1196; x_wconf 89' lang='lat' dir='ltr'><strong>et</strong></span> <span class='ocrx_word' id='word_1_130' title='bbox 3023 1140 3153 1207; x_wconf 85' lang='lat' dir='ltr'><strong>albi,</strong></span> <span class='ocrx_word' id='word_1_131' title='bbox 3204 1142 3619 1198; x_wconf 80' lang='lat' dir='ltr'><strong>convenientes</strong></span> <span class='ocrx_word' id='word_1_132' title='bbox 3648 1143 3703 1197; x_wconf 89' lang='lat' dir='ltr'><strong>in</strong></span> 
     </span>
    </p>
   </div>
   <div class='ocr_carea' id='block_1_12' title="bbox 417 1230 3693 1314">
    <p class='ocr_par' dir='ltr' id='par_1_12' title="bbox 417 1230 3693 1314">
     <span class='ocr_line' id='line_1_12' title="bbox 417 1230 3693 1314; baseline -0.006 -6"><span class='ocrx_word' id='word_1_133' title='bbox 417 1251 796 1309; x_wconf 89' lang='lat' dir='ltr'><strong>commissuris</strong></span> <span class='ocrx_word' id='word_1_134' title='bbox 823 1248 960 1314; x_wconf 89' lang='lat' dir='ltr'><strong>suis,</strong></span> <span class='ocrx_word' id='word_1_135' title='bbox 996 1248 1032 1302; x_wconf 88' lang='lat' dir='ltr'><strong>ii</strong></span> <span class='ocrx_word' id='word_1_136' title='bbox 1058 1253 1187 1302; x_wconf 90' lang='lat' dir='ltr'><strong>sunt</strong></span> <span class='ocrx_word' id='word_1_137' title='bbox 1212 1242 1359 1313; x_wconf 81' lang='grc'><strong>(100)</strong></span> <span class='ocrx_word' id='word_1_138' title='bbox 1393 1241 1645 1311; x_wconf 81' lang='lat' dir='ltr'><strong>apostoli,</strong></span> <span class='ocrx_word' id='word_1_139' title='bbox 1682 1248 1737 1294; x_wconf 90' lang='lat' dir='ltr'><strong>et</strong></span> <span class='ocrx_word' id='word_1_140' title='bbox 1766 1236 2033 1308; x_wconf 83' lang='lat' dir='ltr'><strong>episcopi,</strong></span> <span class='ocrx_word' id='word_1_141' title='bbox 2058 1246 2113 1292; x_wconf 91' lang='lat' dir='ltr'><strong>et</strong></span> <span class='ocrx_word' id='word_1_142' title='bbox 2140 1237 2415 1301; x_wconf 88' lang='lat' dir='ltr'><strong>doctores,</strong></span> <span class='ocrx_word' id='word_1_143' title='bbox 2444 1245 2499 1291; x_wconf 90' lang='lat' dir='ltr'><strong>et</strong></span> <span class='ocrx_word' id='word_1_144' title='bbox 2542 1234 2799 1298; x_wconf 83' lang='lat' dir='ltr'><strong>ministri,</strong></span> <span class='ocrx_word' id='word_1_145' title='bbox 2824 1231 2917 1304; x_wconf 87' lang='lat' dir='ltr'><strong>qui</strong></span> <span class='ocrx_word' id='word_1_146' title='bbox 2946 1230 3177 1302; x_wconf 75' lang='lat' dir='ltr'><strong>ingressi</strong></span> <span class='ocrx_word' id='word_1_147' title='bbox 3206 1240 3337 1286; x_wconf 90' lang='lat' dir='ltr'><strong>sunt</strong></span> <span class='ocrx_word' id='word_1_148' title='bbox 3362 1230 3443 1301; x_wconf 92' lang='grc'><strong>(1)</strong></span> <span class='ocrx_word' id='word_1_149' title='bbox 3472 1232 3533 1285; x_wconf 89' lang='lat' dir='ltr'><strong>in</strong></span> <span class='ocrx_word' id='word_1_150' title='bbox 3572 1232 3693 1287; x_wconf 83' lang='lat' dir='ltr'><strong>cle-</strong></span> 
     </span>
    </p>
   </div>
   <div class='ocr_carea' id='block_1_13' title="bbox 417 1327 3705 1411">
    <p class='ocr_par' dir='ltr' id='par_1_13' title="bbox 417 1327 3705 1411">
     <span class='ocr_line' id='line_1_13' title="bbox 417 1327 3705 1411; baseline -0.005 -11"><span class='ocrx_word' id='word_1_151' title='bbox 417 1345 621 1401; x_wconf 88' lang='lat' dir='ltr'><strong>mentia</strong></span> <span class='ocrx_word' id='word_1_152' title='bbox 649 1344 763 1409; x_wconf 88' lang='lat' dir='ltr'><strong>Dei,</strong></span> <span class='ocrx_word' id='word_1_153' title='bbox 792 1351 844 1396; x_wconf 94' lang='lat' dir='ltr'><strong>et</strong></span> <span class='ocrx_word' id='word_1_154' title='bbox 866 1342 1238 1411; x_wconf 79' lang='lat' dir='ltr'><strong>episcOpatum</strong></span> <span class='ocrx_word' id='word_1_155' title='bbox 1270 1342 1579 1405; x_wconf 81' lang='lat' dir='ltr'><strong>gesserunt,</strong></span> <span class='ocrx_word' id='word_1_156' title='bbox 1607 1340 1661 1385; x_wconf 93' lang='lat' dir='ltr'><strong>ct</strong></span> <span class='ocrx_word' id='word_1_157' title='bbox 1687 1332 2015 1392; x_wconf 88' lang='lat' dir='ltr'><strong>docuerunt,</strong></span> <span class='ocrx_word' id='word_1_158' title='bbox 2039 1337 2094 1383; x_wconf 92' lang='lat' dir='ltr'><strong>et</strong></span> <span class='ocrx_word' id='word_1_159' title='bbox 2120 1328 2575 1383; x_wconf 85' lang='lat' dir='ltr'><strong>ministraverunt</strong></span> <span class='ocrx_word' id='word_1_160' title='bbox 2616 1334 2805 1381; x_wconf 88' lang='lat' dir='ltr'><strong>sancte</strong></span> <span class='ocrx_word' id='word_1_161' title='bbox 2834 1336 2890 1381; x_wconf 91' lang='lat' dir='ltr'><strong>et</strong></span> <span class='ocrx_word' id='word_1_162' title='bbox 2915 1327 3161 1383; x_wconf 89' lang='lat' dir='ltr'><strong>modeste</strong></span> <span class='ocrx_word' id='word_1_163' title='bbox 3188 1327 3379 1384; x_wconf 90' lang='lat' dir='ltr'><strong>electis</strong></span> <span class='ocrx_word' id='word_1_164' title='bbox 3411 1327 3557 1395; x_wconf 86' lang='lat' dir='ltr'><strong>Dei,</strong></span> <span class='ocrx_word' id='word_1_165' title='bbox 3604 1328 3705 1399; x_wconf 84' lang='lat' dir='ltr'><strong>qui</strong></span> 
     </span>
    </p>
   </div>
   <div class='ocr_carea' id='block_1_14' title="bbox 416 1419 3708 1501">
    <p class='ocr_par' dir='ltr' id='par_1_14' title="bbox 416 1419 3708 1501">
     <span class='ocr_line' id='line_1_14' title="bbox 416 1419 3708 1501; baseline -0.005 -10"><span class='ocrx_word' id='word_1_166' title='bbox 416 1435 777 1497; x_wconf 88' lang='lat' dir='ltr'><strong>dormierunt,</strong></span> <span class='ocrx_word' id='word_1_167' title='bbox 802 1432 1007 1501; x_wconf 86' lang='lat' dir='ltr'><strong>quique</strong></span> <span class='ocrx_word' id='word_1_168' title='bbox 1032 1430 1212 1484; x_wconf 87' lang='lat' dir='ltr'><strong>adhuc</strong></span> <span class='ocrx_word' id='word_1_169' title='bbox 1243 1433 1401 1491; x_wconf 91' lang='lat' dir='ltr'><strong>sunt;</strong></span> <span class='ocrx_word' id='word_1_170' title='bbox 1433 1433 1489 1479; x_wconf 91' lang='lat' dir='ltr'><strong>et</strong></span> <span class='ocrx_word' id='word_1_171' title='bbox 1524 1439 1739 1493; x_wconf 88' lang='lat' dir='ltr'><strong>semper</strong></span> <span class='ocrx_word' id='word_1_172' title='bbox 1766 1437 1890 1477; x_wconf 90' lang='lat' dir='ltr'><strong>cum</strong></span> <span class='ocrx_word' id='word_1_173' title='bbox 1918 1420 2026 1477; x_wconf 89' lang='lat' dir='ltr'><strong>illis</strong></span> <span class='ocrx_word' id='word_1_174' title='bbox 2068 1428 2463 1482; x_wconf 87' lang='lat' dir='ltr'><strong>convenerunt,</strong></span> <span class='ocrx_word' id='word_1_175' title='bbox 2495 1428 2549 1474; x_wconf 90' lang='lat' dir='ltr'><strong>et</strong></span> <span class='ocrx_word' id='word_1_176' title='bbox 2593 1419 2647 1472; x_wconf 92' lang='lat' dir='ltr'><strong>in</strong></span> <span class='ocrx_word' id='word_1_177' title='bbox 2682 1433 2741 1474; x_wconf 89' lang='lat' dir='ltr'><strong>se</strong></span> <span class='ocrx_word' id='word_1_178' title='bbox 2782 1435 2970 1489; x_wconf 84' lang='lat' dir='ltr'><strong>pacem</strong></span> <span class='ocrx_word' id='word_1_179' title='bbox 3013 1421 3345 1485; x_wconf 87' lang='lat' dir='ltr'><strong>habuerunt,</strong></span> <span class='ocrx_word' id='word_1_180' title='bbox 3370 1431 3427 1476; x_wconf 83' lang='lat' dir='ltr'><strong>et</strong></span> <span class='ocrx_word' id='word_1_181' title='bbox 3460 1438 3526 1477; x_wconf 88' lang='lat' dir='ltr'><strong>se</strong></span> <span class='ocrx_word' id='word_1_182' title='bbox 3559 1423 3708 1476; x_wconf 80' lang='lat' dir='ltr'><strong>invi-</strong></span> 
     </span>
    </p>
   </div>
   <div class='ocr_carea' id='block_1_15' title="bbox 419 1513 3692 1595">
    <p class='ocr_par' dir='ltr' id='par_1_15' title="bbox 419 1513 3692 1595">
     <span class='ocr_line' id='line_1_15' title="bbox 419 1513 3692 1595; baseline -0.003 -13"><span class='ocrx_word' id='word_1_183' title='bbox 419 1543 538 1583; x_wconf 85' lang='lat' dir='ltr'><strong>cem</strong></span> <span class='ocrx_word' id='word_1_184' title='bbox 568 1525 646 1595; x_wconf 67' lang='lat'><strong>(2)</strong></span> <span class='ocrx_word' id='word_1_185' title='bbox 678 1526 989 1579; x_wconf 88' lang='lat' dir='ltr'><strong>audierunt.</strong></span> <span class='ocrx_word' id='word_1_186' title='bbox 1022 1520 1250 1590; x_wconf 86' lang='lat' dir='ltr'><strong>Propter</strong></span> <span class='ocrx_word' id='word_1_187' title='bbox 1277 1518 1381 1574; x_wconf 92' lang='lat' dir='ltr'><strong>hoc</strong></span> <span class='ocrx_word' id='word_1_188' title='bbox 1405 1529 1458 1572; x_wconf 90' lang='lat' dir='ltr'><strong>et</strong></span> <span class='ocrx_word' id='word_1_189' title='bbox 1480 1518 1531 1571; x_wconf 91' lang='lat' dir='ltr'><strong>in</strong></span> <span class='ocrx_word' id='word_1_190' title='bbox 1558 1526 1888 1571; x_wconf 83' lang='lat' dir='ltr'><strong>structuram</strong></span> <span class='ocrx_word' id='word_1_191' title='bbox 1921 1514 2087 1569; x_wconf 88' lang='lat' dir='ltr'><strong>turris</strong></span> <span class='ocrx_word' id='word_1_192' title='bbox 2115 1514 2455 1569; x_wconf 91' lang='lat' dir='ltr'><strong>conveniunt</strong></span> <span class='ocrx_word' id='word_1_193' title='bbox 2484 1513 2867 1568; x_wconf 70' lang='lat' dir='ltr'><strong>commissum</strong></span> <span class='ocrx_word' id='word_1_194' title='bbox 2889 1529 3105 1570; x_wconf 89' lang='lat' dir='ltr'><strong>eorum.</strong></span> <span class='ocrx_word' id='word_1_195' title='bbox 3136 1515 3241 1582; x_wconf 87' lang='lat' dir='ltr'><strong>Qui</strong></span> <span class='ocrx_word' id='word_1_196' title='bbox 3276 1532 3409 1571; x_wconf 87' lang='lat' dir='ltr'><strong>vero</strong></span> <span class='ocrx_word' id='word_1_197' title='bbox 3444 1518 3519 1571; x_wconf 90' lang='lat' dir='ltr'><strong>de</strong></span> <span class='ocrx_word' id='word_1_198' title='bbox 3552 1535 3692 1588; x_wconf 82' lang='lat' dir='ltr'><strong>pro-</strong></span> 
     </span>
    </p>
   </div>
   <div class='ocr_carea' id='block_1_16' title="bbox 420 1604 3703 1679">
    <p class='ocr_par' dir='ltr' id='par_1_16' title="bbox 420 1604 3703 1679">
     <span class='ocr_line' id='line_1_16' title="bbox 420 1604 3703 1679; baseline -0.002 -9"><span class='ocrx_word' id='word_1_199' title='bbox 420 1615 592 1671; x_wconf 81' lang='lat' dir='ltr'><strong>fundo</strong></span> <span class='ocrx_word' id='word_1_200' title='bbox 622 1612 936 1667; x_wconf 86' lang='lat' dir='ltr'><strong>trahuntur.</strong></span> <span class='ocrx_word' id='word_1_201' title='bbox 964 1619 1017 1663; x_wconf 90' lang='lat' dir='ltr'><strong>et</strong></span> <span class='ocrx_word' id='word_1_202' title='bbox 1040 1610 1397 1679; x_wconf 89' lang='lat' dir='ltr'><strong>imponuntur</strong></span> <span class='ocrx_word' id='word_1_203' title='bbox 1428 1609 1480 1662; x_wconf 92' lang='lat' dir='ltr'><strong>in</strong></span> <span class='ocrx_word' id='word_1_204' title='bbox 1506 1617 1780 1663; x_wconf 73' lang='lat' dir='ltr'><strong>structura</strong></span> <span class='ocrx_word' id='word_1_205' title='bbox 1814 1606 1914 1676; x_wconf 79' lang='lat'><strong>(3),</strong></span> <span class='ocrx_word' id='word_1_206' title='bbox 1940 1614 1996 1660; x_wconf 91' lang='lat' dir='ltr'><strong>et</strong></span> <span class='ocrx_word' id='word_1_207' title='bbox 2021 1605 2359 1660; x_wconf 87' lang='lat' dir='ltr'><strong>conveniunt</strong></span> <span class='ocrx_word' id='word_1_208' title='bbox 2384 1604 2768 1661; x_wconf 66' lang='lat' dir='ltr'><strong>commissura:</strong></span> <span class='ocrx_word' id='word_1_209' title='bbox 2794 1620 2987 1662; x_wconf 88' lang='lat' dir='ltr'><strong>eorum</strong></span> <span class='ocrx_word' id='word_1_210' title='bbox 3017 1625 3142 1665; x_wconf 87' lang='lat' dir='ltr'><strong>cum</strong></span> <span class='ocrx_word' id='word_1_211' title='bbox 3166 1609 3381 1664; x_wconf 65' lang='lat' dir='ltr'><strong>caeteris</strong></span> <span class='ocrx_word' id='word_1_212' title='bbox 3405 1610 3703 1679; x_wconf 82' lang='lat' dir='ltr'><strong>lapidibus</strong></span> 
     </span>
    </p>
   </div>
   <div class='ocr_carea' id='block_1_17' title="bbox 418 1697 3701 1776">
    <p class='ocr_par' dir='ltr' id='par_1_17' title="bbox 418 1697 3701 1776">
     <span class='ocr_line' id='line_1_17' title="bbox 418 1697 3701 1776; baseline -0.001 -16"><span class='ocrx_word' id='word_1_213' title='bbox 418 1705 512 1776; x_wconf 89' lang='lat' dir='ltr'><strong>qui</strong></span> <span class='ocrx_word' id='word_1_214' title='bbox 539 1704 652 1774; x_wconf 84' lang='lat' dir='ltr'><strong>jam</strong></span> <span class='ocrx_word' id='word_1_215' title='bbox 681 1702 931 1758; x_wconf 63' lang='lat' dir='ltr'><strong>aedificati</strong></span> <span class='ocrx_word' id='word_1_216' title='bbox 957 1709 1117 1767; x_wconf 90' lang='lat' dir='ltr'><strong>sunt;</strong></span> <span class='ocrx_word' id='word_1_217' title='bbox 1146 1702 1181 1756; x_wconf 92' lang='lat' dir='ltr'><strong>ii</strong></span> <span class='ocrx_word' id='word_1_218' title='bbox 1210 1711 1337 1758; x_wconf 91' lang='lat' dir='ltr'><strong>sunt</strong></span> <span class='ocrx_word' id='word_1_219' title='bbox 1368 1702 1461 1772; x_wconf 91' lang='lat' dir='ltr'><strong>qui</strong></span> <span class='ocrx_word' id='word_1_220' title='bbox 1487 1702 1599 1770; x_wconf 88' lang='lat' dir='ltr'><strong>jam</strong></span> <span class='ocrx_word' id='word_1_221' title='bbox 1628 1700 1995 1763; x_wconf 87' lang='lat' dir='ltr'><strong>dormierunt,</strong></span> <span class='ocrx_word' id='word_1_222' title='bbox 2017 1707 2073 1753; x_wconf 91' lang='lat' dir='ltr'><strong>et</strong></span> <span class='ocrx_word' id='word_1_223' title='bbox 2098 1697 2245 1767; x_wconf 88' lang='lat' dir='ltr'><strong>passi</strong></span> <span class='ocrx_word' id='word_1_224' title='bbox 2272 1709 2400 1753; x_wconf 90' lang='lat' dir='ltr'><strong>sunt</strong></span> <span class='ocrx_word' id='word_1_225' title='bbox 2424 1712 2591 1753; x_wconf 81' lang='lat' dir='ltr'><strong>causa</strong></span> <span class='ocrx_word' id='word_1_226' title='bbox 2620 1699 2858 1754; x_wconf 90' lang='lat' dir='ltr'><strong>nominis</strong></span> <span class='ocrx_word' id='word_1_227' title='bbox 2899 1698 3137 1755; x_wconf 90' lang='lat' dir='ltr'><strong>Domini.</strong></span> <span class='ocrx_word' id='word_1_228' title='bbox 3165 1700 3357 1756; x_wconf 66' lang='lat' dir='ltr'><strong>Caneri</strong></span> <span class='ocrx_word' id='word_1_229' title='bbox 3384 1712 3578 1758; x_wconf 86' lang='lat' dir='ltr'><strong>autem</strong></span> <span class='ocrx_word' id='word_1_230' title='bbox 3611 1706 3701 1759; x_wconf 87' lang='lat' dir='ltr'><strong>la-</strong></span> 
     </span>
    </p>
   </div>
   <div class='ocr_carea' id='block_1_18' title="bbox 419 1789 3693 1871">
    <p class='ocr_par' dir='ltr' id='par_1_18' title="bbox 419 1789 3693 1871">
     <span class='ocr_line' id='line_1_18' title="bbox 419 1789 3693 1871; baseline -0.001 -18"><span class='ocrx_word' id='word_1_231' title='bbox 419 1798 575 1871; x_wconf 89' lang='lat' dir='ltr'><strong>pides</strong></span> <span class='ocrx_word' id='word_1_232' title='bbox 610 1795 704 1865; x_wconf 87' lang='lat' dir='ltr'><strong>qui</strong></span> <span class='ocrx_word' id='word_1_233' title='bbox 733 1794 1164 1866; x_wconf 86' lang='lat' dir='ltr'><strong>apportabantur</strong></span> <span class='ocrx_word' id='word_1_234' title='bbox 1201 1798 1280 1865; x_wconf 65' lang='lat'><strong>(4)</strong></span> <span class='ocrx_word' id='word_1_235' title='bbox 1312 1810 1342 1850; x_wconf 94' lang='lat' dir='ltr'><strong>a</strong></span> <span class='ocrx_word' id='word_1_236' title='bbox 1376 1804 1542 1857; x_wconf 89' lang='lat' dir='ltr'><strong>terra,</strong></span> <span class='ocrx_word' id='word_1_237' title='bbox 1576 1793 1702 1847; x_wconf 86' lang='lat' dir='ltr'><strong>volo</strong></span> <span class='ocrx_word' id='word_1_238' title='bbox 1734 1793 1878 1847; x_wconf 91' lang='lat' dir='ltr'><strong>scire</strong></span> <span class='ocrx_word' id='word_1_239' title='bbox 1907 1791 1985 1861; x_wconf 79' lang='lat'><strong>(5)</strong></span> <span class='ocrx_word' id='word_1_240' title='bbox 2010 1790 2104 1861; x_wconf 92' lang='lat' dir='ltr'><strong>qui</strong></span> <span class='ocrx_word' id='word_1_241' title='bbox 2149 1790 2279 1854; x_wconf 91' lang='lat' dir='ltr'><strong>sint,</strong></span> <span class='ocrx_word' id='word_1_242' title='bbox 2311 1791 2555 1845; x_wconf 89' lang='lat' dir='ltr'><strong>domina.</strong></span> <span class='ocrx_word' id='word_1_243' title='bbox 2589 1791 2717 1845; x_wconf 86' lang='lat' dir='ltr'><strong>Ait:</strong></span> <span class='ocrx_word' id='word_1_244' title='bbox 2755 1789 2864 1847; x_wconf 87' lang='lat' dir='ltr'><strong>Eos</strong></span> <span class='ocrx_word' id='word_1_245' title='bbox 2892 1792 3110 1862; x_wconf 88' lang='lat' dir='ltr'><strong>quidem</strong></span> <span class='ocrx_word' id='word_1_246' title='bbox 3142 1793 3235 1862; x_wconf 89' lang='lat' dir='ltr'><strong>qui</strong></span> <span class='ocrx_word' id='word_1_247' title='bbox 3266 1794 3321 1848; x_wconf 89' lang='lat' dir='ltr'><strong>in</strong></span> <span class='ocrx_word' id='word_1_248' title='bbox 3347 1807 3559 1849; x_wconf 88' lang='lat' dir='ltr'><strong>terram</strong></span> <span class='ocrx_word' id='word_1_249' title='bbox 3600 1813 3693 1850; x_wconf 79' lang='lat' dir='ltr'><strong>va-</strong></span> 
     </span>
    </p>
   </div>
   <div class='ocr_carea' id='block_1_19' title="bbox 421 1880 3698 1958">
    <p class='ocr_par' dir='ltr' id='par_1_19' title="bbox 421 1880 3698 1958">
     <span class='ocr_line' id='line_1_19' title="bbox 421 1880 3698 1958; baseline -0.002 -10"><span class='ocrx_word' id='word_1_250' title='bbox 421 1894 579 1958; x_wconf 90' lang='lat' dir='ltr'><strong>dunt,</strong></span> <span class='ocrx_word' id='word_1_251' title='bbox 609 1900 664 1945; x_wconf 84' lang='lat' dir='ltr'><strong>et</strong></span> <span class='ocrx_word' id='word_1_252' title='bbox 693 1906 801 1945; x_wconf 87' lang='lat' dir='ltr'><strong>non</strong></span> <span class='ocrx_word' id='word_1_253' title='bbox 832 1898 961 1945; x_wconf 90' lang='lat' dir='ltr'><strong>sunt</strong></span> <span class='ocrx_word' id='word_1_254' title='bbox 988 1888 1161 1958; x_wconf 92' lang='lat' dir='ltr'><strong>politi,</strong></span> <span class='ocrx_word' id='word_1_255' title='bbox 1192 1887 1313 1941; x_wconf 90' lang='lat' dir='ltr'><strong>illos</strong></span> <span class='ocrx_word' id='word_1_256' title='bbox 1345 1885 1489 1939; x_wconf 90' lang='lat' dir='ltr'><strong>Deus</strong></span> <span class='ocrx_word' id='word_1_257' title='bbox 1523 1883 1790 1954; x_wconf 81' lang='lat' dir='ltr'><strong>probavit,</strong></span> <span class='ocrx_word' id='word_1_258' title='bbox 1824 1882 2088 1951; x_wconf 86' lang='lat' dir='ltr'><strong>quoniam</strong></span> <span class='ocrx_word' id='word_1_259' title='bbox 2132 1880 2210 1951; x_wconf 90' lang='lat'><strong>(6)</strong></span> <span class='ocrx_word' id='word_1_260' title='bbox 2241 1882 2473 1953; x_wconf 71' lang='lat' dir='ltr'><strong>ingressi</strong></span> <span class='ocrx_word' id='word_1_261' title='bbox 2510 1891 2641 1938; x_wconf 89' lang='lat' dir='ltr'><strong>sunt</strong></span> <span class='ocrx_word' id='word_1_262' title='bbox 2671 1882 2725 1936; x_wconf 86' lang='lat' dir='ltr'><strong>in</strong></span> <span class='ocrx_word' id='word_1_263' title='bbox 2754 1883 3066 1952; x_wconf 68' lang='lat' dir='ltr'><strong>aequitatem</strong></span> <span class='ocrx_word' id='word_1_264' title='bbox 3106 1882 3348 1949; x_wconf 86' lang='lat' dir='ltr'><strong>Domini,</strong></span> <span class='ocrx_word' id='word_1_265' title='bbox 3383 1894 3441 1941; x_wconf 89' lang='lat' dir='ltr'><strong>et</strong></span> <span class='ocrx_word' id='word_1_266' title='bbox 3471 1888 3698 1943; x_wconf 79' lang='lat' dir='ltr'><strong>direxe-</strong></span> 
     </span>
    </p>
   </div>
   <div class='ocr_carea' id='block_1_20' title="bbox 422 1973 3696 2051">
    <p class='ocr_par' dir='ltr' id='par_1_20' title="bbox 422 1973 3696 2051">
     <span class='ocr_line' id='line_1_20' title="bbox 422 1973 3696 2051; baseline -0.002 -11"><span class='ocrx_word' id='word_1_267' title='bbox 422 1993 552 2040; x_wconf 80' lang='lat' dir='ltr'><strong>rant</strong></span> <span class='ocrx_word' id='word_1_268' title='bbox 578 1984 694 2037; x_wconf 85' lang='lat' dir='ltr'><strong>vias</strong></span> <span class='ocrx_word' id='word_1_269' title='bbox 725 1983 781 2037; x_wconf 92' lang='lat' dir='ltr'><strong>in</strong></span> <span class='ocrx_word' id='word_1_270' title='bbox 814 1982 1086 2037; x_wconf 88' lang='lat' dir='ltr'><strong>mandatis</strong></span> <span class='ocrx_word' id='word_1_271' title='bbox 1104 1980 1245 2051; x_wconf 88' lang='lat' dir='ltr'><strong>ejus.</strong></span> <span class='ocrx_word' id='word_1_272' title='bbox 1277 1976 1380 2043; x_wconf 86' lang='lat' dir='ltr'><strong>Qui</strong></span> <span class='ocrx_word' id='word_1_273' title='bbox 1405 1985 1588 2031; x_wconf 90' lang='lat' dir='ltr'><strong>autem</strong></span> <span class='ocrx_word' id='word_1_274' title='bbox 1612 1974 1914 2030; x_wconf 79' lang='lat' dir='ltr'><strong>all‘eruntur</strong></span> <span class='ocrx_word' id='word_1_275' title='bbox 1938 1982 1995 2027; x_wconf 92' lang='lat' dir='ltr'><strong>et</strong></span> <span class='ocrx_word' id='word_1_276' title='bbox 2019 1980 2298 2042; x_wconf 90' lang='lat' dir='ltr'><strong>ponuntur</strong></span> <span class='ocrx_word' id='word_1_277' title='bbox 2327 1973 2381 2027; x_wconf 94' lang='lat' dir='ltr'><strong>in</strong></span> <span class='ocrx_word' id='word_1_278' title='bbox 2410 1981 2688 2029; x_wconf 87' lang='lat' dir='ltr'><strong>structura</strong></span> <span class='ocrx_word' id='word_1_279' title='bbox 2725 1974 2912 2039; x_wconf 89' lang='lat' dir='ltr'><strong>turris,</strong></span> <span class='ocrx_word' id='word_1_280' title='bbox 2943 1974 2979 2029; x_wconf 91' lang='lat' dir='ltr'><strong>ii</strong></span> <span class='ocrx_word' id='word_1_281' title='bbox 3012 1983 3141 2030; x_wconf 91' lang='lat' dir='ltr'><strong>sunt</strong></span> <span class='ocrx_word' id='word_1_282' title='bbox 3163 1975 3240 2045; x_wconf 90' lang='lat'><strong>(7)</strong></span> <span class='ocrx_word' id='word_1_283' title='bbox 3261 1977 3465 2030; x_wconf 77' lang='lat' dir='ltr'><strong>novelli</strong></span> <span class='ocrx_word' id='word_1_284' title='bbox 3496 1978 3551 2032; x_wconf 89' lang='lat' dir='ltr'><strong>in</strong></span> <span class='ocrx_word' id='word_1_285' title='bbox 3582 1980 3696 2033; x_wconf 78' lang='lat' dir='ltr'><strong>ﬁde</strong></span> 
     </span>
    </p>
   </div>
   <div class='ocr_carea' id='block_1_21' title="bbox 422 2060 3691 2138">
    <p class='ocr_par' dir='ltr' id='par_1_21' title="bbox 422 2060 3691 2138">
     <span class='ocr_line' id='line_1_21' title="bbox 422 2060 3691 2138; baseline -0.002 -9"><span class='ocrx_word' id='word_1_286' title='bbox 422 2083 477 2129; x_wconf 91' lang='lat' dir='ltr'><strong>et</strong></span> <span class='ocrx_word' id='word_1_287' title='bbox 504 2073 710 2129; x_wconf 83' lang='lat' dir='ltr'><strong>ﬁdeles.</strong></span> <span class='ocrx_word' id='word_1_288' title='bbox 738 2072 1168 2126; x_wconf 88' lang='lat' dir='ltr'><strong>Commonentur</strong></span> <span class='ocrx_word' id='word_1_289' title='bbox 1198 2076 1380 2122; x_wconf 88' lang='lat' dir='ltr'><strong>autem</strong></span> <span class='ocrx_word' id='word_1_290' title='bbox 1414 2065 1483 2119; x_wconf 90' lang='lat' dir='ltr'><strong>ab</strong></span> <span class='ocrx_word' id='word_1_291' title='bbox 1506 2063 1714 2134; x_wconf 82' lang='lat' dir='ltr'><strong>angelis</strong></span> <span class='ocrx_word' id='word_1_292' title='bbox 1747 2061 1814 2115; x_wconf 90' lang='lat' dir='ltr'><strong>ad</strong></span> <span class='ocrx_word' id='word_1_293' title='bbox 1840 2060 2313 2128; x_wconf 81' lang='lat' dir='ltr'><strong>benefacieudum,</strong></span> <span class='ocrx_word' id='word_1_294' title='bbox 2344 2072 2626 2132; x_wconf 86' lang='lat' dir='ltr'><strong>prepterea</strong></span> <span class='ocrx_word' id='word_1_295' title='bbox 2666 2063 2813 2133; x_wconf 91' lang='lat' dir='ltr'><strong>quod</strong></span> <span class='ocrx_word' id='word_1_296' title='bbox 2846 2079 2954 2118; x_wconf 91' lang='lat' dir='ltr'><strong>non</strong></span> <span class='ocrx_word' id='word_1_297' title='bbox 2983 2074 3068 2120; x_wconf 88' lang='lat' dir='ltr'><strong>est</strong></span> <span class='ocrx_word' id='word_1_298' title='bbox 3098 2068 3316 2121; x_wconf 89' lang='lat' dir='ltr'><strong>inventa</strong></span> <span class='ocrx_word' id='word_1_299' title='bbox 3350 2070 3601 2138; x_wconf 83' lang='lat' dir='ltr'><strong>nequitia</strong></span> <span class='ocrx_word' id='word_1_300' title='bbox 3637 2072 3691 2124; x_wconf 89' lang='lat' dir='ltr'><strong>in</strong></span> 
     </span>
    </p>
   </div>
   <div class='ocr_carea' id='block_1_22' title="bbox 422 2150 3688 2230">
    <p class='ocr_par' dir='ltr' id='par_1_22' title="bbox 422 2150 3688 2230">
     <span class='ocr_line' id='line_1_22' title="bbox 422 2150 3688 2230; baseline -0.002 -10"><span class='ocrx_word' id='word_1_301' title='bbox 422 2165 550 2221; x_wconf 82' lang='lat' dir='ltr'><strong>illis.</strong></span> <span class='ocrx_word' id='word_1_302' title='bbox 582 2162 730 2230; x_wconf 91' lang='lat' dir='ltr'><strong>Quos</strong></span> <span class='ocrx_word' id='word_1_303' title='bbox 754 2171 936 2217; x_wconf 90' lang='lat' dir='ltr'><strong>autem</strong></span> <span class='ocrx_word' id='word_1_304' title='bbox 963 2160 1281 2227; x_wconf 86' lang='lat' dir='ltr'><strong>rejiciebant</strong></span> <span class='ocrx_word' id='word_1_305' title='bbox 1304 2166 1357 2212; x_wconf 90' lang='lat' dir='ltr'><strong>et</strong></span> <span class='ocrx_word' id='word_1_306' title='bbox 1387 2154 1665 2225; x_wconf 87' lang='lat' dir='ltr'><strong>ponebant</strong></span> <span class='ocrx_word' id='word_1_307' title='bbox 1688 2150 1940 2221; x_wconf 74' lang='lat' dir='ltr'><strong>(8)juxta</strong></span> <span class='ocrx_word' id='word_1_308' title='bbox 1968 2150 2186 2214; x_wconf 89' lang='lat' dir='ltr'><strong>turrim,</strong></span> <span class='ocrx_word' id='word_1_309' title='bbox 2218 2151 2312 2218; x_wconf 90' lang='lat' dir='ltr'><strong>qui</strong></span> <span class='ocrx_word' id='word_1_310' title='bbox 2341 2160 2471 2207; x_wconf 88' lang='lat' dir='ltr'><strong>sunt</strong></span> <span class='ocrx_word' id='word_1_311' title='bbox 2505 2153 2580 2206; x_wconf 90' lang='lat' dir='ltr'><strong>illi</strong></span> <span class='ocrx_word' id='word_1_312' title='bbox 2608 2153 2836 2225; x_wconf 78' lang='lat' dir='ltr'><strong>(9)?Ait</strong></span> <span class='ocrx_word' id='word_1_313' title='bbox 2870 2154 3004 2210; x_wconf 89' lang='lat' dir='ltr'><strong>mihi</strong></span> <span class='ocrx_word' id='word_1_314' title='bbox 3035 2172 3049 2209; x_wconf 91' lang='lat'><strong>:</strong></span> <span class='ocrx_word' id='word_1_315' title='bbox 3084 2154 3146 2209; x_wconf 85' lang='lat' dir='ltr'><strong>Hi</strong></span> <span class='ocrx_word' id='word_1_316' title='bbox 3172 2167 3301 2212; x_wconf 89' lang='lat' dir='ltr'><strong>sunt</strong></span> <span class='ocrx_word' id='word_1_317' title='bbox 3352 2160 3451 2228; x_wconf 90' lang='lat' dir='ltr'><strong>qui</strong></span> <span class='ocrx_word' id='word_1_318' title='bbox 3487 2175 3688 2230; x_wconf 79' lang='lat' dir='ltr'><strong>pecca-</strong></span> 
     </span>
    </p>
   </div>
   <div class='ocr_carea' id='block_1_23' title="bbox 420 2242 3689 2322">
    <p class='ocr_par' dir='ltr' id='par_1_23' title="bbox 420 2242 3689 2322">
     <span class='ocr_line' id='line_1_23' title="bbox 420 2242 3689 2322; baseline -0 -13"><span class='ocrx_word' id='word_1_319' title='bbox 420 2264 638 2319; x_wconf 81' lang='lat' dir='ltr'><strong>verunt,</strong></span> <span class='ocrx_word' id='word_1_320' title='bbox 668 2263 721 2307; x_wconf 86' lang='lat' dir='ltr'><strong>et</strong></span> <span class='ocrx_word' id='word_1_321' title='bbox 742 2254 1035 2309; x_wconf 80' lang='lat' dir='ltr'><strong>voluerunt</strong></span> <span class='ocrx_word' id='word_1_322' title='bbox 1057 2249 1429 2322; x_wconf 64' lang='lat' dir='ltr'><strong>paenitentiam</strong></span> <span class='ocrx_word' id='word_1_323' title='bbox 1457 2260 1653 2316; x_wconf 81' lang='lat' dir='ltr'><strong>agere;</strong></span> <span class='ocrx_word' id='word_1_324' title='bbox 1679 2250 1901 2313; x_wconf 87' lang='lat' dir='ltr'><strong>propter</strong></span> <span class='ocrx_word' id='word_1_325' title='bbox 1930 2242 2035 2296; x_wconf 90' lang='lat' dir='ltr'><strong>hoc</strong></span> <span class='ocrx_word' id='word_1_326' title='bbox 2057 2257 2165 2296; x_wconf 92' lang='lat' dir='ltr'><strong>non</strong></span> <span class='ocrx_word' id='word_1_327' title='bbox 2194 2251 2325 2297; x_wconf 90' lang='lat' dir='ltr'><strong>sunt</strong></span> <span class='ocrx_word' id='word_1_328' title='bbox 2348 2243 2506 2312; x_wconf 84' lang='lat' dir='ltr'><strong>longe</strong></span> <span class='ocrx_word' id='word_1_329' title='bbox 2533 2244 2758 2314; x_wconf 89' lang='lat' dir='ltr'><strong>projecti</strong></span> <span class='ocrx_word' id='word_1_330' title='bbox 2786 2260 2816 2299; x_wconf 93' lang='lat' dir='ltr'><strong>a</strong></span> <span class='ocrx_word' id='word_1_331' title='bbox 2849 2247 3005 2312; x_wconf 93' lang='lat' dir='ltr'><strong>turri,</strong></span> <span class='ocrx_word' id='word_1_332' title='bbox 3038 2250 3298 2319; x_wconf 89' lang='lat' dir='ltr'><strong>quoniam</strong></span> <span class='ocrx_word' id='word_1_333' title='bbox 3325 2252 3492 2307; x_wconf 89' lang='lat' dir='ltr'><strong>utiles</strong></span> <span class='ocrx_word' id='word_1_334' title='bbox 3524 2264 3689 2308; x_wconf 83' lang='lat' dir='ltr'><strong>emat</strong></span> 
     </span>
    </p>
   </div>
   <div class='ocr_carea' id='block_1_24' title="bbox 424 2333 3686 2416">
    <p class='ocr_par' dir='ltr' id='par_1_24' title="bbox 424 2333 3686 2416">
     <span class='ocr_line' id='line_1_24' title="bbox 424 2333 3686 2416; baseline -0.002 -12"><span class='ocrx_word' id='word_1_335' title='bbox 424 2349 479 2404; x_wconf 91' lang='lat' dir='ltr'><strong>in</strong></span> <span class='ocrx_word' id='word_1_336' title='bbox 503 2356 778 2404; x_wconf 72' lang='lat' dir='ltr'><strong>structura</strong></span> <span class='ocrx_word' id='word_1_337' title='bbox 808 2344 943 2416; x_wconf 84' lang='grc'><strong>(10),</strong></span> <span class='ocrx_word' id='word_1_338' title='bbox 970 2344 1016 2398; x_wconf 88' lang='lat' dir='ltr'><strong>si</strong></span> <span class='ocrx_word' id='word_1_339' title='bbox 1046 2339 1421 2411; x_wconf 63' lang='lat' dir='ltr'><strong>paenitentiam</strong></span> <span class='ocrx_word' id='word_1_340' title='bbox 1452 2335 1680 2405; x_wconf 81' lang='lat' dir='ltr'><strong>egerint.</strong></span> <span class='ocrx_word' id='word_1_341' title='bbox 1713 2333 1817 2401; x_wconf 87' lang='lat' dir='ltr'><strong>Qui</strong></span> <span class='ocrx_word' id='word_1_342' title='bbox 1847 2349 1979 2404; x_wconf 77' lang='lat' dir='ltr'><strong>ergo</strong></span> <span class='ocrx_word' id='word_1_343' title='bbox 2018 2336 2395 2404; x_wconf 63' lang='lat' dir='ltr'><strong>paenitentiam</strong></span> <span class='ocrx_word' id='word_1_344' title='bbox 2434 2339 2607 2392; x_wconf 90' lang='lat' dir='ltr'><strong>acturi</strong></span> <span class='ocrx_word' id='word_1_345' title='bbox 2641 2348 2788 2404; x_wconf 87' lang='lat' dir='ltr'><strong>sunt,</strong></span> <span class='ocrx_word' id='word_1_346' title='bbox 2821 2340 2867 2395; x_wconf 89' lang='lat' dir='ltr'><strong>si</strong></span> <span class='ocrx_word' id='word_1_347' title='bbox 2904 2343 3112 2411; x_wconf 80' lang='lat' dir='ltr'><strong>egerint</strong></span> <span class='ocrx_word' id='word_1_348' title='bbox 3138 2343 3544 2413; x_wconf 64' lang='lat' dir='ltr'><strong>paenitentiam,</strong></span> <span class='ocrx_word' id='word_1_349' title='bbox 3568 2346 3686 2400; x_wconf 77' lang='lat' dir='ltr'><strong>for-</strong></span> 
     </span>
    </p>
   </div>
   <div class='ocr_carea' id='block_1_25' title="bbox 421 2425 3685 2511">
    <p class='ocr_par' dir='ltr' id='par_1_25' title="bbox 421 2425 3685 2511">
     <span class='ocr_line' id='line_1_25' title="bbox 421 2425 3685 2511; baseline -0.002 -18"><span class='ocrx_word' id='word_1_350' title='bbox 421 2448 507 2493; x_wconf 84' lang='lat' dir='ltr'><strong>tes</strong></span> <span class='ocrx_word' id='word_1_351' title='bbox 530 2450 691 2492; x_wconf 89' lang='lat' dir='ltr'><strong>erunt</strong></span> <span class='ocrx_word' id='word_1_352' title='bbox 719 2438 770 2491; x_wconf 92' lang='lat' dir='ltr'><strong>in</strong></span> <span class='ocrx_word' id='word_1_353' title='bbox 799 2436 935 2498; x_wconf 75' lang='lat' dir='ltr'><strong>(ide;</strong></span> <span class='ocrx_word' id='word_1_354' title='bbox 966 2433 1010 2487; x_wconf 91' lang='lat' dir='ltr'><strong>si</strong></span> <span class='ocrx_word' id='word_1_355' title='bbox 1037 2446 1180 2486; x_wconf 92' lang='lat' dir='ltr'><strong>nunc</strong></span> <span class='ocrx_word' id='word_1_356' title='bbox 1206 2429 1580 2499; x_wconf 67' lang='lat' dir='ltr'><strong>paenitentiam</strong></span> <span class='ocrx_word' id='word_1_357' title='bbox 1614 2426 1845 2497; x_wconf 79' lang='lat' dir='ltr'><strong>egerint,</strong></span> <span class='ocrx_word' id='word_1_358' title='bbox 1869 2425 2000 2479; x_wconf 90' lang='lat' dir='ltr'><strong>dum</strong></span> <span class='ocrx_word' id='word_1_359' title='bbox 2025 2426 2322 2483; x_wconf 65' lang='lat' dir='ltr'><strong>aediﬁcatur</strong></span> <span class='ocrx_word' id='word_1_360' title='bbox 2342 2429 2531 2483; x_wconf 88' lang='lat' dir='ltr'><strong>turris.</strong></span> <span class='ocrx_word' id='word_1_361' title='bbox 2556 2426 2690 2484; x_wconf 84' lang='lat' dir='ltr'><strong>Nam</strong></span> <span class='ocrx_word' id='word_1_362' title='bbox 2714 2430 2757 2485; x_wconf 88' lang='lat' dir='ltr'><strong>si</strong></span> <span class='ocrx_word' id='word_1_363' title='bbox 2781 2442 3161 2486; x_wconf 85' lang='lat' dir='ltr'><strong>consummata</strong></span> <span class='ocrx_word' id='word_1_364' title='bbox 3189 2432 3356 2487; x_wconf 80' lang='lat' dir='ltr'><strong>fuerit</strong></span> <span class='ocrx_word' id='word_1_365' title='bbox 3377 2442 3685 2511; x_wconf 61' lang='lat' dir='ltr'><strong>structura,</strong></span> 
     </span>
    </p>
   </div>
   <div class='ocr_carea' id='block_1_26' title="bbox 419 2516 3685 2598">
    <p class='ocr_par' dir='ltr' id='par_1_26' title="bbox 419 2516 3685 2598">
     <span class='ocr_line' id='line_1_26' title="bbox 419 2516 3685 2598; baseline -0.001 -16"><span class='ocrx_word' id='word_1_366' title='bbox 419 2528 533 2598; x_wconf 82' lang='lat' dir='ltr'><strong>jam</strong></span> <span class='ocrx_word' id='word_1_367' title='bbox 559 2529 684 2597; x_wconf 87' lang='lat' dir='ltr'><strong>quis</strong></span> <span class='ocrx_word' id='word_1_368' title='bbox 715 2542 823 2581; x_wconf 90' lang='lat' dir='ltr'><strong>non</strong></span> <span class='ocrx_word' id='word_1_369' title='bbox 860 2524 1020 2577; x_wconf 85' lang='lat' dir='ltr'><strong>habet</strong></span> <span class='ocrx_word' id='word_1_370' title='bbox 1055 2521 1237 2576; x_wconf 91' lang='lat' dir='ltr'><strong>locum</strong></span> <span class='ocrx_word' id='word_1_371' title='bbox 1272 2520 1363 2574; x_wconf 76' lang='lat' dir='ltr'><strong>ubi</strong></span> <span class='ocrx_word' id='word_1_372' title='bbox 1405 2525 1659 2589; x_wconf 81' lang='lat' dir='ltr'><strong>ponatur,</strong></span> <span class='ocrx_word' id='word_1_373' title='bbox 1693 2516 1787 2572; x_wconf 84' lang='lat' dir='ltr'><strong>sed</strong></span> <span class='ocrx_word' id='word_1_374' title='bbox 1811 2516 1917 2571; x_wconf 91' lang='lat' dir='ltr'><strong>erit</strong></span> <span class='ocrx_word' id='word_1_375' title='bbox 1946 2517 2242 2587; x_wconf 88' lang='lat' dir='ltr'><strong>reprobus;</strong></span> <span class='ocrx_word' id='word_1_376' title='bbox 2301 2518 2645 2576; x_wconf 83' lang='lat' dir='ltr'><strong>solummodo</strong></span> <span class='ocrx_word' id='word_1_377' title='bbox 2671 2531 2853 2577; x_wconf 89' lang='lat' dir='ltr'><strong>autem</strong></span> <span class='ocrx_word' id='word_1_378' title='bbox 2886 2522 2991 2577; x_wconf 87' lang='lat' dir='ltr'><strong>hoc</strong></span> <span class='ocrx_word' id='word_1_379' title='bbox 3034 2522 3273 2587; x_wconf 82' lang='lat' dir='ltr'><strong>habebit,</strong></span> <span class='ocrx_word' id='word_1_380' title='bbox 3302 2523 3398 2593; x_wconf 90' lang='lat' dir='ltr'><strong>qui</strong></span> <span class='ocrx_word' id='word_1_381' title='bbox 3418 2524 3541 2594; x_wconf 86' lang='lat' dir='ltr'><strong>jam</strong></span> <span class='ocrx_word' id='word_1_382' title='bbox 3566 2525 3651 2593; x_wconf 87' lang='grc'><strong>(11</strong></span> <span class='ocrx_word' id='word_1_383' title='bbox 3663 2530 3685 2587; x_wconf 88' lang='lat'><strong>)</strong></span> 
     </span>
    </p>
   </div>
   <div class='ocr_carea' id='block_1_27' title="bbox 426 2621 1088 2692">
    <p class='ocr_par' dir='ltr' id='par_1_27' title="bbox 426 2621 1088 2692">
     <span class='ocr_line' id='line_1_27' title="bbox 426 2621 1088 2692; baseline -0.011 -13"><span class='ocrx_word' id='word_1_384' title='bbox 426 2624 495 2679; x_wconf 85' lang='lat' dir='ltr'><strong>ad</strong></span> <span class='ocrx_word' id='word_1_385' title='bbox 519 2624 714 2679; x_wconf 90' lang='lat' dir='ltr'><strong>turrim</strong></span> <span class='ocrx_word' id='word_1_386' title='bbox 740 2621 951 2692; x_wconf 81' lang='lat' dir='ltr'><strong>positus</strong></span> <span class='ocrx_word' id='word_1_387' title='bbox 985 2627 1088 2674; x_wconf 90' lang='lat' dir='ltr'><strong>est.</strong></span> 
     </span>
    </p>
   </div>
   <div class='ocr_carea' id='block_1_28' title="bbox 1867 2700 2230 2756">
    <p class='ocr_par' dir='ltr' id='par_1_28' title="bbox 1867 2700 2230 2756">
     <span class='ocr_line' id='line_1_28' title="bbox 1867 2700 2230 2756; baseline 0.003 -1"><span class='ocrx_word' id='word_1_388' title='bbox 1867 2700 2099 2756; x_wconf 84' lang='lat' dir='ltr'><strong>CAPUT</strong></span> <span class='ocrx_word' id='word_1_389' title='bbox 2146 2701 2230 2756; x_wconf 82' lang='lat' dir='ltr'><strong>Vl.</strong></span> 
     </span>
    </p>
   </div>
   <div class='ocr_carea' id='block_1_29' title="bbox 496 2792 3681 2875">
    <p class='ocr_par' dir='ltr' id='par_1_29' title="bbox 496 2792 3681 2875">
     <span class='ocr_line' id='line_1_29' title="bbox 496 2792 3681 2875; baseline -0.001 -14"><span class='ocrx_word' id='word_1_390' title='bbox 496 2806 600 2874; x_wconf 92' lang='lat' dir='ltr'><strong>Qui</strong></span> <span class='ocrx_word' id='word_1_391' title='bbox 633 2817 813 2860; x_wconf 90' lang='lat' dir='ltr'><strong>autem</strong></span> <span class='ocrx_word' id='word_1_392' title='bbox 836 2801 1236 2863; x_wconf 88' lang='lat' dir='ltr'><strong>recldebantur,</strong></span> <span class='ocrx_word' id='word_1_393' title='bbox 1263 2806 1317 2852; x_wconf 90' lang='lat' dir='ltr'><strong>et</strong></span> <span class='ocrx_word' id='word_1_394' title='bbox 1346 2797 1507 2868; x_wconf 80' lang='lat' dir='ltr'><strong>longe</strong></span> <span class='ocrx_word' id='word_1_395' title='bbox 1535 2792 1967 2866; x_wconf 87' lang='lat' dir='ltr'><strong>projiciebantur</strong></span> <span class='ocrx_word' id='word_1_396' title='bbox 1988 2809 2019 2847; x_wconf 90' lang='lat' dir='ltr'><strong>a</strong></span> <span class='ocrx_word' id='word_1_397' title='bbox 2046 2804 2215 2859; x_wconf 76' lang='lat' dir='ltr'><strong>turre,</strong></span> <span class='ocrx_word' id='word_1_398' title='bbox 2246 2792 2328 2851; x_wconf 89' lang='lat' dir='ltr'><strong>vis</strong></span> <span class='ocrx_word' id='word_1_399' title='bbox 2356 2795 2500 2851; x_wconf 87' lang='lat' dir='ltr'><strong>seire</strong></span> <span class='ocrx_word' id='word_1_400' title='bbox 2528 2796 2622 2866; x_wconf 91' lang='lat' dir='ltr'><strong>qui</strong></span> <span class='ocrx_word' id='word_1_401' title='bbox 2649 2798 2817 2853; x_wconf 81' lang='lat' dir='ltr'><strong>sunt?</strong></span> <span class='ocrx_word' id='word_1_402' title='bbox 2838 2797 2993 2869; x_wconf 86' lang='lat' dir='ltr'><strong>Volo,</strong></span> <span class='ocrx_word' id='word_1_403' title='bbox 3020 2802 3265 2873; x_wconf 86' lang='lat' dir='ltr'><strong>inquam,</strong></span> <span class='ocrx_word' id='word_1_404' title='bbox 3291 2804 3513 2859; x_wconf 86' lang='lat' dir='ltr'><strong>domina</strong></span> <span class='ocrx_word' id='word_1_405' title='bbox 3542 2805 3681 2875; x_wconf 74' lang='lat' dir='ltr'><strong>(l2).</strong></span> 
     </span>
    </p>
   </div>
   <div class='ocr_carea' id='block_1_30' title="bbox 425 2886 3680 2967">
    <p class='ocr_par' dir='ltr' id='par_1_30' title="bbox 425 2886 3680 2967">
     <span class='ocr_line' id='line_1_30' title="bbox 425 2886 3680 2967; baseline -0.001 -11"><span class='ocrx_word' id='word_1_406' title='bbox 425 2902 469 2956; x_wconf 87' lang='lat' dir='ltr'><strong>li</strong></span> <span class='ocrx_word' id='word_1_407' title='bbox 502 2909 632 2956; x_wconf 87' lang='lat' dir='ltr'><strong>sunt</strong></span> <span class='ocrx_word' id='word_1_408' title='bbox 654 2898 746 2953; x_wconf 86' lang='lat' dir='ltr'><strong>lilii</strong></span> <span class='ocrx_word' id='word_1_409' title='bbox 784 2896 1108 2967; x_wconf 90' lang='lat' dir='ltr'><strong>iniquitatis,</strong></span> <span class='ocrx_word' id='word_1_410' title='bbox 1132 2906 1186 2949; x_wconf 92' lang='lat' dir='ltr'><strong>et</strong></span> <span class='ocrx_word' id='word_1_411' title='bbox 1211 2895 1303 2962; x_wconf 88' lang='lat' dir='ltr'><strong>qui</strong></span> <span class='ocrx_word' id='word_1_412' title='bbox 1335 2890 1687 2947; x_wconf 84' lang='lat' dir='ltr'><strong>crediderunt</strong></span> <span class='ocrx_word' id='word_1_413' title='bbox 1713 2888 1764 2942; x_wconf 89' lang='lat' dir='ltr'><strong>in</strong></span> <span class='ocrx_word' id='word_1_414' title='bbox 1798 2886 2172 2951; x_wconf 89' lang='lat' dir='ltr'><strong>simulatione,</strong></span> <span class='ocrx_word' id='word_1_415' title='bbox 2214 2894 2269 2941; x_wconf 90' lang='lat' dir='ltr'><strong>et</strong></span> <span class='ocrx_word' id='word_1_416' title='bbox 2312 2888 2494 2943; x_wconf 91' lang='lat' dir='ltr'><strong>omnis</strong></span> <span class='ocrx_word' id='word_1_417' title='bbox 2522 2890 2765 2959; x_wconf 89' lang='lat' dir='ltr'><strong>nequitia</strong></span> <span class='ocrx_word' id='word_1_418' title='bbox 2796 2907 2902 2947; x_wconf 89' lang='lat' dir='ltr'><strong>non</strong></span> <span class='ocrx_word' id='word_1_419' title='bbox 2952 2894 3206 2951; x_wconf 89' lang='lat' dir='ltr'><strong>discessit</strong></span> <span class='ocrx_word' id='word_1_420' title='bbox 3262 2897 3376 2966; x_wconf 79' lang='lat' dir='ltr'><strong>(l5)</strong></span> <span class='ocrx_word' id='word_1_421' title='bbox 3426 2897 3502 2951; x_wconf 91' lang='lat' dir='ltr'><strong>ab</strong></span> <span class='ocrx_word' id='word_1_422' title='bbox 3547 2899 3631 2953; x_wconf 84' lang='lat' dir='ltr'><strong>eis</strong></span> <span class='ocrx_word' id='word_1_423' title='bbox 3664 2917 3680 2952; x_wconf 92' lang='lat'><strong>:</strong></span> 
     </span>
    </p>
   </div>
   <div class='ocr_carea' id='block_1_31' title="bbox 428 2978 3682 3064">
    <p class='ocr_par' dir='ltr' id='par_1_31' title="bbox 428 2978 3682 3064">
     <span class='ocr_line' id='line_1_31' title="bbox 428 2978 3682 3064; baseline -0.001 -16"><span class='ocrx_word' id='word_1_424' title='bbox 428 3000 650 3064; x_wconf 91' lang='lat' dir='ltr'><strong>propter</strong></span> <span class='ocrx_word' id='word_1_425' title='bbox 675 2992 778 3045; x_wconf 88' lang='lat' dir='ltr'><strong>hoc</strong></span> <span class='ocrx_word' id='word_1_426' title='bbox 809 3004 918 3043; x_wconf 91' lang='lat' dir='ltr'><strong>non</strong></span> <span class='ocrx_word' id='word_1_427' title='bbox 952 2987 1152 3042; x_wconf 86' lang='lat' dir='ltr'><strong>habent</strong></span> <span class='ocrx_word' id='word_1_428' title='bbox 1182 2985 1411 3040; x_wconf 87' lang='lat' dir='ltr'><strong>salutem</strong></span> <span class='ocrx_word' id='word_1_429' title='bbox 1439 3000 1453 3047; x_wconf 85' lang='lat'><strong>;</strong></span> <span class='ocrx_word' id='word_1_430' title='bbox 1488 2981 1749 3051; x_wconf 86' lang='lat' dir='ltr'><strong>quoniam</strong></span> <span class='ocrx_word' id='word_1_431' title='bbox 1784 2995 1891 3034; x_wconf 91' lang='lat' dir='ltr'><strong>non</strong></span> <span class='ocrx_word' id='word_1_432' title='bbox 1918 2987 2047 3034; x_wconf 89' lang='lat' dir='ltr'><strong>sunt</strong></span> <span class='ocrx_word' id='word_1_433' title='bbox 2068 2978 2232 3035; x_wconf 89' lang='lat' dir='ltr'><strong>utiles</strong></span> <span class='ocrx_word' id='word_1_434' title='bbox 2254 2979 2309 3035; x_wconf 90' lang='lat' dir='ltr'><strong>in</strong></span> <span class='ocrx_word' id='word_1_435' title='bbox 2341 2989 2615 3037; x_wconf 89' lang='lat' dir='ltr'><strong>structura</strong></span> <span class='ocrx_word' id='word_1_436' title='bbox 2651 2984 2787 3055; x_wconf 76' lang='grc'><strong>(1.1),</strong></span> <span class='ocrx_word' id='word_1_437' title='bbox 2819 2996 3039 3057; x_wconf 90' lang='lat' dir='ltr'><strong>propter</strong></span> <span class='ocrx_word' id='word_1_438' title='bbox 3055 2991 3326 3059; x_wconf 81' lang='lat' dir='ltr'><strong>nequitias</strong></span> <span class='ocrx_word' id='word_1_439' title='bbox 3350 3006 3504 3046; x_wconf 87' lang='lat' dir='ltr'><strong>suas.</strong></span> <span class='ocrx_word' id='word_1_440' title='bbox 3533 2990 3682 3058; x_wconf 57' lang='lat' dir='ltr'><strong>Qua.</strong></span> 
     </span>
    </p>
   </div>
   <div class='ocr_carea' id='block_1_32' title="bbox 428 3070 3682 3157">
    <p class='ocr_par' dir='ltr' id='par_1_32' title="bbox 428 3070 3682 3157">
     <span class='ocr_line' id='line_1_32' title="bbox 428 3070 3682 3157; baseline 0.002 -19"><span class='ocrx_word' id='word_1_441' title='bbox 428 3093 649 3157; x_wconf 89' lang='lat' dir='ltr'><strong>propter</strong></span> <span class='ocrx_word' id='word_1_442' title='bbox 676 3080 845 3137; x_wconf 74' lang='lat' dir='ltr'><strong>excisi</strong></span> <span class='ocrx_word' id='word_1_443' title='bbox 875 3086 1003 3135; x_wconf 92' lang='lat' dir='ltr'><strong>sunt</strong></span> <span class='ocrx_word' id='word_1_444' title='bbox 1026 3085 1080 3132; x_wconf 86' lang='lat' dir='ltr'><strong>et</strong></span> <span class='ocrx_word' id='word_1_445' title='bbox 1106 3076 1263 3147; x_wconf 78' lang='lat' dir='ltr'><strong>longe</strong></span> <span class='ocrx_word' id='word_1_446' title='bbox 1292 3074 1517 3145; x_wconf 88' lang='lat' dir='ltr'><strong>projecti</strong></span> <span class='ocrx_word' id='word_1_447' title='bbox 1544 3082 1765 3142; x_wconf 85' lang='lat' dir='ltr'><strong>prepter</strong></span> <span class='ocrx_word' id='word_1_448' title='bbox 1804 3071 1944 3126; x_wconf 91' lang='lat' dir='ltr'><strong>iram</strong></span> <span class='ocrx_word' id='word_1_449' title='bbox 1978 3070 2228 3138; x_wconf 85' lang='lat' dir='ltr'><strong>Domini;</strong></span> <span class='ocrx_word' id='word_1_450' title='bbox 2262 3072 2393 3143; x_wconf 84' lang='lat' dir='ltr'><strong>quia</strong></span> <span class='ocrx_word' id='word_1_451' title='bbox 2420 3074 2886 3134; x_wconf 83' lang='lat' dir='ltr'><strong>exacerbaverunt</strong></span> <span class='ocrx_word' id='word_1_452' title='bbox 2927 3097 3075 3138; x_wconf 89' lang='lat' dir='ltr'><strong>eum.</strong></span> <span class='ocrx_word' id='word_1_453' title='bbox 3106 3085 3349 3143; x_wconf 73' lang='lat' dir='ltr'><strong>Caeteros</strong></span> <span class='ocrx_word' id='word_1_454' title='bbox 3381 3098 3567 3142; x_wconf 87' lang='lat' dir='ltr'><strong>autem</strong></span> <span class='ocrx_word' id='word_1_455' title='bbox 3594 3090 3682 3143; x_wconf 85' lang='lat' dir='ltr'><strong>la-</strong></span> 
     </span>
    </p>
   </div>
   <div class='ocr_carea' id='block_1_33' title="bbox 428 3162 3683 3249">
    <p class='ocr_par' dir='ltr' id='par_1_33' title="bbox 428 3162 3683 3249">
     <span class='ocr_line' id='line_1_33' title="bbox 428 3162 3683 3249; baseline 0.001 -19"><span class='ocrx_word' id='word_1_456' title='bbox 428 3175 581 3247; x_wconf 89' lang='lat' dir='ltr'><strong>pides</strong></span> <span class='ocrx_word' id='word_1_457' title='bbox 606 3188 744 3244; x_wconf 88' lang='lat' dir='ltr'><strong>quos</strong></span> <span class='ocrx_word' id='word_1_458' title='bbox 774 3168 955 3225; x_wconf 89' lang='lat' dir='ltr'><strong>vidisti</strong></span> <span class='ocrx_word' id='word_1_459' title='bbox 988 3167 1299 3237; x_wconf 90' lang='lat' dir='ltr'><strong>complures</strong></span> <span class='ocrx_word' id='word_1_460' title='bbox 1346 3166 1552 3237; x_wconf 90' lang='lat' dir='ltr'><strong>positos</strong></span> <span class='ocrx_word' id='word_1_461' title='bbox 1573 3203 1587 3227; x_wconf 85' lang='lat'><strong>,</strong></span> <span class='ocrx_word' id='word_1_462' title='bbox 1623 3179 1730 3219; x_wconf 90' lang='lat' dir='ltr'><strong>non</strong></span> <span class='ocrx_word' id='word_1_463' title='bbox 1764 3172 1958 3219; x_wconf 89' lang='lat' dir='ltr'><strong>euntes</strong></span> <span class='ocrx_word' id='word_1_464' title='bbox 2010 3162 2064 3218; x_wconf 92' lang='lat' dir='ltr'><strong>in</strong></span> <span class='ocrx_word' id='word_1_465' title='bbox 2116 3172 2451 3219; x_wconf 84' lang='lat' dir='ltr'><strong>structuram</strong></span> <span class='ocrx_word' id='word_1_466' title='bbox 2481 3182 2495 3231; x_wconf 92' lang='lat'><strong>;</strong></span> <span class='ocrx_word' id='word_1_467' title='bbox 2534 3166 2570 3220; x_wconf 91' lang='lat' dir='ltr'><strong>ii</strong></span> <span class='ocrx_word' id='word_1_468' title='bbox 2612 3168 2831 3237; x_wconf 88' lang='lat' dir='ltr'><strong>quidem</strong></span> <span class='ocrx_word' id='word_1_469' title='bbox 2862 3175 2956 3241; x_wconf 90' lang='lat' dir='ltr'><strong>qui</strong></span> <span class='ocrx_word' id='word_1_470' title='bbox 2986 3177 3228 3233; x_wconf 89' lang='lat' dir='ltr'><strong>scabrosi</strong></span> <span class='ocrx_word' id='word_1_471' title='bbox 3273 3188 3427 3233; x_wconf 87' lang='lat' dir='ltr'><strong>erant</strong></span> <span class='ocrx_word' id='word_1_472' title='bbox 3456 3178 3596 3249; x_wconf 83' lang='grc'><strong>(15),</strong></span> <span class='ocrx_word' id='word_1_473' title='bbox 3624 3180 3683 3233; x_wconf 86' lang='lat' dir='ltr'><strong>bi</strong></span> 
     </span>
    </p>
   </div>
   <div class='ocr_carea' id='block_1_34' title="bbox 428 3252 3683 3337">
    <p class='ocr_par' dir='ltr' id='par_1_34' title="bbox 428 3252 3683 3337">
     <span class='ocr_line' id='line_1_34' title="bbox 428 3252 3683 3337; baseline 0 -15"><span class='ocrx_word' id='word_1_474' title='bbox 428 3275 558 3323; x_wconf 82' lang='lat' dir='ltr'><strong>sunt</strong></span> <span class='ocrx_word' id='word_1_475' title='bbox 588 3264 681 3335; x_wconf 90' lang='lat' dir='ltr'><strong>qui</strong></span> <span class='ocrx_word' id='word_1_476' title='bbox 713 3266 1089 3334; x_wconf 76' lang='lat' dir='ltr'><strong>cognoverunt</strong></span> <span class='ocrx_word' id='word_1_477' title='bbox 1116 3256 1423 3316; x_wconf 84' lang='lat' dir='ltr'><strong>veritatem,</strong></span> <span class='ocrx_word' id='word_1_478' title='bbox 1450 3260 1505 3307; x_wconf 90' lang='lat' dir='ltr'><strong>et</strong></span> <span class='ocrx_word' id='word_1_479' title='bbox 1538 3268 1636 3306; x_wconf 87' lang='lat' dir='ltr'><strong>nec</strong></span> <span class='ocrx_word' id='word_1_480' title='bbox 1668 3259 2093 3322; x_wconf 83' lang='lat' dir='ltr'><strong>permanserunt</strong></span> <span class='ocrx_word' id='word_1_481' title='bbox 2116 3252 2167 3303; x_wconf 89' lang='lat' dir='ltr'><strong>in</strong></span> <span class='ocrx_word' id='word_1_482' title='bbox 2196 3267 2282 3317; x_wconf 86' lang='lat' dir='ltr'><strong>ea,</strong></span> <span class='ocrx_word' id='word_1_483' title='bbox 2315 3268 2416 3308; x_wconf 91' lang='lat' dir='ltr'><strong>nec</strong></span> <span class='ocrx_word' id='word_1_484' title='bbox 2445 3254 2724 3325; x_wconf 82' lang='lat' dir='ltr'><strong>conjuncti</strong></span> <span class='ocrx_word' id='word_1_485' title='bbox 2771 3272 2898 3317; x_wconf 87' lang='lat' dir='ltr'><strong>sunt</strong></span> <span class='ocrx_word' id='word_1_486' title='bbox 2927 3266 3170 3333; x_wconf 89' lang='lat' dir='ltr'><strong>sanctis;</strong></span> <span class='ocrx_word' id='word_1_487' title='bbox 3200 3277 3420 3337; x_wconf 86' lang='lat' dir='ltr'><strong>propter</strong></span> <span class='ocrx_word' id='word_1_488' title='bbox 3448 3268 3560 3325; x_wconf 85' lang='lat' dir='ltr'><strong>hoc</strong></span> <span class='ocrx_word' id='word_1_489' title='bbox 3593 3271 3683 3324; x_wconf 90' lang='lat' dir='ltr'><strong>in-</strong></span> 
     </span>
    </p>
   </div>
   <div class='ocr_carea' id='block_1_35' title="bbox 426 3340 3682 3419">
    <p class='ocr_par' dir='ltr' id='par_1_35' title="bbox 426 3340 3682 3419">
     <span class='ocr_line' id='line_1_35' title="bbox 426 3340 3682 3419; baseline -0.001 -7"><span class='ocrx_word' id='word_1_490' title='bbox 426 3359 590 3413; x_wconf 88' lang='lat' dir='ltr'><strong>utiles</strong></span> <span class='ocrx_word' id='word_1_491' title='bbox 617 3364 763 3412; x_wconf 89' lang='lat' dir='ltr'><strong>sunt.</strong></span> <span class='ocrx_word' id='word_1_492' title='bbox 795 3353 898 3419; x_wconf 89' lang='lat' dir='ltr'><strong>Qui</strong></span> <span class='ocrx_word' id='word_1_493' title='bbox 923 3359 1103 3406; x_wconf 88' lang='lat' dir='ltr'><strong>autem</strong></span> <span class='ocrx_word' id='word_1_494' title='bbox 1136 3348 1407 3404; x_wconf 88' lang='lat' dir='ltr'><strong>scissuras</strong></span> <span class='ocrx_word' id='word_1_495' title='bbox 1443 3344 1737 3405; x_wconf 89' lang='lat' dir='ltr'><strong>habebant,</strong></span> <span class='ocrx_word' id='word_1_496' title='bbox 1766 3341 1819 3395; x_wconf 92' lang='lat' dir='ltr'><strong>hi</strong></span> <span class='ocrx_word' id='word_1_497' title='bbox 1845 3350 1975 3395; x_wconf 91' lang='lat' dir='ltr'><strong>sunt</strong></span> <span class='ocrx_word' id='word_1_498' title='bbox 2003 3341 2094 3411; x_wconf 90' lang='lat' dir='ltr'><strong>qui</strong></span> <span class='ocrx_word' id='word_1_499' title='bbox 2126 3340 2238 3411; x_wconf 85' lang='lat' dir='ltr'><strong>(l6)</strong></span> <span class='ocrx_word' id='word_1_500' title='bbox 2266 3341 2408 3397; x_wconf 89' lang='lat' dir='ltr'><strong>alius</strong></span> <span class='ocrx_word' id='word_1_501' title='bbox 2441 3345 2704 3403; x_wconf 88' lang='lat' dir='ltr'><strong>adversus</strong></span> <span class='ocrx_word' id='word_1_502' title='bbox 2744 3350 2912 3406; x_wconf 86' lang='lat' dir='ltr'><strong>alium</strong></span> <span class='ocrx_word' id='word_1_503' title='bbox 2960 3355 3011 3408; x_wconf 92' lang='lat' dir='ltr'><strong>in</strong></span> <span class='ocrx_word' id='word_1_504' title='bbox 3046 3358 3305 3413; x_wconf 80' lang='lat' dir='ltr'><strong>cordibus</strong></span> <span class='ocrx_word' id='word_1_505' title='bbox 3334 3358 3682 3413; x_wconf 81' lang='lat' dir='ltr'><strong>discordiam</strong></span> 
     </span>
    </p>
   </div>
   <div class='ocr_carea' id='block_1_36' title="bbox 428 3431 3682 3518">
    <p class='ocr_par' dir='ltr' id='par_1_36' title="bbox 428 3431 3682 3518">
     <span class='ocr_line' id='line_1_36' title="bbox 428 3431 3682 3518; baseline -0.001 -9"><span class='ocrx_word' id='word_1_506' title='bbox 428 3454 651 3518; x_wconf 86' lang='lat' dir='ltr'><strong>habent,</strong></span> <span class='ocrx_word' id='word_1_507' title='bbox 680 3460 735 3506; x_wconf 91' lang='lat' dir='ltr'><strong>et</strong></span> <span class='ocrx_word' id='word_1_508' title='bbox 764 3466 872 3504; x_wconf 90' lang='lat' dir='ltr'><strong>non</strong></span> <span class='ocrx_word' id='word_1_509' title='bbox 906 3448 1107 3502; x_wconf 88' lang='lat' dir='ltr'><strong>habent</strong></span> <span class='ocrx_word' id='word_1_510' title='bbox 1137 3441 1248 3512; x_wconf 84' lang='lat' dir='ltr'><strong>(l7)</strong></span> <span class='ocrx_word' id='word_1_511' title='bbox 1284 3452 1472 3508; x_wconf 82' lang='lat' dir='ltr'><strong>pacem</strong></span> <span class='ocrx_word' id='word_1_512' title='bbox 1502 3437 1642 3490; x_wconf 91' lang='lat' dir='ltr'><strong>inter</strong></span> <span class='ocrx_word' id='word_1_513' title='bbox 1691 3449 1752 3488; x_wconf 91' lang='lat' dir='ltr'><strong>se</strong></span> <span class='ocrx_word' id='word_1_514' title='bbox 1785 3448 1797 3484; x_wconf 92' lang='lat'>:</span> <span class='ocrx_word' id='word_1_515' title='bbox 1830 3431 1882 3485; x_wconf 91' lang='lat' dir='ltr'><strong>in</strong></span> <span class='ocrx_word' id='word_1_516' title='bbox 1916 3434 2201 3502; x_wconf 63' lang='lat' dir='ltr'><strong>praesentia</strong></span> <span class='ocrx_word' id='word_1_517' title='bbox 2228 3433 2339 3502; x_wconf 94' lang='lat' dir='ltr'><strong>(l8)</strong></span> <span class='ocrx_word' id='word_1_518' title='bbox 2366 3435 2586 3504; x_wconf 88' lang='lat' dir='ltr'><strong>quidem</strong></span> <span class='ocrx_word' id='word_1_519' title='bbox 2620 3455 2807 3508; x_wconf 89' lang='lat' dir='ltr'><strong>pacem</strong></span> <span class='ocrx_word' id='word_1_520' title='bbox 2838 3442 3135 3515; x_wconf 87' lang='lat' dir='ltr'><strong>habentes,</strong></span> <span class='ocrx_word' id='word_1_521' title='bbox 3176 3464 3299 3505; x_wconf 87' lang='lat' dir='ltr'><strong>cum</strong></span> <span class='ocrx_word' id='word_1_522' title='bbox 3324 3461 3511 3505; x_wconf 88' lang='lat' dir='ltr'><strong>autem</strong></span> <span class='ocrx_word' id='word_1_523' title='bbox 3536 3467 3682 3507; x_wconf 81' lang='lat' dir='ltr'><strong>unus</strong></span> 
     </span>
    </p>
   </div>
   <div class='ocr_carea' id='block_1_37' title="bbox 430 3523 3680 3610">
    <p class='ocr_par' dir='ltr' id='par_1_37' title="bbox 430 3523 3680 3610">
     <span class='ocr_line' id='line_1_37' title="bbox 430 3523 3680 3610; baseline -0.003 -9"><span class='ocrx_word' id='word_1_524' title='bbox 430 3545 499 3601; x_wconf 84' lang='lat' dir='ltr'><strong>ab</strong></span> <span class='ocrx_word' id='word_1_525' title='bbox 528 3545 634 3599; x_wconf 90' lang='lat' dir='ltr'><strong>alio</strong></span> <span class='ocrx_word' id='word_1_526' title='bbox 661 3539 996 3602; x_wconf 86' lang='lat' dir='ltr'><strong>discesserit,</strong></span> <span class='ocrx_word' id='word_1_527' title='bbox 1024 3533 1263 3605; x_wconf 88' lang='lat' dir='ltr'><strong>nequitia</strong></span> <span class='ocrx_word' id='word_1_528' title='bbox 1297 3544 1488 3585; x_wconf 87' lang='lat' dir='ltr'><strong>eorum</strong></span> <span class='ocrx_word' id='word_1_529' title='bbox 1525 3527 1579 3581; x_wconf 91' lang='lat' dir='ltr'><strong>in</strong></span> <span class='ocrx_word' id='word_1_530' title='bbox 1614 3524 1875 3580; x_wconf 91' lang='lat' dir='ltr'><strong>cordibus</strong></span> <span class='ocrx_word' id='word_1_531' title='bbox 1917 3534 2219 3593; x_wconf 86' lang='lat' dir='ltr'><strong>permanet.</strong></span> <span class='ocrx_word' id='word_1_532' title='bbox 2268 3523 2361 3581; x_wconf 73' lang='lat' dir='ltr'><strong>Ha:</strong></span> <span class='ocrx_word' id='word_1_533' title='bbox 2395 3536 2524 3581; x_wconf 89' lang='lat' dir='ltr'><strong>sunt</strong></span> <span class='ocrx_word' id='word_1_534' title='bbox 2563 3544 2694 3599; x_wconf 80' lang='lat' dir='ltr'><strong>ergo</strong></span> <span class='ocrx_word' id='word_1_535' title='bbox 2724 3533 3002 3605; x_wconf 70' lang='lat' dir='ltr'><strong>scissurze,</strong></span> <span class='ocrx_word' id='word_1_536' title='bbox 3034 3554 3173 3608; x_wconf 88' lang='lat' dir='ltr'><strong>quas</strong></span> <span class='ocrx_word' id='word_1_537' title='bbox 3204 3541 3403 3596; x_wconf 85' lang='lat' dir='ltr'><strong>habent</strong></span> <span class='ocrx_word' id='word_1_538' title='bbox 3444 3539 3680 3610; x_wconf 82' lang='lat' dir='ltr'><strong>lapides.</strong></span> 
     </span>
    </p>
   </div>
   <div class='ocr_carea' id='block_1_38' title="bbox 429 3613 3683 3702">
    <p class='ocr_par' dir='ltr' id='par_1_38' title="bbox 429 3613 3683 3702">
     <span class='ocr_line' id='line_1_38' title="bbox 429 3613 3683 3702; baseline 0.007 -40"><span class='ocrx_word' id='word_1_539' title='bbox 429 3634 535 3702; x_wconf 63' lang='lat' dir='ltr'><strong>Qui</strong></span> <span class='ocrx_word' id='word_1_540' title='bbox 566 3647 691 3687; x_wconf 60' lang='lat' dir='ltr'><strong>vero</strong></span> <span class='ocrx_word' id='word_1_541' title='bbox 729 3630 868 3686; x_wconf 65' lang='lat' dir='ltr'><strong>curii</strong></span> <span class='ocrx_word' id='word_1_542' title='bbox 894 3636 1041 3693; x_wconf 81' lang='lat' dir='ltr'><strong>sunt,</strong></span> <span class='ocrx_word' id='word_1_543' title='bbox 1076 3626 1111 3679; x_wconf 90' lang='lat' dir='ltr'><strong>ii</strong></span> <span class='ocrx_word' id='word_1_544' title='bbox 1148 3634 1277 3678; x_wconf 91' lang='lat' dir='ltr'><strong>sunt</strong></span> <span class='ocrx_word' id='word_1_545' title='bbox 1303 3620 1395 3692; x_wconf 91' lang='lat' dir='ltr'><strong>qui</strong></span> <span class='ocrx_word' id='word_1_546' title='bbox 1424 3618 1773 3674; x_wconf 90' lang='lat' dir='ltr'><strong>crediderunt</strong></span> <span class='ocrx_word' id='word_1_547' title='bbox 1800 3613 2045 3685; x_wconf 87' lang='lat' dir='ltr'><strong>quidem,</strong></span> <span class='ocrx_word' id='word_1_548' title='bbox 2077 3614 2367 3685; x_wconf 90' lang='lat' dir='ltr'><strong>plurimam</strong></span> <span class='ocrx_word' id='word_1_549' title='bbox 2402 3628 2616 3687; x_wconf 91' lang='lat' dir='ltr'><strong>partem</strong></span> <span class='ocrx_word' id='word_1_550' title='bbox 2643 3622 2908 3681; x_wconf 88' lang='lat' dir='ltr'><strong>habentes</strong></span> <span class='ocrx_word' id='word_1_551' title='bbox 2943 3626 3246 3697; x_wconf 87' lang='lat' dir='ltr'><strong>iniquitatis</strong></span> <span class='ocrx_word' id='word_1_552' title='bbox 3277 3629 3424 3698; x_wconf 85' lang='lat' dir='ltr'><strong>(l9);</strong></span> <span class='ocrx_word' id='word_1_553' title='bbox 3457 3641 3683 3699; x_wconf 78' lang='lat' dir='ltr'><strong>propter</strong></span> 
     </span>
    </p>
   </div>
   <div class='ocr_carea' id='block_1_39' title="bbox 430 3706 3681 3790">
    <p class='ocr_par' dir='ltr' id='par_1_39' title="bbox 430 3706 3681 3790">
     <span class='ocr_line' id='line_1_39' title="bbox 430 3706 3681 3790; baseline -0.003 -5"><span class='ocrx_word' id='word_1_554' title='bbox 430 3729 536 3786; x_wconf 88' lang='lat' dir='ltr'><strong>hoc</strong></span> <span class='ocrx_word' id='word_1_555' title='bbox 562 3729 724 3790; x_wconf 82' lang='lat' dir='ltr'><strong>curti,</strong></span> <span class='ocrx_word' id='word_1_556' title='bbox 752 3736 806 3780; x_wconf 88' lang='lat' dir='ltr'><strong>et</strong></span> <span class='ocrx_word' id='word_1_557' title='bbox 838 3741 942 3778; x_wconf 93' lang='lat' dir='ltr'><strong>non</strong></span> <span class='ocrx_word' id='word_1_558' title='bbox 982 3716 1176 3790; x_wconf 79' lang='lat' dir='ltr'><strong>integri</strong></span> <span class='ocrx_word' id='word_1_559' title='bbox 1221 3720 1370 3770; x_wconf 92' lang='lat' dir='ltr'><strong>sunt.</strong></span> <span class='ocrx_word' id='word_1_560' title='bbox 1403 3708 1630 3765; x_wconf 87' lang='lat' dir='ltr'><strong>Candidi</strong></span> <span class='ocrx_word' id='word_1_561' title='bbox 1677 3708 1856 3760; x_wconf 84' lang='lat' dir='ltr'><strong>autem</strong></span> <span class='ocrx_word' id='word_1_562' title='bbox 1888 3716 1943 3760; x_wconf 91' lang='lat' dir='ltr'><strong>et</strong></span> <span class='ocrx_word' id='word_1_563' title='bbox 1985 3706 2227 3771; x_wconf 91' lang='lat' dir='ltr'><strong>rotundi,</strong></span> <span class='ocrx_word' id='word_1_564' title='bbox 2254 3716 2309 3762; x_wconf 93' lang='lat' dir='ltr'><strong>et</strong></span> <span class='ocrx_word' id='word_1_565' title='bbox 2338 3724 2445 3763; x_wconf 91' lang='lat' dir='ltr'><strong>non</strong></span> <span class='ocrx_word' id='word_1_566' title='bbox 2470 3713 2852 3770; x_wconf 86' lang='lat' dir='ltr'><strong>convenientes</strong></span> <span class='ocrx_word' id='word_1_567' title='bbox 2886 3716 2939 3771; x_wconf 92' lang='lat' dir='ltr'><strong>in</strong></span> <span class='ocrx_word' id='word_1_568' title='bbox 2982 3726 3311 3774; x_wconf 88' lang='lat' dir='ltr'><strong>structuram</strong></span> <span class='ocrx_word' id='word_1_569' title='bbox 3345 3721 3514 3776; x_wconf 88' lang='lat' dir='ltr'><strong>turris</strong></span> <span class='ocrx_word' id='word_1_570' title='bbox 3541 3761 3555 3783; x_wconf 90' lang='lat'><strong>,</strong></span> <span class='ocrx_word' id='word_1_571' title='bbox 3584 3721 3681 3790; x_wconf 82' lang='lat' dir='ltr'><strong>qui</strong></span> 
     </span>
    </p>
   </div>
   <div class='ocr_carea' id='block_1_40' title="bbox 432 3797 3682 3884">
    <p class='ocr_par' dir='ltr' id='par_1_40' title="bbox 432 3797 3682 3884">
     <span class='ocr_line' id='line_1_40' title="bbox 432 3797 3682 3884; baseline -0.002 -8"><span class='ocrx_word' id='word_1_572' title='bbox 432 3829 583 3884; x_wconf 87' lang='lat' dir='ltr'><strong>sunt,</strong></span> <span class='ocrx_word' id='word_1_573' title='bbox 618 3816 874 3873; x_wconf 83' lang='lat' dir='ltr'><strong>domina?</strong></span> <span class='ocrx_word' id='word_1_574' title='bbox 902 3810 1265 3883; x_wconf 84' lang='lat' dir='ltr'><strong>Respondens</strong></span> <span class='ocrx_word' id='word_1_575' title='bbox 1291 3802 1422 3859; x_wconf 89' lang='lat' dir='ltr'><strong>mihi</strong></span> <span class='ocrx_word' id='word_1_576' title='bbox 1444 3842 1461 3868; x_wconf 93' lang='lat'><strong>,</strong></span> <span class='ocrx_word' id='word_1_577' title='bbox 1500 3800 1639 3855; x_wconf 78' lang='lat' dir='ltr'><strong>dixit</strong></span> <span class='ocrx_word' id='word_1_578' title='bbox 1672 3816 1685 3853; x_wconf 87' lang='lat'><strong>:</strong></span> <span class='ocrx_word' id='word_1_579' title='bbox 1728 3797 2028 3867; x_wconf 87' lang='lat' dir='ltr'><strong>Usquequo</strong></span> <span class='ocrx_word' id='word_1_580' title='bbox 2060 3800 2261 3853; x_wconf 82' lang='lat' dir='ltr'><strong>stultus</strong></span> <span class='ocrx_word' id='word_1_581' title='bbox 2287 3816 2346 3856; x_wconf 89' lang='lat' dir='ltr'><strong>es</strong></span> <span class='ocrx_word' id='word_1_582' title='bbox 2376 3810 2429 3857; x_wconf 93' lang='lat' dir='ltr'><strong>et</strong></span> <span class='ocrx_word' id='word_1_583' title='bbox 2462 3802 2774 3865; x_wconf 90' lang='lat' dir='ltr'><strong>insensatus</strong></span> <span class='ocrx_word' id='word_1_584' title='bbox 2802 3827 2817 3876; x_wconf 89' lang='lat'><strong>;</strong></span> <span class='ocrx_word' id='word_1_585' title='bbox 2858 3818 2914 3864; x_wconf 88' lang='lat' dir='ltr'><strong>et</strong></span> <span class='ocrx_word' id='word_1_586' title='bbox 2936 3810 3120 3863; x_wconf 84' lang='lat' dir='ltr'><strong>omnia</strong></span> <span class='ocrx_word' id='word_1_587' title='bbox 3154 3811 3477 3881; x_wconf 80' lang='lat' dir='ltr'><strong>intermgas,</strong></span> <span class='ocrx_word' id='word_1_588' title='bbox 3513 3823 3568 3868; x_wconf 88' lang='lat' dir='ltr'><strong>et</strong></span> <span class='ocrx_word' id='word_1_589' title='bbox 3596 3816 3682 3868; x_wconf 86' lang='lat' dir='ltr'><strong>ni-</strong></span> 
     </span>
    </p>
   </div>
   <div class='ocr_carea' id='block_1_41' title="bbox 429 3887 3683 3980">
    <p class='ocr_par' dir='ltr' id='par_1_41' title="bbox 429 3887 3683 3980">
     <span class='ocr_line' id='line_1_41' title="bbox 429 3887 3683 3980; baseline 0.006 -32"><span class='ocrx_word' id='word_1_590' title='bbox 429 3910 509 3968; x_wconf 66' lang='grc' dir='ltr'><strong>ιιίι</strong></span> <span class='ocrx_word' id='word_1_591' title='bbox 542 3909 832 3980; x_wconf 53' lang='lat' dir='ltr'><strong>intelligis?</strong></span> <span class='ocrx_word' id='word_1_592' title='bbox 872 3905 935 3961; x_wconf 82' lang='lat' dir='ltr'><strong>Hi</strong></span> <span class='ocrx_word' id='word_1_593' title='bbox 969 3911 1097 3959; x_wconf 87' lang='lat' dir='ltr'><strong>sunt</strong></span> <span class='ocrx_word' id='word_1_594' title='bbox 1129 3898 1391 3953; x_wconf 85' lang='lat' dir='ltr'><strong>habentes</strong></span> <span class='ocrx_word' id='word_1_595' title='bbox 1432 3888 1652 3962; x_wconf 87' lang='lat' dir='ltr'><strong>quidem</strong></span> <span class='ocrx_word' id='word_1_596' title='bbox 1684 3887 1869 3952; x_wconf 75' lang='lat' dir='ltr'><strong>tidem,</strong></span> <span class='ocrx_word' id='word_1_597' title='bbox 1901 3888 2164 3942; x_wconf 87' lang='lat' dir='ltr'><strong>habentes</strong></span> <span class='ocrx_word' id='word_1_598' title='bbox 2190 3897 2371 3943; x_wconf 87' lang='lat' dir='ltr'><strong>autem</strong></span> <span class='ocrx_word' id='word_1_599' title='bbox 2398 3899 2451 3945; x_wconf 91' lang='lat' dir='ltr'><strong>et</strong></span> <span class='ocrx_word' id='word_1_600' title='bbox 2472 3892 2698 3950; x_wconf 80' lang='lat' dir='ltr'><strong>divitias</strong></span> <span class='ocrx_word' id='word_1_601' title='bbox 2724 3896 2888 3968; x_wconf 87' lang='lat' dir='ltr'><strong>hujus</strong></span> <span class='ocrx_word' id='word_1_602' title='bbox 2920 3906 3128 3961; x_wconf 67' lang='lat' dir='ltr'><strong>saeculi.</strong></span> <span class='ocrx_word' id='word_1_603' title='bbox 3152 3905 3287 3962; x_wconf 90' lang='lat' dir='ltr'><strong>Cum</strong></span> <span class='ocrx_word' id='word_1_604' title='bbox 3314 3923 3443 3980; x_wconf 77' lang='lat' dir='ltr'><strong>ergo</strong></span> <span class='ocrx_word' id='word_1_605' title='bbox 3465 3913 3683 3967; x_wconf 78' lang='lat' dir='ltr'><strong>venerit</strong></span> 
     </span>
    </p>
   </div>
   <div class='ocr_carea' id='block_1_42' title="bbox 1526 4008 2573 4068">
    <p class='ocr_par' dir='ltr' id='par_1_42' title="bbox 1526 4008 2573 4068">
     <span class='ocr_line' id='line_1_42' title="bbox 1526 4008 2573 4068; baseline 0.003 -3"><span class='ocrx_word' id='word_1_606' title='bbox 1526 4009 1762 4065; x_wconf 64' lang='lat' dir='ltr'><strong>VAlll/E</strong></span> <span class='ocrx_word' id='word_1_607' title='bbox 1799 4008 2184 4066; x_wconf 64' lang='lat' dir='ltr'><strong>LECTIONES</strong></span> <span class='ocrx_word' id='word_1_608' title='bbox 2217 4013 2306 4067; x_wconf 82' lang='lat' dir='ltr'><strong>ET</strong></span> <span class='ocrx_word' id='word_1_609' title='bbox 2344 4010 2573 4068; x_wconf 64' lang='lat' dir='ltr'><strong>NOT/E.</strong></span> 
     </span>
    </p>
   </div>
   <div class='ocr_carea' id='block_1_43' title="bbox 504 4124 2893 4259">
    <p class='ocr_par' dir='ltr' id='par_1_43' title="bbox 504 4124 2893 4259">
     <span class='ocr_line' id='line_1_43' title="bbox 504 4124 2893 4259; baseline -0.002 -70"><span class='ocrx_word' id='word_1_610' title='bbox 504 4135 617 4203; x_wconf 83' lang='lat'><strong>(96)</strong></span> <span class='ocrx_word' id='word_1_611' title='bbox 655 4134 755 4189; x_wconf 75' lang='lat' dir='ltr'><strong>Ms.</strong></span> <span class='ocrx_word' id='word_1_612' title='bbox 802 4134 859 4188; x_wconf 90' lang='lat' dir='ltr'><strong>S.</strong></span> <span class='ocrx_word' id='word_1_613' title='bbox 893 4134 1074 4187; x_wconf 79' lang='lat' dir='ltr'><strong>Germ.</strong></span> <span class='ocrx_word' id='word_1_614' title='bbox 1115 4143 1168 4186; x_wconf 79' lang='lat' dir='ltr'><strong>et</strong></span> <span class='ocrx_word' id='word_1_615' title='bbox 1193 4132 1376 4186; x_wconf 89' lang='lat' dir='ltr'><strong>Carm.</strong></span> <span class='ocrx_word' id='word_1_616' title='bbox 1406 4128 1461 4181; x_wconf 88' lang='lat' dir='ltr'><strong>hi</strong></span> <span class='ocrx_word' id='word_1_617' title='bbox 1490 4136 1663 4179; x_wconf 78' lang='lat' dir='ltr'><strong>autent</strong></span> <span class='ocrx_word' id='word_1_618' title='bbox 1698 4124 1999 4192; x_wconf 75' lang='lat' dir='ltr'><strong>prwcellen-</strong></span> <span class='ocrx_word' id='word_1_619' title='bbox 2173 4126 2252 4259; x_wconf 61' lang='grc'><strong>(5)</strong></span> <span class='ocrx_word' id='word_1_620' title='bbox 2284 4125 2436 4179; x_wconf 82' lang='lat' dir='ltr'><strong>Bodl.</strong></span> <span class='ocrx_word' id='word_1_621' title='bbox 2469 4130 2623 4191; x_wconf 83' lang='lat' dir='ltr'><strong>scire,</strong></span> <span class='ocrx_word' id='word_1_622' title='bbox 2656 4129 2893 4198; x_wconf 84' lang='lat' dir='ltr'><strong>inquam.</strong></span> 
     </span>
     <span class='ocr_line' id='line_1_44' title="bbox 504 4196 2893 4259; baseline -0 -4"><span class='ocrx_word' id='word_1_623' title='bbox 504 4225 508 4254; x_wconf 75' lang='grc' dir='ltr'>ς</span> <span class='ocrx_word' id='word_1_624' title='bbox 536 4206 675 4259; x_wconf 83' lang='lat' dir='ltr'><strong>illos.</strong></span> <span class='ocrx_word' id='word_1_625' title='bbox 705 4206 891 4259; x_wconf 87' lang='lat' dir='ltr'><strong>Lamb.</strong></span> <span class='ocrx_word' id='word_1_626' title='bbox 923 4204 1270 4259; x_wconf 64' lang='lat' dir='ltr'><strong>nra’cellentes</strong></span> <span class='ocrx_word' id='word_1_627' title='bbox 1298 4202 1427 4254; x_wconf 80' lang='lat' dir='ltr'><strong>illis.</strong></span> <span class='ocrx_word' id='word_1_628' title='bbox 2198 4196 2251 4259; x_wconf 79' lang='grc'><strong>6)</strong></span> <span class='ocrx_word' id='word_1_629' title='bbox 2285 4196 2434 4250; x_wconf 80' lang='lat' dir='ltr'><strong>Bodl.</strong></span> <span class='ocrx_word' id='word_1_630' title='bbox 2463 4200 2572 4259; x_wconf 86' lang='lat' dir='ltr'><strong>qui,</strong></span> <span class='ocrx_word' id='word_1_631' title='bbox 2598 4215 2694 4259; x_wconf 85' lang='lat' dir='ltr'><strong>pro</strong></span> <span class='ocrx_word' id='word_1_632' title='bbox 2715 4203 2893 4259; x_wconf 76' lang='lat' dir='ltr'><strong>quonic</strong></span> 
     </span>
    </p>
   </div>
   <div class='ocr_carea' id='block_1_44' title="bbox 435 4196 2983 4274">
    <p class='ocr_par' dir='ltr' id='par_1_44' title="bbox 435 4196 2983 4274">
     <span class='ocr_line' id='line_1_45' title="bbox 435 4196 2983 4274; baseline -0.002 -15"><span class='ocrx_word' id='word_1_633' title='bbox 435 4196 675 4260; x_wconf 41' lang='lat' dir='ltr'><strong>tes‘illos.</strong></span> <span class='ocrx_word' id='word_1_634' title='bbox 705 4206 891 4259; x_wconf 87' lang='lat' dir='ltr'><strong>Lamb.</strong></span> <span class='ocrx_word' id='word_1_635' title='bbox 922 4204 1270 4274; x_wconf 73' lang='lat' dir='ltr'><strong>pt&#39;a’cellcntes</strong></span> <span class='ocrx_word' id='word_1_636' title='bbox 1298 4202 1460 4274; x_wconf 71' lang='lat' dir='ltr'><strong>illis.__</strong></span> <span class='ocrx_word' id='word_1_637' title='bbox 1757 4264 1823 4274; x_wconf 51' lang='grc' dir='ltr'>Μ</span> <span class='ocrx_word' id='word_1_638' title='bbox 2285 4196 2434 4274; x_wconf 58' lang='lat' dir='ltr'><strong>Bodl.</strong></span> <span class='ocrx_word' id='word_1_639' title='bbox 2463 4200 2572 4274; x_wconf 70' lang='lat' dir='ltr'><strong>qui,</strong></span> <span class='ocrx_word' id='word_1_640' title='bbox 2598 4215 2694 4267; x_wconf 86' lang='lat' dir='ltr'><strong>pro</strong></span> <span class='ocrx_word' id='word_1_641' title='bbox 2715 4196 2983 4271; x_wconf 83' lang='lat' dir='ltr'><strong>quoniam.</strong></span> 
     </span>
    </p>
   </div>
   <div class='ocr_carea' id='block_1_45' title="bbox 507 4264 3675 4343">
    <p class='ocr_par' dir='ltr' id='par_1_45' title="bbox 507 4264 3675 4343">
     <span class='ocr_line' id='line_1_46' title="bbox 507 4264 3675 4343; baseline 0.001 -11"><span class='ocrx_word' id='word_1_642' title='bbox 507 4276 618 4343; x_wconf 81' lang='grc'><strong>(97)</strong></span> <span class='ocrx_word' id='word_1_643' title='bbox 649 4277 900 4330; x_wconf 82' lang='lat' dir='ltr'><strong>Clemens</strong></span> <span class='ocrx_word' id='word_1_644' title='bbox 922 4264 1084 4328; x_wconf 59' lang='lat' dir='ltr'><strong>&#39;Alex.</strong></span> <span class='ocrx_word' id='word_1_645' title='bbox 1130 4274 1383 4343; x_wconf 56' lang='lat' dir='ltr'><strong>Eme)th</strong></span> <span class='ocrx_word' id='word_1_646' title='bbox 1409 4268 1586 4343; x_wconf 70' lang='lat' dir='ltr'><strong>lib._t,_</strong></span> <span class='ocrx_word' id='word_1_647' title='bbox 1609 4281 1727 4343; x_wconf 70' lang='lat' dir='ltr'><strong>cap.</strong></span> <span class='ocrx_word' id='word_1_648' title='bbox 1755 4264 1847 4343; x_wconf 65' lang='grc' dir='ltr'><strong>ξιξ),</strong></span> <span class='ocrx_word' id='word_1_649' title='bbox 1873 4280 1989 4343; x_wconf 68' lang='lat' dir='ltr'><strong>pag.</strong></span> <span class='ocrx_word' id='word_1_650' title='bbox 2272 4264 2482 4343; x_wconf 59' lang='lat' dir='ltr'><strong>Lamb.</strong></span> <span class='ocrx_word' id='word_1_651' title='bbox 2504 4270 2559 4343; x_wconf 69' lang='lat' dir='ltr'><strong>in</strong></span> <span class='ocrx_word' id='word_1_652' title='bbox 2596 4264 2918 4343; x_wconf 62' lang='lat' dir='ltr'><strong>iuncturum</strong></span> <span class='ocrx_word' id='word_1_653' title='bbox 2945 4273 3127 4343; x_wconf 64' lang='lat' dir='ltr'><strong>turris,</strong></span> <span class='ocrx_word' id='word_1_654' title='bbox 3155 4275 3245 4343; x_wconf 85' lang='lat' dir='ltr'><strong>qui</strong></span> <span class='ocrx_word' id='word_1_655' title='bbox 3266 4286 3389 4329; x_wconf 79' lang='lat' dir='ltr'><strong>sunt</strong></span> <span class='ocrx_word' id='word_1_656' title='bbox 3413 4279 3438 4330; x_wconf 86' lang='lat'><strong>.’</strong></span> <span class='ocrx_word' id='word_1_657' title='bbox 3457 4280 3503 4331; x_wconf 92' lang='lat' dir='ltr'><strong>ii</strong></span> <span class='ocrx_word' id='word_1_658' title='bbox 3530 4293 3675 4335; x_wconf 80' lang='lat' dir='ltr'><strong>sunt.</strong></span> 
     </span>
    </p>
   </div>
   <div class='ocr_carea' id='block_1_46' title="bbox 432 4335 3676 4457">
    <p class='ocr_par' dir='ltr' id='par_1_46' title="bbox 432 4335 3676 4457">
     <span class='ocr_line' id='line_1_47' title="bbox 432 4335 3676 4457; baseline 0.002 -58"><span class='ocrx_word' id='word_1_659' title='bbox 432 4345 559 4408; x_wconf 71' lang='grc'><strong>426,</strong></span> <span class='ocrx_word' id='word_1_660' title='bbox 588 4335 731 4399; x_wconf 86' lang='lat' dir='ltr'><strong>hunc</strong></span> <span class='ocrx_word' id='word_1_661' title='bbox 768 4348 945 4399; x_wconf 88' lang='lat' dir='ltr'><strong>locum</strong></span> <span class='ocrx_word' id='word_1_662' title='bbox 979 4346 1125 4399; x_wconf 86' lang='lat' dir='ltr'><strong>hisce</strong></span> <span class='ocrx_word' id='word_1_663' title='bbox 1150 4335 1329 4395; x_wconf 68' lang='lat' dir='ltr'><strong>verbis</strong></span> <span class='ocrx_word' id='word_1_664' title='bbox 1354 4338 1613 4393; x_wconf 82' lang='lat' dir='ltr'><strong>describit</strong></span> <span class='ocrx_word' id='word_1_665' title='bbox 1642 4355 1654 4390; x_wconf 94' lang='lat'><strong>:</strong></span> <span class='ocrx_word' id='word_1_666' title='bbox 1686 4335 1857 4396; x_wconf 73' lang='grc' dir='ltr'><strong>Θείως</strong></span> <span class='ocrx_word' id='word_1_667' title='bbox 1872 4336 1995 4415; x_wconf 40' lang='grc' dir='ltr'><strong>’τοί-</strong></span> <span class='ocrx_word' id='word_1_668' title='bbox 2172 4335 2249 4457; x_wconf 57' lang='grc' dir='ltr'><strong>(ξ)</strong></span> <span class='ocrx_word' id='word_1_669' title='bbox 2271 4335 2399 4391; x_wconf 83' lang='lat' dir='ltr'><strong>Mss.</strong></span> <span class='ocrx_word' id='word_1_670' title='bbox 2421 4338 2896 4403; x_wconf 85' lang='lat' dir='ltr'><strong>S.Germ.,Carm.</strong></span> <span class='ocrx_word' id='word_1_671' title='bbox 2914 4352 2968 4396; x_wconf 90' lang='lat' dir='ltr'><strong>et</strong></span> <span class='ocrx_word' id='word_1_672' title='bbox 2985 4335 3178 4398; x_wconf 51' lang='lat' dir='ltr'><strong>Lamb;</strong></span> <span class='ocrx_word' id='word_1_673' title='bbox 3193 4347 3567 4414; x_wconf 82' lang='lat' dir='ltr'><strong>projiciebant.</strong></span> <span class='ocrx_word' id='word_1_674' title='bbox 3586 4351 3676 4408; x_wconf 82' lang='lat' dir='ltr'><strong>Sic</strong></span> 
     </span>
     <span class='ocr_line' id='line_1_48' title="bbox 432 4403 2377 4457; baseline 0 0"><span class='ocrx_word' id='word_1_675' title='bbox 432 4433 525 4457; x_wconf 65' lang='grc' dir='ltr'><strong>νυν</strong></span> <span class='ocrx_word' id='word_1_676' title='bbox 551 4416 581 4457; x_wconf 62' lang='grc' dir='ltr'><strong>ἡ</strong></span> <span class='ocrx_word' id='word_1_677' title='bbox 608 4414 974 4457; x_wconf 58' lang='lat' dir='ltr'><strong>samum-hat.</strong></span> <span class='ocrx_word' id='word_1_678' title='bbox 1002 4414 1177 4457; x_wconf 71' lang='grc' dir='ltr'><strong>Ἔοιιᾶ</strong></span> <span class='ocrx_word' id='word_1_679' title='bbox 1205 4411 1348 4457; x_wconf 70' lang='grc' dir='ltr'><strong>κατὰ</strong></span> <span class='ocrx_word' id='word_1_680' title='bbox 1371 4406 1707 4457; x_wconf 67' lang='grc' dir='ltr'>ἀποκάλυψιν</span> <span class='ocrx_word' id='word_1_681' title='bbox 1739 4403 1988 4457; x_wconf 85' lang='grc' dir='ltr'><strong>λαλουσα·</strong></span> <span class='ocrx_word' id='word_1_682' title='bbox 2099 4413 2154 4457; x_wconf 84' lang='lat' dir='ltr'><strong>et</strong></span> <span class='ocrx_word' id='word_1_683' title='bbox 2220 4407 2377 4457; x_wconf 86' lang='lat' dir='ltr'><strong>ellus.</strong></span> 
     </span>
    </p>
   </div>
   <div class='ocr_carea' id='block_1_47' title="bbox 2099 4418 2130 4458">
    <p class='ocr_par' dir='ltr' id='par_1_47' title="bbox 2099 4418 2130 4458">
     <span class='ocr_line' id='line_1_49' title="bbox 2099 4418 2130 4458; baseline 0 0"><span class='ocrx_word' id='word_1_684' title='bbox 2099 4418 2130 4458; x_wconf 72' lang='grc' dir='ltr'>θ</span> 
     </span>
    </p>
   </div>
   <div class='ocr_carea' id='block_1_48' title="bbox 432 4403 2377 4485">
    <p class='ocr_par' dir='ltr' id='par_1_48' title="bbox 432 4403 2377 4485">
     <span class='ocr_line' id='line_1_50' title="bbox 432 4403 2377 4485; baseline -0.005 -16"><span class='ocrx_word' id='word_1_685' title='bbox 432 4433 525 4469; x_wconf 74' lang='grc' dir='ltr'><strong>νυν</strong></span> <span class='ocrx_word' id='word_1_686' title='bbox 608 4414 974 4485; x_wconf 80' lang='grc' dir='ltr'>δύναμιςήτῷ</span> <span class='ocrx_word' id='word_1_687' title='bbox 1002 4414 1177 4483; x_wconf 83' lang='grc' dir='ltr'><strong>Ἑρμᾷ</strong></span> <span class='ocrx_word' id='word_1_688' title='bbox 1200 4411 1348 4485; x_wconf 57' lang='lat' dir='ltr'><strong>uasa</strong></span> <span class='ocrx_word' id='word_1_689' title='bbox 1371 4406 1707 4485; x_wconf 58' lang='grc' dir='ltr'><strong>ὰτξοξςὰλυψιν</strong></span> <span class='ocrx_word' id='word_1_690' title='bbox 1739 4403 1988 4485; x_wconf 49' lang='grc' dir='ltr'><strong>ζαᾈοῦσςι·</strong></span> <span class='ocrx_word' id='word_1_691' title='bbox 2099 4413 2154 4458; x_wconf 84' lang='lat' dir='ltr'><strong>et</strong></span> <span class='ocrx_word' id='word_1_692' title='bbox 2178 4403 2377 4485; x_wconf 50' lang='lat' dir='ltr'><strong>lienus.</strong></span> 
     </span>
    </p>
   </div>
   <div class='ocr_carea' id='block_1_49' title="bbox 431 4468 1993 4559">
    <p class='ocr_par' dir='ltr' id='par_1_49' title="bbox 431 4468 1993 4559">
     <span class='ocr_line' id='line_1_51' title="bbox 431 4468 1993 4559; baseline -0.008 -20"><span class='ocrx_word' id='word_1_693' title='bbox 537 4468 995 4559; x_wconf 28' lang='lat' dir='ltr'><strong>ﬂanimeum,</strong></span> <span class='ocrx_word' id='word_1_694' title='bbox 1032 4468 1126 4559; x_wconf 60' lang='grc' dir='ltr'><strong>κῖιῇ</strong></span> <span class='ocrx_word' id='word_1_695' title='bbox 1154 4468 1224 4559; x_wconf 54' lang='lat' dir='ltr'><strong>Ea;</strong></span> <span class='ocrx_word' id='word_1_696' title='bbox 1258 4468 1717 4559; x_wconf 54' lang='grc' dir='ltr'><strong>ἁποδςαλύμ-μαὲα,</strong></span> <span class='ocrx_word' id='word_1_697' title='bbox 1738 4474 1842 4559; x_wconf 52' lang='lat' dir='ltr'><strong>eis</strong></span> <span class='ocrx_word' id='word_1_698' title='bbox 1870 4477 1993 4559; x_wconf 59' lang='lat' dir='ltr'><strong>10b;</strong></span> 
     </span>
    </p>
   </div>
   <div class='ocr_carea' id='block_1_50' title="bbox 2157 4468 3679 4559">
    <p class='ocr_par' dir='ltr' id='par_1_50' title="bbox 2172 4477 3679 4559">
     <span class='ocr_line' id='line_1_52' title="bbox 2172 4477 3679 4559; baseline 0.013 -32"><span class='ocrx_word' id='word_1_699' title='bbox 2172 4477 2444 4559; x_wconf 37' lang='lat' dir='ltr'><strong>(9)‘B&#39;odl_._</strong></span> <span class='ocrx_word' id='word_1_700' title='bbox 2470 4479 2560 4549; x_wconf 87' lang='lat' dir='ltr'><strong>qui</strong></span> <span class='ocrx_word' id='word_1_701' title='bbox 2590 4491 2711 4533; x_wconf 83' lang='lat' dir='ltr'><strong>sunt</strong></span> <span class='ocrx_word' id='word_1_702' title='bbox 2737 4481 2761 4534; x_wconf 75' lang='lat'><strong><em>7</em></strong></span> <span class='ocrx_word' id='word_1_703' title='bbox 2805 4479 2875 4536; x_wconf 84' lang='lat' dir='ltr'><strong>Ii.</strong></span> <span class='ocrx_word' id='word_1_704' title='bbox 2911 4482 3104 4538; x_wconf 87' lang='lat' dir='ltr'><strong>Lamb.</strong></span> <span class='ocrx_word' id='word_1_705' title='bbox 3135 4495 3344 4541; x_wconf 85' lang='lat' dir='ltr'><strong>tantum</strong></span> <span class='ocrx_word' id='word_1_706' title='bbox 3377 4491 3471 4559; x_wconf 81' lang='lat' dir='ltr'><strong>qui</strong></span> <span class='ocrx_word' id='word_1_707' title='bbox 3500 4503 3622 4545; x_wconf 73' lang='lat' dir='ltr'><strong>sunt</strong></span> <span class='ocrx_word' id='word_1_708' title='bbox 3650 4492 3679 4545; x_wconf 81' lang='lat'><strong>.’</strong></span> 
     </span>
    </p>
   </div>
   <div class='ocr_carea' id='block_1_51' title="bbox 428 4546 1993 4626">
    <p class='ocr_par' dir='ltr' id='par_1_51' title="bbox 428 4546 1993 4626">
     <span class='ocr_line' id='line_1_53' title="bbox 428 4546 1993 4626; baseline -0.001 -17"><span class='ocrx_word' id='word_1_709' title='bbox 428 4546 702 4626; x_wconf 54' lang='grc' dir='ltr'><strong>διψύίουξ,</strong></span> <span class='ocrx_word' id='word_1_710' title='bbox 735 4546 866 4619; x_wconf 68' lang='grc' dir='ltr'>τοὺέ</span> <span class='ocrx_word' id='word_1_711' title='bbox 885 4546 1348 4626; x_wconf 66' lang='grc' dir='ltr'><strong>διαλᾳγιζομένῳς</strong></span> <span class='ocrx_word' id='word_1_712' title='bbox 1367 4552 1439 4626; x_wconf 31' lang='grc' dir='ltr'><strong>μὲν</strong></span> <span class='ocrx_word' id='word_1_713' title='bbox 1469 4546 1605 4626; x_wconf 46' lang='lat' dir='ltr'><strong>uti</strong></span> <span class='ocrx_word' id='word_1_714' title='bbox 1624 4546 1993 4626; x_wconf 47' lang='grc' dir='ltr'><strong>καρδίαιςῇὐ-</strong></span> 
     </span>
    </p>
   </div>
   <div class='ocr_carea' id='block_1_52' title="bbox 2157 4546 2850 4626">
    <p class='ocr_par' dir='ltr' id='par_1_52' title="bbox 2172 4546 2850 4626">
     <span class='ocr_line' id='line_1_54' title="bbox 2172 4546 2850 4626; baseline 0.009 -28"><span class='ocrx_word' id='word_1_715' title='bbox 2314 4546 2702 4626; x_wconf 28' lang='lat' dir='ltr'><strong>Bodlistructu</strong></span> <span class='ocrx_word' id='word_1_716' title='bbox 2716 4569 2850 4626; x_wconf 84' lang='lat' dir='ltr'><strong>ram.</strong></span> 
     </span>
    </p>
   </div>
   <div class='ocr_carea' id='block_1_53' title="bbox 427 4551 1993 4732">
    <p class='ocr_par' dir='ltr' id='par_1_53' title="bbox 427 4551 1993 4732">
     <span class='ocr_line' id='line_1_55' title="bbox 428 4551 1993 4626; baseline -0.008 -17"><span class='ocrx_word' id='word_1_717' title='bbox 428 4551 702 4626; x_wconf 47' lang='lat' dir='ltr'><strong>equique,</strong></span> <span class='ocrx_word' id='word_1_718' title='bbox 735 4551 865 4619; x_wconf 60' lang='grc' dir='ltr'>τοὺς</span> <span class='ocrx_word' id='word_1_719' title='bbox 885 4551 1348 4624; x_wconf 73' lang='grc' dir='ltr'><strong>διαλογιζομένους</strong></span> <span class='ocrx_word' id='word_1_720' title='bbox 1384 4552 1439 4602; x_wconf 79' lang='grc' dir='ltr'><strong>ἐν</strong></span> <span class='ocrx_word' id='word_1_721' title='bbox 1469 4553 1589 4610; x_wconf 79' lang='grc' dir='ltr'><strong>ταῖς</strong></span> <span class='ocrx_word' id='word_1_722' title='bbox 1624 4551 1872 4626; x_wconf 68' lang='grc' dir='ltr'><strong>καρδίαις</strong></span> <span class='ocrx_word' id='word_1_723' title='bbox 1896 4551 1993 4597; x_wconf 83' lang='grc' dir='ltr'><strong>αὐ-</strong></span> 
     </span>
     <span class='ocr_line' id='line_1_56' title="bbox 427 4616 1993 4732; baseline -0.008 -53"><span class='ocrx_word' id='word_1_724' title='bbox 427 4626 557 4690; x_wconf 82' lang='grc' dir='ltr'><strong>τῶν,</strong></span> <span class='ocrx_word' id='word_1_725' title='bbox 584 4628 632 4678; x_wconf 85' lang='grc' dir='ltr'><strong>εἰ</strong></span> <span class='ocrx_word' id='word_1_726' title='bbox 660 4627 766 4697; x_wconf 80' lang='grc' dir='ltr'><strong>ἄρα</strong></span> <span class='ocrx_word' id='word_1_727' title='bbox 794 4626 911 4678; x_wconf 77' lang='grc' dir='ltr'><strong>ἐστὶ</strong></span> <span class='ocrx_word' id='word_1_728' title='bbox 938 4624 1129 4687; x_wconf 80' lang='grc' dir='ltr'><strong>ταῦτα,</strong></span> <span class='ocrx_word' id='word_1_729' title='bbox 1162 4624 1195 4732; x_wconf 49' lang='grc' dir='ltr'><strong>ᾖ</strong></span> <span class='ocrx_word' id='word_1_730' title='bbox 1232 4622 1331 4674; x_wconf 80' lang='grc' dir='ltr'>οὐκ</span> <span class='ocrx_word' id='word_1_731' title='bbox 1364 4621 1528 4672; x_wconf 74' lang='grc' dir='ltr'><strong>ἔστιν.</strong></span> <span class='ocrx_word' id='word_1_732' title='bbox 1574 4618 1832 4685; x_wconf 80' lang='lat' dir='ltr'><strong>Sequitur</strong></span> <span class='ocrx_word' id='word_1_733' title='bbox 1874 4616 1993 4669; x_wconf 87' lang='lat' dir='ltr'><strong>Cle-</strong></span> 
     </span>
     <span class='ocr_line' id='line_1_57' title="bbox 431 4686 1993 4732; baseline 0 0"><span class='ocrx_word' id='word_1_734' title='bbox 431 4713 581 4732; x_wconf 72' lang='lat' dir='ltr'><strong>Innnn</strong></span> <span class='ocrx_word' id='word_1_735' title='bbox 604 4715 615 4726; x_wconf 89' lang='lat'><strong>-</strong></span> <span class='ocrx_word' id='word_1_736' title='bbox 652 4696 945 4732; x_wconf 54' lang='lat' dir='ltr'><strong>&#39;ﬂnm’nx-RE</strong></span> <span class='ocrx_word' id='word_1_737' title='bbox 1039 4696 1114 4732; x_wconf 66' lang='grc' dir='ltr'><strong>οἷν-</strong></span> <span class='ocrx_word' id='word_1_738' title='bbox 1138 4712 1164 4732; x_wconf 75' lang='grc' dir='ltr'>υ</span> <span class='ocrx_word' id='word_1_739' title='bbox 1195 4710 1269 4732; x_wconf 73' lang='grc' dir='ltr'><strong>ιαμ)</strong></span> <span class='ocrx_word' id='word_1_740' title='bbox 1297 4688 1837 4732; x_wconf 56' lang='grc' dir='ltr'><strong>ρηηένπεῦροέοονται.</strong></span> <span class='ocrx_word' id='word_1_741' title='bbox 1865 4686 1993 4732; x_wconf 70' lang='lat' dir='ltr'><strong>num</strong></span> 
     </span>
    </p>
   </div>
   <div class='ocr_carea' id='block_1_54' title="bbox 2157 4551 3672 4732">
    <p class='ocr_par' dir='ltr' id='par_1_54' title="bbox 2160 4551 3672 4732">
     <span class='ocr_line' id='line_1_58' title="bbox 2172 4551 3402 4683; baseline 0.011 -86"><span class='ocrx_word' id='word_1_742' title='bbox 2172 4551 2285 4683; x_wconf 70' lang='grc' dir='ltr'><strong>(1οζ</strong></span> <span class='ocrx_word' id='word_1_743' title='bbox 2315 4551 2468 4601; x_wconf 87' lang='lat' dir='ltr'><strong>Bodl.</strong></span> <span class='ocrx_word' id='word_1_744' title='bbox 2501 4558 2850 4604; x_wconf 82' lang='lat' dir='ltr'><strong>structuram.</strong></span> <span class='ocrx_word' id='word_1_745' title='bbox 3390 4551 3402 4559; x_wconf 82' lang='grc'><em>’</em></span> 
     </span>
     <span class='ocr_line' id='line_1_59' title="bbox 2160 4616 3672 4732; baseline 0.012 -63"><span class='ocrx_word' id='word_1_746' title='bbox 2160 4616 2447 4732; x_wconf 48' lang='lat' dir='ltr'><strong>(ilhnhbipsls.</strong></span> <span class='ocrx_word' id='word_1_747' title='bbox 2459 4618 2751 4732; x_wconf 51' lang='grc' dir='ltr'><strong>ξενίη..</strong></span> <span class='ocrx_word' id='word_1_748' title='bbox 2771 4623 3229 4680; x_wconf 74' lang='lat' dir='ltr'><strong>Carni.etLanIb.</strong></span> <span class='ocrx_word' id='word_1_749' title='bbox 3256 4630 3533 4698; x_wconf 76' lang='lat' dir='ltr'><strong>quoniam.</strong></span> <span class='ocrx_word' id='word_1_750' title='bbox 3556 4631 3672 4687; x_wconf 81' lang='lat' dir='ltr'><strong>Fel-</strong></span> 
     </span>
    </p>
   </div>
   <div class='ocr_carea' id='block_1_55' title="bbox 431 4683 1993 4767">
    <p class='ocr_par' dir='ltr' id='par_1_55' title="bbox 431 4683 1993 4767">
     <span class='ocr_line' id='line_1_60' title="bbox 431 4683 1993 4767; baseline -0.007 -17"><span class='ocrx_word' id='word_1_751' title='bbox 431 4683 616 4751; x_wconf 78' lang='lat' dir='ltr'><strong>mens:</strong></span> <span class='ocrx_word' id='word_1_752' title='bbox 652 4683 877 4767; x_wconf 66' lang='grc' dir='ltr'><strong>’ὁμοίως</strong></span> <span class='ocrx_word' id='word_1_753' title='bbox 891 4696 1012 4748; x_wconf 81' lang='grc' dir='ltr'><strong>δὲ...</strong></span> <span class='ocrx_word' id='word_1_754' title='bbox 1039 4683 1275 4767; x_wconf 38' lang='grc' dir='ltr'><strong>ὠςξνέῳε(</strong></span> <span class='ocrx_word' id='word_1_755' title='bbox 1297 4683 1837 4767; x_wconf 31' lang='grc' dir='ltr'><strong>φρὲνξςιὴξρέορνται..</strong></span> <span class='ocrx_word' id='word_1_756' title='bbox 1865 4686 1993 4767; x_wconf 65' lang='lat' dir='ltr'><strong>Quae</strong></span> 
     </span>
    </p>
   </div>
   <div class='ocr_carea' id='block_1_56' title="bbox 2157 4683 2570 4767">
    <p class='ocr_par' dir='ltr' id='par_1_56' title="bbox 2160 4683 2570 4767">
     <span class='ocr_line' id='line_1_61' title="bbox 2160 4683 2570 4767; baseline 0.007 -27"><span class='ocrx_word' id='word_1_757' title='bbox 2160 4683 2570 4767; x_wconf 49' lang='lat' dir='ltr'><strong>s_:Aha.bet,_qtti.</strong></span> 
     </span>
    </p>
   </div>
   <div class='ocr_carea' id='block_1_57' title="bbox 430 4756 1996 4837">
    <p class='ocr_par' dir='ltr' id='par_1_57' title="bbox 430 4756 1996 4837">
     <span class='ocr_line' id='line_1_62' title="bbox 430 4756 1996 4837; baseline -0.003 -22"><span class='ocrx_word' id='word_1_758' title='bbox 430 4756 890 4836; x_wconf 58' lang='lat' dir='ltr'><strong>postrema&#39;ierba</strong></span> <span class='ocrx_word' id='word_1_759' title='bbox 923 4781 1047 4837; x_wconf 84' lang='lat' dir='ltr'><strong>cu_I_n</strong></span> <span class='ocrx_word' id='word_1_760' title='bbox 1080 4756 1190 4818; x_wconf 82' lang='lat' dir='ltr'><strong>sint</strong></span> <span class='ocrx_word' id='word_1_761' title='bbox 1217 4756 1588 4837; x_wconf 69' lang='lat' dir='ltr'><strong>Alexandrini,</strong></span> <span class='ocrx_word' id='word_1_762' title='bbox 1617 4758 1784 4837; x_wconf 70' lang='lat' dir='ltr'><strong>miror</strong></span> <span class='ocrx_word' id='word_1_763' title='bbox 1812 4756 1996 4810; x_wconf 87' lang='lat' dir='ltr'><strong>hacte-</strong></span> 
     </span>
    </p>
   </div>
   <div class='ocr_carea' id='block_1_58' title="bbox 432 4826 1995 4906">
    <p class='ocr_par' dir='ltr' id='par_1_58' title="bbox 432 4826 1995 4906">
     <span class='ocr_line' id='line_1_63' title="bbox 432 4826 1995 4906; baseline -0.006 -17"><span class='ocrx_word' id='word_1_764' title='bbox 432 4826 535 4890; x_wconf 70' lang='lat' dir='ltr'><strong>nus</strong></span> <span class='ocrx_word' id='word_1_765' title='bbox 566 4838 633 4890; x_wconf 90' lang='lat' dir='ltr'><strong>ab</strong></span> <span class='ocrx_word' id='word_1_766' title='bbox 660 4838 957 4891; x_wconf 84' lang='lat' dir='ltr'><strong>editoribus</strong></span> <span class='ocrx_word' id='word_1_767' title='bbox 986 4832 1390 4906; x_wconf 58' lang='lat' dir='ltr'><strong>Hermarfuisse</strong></span> <span class='ocrx_word' id='word_1_768' title='bbox 1423 4829 1511 4906; x_wconf 67' lang='lat' dir='ltr'><strong>hic</strong></span> <span class='ocrx_word' id='word_1_769' title='bbox 1532 4829 1582 4881; x_wconf 92' lang='lat' dir='ltr'><strong>in</strong></span> <span class='ocrx_word' id='word_1_770' title='bbox 1605 4826 1840 4906; x_wconf 80' lang='lat' dir='ltr'><strong>medium</strong></span> <span class='ocrx_word' id='word_1_771' title='bbox 1863 4842 1995 4906; x_wconf 78' lang='lat' dir='ltr'><strong>pro—</strong></span> 
     </span>
    </p>
   </div>
   <div class='ocr_carea' id='block_1_59' title="bbox 431 4897 1991 4975">
    <p class='ocr_par' dir='ltr' id='par_1_59' title="bbox 431 4897 1991 4975">
     <span class='ocr_line' id='line_1_64' title="bbox 431 4897 1991 4975; baseline -0.006 -18"><span class='ocrx_word' id='word_1_772' title='bbox 431 4908 560 4975; x_wconf 81' lang='lat' dir='ltr'><strong>lata,</strong></span> <span class='ocrx_word' id='word_1_773' title='bbox 590 4917 845 4975; x_wconf 88' lang='lat' dir='ltr'><strong>tanquam</strong></span> <span class='ocrx_word' id='word_1_774' title='bbox 879 4908 946 4959; x_wconf 90' lang='lat' dir='ltr'><strong>ab</strong></span> <span class='ocrx_word' id='word_1_775' title='bbox 972 4904 1342 4975; x_wconf 81' lang='lat' dir='ltr'><strong>Alexandrino</strong></span> <span class='ocrx_word' id='word_1_776' title='bbox 1372 4916 1435 4954; x_wconf 74' lang='lat' dir='ltr'><strong>ex</strong></span> <span class='ocrx_word' id='word_1_777' title='bbox 1470 4897 1667 4975; x_wconf 51' lang='lat' dir='ltr'><strong>Henna</strong></span> <span class='ocrx_word' id='word_1_778' title='bbox 1700 4897 1991 4975; x_wconf 76' lang='lat' dir='ltr'><strong>descripta.</strong></span> 
     </span>
    </p>
   </div>
   <div class='ocr_carea' id='block_1_60' title="bbox 427 4966 1991 5047">
    <p class='ocr_par' dir='ltr' id='par_1_60' title="bbox 427 4966 1991 5047">
     <span class='ocr_line' id='line_1_65' title="bbox 427 4966 1991 5047; baseline -0.007 -18"><span class='ocrx_word' id='word_1_779' title='bbox 427 4966 657 5047; x_wconf 65' lang='lat' dir='ltr'><strong>Jannpm</strong></span> <span class='ocrx_word' id='word_1_780' title='bbox 694 4966 742 5029; x_wconf 79' lang='lat' dir='ltr'><strong>id</strong></span> <span class='ocrx_word' id='word_1_781' title='bbox 775 4980 942 5045; x_wconf 85' lang='lat' dir='ltr'><strong>probe</strong></span> <span class='ocrx_word' id='word_1_782' title='bbox 969 4976 1186 5047; x_wconf 79' lang='lat' dir='ltr'><strong>novisse</strong></span> <span class='ocrx_word' id='word_1_783' title='bbox 1212 4972 1471 5047; x_wconf 41' lang='lat' dir='ltr'><strong>videntur</strong></span> <span class='ocrx_word' id='word_1_784' title='bbox 1499 4967 1837 5047; x_wconf 46' lang='lat' dir='ltr'><strong>Plitterus‘ad</strong></span> <span class='ocrx_word' id='word_1_785' title='bbox 1871 4966 1927 5047; x_wconf 89' lang='lat' dir='ltr'><strong>h.</strong></span> 
     </span>
    </p>
   </div>
   <div class='ocr_carea' id='block_1_61' title="bbox 428 5036 1993 5104">
    <p class='ocr_par' dir='ltr' id='par_1_61' title="bbox 428 5036 1993 5104">
     <span class='ocr_line' id='line_1_66' title="bbox 428 5036 1993 5104; baseline -0.004 -8"><span class='ocrx_word' id='word_1_786' title='bbox 428 5042 479 5098; x_wconf 63' lang='lat' dir='ltr'><strong>et</strong></span> <span class='ocrx_word' id='word_1_787' title='bbox 517 5036 804 5101; x_wconf 73' lang='lat' dir='ltr'><strong>Wottouus</strong></span> <span class='ocrx_word' id='word_1_788' title='bbox 837 5049 888 5099; x_wconf 90' lang='lat' dir='ltr'><strong>in</strong></span> <span class='ocrx_word' id='word_1_789' title='bbox 932 5047 1073 5099; x_wconf 87' lang='lat' dir='ltr'><strong>notis</strong></span> <span class='ocrx_word' id='word_1_790' title='bbox 1103 5046 1167 5098; x_wconf 84' lang='lat' dir='ltr'><strong>ad</strong></span> <span class='ocrx_word' id='word_1_791' title='bbox 1202 5040 1496 5095; x_wconf 85' lang='lat' dir='ltr'><strong>Clementis</strong></span> <span class='ocrx_word' id='word_1_792' title='bbox 1528 5037 1686 5090; x_wconf 77' lang='lat' dir='ltr'><strong>Rom.</strong></span> <span class='ocrx_word' id='word_1_793' title='bbox 1736 5036 1905 5104; x_wconf 83' lang='lat' dir='ltr'><strong>Epist.</strong></span> <span class='ocrx_word' id='word_1_794' title='bbox 1948 5037 1993 5103; x_wconf 86' lang='grc'><strong>1,</strong></span> 
     </span>
    </p>
   </div>
   <div class='ocr_carea' id='block_1_62' title="bbox 427 5118 664 5169">
    <p class='ocr_par' dir='ltr' id='par_1_62' title="bbox 427 5118 664 5169">
     <span class='ocr_line' id='line_1_67' title="bbox 427 5118 664 5169; baseline 0.004 -1"><span class='ocrx_word' id='word_1_795' title='bbox 427 5132 548 5169; x_wconf 78' lang='lat' dir='ltr'><strong>can.</strong></span> <span class='ocrx_word' id='word_1_796' title='bbox 575 5118 664 5169; x_wconf 72' lang='lat'><strong>‘15.</strong></span> 
     </span>
    </p>
   </div>
   <div class='ocr_carea' id='block_1_63' title="bbox 498 5134 1994 5255">
    <p class='ocr_par' dir='ltr' id='par_1_63' title="bbox 498 5134 1994 5255">
     <span class='ocr_line' id='line_1_68' title="bbox 498 5134 1994 5255; baseline -0.006 -16"><span class='ocrx_word' id='word_1_797' title='bbox 498 5134 744 5255; x_wconf 42' lang='lat'><strong>{9870315.</strong></span> <span class='ocrx_word' id='word_1_798' title='bbox 777 5184 834 5240; x_wconf 91' lang='lat' dir='ltr'><strong>S.</strong></span> <span class='ocrx_word' id='word_1_799' title='bbox 868 5184 1049 5239; x_wconf 88' lang='lat' dir='ltr'><strong>Germ.</strong></span> <span class='ocrx_word' id='word_1_800' title='bbox 1077 5194 1130 5239; x_wconf 90' lang='lat' dir='ltr'><strong>et</strong></span> <span class='ocrx_word' id='word_1_801' title='bbox 1160 5183 1347 5237; x_wconf 88' lang='lat' dir='ltr'><strong>Lamb.</strong></span> <span class='ocrx_word' id='word_1_802' title='bbox 1393 5190 1484 5233; x_wconf 84' lang='lat' dir='ltr'><strong>aut</strong></span> <span class='ocrx_word' id='word_1_803' title='bbox 1517 5196 1637 5231; x_wconf 81' lang='lat' dir='ltr'><strong>non.</strong></span> <span class='ocrx_word' id='word_1_804' title='bbox 1678 5176 1769 5232; x_wconf 87' lang='lat' dir='ltr'><strong>Sic</strong></span> <span class='ocrx_word' id='word_1_805' title='bbox 1796 5190 1847 5232; x_wconf 87' lang='lat' dir='ltr'><strong>et</strong></span> <span class='ocrx_word' id='word_1_806' title='bbox 1874 5177 1994 5232; x_wconf 86' lang='lat' dir='ltr'><strong>Cle-</strong></span> 
     </span>
    </p>
   </div>
   <div class='ocr_carea' id='block_1_64' title="bbox 428 5257 895 5311">
    <p class='ocr_par' dir='ltr' id='par_1_64' title="bbox 428 5257 895 5311">
     <span class='ocr_line' id='line_1_69' title="bbox 428 5257 895 5311; baseline 0 -2"><span class='ocrx_word' id='word_1_807' title='bbox 428 5270 582 5311; x_wconf 85' lang='lat' dir='ltr'><strong>mens</strong></span> <span class='ocrx_word' id='word_1_808' title='bbox 604 5258 754 5309; x_wconf 79' lang='lat' dir='ltr'><strong>Alex.</strong></span> <span class='ocrx_word' id='word_1_809' title='bbox 780 5257 814 5309; x_wconf 94' lang='lat' dir='ltr'><strong>l.</strong></span> <span class='ocrx_word' id='word_1_810' title='bbox 847 5273 895 5310; x_wconf 93' lang='lat' dir='ltr'><strong>c.</strong></span> 
     </span>
    </p>
   </div>
   <div class='ocr_carea' id='block_1_65' title="bbox 499 5322 1773 5390">
    <p class='ocr_par' dir='ltr' id='par_1_65' title="bbox 499 5322 1773 5390">
     <span class='ocr_line' id='line_1_70' title="bbox 499 5322 1773 5390; baseline -0.005 -9"><span class='ocrx_word' id='word_1_811' title='bbox 499 5328 610 5388; x_wconf 81' lang='grc'><strong>(99)</strong></span> <span class='ocrx_word' id='word_1_812' title='bbox 642 5327 857 5390; x_wconf 81' lang='lat' dir='ltr'><strong>Laiub.,</strong></span> <span class='ocrx_word' id='word_1_813' title='bbox 886 5326 1068 5379; x_wconf 86' lang='lat' dir='ltr'><strong>Carm.</strong></span> <span class='ocrx_word' id='word_1_814' title='bbox 1101 5334 1153 5378; x_wconf 91' lang='lat' dir='ltr'><strong>et</strong></span> <span class='ocrx_word' id='word_1_815' title='bbox 1182 5322 1365 5378; x_wconf 82' lang='lat' dir='ltr'><strong>Germ.</strong></span> <span class='ocrx_word' id='word_1_816' title='bbox 1394 5332 1442 5375; x_wconf 86' lang='lat' dir='ltr'><strong>et</strong></span> <span class='ocrx_word' id='word_1_817' title='bbox 1470 5329 1614 5373; x_wconf 79' lang='lat' dir='ltr'><strong>certa</strong></span> <span class='ocrx_word' id='word_1_818' title='bbox 1636 5335 1773 5388; x_wconf 61' lang='lat' dir='ltr'><strong>quas.</strong></span> 
     </span>
    </p>
   </div>
   <div class='ocr_carea' id='block_1_66' title="bbox 498 5396 1555 5466">
    <p class='ocr_par' dir='ltr' id='par_1_66' title="bbox 498 5396 1555 5466">
     <span class='ocr_line' id='line_1_71' title="bbox 498 5396 1555 5466; baseline -0.008 -16"><span class='ocrx_word' id='word_1_819' title='bbox 498 5397 645 5466; x_wconf 84' lang='grc'><strong>(100)</strong></span> <span class='ocrx_word' id='word_1_820' title='bbox 678 5397 826 5451; x_wconf 87' lang='lat' dir='ltr'><strong>Bodl.</strong></span> <span class='ocrx_word' id='word_1_821' title='bbox 855 5400 909 5450; x_wconf 88' lang='lat' dir='ltr'><strong>in</strong></span> <span class='ocrx_word' id='word_1_822' title='bbox 942 5397 1306 5460; x_wconf 80' lang='lat' dir='ltr'><strong>commissura,</strong></span> <span class='ocrx_word' id='word_1_823' title='bbox 1330 5396 1381 5446; x_wconf 88' lang='lat' dir='ltr'><strong>hi</strong></span> <span class='ocrx_word' id='word_1_824' title='bbox 1411 5400 1555 5447; x_wconf 83' lang='lat' dir='ltr'><strong>sunt.</strong></span> 
     </span>
    </p>
   </div>
   <div class='ocr_carea' id='block_1_67' title="bbox 498 5466 1212 5551">
    <p class='ocr_par' dir='ltr' id='par_1_67' title="bbox 498 5466 1212 5551">
     <span class='ocr_line' id='line_1_72' title="bbox 498 5466 1212 5551; baseline -0.001 -31"><span class='ocrx_word' id='word_1_825' title='bbox 608 5466 798 5551; x_wconf 57' lang='lat' dir='ltr'><strong>Lamb.</strong></span> <span class='ocrx_word' id='word_1_826' title='bbox 826 5468 1212 5551; x_wconf 67' lang='lat' dir='ltr'><strong>iugrediuntur.</strong></span> 
     </span>
    </p>
   </div>
   <div class='ocr_carea' id='block_1_68' title="bbox 498 5538 1161 5606">
    <p class='ocr_par' dir='ltr' id='par_1_68' title="bbox 498 5538 1161 5606">
     <span class='ocr_line' id='line_1_73' title="bbox 498 5538 1161 5606; baseline -0.003 -15"><span class='ocrx_word' id='word_1_827' title='bbox 498 5538 575 5606; x_wconf 71' lang='lat'><strong>(2‘,</strong></span> <span class='ocrx_word' id='word_1_828' title='bbox 608 5538 794 5591; x_wconf 81' lang='lat' dir='ltr'><strong>Lamb.</strong></span> <span class='ocrx_word' id='word_1_829' title='bbox 826 5538 1161 5591; x_wconf 84' lang='lat' dir='ltr'><strong>alterutrum.</strong></span> 
     </span>
    </p>
   </div>
   <div class='ocr_carea' id='block_1_69' title="bbox 498 5607 1127 5675">
    <p class='ocr_par' dir='ltr' id='par_1_69' title="bbox 498 5607 1127 5675">
     <span class='ocr_line' id='line_1_74' title="bbox 498 5607 1127 5675; baseline 0 -14"><span class='ocrx_word' id='word_1_830' title='bbox 498 5610 574 5675; x_wconf 79' lang='grc'><strong>(5)</strong></span> <span class='ocrx_word' id='word_1_831' title='bbox 606 5607 759 5662; x_wconf 89' lang='lat' dir='ltr'><strong>Bodl.</strong></span> <span class='ocrx_word' id='word_1_832' title='bbox 782 5618 1127 5664; x_wconf 79' lang='lat' dir='ltr'><strong>structuram.</strong></span> 
     </span>
    </p>
   </div>
   <div class='ocr_carea' id='block_1_70' title="bbox 496 5675 1816 5751">
    <p class='ocr_par' dir='ltr' id='par_1_70' title="bbox 496 5675 1816 5751">
     <span class='ocr_line' id='line_1_75' title="bbox 496 5675 1816 5751; baseline -0.005 -17"><span class='ocrx_word' id='word_1_833' title='bbox 496 5680 575 5751; x_wconf 66' lang='grc'><strong>(4)</strong></span> <span class='ocrx_word' id='word_1_834' title='bbox 612 5678 802 5734; x_wconf 81' lang='lat' dir='ltr'><strong>Latnb.</strong></span> <span class='ocrx_word' id='word_1_835' title='bbox 825 5688 1193 5749; x_wconf 76' lang='lat' dir='ltr'><strong>apponuntur.</strong></span> <span class='ocrx_word' id='word_1_836' title='bbox 1220 5675 1421 5745; x_wconf 82' lang='lat' dir='ltr'><strong>Fellus,</strong></span> <span class='ocrx_word' id='word_1_837' title='bbox 1448 5675 1816 5745; x_wconf 77' lang='lat' dir='ltr'><strong>portabantur.</strong></span> 
     </span>
    </p>
   </div>
   <div class='ocr_carea' id='block_1_71' title="bbox 2170 4757 3672 4836">
    <p class='ocr_par' dir='ltr' id='par_1_71' title="bbox 2170 4757 3672 4836">
     <span class='ocr_line' id='line_1_76' title="bbox 2170 4757 3672 4836; baseline 0.011 -25"><span class='ocrx_word' id='word_1_838' title='bbox 2170 4757 2282 4836; x_wconf 48' lang='lat'><strong>(12“)</strong></span> <span class='ocrx_word' id='word_1_839' title='bbox 2312 4757 2453 4836; x_wconf 61' lang='lat' dir='ltr'><strong>Bditi</strong></span> <span class='ocrx_word' id='word_1_840' title='bbox 2484 4761 2741 4836; x_wconf 78' lang='lat' dir='ltr'><strong>omittunt</strong></span> <span class='ocrx_word' id='word_1_841' title='bbox 2771 4764 2873 4819; x_wconf 84' lang='lat' dir='ltr'><strong>ista</strong></span> <span class='ocrx_word' id='word_1_842' title='bbox 2903 4782 2915 4817; x_wconf 91' lang='lat'><strong>:</strong></span> <span class='ocrx_word' id='word_1_843' title='bbox 2962 4764 3107 4836; x_wconf 70' lang='lat' dir='ltr'><strong>Volo,</strong></span> <span class='ocrx_word' id='word_1_844' title='bbox 3137 4767 3378 4836; x_wconf 81' lang='lat' dir='ltr'><strong>inquam,</strong></span> <span class='ocrx_word' id='word_1_845' title='bbox 3409 4772 3627 4825; x_wconf 74' lang='lat' dir='ltr'><strong>domina</strong></span> <span class='ocrx_word' id='word_1_846' title='bbox 3651 4789 3672 4827; x_wconf 91' lang='lat'><strong><em>:</em></strong></span> 
     </span>
    </p>
   </div>
   <div class='ocr_carea' id='block_1_72' title="bbox 2097 4827 3455 4897">
    <p class='ocr_par' dir='ltr' id='par_1_72' title="bbox 2097 4827 3455 4897">
     <span class='ocr_line' id='line_1_77' title="bbox 2097 4827 3455 4897; baseline 0.01 -17"><span class='ocrx_word' id='word_1_847' title='bbox 2097 4842 2219 4897; x_wconf 69' lang='lat' dir='ltr'><strong>quae</strong></span> <span class='ocrx_word' id='word_1_848' title='bbox 2240 4827 2419 4884; x_wconf 84' lang='lat' dir='ltr'><strong>Fellus</strong></span> <span class='ocrx_word' id='word_1_849' title='bbox 2445 4847 2510 4883; x_wconf 84' lang='lat' dir='ltr'><strong>ex</strong></span> <span class='ocrx_word' id='word_1_850' title='bbox 2543 4848 2677 4887; x_wconf 90' lang='lat' dir='ltr'><strong>mss.</strong></span> <span class='ocrx_word' id='word_1_851' title='bbox 2705 4833 2855 4888; x_wconf 79' lang='lat' dir='ltr'><strong>Bodl.</strong></span> <span class='ocrx_word' id='word_1_852' title='bbox 2890 4845 2944 4890; x_wconf 81' lang='lat' dir='ltr'><strong>et</strong></span> <span class='ocrx_word' id='word_1_853' title='bbox 2972 4835 3164 4891; x_wconf 87' lang='lat' dir='ltr'><strong>Lamb.</strong></span> <span class='ocrx_word' id='word_1_854' title='bbox 3199 4827 3455 4894; x_wconf 74' lang='lat' dir='ltr'><strong>restituit.</strong></span> 
     </span>
    </p>
   </div>
   <div class='ocr_carea' id='block_1_73' title="bbox 2200 4898 2811 4966">
    <p class='ocr_par' dir='ltr' id='par_1_73' title="bbox 2200 4898 2811 4966">
     <span class='ocr_line' id='line_1_78' title="bbox 2200 4898 2811 4966; baseline 0.011 -15"><span class='ocrx_word' id='word_1_855' title='bbox 2200 4899 2283 4966; x_wconf 76' lang='lat' dir='ltr'><strong>l3)</strong></span> <span class='ocrx_word' id='word_1_856' title='bbox 2313 4898 2504 4955; x_wconf 87' lang='lat' dir='ltr'><strong>Lamb.</strong></span> <span class='ocrx_word' id='word_1_857' title='bbox 2540 4905 2811 4958; x_wconf 75' lang='lat' dir='ltr'><strong>abscessit.</strong></span> 
     </span>
    </p>
   </div>
   <div class='ocr_carea' id='block_1_74' title="bbox 2194 4969 2832 5037">
    <p class='ocr_par' dir='ltr' id='par_1_74' title="bbox 2194 4969 2832 5037">
     <span class='ocr_line' id='line_1_79' title="bbox 2194 4969 2832 5037; baseline 0.008 -14"><span class='ocrx_word' id='word_1_858' title='bbox 2194 4969 2281 5037; x_wconf 77' lang='lat' dir='ltr'><strong>M)</strong></span> <span class='ocrx_word' id='word_1_859' title='bbox 2312 4969 2461 5024; x_wconf 83' lang='lat' dir='ltr'><strong>Bodl.</strong></span> <span class='ocrx_word' id='word_1_860' title='bbox 2488 4982 2832 5028; x_wconf 77' lang='lat' dir='ltr'><strong>structuram.</strong></span> 
     </span>
    </p>
   </div>
   <div class='ocr_carea' id='block_1_75' title="bbox 2192 5039 3671 5111">
    <p class='ocr_par' dir='ltr' id='par_1_75' title="bbox 2192 5039 3671 5111">
     <span class='ocr_line' id='line_1_80' title="bbox 2192 5039 3671 5111; baseline 0.009 -19"><span class='ocrx_word' id='word_1_861' title='bbox 2192 5040 2279 5107; x_wconf 80' lang='grc'><strong>15)</strong></span> <span class='ocrx_word' id='word_1_862' title='bbox 2312 5039 2388 5095; x_wconf 84' lang='lat' dir='ltr'><strong>Ita</strong></span> <span class='ocrx_word' id='word_1_863' title='bbox 2408 5056 2545 5095; x_wconf 86' lang='lat' dir='ltr'><strong>mss.</strong></span> <span class='ocrx_word' id='word_1_864' title='bbox 2570 5042 2627 5096; x_wconf 91' lang='lat' dir='ltr'><strong>S.</strong></span> <span class='ocrx_word' id='word_1_865' title='bbox 2648 5044 2854 5111; x_wconf 88' lang='lat' dir='ltr'><strong>Germ.,</strong></span> <span class='ocrx_word' id='word_1_866' title='bbox 2873 5047 3059 5103; x_wconf 88' lang='lat' dir='ltr'><strong>Carm.</strong></span> <span class='ocrx_word' id='word_1_867' title='bbox 3085 5058 3139 5103; x_wconf 86' lang='lat' dir='ltr'><strong>et</strong></span> <span class='ocrx_word' id='word_1_868' title='bbox 3155 5047 3344 5103; x_wconf 88' lang='lat' dir='ltr'><strong>Lamb.</strong></span> <span class='ocrx_word' id='word_1_869' title='bbox 3367 5050 3447 5106; x_wconf 74' lang='lat' dir='ltr'><strong>ita</strong></span> <span class='ocrx_word' id='word_1_870' title='bbox 3468 5059 3521 5105; x_wconf 90' lang='lat' dir='ltr'><strong>ct</strong></span> <span class='ocrx_word' id='word_1_871' title='bbox 3539 5051 3671 5107; x_wconf 79' lang='lat' dir='ltr'><strong>Felli</strong></span> 
     </span>
    </p>
   </div>
   <div class='ocr_carea' id='block_1_76' title="bbox 2094 5109 2815 5183">
    <p class='ocr_par' dir='ltr' id='par_1_76' title="bbox 2094 5109 2815 5183">
     <span class='ocr_line' id='line_1_81' title="bbox 2094 5109 2815 5183; baseline 0.007 -21"><span class='ocrx_word' id='word_1_872' title='bbox 2094 5109 2277 5183; x_wconf 80' lang='lat' dir='ltr'><strong>editio.</strong></span> <span class='ocrx_word' id='word_1_873' title='bbox 2304 5111 2387 5164; x_wconf 83' lang='lat' dir='ltr'><strong>Al.</strong></span> <span class='ocrx_word' id='word_1_874' title='bbox 2419 5114 2677 5183; x_wconf 62' lang='lat' dir='ltr'><strong>Qillllllllll.</strong></span> <span class='ocrx_word' id='word_1_875' title='bbox 2707 5116 2815 5183; x_wconf 66' lang='lat' dir='ltr'><strong>qui.</strong></span> 
     </span>
    </p>
   </div>
   <div class='ocr_carea' id='block_1_77' title="bbox 2165 5180 3666 5255">
    <p class='ocr_par' dir='ltr' id='par_1_77' title="bbox 2165 5180 3666 5255">
     <span class='ocr_line' id='line_1_82' title="bbox 2165 5180 3666 5255; baseline 0.008 -21"><span class='ocrx_word' id='word_1_876' title='bbox 2165 5182 2275 5255; x_wconf 68' lang='grc'><strong>(16)</strong></span> <span class='ocrx_word' id='word_1_877' title='bbox 2309 5183 2400 5236; x_wconf 72' lang='lat' dir='ltr'><strong>Sic</strong></span> <span class='ocrx_word' id='word_1_878' title='bbox 2430 5180 2607 5237; x_wconf 58' lang='grc' dir='ltr'><strong>[τι-11ης</strong></span> <span class='ocrx_word' id='word_1_879' title='bbox 2640 5180 2728 5255; x_wconf 39' lang='lat' dir='ltr'><strong>ex-</strong></span> <span class='ocrx_word' id='word_1_880' title='bbox 2746 5183 2899 5241; x_wconf 87' lang='lat' dir='ltr'><strong>Bodl.</strong></span> <span class='ocrx_word' id='word_1_881' title='bbox 2940 5189 3026 5243; x_wconf 88' lang='lat' dir='ltr'><strong>Al.</strong></span> <span class='ocrx_word' id='word_1_882' title='bbox 3071 5190 3366 5255; x_wconf 86' lang='lat' dir='ltr'><strong>omittunt,</strong></span> <span class='ocrx_word' id='word_1_883' title='bbox 3417 5192 3473 5245; x_wconf 85' lang='lat' dir='ltr'><strong>hi</strong></span> <span class='ocrx_word' id='word_1_884' title='bbox 3526 5206 3666 5246; x_wconf 71' lang='lat' dir='ltr'><strong>sunt.</strong></span> 
     </span>
    </p>
   </div>
   <div class='ocr_carea' id='block_1_78' title="bbox 2090 5246 2951 5373">
    <p class='ocr_par' dir='ltr' id='par_1_78' title="bbox 2090 5246 2951 5373">
     <span class='ocr_line' id='line_1_83' title="bbox 2090 5246 2951 5373; baseline 0.009 -70"><span class='ocrx_word' id='word_1_885' title='bbox 2090 5246 2289 5305; x_wconf 83' lang='lat' dir='ltr'><strong>Lamb.</strong></span> <span class='ocrx_word' id='word_1_886' title='bbox 2314 5268 2421 5373; x_wconf 59' lang='lat' dir='ltr'><strong>Eo</strong></span> <span class='ocrx_word' id='word_1_887' title='bbox 2448 5255 2538 5321; x_wconf 86' lang='lat' dir='ltr'><strong>qui</strong></span> <span class='ocrx_word' id='word_1_888' title='bbox 2567 5254 2784 5308; x_wconf 75' lang='lat' dir='ltr'><strong>exhibet</strong></span> <span class='ocrx_word' id='word_1_889' title='bbox 2802 5259 2951 5327; x_wconf 87' lang='lat' dir='ltr'><strong>quia.</strong></span> 
     </span>
     <span class='ocr_line' id='line_1_84' title="bbox 2165 5322 2760 5373; baseline 0 0"><span class='ocrx_word' id='word_1_890' title='bbox 2165 5322 2279 5373; x_wconf 76' lang='grc'><strong>(171</strong></span> <span class='ocrx_word' id='word_1_891' title='bbox 2374 5322 2463 5373; x_wconf 70' lang='lat' dir='ltr'><strong>ull.</strong></span> <span class='ocrx_word' id='word_1_892' title='bbox 2496 5325 2760 5373; x_wconf 82' lang='lat' dir='ltr'><strong>habentes.</strong></span> 
     </span>
    </p>
   </div>
   <div class='ocr_carea' id='block_1_79' title="bbox 2165 5322 2760 5393">
    <p class='ocr_par' dir='ltr' id='par_1_79' title="bbox 2165 5322 2760 5393">
     <span class='ocr_line' id='line_1_85' title="bbox 2165 5322 2760 5393; baseline 0.01 -20"><span class='ocrx_word' id='word_1_893' title='bbox 2165 5322 2279 5393; x_wconf 82' lang='grc'><strong>(17)</strong></span> <span class='ocrx_word' id='word_1_894' title='bbox 2314 5322 2463 5393; x_wconf 76' lang='lat' dir='ltr'><strong>Bmll.</strong></span> <span class='ocrx_word' id='word_1_895' title='bbox 2496 5325 2760 5379; x_wconf 80' lang='lat' dir='ltr'><strong>habentes.</strong></span> 
     </span>
    </p>
   </div>
   <div class='ocr_carea' id='block_1_80' title="bbox 2093 5392 3667 5518">
    <p class='ocr_par' dir='ltr' id='par_1_80' title="bbox 2093 5392 3667 5518">
     <span class='ocr_line' id='line_1_86' title="bbox 2093 5392 3667 5518; baseline 0.01 -75"><span class='ocrx_word' id='word_1_896' title='bbox 2093 5393 2279 5518; x_wconf 51' lang='grc' dir='ltr'><strong>η(ἶὲ</strong></span> <span class='ocrx_word' id='word_1_897' title='bbox 2307 5392 2437 5448; x_wconf 81' lang='lat' dir='ltr'><strong>Mss.</strong></span> <span class='ocrx_word' id='word_1_898' title='bbox 2459 5394 2515 5447; x_wconf 79' lang='lat' dir='ltr'><strong>S.</strong></span> <span class='ocrx_word' id='word_1_899' title='bbox 2548 5393 2755 5458; x_wconf 83' lang='lat' dir='ltr'><strong>Germ.,</strong></span> <span class='ocrx_word' id='word_1_900' title='bbox 2782 5397 2919 5452; x_wconf 81' lang='lat' dir='ltr'><strong>Vict.</strong></span> <span class='ocrx_word' id='word_1_901' title='bbox 2938 5409 2992 5455; x_wconf 92' lang='lat' dir='ltr'><strong>et</strong></span> <span class='ocrx_word' id='word_1_902' title='bbox 3016 5399 3207 5455; x_wconf 90' lang='lat' dir='ltr'><strong>Lamb.</strong></span> <span class='ocrx_word' id='word_1_903' title='bbox 3224 5418 3471 5471; x_wconf 83' lang='lat' dir='ltr'><strong>persona.</strong></span> <span class='ocrx_word' id='word_1_904' title='bbox 3503 5401 3596 5458; x_wconf 85' lang='lat' dir='ltr'><strong>Sic</strong></span> <span class='ocrx_word' id='word_1_905' title='bbox 3616 5412 3667 5457; x_wconf 86' lang='lat' dir='ltr'><strong>ct</strong></span> 
     </span>
    </p>
   </div>
   <div class='ocr_carea' id='block_1_81' title="bbox 2165 5532 3665 5614">
    <p class='ocr_par' dir='ltr' id='par_1_81' title="bbox 2165 5532 3665 5614">
     <span class='ocr_line' id='line_1_87' title="bbox 2165 5532 3665 5614; baseline 0.008 -27"><span class='ocrx_word' id='word_1_906' title='bbox 2165 5534 2277 5604; x_wconf 84' lang='lat' dir='ltr'><strong>(l9)</strong></span> <span class='ocrx_word' id='word_1_907' title='bbox 2310 5532 2462 5614; x_wconf 76' lang='lat' dir='ltr'><strong>Bodl.</strong></span> <span class='ocrx_word' id='word_1_908' title='bbox 2518 5535 2569 5614; x_wconf 67' lang='lat' dir='ltr'><strong>hi</strong></span> <span class='ocrx_word' id='word_1_909' title='bbox 2604 5536 2938 5614; x_wconf 70' lang='lat' dir='ltr'><strong>crediderunt</strong></span> <span class='ocrx_word' id='word_1_910' title='bbox 2979 5543 3224 5613; x_wconf 75' lang='lat' dir='ltr'><strong>quidem,</strong></span> <span class='ocrx_word' id='word_1_911' title='bbox 3252 5543 3343 5599; x_wconf 78' lang='lat' dir='ltr'><strong>sed</strong></span> <span class='ocrx_word' id='word_1_912' title='bbox 3371 5543 3665 5614; x_wconf 71' lang='lat' dir='ltr'><strong>plurimus</strong></span> 
     </span>
    </p>
   </div>
   <div class='ocr_carea' id='block_1_82' title="bbox 2092 5604 2863 5674">
    <p class='ocr_par' dir='ltr' id='par_1_82' title="bbox 2092 5604 2863 5674">
     <span class='ocr_line' id='line_1_88' title="bbox 2092 5604 2863 5674; baseline 0.012 -17"><span class='ocrx_word' id='word_1_913' title='bbox 2092 5614 2295 5674; x_wconf 77' lang='lat' dir='ltr'><strong>partem</strong></span> <span class='ocrx_word' id='word_1_914' title='bbox 2322 5604 2511 5660; x_wconf 78' lang='lat' dir='ltr'><strong>habent</strong></span> <span class='ocrx_word' id='word_1_915' title='bbox 2542 5607 2863 5673; x_wconf 80' lang='lat' dir='ltr'><strong>iniquitatis.</strong></span> 
     </span>
    </p>
   </div>
  </div>
