3822 6218
193 274 305 330 905
1349 284 1642 342 PASTOR.
1673 318 1742 331 —-
1782 289 1909 345 LIB.
1953 292 1995 357 Ι,
2038 294 2219 351 VISIO
2258 298 2346 353 Ill.
3351 316 3459 371 906

192 385 508 450 tribulatio,
541 397 768 457 propter
790 390 1011 450 divitias
1041 411 1171 453 suas
1202 405 1258 453 et
1279 402 1679 470 negotiationes
1719 405 1993 478 abnega'nt
2031 410 2322 467 Dominum
2358 414 2491 487 (20).
2529 416 2905 490 ltcspondens,
2939 426 3062 481 dico
3079 429 3126 482 ei
3159 446 3171 480 :
3204 430 3457 499 Domina,

187 478 415 547 quando
444 493 577 548 ergo
611 482 773 536 utiles
808 498 970 541 erunt
1010 486 1279 545 Domino?
1316 492 1453 550 Cum
1486 494 1828 552 circumcisae
1850 540 1865 563 ,
1907 501 2104 570 inquit,
2134 502 2340 559 fuerint
2370 508 2572 564 divitiae
2601 527 2789 566 eorum
2811 556 2825 580 ,
2861 531 2982 584 quae
3022 534 3116 573 eos
3149 478 3459 593 delectant;

188 582 326 628 tunc
354 577 695 631 eruntutiles
725 577 977 645 Domino,
1008 582 1073 635 ad
1106 583 1419 638 aediﬁcium.
1456 585 1611 640 Sicut
1641 590 1788 642 enim
1820 592 1958 660 lapis
1982 596 2270 661 rotundus,
2306 598 2412 653 nisi
2441 600 2661 658 decisus
2694 577 2959 668 fuerin-et
2998 611 3259 680 abjecerit
3297 577 3462 672 abst;

186 666 425 734 aliquid,
458 682 568 721 non
596 679 774 737 potest
807 673 1108 740 quadratus
1140 675 1255 729 fieri
1289 697 1301 730 :
1338 677 1421 731 sic
1454 688 1508 731 et
1530 678 1626 747 qui
1654 679 1852 736 divites
1885 685 2094 738 suntin
2138 686 2242 741 hoc
2271 691 2491 755 saeculo,
2521 694 2625 747 nisi
2654 666 2995 755 circumcisae
3031 666 3234 760 fuerint
3257 707 3463 765 divitiae

184 770 402 819 eorum,
437 773 544 811 non
572 770 802 827 possunt
824 761 1057 817 Domino
1088 766 1245 821 utiles
1270 782 1407 821 esse.
1447 766 1493 820 A
1522 781 1575 822 te
1598 769 1713 839 (21)
1740 773 1979 839 primum
2013 776 2151 830 scito
2182 796 2195 831 :
2226 778 2457 844 Quando
2485 783 2636 840 dives
2665 784 2852 854 fuisti,
2886 793 3095 850 inutilis
3120 812 3273 867 eras;
3312 816 3462 858 nunc

184 862 320 901 vero
346 848 495 902 utilis
516 864 598 914 es,
623 859 677 904 et
705 860 866 921 aptus
888 854 1013 908 vitae
1039 863 1176 923 tuae;
1206 872 1335 912 nam
1367 869 1422 913 et
1452 868 1509 914 tu
1551 860 1668 930 ipse
1692 875 1759 915 ex
1784 862 1865 917 eis
1896 864 2171 934 lapidibus
2200 868 2375 925 fuisti.

1629 974 1860 1035 CAPUT
1901 979 2020 1034 VII.

254 1047 494 1105 Czeteros
522 1062 703 1105 autem
732 1053 939 1122 lapides
964 1074 1103 1127 quos
1135 1061 1319 1117 vidisti
1351 1063 1513 1135 longe
1555 1068 1829 1135 projcetos
1853 1085 1883 1123 a
1916 1072 2073 1138 turri,
2104 1081 2157 1126 et
2198 1084 2483 1132 currentes
2522 1076 2577 1131 in
2609 1080 2719 1144 via,
2752 1090 2805 1135 ct
2843 1083 2986 1137 volvi
3024 1086 3091 1139 de
3118 1087 3203 1141 via
3246 1088 3300 1141 in
3335 1089 3457 1146 loca

177 1144 428 1211 deserta;
464 1148 500 1201 ii
534 1158 662 1202 sunt
685 1150 779 1217 qui
814 1150 1167 1207 crediderunt
1197 1156 1441 1223 quidem,
1473 1157 1819 1213 dubitatione
1854 1170 2036 1215 autem
2072 1178 2172 1217 sua
2214 1165 2556 1234 reliquerunt
2581 1168 2695 1240 (22)
2738 1171 2877 1224 viam
2924 1189 3078 1227 suam
3113 1191 3318 1241 veram,
3352 1196 3457 1248 pu-

176 1242 365 1289 tantes
389 1251 448 1289 se
478 1236 761 1290 meliorem
791 1238 940 1291 viam
978 1255 1142 1309 posse
1179 1244 1446 1299 invenire.
1470 1245 1672 1301 Errant
1705 1258 1889 1304 autem
1929 1263 1983 1305 et
2009 1253 2197 1307 miseri
2230 1265 2378 1320 sunt,
2408 1257 2778 1327 ingredientes
2814 1260 2869 1314 in
2904 1262 3150 1318 desertas
3182 1265 3318 1321 vias.
3348 1268 3454 1334 Qui

174 1340 365 1386 autem
387 1334 656 1389 cadebant
679 1336 733 1389 in
770 1337 970 1407 ignem,
1007 1344 1061 1388 et
1092 1336 1388 1403 ardebant,
1428 1338 1465 1391 ii
1498 1347 1627 1393 sunt
1670 1341 1764 1409 qui
1799 1342 1852 1396 in
1888 1353 2210 1413 perpetuum
2258 1347 2645 1403 abscesserunt
2680 1350 2791 1420 (25)
2827 1366 2858 1404 a
2889 1350 3000 1406 Deo
3029 1354 3174 1419 vivo,
3208 1372 3309 1411 nec
3336 1375 3455 1412 am-

171 1421 322 1489 plius
356 1423 465 1477 illis
499 1426 747 1479 ascendit
783 1426 839 1480 in
885 1427 1051 1481 corda
1086 1427 1465 1495 pcenitcntiam
1514 1445 1707 1498 agere,
1744 1443 1970 1502 propter
2015 1436 2288 1490 desideria
2324 1438 2613 1493 libidinum
2650 1457 2873 1495 suarum
2915 1453 2969 1497 et
3019 1446 3285 1501 scelerum
3331 1466 3453 1520 qua:

174 1522 493 1580 operantur.
531 1514 725 1572 Caateri
758 1532 889 1572 vero
922 1517 1017 1587 qui
1053 1518 1320 1572 cadebant
1347 1518 1501 1587 juxta
1538 1536 1732 1590 aquas,
1758 1531 1811 1577 et
1841 1540 1952 1578 non
1992 1535 2250 1594 poterant
2285 1529 2427 1584 volvi
2468 1531 2521 1585 in
2565 1547 2758 1600 aquas,
2800 1536 2892 1605 qui
2930 1538 3094 1590 sunt?
3119 1539 3161 1592 Ii
3196 1514 3452 1611 suntqui

170 1606 405 1659 verbum
428 1607 742 1675 audierunt,
780 1610 1026 1665 volentes
1058 1613 1322 1681 baptizari
1358 1614 1413 1667 in
1445 1616 1668 1669 nomine
1695 1615 1946 1685 Domini;
1976 1622 2178 1689 quibus
2212 1638 2337 1678 cum
2374 1626 2524 1680 venit
2568 1628 2622 1681 in
2658 1627 2979 1681 memoriam
3013 1631 3274 1687 sanctitas
3308 1635 3454 1688 veri-

170 1699 325 1761 tatis,
353 1700 638 1754 retrahunt
671 1716 749 1765 se,
787 1702 1181 1774 ambulantque
1215 1721 1410 1762 rursus
1454 1716 1580 1776 post
1618 1708 1892 1765 desideria
1930 1728 2030 1767 sua
2076 1715 2332 1769 scelesta.
2368 1717 2788 1773 Consummavit
2837 1718 3005 1788 igitur
3044 1724 3449 1781 enarrationem

168 1790 361 1843 turris.
400 1788 513 1860 Ego
544 1807 696 1856 vero,
733 1807 859 1846 cum
894 1793 1072 1848 adhuc
1103 1809 1281 1850 essem
1319 1798 1603 1865 improbus
1639 1799 1776 1869 (24),
1813 1801 2147 1873 interrogavi
2183 1806 2333 1860 illam
2362 1826 2375 1861 :
2405 1808 2487 1862 An
2524 1811 2593 1865 iis
2620 1810 2875 1864 omnibus
2908 1811 3184 1881 lapidibus
3216 1817 3329 1885 (25)
3354 1820 3449 1889 qui

164 1882 401 1951 projeeti
437 1892 587 1948 sunt,
624 1899 727 1938 nec
758 1886 1158 1942 conveniebant
1191 1889 1246 1943 in
1273 1897 1609 1944 structuram
1634 1893 1826 1959 turris,
1849 1909 1918 1947 an
1949 1903 2033 1948 est
2060 1898 2415 1967 paenitentia;
2441 1910 2494 1953 et
2528 1900 2813 1957 habebunt
2846 1903 2959 1974 (26)
2986 1906 3169 1962 locum
3206 1882 3261 1964 in
3296 1882 3447 1967 turre

166 1974 315 2028 hac?
349 1974 579 2039 Habent,
614 1977 815 2047 inquit,
851 1974 1234 2045 paenitentiam
1256 2016 1271 2042 ,
1305 1977 1400 2032 sed
1437 1979 1491 2031 in
1528 1979 1633 2034 hac
1672 1990 1825 2035 turre
1859 1997 1969 2035 non
2008 1994 2242 2052 possunt
2274 1990 2573 2044 convenire
2607 2009 2622 2057 ;
2661 1992 2769 2045 alio
2794 2003 2975 2048 autem
3016 1996 3138 2052 loco
3172 2013 3447 2069 ponentur

162 2066 343 2120 multo
377 2065 676 2133 inferiore;
711 2078 765 2122 et
796 2069 901 2123 hoc
928 2068 1063 2139 (27),
1101 2084 1223 2122 cum
1255 2069 1487 2124 cruciati
1516 2069 1743 2136 fuerint,
1777 2082 1832 2126 et
1854 2073 2197 2143 impleverint
2220 2078 2336 2133 dies
2360 2090 2709 2148 peccatorum
2733 2104 2983 2146 suorum.
3005 2092 3073 2147 Et
3100 2065 3317 2166 propter
3338 2099 3444 2156 hoc

164 2162 588 2229 transferentur,
622 2165 884 2233 quoniam
926 2173 1289 2235 perceperunt
1320 2165 1546 2219 verbum
1581 2166 1793 2236 justum
1830 2168 1965 2239 (28).
2002 2168 2069 2225 Et
2107 2178 2239 2226 tunc
2270 2173 2377 2227 illis
2412 2176 2693 2248 continget
2729 2184 3013 2239 transferri
3046 2162 3115 2241 de
3155 2162 3365 2257 poenis,
3393 2193 3442 2248 si

160 2260 520 2314 ascenderint
546 2261 602 2315 in
629 2262 796 2315 corda
826 2260 1098 2330 ipsorum,
1136 2271 1302 2326 opera
1332 2272 1456 2326 quae
1489 2259 1702 2327 operati
1748 2269 1878 2315 sunt
1913 2262 2165 2317 scelesta.
2210 2262 2368 2328 Quod
2404 2265 2451 2319 si
2485 2282 2597 2321 non
2633 2273 2981 2329 ascenderint
3016 2276 3070 2330 in
3106 2280 3268 2335 corda
3294 2282 3441 2352 ipso-

159 2365 311 2415 rum,
344 2366 454 2405 non
482 2360 646 2405 erunt
679 2352 814 2405 salvi
847 2358 1067 2419 propter
1095 2347 1357 2401 duritiam
1392 2347 1576 2401 cordis
1608 2348 1717 2402 sui.

1599 2465 1833 2522 CAPUT
1887 2467 2027 2521 VIII.

232 2561 371 2619 Cum
402 2578 533 2633 ergo
557 2563 740 2618 destiti
768 2563 1107 2629 interrogare
1132 2560 1245 2631 (29)
1276 2561 1424 2614 illam
1457 2560 1525 2613 de
1556 2560 1817 2615 omnibus
1853 2560 1994 2627 istis,
2022 2562 2099 2615 ait
2131 2561 2266 2616 mihi
2314 2582 2326 2617 :
2363 2562 2459 2619 Vis
2494 2564 2644 2619 aliud
2678 2564 2900 2620 videre?
2926 2568 3175 2640 Cumque
3207 2574 3439 2643 cupidus

156 2669 338 2709 essem
378 2652 444 2708 ad
482 2655 797 2721 videndum,
832 2653 1027 2708 hilaris
1052 2652 1229 2707 factus
1265 2667 1386 2707 sum
1424 2651 1597 2705 vultu.
1636 2650 1962 2721 Respiciens
1997 2668 2084 2707 me
2109 2654 2366 2719 subrisit,
2404 2664 2458 2710 et
2489 2657 2566 2709 ait
2603 2656 2737 2709 mihi
2766 2674 2781 2710 :
2814 2655 2979 2714 Vides
3014 2671 3217 2731 septem
3244 2665 3439 2721 mulie-

155 2761 250 2800 res
286 2747 430 2801 circa
458 2746 685 2801 turrim?
711 2744 901 2813 Video,
938 2745 1184 2813 inquam,
1215 2743 1460 2798 domina.
1498 2740 1690 2797 Turris
1730 2741 1867 2806 haec,
1901 2743 2101 2812 inquit,
2140 2745 2210 2798 ab
2244 2746 2312 2799 iis
2337 2746 2448 2817 (50)
2484 2757 2840 2817 supportatur
2873 2754 3178 2808 secundum
3226 2773 3437 2827 praece-

154 2851 313 2910 ptum
346 2842 581 2896 Domini.
610 2841 750 2896 Audi
788 2854 935 2894 nunc
966 2839 1191 2894 effectus
1214 2852 1405 2891 earum
1434 2853 1447 2892 :
1482 2834 1665 2889 Prima
1701 2835 1923 2904 quidem
1952 2851 2142 2890 earum
2169 2852 2291 2906 quae
2324 2839 2570 2894 continet
2596 2856 2761 2897 manu
2800 2843 2933 2914 (51),
2966 2845 3127 2904 Fides
3164 2862 3389 2909 vocatur
3417 2872 3432 2919 ;

154 2948 254 3003 per
270 2934 407 2988 hanc
424 2934 555 2989 salvi
586 2935 713 2987 lient
732 2934 889 2987 electi
915 2931 1030 2986 Dei.
1054 2929 1173 2983 Alia
1202 2943 1331 2983 vero
1352 2942 1472 2997 quae
1495 2928 1775 2982 succincta
1800 2936 1902 2991 est,
1924 2935 1977 2981 et
2002 2928 2232 2983 viriliter
2259 2929 2388 2999 agit,
2420 2930 2759 2988 Abstinentia
2786 2935 2900 3009 (52)
2932 2950 3186 3009 vocatur;
3215 2944 3329 3001 haec
3365 2947 3434 3003 fi-

154 3028 229 3080 lia
256 3037 339 3082 est
360 3025 530 3082 Fidei.
569 3025 833 3095 Quisquis
855 3040 985 3094 ergo
1008 3031 1230 3078 secutus
1255 3020 1421 3075 fuerit
1453 3020 1625 3079 illam.
1660 3019 1790 3074 felix
1822 3020 1913 3074 liet
1940 3020 1994 3074 in
2021 3020 2131 3075 vita
2167 3037 2297 3088 sua,
2333 3025 2594 3093 quoniam
2630 3027 2699 3081 ab
2738 3032 2995 3087 omnibus
3022 3039 3280 3105 operibus
3314 3059 3433 3099 ma-

152 3118 225 3172 lis
254 3117 707 3187 abstinebit(55);
738 3115 968 3171 credens
995 3113 1160 3184 quod,
1184 3113 1229 3168 si
1265 3128 1324 3167 se
1353 3111 1684 3167 continuerit
1716 3121 1786 3165 ab
1810 3114 1960 3165 omni
1985 3113 2449 3182 concupiscentia,
2476 3116 2650 3172 haeres
2673 3120 2777 3174 erit
2798 3124 2921 3177 vita
2944 3136 3180 3183 aeternae.
3210 3133 3431 3191 Cmterae

154 3218 363 3275 autem,
396 3210 641 3279 inquam,
671 3208 914 3273 domina,
944 3207 1187 3275 quinque
1222 3219 1344 3273 quae
1375 3204 1542 3257 sunt?
1564 3202 1717 3257 Filize
1740 3244 1755 3269 ,
1803 3203 2001 3272 inquit,
2060 3204 2294 3259 invicem
2327 3215 2473 3261 sunt.
2512 3204 2748 3270 Vocatur
2776 3232 2957 3277 autem
2986 3228 3233 3295 quaedam
3280 3231 3428 3287 Sim-

153 3311 394 3382 plicitas,
426 3311 530 3364 alia
564 3308 899 3373 lnnocentia,
930 3306 1034 3359 alia
1061 3303 1347 3369 Modestia,
1375 3304 1479 3357 alia
1518 3303 1853 3373 Disciplina,
1888 3302 1995 3356 alia
2025 3313 2207 3358 autem
2248 3303 2522 3360 Charitas.
2564 3308 2697 3363 Cum
2743 3330 2872 3385 ergo
2919 3328 3222 3381 servaveris
3262 3344 3427 3398 Opera

151 3401 347 3455 matris
373 3416 584 3465 earum,
616 3398 800 3452 omnia
830 3399 1033 3467 poteris
1059 3398 1353 3452 custodire.
1382 3395 1645 3451 Volebam
1665 3396 2081 3462 scire,domina,
2107 3410 2272 3464 quam
2295 3412 2523 3466 quaeque
2547 3415 2731 3457 earum
2756 3406 2954 3466 habeat
2984 3416 3097 3488 (54)
3124 3395 3381 3478 virtutem
3403 3427 3429 3481 ἲ

149 3494 312 3556 Audi,
364 3493 539 3563 inquit
575 3508 590 3545 :
620 3490 862 3546 Virtutes
895 3491 1130 3561 mquales
1176 3489 1417 3556 habent;
1454 3504 1714 3544 connexa:
1760 3496 1941 3541 autem
1974 3489 2041 3542 ad
2080 3488 2311 3543 invicem
2356 3498 2484 3544 sunt
2513 3492 2743 3551 virtutes
2782 3514 2995 3569 earum,
3026 3514 3081 3560 et
3118 3524 3427 3580 sequuntur

151 3608 212 3645 se
240 3589 468 3644 invicem
494 3589 635 3643 sicut
657 3598 796 3644 natae
826 3595 973 3644 sunt.
1000 3585 1078 3640 Ex
1100 3585 1233 3640 Fide
1259 3586 1503 3640 nascitur
1529 3585 1894 3651 Abstinentia,
1927 3591 1994 3639 de
2020 3585 2363 3640 Abstinentia
2392 3586 2755 3659 Simplicitas,
2783 3591 2848 3647 de
2866 3594 3223 3665 Simplicitate
3256 3600 3420 3658 Inno-

149 3680 357 3743 centia,
392 3677 789 3733 delnnocentia
820 3677 1104 3746 Modestia,
1131 3682 1197 3735 de
1222 3679 1481 3736 Modestia
1511 3679 1805 3749 Disciplina
1826 3689 1878 3734 et
1905 3679 2155 3735 Charitas
2174 3680 2310 3753 (55).
2331 3681 2535 3738 Harum
2562 3700 2693 3756 ergo
2717 3702 2881 3756 opera
2907 3703 3115 3758 sancta,
3133 3699 3418 3769 etpudiea,

146 3780 203 3827 et
226 3779 375 3826 recta
397 3782 542 3825 sunt.
564 3770 887 3841 Quicunque
903 3789 1032 3844 ergo
1055 3773 1307 3828 servierit
1324 3772 1428 3837 his,
1446 3780 1500 3826 et
1524 3772 1940 3841 invaluerit(56)
1963 3779 2145 3826 tenere
2162 3788 2325 3842 Opera
2346 3790 2553 3841 earum,
2570 3778 2623 3830 in
2651 3776 2786 3833 turri
2807 3778 3023 3833 habebit
3048 3782 3419 3842 habitaculum

144 3881 277 3920 cum
310 3865 512 3919 sanctis
537 3863 650 3919 Dei.
680 3864 1011 3934 lnterrogavi
1043 3865 1191 3919 illam
1216 3863 1283 3919 de
1310 3864 1669 3933 temporibus,
1698 3864 1873 3933 sijam
1903 3866 2306 3920 consummatio
2329 3875 2413 3921 est
2432 3868 2542 3933 (57)
2562 3869 2585 3921 ?
2605 3870 2698 3924 llla
2727 3880 2908 3925 autem
2931 3872 3257 3932 exclamavit
3284 3896 3420 3937 voce

146 3976 374 4031 magna,
394 3961 615 4016 dicens:
645 3960 926 4015 lnsensate
950 3962 1145 4014 homo!
1174 3975 1353 4015 nonne
1380 3960 1530 4014 vides
1555 3959 1746 4013 turrim
1771 3974 1984 4029 semper
2007 3958 2262 4014 aediﬁcari
2282 3960 2420 4033 (58)?
2446 3957 2677 4028 Quando
2702 3982 2830 4038 ergo
2852 3986 3232 4030 consummata
3252 3976 3417 4035 fuerit

144 4053 325 4108 turris
343 4063 393 4108 et
417 4053 704 4117 aediﬁcata,
725 4052 887 4107 habet
916 4052 1101 4118 ﬁnem;
1124 4052 1218 4107 sed
1245 4061 1299 4105 et
1321 4052 1431 4105 cito
1454 4050 1948 4105 consummabitur.
1970 4049 2093 4104 Noli
2117 4067 2203 4105 me
2224 4053 2460 4122 amplius
2482 4056 2818 4128 interrogare
2834 4064 3151 4134 quidquam.
3175 4068 3418 4126 Sufﬁciat

144 4149 250 4203 tibi
278 4158 333 4203 et
364 4149 624 4203 omnibus
650 4147 858 4203 sanctis
881 4147 1339 4202 commemoratio
1368 4146 1493 4211 ista,
1524 4154 1579 4199 et
1600 4146 1888 4200 renovatio
1919 4147 2214 4216 spirituum
2245 4159 2572 4204 vestrorum.
2606 4152 2713 4208 Sed
2739 4168 2846 4208 non
2872 4156 2969 4212 tibi
2997 4158 3113 4213 haec
3135 4161 3235 4215 soli
3256 4177 3413 4218 reve-

1238 4267 1473 4323 VARIZE
1511 4266 1900 4323 LECTIONES
1939 4268 2029 4323 ET
2071 4268 2309 4325 ΝΟΤᾸΞ.

219 4362 336 4437 (20)
370 4362 524 4437 Bodl.
553 4364 677 4437 add.
704 4381 876 4418 suum.

1900 4381 1990 4418 ens
2044 4365 2198 4419 Alex.
2249 4367 2341 4436 qui
2390 4369 2610 4437 Στρωμ.
2652 4368 2746 4423 lib.
2780 4385 2841 4430 11.
2886 4385 3003 4436 cap.
3045 4372 3128 4436 12,
3162 4374 3242 4428 sic
3276 4373 3409 4429 Her-

218 4427 335 4514 ‘31)
370 4432 671 4514 bamb-1‘“
711 4444 779 4490 τεο
872 4504 892 4514 -
1006 4505 1021 4514 .
1156 4506 1189 4514 ..

1897 4438 2225 4514 aursupplet
2253 4427 2304 4491 et
2334 4427 2759 4507 interpretatur:
2802 4427 2865 4493 Ἡ
2896 4427 3076 4494 τοίνυν
3110 4427 3406 4514 ὼνέχουοα

363 4501 554 4592 ἰρίδζὶδ.
581 4504 1061 4592 Cerm.let.Latmb.
1094 4506 1417 4592 relinquent:

1227 4517 1403 4575 quem.
1828 4495 2313 4592 rhiﬂfxiiinqiav.‘
2420 4495 2492 4590 _-
2564 4582 2575 4592 -
2681 4580 2735 4592 Μ

209 4575 329 4643 (25)
363 4574 517 4645 Bodl.
551 4585 603 4628 et
632 4573 822 4629 Lamb.
855 4578 908 4629 in
932 4577 1035 4644 ﬁne
1059 4573 1437 4630 abscesserunt.
1536 4644 1539 4645 ν
1884 4573 2014 4645 ’(52)
2055 4573 2245 4631 Lamb.
2274 4578 2632 4636 Continentia.
2681 4580 2771 4637 Sic
2806 4590 2860 4637 et
2885 4580 3136 4638 Clemens
3167 4582 3322 4640 Alex.
3361 4586 3403 4643 Ι.

213 4645 332 4713 (24)
371 4643 560 4726 Lamb.
588 4661 680 4714 ego
709 4648 822 4716 qui,
848 4643 967 4699 cum
994 4646 1263 4715 improbus
1294 4663 1475 4701 essem.
1507 4644 1716 4701 Fellus:

1865 4687 1876 4701 .
1897 4643 2211 4718 ἐγκράτεια.

1907 4718 2016 4739 1⁵9⁸³1.
2064 4716 2225 4739 1----1.
2300 4719 2399 4739 -.1)
2485 4738 2525 4739 κέ
2564 4738 2571 4739 κ
2628 4732 2662 4739 ν.
2807 4724 2850 4739 I,
2905 4730 3023 4739 _A_.
3125 4723 3137 4739 Ι
3188 4726 3222 4739 .-
3366 4730 3374 4739 ι

135 4714 426 4794 quyerg,
453 4714 729 4794 quicum.‘
764 4785 779 4794 ‘
882 4785 892 4794 ι
983 4787 1016 4794 __
1072 4714 1077 4715 ⁷
1258 4786 1269 4794 .
1349 4786 1395 4794 Η
1598 4788 1609 4794 _
1904 4714 2017 4783 (55)
2060 4716 2251 4794 Lamb.
2297 4719 2423 4773 add.
2474 4738 2529 4775 se
2556 4738 2575 4776 :
2614 4732 2670 4779 et
2698 4724 2861 4794 paulo
2904 4730 3047 4791 post,
3082 4723 3401 4779 abstinuerit

213 4783 597 4856 (QSLBodlgt
629 4785 819 4839 Lamb.
858 4785 938 4839 Au
976 4787 1016 4839 ii
1044 4803 1220 4840 omnes
1251 4786 1518 4856 lapides...
1563 4788 1609 4841 si
1644 4798 1719 4840 est
1822 4801 1921 4855 pro
1946 4788 2287 4845 continuerit.

131 4856 286 4933 illis._
318 4854 482 4933 Editt.
518 4854 655 4933 _F_ell.
686 4865 739 4909 ct
763 4856 995 4933 I‘iussel.
1014 4859 1273 4933 omittunt
1302 4854 1369 4933 οη
1393 4859 1714 4933 secundum,
1824 4854 1831 4855 ί
1895 4858 2008 4927 (54)
2049 4857 2239 4933 Lamb.
2283 4860 2498 4933 Volo...
2525 4880 2741 4933 qumque
2764 4880 2923 4933 quam
2946 4862 3401 4933 vimfiabeatilla-

130 4925 291 5005 quod
333 4926 404 5014 al.
446 4925 725 4979 exhibent.
753 4925 826 5007 _Et
870 4928 1086 4995 quidem
1137 4928 1440 4981 redundare
1483 4927 1713 4991 videtur,
1821 4925 2013 5014 mutet
2048 4925 2737 5014 uirtutem:Fellus'addit:
2774 4925 2847 5014 Et
2869 4935 2983 5014 dixi
3008 4951 3026 4988 :
3063 4931 3212 4988 Volo.

131 4996 249 5049 nisi
275 4996 431 5074 malis
464 5012 589 5074 τμη.
613 5005 710 5074 est,
746 4998 984 5074 inquarn.
1037 5066 1066 5074 Α
1290 5067 1301 5074 _
1370 5067 1383 5074 _
1480 5067 1492 5074 _
1851 5067 1861 5074 _
1892 4996 2281 5074 (55)“Sensum
2308 5003 2470 5074 hujus
2494 5004 2596 5061 loci
2621 5004 2872 5073 putatCl.
2900 5002 3150 5074 Potterus
3172 5020 3397 5074 expres-

210 5064 327 5136 (26)
358 5064 549 5136 Lamb.
569 5064 899 5119 habebuntur
920 5068 997 5121 in.
1029 5066 1162 5133 Quae
1191 5067 1339 5121 varia
1370 5067 1532 5121 lectio
1563 5084 1716 5122 mcn-
1818 5064 1960 5121 sisSe
1988 5064 2323 5125 Clementem
2351 5064 2506 5126 Klex.
2541 5074 2577 5127 Ι.
2611 5064 2659 5128 ἁ.
2709 5074 2857 5128 hisce
2892 5073 3071 5127 verbis
3100 5089 3112 5123 :
3145 5064 3257 5127 Καῗ
3285 5078 3391 5130 πά-

128 5134 274 5191 doSe
309 5135 449 5204 apud
482 5134 691 5191 Fabric.
729 5137 976 5190 habetur.
1022 5168 1027 5173 -

209 5203 326 5265 (27)
358 5203 456 5258 Ms.
486 5202 543 5257 S.
573 5205 757 5259 Germ.
792 5207 887 5260 hoc
917 5206 1051 5263 loco.

1881 5154 1927 5189 ν·
1963 5140 2294 5209 Προηγεῖται
2367 5143 2424 5195 ὲν
2452 5143 2661 5205 πίστις’
2691 5144 2852 5212 φόϐος
2873 5144 2929 5197 δὲ
2953 5143 3127 5195 οἰκοδο
3176 5148 3252 5196 εἴ·
3301 5164 3390 5199 τε·

1881 5211 1948 5260 ιοῖ
1971 5208 2071 5265 δὲὴ
2097 5160 2379 5265 dardania
2411 5222 2493 5265 est
2518 5230 2529 5264 :
2570 5213 2634 5265 Et
2664 5231 2846 5265 rursus
2883 5214 3085 5265 (innuit
3112 5160 3383 5265 literni“):

792 5207 887 5260 hoc
917 5206 1051 5263 loco.

1878 5211 1948 5260 ιοῖ
2097 5202 2379 5297 ἆγᾴῖτηλίξ
2408 5222 2493 5297 est
2518 5230 2529 5264 :
2664 5202 2846 5267 rursus
2883 5214 3085 5297 (inquit
3110 5202 3382 5297 Hermas):

353 5274 546 5361 Lamb.
586 5277 773 5361 istud...
1082 5348 1092 5361 _
1176 5347 1215 5361 ﬁ
1273 5350 1307 5361 η
1637 5350 1649 5361 ι
1812 5272 2075 5361 Praecedit
2106 5272 2315 5361 quidem
2343 5282 2496 5351 ﬁdes,
2545 5285 2703 5338 timor
2731 5300 2847 5338 vero
2887 5272 3141 5353 indi/icui,
3178 5272 3385 5355 per/icit

207 5343 323 5416 (29)
348 5343 539 5398 Lamb.
568 5346 732 5399 desivi
756 5347 1148 5416 interrogando.
1176 5347 1328 5405 Bodl.
1359 5350 1705 5419 quoquc,de-
1812 5358 1990 5436 autem
2019 5343 2353 5436 (eburnas;
2388 5422 2447 5436 π.
2482 5343 2501 5436 ’Δ
2562 5424 2595 5436 η
2764 5425 2800 5436 ﬂ
2860 5424 2890 5436 η
2981 5343 3042 5436 ί,

126 5432 318 5492 savum
360 5484 407 5492 __
503 5483 535 5492 _
783 5487 826 5492 __
1376 5418 1387 5419 ”
1880 5418 2110 5492 (ὖδλδίϐ
2139 5436 2272 5476 mss.
2302 5421 2357 5476 S.
2388 5422 2913 5492 Vict.,Carm.,Bodl.
2942 5433 2994 5479 et
3020 5422 3213 5477 Lamb.
3239 5422 3382 5479 Editi

208 5484 325 5555 (50)
360 5484 462 5555 llis.
502 5483 559 5537 S.
604 5484 739 5540 Vict.
773 5487 853 5539 his
892 5488 1050 5542 albis.
1808 5483 2052 5541 voluerit.

204 5554 320 5626 (51)
358 5554 550 5609 Manus
576 5566 878 5625 contracta,
917 5559 1094 5627 inquit
1131 5560 1217 5615 hic
1255 5560 1460 5624 Fellus,
1507 5558 1703 5613 rectis.
1878 5558 1990 5625 (57)
2032 5560 2221 5615 Lamb.
2252 5572 2406 5617 esset.

126 5628 271 5681 sime
307 5627 467 5679 tidem
506 5636 892 5699 repraesentat,
925 5644 1031 5697 qua
1075 5631 1257 5684 divina
1294 5631 1561 5699 promissa
1608 5645 1702 5697 ap-
1878 5629 1989 5699 (58)
2030 5630 2218 5684 Lamb.
2245 5632 2519 5691 lnsensate
2547 5645 2721 5691 autem
2751 5634 3234 5689 homolnumvides
3267 5641 3376 5687 tur-

127 5696 544 5752 nrehendimus.
573 5696 743 5766 Magis
768 5696 953 5751 tamen
973 5701 1039 5754 ad
1068 5716 1204 5768 rem,
1230 5696 1548 5767 utvidetur,
1576 5696 1693 5754 Cle—
1808 5696 1909 5756 rint
1938 5696 2093 5769 super
2118 5702 2396 5770 tediﬁcari.

409 5797 685 5856 ΡΑΤιιοι..
731 5793 849 5854 Gn.
901 5794 979 5854 II.

3058 5801 3134 5857 99
