3822 6218
391 317 503 379 907
1840 309 1897 362 S.
1940 303 2202 361 HERMA‘I
3584 288 3727 346 908

396 442 506 495 lata
539 444 695 502 sunt;
727 433 819 489 sed
848 440 908 488 ut
940 429 1199 486 omnibus
1220 428 1565 484 demonstres
1590 442 1675 481 ea.
1721 425 1852 479 Post
1896 425 2137 479 triduum
2180 420 2326 474 enim
2370 415 2675 484 intelligere
2714 422 2766 466 te
2807 416 3037 480 oportet,
3070 403 3294 467 Herma,
3321 399 3513 455 verba

396 546 520 602 qua:
544 530 641 584 tibi
672 527 873 596 incipio
904 526 1108 587 dicere,
1128 533 1187 579 ut
1209 524 1455 593 loquaris
1483 537 1546 576 ea
1577 523 1630 575 in
1654 520 1883 575 auribus
1905 518 2018 588 (59)
2046 526 2385 575 sanctorum,
2408 525 2465 567 ut
2488 512 2770 566 audientes
2797 522 2859 561 ea
2887 518 3011 560 cum
3055 499 3315 565 fecerint,
3344 494 3729 551 emunden—

397 637 488 682 tur
510 642 540 681 a
570 624 831 694 nequitiis
862 622 1007 688 suis;
1039 619 1132 675 sed
1156 624 1212 670 et
1234 624 1290 668 tu
1324 628 1452 667 cum
1488 612 1613 665 illis.

1820 716 2049 777 CAPUT
2104 718 2198 775 1X.

468 834 669 889 Audite
698 845 785 886 me
812 845 967 900 ergo,
992 828 1087 883 ﬁlii
1123 842 1135 879 :
1166 819 1279 895 Ego
1300 837 1400 877 vos
1423 821 1660 877 enutrivi
1688 819 1741 873 in
1767 818 1937 872 multa
1968 815 2337 885 simplicitate,
2370 822 2423 867 et
2452 809 2783 875 innocentia,
2824 814 2879 861 et
2908 801 3197 868 modestia,
3220 808 3459 872 propter
3494 796 3715 851 mise-

397 926 689 983 ricordiam
718 924 811 979 Dei
840 893 963 992 qius
998 936 1160 991 super
1178 893 1275 975 vos
1303 919 1527 974 stillavit
1549 918 1602 971 in
1633 916 1847 986 justitia
1873 933 1887 980 ;
1926 923 1985 968 ut
2009 910 2429 968 sanctiﬁcemini
2461 917 2515 962 et
2537 904 2919 977 justificemini
2958 900 3070 971 (40)
3100 901 3170 954 ab
3194 898 3346 952 omni
3377 893 3683 963 nequitia

396 1030 449 1073 et
478 1019 625 1072 omni
652 996 947 1086 pravitate;
979 1028 1077 1067 vos
1108 1020 1286 1066 autem
1314 1026 1422 1064 non
1445 1008 1607 1062 vultis
1635 1006 1976 1076 requiescere
1999 1016 2029 1057 a
2051 1001 2312 1071 nequitiis
2340 1000 2550 1053 vestris.
2580 995 2735 1050 Nunc
2751 1012 2879 1065 ergo
2908 998 3090 1053 audite
3116 1012 3223 1060 me,
3247 1002 3301 1049 et
3330 1007 3538 1061 pacem
3579 991 3711 1041 ha-

398 1111 521 1165 hete
554 1110 694 1162 alius
717 1123 841 1162 cum
873 1107 980 1159 alio
1014 1104 1152 1174 (41),
1184 1112 1235 1156 et
1257 1102 1472 1155 visitate
1494 1114 1591 1153 vos
1616 1098 1961 1160 alterutrum,
1994 1102 2048 1147 et
2074 1092 2335 1161 suscipite
2366 1106 2462 1143 vos
2495 1089 2724 1142 invicem
2754 1127 2772 1153 ,
2804 1096 2859 1140 et
2908 1089 3074 1141 nolite
3112 1087 3211 1140 soli
3245 1090 3552 1138 creaturas
3588 1077 3707 1129 Dei

396 1222 674 1276 percnpere
702 1202 781 1270 ‘3;
814 1172 1182 1258 abundantius
1213 1200 1376 1255 etiam
1427 1198 1698 1267 impertite
1719 1194 2022 1265 egentibus.
2046 1186 2279 1257 Quidam
2320 1190 2465 1243 enim
2498 1186 2874 1255 compluribus
2902 1183 3039 1237 cibis
3069 1179 3449 1234 infirmitatem
3481 1172 3707 1227 carnis

398 1318 513 1355 sum
561 1301 921 1365 contrahunt,
969 1308 1021 1352 et
1048 1296 1254 1352 violant
1286 1310 1508 1349 carnem
1561 1308 1719 1347 suam
1752 1291 1887 1360 (42).
1933 1289 2181 1342 Aliorum
2217 1295 2402 1340 autem
2450 1284 2544 1354 qui
2576 1298 2682 1336 non
2718 1281 2922 1333 habent
2970 1288 3149 1334 escas,
3204 1265 3510 1322 marcescit
3540 1275 3705 1316 0³1⁵0

397 1397 666 1466 ipsorum,
697 1402 919 1463 pr0pter
955 1393 1007 1448 id
1042 1394 1186 1462 quod
1206 1409 1315 1447 non
1348 1392 1548 1446 habent
1570 1389 1927 1445 sufﬁcientem
1955 1386 2136 1439 cibum
2164 1402 2177 1449 ;
2210 1391 2263 1437 et
2283 1381 2627 1437 consumitur
2658 1390 2860 1445 corpus
2881 1364 3237 1466 eorum-llaec
3252 1364 3427 1463 igitur
3454 1360 3701 1413 intem-

397 1454 664 1556 perantia,
679 1454 871 1538 nociva
907 1491 995 1537 est
1021 1454 1197 1547 vobis,
1233 1480 1563 1535 habentibus
1588 1488 1642 1531 et
1670 1492 1776 1531 non
1810 1471 2353 1530 communicantibus
2382 1469 2449 1523 iis
2478 1466 2572 1537 qui
2595 1473 2772 1535 egent.
2798 1461 3073 1515 Attendite
3095 1454 3692 1556 judiciumﬁsuperve-

400 1580 576 1633 niens.
604 1576 709 1643 Qui
739 1573 1132 1629 eminentiores
1160 1572 1315 1638 estis,
1351 1572 1611 1641 inquirite
1640 1568 1969 1633 esurientes,
2009 1567 2139 1619 dum
2180 1564 2360 1617 adhuc
2393 1560 2560 1615 turris
2606 1574 2714 1611 non
2764 1564 2850 1609 est
2893 1556 3295 1608 consummata.
3347 1542 3692 1611 Postquam

397 1673 544 1725 enim
572 1676 957 1724 consummata
988 1664 1155 1720 fuerit
1179 1666 1349 1721 turris
1371 1705 1385 1730 ,
1422 1666 1622 1720 voletis
1646 1665 1986 1730 benefacere,
2020 1670 2074 1716 et
2104 1677 2211 1714 non
2239 1657 2505 1714 habebitis
2555 1656 2757 1711 locum.
2789 1650 2982 1704 Videte
3010 1660 3141 1715 ergo
3167 1657 3286 1707 vos,
3321 1641 3419 1709 qui
3457 1640 3693 1708 gloria-

400 1764 535 1816 mini
570 1762 625 1815 in
648 1761 854 1815 divitiis
880 1758 1096 1820 vestris,
1132 1772 1199 1811 ne
1230 1756 1371 1812 forte
1402 1757 1766 1827 ingemiscant
1790 1755 1825 1808 ii
1860 1756 1954 1825 qui
1976 1763 2158 1825 egent,
2191 1760 2245 1805 et
2278 1752 2513 1822 gemitus
2541 1763 2734 1803 eorum
2765 1741 3026 1798 ascendat
3077 1738 3143 1791 ad
3176 1734 3486 1788 Dominum
3512 1732 3587 1797 ",
3623 1739 3688 1785 et

398 1852 771 1909 excludamini
802 1866 926 1905 cum
966 1849 1124 1903 bonis
1157 1849 1355 1904 vestris
1400 1856 1555 1902 extra
1592 1848 1823 1917 januam
1869 1823 2062 1898 turris.
2108 1842 2265 1896 Nunc
2297 1843 2481 1910 itaque
2514 1839 2669 1893 vobis
2694 1837 2839 1900 dico,
2870 1832 2965 1901 qui
3010 1826 3254 1899 praeslis
3282 1823 3586 1885 Εεσίεεῖξὲ,
3622 1829 3685 1875 8‘

400 1946 599 2002 amatis
622 1944 831 2015 primos
855 1939 1218 1996 consessus"
1242 1938 1355 2006 (45)
1381 1953 1396 1989 τ
1421 1914 1822 1991 nolitevsimiles
1850 1935 1968 1989 ﬁeri
1996 1934 2282 1988 maleﬁcis.
2315 1930 2380 1985 Et
2412 1929 2643 1984 maleﬁci
2679 1927 2898 1997 quidem
2927 1935 3138 1975 venena
3161 1932 3258 1972 sua
3278 1917 3334 1969 in
3359 1914 3683 1985 pyxidibus

399 2040 648 2109 bajulant
696 2036 848 2108 (M);
880 2050 977 2089 vos
1028 2042 1210 2088 autem
1243 2048 1513 2087 venenum
1542 2041 1785 2086 vestrum
1838 2039 1891 2085 et
1922 2029 2277 2099 pharmacum
2311 2027 2425 2098 (45)
2454 2026 2509 2079 in
2542 2025 2707 2079 corde
2738 2022 3053 2088 continetis,
3085 2030 3140 2076 et
3174 2034 3284 2074 non
3321 2017 3507 2071 vultis
3538 2030 3679 2083 pur-

397 2148 530 2198 gare
559 2130 726 2185 corda
756 2136 959 2188 vestra,
982 2133 1037 2179 et
1074 2124 1406 2194 permiscere
1432 2138 1655 2179 sensum
1687 2132 1929 2177 vestrum
1958 2138 2097 2194 puro
2124 2121 2298 2187 cordi,
2322 2128 2384 2175 ut
2415 2119 2663 2174 habeatis
2709 2116 3146 2173 misericordiam
3180 2129 3211 2167 a
3255 2108 3405 2181 Rege
3430 2123 3672 2180 magno.

400 2222 591 2277 Videte
610 2235 762 2290 ergo,
808 2217 927 2282 ﬁlii,
960 2231 1027 2271 ne
1055 2214 1193 2271 forte
1222 2216 1306 2269 ha:
1334 2216 1709 2270 dissensiones
1751 2224 1947 2269 vestra:
2000 2213 2256 2268 fraudent
2294 2213 2461 2266 vitam
2496 2221 2753 2267 vestram.
2805 2210 3094 2277 Quomodo
3118 2223 3213 2263 vos
3240 2204 3469 2263 erudire
3501 2203 3674 2257 vultis

400 2322 607 2376 electos
644 2314 760 2383 Dei,
795 2330 919 2371 eum
952 2314 1055 2385 ipsi
1088 2325 1198 2366 non
1226 2309 1472 2365 habeatis
1502 2309 1889 2379 disciplinam?
1918 2309 2275 2363 Commonete
2299 2323 2430 2377 ergo
2460 2324 2559 2362 vos
2590 2307 2822 2361 invicem
2853 2306 2921 2373 ⁷⁸,
2950 2305 3240 2376 pacatique
3287 2304 3475 2358 estote
3526 2298 3672 2354 inter

402 2432 504 2473 vos
529 2417 678 2488 (46),
719 2423 780 2469 ut
807 2423 860 2469 et
887 2428 988 2483 ego
1023 2423 1207 2466 coram
1232 2405 1393 2462 Patre
1428 2418 1613 2461 vestro
1648 2415 1857 2470 astans,
1890 2406 2159 2461 rationem
2183 2406 2403 2461 reddam
2435 2419 2534 2474 pro
2558 2404 2712 2459 vobis
2740 2402 2989 2459 Domino.

1838 2524 2071 2580 CAPUT
2110 2524 2180 2579 Χ.

472 2624 721 2692 Cumque
765 2618 1023 2674 desiisset
1080 2630 1296 2671 mecum
1343 2616 1517 2687 loqui,
1572 2626 1838 2671 venerunt
1892 2616 1969 2669 illi
2014 2631 2109 2671 sex
2154 2616 2411 2685 juvenes,
2456 2616 2551 2686 qui
2601 2613 2962 2680 aediﬁcabant,
3004 2622 3058 2668 et
3099 2612 3343 2667 tulerunt
3383 2604 3544 2663 illam
3596 2610 3669 2662 ad

403 2726 602 2781 turrim
629 2721 775 2790 (i7);
804 2728 859 2772 et
883 2715 975 2768 alii
1011 2722 1248 2782 quatuor
1272 2708 1614 2763 sustulerunt
1643 2707 1985 2772 subsellium,
2018 2715 2075 2761 et
2106 2706 2363 2761 abierunt
2392 2706 2495 2776 ipsi
2523 2706 2718 2759 iterum
2754 2705 2807 2757 in
2831 2704 3051 2757 turrim.
3084 2700 3287 2754 Horum
3319 2697 3521 2752 faciem
3552 2712 3666 2749 non

403 2814 537 2876 vidi,
569 2786 834 2879 quoniam
860 2805 1040 2857 aversi
1065 2805 1242 2853 erant.
1269 2795 1500 2849 Euntem
1536 2795 1685 2849 illam
1718 2796 2006 2864 rogabam,
2034 2802 2095 2849 ut
2136 2794 2273 2849 mihi
2320 2795 2592 2850 revelaret
2617 2795 2682 2849 de
2710 2796 2885 2849 tribus
2916 2792 3130 2863 ﬁguris,
3177 2792 3230 2844 in
3266 2789 3471 2859 quibus
3519 2786 3666 2841 mihi

406 2906 684 2977 apparuit.
714 2896 1071 2969 Respondens
1103 2896 1283 2945 autem
1317 2884 1476 2951 mihi,
1503 2884 1637 2938 dixit
1670 2901 1682 2936 :
1710 2884 1784 2938 De
1810 2885 1894 2938 his
1916 2886 2082 2939 alium
2115 2894 2167 2939 te
2199 2894 2418 2955 oportet
2449 2886 2808 2955 interrogare,
2836 2894 2896 2938 ut
2924 2884 3023 2937 tibi
3048 2882 3335 2936 reveletur.
3383 2879 3666 2948 Apparuit

406 2973 594 3053 autem
642 2992 800 3054 mihi,
854 2990 1050 3041 fratres
1081 2978 1219 3052 (48),
1270 2975 1444 3043 prima
1479 2973 1689 3027 visione
1735 2988 1880 3026 anno
1913 2973 2197 3043 superiore
2226 2974 2380 3028 valde
2410 2990 2570 3040 anus,
2594 2983 2647 3028 et
2680 2976 2737 3027 in
2764 2974 3025 3030 cathedra
3069 2976 3285 3030 sedens.
3315 2974 3431 3027 Alia
3464 2984 3665 3027 autem

405 3091 639 3154 visione,
668 3085 861 3140 faciem
884 3079 1101 3151 quidem
1134 3071 1431 3143 juvenilem
1464 3072 1721 3136 habebat,
1749 3086 1969 3125 carnem
2006 3081 2189 3126 autem
2211 3080 2266 3127 et
2293 3073 2521 3143 capillos
2550 3073 2757 3139 aniles;
2819 3081 2875 3127 et
2914 3082 3067 3128 stans
3117 3073 3253 3126 mihi
3292 3071 3620 3140 loquebatur
3643 3110 3663 3121 -

408 3184 636 3239 hilarior
674 3190 855 3234 autem
885 3183 1002 3231 erat
1024 3184 1188 3241 quam
1224 3166 1336 3237 (49)
1363 3166 1622 3235 primum.
1663 3163 1846 3219 Tertia
1875 3173 2057 3217 autem
2090 3163 2325 3227 visione,
2376 3172 2488 3217 tota
2530 3163 2722 3232 junior
2750 3172 2887 3229 erat,
2918 3172 2971 3218 et
2999 3172 3221 3233 aspectu
3254 3162 3489 3226 decora;
3533 3170 3664 3215 tan-

407 3290 526 3335 tum
555 3277 699 3349 quod
725 3274 838 3345 (50)
880 3269 1106 3339 capillos
1137 3267 1312 3322 aniles
1343 3264 1577 3319 habebat
1608 3280 1621 3316 :
1655 3261 1847 3316 hilaris
1876 3272 2057 3315 autem
2094 3257 2236 3314 facie
2260 3266 2399 3325 erat,
2428 3266 2481 3313 et
2511 3274 2675 3328 super
2704 3259 3027 3314 subsellium
3049 3258 3267 3313 sedens.
3299 3254 3375 3309 De
3398 3256 3484 3309 his
3516 3254 3667 3324 ipsis

409 3385 640 3431 moestus
672 3387 823 3427 eram
854 3368 1034 3429 valde,
1068 3364 1241 3418 donec
1269 3373 1661 3431 cognoscerem
1692 3357 1961 3411 visionem
1999 3355 2113 3425 (51)
2147 3355 2312 3409 hanc.
2349 3352 2517 3408 Video
2543 3369 2711 3408 anum
2746 3354 2893 3408 illam
2929 3355 2985 3408 in
3014 3355 3129 3409 visu
3161 3353 3335 3407 noctis
3377 3352 3661 3406 dicentem

409 3469 542 3525 mihi
570 3487 584 3522 :
614 3463 805 3520 Omnis
837 3459 1045 3530 rogatio
1076 3458 1382 3513 humilitate
1432 3464 1555 3527 eget
1582 3454 1718 3526 (52).
1748 3453 1947 3523 Jejuna
1997 3468 2150 3522 ergo,
2181 3461 2237 3506 et
2260 3452 2532 3522 percipies
2565 3468 2595 3507 a
2630 3452 2863 3508 Domino
2890 3453 3037 3523 quod
3089 3454 3354 3523 postulas.
3398 3448 3661 3520 Jejunavi

410 3579 541 3634 ergo
570 3561 712 3615 dicm
758 3571 941 3609 unam.
977 3552 1179 3606 Eadem
1217 3560 1375 3605 nocte
1420 3548 1672 3619 apparuit
1712 3546 1846 3601 mihi
1873 3545 2114 3615 juvenis,
2146 3556 2199 3599 et
2228 3544 2343 3599 ait:
2390 3543 2530 3609 Quid
2555 3554 2611 3598 tu
2663 3544 2976 3615 frequenter
3024 3548 3165 3617 petis
3204 3546 3564 3602 revelationes
3593 3546 3661 3601 in

412 3633 698 3708 oratione?
737 3645 888 3711 Vide,
918 3659 984 3697 ne
1018 3644 1189 3696 multa
1219 3641 1509 3712 postulans
1558 3653 1757 3693 noceas
1802 3636 1955 3691 carni
1989 3644 2116 3689 tuae.
2164 3633 2448 3689 Suﬂiciant
2489 3636 2584 3689 tibi
2632 3638 2994 3693 revelationes
3020 3640 3124 3693 has.
3151 3636 3407 3707 Nunquid
3439 3639 3655 3707 poteris

414 3742 671 3799 fortiores
696 3736 1055 3793 revelationes
1081 3733 1293 3798 videre,
1318 3746 1484 3801 quam
1512 3744 1652 3800 quas
1682 3727 1902 3781 vidisti?
1930 3724 2288 3795 Respondens
2328 3726 2379 3779 ei
2413 3725 2539 3780 dico
2570 3742 2583 3778 :
2621 3727 2870 3795 Domina,
2905 3728 3010 3785 hoc
3052 3732 3229 3785 solum
3268 3740 3393 3801 peto
3420 3746 3520 3799 pro
3554 3733 3660 3786 ιι-ί-

412 3842 518 3895 bus
550 3833 905 3909 ﬁgurisillius
932 3846 1093 3895 anus,
1124 3834 1184 3881 ut
1207 3827 1418 3897 integra
1449 3826 1541 3879 ﬁat
1564 3824 1846 3879 revelatio.
1881 3820 2185 3890 Respondit
2209 3820 2382 3876 mihi:
2423 3817 2534 3876 Vos
2559 3837 2667 3875 non
2692 3822 2955 3878 insensati
2981 3825 3143 3889 estis;
3171 3824 3263 3879 sed
3287 3825 3661 3880 dubitationes

412 3937 608 3985 vestrae
649 3941 750 3981 vos
791 3925 1097 3979 insensatos
1148 3920 1395 3989 faciunt,
1432 3936 1499 3976 eo
1527 3921 1673 3990 quod
1709 3919 1820 3990 (55)
1854 3933 1965 3973 non
1993 3915 2241 3971 habeatis
2270 3932 2366 3972 cor
2412 3927 2665 3974 vestrum
2704 3919 2772 3973 ad
2798 3918 3113 3976 Dominum.
3150 3920 3427 3992 Respondi
3456 3921 3556 3987 illi,
3599 3934 3659 3978 et

413 4020 527 4077 dixi
558 4038 572 4072 :
611 4016 717 4072 Sed
763 4029 795 4070 a
823 4023 875 4070 te
902 4028 964 4068 ea
989 4012 1304 4082 diligentius
1332 4027 1726 4083 cognoscemus
1751 4011 1886 4079 (54).

1863 4123 2092 4180 CAPUT
2140 4126 2230 4181 XI.

486 4232 646 4297 Audi,
680 4228 875 4299 inquit,
908 4228 974 4282 de
1000 4222 1187 4296 ﬁguris
1216 4236 1355 4291 quas
1386 4219 1621 4290 inquiris
1673 4218 1809 4289 (55).
1860 4219 1917 4273 ln
1962 4222 2139 4290 prima
2179 4222 2399 4292 quidem
2429 4225 2660 4291 visione,
2694 4240 2865 4294 quare
2895 4239 3036 4279 anus
3086 4224 3183 4278 tibi
3215 4227 3467 4295 apparuit
3491 4243 3658 4300 super

416 4322 731 4378 cathedram
770 4318 1000 4382 sedens;
1035 4311 1295 4385 quoniam
1321 4311 1545 4379 spiritus
1576 4320 1752 4363 vester
1783 4311 2082 4380 antiquior,
2109 4313 2273 4367 etiam
2301 4316 2577 4370 marcidus
2608 4326 2711 4382 est,
2738 4328 2792 4371 et
2840 4332 2946 4372 non
2980 4321 3192 4375 habens
3225 4322 3333 4375 vim
3385 4338 3416 4375 a
3458 4324 3653 4379 vestris

418 4412 855 4474 inﬁrmitatibus,
882 4418 935 4464 et
965 4409 1307 4463 dubitatione
1335 4407 1539 4462 cordis.
1570 4406 1724 4461 Sicut
1756 4408 1901 4461 enim
1926 4409 2173 4465 seniores
2195 4411 2291 4480 qui
2322 4428 2430 4466 non
2476 4414 2677 4468 habent
2705 4430 2857 4484 spem
2885 4419 3210 4480 renovandi,
3259 4430 3313 4474 et
3341 4420 3471 4474 nihil
3507 4423 3651 4477 aliud

416 4517 736 4581 exspectant
779 4506 895 4577 (56)
939 4506 1047 4559 nisi
1090 4504 1475 4558 dormitionem
1524 4517 1680 4557 suam
1714 4521 1727 4556 :
1758 4502 1837 4558 sic
1882 4512 1936 4558 et
1963 4519 2063 4560 vos
2106 4506 2368 4561 inﬁrmati
2402 4525 2434 4563 a
2463 4510 2819 4566 saecularibus
2862 4514 3097 4583 negotiis
3139 4516 3442 4572 tradidistis
3469 4533 3567 4575 vos
3596 4522 3648 4575 in

491 4622 955 4687 “Job.xxxl,i7.
1036 4618 1360 4688 "Jac.v,4.
1439 4621 2000 4690 "°Matth.xxm,6;M

2147 4642 2245 4689 xu,
2280 4628 2374 4694 '59;
2408 4629 2540 4685 Luc.
2578 4648 2654 4696 xt,
2678 4633 2748 4686 4⁸5
2776 4642 2831 4688 et
2862 4650 2956 4698 xx,
2985 4634 3076 4689 46.
3153 4635 3194 4664 '”
3218 4633 3429 4691 Coloss.
3463 4637 3644 4702 "1,16.

1509 4758 1752 4817 VARI/IS
1794 4762 2175 4819 LECTIONES
2213 4765 2303 4819 ΕΤ
2340 4765 2573 4822 NOTAE.

494 4880 608 4950 ('59)
646 4878 993 4951 Lamb.‘add.
1020 4880 1281 4951 omnibus.
1377 4949 1385 4951 _
2088 4881 2269 4945 habet,
2307 4898 2445 4951 anno
2468 4884 2661 4951 priore.

493 4951 610 5091 (40)
650 4949 800 5003 Bodl.
830 4949 981 5003 deest
1011 4949 1484 5031 etjustiﬁceminia
1613 5020 1623 5029 _
2161 4952 2275 5020 (49)
2316 4949 2511 5009 Lamb.
2542 4954 2760 5009 desunt.
2799 4964 2914 5008 erat
2937 4971 3115 5024 quam.

519 5022 579 5075 41
650 5018 840 5091 Lamb.
872 5034 969 5088 pro
1000 5036 1117 5072 cum
1147 5020 1253 5072 alio
1278 5021 1438 5091 habet
1466 5037 1520 5072 tn
1549 5021 1736 5073 alium.
2162 5022 2275 5090 (50)
2315 5021 2506 5078 Lamb.
2537 5024 2769 5091 quidem.
2801 5024 2947 5087 Mox,
2972 5027 3026 5077 in
3056 5027 3112 5091 fa

519 5018 610 5093 41)
650 5018 840 5093 Lamb.
872 5034 969 5088 pro
1000 5036 1117 5072 cum
1147 5020 1253 5072 alio
1278 5021 1438 5093 habet
1466 5021 1520 5072 in
1549 5020 1736 5073 alium.
1928 5092 1931 5093 ν
2162 5018 2275 5093 (50)
2315 5021 2506 5093 Lamb.
2537 5024 2769 5093 quidem.
2801 5018 3026 5087 Μοῑξὶη
3056 5026 3215 5092 facie.

497 5088 610 5161 (42)
652 5088 843 5142 Lamb.
878 5101 1174 5156 assumunt,
1202 5090 1292 5143 sed
1312 5100 1360 5144 et
1387 5094 1682 5155 cumulant,
1708 5102 1760 5144 et
1788 5092 1995 5144 conrio-
2164 5088 2276 5160 (51)
2317 5091 2469 5146 Bodl.
2503 5088 2559 5148 et
2583 5093 2773 5148 Lamb.
2799 5088 3187 5148 reuelationem.

425 5163 674 5243 lar-1‘s...
790 5228 809 5243 ι
1009 5232 1056 5243 ..
1457 5231 1471 5243 .
1567 5232 1578 5243 .
1804 5232 1816 5243 .
1914 5232 1925 5242 .

2144 5162 2278 5243 ⁸(52)
2318 5164 2622 5243 antiochus
2649 5165 2986 5243 _honiil:106:
3013 5163 3279 5243 me‘tgnaé
3301 5180 3642 5243 ταπεινοφρο-

497 5228 843 5312 (45)_Lamb.
879 5232 1163 5312 regibitus.
1198 5229 1427 5312 Yulgata
1457 5231 1618 5286 lectio
1644 5232 1888 5300 pressius
1914 5232 1997 5284 in-

2131 5228 2267 5312 9w};
2293 5232 2394 5283 οὐκ
2436 5233 2594 5312 ἐςτιν.
2612 5234 3001 5312 εὑτςρρσδεκτον
3029 5228 3279 5303 γεῦἑσθαι
3325 5228 3637 5307 προσευχῖίψ.

427 5286 609 5383 bene}:
623 5300 758 5383 locis
782 5297 918 5383 μοις.
946 5299 1092 5383 Test:
1111 5286 1398 5383 lexcita‘t’is.
1646 5286 1663 5300 ⁵
2088 5301 2151 5383 1V
2155 5286 2279 5371 eq'u'e
2296 5319 2413 5357 vero
2439 5307 2551 5358 sine
2574 5286 2877 5359 hamiiitaie
2902 5286 3122 5374 occepta
3142 5286 3252 5359 esse
3263 5286 3431 5373 potest
3455 5286 3637 5361 milii.

497 5373 610 5444 (44)
652 5369 843 5444 Lamb.
880 5371 942 5444 in_
960 5372 1175 5444 pyxides
1200 5382 1433 5444 portant.
2087 5369 2307 5427 Fila-mc.

496 5438 612 5516 (45)
652 5439 806 5516 Bodl.
839 5438 1111 5516 et
1143 5438 1600 5516 medicamentum.
1674 5510 1713 5516 _
1751 5512 1782 5516 __
1918 5514 1925 5516 ξ
1953 5512 1964 5516 _
2161 5445 2274 5516 (55)
2314 5444 2414 5516 ΜΞ.
2450 5446 2507 5501 S.
2533 5444 2673 5502 Vict.
2705 5456 2753 5498 et
2775 5447 2934 5516 quod.

433 5586 447 5597 .
492 5508 613 5597 (46)
655 5511 731 5597 ita
758 5526 891 5566 mss.
913 5508 970 5564 S.
998 5508 1565 5585 Vict.,Carm.,Lamb.
1592 5521 1644 5565 et
1674 5510 1875 5567 Fellus.
1905 5512 1988 5567 Al.
2313 5508 2932 5597 Lamba_cogn_qsca'qiu§,

427 5586 697 5658 inter-30g.
794 5651 808 5658 _
928 5600 929 5603 ‘
969 5650 1002 5658 _
1148 5584 1151 5585 ⁷
1359 5654 1370 5658 _
2159 5584 2272 5658 (55)
2314 5585 2468 5658 Bodl.
2495 5587 2558 5640 de
2584 5584 2791 5657 quibus.
2814 5586 3027 5643 Fellus:
3060 5588 3300 5658 requiris.

502 5652 618 5727 (47)
658 5650 849 5727 Lamb.
880 5659 933 5727 et
961 5650 1145 5727 Carm.
1177 5669 1209 5707 a
1234 5654 1391 5708 turri.
1834 5723 1866 5727 μ
1930 5724 1961 5727 μ
2161 5650 2274 5726 (56)
2314 5656 2505 5713 Lamb.
2538 5650 2811 5727 expetunt.

501 5720 613 5783 (481
658 5720 845 5778 Lamb.
898 5724 1050 5779 deest
1098 5724 1290 5793 fratres
1324 5751 1340 5780 .-
1366 5735 1416 5780 et
1466 5739 1593 5778 mox
1648 5738 1773 5779 cum
1834 5723 1988 5779 Bodl.
