3822 6218
346 330 453 387 ὊΗ
1800 321 1859 374 S.

2069 320 2161 375 ΜΞ
3508 319 3646 375 912

354 450 556 505 delere.
591 445 723 502 Veni
748 456 914 511 prope
939 443 1114 508 illam,
1142 452 1197 500 et
1229 452 1339 498 tam
1373 440 1596 513 grandis
1623 441 1794 495 bestia
1819 442 2061 496 extendit
2091 458 2148 495 se
2177 442 2230 494 in
2256 450 2480 501 terram,
2512 446 2565 492 et
2588 437 2725 492 nihil
2760 436 2865 493 nisi
2912 435 3157 505 linguam
3181 433 3533 504 proferebat,
3578 447 3647 492 et

351 542 407 597 in
429 554 603 598 totum
633 543 751 612 (71)
783 556 893 595 non
926 540 1097 593 movit
1125 554 1206 603 se,
1238 539 1414 592 donec
1440 538 1860 607 pertransissem
1892 536 2006 605 (75)
2038 537 2184 589 illam
2212 545 2402 589 totam.
2430 533 2672 588 Habebat
2704 543 2885 587 autem
2912 531 3087 587 bestia
3119 532 3213 586 illa
3245 546 3416 601 super
3439 546 3647 602 caput

356 643 571 697 colores
592 648 828 711 quatuor
861 652 875 689 :
908 637 1147 707 nigrum,
1179 632 1376 688 deinde
1400 632 1631 687 rubeum
1653 640 1708 685 et
1739 631 2240 701 sanguinolentum,
2260 629 2385 683 inde
2416 643 2665 694 aureum,
2690 628 2887 684 deinde
2913 627 3123 682 album.

1811 744 2040 801 CAPUT
2082 744 2144 798 11.

428 852 726 921 Postquam
752 859 931 903 autem
961 848 1288 916 pertransivi
1319 847 1488 915 illam,
1514 861 1837 917 progressus
1866 860 1988 899 sum
2017 842 2131 897 fere
2160 843 2324 911 pedes
2355 841 2612 910 triginta;
2645 849 2697 894 et
2721 853 2846 895 ecce
2875 838 3115 895 occurrit
3139 838 3275 892 mihi
3303 838 3470 907 virgo
3492 834 3637 906 ('76)

358 948 606 1016 quaalam
637 951 901 998 exornata
926 949 1186 1008 tanquam
1211 941 1278 995 de
1310 941 1552 995 thalamo
1575 939 1834 1008 prodiens
1856 936 1967 1006 (77)
1991 936 2060 1004 ⁷³,
2086 943 2195 989 tota
2223 934 2275 987 in
2300 932 2461 998 albis,
2485 941 2540 987 et
2568 932 2948 987 calceamentis
2974 931 3111 988 albis
3141 930 3489 987 circumdata
3512 970 3533 994 ,
3575 936 3644 982 et

356 1058 532 1111 usque
562 1040 629 1093 ad
662 1036 853 1093 faciem
881 1036 1098 1089 mitram
1130 1030 1373 1096 habens;
1406 1044 1505 1097 pro
1533 1039 1845 1097 tegumento
1875 1034 2056 1081 autem
2088 1025 2322 1080 habebat
2351 1024 2575 1091 capillos
2607 1023 2829 1077 nitidos.
2852 1022 3092 1093 Cognovi
3120 1038 3249 1093 ergo
3283 1037 3316 1076 a
3349 1020 3644 1091 pristinis

355 1131 662 1186 visionibus
688 1170 702 1194 ,
737 1126 997 1197 quoniam
1046 1120 1284 1175 Ecclesia
1320 1128 1437 1187 cst;
1475 1129 1529 1173 et
1562 1118 1787 1172 hilarior
1819 1116 1996 1171 factus
2041 1131 2183 1171 sum.
2218 1114 2484 1170 Salutavit
2515 1124 2696 1170 autem
2728 1129 2850 1179 me,
2886 1114 3073 1171 dicens
3102 1133 3117 1169 :
3143 1116 3257 1168 Ave
3295 1122 3375 1179 tu,
3416 1113 3639 1166 homo.

355 1222 423 1276 Et
450 1223 597 1275 illam
631 1219 923 1275 rcsalutavi
950 1215 1086 1284 (78),
1130 1215 1321 1269 dicens
1349 1234 1361 1269 :
1396 1213 1657 1278 Domina,
1686 1228 1803 1267 ave.
1835 1211 2191 1283 Respondeas
2219 1220 2397 1265 autem
2431 1211 2569 1265 dixit
2593 1210 2726 1265 mihi
2759 1229 2773 1264 :
2806 1208 2953 1265 Nihil
2982 1211 3075 1264 tibi
3105 1210 3365 1276 occurrit,
3394 1211 3585 1264 homo
3610 1208 3641 1261 2

354 1319 489 1373 Dico
510 1318 596 1372 ei:
631 1316 883 1379 Domina,
916 1310 1160 1367 occurrit
1194 1310 1331 1364 mihi
1377 1309 1488 1377 (79)
1536 1309 1660 1365 talis
1716 1308 1890 1363 bestia
1918 1350 1931 1370 ,
1964 1324 2086 1378 qua:
2116 1309 2291 1378 possit
2322 1308 2581 1378 populum
2614 1319 2938 1362 consumere
2966 1324 2979 1359 :
3014 1303 3109 1359 sed
3155 1303 3357 1358 virtute
3403 1301 3507 1355 Dei
3567 1309 3640 1353 et

353 1409 622 1479 singulari
651 1397 894 1478 (80)ejus
926 1406 1326 1470 misericordia,
1352 1405 1500 1459 evasi
1527 1405 1697 1458 illam.
1732 1402 1876 1457 Bene
1894 1403 2149 1473 eﬂ‘ugisti,
2180 1404 2388 1473 inquit;
2426 1403 2683 1473 quoniam
2718 1402 3065 1457 solitudinem
3095 1409 3148 1455 et
3176 1399 3634 1457 sollicitudinem

352 1510 505 1555 tuam
541 1501 607 1555 ad
639 1500 931 1555 Dominum
985 1496 1263 1569 projeeisti
1295 1496 1362 1563 ⁷⁸,
1398 1505 1451 1549 et
1501 1512 1597 1551 cor
1644 1506 1798 1549 tuum
1830 1495 2089 1566 aperuisti
2115 1496 2183 1550 ad
2217 1511 2368 1563 eum,
2397 1496 2625 1550 credens
2656 1496 2803 1566 quod
2832 1510 2927 1564 per
2957 1493 3165 1549 nullum
3197 1494 3367 1547 alium
3398 1494 3635 1562 poteris

353 1595 540 1649 salvus
566 1608 708 1659 csse,
734 1594 837 1647 nisi
872 1608 967 1662 per
990 1609 1249 1663 magnum
1275 1603 1328 1648 et
1358 1594 1722 1649 honoriﬁcum
1750 1610 1951 1649 nomen
1980 1594 2101 1663 ejus
2134 1594 2268 1664 (Si).
2302 1593 2523 1663 Propter
2556 1594 2663 1648 hoc
2689 1594 2841 1647 misit
2871 1590 3135 1647 Dominus
3161 1592 3417 1660 angelum
3443 1604 3629 1645 suum

352 1689 449 1756 qui
479 1697 561 1743 est
590 1703 753 1755 super
782 1687 1004 1753 bestias,
1040 1689 1128 1741 cui
1158 1702 1355 1741 nomen
1384 1699 1463 1743 est
1488 1687 1687 1758 llegrin
1722 1690 1835 1759 (8‘2)
1860 1730 1876 1756 ,
1908 1700 1962 1744 et
1989 1691 2265 1744 obturavit
2291 1704 2355 1743 os
2389 1690 2529 1759 ejus,
2555 1705 2622 1744 ne
2666 1696 2719 1744 te
2758 1689 3063 1743 dilaniaret.
3095 1684 3347 1756 Magnam
3372 1684 3629 1738 tribula-

352 1784 559 1837 tionem
596 1782 833 1852 cﬂ‘ugisti
862 1792 1085 1851 propter
1117 1783 1276 1837 tidem
1307 1791 1455 1836 tuam
1486 1823 1500 1847 ,
1531 1793 1583 1839 et
1610 1785 1702 1853 qui
1734 1785 1893 1838 talem
1926 1786 2153 1839 bestiam
2195 1800 2302 1839 non
2334 1784 2617 1838 dubitasti.
2644 1782 2794 1837 Vade
2816 1796 2967 1850 ergo,
2990 1791 3044 1837 et
3066 1795 3258 1835 enarra
3289 1779 3484 1833 electis
3514 1778 3621 1832 Dei

357 1880 635 1949 magnalia
672 1880 866 1949 ipsius.
898 1878 965 1933 Et
994 1880 1144 1935 dices
1172 1880 1301 1946 illis,
1344 1880 1490 1951 quod
1521 1882 1691 1935 bestia
1738 1882 1853 1936 base
1884 1881 1997 1950 (85)
2043 1881 2215 1951 ﬁgura
2260 1891 2344 1935 est
2390 1894 2660 1950 pressum
2711 1884 3138 1948 superventurte.
3195 1871 3253 1925 Si
3300 1886 3437 1941 ergo
3493 1869 3621 1938 (84)

352 1974 790 2044 praeparaveritis
830 1990 927 2028 vos
954 2015 967 2039 ,
1015 1976 1260 2044 poteritis
1302 1976 1539 2046 eﬂ‘ugere
1588 1977 1767 2045 illam;
1800 1979 1845 2033 si
1881 1994 1977 2033 cor
2006 1988 2246 2033 vestrum
2278 1977 2446 2031 fuerit
2490 1992 2687 2047 purum
2719 1991 2783 2031 ac
2812 1974 2931 2029 sine
2979 1971 3193 2027 macula
3214 2011 3230 2037 ,
3264 1978 3322 2025 et
3360 1969 3618 2038 reliquos

359 2068 477 2123 dies
508 2069 631 2122 vita:
679 2078 874 2123 vestra:
900 2068 1011 2139 (85)
1050 2070 1349 2127 servieritis
1376 2071 1485 2127 Deo
1516 2073 1634 2128 sine
1684 2075 1927 2143 querela.
1970 2072 2248 2129 Immittite
2291 2073 2687 2129 sollicitudines
2728 2082 2940 2128 vestras
2976 2089 3139 2143 super
3170 2071 3470 2126 Dominum
3501 2112 3516 2137 ,
3554 2080 3618 2125 et

352 2159 467 2228 ipse
489 2160 683 2231 diriget
707 2177 800 2216 eas
833 2162 946 2231 (86)
973 2162 1039 2214 "'.
1073 2163 1288 2218 Credite
1320 2162 1449 2231 Deo,
1481 2165 1575 2235 qui
1610 2166 1743 2220 estis
1770 2166 1953 2228 dubii;
1993 2168 2251 2237 quoniam
2294 2168 2478 2221 omnia
2518 2176 2713 2236 potest,
2743 2176 2797 2221 et
2838 2177 3082 2222 avertere
3114 2164 3224 2236 (87)
3260 2165 3400 2217 iram
3448 2176 3611 2215 suam

353 2271 383 2309 a
412 2256 586 2322 vobis,
622 2264 673 2311 et
696 2258 909 2311 mittere
935 2259 1086 2313 vobis
1126 2260 1378 2329 praesidia
1411 2262 1545 2333 (88).
1568 2260 1660 2318 Va:
1690 2263 1872 2318 dubiis
1914 2264 2002 2331 iis,
2027 2266 2120 2335 qui
2151 2265 2425 2319 audierint
2450 2264 2615 2321 verba
2652 2265 2788 2330 base,
2820 2272 2873 2319 et
2901 2260 3371 2331 contempserint:
3406 2256 3611 2311 melius

351 2361 463 2408 erat
486 2351 600 2407 illis
633 2368 741 2406 non
776 2354 926 2407 nasci
944 2353 1009 2404 7“.

1828 2452 2014 2507 APUT
2056 2453 2141 2507 111.

1828 2452 1916 2506 AP
2081 2453 2141 2507 ll.

419 2537 749 2609 Interrogavi
782 2556 899 2594 eam
937 2540 1004 2595 de
1039 2540 1145 2596 illis
1184 2551 1421 2611 quatuor
1448 2543 1759 2611 coloribus,
1782 2451 2194 2615 gnosUlilablt-bat
2224 2544 2397 2598 bestia
2438 2544 2490 2597 in
2532 2544 2726 2614 capite.
2760 2542 2830 2595 At
2858 2540 2947 2595 illa
2994 2534 3273 2606 respondit
3306 2529 3445 2586 mihi
3476 2571 3491 2594 ,
3523 2529 3608 2585 dio

349 2648 480 2688 cens
506 2652 517 2686 :
544 2632 744 2687 lterum
778 2643 834 2687 tu
881 2635 1137 2689 curiosus
1175 2650 1271 2701 es,
1296 2636 1362 2689 de
1390 2637 1554 2691 rebus
1604 2638 1917 2707 bujusmodi
1967 2640 2306 2709 interrogans
2346 2638 2479 2708 (89).
2528 2637 2594 2692 Et
2631 2637 2741 2692 dixi
2769 2656 2783 2691 τ
2817 2634 3044 2690 Domina
3068 2673 3084 2699 ,
3116 2632 3434 2685 demonstra
3469 2625 3609 2679 mibi

348 2726 480 2795 quid
513 2727 623 2781 sint
655 2728 789 2781 illa?
813 2727 975 2794 Audi,
1008 2729 1185 2797 inquit
1213 2748 1224 2781 :
1256 2730 1389 2784 Illud
1424 2730 1639 2801 nigrum
1673 2735 1908 2789 mundus
1939 2744 2043 2797 est,
2075 2736 2128 2788 in
2158 2750 2269 2804 quo
2304 2732 2718 2789 commoramini
2747 2750 2760 2785 :
2791 2732 3011 2801 igneum
3043 2736 3226 2781 autem
3269 2732 3324 2778 et
3371 2721 3609 2792 sangui—

355 2817 638 2871 nolentum
668 2818 805 2887 (90),
830 2820 1091 2888 quoniam
1119 2830 1334 2889 oportet
1362 2824 1620 2877 saaculum
1654 2826 1758 2879 hoc
1786 2841 1881 2895 per
1906 2827 2227 2896 sanguinem
2261 2837 2314 2882 et
2340 2829 2517 2897 ignem
2546 2825 2823 2895 deperire;
2869 2833 3035 2875 aurea
3089 2827 3271 2871 autem
3316 2830 3473 2885 pars,
3507 2827 3609 2869 res

350 2908 491 2962 estis
521 2909 615 2977 qui
653 2909 918 2979 cll‘ugistis
952 2911 1213 2965 smculum
1239 2913 1363 2971 hoc.
1406 2913 1561 2969 Sicut
1582 2915 1726 2969 enim
1762 2932 1857 2985 per
1897 2916 2075 2987 ignem
2104 2933 2296 2971 aurum
2330 2918 2614 2987 probatur,
2645 2924 2700 2969 et
2721 2913 2853 2967 utile
2883 2913 2941 2967 tit
2966 2911 3007 2942 ’⁷
3049 2928 3062 2962 :
3095 2909 3175 2963 sic
3200 2916 3254 2961 et
3278 2922 3377 2960 vos
3399 2906 3608 2975 proba-

348 2998 508 3062 mini,
533 3000 624 3067 qui
658 3000 913 3055 habitatis
944 3003 999 3055 in
1034 3004 1163 3060 illis.
1206 3007 1310 3073 Qui
1347 3010 1513 3079 igitur
1540 3014 1973 3081 permanserint,
2008 3025 2062 3068 et
2093 3015 2556 3083 perseveraverint
2587 3014 2722 3083 (91),
2761 3020 2815 3068 et
2854 3009 3068 3082 probati
3121 3006 3326 3061 fuerint
3372 3004 3446 3058 ab
3484 3003 3568 3057 eis
3591 3043 3607 3065 ,

354 3092 760 3163 purgabuntur.
812 3095 876 3151 Et
926 3100 1065 3154 sicut
1100 3116 1304 3157 aurum
1348 3106 1835 3179 emundatur(92),
1867 3119 1919 3164 et
1972 3112 2197 3166 remittit
2243 3112 2457 3167 sordem
2499 3127 2652 3167 suam
2682 3129 2696 3165 :
2730 3110 2810 3166 sic
2841 3116 2894 3164 et
2931 3120 3030 3161 vos
3078 3100 3347 3171 abjicietis
3375 3113 3613 3152 omnem

346 3183 625 3278 tristitiam
650 3193 704 3240 et
732 3190 1042 3258 angustiam
1083 3206 1137 3251 et
1161 3202 1595 3257 cmundabimini
1624 3204 1679 3258 in
1712 3214 1899 3260 structi

2075 3208 2187 3278 (95)
2218 3209 2545 3263 turris.Alba
2573 3217 2752 3263 autem
2780 3207 2892 3278 (9.1)
2916 3218 3065 3273 pars,
3103 3196 3493 3269 superventuti
3526 3204 3614 3249 est

347 3276 554 3343 seculi,
589 3279 643 3331 in
676 3294 786 3348 quo
821 3281 1147 3344 babitabunt
1170 3292 1326 3347 electi
1356 3292 1485 3360 Dei;
1524 3296 1785 3364 quoniam
1815 3276 2240 3353 immaculati'et
2268 3301 2387 3369 puri
2413 3312 2575 3356 erunt
2612 3300 2764 3355 electi
2796 3276 2888 3353 Dei
2915 3300 2969 3353 in
2998 3298 3164 3351 vitam
3194 3304 3479 3348 aeternam-
3524 3287 3609 3343 Τιι

346 3387 477 3441 ergo
509 3389 574 3426 ne
598 3376 821 3430 desinas
848 3377 999 3447 loqui
1030 3379 1143 3449 (95)
1172 3379 1288 3435 haec
1318 3382 1542 3437 auribus
1578 3394 1916 3439 sanctorum.
1958 3386 2179 3444 Habetis
2201 3399 2257 3443 ct
2278 3392 2507 3459 liguram
2533 3390 2903 3447 tribulationis
2929 3395 3337 3458 superventurae
3361 3395 3604 3449 magna.

346 3466 480 3521 Nam
516 3470 560 3524 si
596 3485 692 3525 vos
716 3473 999 3529 volueritis
1024 3476 1139 3546 (96)
1161 3515 1175 3540 ,
1202 3478 1337 3531 nihil
1364 3478 1485 3533 crit.
1514 3478 1571 3533 In
1604 3491 1784 3537 mente
1820 3484 2013 3539 habete
2048 3485 2160 3555 (97)
2191 3486 2293 3539 ista
2318 3503 2438 3555 qua:
2468 3488 2781 3555 praescripta
2814 3493 2963 3541 sunt.
3009 3483 3131 3536 Haec
3169 3495 3293 3533 cum
3329 3477 3563 3531 dixisset
3584 3517 3611 3538 ,

343 3559 614 3614 discessit.
640 3560 755 3616 Non
782 3565 886 3617 vidi
912 3577 1091 3623 autem
1118 3588 1277 3641 quem
1301 3574 1355 3626 in
1384 3574 1565 3629 locum
1589 3576 1783 3632 abierit
1805 3580 1939 3647 (98).
1968 3578 2238 3650 Strepitus
2262 3592 2443 3636 autem
2476 3581 2652 3637 factus
2677 3591 2849 3647 est,et
2877 3593 3104 3633 aversus
3126 3591 3247 3631 sum
3266 3582 3611 3637 retrorsum,

346 3664 631 3721 metuens;
666 3665 721 3711 et
748 3663 1003 3728 putabam
1040 3666 1273 3723 bestiam
1301 3670 1449 3724 illam
1478 3672 1735 3727 advenire
1757 3672 1893 3745 (99).

413 3767 788 3857 iiAgocurm,
824 3776 876 3828 2.
940 3778 983 3809 ⁷⁸
1005 3779 1221 3857 [Petr._
1250 3799 1327 3857 v,_
1345 3783 1397 3839 7.
1475 3785 1675 3857 "Psal.
1709 3802 1824 3852 uv,
1856 3788 1958 3854 25;
1982 3787 2170 3843 Matth.
2194 3805 2268 3853 vt,
2294 3789 2393 3854 ‘25;
2422 3788 2554 3842 Luc.
2583 3804 2680 3853 xu,
2704 3788 2806 3854 22;
2841 3787 3072 3857 Philipp.
3109 3803 3181 3841 tv.
3208 3785 3261 3841 6.
3339 3789 3384 3820 ⁷⁸
3399 3784 3605 3841 Matth.

345 3851 495 3902 xxvr,
521 3839 624 3907 “24;
655 3842 821 3899 Marc.
865 3863 975 3915 xw,
1010 3850 1099 3903 2t.
1178 3854 1221 3883 ⁷⁷
1246 3856 1267 3906 1
1293 3839 1440 3909 Ῥειτ.
1477 3871 1515 3921 t,
1548 3839 1592 3910 7.

1420 3991 1655 4045 VARIJE
1697 3992 2079 4049 LECTIONES
2118 3994 2206 4047 ET
2246 3992 2473 4049 ΝΟΤᾹΞ.

569 4073 759 4155 Lamb.
794 4079 1105 4155 intentum.
1143 4082 1232 4138 Sie
1261 4093 1314 4137 et
1337 4084 1537 4139 Fellus.
2091 4087 2203 4155 (85)
2247 4086 2437 4141 Lamb.
2473 4088 2595 4142 talis
2622 4089 2752 4141 lucc.

414 4141 529 4279 (75)
569 4144 722 4225 Bodl.
749 4157 801 4201 et
832 4148 1023 4204 Lamb.
1053 4155 1353 4210 transirem.
2094 4141 2207 4227 (84)
2250 4157 2460 4213 Becitat
2493 4141 2637 4212 hunc
2670 4161 2848 4213 locum
2887 4155 3143 4211 Clemens
3173 4155 3327 4211 Alex.
3357 4158 3593 4227 Στρωμ.

442 4210 528 4279 76)
574 4213 932 4279 Hieronymus
959 4221 1013 4271 in
1050 4220 1170 4275 Ose.
1214 4240 1291 4277 vn
1317 4265 1332 4279 .
1373 4225 1427 4279 9.
1465 4225 1677 4279 Henna:
1706 4226 1912 4279 videtur
2019 4228 2116 4279 lib.
2151 4243 2224 4279 ιν.
2250 4243 2370 4279 can.
2401 4230 2452 4279 9.
2488 4243 2609 4279 nae.
2638 4230 2760 4279 596.

442 4210 549 4291 76)⁸
574 4213 932 4291 Hieronymus
959 4221 1013 4271 in
1050 4220 1170 4275 Ose.
1214 4240 1291 4277 vn
1317 4265 1332 4289 ,
1373 4225 1427 4279 9.
1465 4225 1677 4279 Henna:
1706 4226 1912 4281 videtur

345 4279 593 4361 Ecclesia-
618 4279 1028 4361 adotescentula,
1056 4300 1105 4344 et
1134 4279 1331 4361 sponsa
1356 4296 1588 4349 crinibus
1622 4279 1905 4352 adornata.

571 4353 764 4428 _Lamb.
797 4361 1153 4428 progrediens.

415 4422 527 4500 (78)
568 4423 758 4500 Lamb.
794 4422 863 4480 Et
895 4422 1005 4500 vego
1040 4432 1270 4488 salutavi
1307 4450 1441 4489 eam.
1501 4434 1725 4490 Fellus:
1762 4434 1829 4488 Et
1858 4452 1902 4491 e.

342 4492 630 4546 resalutuvi
652 4512 789 4551 eam.

414 4562 526 4629 (79)
567 4563 718 4619 Bodl.
751 4577 805 4620 et
842 4567 1031 4623 Lamb.
1067 4570 1245 4625 omitt.
1278 4577 1511 4628 occurrit
1540 4575 1689 4629 mihi.

412 4632 525 4705 (89)
566 4632 754 4705 Lamb.
787 4639 975 4705 nimia.
1003 4638 1094 4693 Sic
1118 4651 1170 4693 et
1198 4641 1400 4699 Fellus.

564 4702 725 4788 Deest
751 4702 861 4774 ejus
892 4724 992 4788 ms.
1014 4710 1076 4788 _S.
1107 4710 1240 4788 Eiet:

396 4770 523 4891 (’82)
564 4771 663 4828 Ms.
683 4770 863 4830 Carm.
896 4777 1081 4847 Egrin.
1109 4778 1191 4833 Cl.
1218 4780 1497 4853 Nourryus
1521 4784 1573 4837 in
1606 4786 1805 4853 Appar.
1837 4786 1907 4838 ad

338 4838 481 4920 Bri.
515 4841 799 4920 Ρρηιοιη.
835 4845 870 4907 1.
904 4849 1010 4902 col.
1037 4849 1126 4911 65,
1155 4861 1404 4906 vexatum
1438 4855 1581 4908 hunc
1608 4856 1787 4907 locum
1820 4871 1905 4909 re-

339 4912 675 4991 stituent-dunt
722 4925 874 4983 putat
918 4932 984 4991 ea
1033 4920 1152 4973 cod.
1186 4921 1338 4976 Colb.
1368 4924 1461 4991 qui
1490 4923 1569 4976 sic
1599 4940 1656 4978 se
1700 4925 1901 4979 habet:

338 4977 488 5032 Misit
520 4977 775 5063 Dominus
808 4987 1066 5063 ‘ang’elunt
1098 5005 1249 5043 suum
1270 4977 1712 5063 _superbestiant,
1751 4977 1902 5063 cujus

336 5064 530 5130 nomen
548 5052 1229 5130 est_Hegrin:_Suspicatus
1262 5052 1374 5130 jam
1423 5061 1600 5116 fuerat
1650 5052 1904 5119 doctissi-

337 5132 462 5196 mus
492 5118 820 5196 Cotelerius,
836 5118 1087 5196 Hennam
1116 5118 1300 5184 Griec'e
1319 5133 1419 5185 hoc
1446 5132 1552 5185 fere
1576 5134 1734 5186 modo
1762 5118 1902 5187 scri-

334 5192 509 5267 psisse
546 5208 557 5242 :
589 5192 864 5267 ⁵Ἔπεεμψε
896 5195 1098 5267 Κύριος
1137 5199 1364 5267 ἄγγελον
1394 5201 1558 5253 αὑτοῦ
1580 5244 1594 5266 ,
1650 5204 1708 5265 ὅς
1754 5205 1901 5256 ἐστιν

335 5256 678 5340 ὲπὶῌθηρζρ-ν,
699 5255 953 5340 ὂλιᾳμα
986 5255 1233 5338 δΑιίριοῦξ
1263 5270 1435 5335 Quam
1478 5272 1530 5323 in
1576 5255 1897 5327 sententiam

334 5332 536 5413 escitat
584 5332 713 5413 illud
754 5332 893 5412 p_sal.
950 5332 1157 5413 tutati,
1211 5332 1303 5413 id:
1358 5340 1685 5410 Ἐλυμῂνατο
1730 5344 1897 5413 αὐτὴν

334 5398 462 5482 σιξς,
489 5398 552 5451 ἐκ
571 5398 847 5482 ῇδρυμόὐρ
882 5407 972 5457 καὶ
1023 5398 1201 5475 μονιὸς
1234 5409 1431 5482 ’ἄγριος
1485 5398 1897 5482 ὶςᾶτενεμήσαέο

332 5466 521 5550 ςὺτήν.
540 5466 859 5550 ¹ιὶεξνιιὲῑαυὶἰ
889 5490 1005 5527 eam
1023 5466 1161 5550 'aper
1182 5466 1271 5550 ide
1290 5466 1464 5547 's'ilva,
1507 5490 1558 5550 et
1606 5466 1895 5550 singularis

333 5535 475 5613 [erus
516 5539 763 5608 depastus
811 5554 886 5597 est
932 5535 1081 5597 eam;
1101 5544 1255 5611 Quod
1297 5535 1475 5603 tamen
1521 5549 1560 5601 F
1566 5551 1669 5603 cllo
1692 5535 1895 5607 Vminus

331 5606 545 5660 videtur
571 5606 1336 5688 admittendum._Hudautem
1367 5621 1670 5688 respexisse
1701 5606 1892 5676 Hiero;

331 5689 554 5751 nymum
600 5682 693 5736 lib.
742 5698 780 5749 ι,
815 5685 869 5736 in
902 5683 1155 5738 Habacuc
1194 5702 1231 5749 ι,
1282 5689 1364 5751 14,
1390 5682 1665 5746 nonnullis
1692 5692 1891 5760 visum,

332 5743 459 5799 licet
487 5749 580 5804 alii
610 5752 708 5806 viri
735 5754 877 5809 docti
901 5756 1057 5811 aliter
1077 5759 1368 5814 senserint.

955 5772 1057 5811 llel‘
1077 5772 1368 5814 SBHSCI'IHI.

2019 4228 2116 4281 lib.
2151 4243 2224 4291 1v,
2250 4243 2370 4295 cap.
2401 4230 2452 4290 9,
2488 4243 2609 4297 pag.
2638 4230 2760 4283 596.

2091 4298 2203 4365 (85)
2245 4296 2333 4351 Sic
2358 4295 2667 4352 Felluszl.
2703 4300 2813 4351 dies
2836 4307 3051 4350 vestros.
3082 4295 3209 4349 Felli
3242 4306 3370 4350 nota
3406 4298 3605 4353 minus

2019 4377 2167 4422 recte
2198 4368 2445 4437 redditur
2476 4370 2527 4421 in
2568 4370 2967 4437 posterioribus
2991 4367 3345 4420 editionibus.

2104 4438 2204 4506 (86)
2242 4436 2316 4490 Ita
2348 4455 2448 4492 ms.
2481 4436 2671 4492 Lamb.
2705 4439 2844 4492 Editi
2878 4438 3097 4506 dirigat.

2115 4445 2204 4506 8U)
2242 4445 2316 4490 tta
2348 4455 2448 4492 ms.
2481 4445 2671 4492 Lamb.
2705 4445 2844 4492 Editi
2878 4445 3097 4506 dirigat.

2092 4445 2206 4573 (87)
2249 4508 2401 4562 Bodl.
2452 4518 2505 4562 et
2560 4508 2750 4561 Lamb.
2812 4508 3063 4578 quoniam
3120 4515 3283 4575 potest
3335 4515 3596 4560 avertere.

2019 4576 2191 4642 Quam
2225 4578 2509 4631 lectionem
2544 4588 2769 4633 secutus
2791 4576 2873 4632 est
2904 4576 3105 4631 Fellus.

2090 4648 2204 4718 (88)
2244 4648 2328 4718 ᾼΙ.
2360 4648 2638 4718 suﬂragia.

2092 4717 2205 4786 (89)
2246 4715 2442 4771 Lamb.
2466 4715 2763 4786 interrogas
2783 4719 2808 4771 2

2100 4786 2199 4858 ξ90)
2241 4786 2431 4858 _Lamb.
2464 4787 2563 4840 Ille
2588 4790 2803 4857 niger...
2830 4790 3082 4858 igneus...
3127 4787 3598 4857 sanguinolentus.

2112 4798 2199 4854 9υ)
2242 4798 2431 4841 Lamb.
2464 4798 2563 4840 Ille
2588 4798 2803 4857 niger...
2830 4798 3082 4858 igneus...
3127 4798 3598 4857 sanguinolentus.

2088 4798 2200 4926 (91)
2240 4856 2369 4921 Ista,
2396 4867 2446 4911 et
2470 4871 2911 4926 perseveravermt
2935 4900 2951 4923 ,
2980 4857 3239 4911 omittunt
3264 4859 3397 4912 editi
3425 4898 3440 4921 ,
3467 4876 3599 4927 qua:

2013 4924 2195 4981 Fellus
2221 4924 2544 4982 restituitex
2571 4928 2722 4982 Bodl.
2749 4938 2802 4982 et
2826 4929 3016 4982 Lamb.

2088 4997 2198 5065 (92)
2237 4996 2311 5050 lta
2332 5014 2463 5053 mss.
2494 4997 2549 5051 S.
2579 4997 2761 5053 Germ.
2789 5000 2972 5053 Carm.
2997 5005 3050 5051 et
3073 4995 3264 5051 Lamb.
3297 4995 3374 5051 Ita
3400 5008 3454 5052 et
3476 4998 3601 5053 Fci-

2012 5067 2118 5121 lus.
2154 5065 2305 5120 Hanc
2334 5083 2481 5133 vero,
2515 5083 2624 5122 non
2661 5080 2840 5123 autem
2875 5068 3022 5121 illam
3048 5083 3211 5135 quam
3238 5069 3441 5121 habent
3470 5069 3599 5123 edi-

2013 5139 2075 5197 ti,
2108 5138 2434 5208 emendatur,
2456 5155 2638 5192 veram
2669 5155 2790 5194 esse
2821 5140 3133 5201 lectionem,
3158 5139 3208 5191 id
3234 5141 3597 5208 suadetquod

2013 5222 2136 5260 mox
2160 5207 2305 5258 addit
2335 5226 2346 5259 :
2382 5211 2459 5260 sic
2485 5220 2533 5261 et
2559 5225 2665 5262 vos.
2694 5250 2707 5263 .
2737 5250 2749 5262 .
2786 5208 3223 5262 cmundabimini.

2084 5277 2196 5343 (95)
2237 5273 2427 5331 Lamb.
2460 5290 2752 5331 structura.

2085 5346 2198 5417 (94)
2237 5344 2335 5417 Ms.
2377 5347 2432 5401 S.
2472 5347 2611 5402 Vict.
2637 5350 2829 5401 Album
2856 5358 3053 5403 autem.

2082 5414 2195 5485 (9o)
2234 5414 2387 5485 Bodl.
2424 5428 2476 5472 et
2513 5417 2702 5472 Lamb.
2733 5420 3014 5481 loquendo.

2080 5483 2191 5554 (96)
2233 5483 2422 5554 Lamb.
2454 5491 2550 5541 etsi
2583 5489 2871 5541 volueritis.

2079 5553 2190 5626 (97)
2229 5553 2329 5626 Ms.
2364 5556 2557 5611 Lamb.
2590 5562 2731 5626 apud
2776 5560 3053 5614 Clericum
3076 5594 3100 5624 ι,
3136 5560 3201 5613 1η
3234 5572 3457 5615 mentem
3487 5561 3594 5617 Im-

2005 5625 2139 5680 beto.
2175 5625 2352 5679 Editio
2380 5637 2558 5681 tamen
2584 5628 2762 5683 Oxon.
2792 5632 2873 5684 sic
2909 5650 2922 5685 :
2957 5629 3027 5686 In
3064 5641 3229 5687 mente
3260 5632 3529 5687 habetote.

2074 5695 2185 5767 (98)
2228 5694 2419 5767 Lamb.
2452 5715 2553 5767 quo
2575 5700 2688 5750 loco
2716 5701 2869 5753 abiit.

2072 5764 2184 5834 (99)
2225 5764 2378 5825 Bodl.
2410 5764 2677 5824 et'Lamb.
2703 5772 2891 5825 venire.
