3822 6218
376 331 487 388 915

1820 334 1883 391 S.
1919 334 2185 392 HERME

375 451 880 519 concupiscentiam
912 448 1023 521 (l0)
1049 459 1105 506 et
1149 448 1472 520 nequitiam,
1504 455 1560 504 et
1596 448 1762 505 indue
1784 447 1897 521 (11)
1929 451 2183 512 virtutem
2215 451 2441 521 iustitia:
2470 470 2483 506 :
2516 460 2570 507 et
2605 452 2754 510 vives
2775 452 2918 515 Deo.
2950 455 2997 510 si
3030 457 3352 513 custodieris
3401 462 3633 515 manda
3662 494 3665 497 ι

378 554 497 597 tum
526 556 652 597 DOC.

1675 638 2139 703 MANDATUM
2168 637 2253 702 ΙΙ.

848 761 937 819 De
964 758 1265 840 fugienda
1294 759 1775 831 obtrectatione,
1808 767 1865 819 et
1901 759 2287 839 eleemosyna
2312 760 2608 838 facienda
2643 761 2711 821 in
2738 762 3165 842 simplicitate.

1727 902 1960 959 CAPUT
2002 902 2288 959 UNICUM.

438 1021 585 1079 Dixit
629 1023 812 1079 mihi:
859 1023 1273 1093 Simplicitatem
1324 1021 1464 1077 habe
1493 1062 1508 1087 ,
1560 1030 1614 1074 et
1666 1019 1934 1074 innocens

364 1124 514 1181 esto;
549 1124 602 1170 et
622 1117 733 1170 eris
758 1116 901 1171 sicut
946 1115 1129 1170 infans
1169 1115 1263 1185 qui
1301 1114 1475 1169 nescit
1504 1112 1616 1183 (15)
1649 1111 1934 1176 malitiam,

364 1221 488 1275 quae
538 1206 771 1276 perdidit
820 1208 934 1275 (l4)
987 1208 1153 1261 vitam
1210 1205 1516 1260 hominum.
1568 1201 1836 1266 Primum,
1869 1200 1937 1254 de

365 1296 478 1366 (15)
509 1297 659 1352 nullo
699 1298 840 1352 male
894 1297 1179 1367 loquaris,
1225 1309 1401 1365 neque
1453 1292 1682 1348 libenter
1748 1292 1939 1345 audias

362 1388 505 1442 male
544 1389 880 1457 loquentem.
912 1386 1006 1442 Sin
1031 1402 1160 1442 vero
1182 1394 1236 1440 et.
1266 1395 1323 1439 tu
1361 1384 1603 1439 audieris
1627 1426 1640 1450 ,
1668 1383 1936 1455 particeps

359 1481 470 1534 eris
494 1482 700 1549 peccati
732 1480 877 1535 male
909 1479 1216 1545 loquentis;
1263 1485 1319 1532 et
1346 1477 1598 1541 credens,
1630 1485 1684 1529 tu
1716 1489 1940 1545 quoque

359 1581 647 1641 peccatum
678 1573 927 1638 habebis,
969 1572 1099 1641 quia
1129 1569 1408 1625 credidisti
1436 1569 1577 1624 male
1604 1566 1845 1637 loquenti
1871 1568 1940 1622 de

358 1662 529 1718 fratre
556 1674 671 1719 tuo.
704 1664 1018 1719 Perniciosa
1040 1672 1124 1717 est
1152 1662 1452 1733 detractio;
1488 1661 1807 1715 inconstans
1836 1659 1941 1715 dae-

357 1758 602 1811 monium
645 1766 763 1821 est;
792 1771 1072 1825 nunquam
1105 1756 1158 1809 in
1188 1769 1321 1825 pace
1353 1754 1636 1819 consistit,
1670 1752 1763 1808 sed
1789 1766 1936 1807 sem-

355 1862 455 1917 per
483 1849 537 1902 in
574 1848 848 1904 discordia
880 1855 1084 1902 manet.

2104 1021 2214 1092 (l2)
2266 1022 2564 1095 Ἀπλὸτητα
2592 1022 2702 1092 ἔχε,
2732 1023 2825 1076 καὶ
2859 1024 3064 1086 ἄκακος
3094 1020 3272 1091 γενοῦ,
3305 1023 3401 1075 καὶ
3435 1022 3532 1075 ἔσο
3554 1024 3651 1088 ὡς

2032 1115 2103 1169 τὰ
2122 1116 2289 1185 νήπια
2319 1114 2387 1170 τὰ
2416 1116 2489 1187 μὴ
2518 1115 2853 1184 γινώσκοντα
2882 1116 3162 1186 πονηρίαν,
3196 1116 3293 1184 τὴν
3312 1115 3649 1168 ἀπολοῦσαν

2032 1204 2129 1274 τὴν
2172 1204 2441 1275 σωτηρίαν
2489 1205 2599 1257 τῶν
2633 1204 2952 1276 ἀνθρώπων.
2991 1204 3211 1275 Πρῶτον
3252 1206 3349 1274 μὲν
3391 1206 3649 1275 μηδενὸς

2032 1296 2341 1361 καταλάλει,
2370 1297 2501 1367 μηδὲ
2534 1296 2703 1367 ἡδέως
2735 1296 2898 1349 ἄκουε
2927 1296 3022 1349 τοῦ
3069 1295 3515 1358 καταλαλοῦντος
3542 1315 3554 1321 -
3580 1296 3642 1347 εξ

2032 1385 2087 1440 δὲ
2112 1387 2187 1460 μὴ
2208 1425 2222 1451 ’
2256 1387 2350 1439 καὶ
2382 1387 2445 1439 σὺ
2469 1386 2702 1449 ἁκούων,
2740 1385 2921 1456 ἔνοχος
2955 1385 3054 1459 ἔσῃ
3084 1385 3183 1455 τῆς
3215 1386 3497 1457 ἁμαρτίας
3527 1385 3643 1437 τοῦ

2035 1476 2477 1540 καταλαλοῦντος.
2510 1477 2750 1548 Πονηρὸν
2773 1476 2881 1547 γὰρ
2908 1477 3124 1547 πνεῦμά
3152 1478 3300 1529 ἐστιν
3326 1479 3359 1547 ἡ
3387 1477 3641 1530 καταλα-

2038 1570 2150 1633 λιὰ,
2180 1570 2272 1624 καὶ
2287 1570 2662 1627 ἀκατάστατον
2689 1568 2979 1638 δαιμόνιον,
3012 1567 3276 1638 μηδέποτε
3310 1567 3636 1639 είρηνεῦῆν,

2035 1660 2171 1716 ἀλλὰ
2200 1662 2427 1721 πάντοτε
2453 1662 2511 1713 ὲν
2535 1660 2894 1730 διχοστασίαις
2923 1659 3231 1721 κατοικοῦν.

1280 1961 1421 2015 Hinc
1441 1962 1602 2016 etiam
1632 1961 1967 2023 ANTIOCIIUS,
1999 1936 2225 2008 homilial
2246 1948 2339 2017 29,
2372 1950 2476 2003 ista
2509 1949 2681 2003 habet.

422 2073 630 2131 Bonum
667 2076 844 2150 itaque
895 2088 994 2145 est,
1042 2078 1105 2134 de
1163 2079 1310 2133 nullo
1369 2080 1506 2133 male
1564 2079 1729 2149 loqui,
1764 2094 1925 2147 neque

350 2164 572 2220 libenter
593 2170 778 2222 audire
804 2170 939 2224 male
968 2170 1281 2242 loquentem.
1325 2170 1424 2225 Sin
1453 2187 1590 2238 vero,
1628 2180 1676 2224 et
1706 2171 1796 2240 qui
1826 2186 1923 2221 au-

348 2257 530 2324 dierit,
569 2275 686 2311 reus
726 2262 829 2313 erit
876 2263 1081 2330 peccati
1108 2263 1334 2316 hominis
1371 2263 1510 2315 male
1554 2263 1836 2332 loquentis,
1877 2263 1923 2313 si

347 2348 633 2401 crediderit
659 2349 1002 2405 oblacutioni.
1044 2350 1148 2415 Qui
1181 2353 1321 2406 enim
1368 2353 1562 2418 credet,
1596 2350 1803 2404 habebit
1828 2352 1924 2403 ad-

345 2456 524 2493 versus
555 2441 775 2510 fratrem
824 2459 997 2497 suum.
1029 2442 1132 2497 Hic
1178 2460 1299 2513 ergo
1338 2460 1455 2497 reus
1482 2453 1557 2497 est
1600 2444 1799 2513 peccati
1829 2444 1922 2495 ho-

345 2532 506 2585 minis
542 2532 888 2604 obloquentis.
926 2534 1105 2605 Neque
1130 2536 1267 2589 enim
1298 2544 1497 2605 oportet
1522 2536 1723 2605 aliquid
1750 2536 1922 2588 dicere

344 2634 531 2678 contra
592 2626 811 2694 fratrem
867 2627 1129 2680 absentem
1177 2627 1545 2681 calumniandi
1608 2630 1917 2691 intentione,

341 2714 481 2783 quod
504 2724 579 2769 est
609 2716 893 2782 oblocutio,
923 2717 1042 2771 licet
1064 2734 1185 2771 uera
1208 2719 1314 2771 sint
1343 2734 1460 2789 qua:
1500 2720 1780 2783 dicuntur;
1827 2720 1918 2773 sed

340 2808 517 2875 potius
569 2807 922 2861 oblocutorem
964 2813 1219 2866 aversari.
1262 2811 1586 2882 Oquantum
1623 2814 1919 2881 perniciosa

340 2908 419 2951 est
463 2898 762 2965 detractio,
810 2899 1110 2955 inconstans
1172 2903 1509 2969 daemonium,
1556 2919 1822 2972 nunquam
1860 2905 1916 2957 in

339 3006 470 3059 pace
525 2992 833 3057 consistens,
856 2994 946 3046 sed
989 3010 1190 3063 semper
1239 2997 1291 3048 in
1329 2997 1603 3050 discordia
1651 2997 1917 3057 manens!

414 3193 650 3252 Contine
702 3210 753 3253 te
803 3198 871 3253 ab
920 3199 1010 3254 illa
1042 3200 1177 3271 (16),
1209 3209 1263 3255 et
1291 3216 1507 3271 semper
1537 3216 1725 3272 pacem
1774 3202 1914 3257 habe

337 3300 462 3342 cum
492 3286 658 3344 fratre
698 3298 812 3344 tuo.
840 3289 1007 3346 Indue
1035 3293 1397 3347 constantiam
1429 3303 1696 3360 sanctam,
1717 3295 1771 3349 in
1803 3310 1913 3365 qua

339 3378 487 3434 nulla
517 3391 646 3435 sunt
669 3392 913 3455 peccata.
950 3384 1043 3439 sed
1068 3384 1251 3438 omnia
1283 3385 1401 3439 laeta
1436 3395 1582 3464 sunt.

2106 2069 2283 2123 Καλὸν
2314 2062 2406 2120 οὖν
2441 2066 2606 2129 ἐστιν,
2658 2064 2752 2116 ἐπὶ
2803 2061 3030 2133 μηδενὸς
3070 2062 3431 2130 καταλαλεῖν,
3480 2065 3625 2135 μηδὲ

2032 2166 2201 2237 ήδέως
2237 2163 2452 2217 ἀκούειν
2487 2158 2928 2221 καταλαλοῦντος.
2958 2159 3021 2210 El
3050 2158 3106 2210 δὲ
3140 2159 3235 2229 μὴ,
3266 2158 3365 2210 καὶ
3389 2159 3421 2209 ὁ
3450 2157 3620 2209 ἀκού-

2026 2276 2103 2311 ων
2144 2256 2327 2325 ἐνοχος
2374 2254 2525 2305 ἔσται
2569 2252 2669 2320 τῆς
2713 2249 2987 2320 ἁμαρτίας
3023 2248 3115 2301 τοῦ
3154 2249 3617 2311 καταλαλῶντος,

2026 2349 2121 2402 ἐὰν
2167 2346 2433 2415 πιστεύσῃ
2463 2348 2529 2414 τῇ
2560 2342 2882 2412 καταλαλιᾷ.
2927 2342 2983 2393 '0
3012 2340 3121 2412 γὰρ
3149 2343 3478 2402 πιστεύσας,
3503 2339 3623 2403 ἕξει

2027 2442 2164 2512 μετὰ
2188 2439 2297 2510 [ῖσ.
2330 2436 2493 2507 κατὰ]
2519 2436 2613 2489 τοῦ
2642 2434 2869 2504 ἀδελφοῦ
2894 2432 3078 2486 αὐτοῦ.
3113 2426 3278 2493 Οὗτος
3301 2428 3397 2485 οὖν
3429 2432 3617 2499 ἔνοχός

2022 2534 2139 2586 ἐστι
2182 2531 2283 2600 τῆς
2320 2528 2593 2600 ἁμαρτίας
2639 2526 2733 2579 τοῦ
2768 2524 3211 2584 καταλαλοῦντος.
3257 2523 3337 2575 Ού
3386 2523 3475 2574 δεῖ
3504 2522 3614 2591 γὰρ

2025 2622 2162 2694 μετὰ
2179 2621 2408 2683 ἀπόντος
2425 2618 2650 2688 ἀδελφοῦ
2674 2617 2852 2685 λέγειν
2872 2634 2945 2681 τι,
2967 2614 3154 2685 σκοπῴ
3176 2614 3268 2667 τοῦ
3289 2614 3623 2667 διαϐάλλειν

2021 2714 2204 2778 αὑτὸν,
2234 2713 2370 2783 ὅπερ
2398 2712 2544 2765 ἐστὶν
2591 2713 2624 2781 ἡ
2653 2708 2974 2772 καταλαλιὰ,
3012 2708 3111 2761 κᾶν
3140 2706 3312 2776 ἀληθῆ
3346 2707 3416 2758 τὰ
3452 2706 3627 2775 λετόι

2023 2823 2162 2877 μενα
2179 2823 2192 2837 ο
2217 2804 2351 2858 ἀλλὰ
2374 2804 2569 2875 μᾶλλον
2598 2800 3140 2873 ἀποστρέφεσθαιτὸν
3163 2797 3609 2852 scutulam-33nd.

2018 2894 2090 2950 Ὦ
2114 2897 2277 2951 πόσον
2296 2896 2507 2967 πονηρά
2522 2897 2667 2947 ἐστιν
2689 2896 2721 2963 ἡ
2745 2890 3064 2953 καταλαλιὰ,
3085 2890 3465 2942 ἀκατάστατον
3484 2888 3607 2939 δαι-

2020 2991 2221 3061 μόνιον,
2231 2988 2496 3058 μηδέποτε
2527 2984 2824 3057 εἰρηνεῦον,
2848 2981 2982 3041 ἀλλᾶ
3009 2980 3237 3035 πάντοτε
3270 2982 3329 3032 ὲν
3350 2980 3613 3049 διχοσταε

2018 3082 2159 3145 σίαις
2185 3081 2470 3136 κατοικοῦν
2492 3082 2504 3132 ί

2090 3198 2292 3266 Ἀπεχε
2343 3191 2435 3247 οὖν
2482 3193 2577 3246 ἀπ’
2622 3189 2808 3256 αὑτοῦ,
2864 3188 2959 3243 καὶ
3001 3189 3225 3259 εἰρήνην
3262 3186 3405 3249 ἕξεις
3458 3185 3611 3255 μετὰ

2016 3290 2254 3344 πάντων.
2295 3287 2549 3341 Ἔνδυσαι
2590 3284 2647 3337 δὲ
2679 3282 2775 3353 τὴν
2814 3281 3111 3349 ἁπλότητα,
3155 3280 3248 3331 καὶ
3271 3278 3369 3347 τὴν
3398 3277 3611 3347 σεμνό-

2010 3398 2168 3451 τητα,
2201 3382 2258 3431 ὲν
2302 3373 2383 3441 οἷς
2429 3376 2579 3429 οὐδέν
2625 3376 2741 3427 ἐστι
2792 3372 3128 3444 πρόσκομμα
3170 3368 3423 3440 πονηρὸν,
3458 3366 3611 3421 ἀλλὰ

2015 3472 2193 3526 πάντα
2211 3469 2389 3540 ὁμαλὰ
2420 3469 2514 3521 καὶ
2546 3466 2724 3536 ἱλαρὰ.

409 3574 478 3630 Et
513 3576 738 3634 benefac
770 3578 836 3633 de
862 3578 1204 3650 laboribus(l
1217 3578 1269 3650 7)
1295 3580 1423 3635 tuis.
1444 3579 1710 3639 Omnibus
1732 3583 1984 3655 inopibus
2008 3586 2076 3641 da
2104 3584 2443 3655 simpliciter,
2475 3582 2613 3636 nihil
2638 3579 2918 3640 dubitans,
2948 3577 3036 3631 cui
3064 3576 3178 3631 des.
3197 3573 3302 3628 Sed
3329 3572 3605 3627 omnibus

334 3669 404 3725 da
425 3690 436 3723 :
454 3673 712 3727 omnibus
735 3674 877 3727 enim
896 3673 1037 3729 Deus
1055 3674 1172 3728 dari
1200 3676 1313 3729 vult
1331 3675 1397 3729 de
1419 3677 1533 3732 suis
1556 3678 1733 3735 bonis.
1750 3679 1851 3745 Qui
1883 3695 2012 3751 ergo
2040 3681 2333 3750 accipiunt,
2359 3676 2588 3731 reddent
2608 3673 2876 3727 rationem
2898 3668 3027 3730 Deo,
3048 3681 3218 3736 quare
3236 3675 3601 3732 acceperunt,

332 3770 390 3816 et
426 3763 492 3817 ad
524 3764 675 3832 quid.
709 3762 813 3829 Qui
841 3774 1019 3818 autem
1048 3768 1324 3837 accipiunt
1377 3771 1501 3825 ﬁcta
1551 3775 1893 3841 necessitate,
1918 3776 2145 3830 reddent
2178 3775 2474 3837 rationem;
2506 3770 2600 3840 qui
2635 3778 2813 3822 autem
2839 3766 2951 3829 dat,
2984 3766 3245 3818 innocens
3277 3761 3398 3815 erit.
3430 3758 3603 3813 Sicut

335 3855 483 3909 enim
516 3860 727 3927 accepit
758 3875 789 3913 a
821 3858 1076 3926 Domino,
1108 3864 1473 3920 ministerium
1525 3872 1947 3936 consummavit,
1976 3872 2112 3925 nihil
2143 3868 2443 3928 dubitando
2474 3866 2563 3922 cui
2592 3865 2763 3929 daret,
2799 3871 2852 3917 et
2884 3860 2973 3914 cui
3026 3874 3133 3911 non
3166 3857 3318 3910 daret
3342 3853 3500 3920 (l8);
3538 3864 3603 3907 et.

332 3949 464 4005 fecit
519 3952 620 4007 hoc
674 3955 1040 4011 ministerium
1092 3962 1413 4031 simpliciter
1458 3972 1512 4017 et
1556 3966 1788 4035 gloriose
1831 3967 1899 4021 ad
1933 3966 2123 4022 Deum.
2149 3966 2374 4022 Custodi
2409 3979 2537 4033 ergo
2566 3960 2884 4016 mandatum
2915 3956 3039 4019 hoc,
3072 3953 3213 4007 sicut
3239 3950 3333 4015 tibi
3367 3949 3604 4009 loculus.

332 4062 491 4115 sum;
529 4056 588 4103 ut
617 4050 931 4120 paenitentia
964 4063 1055 4110 tua
1090 4057 1321 4128 simplex
1346 4059 1675 4126 inveniatur,
1702 4073 1755 4117 et
1782 4065 1955 4133 possit
1989 4063 2175 4118 domui
2205 4073 2309 4118 tua:
2338 4064 2473 4117 bene
2494 4058 2647 4124 fieri;
2679 4064 2732 4109 et.
2754 4067 2849 4107 cor
2877 4047 3139 4102 mundum
3169 4043 3325 4096 habe.

1605 4179 1936 4246 ANTIOCHUS,
1972 4180 2191 4233 humilia
2228 4178 2315 4233 98.

399 4276 607 4333 Bonum
642 4280 808 4349 igitur
844 4291 941 4345 est.
976 4285 1040 4338 de
1084 4290 1312 4358 propriis
1342 4290 1609 4346 laboribus
1641 4310 1758 4363 qua:
1782 4310 1899 4362 sup-

327 4370 583 4438 peditavit
616 4372 780 4442 Deus,
813 4379 1053 4433 omnibus
1100 4381 1339 4450 inopibus
1372 4384 1499 4437 dare
1549 4386 1895 4452 simpliciter;

330 4462 462 4515 nihil
489 4464 802 4532 dubitando,
830 4469 917 4523 cui
945 4470 1055 4535 des,
1081 4473 1166 4525 cui
1198 4488 1297 4525 non
1322 4474 1431 4527 des.
1477 4473 1731 4529 Omnibus
1763 4477 1902 4529 enim

2076 4293 2253 4348 Καλὸν
2287 4290 2381 4349 οὖν
2410 4297 2580 4357 ἐστιν,
2624 4295 2689 4347 ὲκ
2736 4295 2842 4350 τῶν
2876 4296 3018 4351 ἰδίων
3051 4294 3253 4354 κόπων,
3275 4282 3351 4342 ὧν
3384 4290 3411 4339 ὁ
3449 4288 3594 4349 Θεὸς

2002 4384 2346 4454 ἐπιχορηγεῖ,
2397 4386 2561 4437 πᾶσιν
2612 4385 3024 4455 ύστερουμένοις
3079 4382 3337 4451 παρέχειν
3371 4378 3595 4443 annos.

2004 4474 2167 4544 μηδὲν
2216 4474 2552 4537 διστάζοντα,
2586 4477 2687 4527 τίνι
2724 4474 2850 4545 δῷς,
2892 4475 2998 4527 τίνι
3040 4474 3112 4544 μὴ
3145 4471 3269 4540 δῷς.
3305 4470 3449 4522 [lict
3474 4468 3589 4539 γὰρ

328 4556 470 4608 Deus
500 4559 621 4612 dari
651 4559 761 4611 vult
798 4560 863 4614 de
890 4562 999 4614 suis
1024 4562 1174 4615 donis
1209 4583 1225 4615 :
1256 4580 1359 4617 non
1386 4576 1560 4619 autem
1590 4584 1902 4637 quemquam

2063 4564 2179 4627 θεὸς
2205 4564 2443 4617 δίδοσθαι
2476 4564 2617 4619 Θέλει
2658 4566 2722 4617 ὲκ
2749 4564 2856 4618 τῶν
2890 4565 3033 4618 ἰδίων
3074 4563 3434 4633 δωρημάτων,
3489 4561 3588 4614 καὶ

326 4647 592 4713 dubitare,
621 4651 705 4703 cui
726 4651 832 4715 det,
865 4652 942 4705 vel
981 4654 1065 4705 cui
1100 4670 1201 4707 non
1240 4656 1347 4709 det.
1383 4656 1494 4709 Hoc
1520 4661 1707 4727 quippe
1744 4660 1901 4711 mini-

325 4740 542 4793 sterium
566 4742 879 4810 simpliciter
891 4744 1111 4812 factum,
1135 4745 1422 4815 gloriosum
1443 4758 1517 4801 est
1536 4751 1675 4817 apud
1696 4749 1899 4807 Deum:

323 4840 374 4884 et
402 4832 492 4901 qui
516 4833 594 4886 ita
620 4834 935 4903 simpliciter
973 4836 1267 4903 ministrat,
1296 4840 1425 4893 vivet
1448 4839 1577 4894 Deo.

2001 4655 2075 4727 μὴ
2104 4657 2395 4726 διακρῖναι,
2422 4658 2525 4711 τίνι
2556 4660 2706 4731 δῷ,ἢ
2744 4662 2848 4713 τίνι
2879 4659 2954 4729 μὴ
3120 4658 3183 4709 Ἢ
3204 4656 3311 4725 γὰρ
3332 4654 3588 4719 διακονία

1996 4750 2134 4820 αὕτη
2182 4750 2369 4813 ἁπλῶς
2404 4752 2736 4819 τελεσθεῖσα,
2780 4754 2987 4818 ἔνδοξος
3040 4750 3272 4820 ὑπάρχει
3312 4749 3471 4819 παρὰ
3505 4750 3586 4819 τῷ

1996 4842 2134 4912 Θεῷ·
2169 4844 2262 4895 καὶ
2295 4843 2467 4907 οὕτως
2515 4844 2699 4908 ἁπλῶς
2736 4844 3019 4908 διακονῶν,
3054 4842 3134 4913 τῷ
3171 4840 3288 4912 Θεῷ
3326 4841 3581 4911 ζήσεται.

1372 4951 1606 5006 VARl/E
1644 4953 2026 5011 LECTIONES
2062 4955 2151 5010 ET
2188 4955 2419 5010 NOTAE.

324 5037 594 5109 continet,
632 5054 749 5091 cum
797 5040 941 5094 solus
995 5040 1103 5109 ipse
1156 5042 1411 5097 contineri
1442 5052 1681 5109 nequeat.
1727 5043 1897 5100 Paulo

323 5107 483 5179 aliter
509 5118 704 5161 auctor
738 5107 1148 5163 Prwdicationis
1198 5111 1345 5165 Petri
1388 5107 1528 5179 apud
1556 5113 1893 5171 Clementem

322 5178 478 5255 Alex.
500 5181 723 5255 Σζρωμ.
749 5179 1083 5255 Ιίι).γνι,οίη).
1118 5180 1171 5247 5,
1199 5198 1322 5253 pag.
1360 5178 1462 5236 ἴδε)
1495 5202 1507 5236 :
1554 5184 1857 5255 ’Λχώρητος
1880 5225 1895 5249 ,

320 5246 381 5309 ὃς
410 5247 478 5301 τὰ
505 5248 693 5318 πάντα
709 5254 894 5318 χωρεῖ.

393 5318 520 5399 (lQ)_
546 5317 623 5372 Ita
656 5316 838 5375 Fellus
870 5336 937 5376 ex
968 5320 1121 5377 Bodl.
1172 5330 1227 5377 et
1268 5322 1458 5377 Lamb.
1498 5322 1643 5377 Editi
1691 5340 1895 5377 omnem

321 5400 631 5443 nequitiam.

386 5404 808 5536 Ziilfgierecte
832 5457 1025 5536 Lamb.
1068 5470 1123 5517 et
1168 5461 1315 5521 Vict.
1349 5462 1440 5519 Sic
1466 5479 1686 5536 quoque
1710 5462 1894 5519 Fellus

318 5534 373 5582 et
396 5528 607 5581 Fabric.
640 5529 723 5583 Al.
752 5530 891 5583 inde.

546 5598 623 5676 Ex
658 5599 943 5676 Doctr._ad
970 5604 1236 5676 Antioch.
1274 5621 1425 5658 num.
1456 5607 1511 5669 ἓ,
1535 5621 1655 5676 pag.
1692 5604 1818 5660 255.

321 5668 506 5797 ὦ(ἐέ
548 5668 678 5727 Mss.
721 5671 881 5743 Angl.
926 5673 1156 5745 infantes
1215 5677 1305 5747 qui
1350 5668 1632 5743 nesciunt;
1670 5676 1811 5732 sicut
1840 5682 1895 5733 et

371 5754 527 5798 tinea.

2063 5047 2178 5182 (14)
2218 5045 2410 5099 Lamb.
2439 5046 2635 5119 perdit.
3393 5114 3404 5124 _

2064 5117 2155 5182 (l5
2220 5116 2322 5169 Ista
2342 5116 2544 5170 delibat
2562 5125 2615 5169 et
2631 5122 2921 5182 exaggerat
2935 5114 3238 5170 Antiochus
3257 5113 3404 5168 hom:

2064 5113 2178 5184 (l5)
2220 5116 2322 5186 Ista
2342 5113 2544 5170 delibat
2562 5125 2615 5169 et
2631 5122 2921 5186 exaggerat
2935 5114 3238 5170 Antiochus
3257 5113 3451 5168 homil-
3480 5114 3577 5179 29,

1992 5197 2052 5239 ut
2076 5202 2200 5238 mox
2229 5184 2391 5238 infra.

2064 5256 2175 5325 (16)
2195 5255 2325 5309 Mss.
2348 5256 2506 5325 Angl.
2528 5255 2744 5309 Abstine
2760 5265 2807 5309 te
2828 5255 2892 5308 ab
2911 5255 3006 5309 illo
3026 5254 3363 5325 (daemonia)
3380 5253 3579 5309 Grata

1992 5324 2177 5379 Doctr.
2224 5326 2293 5377 ad
2347 5324 2593 5379 Antioch.
2629 5326 2710 5381 sic
2744 5344 2757 5378 :
2793 5326 3011 5380 Abstine
3038 5324 3089 5377 te
3116 5325 3279 5393 igitur
3308 5326 3374 5377 ab
3405 5342 3489 5389 eo,
3525 5337 3579 5379 et

1990 5412 2171 5464 pacem
2232 5394 2441 5449 habebis
2482 5411 2600 5449 cum
2642 5396 2904 5449 omnibus.
2938 5394 3109 5447 Indue
3156 5403 3330 5446 autem
3361 5396 3580 5463 simpli-

1991 5468 2203 5535 citatem
2234 5466 2655 5535 ethonestatem,
2682 5467 2738 5518 in
2770 5465 2955 5535 quibus
2991 5464 3195 5518 nullum
3230 5473 3305 5516 est
3342 5464 3577 5531 offendi-

1991 5534 2167 5588 culum
2195 5534 2415 5601 malum,
2442 5538 2531 5589 sed
2561 5536 2737 5587 omnia
2774 5535 2933 5605 plana
2960 5544 3012 5589 et
3030 5535 3292 5605 jucunda.

1989 5674 2005 5729 1
2062 5607 2174 5727 (17')
2204 5605 2380 5729 9lgodl.
2458 5606 2807 5685 delatoribus.
2876 5603 3193 5660 Haec‘item
3260 5604 3577 5674 Antiochus

2008 5689 2179 5729 10ml.
2278 5714 2293 5729 .

2008 5689 2179 5733 nomn.
2204 5689 2293 5729 Ηδ.

2066 5744 2177 5817 (18)
2213 5744 2404 5803 Lamb.
2433 5748 2519 5805 cui
2548 5746 2695 5815 dare,
2729 5746 2811 5806 cui
2844 5762 2945 5801 non
2975 5747 3122 5805 dare.
