3822 6218
152 314 276 371 91⁸2

1197 312 1489 371 PASTOR.
1530 342 1595 353 —
1642 310 1769 366 LIB.
1809 310 1875 379 ll,
1915 307 2305 366 MANDATUM
2338 306 2427 361 IV.

3324 306 3443 365 ’918

1499 427 1961 488 MANDATUM
2014 427 2126 487 III.

727 556 818 619 De
846 558 1143 639 fugiendo
1174 555 1521 628 mendacio,
1556 562 1614 614 et
1644 556 1894 615 Hermae
1914 553 2287 632 paenitentia
2319 549 2392 610 ob
2426 546 2903 609 simulationem.

1537 674 1773 731 CAPUT
1810 672 2096 730 UNICUM.

261 788 704 864 (19),Ἀλήθειαν
747 794 958 863 ἀγάπα,
994 796 1088 848 καὶ
1137 797 1287 850 πᾶσα
1329 794 1558 867 ἀλήθεια
1589 796 1652 847 ἐκ
1680 794 1776 847 τοῦ

171 879 461 951 στόματός
502 900 594 935 σου
637 884 1038 955 ἐκπορευέσθω,
1066 885 1154 939 ἵνα
1180 886 1241 939 τὸ
1268 886 1485 957 πνεῦμα
1515 885 1609 938 τοῦ
1641 885 1775 939 Θεοῦ

167 974 420 1042 κατοικῇ
456 989 640 1027 σοι.-
662 975 726 1027 Oi
754 974 864 1045 γὰρ
893 973 1207 1045 ψευδόμενοι
1235 976 1485 1031 ἀθετοῦσι
1506 977 1769 1031 τὸνθεόν.

169 1088 255 1101 --
279 1060 514 1116 Ἐλαὸον
543 1063 649 1135 γὰρ
671 1064 886 1135 πνεῦμα
915 1065 1190 1135 ἀληθείας,
1224 1070 1319 1122 καὶ
1350 1067 1595 1135 ἐγένοντο
1620 1071 1772 1141 οίκη-

170 1148 473 1222 τήριατοῦ
502 1151 756 1223 ἀληθινοῦ
788 1152 1115 1225 πνεύματος.

1947 794 2148 849 Iterum
2204 794 2341 848 mihi
2386 793 2525 849 dixit
2555 812 2569 846 :
2595 790 2895 846 Veritatem
2944 782 3129 853 dilige,
3173 782 3229 831 et
3262 767 3461 827 omnis.

1874 900 2055 941 sermo
2103 901 2265 941 verus
2301 884 2414 955 (20)
2445 900 2511 940 ex
2543 899 2639 939 ore
2667 893 2761 938 tuo
2806 876 3095 951 procedat;
3128 880 3190 924 ut
3217 864 3445 936 spiritus

1870 994 2032 1049 quem
2064 978 2327 1034 Dominus
2355 977 2641 1033 constituit
2672 976 2729 1029 in
2759 986 2921 1028 carne
2949 979 3066 1033 tua,
3089 977 3257 1018 verax
3285 958 3443 1049 inve-

1872 1048 2058 1123 niatur
2112 1070 2254 1140 apud
2285 1079 2515 1125 cunctos
2547 1067 2833 1131 homines;
2858 1072 2913 1118 et
2939 1058 3203 1115 Dominus
3233 1048 3448 1119 magni-

1874 1160 2086 1227 licetur,
2128 1162 2220 1230 qui
2274 1161 2423 1217 dedit
2473 1159 2723 1229 spiritum
2756 1156 2811 1210 in
2844 1162 2898 1208 te
2927 1150 3070 1222 (2|);
3114 1145 3244 1216 quia
3300 1140 3445 1193 Deus

172 1250 360 1291 verax
387 1246 471 1293 est
531 1240 589 1294 in
624 1241 776 1297 omni
802 1242 991 1310 verbo,
1023 1251 1081 1297 et
1110 1258 1222 1298 non
1253 1252 1338 1299 est
1362 1246 1711 1301 mendacium
1742 1246 1799 1301 in
1828 1247 1968 1318 ipso.
1995 1248 2102 1316 Qui
2133 1266 2265 1321 ergo
2290 1250 2650 1314 mentiuntur,
2678 1246 2951 1315 abnegant
2989 1239 3301 1301 Dominum,
3332 1247 3446 1287 non

172 1332 481 1393 reddentes
514 1335 631 1392 Deo
654 1338 963 1408 depositum
990 1339 1135 1408 quod
1166 1349 1494 1410 acceperunt
1526 1341 1664 1411 (22).
1695 1340 2040 1413 Acceperunt
2067 1344 2216 1399 enim
2264 1344 2518 1415 spiritum
2545 1342 2665 1398 sine
2693 1337 2997 1396 mendacio.
3031 1331 3187 1388 Hunc
3216 1332 3264 1384 si
3293 1340 3450 1382 mem.

172 1423 383 1483 dacem
404 1427 661 1497 reddunt,
685 1430 1047 1503 coinquinant
1075 1436 1395 1492 mandatum
1426 1436 1666 1504 Domini,
1690 1445 1744 1492 et
1768 1436 2114 1494 fraudatores
2145 1439 2302 1495 ﬁunt.

1460 1557 1793 1623 ANTIOCBUS,
1828 1558 2047 1613 homitia
2077 1559 2166 1615 66.

254 1681 381 1754 Χρὴ
415 1677 509 1738 οῦν
536 1687 715 1743 πᾶσαν
751 1688 1005 1762 ἀλήθειαν
1029 1690 1095 1745 ἐκ
1122 1691 1217 1746 τοῦ
1250 1690 1515 1763 στόματος
1547 1691 1641 1745 τοῦ
1687 1693 1782 1747 ἀν-

178 1773 413 1845 θρώπου
452 1778 868 1850 ἐκπορεύεσθαι,
895 1784 984 1837 ἴνα
1007 1784 1069 1837 τὸ
1096 1782 1333 1855 πνεῦμα,
1358 1784 1387 1837 ὃ
1407 1786 1435 1837 ό
1452 1784 1585 1847 Θεὸς
1605 1782 1778 1854 κατῴ-

180 1883 365 1936 κησεν
390 1869 448 1921 ἐν
475 1872 541 1941 τῇ
570 1874 734 1942 σαρκί¹
765 1876 956 1948 ταύτῃ,
988 1875 1187 1947 ἀληθὲς
1214 1875 1411 1947 εὑρεθῇ
1438 1875 1587 1947 παρά
1617 1877 1781 1929 πᾶσιν

180 1958 519 2030 ἀνθρώποις,
544 1963 639 2015 καὶ
671 1964 845 2030 οὕτως
865 1966 1097 2037 δοξασθῇ
1117 1968 1146 2019 ὁ
1166 1966 1390 2038 Κύριος,
1416 1967 1445 2019 ό
1480 1968 1538 2019 ἐν
1575 1966 1654 2036 τῷ
1690 1966 1783 2019 ἀν-

183 2047 400 2122 θρώπῳ
425 2054 694 2109 κατοικῶν
712 2072 726 2085 ·
757 2056 837 2108 ὅτι
860 2059 889 2110 ό
916 2057 1121 2128 Κύριος
1144 2056 1394 2129 ἀληθινὸς
1407 2057 1464 2109 ἐν
1492 2057 1655 2109 παντὶ
1692 2057 1783 2128 ῥή-

188 2158 350 2211 ματι,
370 2144 465 2197 καὶ
492 2146 642 2203 οὐδὲν
682 2148 812 2218 παρ’
834 2148 985 2220 αύτῷ
1009 2149 1224 2219 ψεῦδος.
1255 2150 1318 2204 Οἱ
1346 2144 1440 2202 οῦν
1461 2147 1788 2218 ψευδόμενοι

184 2232 446 2287 ἀθετοῦσι
480 2235 572 2289 τὸν
603 2236 828 2309 Κύριον,
852 2240 946 2293 καὶ
976 2240 1217 2308 γίνονται
1260 2238 1633 2309 ἀποστερηταὶ
1686 2235 1782 2289 τοῦ

184 2323 426 2395 Κυρίου,
465 2326 540 2398 μὴ
590 2327 933 2393 ἀποδιδόντες
982 2328 1133 2401 αὐτῷ
1187 2330 1285 2402 τὴν
1334 2327 1661 2400 παραθήκην
1715 2327 1784 2397 ἢν

187 2416 407 2472 ἔλαϐον.
447 2420 679 2475 Ἔλασον
716 2422 826 2495 γάρ
872 2422 1091 2494 πνεῦμα
1130 2423 1429 2495 ἄψευστον·
1480 2420 1640 2475 τοῦτο
1687 2421 1783 2475 ἐὰν

188 2507 389 2578 ψευδὲς
414 2511 788 2582 ἀποδώσωσιν,
808 2513 1042 2587 ἐμίαναν
1089 2516 1189 2586 τὴν
1230 2514 1324 2568 τοῦ
1374 2513 1508 2568 Θεοῦ
1537 2514 1785 2585 παραθή-

190 2611 324 2668 κην,
358 2600 453 2654 καὶ
482 2601 730 2671 ἐγένοντο
754 2604 1147 2676 ἀποστερηταί.

1952 1697 2170 1767 Oportet
2198 1712 2340 1766 ergo,
2361 1703 2419 1748 ut
2448 1695 2617 1749 omnis
2651 1691 2846 1748 ueritas
2873 1702 2935 1741 ex
2960 1700 3047 1739 ore
3073 1680 3299 1735 hominis
3327 1692 3463 1747 proco

1878 1789 2027 1844 cedat
2052 1802 2071 1841 :
2097 1798 2155 1841 ut
2182 1788 2402 1857 spiritus
2419 1802 2572 1856 quem
2601 1784 2741 1838 Deus
2772 1777 3044 1835 constituit
3066 1775 3123 1831 in
3148 1787 3307 1827 carne
3325 1769 3467 1837 hac”

1874 1896 2035 1935 uerax
2085 1878 2385 1933 inveniatur
2426 1875 2569 1946 apud
2613 1880 2827 1927 cunctos
2873 1867 3213 1928 hominesget
3242 1861 3317 1918 sic
3342 1858 3455 1911 Do—

1875 1971 2049 2024 minus
2094 1970 2481 2040 magniﬁcetur,
2537 1966 2627 2035 qui
2678 1965 2735 2016 in
2783 1962 2987 2014 homine
3035 1954 3287 2009 habitat:
3326 1950 3455 2019 quia

1876 2062 2135 2116 Dominus
2178 2075 2339 2115 verax
2384 2068 2460 2112 est
2506 2058 2562 2110 in
2602 2054 2745 2108 omni
2791 2051 2964 2117 uerbo,
2995 2056 3043 2102 et
3074 2063 3176 2100 non
3204 2052 3282 2098 est
3310 2056 3455 2093 men-

1879 2154 2092 2208 dacium
2129 2153 2183 2206 in
2214 2152 2351 2221 ipso.
2380 2149 2485 2217 Qui
2513 2163 2633 2218 ergo
2670 2144 3019 2206 mentiuntur,
3052 2138 3309 2205 abnegant
3342 2130 3453 2184 Do-

1880 2244 2105 2308 minum,
2134 2251 2183 2296 et
2210 2242 2346 2311 ﬁunt
2377 2238 2711 2309 fraudatores
2744 2232 2983 2297 Domini,
3029 2244 3133 2283 non
3180 2225 3451 2281 reddentes

1877 2336 1927 2389 ei
1965 2334 2260 2403 depositum
2296 2330 2435 2401 quod
2462 2334 2791 2397 acceperunt.
2824 2324 3150 2391 Acceperunt
3177 2316 3316 2371 enim
3343 2314 3454 2383 spi-

1878 2426 2041 2478 ritum
2089 2425 2200 2478 sine
2249 2421 2522 2476 mendacio
2559 2434 2576 2473 :
2621 2418 2759 2471 hunc
2787 2415 2833 2469 si
2865 2412 3171 2467 mendacem
3201 2406 3451 2471 reddunt,

1876 2510 2217 2580 coinquinant
2248 2508 2556 2562 mandatum
2578 2523 2673 2581 seu,
2696 2503 2986 2574 depositum
3012 2499 3133 2568 Dei,
3150 2508 3199 2553 et
3225 2496 3451 2567 frauda-

1878 2611 2013 2657 tores
2050 2603 2205 2671 ﬁunt.

266 2711 369 2770 His
396 2716 616 2786 auditis,
647 2733 749 2789 ego
768 2720 1117 2776 vehementer
1142 2719 1257 2793 (25)
1286 2721 1429 2777 ﬂevi.
1460 2719 1563 2788 Qui
1596 2736 1722 2776 cum
1746 2720 1966 2775 ﬂentem
2015 2732 2104 2771 me
2130 2716 2357 2781 videret,
2394 2714 2534 2770 dixit
2563 2714 2697 2769 mihi
2730 2736 2743 2771 :
2777 2716 2919 2783 Quid
2948 2714 3168 2787 ploras?
3196 2710 3262 2766 Et
3290 2708 3401 2764 dixi
3438 2727 3453 2764 :

193 2810 501 2881 Quoniam,
534 2814 777 2883 domine,
819 2816 1006 2872 nescio
1029 2832 1097 2870 an
1128 2817 1331 2887 possim
1357 2817 1542 2873 salvus
1570 2831 1712 2872 esse.
1736 2815 1937 2882 Quare,
1966 2811 2178 2881 inquit?
2200 2809 2267 2864 Et
2297 2810 2411 2865 dixi
2437 2828 2451 2865 :
2473 2809 2611 2875 Quia
2644 2822 2948 2876 nunquam,
2980 2803 3219 2867 domine,
3261 2813 3459 2854 verum

193 2901 418 2960 locutus
446 2920 566 2960 sum
598 2906 829 2961 verbum
881 2908 939 2963 in
988 2908 1102 2963 vita
1142 2925 1287 2977 mea,
1320 2910 1414 2965 sed
1458 2923 1672 2979 semper
1715 2909 1771 2962 in
1808 2906 1921 2977 (24)
1944 2905 2292 2961 simulatione
2321 2902 2455 2968 vixi,
2478 2911 2532 2957 et
2562 2899 2905 2957 mendacium
2938 2912 3037 2969 pro
3059 2895 3288 2957 veritate
3309 2890 3455 2947 atiir-

194 2998 345 3052 mavi
370 2998 482 3070 (25)
512 3000 798 3070 omnibus;
834 3010 888 3058 et
932 3018 1044 3058 non
1082 3004 1218 3059 mihi
1272 3004 1565 3078 quisquam
1616 3001 1972 3067 contradixit,
1997 3000 2092 3056 sed
2120 3000 2254 3055 ﬁdes
2291 2998 2477 3054 habita
2507 3005 2592 3052 est
2616 2996 2963 3057 verbomeo.
2990 2992 3110 3059 Quo
3138 2990 3301 3045 modo
3323 3001 3456 3058 ergo

195 3099 394 3161 potero
442 3093 644 3162 vivere,
686 3110 813 3150 cum
863 3094 945 3153 sic
988 3096 1234 3165 egerim?
1265 3094 1331 3150 Et
1374 3096 1512 3159 dixit
1551 3095 1731 3149 mihi:
1771 3092 1851 3154 Tu
1879 3091 2098 3163 quidem
2146 3090 2286 3152 bene
2332 3095 2399 3151 et.
2431 3102 2560 3145 vere
2609 3086 2797 3141 sentis.
2846 3083 3143 3154 Oportebat
3188 3080 3331 3135 enim
3382 3088 3453 3144 te,

199 3180 349 3235 sicut
408 3179 504 3236 Dei
551 3199 794 3248 servum,
827 3185 884 3240 in
923 3185 1153 3239 veritate
1190 3185 1492 3251 ambulare,
1528 3193 1584 3240 et
1628 3184 1829 3239 malam
1873 3180 2266 3237 conscientiam
2296 3194 2421 3234 cum
2466 3176 2659 3247 spiritu
2688 3175 2930 3231 veritatis
2964 3189 3071 3227 non
3100 3171 3450 3240 conjungere,

196 3284 304 3326 nec
341 3272 622 3329 tristitiam
669 3276 897 3347 Spiritui
956 3278 1053 3335 Dei
1098 3290 1289 3335 sancto
1342 3289 1398 3336 et
1442 3296 1572 3337 vero
1630 3280 1813 3337 facere
1834 3279 1902 3335 τι.
1946 3277 2029 3334 Et-
2060 3278 2174 3333 dixi
2223 3277 2303 3332 illi
2339 3296 2353 3330 :
2387 3274 2701 3344 Nunquam,
2730 3272 2968 3339 domine,
2998 3272 3114 3325 haec
3139 3268 3303 3323 verba
3336 3276 3451 3320 tam

198 3367 493 3438 diligenter
521 3371 727 3430 audivi.
763 3372 831 3437 Et
856 3375 997 3435 dixit
1026 3376 1161 3431 mihi
1198 3376 1400 3439 :_Nunc
1429 3377 1609 3433 audis.
1653 3377 1798 3432 Cura
1827 3375 2085 3445 deinceps
2122 3373 2258 3443 (26),
2287 3381 2348 3427 ut
2390 3384 2444 3427 et
2485 3371 2574 3425 illa
2606 3385 2729 3439 quae
2759 3368 2910 3437 prius
2946 3363 3164 3417 locutus
3213 3376 3274 3415 es
3314 3359 3451 3413 falsa

198 3474 302 3529 pro
328 3462 561 3531 negotiis
584 3464 713 3532 tuis,
732 3465 818 3521 his
848 3467 1030 3522 verbis
1055 3476 1109 3521 et
1132 3466 1219 3519 illa
1250 3465 1411 3521 (idem
1438 3463 2109 3537 recipiant(27).Possunt
2136 3460 2279 3517 enim
2311 3468 2366 3515 et
2388 3459 2480 3512 illa
2511 3457 2672 3511 tidem
2702 3454 2964 3523 recipere,
3006 3450 3052 3506 si
3084 3462 3212 3503 vera
3234 3447 3451 3501 locutus

214 3550 342 3643 ῗεέιν
389 3548 482 3607 οὖν
526 3554 638 3627 τὴν.
674 3556 929 3628 ἀλήθειαν
996 3554 1257 3635 φυλάξεις.
1312 3556 1521 3633 δυνήσῃ
1566 3557 1774 3643 σεειέτῷ

1896 3554 2057 3625 fueris
2082 3553 2337 3621 deinceps
2371 3569 2385 3605 :
2417 3558 2472 3605 et
2502 3549 2549 3604 si
2576 3548 2861 3603 veritatem
2898 3540 3223 3603 servaveris,
3250 3537 3453 3606 poteris

200 3639 349 3715 ζωὴν
372 3647 853 3719 περιποιήσασθαι,

1844 3638 1859 3647 ’
1886 3646 2054 3703 vitam
2102 3644 2385 3715 consequi.
2423 3641 2491 3698 Et
2520 3641 2833 3713 quicunque
2872 3634 3103 3697 audierit
3147 3631 3252 3687 hoc
3298 3642 3453 3683 man-

204 3736 501 3807 datum,.et
538 3740 748 3809 tecerit,
775 3749 829 3797 et
858 3740 1147 3803 recesserit
1180 3755 1212 3798 a
1239 3739 1527 3798 mendacio
1546 3781 1563 3809 ,
1594 3739 1741 3795 vivet
1777 3738 1905 3793 Deo.

1488 3884 1948 3950 MANDATUM
1983 3888 2088 3950 lV.

1353 4006 1444 4067 De
1479 4004 1851 4071 dimittenda
1878 4008 2189 4073 adultera.

1682 4132 1911 4190 CAPUT
1950 4134 1993 4189 Ι.

276 4215 385 4289 (28)
426 4216 667 4273 Φύλασσε
701 4219 801 4291 τὴν
822 4219 1079 4288 ἁγνείαν,
1113 4219 1207 4273 καὶ
1239 4220 1313 4293 μὴ
1347 4220 1661 4293 ἀναμενᾱω
1689 4223 1783 4277 ἐπὶ

208 4310 305 4383 τὴν
329 4310 552 4383 καρδίαν
575 4329 667 4365 σου
705 4312 837 4383 περὶ,
852 4312 1109 4380 γυναικὸς
1130 4312 1430 4385 ἀλλοτρίας,
1448 4314 1481 4384 ἢ
1502 4315 1629 4386 περὶ
1648 4334 1791 4386 πορε

210 4400 351 4463 νείας
392 4400 556 4465 τινὸς,
588 4400 622 4471 ἢ
664 4400 791 4473 περὶ
837 4400 1094 4454 τοιούτων
1137 4400 1442 4471 ὀνομάτων·
1476 4401 1634 4453 τοῦτο
1671 4402 1781 4475 γὰρ

210 4492 373 4546 ποιῶν
411 4493 687 4565 ἁμαρτίαν
726 4492 966 4564 μεγάλην
1005 4492 1229 4564 ἐργάζῃ.
1260 4492 1434 4544 Βλέπε
1479 4486 1573 4547 οὖν
1596 4509 1610 4523 ⁸
1644 4494 1779 4548 ἀπέ-

210 4602 305 4655 χου
329 4584 436 4637 ἀπὸ
462 4585 562 4655 τῆς
590 4583 940 4655 ἐνθυμήσεως
968 4583 1192 4653 ταύτης.

1948 4223 2167 4291 Mando,
2200 4223 2294 4290 ait,
2324 4221 2444 4288 tibi,
2482 4228 2545 4275 ut
2590 4217 2901 4275 castitatem
2939 4213 3236 4279 custodias,
3264 4219 3319 4267 et
3343 4225 3452 4265 non

1879 4317 2138 4371 ascendat
2164 4317 2260 4371 tibi
2288 4314 2544 4386 cogitatio
2574 4310 2757 4367 cordis
2782 4309 2851 4363 de
2880 4307 3057 4364 alieno
3080 4304 3451 4368 matrimonio,

1878 4414 1973 4460 aut
1997 4407 2064 4462 de
2092 4408 2487 4473 fornicatione;
2523 4404 2639 4459 haec
2674 4402 2819 4456 enim
2859 4399 3000 4469 parit
3028 4398 3142 4468 (29)
3171 4404 3453 4467 peccatum

1876 4502 2153 4571 magnum.
2198 4499 2281 4554 Tu
2329 4508 2511 4554 autem
2559 4511 2772 4565 semper
2823 4508 3031 4549 memor
3061 4500 3178 4545 esto
3208 4488 3450 4553 Domini,

1878 4593 2136 4648 omnibus
2161 4592 2346 4659 horis;
2374 4600 2429 4646 et
2457 4603 2738 4659 nunquam
2770 4585 3043 4656 peccabis.
3079 4582 3136 4638 Si
3166 4582 3310 4637 enim
3336 4582 3453 4636 haec

212 4675 467 4745 cogitatio
497 4675 551 4730 in
584 4691 677 4730 cor
703 4685 860 4729 tuum
891 4673 1196 4728 ascenderit
1222 4682 1335 4729 tam
1368 4676 1533 4741 mala,
1562 4691 1819 4747 magnum
1848 4692 2129 4751 peccatum
2169 4682 2306 4739 facis
2336 4701 2351 4737 :
2386 4690 2441 4736 et
2474 4680 2571 4751 qui
2620 4680 2736 4733 haac
2793 4676 3032 4741 faciunt,
3077 4674 3223 4729 viam
3256 4675 3452 4730 mortis

212 4777 530 4836 sequuntur.
568 4764 705 4820 Vide
738 4779 869 4832 ergo
900 4773 992 4830 tu;
1024 4764 1236 4819 abstine
1264 4772 1315 4819 te
1340 4766 1408 4819 ab
1438 4767 1541 4821 hac
1572 4768 1924 4836 cogitatione.
1961 4769 2063 4826 Ubi
2101 4772 2247 4827 enim
2283 4771 2507 4826 castitas
2537 4778 2721 4823 manet
2748 4770 2803 4823 in
2833 4768 2996 4823 corde
3033 4766 3270 4821 hominis
3293 4766 3448 4834 justi,

213 4870 486 4927 nunquam
515 4854 628 4929 (50)
657 4855 732 4910 ibi
757 4855 1051 4910 ascendere
1073 4854 1232 4913 debet
1260 4855 1521 4925 cogitatio
1552 4858 1719 4914 mala.
1752 4859 1819 4914 Et
1849 4860 1963 4916 dixi
1992 4862 2072 4917 illi
2104 4881 2118 4917 :
2158 4861 2410 4929 Domine,
2440 4859 2690 4932 permitte
2720 4874 2807 4915 me
2843 4871 3016 4928 pauca
3030 4894 3039 4913 η,
3060 4855 3223 4911 verba
3267 4865 3446 4911 tecum

284 4968 325 5002 ⁷⁸
364 4970 569 5042 Ephes.
608 4988 681 5036 Iv,
712 4972 805 5027 '50.

1257 5068 1494 5125 VARLE
1534 5071 1916 5132 LECTIONES
1951 5078 2043 5134 ET
2080 5076 2312 5132 NOTAE.

284 5162 392 5228 (19)
424 5161 606 5215 Doctr.
634 5159 702 5213 ad
749 5160 996 5214 Antioch.
1029 5176 1184 5215 num.
1214 5161 1268 5227 3,
1300 5177 1368 5217 ex
1416 5164 1520 5218 hoc
1570 5162 1811 5220 Hermae-

216 5233 485 5297 mandato,
520 5231 616 5285 sed
647 5230 776 5300 hinc
808 5231 934 5285 inde
969 5231 1157 5300 petita.

283 5303 390 5388 (29)
594 5310 645 5356 et
672 5298 864 5355 Lamb.
892 5298 1071 5355 verax.
1098 5298 1224 5357 Haec
1243 5300 1430 5357 laudat
1450 5302 1776 5373 Antiochus,

219 5373 398 5431 homil.
425 5372 514 5426 66.

303 5444 364 5497 2i
418 5441 611 5496 Lamb.
645 5441 891 5509 spiritum
928 5442 1069 5496 vitaz.

282 5444 393 5580 (22)
415 5511 549 5566 Vide
576 5510 717 5565 infra
740 5510 834 5565 lib.
867 5528 948 5574 ιιι,
974 5512 1094 5567 simi

302 5510 391 5578 22)
415 5511 549 5566 Vide
576 5510 717 5582 in_fra
740 5510 834 5565 lib.
867 5528 948 5574 ιιι,
974 5511 1139 5567 simil.
1173 5526 1250 5577 lx,
1283 5527 1403 5582 cap.
1434 5513 1522 5570 32.

281 5582 393 5718 (25;
425 5582 577 5637 Bodl.
604 5580 747 5650 Ergo
775 5582 998 5650 auditis,
1022 5580 1361 5638 uehementer.

282 5652 369 5718 (24
423 5651 610 5707 Lamb.
644 5666 782 5705 cum.

282 5721 391 5795 (25)
426 5721 613 5779 Lamb.
633 5723 860 5794 ﬁrmavi.

1951 5168 2063 5238 (26)
2099 5166 2290 5222 Lamb.
2332 5160 2553 5220 Custodi
2599 5165 2806 5217 amodo.
2842 5163 2931 5218 Sic
2970 5172 3027 5218 et
3050 5178 3197 5225 mox,
3256 5167 3446 5214 amodo

1877 5254 1989 5309 pro,
2006 5238 2265 5309 deinceps.

1970 5308 2060 5376 27)
2092 5304 2248 5361 Bodl.
2276 5315 2329 5361 et
2350 5304 2541 5361 Lamb.
2579 5304 2901 5376 percipiant;
2927 5310 2981 5358 et
3008 5318 3131 5376 mox
3146 5315 3442 5376 percipere.

1971 5370 2061 5443 28)
2118 5378 2301 5429 Doctr.
2367 5377 2437 5429 ad
2487 5370 2733 5429 Antioch;
2805 5390 2958 5429 num.
3022 5375 3083 5439 4,
3133 5370 3442 5443 Φύλασσε...

1875 5441 2214 5520 ἀνιιιμενέτῳἶ
2246 5446 2337 5520 Sic
2370 5446 2500 5520 legit
2531 5445 2613 5520 οι.
2664 5443 3104 5520 Μοιιιίοιιοοιιιιε,
3130 5441 3441 5520 vertitque:

1871 5513 2100 5570 maneat.
2152 5516 2235 5569 Al.
2290 5513 2627 5570 ἀναδαινέτω
2657 5533 2667 5567 :
2701 5523 2758 5568 ut
2788 5515 2972 5569 Graeca
3005 5513 3239 5569 versioni
3293 5513 3467 5565 antis».

1873 5602 1994 5657 qua?
2014 5588 2341 5657 cohaereant.

1965 5656 2056 5727 29)
2081 5655 2269 5727 Lamb.
2301 5658 2427 5727 quia
2453 5656 2557 5711 hoc.
2576 5656 2726 5723 facit.

1969 5725 2058 5797 50)
2084 5724 2274 5783 Lamb.
2300 5724 2403 5783 non
2454 5742 2550 5797 pro
2583 5741 2871 5796 nunquam.
