3822 6218
312 308 416 365 919
1751 292 1809 349 s.
1850 292 2109 347 uenus:
3457 293 3576 349 990

308 420 461 493 loqui
492 418 627 487 (51).
662 415 779 481 Dic,
816 414 1013 484 inquit.
1050 411 1113 465 Et
1142 410 1253 465 dixi
1289 410 1365 463 illi
1404 430 1415 463 :
1452 407 1704 475 Domine,
1733 406 1780 462 si
1820 408 1946 477 quis
1989 406 2245 460 habuerit
2279 420 2505 459 uxorem
2538 404 2749 459 ﬁdelem
2777 406 2830 460 in
2854 405 3109 475 Domino,
3133 417 3189 466 et
3228 410 3370 465 hanc
3407 412 3576 466 inve-

306 516 451 569 nerit
483 513 536 566 in
568 509 858 572 adulterio,
887 504 1132 575 nunquid
1185 513 1373 572 peccat
1400 502 1504 564 vir,
1551 501 1597 555 si
1636 500 1893 555 convivat
1922 515 2045 554 cum
2089 499 2215 551 illa?
2246 497 2314 551 Et
2359 498 2499 552 dixit
2553 497 2688 552 mihi
2726 517 2738 552 :
2770 499 3019 564 Quandiu
3068 502 3242 557 nescit
3271 514 3570 571 peccatum

302 607 444 675 ejus,
475 606 594 659 sine
616 602 843 657 crimine
868 608 951 654 est
980 600 1064 652 vir
1087 598 1276 651 vivens
1305 612 1429 650 cum
1465 595 1575 650 illa.
1604 594 1661 648 Si
1688 603 1871 648 autem
1904 593 2091 649 scierit
2122 591 2201 646 vir
2232 608 2463 647 uxorem
2492 592 2603 663 (52)
2636 610 2793 647 suam
2843 593 3156 663 deliquisse,
3178 607 3231 651 et
3256 616 3363 652 non
3387 602 3577 671 egerit

306 692 683 764 pmnitentiam
739 689 955 753 mulier,
989 694 1042 740 et
1074 694 1354 754 permanet
1380 685 1432 738 in
1466 684 1831 738 fornicatione
1869 699 1989 749 sua,
2019 693 2073 737 et
2126 684 2369 737 convivit
2404 699 2528 737 cum
2586 684 2678 737 illa
2718 685 2835 751 vir;
2874 703 3001 741 rcus
3046 692 3149 744 erit
3186 695 3387 760 peccati
3419 694 3574 763 ejus,

299 794 355 841 et
396 784 667 854 particeps
721 781 1106 837 mmchationis
1135 781 1275 851 ejus.
1317 779 1383 835 Et
1432 781 1545 834 dixi
1593 781 1671 834 illi
1705 799 1718 833 :
1759 780 1898 846 Quid
1932 796 2082 850 ergo,
2112 781 2157 835 si
2187 781 2553 849 permanserit
2586 781 2639 834 in
2670 782 2804 837 vitio
2854 800 2954 839 suo
3000 788 3230 843 mulier?
3263 788 3328 842 Et
3372 791 3515 844 dixit
3550 811 3572 847 :

303 882 548 938 Dimittat
595 881 742 935 illam
793 878 909 942 vir;
940 886 993 931 et
1028 878 1111 931 vir
1152 894 1247 947 per
1278 892 1337 933 se
1379 879 1493 947 (55)
1551 887 1789 932 maneat.
1824 877 1980 943 Quod
2031 878 2076 932 si
2115 877 2387 932 dimiserit
2432 877 2716 931 mulierem
2781 894 2934 932 suam
2966 888 3019 933 et
3048 880 3207 934 aliam
3240 883 3481 949 duxerit,
3512 895 3580 941 et

305 974 421 1042 ipse
458 972 770 1026 moechatur
790 968 857 1021 ".
904 967 969 1021 Et
1007 966 1117 1021 dixi
1150 969 1225 1022 illi
1262 986 1274 1021 :
1308 967 1447 1033 Quid
1497 969 1543 1023 si
1591 970 1789 1022 mulier
1838 969 2067 1023 dimissa
2113 968 2493 1038 prenitentiam
2527 969 2721 1037 egerit,
2760 979 2813 1024 et
2841 970 3073 1025 voluerit
3096 973 3162 1027 ad
3191 975 3363 1028 virum
3396 992 3571 1031 suum

304 1066 540 1131 reverti;
587 1078 768 1117 nonne
799 1060 1094 1129 recipietur
1123 1076 1153 1114 a
1181 1060 1299 1113 viro
1326 1059 1467 1114 suo?
1492 1058 1559 1113 Et
1591 1060 1729 1113 dixit
1762 1060 1896 1113 mihi
1936 1078 1949 1112 :
1979 1060 2115 1124 lmo,
2146 1060 2192 1112 si
2218 1074 2325 1113 non
2361 1059 2628 1128 receperit
2664 1074 2783 1113 eam
2825 1060 2910 1113 vir
2939 1075 3093 1125 suus,
3119 1073 3323 1134 peccat,
3357 1074 3409 1118 et
3441 1081 3573 1120 ma-

305 1175 473 1231 gnum
499 1166 782 1229 peccatum
811 1156 915 1210 sibi
938 1155 1203 1222 admittit;
1238 1157 1329 1210 sed
1357 1156 1517 1209 debet
1548 1154 1794 1223 recipere
1826 1155 2186 1223 peccatricem
2220 1170 2342 1223 qua:
2365 1154 2743 1223 paenitentiam
2767 1152 2905 1221 egit;
2934 1153 3028 1208 sed
3059 1170 3169 1208 non
3195 1172 3354 1225 smpe.
3377 1156 3575 1215 Servis

303 1257 449 1311 enim
482 1253 576 1308 Dei
608 1251 928 1323 pomitentia
958 1261 1069 1303 una
1097 1254 1198 1298 est.
1224 1241 1454 1313 Propter
1474 1242 1853 1312 paenitentiam
1882 1258 2015 1312 ergo
2040 1257 2150 1296 non
2180 1242 2363 1307 debet,
2392 1244 2620 1299 dimissa
2646 1243 2877 1312 conjuge
2903 1259 3023 1309 sna,
3044 1247 3126 1297 vir
3149 1246 3309 1300 aliam
3339 1247 3567 1306 ducere.

305 1352 405 1407 Hic
456 1361 612 1407 actus
656 1350 853 1405 similis
882 1356 987 1410 est,
1011 1352 1065 1399 et
1094 1343 1150 1395 in
1178 1340 1315 1405 viro,
1339 1349 1394 1395 et
1429 1340 1482 1393 in
1517 1340 1767 1393 muliere.
1800 1338 1919 1393 Non
1950 1340 2127 1394 solum
2159 1340 2456 1395 mtechatio
2485 1350 2568 1396 est
2597 1340 2725 1407 illis,
2753 1341 2847 1411 qui
2878 1354 3097 1393 carnem
3133 1354 3286 1394 suam
3314 1342 3574 1412 coinqui—

306 1453 439 1498 nant
471 1444 615 1513 (54);
648 1442 740 1497 sed
768 1452 823 1495 et
868 1439 915 1492 is
944 1436 1037 1506 qui
1080 1434 1436 1490 simulacrum
1472 1432 1623 1500 facit,
1658 1435 1989 1489 moechatur.
2025 1435 2179 1499 Quod
2224 1436 2268 1489 si
2302 1436 2355 1488 in
2387 1436 2471 1491 his
2502 1436 2660 1491 factis
2716 1445 3047 1506 perseverat,
3085 1445 3138 1491 et
3189 1439 3573 1507 paenitentiam

305 1550 414 1588 non
446 1535 577 1603 agit,
612 1532 802 1587 recede
852 1530 920 1584 ab
957 1528 1068 1593 illa,
1100 1534 1155 1579 et
1196 1524 1309 1578 noli
1351 1525 1639 1579 convivere
1685 1542 1811 1580 cum
1864 1526 1992 1592 illa;
2028 1527 2273 1597 alioquin
2308 1536 2362 1582 et
2386 1537 2441 1582 tu
2474 1530 2748 1599 particeps
2780 1531 2891 1585 eris
2920 1532 3128 1599 peccati
3152 1532 3289 1600 ejus.
3330 1532 3570 1602 Propter

305 1623 409 1677 hoc
440 1631 765 1692 praeceptum
799 1630 882 1676 est
918 1621 1095 1687 vobis,
1129 1629 1188 1675 ut
1216 1620 1435 1675 caelibes
1485 1622 1776 1686 maneatis,
1812 1631 1927 1676 tum
1983 1623 2087 1689 vir,
2118 1632 2232 1677 tum
2282 1624 2480 1683 mulier
2513 1626 2666 1696 (35);
2725 1634 2905 1695 potest
2955 1627 3104 1681 enim
3155 1628 3212 1681 in
3245 1624 3573 1697 hujusmodi

306 1718 625 1787 paenitentia
670 1731 811 1771 esse.
847 1714 951 1771 Sed
995 1724 1048 1770 et
1079 1731 1179 1785 ego
1206 1730 1313 1768 non
1339 1715 1410 1769 do
1435 1716 1806 1783 occasionem,
1835 1726 1895 1771 ut
1923 1718 2039 1773 hmc
2064 1718 2136 1772 ita
2166 1730 2430 1789 agantur;
2466 1720 2560 1774 sed
2586 1736 2653 1775 ne
2676 1721 2931 1790 amplius,
2962 1722 3055 1791 qui
3095 1726 3418 1792 peccaverit,
3440 1741 3577 1795 pec-

306 1817 412 1864 cet.
438 1807 513 1862 De
549 1808 823 1877 prioribus
852 1817 1034 1862 autem
1067 1810 1305 1879 peccatis
1332 1810 1474 1879 ejus,
1505 1811 1648 1866 Deus
1679 1812 1774 1882 qui
1815 1823 2139 1882 potestatem
2174 1815 2337 1869 habet
2362 1816 2654 1872 sanitatem
2698 1817 3017 1889 dandi(36),
3050 1818 3200 1875 dabit
3227 1822 3536 1878 remedium
3557 1842 3581 1889 ;_

304 1900 433 1969 quia
465 1898 579 1968 ipse
608 1907 692 1953 est
724 1898 817 1967 qui
848 1898 1011 1953 habet
1040 1909 1366 1969 potestatem
1395 1900 1665 1954 omnium.

1745 2050 1967 2105 CAPU'I
2018 2050 2082 2106 ll.

375 2164 581 2219 lterum
618 2165 982 2235 interrogavi,
1008 2171 1062 2217 et
1090 2163 1203 2218 dixi
1223 2163 1524 2229 :Quoniam
1552 2164 1819 2220 Dominus
1858 2167 2196 2221 existimavit
2228 2185 2314 2223 me
2342 2169 2566 2239 dignum
2598 2187 2740 2237 esse,
2767 2181 2827 2227 ut
2856 2187 3068 2227 mecum
3096 2172 3307 2229 habites
3333 2189 3583 2243 semper,

308 2272 482 2325 pauca
540 2256 704 2311 verba
752 2258 888 2311 mihi
931 2258 1193 2323 edissere,
1228 2260 1357 2329 quia
1389 2277 1494 2315 non
1526 2261 1769 2332 intelligo
1808 2263 2130 2331 quidquam,
2163 2274 2215 2318 et
2266 2280 2362 2319 cor
2403 2281 2591 2320 meum
2643 2267 2957 2323 obturatum
2990 2270 3103 2338 (57)
3139 2279 3223 2325 est
3256 2286 3287 2323 a
3336 2269 3583 2338 pristina

306 2352 725 2406 conversatione
751 2349 896 2419 (38);
931 2359 983 2405 et
1028 2366 1248 2406 sensum
1299 2353 1434 2405 mihi
1466 2352 1636 2423 aperi,
1664 2368 1791 2423 qura
1822 2352 2171 2407 vehementer
2202 2354 2433 2409 obtusus
2464 2357 2577 2427 (59)
2613 2372 2759 2424 sum,
2792 2367 2846 2412 et
2882 2358 2934 2409 in
2966 2366 3140 2410 totum
3172 2355 3283 2425 (40)
3314 2356 3452 2408 nihil
3484 2355 3547 2409 in
3568 2381 3591 2396 ο

305 2446 509 2513 telligo.
547 2443 613 2501 Et
656 2446 996 2516 respondens
1040 2445 1177 2501 dixit
1223 2448 1357 2501 mihi
1393 2466 1406 2502 :
1440 2446 1552 2517 Ego
1592 2448 1918 2517 praapositus
1953 2463 2072 2503 sum
2106 2449 2461 2518 poenitentiae,
2491 2460 2544 2504 et
2588 2452 2843 2507 omnibus
2875 2450 3252 2520 pcenitentiam
3284 2450 3580 2519 agentibus

306 2558 529 2597 sensum
560 2544 649 2598 do.
717 2545 918 2599 Annon
957 2538 1055 2595 tibi
1098 2542 1333 2609 videtur,
1363 2543 1741 2612 pmnitcntiam
1791 2558 1983 2613 agere,
2028 2559 2284 2614 magnam
2322 2546 2642 2614 sapientiam
2673 2547 2784 2616 (41)
2811 2562 2959 2612 esse;
2988 2547 3246 2617 quoniam
3272 2546 3365 2615 qui
3397 2547 3581 2616 pceni-

310 2638 539 2691 tentiam
573 2638 706 2708 agit,
741 2650 967 2691 sensum
998 2649 1254 2703 magnum
1295 2633 1650 2703 adipiscitur?
1682 2631 1859 2687 Sentit
1900 2634 2045 2688 enim
2094 2650 2150 2689 se
2178 2650 2423 2704 pecasse,
2450 2644 2503 2689 et
2528 2634 2723 2689 fecisse
2764 2638 3014 2705 nequiter
3047 2638 3099 2690 in
3141 2645 3432 2704 conspectu
3458 2635 3577 2704 (42)

308 2734 555 2799 Domini;
584 2742 638 2787 et
673 2732 994 2786 recordatur
1041 2726 1329 2780 intellectu
1364 2727 1514 2795 quod
1547 2726 1802 2795 deliquit,
1842 2737 1899 2783 et
1938 2728 2315 2797 paenitentiam
2346 2729 2477 2799 agit,
2511 2737 2566 2783 et
2596 2730 2707 2800 (45)
2747 2729 2981 2799 amplius
3027 2744 3136 2783 non
3178 2737 3434 2797 operatur
3476 2742 3579 2780 ne-

305 2828 518 2897 quiter;
566 2825 660 2881 sed
712 2832 969 2893 operatur
1024 2824 1181 2891 bene,
1213 2832 1267 2878 et
1320 2824 1573 2879 humiliat
1602 2825 1843 2879 animam
1875 2842 2033 2880 suam
2061 2836 2114 2881 et
2141 2835 2363 2897 torquet
2422 2844 2565 2893 eam,
2597 2830 2721 2898 quia
2754 2831 3016 2899 peccavit.
3050 2828 3210 2883 Vides
3251 2842 3401 2895 ergo,
3425 2824 3586 2895 quod

304 2924 624 2995 poenitentia
671 2938 867 2977 sensus
917 2929 999 2978 est
1044 2935 1294 2987 magnus.
1321 2918 1387 2973 Et
1410 2920 1522 2974 dixi
1554 2920 1630 2973 illi
1664 2938 1676 2974 :
1707 2921 1939 2991 Pr0pter
1987 2922 2111 2987 hoc,
2154 2922 2393 2989 domine,
2431 2923 2719 2993 diligenter
2767 2923 2987 2992 inquiro
3036 2920 3242 2986 onmia,
3291 2918 3580 2990 quoniam,

304 3029 560 3088 peccator
589 3032 744 3083 sum;
779 3025 838 3071 ut
869 3018 1036 3071 sciam
1062 3032 1184 3086 qua:
1214 3032 1427 3085 operer,
1457 3025 1510 3070 et
1538 3016 1714 3070 vivam
1750 3017 1896 3087 (44);
1929 3017 2061 3087 quia
2093 3017 2257 3070 multa
2299 3026 2427 3071 sunt
2456 3026 2677 3087 peccata
2711 3032 2852 3071 mea.
2906 3016 2971 3071 Et
2995 3017 3133 3071 dixit
3170 3016 3307 3069 mihi
3338 3033 3353 3069 :
3390 3013 3578 3079 Vives,

308 3118 354 3172 si
402 3117 521 3172 haec
573 3119 828 3172 mandata
865 3136 983 3174 mea
1012 3114 1344 3169 custodieris
1395 3136 1408 3167 :
1459 3123 1515 3168 et
1571 3114 1889 3184 quicunque
1945 3115 2181 3169 audierit
2216 3124 2271 3170 et
2310 3113 2501 3169 fecerit
2548 3114 2809 3168 mandata
2869 3120 3005 3181 haec,
3033 3125 3179 3167 vivet
3227 3111 3357 3167 Deo.

1758 3262 1988 3319 CAPUT
2027 3262 2114 3319 111.

380 3372 447 3428 Et
491 3376 602 3430 dixi
650 3377 766 3431 illi:
818 3375 995 3433 Etiam
1045 3396 1231 3448 nunc,
1268 3381 1508 3449 domine,
1552 3381 1737 3439 audivi
1799 3395 1829 3434 a
1888 3383 2221 3453 quibusdam
2267 3382 2608 3447 doctoribus,
2652 3382 2800 3452 quod
2840 3381 2947 3435 alia
2985 3379 3304 3450 pmnitentia
3337 3393 3442 3431 non
3470 3386 3582 3445 est,

310 3468 419 3524 nisi
463 3469 573 3535 illa,
620 3484 745 3523 cum
792 3470 843 3523 in
880 3486 1078 3540 aquam
1118 3473 1501 3528 descendimus
1542 3482 1596 3528 et
1620 3473 1732 3546 (45)
1763 3474 2063 3544 accipimus
2109 3475 2489 3530 remissionem
2541 3484 2891 3544 peccatorum
2945 3481 3297 3536 nostrorum;
3345 3470 3583 3524 ulterius

316 3579 425 3617 non
469 3579 721 3633 peccare,
772 3566 867 3619 sed
920 3565 975 3619 in
1028 3567 1277 3619 castitate
1317 3580 1656 3635 permanere.
1716 3564 1783 3618 Et
1814 3566 1889 3619 ait
1922 3565 2102 3620 mihi:
2159 3564 2325 3620 Recte
2384 3564 2606 3619 audisti.
2663 3562 2819 3618 Nunc
2871 3570 3073 3628 autem,
3119 3560 3248 3629 quia
3295 3558 3585 3628 diligenter

313 3660 499 3714 omnia
528 3660 726 3729 quaeris
754 3660 887 3730 (46),
916 3668 968 3713 et
993 3661 1094 3714 hoc
1120 3659 1214 3713 tibi
1242 3658 1599 3725 demonstro;
1632 3674 1740 3713 non
1777 3659 1915 3714 dans
1948 3659 2299 3714 occasionem
2332 3660 2441 3715 illis
2468 3659 2563 3729 qui
2592 3658 2856 3715 credituri
2893 3666 3039 3723 sunt,
3072 3663 3167 3710 aut
3200 3655 3294 3726 qui
3323 3653 3433 3722 (471
3463 3667 3579 3706 ere.

314 3752 571 3807 diderunt
608 3751 862 3808 Domino.
920 3752 1023 3821 Qui
1070 3756 1214 3811 enim
1262 3757 1375 3826 jam
1427 3755 1780 3810 crediderunt
1833 3765 1927 3810 aut
1979 3757 2073 3826 qui
2124 3756 2384 3810 credituri
2438 3764 2587 3819 sunt,
2634 3754 2747 3823 (48)
2801 3751 3173 3823 paenitentiam
3228 3758 3581 3819 peccatorum

315 3862 423 3901 non
448 3848 669 3915 habent,
699 3851 792 3903 sed
824 3851 1229 3905 remissionem.
1261 3850 1372 3905 lllis
1396 3851 1508 3919 (49)
1534 3851 1679 3905 enim
1714 3850 1810 3920 qui
1840 3851 2021 3904 vocati
2056 3859 2187 3905 sunt
2215 3858 2340 3905 ante
2365 3850 2468 3905 hos
2494 3850 2630 3913 dies,
2668 3850 2852 3917 posuit
2881 3847 3146 3903 Dominus
3178 3844 3580 3915 paenitentiam;

316 3941 576 4007 quoniam
616 3942 974 4011 cogitationes
1007 3940 1251 3995 omnium
1288 3941 1714 4009 praecordiorum
1748 3941 1901 3993 novit
1929 3940 2093 4007 Deus,
2126 3950 2181 3995 et
2217 3941 2320 3996 scit
2365 3940 2737 3995 inﬁrmitatem
2789 3939 3094 4004 hominum,
3136 3947 3189 3992 et
3221 3935 3583 4005 multiplicem

316 4034 615 4102 nequitiam
664 4037 903 4101 diaboli,
950 4052 1054 4107 qua
1087 4036 1309 4089 molitur
1353 4035 1465 4106 (50)
1517 4035 1723 4105 aliquid
1772 4036 1983 4091 sinistri
2031 4037 2203 4092 servis
2234 4035 2352 4104 Dei,
2387 4046 2441 4092 et
2471 4036 2706 4106 maligne
2750 4034 3040 4089 insidiatur
3083 4033 3213 4086 illis.
3264 4031 3584 4085 Misericors

316 4140 446 4195 ergo
486 4125 749 4182 Dominus
794 4130 1047 4183 misertus
1086 4139 1169 4187 est
1204 4131 1443 4201 figmenti
1484 4132 1567 4187 sui
1614 4132 1751 4201 (51),
1795 4142 1849 4185 et
1890 4133 2077 4201 posuit
2122 4132 2506 4202 paenitentiam
2546 4130 2729 4196 istam,
2778 4139 2833 4183 et
2877 4136 3198 4198 potestatem
3240 4125 3585 4196 poenitentia:

321 4220 483 4290 hujus
520 4224 653 4278 mihi
685 4225 850 4281 dedit.
890 4226 955 4281 Et
990 4228 1111 4282 ideo
1144 4227 1270 4282 dico
1311 4226 1433 4294 tibi,
1476 4228 1623 4297 quod
1671 4236 1795 4298 post
1822 4230 2164 4284 vocationem
2208 4228 2357 4282 illam
2404 4242 2655 4297 magnam
2702 4234 2756 4281 et
2794 4227 3060 4285 sanciam,
3093 4219 3139 4271 Si
3174 4219 3298 4286 quis
3342 4225 3587 4269 ιοηιθιυε

320 4304 485 4364 fuerit
519 4327 549 4365 a
580 4312 818 4381 diabolo,
844 4327 897 4371 et
923 4326 1252 4393 peccaverit,
1277 4341 1441 4379 unam
1483 4326 1859 4395 paenitentiam
1896 4326 2080 4380 habet.
2119 4324 2173 4379 Si
2206 4335 2384 4380 autem
2430 4323 2662 4380 subinde
2698 4330 2902 4392 peccet,
2930 4329 2984 4375 et
3018 4315 3393 4388 pix-intendam
3430 4320 3584 4381 agat,

395 4479 439 4511 "
476 4480 664 4537 Matth.
698 4500 750 4549 v,
790 4486 883 4554 52;
918 4506 1031 4555 xix,
1066 4492 1137 4561 9;
1167 4491 1333 4550 Marc.
1364 4510 1418 4557 χ,
1446 4494 1501 4547 11
1528 4512 1542 4559 ;
1567 4496 1588 4546 1
1614 4494 1740 4550 Cor.
1772 4510 1872 4556 vn,
1900 4493 1988 4547 11.

1390 4629 1623 4683 VARUE
1662 4626 2042 4684 LECTIONES
2082 4624 2171 4682 ΕΤ
2209 4621 2443 4680 ΝΟΤᾹΕ.

396 4744 511 4816 (51)
540 4742 735 4816 Lamb.
771 4744 899 4816 mihi
930 4761 1099 4813 pauca
1129 4745 1284 4801 verba
1318 4748 1489 4801 dicere
1521 4746 1638 4801 tibi.
2077 4743 2191 4816 (42)
2224 4740 2379 4816 Bodl;
2413 4742 2911 4816 an{€_€0,n8P“Wm-

399 4808 511 4880 (3‘2)
540 4813 687 4866 Bodl.
718 4808 1009 4868 mulierem.

2075 4808 2188 4881 (45)
2224 4810 2415 4881 Lamb.
2598 4808 2731 4874 jam.

398 4865 512 4953 (55)
535 4865 635 4953 bis.
667 4881 724 4935 S.
757 4882 894 4953 Vict.
915 4865 1088 4953 super
1112 4904 1181 4941 se.
1210 4888 1343 4942 Vide
1371 4902 1495 4941 mox
1529 4886 1689 4941 infra.
2074 4865 2185 4951 (44)
2210 4880 2400 4934 Lamb.
2426 4865 2615 4953 quibus
2636 4890 2815 4943 operer
2834 4883 2890 4953 ut
2916 4873 3103 4925 vivam.
3129 4865 3338 4920 Habent
3360 4878 3587 4935 quoque

400 4944 512 5025 (3!)
540 4952 690 5025 Βράι.
712 4952 906 5025 1115...;
943 4944 1269 5025 coinquinat.
2001 4964 2056 5007 ut
2081 4944 2253 5025 'vitv'an}
2286 4944 2521 5025 ms_s.‘S._
2541 4946 2723 5025 Germ.
2755 4954 2809 4999 et
2829 4944 3011 4998 Carm.

401 5016 520 5099 (35)
551 5022 677 5099 Mss.
712 5020 1051 5099 Vict.,_Carm.
1076 5016 1130 5082 et
1158 5027 1349 5083 Lamb.
1375 5044 1530 5097 super
1556 5044 1642 5082 vos
1674 5044 1899 5094 manere,
2073 5024 2185 5099 (45)
2226 5021 2419 5099 Lamb.
2458 5016 2749 5099 9d0-_jf1m-

329 5096 436 5148 sire
474 5094 583 5145 viro
614 5094 719 5145 sive
752 5096 981 5148 mulieri.
1441 5090 1450 5097 ’

1441 5090 1450 5097 Ι
1888 5090 1898 5094 ”
2074 5090 2185 5161 (46)
2228 5090 2420 5161 Lamb.
2458 5090 2706 5161 inquiris.

401 5164 513 5229 (511)
553 5163 741 5217 Lamb.
777 5166 1024 5228 sanandi,
1055 5166 1225 5221 dabit.
2076 5154 2189 5229 (47)
2230 5160 2418 5213 Lamb-
2458 5154 2588 5229 add:
2624 5154 2796 5229 "md!"

403 5165 513 5229 (511)
553 5165 741 5217 Lamb.
777 5166 1024 5228 sanandi,
1055 5166 1225 5221 dabit.

403 5234 514 5301 (57)
541 5232 736 5305 Lamb.
766 5234 1102 5291 obduratum.

2076 5165 2165 5229 (47
2230 5165 2418 5213 Lamb.
2458 5165 2582 5211 add.
2624 5165 2796 5208 modo.

2075 5165 2189 5301 (481
2227 5231 2481 5305 Clemens
2504 5226 2681 5305 ‘Alex.
2732 5225 2769 5277 1.
2819 5222 3147 5305 θέτἈφξιξιΞ
3177 5217 3357 5305 solvo}
3394 5216 3580 5305 Errare:

401 5288 513 5375 (58)
540 5303 729 5375 Lamb.
762 5305 885 5358 add.
913 5288 1101 5361 memmi

2052 5288 2469 5372 ὧν,’μετανοίας
2499 5296 2783 5366 διαφέρει·
2834 5288 3007 5362 ἄμφωί
3030 5290 3088 5343 δὲ
3120 5289 3357 5341 δείκνυσι
3391 5288 3458 5337 τὰ
3494 5288 3561 5354 ὲφ

430 5373 517 5430 51))
551 5373 704 5427 Bodl.
746 5375 963 5430 stultus.

2003 5378 2155 5430 ἡμῖν.
3114 5428 3153 5430 _
3285 5428 3316 5430 __

405 5377 517 5445 (51))
551 5377 704 5427 Bodl.
746 5377 963 5430 stultus.

406 5448 519 5513 (i0)
550 5445 732 5500 Carm.
764 5446 1037 5502 intentius.

2074 5392 2190 5509 (Ib)
2212 5439 2386 5513 ΔΒο(11.
2424 5436 2663 5513 fotibus.
2712 5432 2831 5487 lluc
2860 5430 3083 5501 respicit
3112 5428 3340 5483 Tertull.
3373 5427 3467 5480 lib.
3507 5425 3583 5481 De

407 5508 519 5584 (11)
548 5514 738 5588 Lamb.
763 5518 1023 5583 sapientia
1057 5535 1267 5588 magna.
1307 5518 1517 5573 Recitat
1540 5518 1686 5571 hunc
1721 5515 1899 5588 lorum
2000 5508 2259 5588 pudicitng
2300 5525 2421 5588 cap.
2449 5508 2535 5588 1οο
2566 5578 2601 5588 _
2657 5578 2691 5588 __
2769 5575 2789 5588 .
2856 5574 2889 5588 ,Α
2957 5569 3038 5588 Ν-
3077 5569 3117 5588 υ

331 5567 783 5658 (ζειὶέι-ιέηέίᾼιὲχζ
811 5567 1274 5656 Σέῥῷᾖξῐίὺῖῗὶζ
1307 5567 1855 5658 ἷίῖῥΪὶἒξξῖίρξςξᾎδὸ
1890 5604 1901 5637 :
2001 5567 2186 5658 '_,(5t))
2226 5567 2520 5658 Larini)qu
2563 5578 2712 5658 Bodl-
2762 5574 2928 5658 Ῑαείες¹
2957 5567 3579 5658 δῖεέθςηιῑείλςῆξ-ῖῗΡυδ

350 5658 405 5705 ’1)
534 5656 695 5719 αὐτὸς
739 5657 831 5709 καὶ
869 5637 994 5727 “Eth
1032 5637 1318 5729 μετάνοιάν
1356 5637 1568 5714 stivam;
1596 5637 1734 5711 ἒῖνῖιί
1772 5672 1859 5727 φη‹

2002 5637 2299 5729 Clericurn,
2329 5650 2402 5729 ita
2432 5637 2999 5729 Lambzquq'molitur
3028 5640 3231 5729 aliquid
3263 5637 3502 5708 maligni.

338 5726 592 5799 μέλω-ην-
678 5717 686 5719 ⁷
923 5717 934 5727 ’
1032 5717 1043 5729 “
1786 5717 1847 5727 ”
2075 5723 2187 5795 (51)
2224 5719 2418 5778 Lamb.
2452 5726 2505 5777 ct
2534 5717 2688 5776 Bodl.
2725 5717 2972 5787 ﬁgmento
3002 5728 3113 5767 suo.
