3822 6218
67 318 181 374 991
1099 314 1416 372 -PASTOR.
1445 345 1516 355 —
1543 314 1674 370 LIB.
1716 315 1795 381 ll,
1838 315 2228 372 MANDATUM
2275 318 2339 376 ν.
3271 327 3379 386 99.2

68 451 192 490 non
221 434 466 505 proderit
500 433 708 489 homini
739 433 866 488 talia
893 431 1106 503 agenti;
1143 433 1358 488 diilicile
1393 433 1539 487 enim
1567 434 1714 488 vivet
1743 433 1874 488 Deo.
1903 433 1968 488 Et
1999 450 2100 504 ego
2127 435 2239 490 dixi
2266 452 2279 488 :
2308 435 2560 504 Domine,
2593 439 2787 503 revixi,
2821 441 2914 495 ubi
2944 451 3053 496 tam
3087 443 3377 515 diligenter

68 527 270 593 audivi
304 528 418 583 hac
451 526 733 583 mandata.
769 525 898 580 Scio
925 525 1096 588 enim,
1135 525 1181 580 si
1207 535 1396 594 postea
1433 526 1569 578 nihil
1608 524 1719 597 (52)
1747 526 1998 595 adjecero
2037 528 2275 596 peccatis
2303 530 2462 596 meis,
2492 530 2679 588 salvus
2708 548 2824 588 ero.
2859 532 2927 588 Et
2958 534 3136 589 dixit:
3171 534 3369 595 Salvus

67 621 214 685 eris,
243 619 500 690 inquam;
529 628 582 676 et
615 635 810 676 omnes
837 619 1155 690 quicunque
1180 618 1413 674 iecerint
1447 619 1563 674 hazc
1591 619 1869 688 mandata,
1900 621 2036 676 salvi
2065 631 2243 678 erunt.

1548 731 1780 788 CAPUT
1816 732 1905 790 IV.

145 850 218 904 Et
254 849 452 904 iterum
497 848 611 903 dixi
659 847 736 902 illi
770 865 784 901 :
833 847 1099 916 Domine,
1132 848 1394 919 quoniam
1438 850 1708 920 patienter
1737 866 1826 906 me
1868 852 2050 916 audis,
2079 853 2244 909 etiam
2302 855 2405 909 hoc
2451 856 2586 911 mihi
2631 856 2968 914 demonstra.
3005 858 3123 923 Dic,
3161 859 3362 932 inquit.

65 943 140 998 Et
173 944 292 999 dixi
330 962 343 998 :
375 942 433 998 Si
461 944 547 998 vir
575 943 660 1000 vel
706 945 905 1000 mulier
947 945 1183 1017 alicujus
1223 947 1520 1002 decesserit
1551 948 1698 1016 (55),
1745 959 1799 1004 et
1840 950 2088 1019 nupserit
2129 951 2326 1020 aliquis
2377 953 2631 1021 illorum;
2679 958 2928 1026 nunquid
2981 959 3213 1026 peccat?
3258 957 3366 1027 Qui

62 1040 262 1107 nubit,
298 1055 409 1095 non
437 1046 646 1110 peccat,
685 1040 897 1112 inquit;
928 1043 1021 1097 sed
1056 1043 1102 1098 si
1139 1058 1234 1114 per
1260 1059 1320 1098 se
1352 1045 1640 1110 manserit,
1678 1060 1938 1116 magnum
1969 1046 2072 1101 sibi
2104 1049 2378 1118 conquirit
2418 1049 2528 1120 (54)
2557 1050 2818 1104 honorem
2856 1053 2997 1122 apud
3039 1053 3359 1112 Dominum.

64 1137 249 1193 Serva
303 1151 434 1207 ergo
472 1137 782 1192 castitatem
823 1151 875 1193 et
913 1138 1263 1208 pudicitiam;
1305 1150 1360 1196 et
1406 1140 1558 1197 vives
1611 1139 1745 1197 Deo.
1796 1139 1923 1197 Haec
1979 1157 2101 1213 quae
2151 1153 2328 1198 tecum
2381 1144 2575 1215 loquor
2619 1153 2673 1200 et
2723 1148 2924 1202 mando
2967 1149 3358 1212 tibi,.custodi

58 1230 372 1302 deinceps,
412 1247 480 1288 ex
521 1213 633 1304 quo
671 1234 770 1289 tibi
810 1235 1044 1291 traditus
1087 1252 1209 1292 sum
1251 1237 1408 1307 (55),
1450 1247 1506 1294 et
1556 1237 1616 1294 in
1667 1239 1834 1296 domo
1872 1249 1963 1295 tua
2000 1241 2229 1309 habito;
2272 1251 2326 1297 et
2375 1242 2651 1312 prioribus
2693 1244 2928 1314 peccatis
2970 1246 3078 1301 tuis
3119 1248 3224 1301 erit
3265 1264 3354 1301 re-

57 1325 305 1391 missio,
364 1327 411 1381 si
467 1327 586 1384 haec
641 1329 902 1385 mandata
957 1347 1080 1387 mea
1132 1334 1482 1390 custodieris.
1528 1334 1634 1391 Sed
1692 1345 1748 1392 et
1798 1339 2057 1394 omnibus
2109 1339 2215 1392 erit
2252 1339 2548 1405 remissio,
2601 1341 2695 1411 qui
2750 1341 2861 1412 (56)
2917 1344 3174 1400 mandata
3232 1358 3353 1399 mea

57 1419 454 1477 custodierint.

1411 1533 1876 1600 MANDATUM
1907 1541 1953 1601 V
1968 1587 1982 1602 .

1160 1655 1250 1716 De
1283 1658 1554 1720 tristitia
1588 1656 1822 1724 cordis.
1856 1668 1914 1720 et
1933 1662 2272 1738 patientia.

1555 1780 1782 1837 CAPUT
1816 1783 1859 1836 Ι.

138 1859 392 1914 Φύλασσε
419 1864 516 1937 τὴν
550 1864 754 1932 ἄνεισιν,
799 1869 893 1922 καὶ
925 1870 1327 1942 μακροθυμίαν,
1359 1873 1455 1926 καὶ
1496 1873 1652 1942 γίνου

61 1955 318 2019 συνετὸς,
363 1958 456 2010 καὶ
508 1960 723 2014 πάντων
761 1961 873 2015 τῶν
910 1964 1160 2034 πονηρῶν
1194 1965 1368 2035 ἔργων
1409 1983 1652 2019 κατακυ-

59 2042 340 2112 ριεύσεις,
375 2047 467 2099 καὶ
503 2047 712 2122 ἐργάσῃ
761 2051 938 2103 πᾶσαν
982 2050 1343 2123 δικαιοσύνην.
1389 2052 1511 2104 Ἐὰν
1545 2051 1652 2122 γὰρ

58 2133 428 2205 μακρὸθυμος
462 2135 594 2209 ἔσῃ,
636 2137 698 2191 τὸ
727 2138 950 2211 Πνεῦμα
980 2141 1040 2192 τὸ
1083 2141 1233 2210 ἅγιον
1269 2141 1554 2194 κατοικοῦν
1591 2143 1652 2195 ἐν

56 2225 150 2276 σοὶ
207 2225 450 2298 καθαρὸν
491 2227 678 2293 ἔσται,
736 2231 809 2300 μὴ
856 2231 1212 2302 σκοτούμενον
1261 2233 1365 2286 ὑπὸ
1412 2232 1648 2304 πονηροῦ

53 2316 419 2387 πνεύματος,
477 2320 895 2392 μὴ’μιούμενον
945 2322 1049 2376 ὑπὸ
1078 2323 1178 2393 τῆς
1220 2323 1516 2393 ὀξυχολίας.
1562 2323 1649 2374 Ἑν

51 2408 174 2480 γὰρ
223 2411 293 2480 τῇ
342 2410 692 2484 μακροθυμίᾳ
742 2414 770 2466 ὁ
803 2413 1007 2486 Κύριος
1053 2418 1335 2480 κατοικεῖ,
1383 2416 1440 2470 ἐν
1483 2414 1541 2468 δὲ
1580 2417 1645 2487 τῇ

53 2499 323 2571 ὀξυχολίᾳ
353 2501 382 2553 ὁ
415 2501 675 2566 διάϐολος.

143 2958 457 3033 Ἀμφότεροι
499 2958 592 3018 οὖν
624 2962 694 3017 τὰ
720 2963 1003 3035 πνεύματα
1049 2965 1368 3039 ἀσύμφορόν
1408 2968 1555 3024 ἐστιν
1586 2969 1646 3024 ἐν

52 3051 243 3120 ταύτῷ
287 3054 576 3106 κατοικεῖν.
627 3053 750 3107 Ἐὰν
786 3055 894 3126 γὰρ
929 3054 1108 3111 λαϐὼν
1140 3057 1386 3126 ἀψινθίου
1424 3061 1639 3130 μικρὸν,

53 3142 139 3202 εἰς
187 3142 454 3213 κεράμιον
507 3143 719 3215 μέλιτος
773 3146 1028 3219 ἐπιχέῃς,
1079 3149 1199 3219 οὐχ).
1246 3148 1364 3202 ὃλον
1411 3151 1473 3203 τὸ
1525 3151 1644 3223 μέλι

53 3233 422 3300 ἁφανίζεται;
472 3238 566 3289 καὶ
613 3236 865 3292 τοσοῦτον
912 3239 1034 3309 μέλι
1079 3240 1184 3293 ὑπὸ
1221 3240 1314 3295 τοῦ
1361 3241 1643 3313 ἐλαχίστου

54 3323 317 3392 ἀψινθίου
353 3326 651 3384 ἀπόλλυται
672 3345 688 3394 ;

143 3585 272 3639 Ἐὰν
300 3585 359 3640 δὲ
385 3587 467 3650 είς
499 3588 561 3641 τὸ
593 3589 714 3660 μέλι
761 3591 824 3650 οὐ.
857 3592 1027 3666 βληθῇ
1069 3595 1131 3650 τὸ
1164 3597 1428 3668 ἀψίνθιον,
1468 3601 1639 3671 γλυκὺ

50 3678 371 3749 εὑρίσκεται
402 3678 463 3732 τὸ
505 3681 660 3750 μέλι,
693 3685 785 3738 καὶ
833 3684 1133 3758 εὔχρηστον
1183 3690 1400 3755 πάντως
1433 3693 1640 3763 γίνεται

48 3770 133 3840 τῷ
167 3771 424 3844 δεσπότῃ.
473 3773 648 3826 Βλέπε
681 3770 794 3839 οὖν,
831 3776 914 3829 ὅτι
962 3780 995 3848 ἡ
1037 3781 1387 3852 μακροθυμία
1434 3783 1642 3858 γλυκυ-¹

48 3952 270 4021 Κυρίῳ,
311 3952 405 4004 καὶ⁴
448 3935 686 4024 ἐν’-αὐτῇ
735 3959 1014 4010 κατοικεῖ·
1066 3960 1100 4029 ἡ
1229 3935 1497 4034 ’ὀξυχολία
1538 3935 1638 4036 τὴν

51 4042 440 4116 μακροθυμίαν
475 4046 699 4115 μιαίνει.

1830 1873 2179 1945 Ᾰζιμιοηίῐηῑε
2234 1881 2405 1955 (57),
2446 1887 2655 1957 inquit,
2697 1901 2836 1955 esto,
2886 1903 2941 1946 et
2983 1893 3232 1962 patiens;
3279 1902 3333 1948 et

1756 1968 2000 2023 omnium
2048 1987 2272 2041 operum
2322 1980 2785 2047 nequissimorum
2838 1983 3239 2051 dominabcris,
3277 1999 3332 2041 et

1754 2061 2070 2126 operaberis
2110 2079 2327 2120 omnem
2366 2069 2655 2138 justitiam.
2696 2073 2851 2140 Quod
2885 2077 2928 2129 si
2957 2078 3169 2146 patiens
3207 2077 3328 2132 fue-

1756 2150 1856 2216 ris,
1907 2151 2144 2222 Spiritus
2198 2172 2420 2216 sanctus
2472 2165 2565 2232 qui
2614 2167 2826 2221 habitat
2880 2169 2932 2221 in
2982 2177 3054 2235 te,
3091 2169 3329 2224 mundus

1752 2245 1878 2310 erit,
1931 2256 1984 2301 et
2041 2264 2151 2303 non
2205 2252 2594 2309 obscurabitur
2637 2259 2704 2313 ab
2747 2260 2932 2330 aliquo
2987 2263 3327 2331 nequissimo

1752 2339 1982 2405 spiritu;
2025 2343 2117 2396 sed
2150 2346 2392 2412 gaudens
2428 2349 2746 2404 dilatabitur
2786 2352 2900 2421 (58)
2933 2363 2985 2407 et
3015 2355 3328 2423 epulabitur

1750 2425 1804 2479 in
1839 2443 1964 2482 vase
2003 2429 2057 2483 in
2087 2447 2196 2501 quo
2229 2434 2500 2491 inhabitat
2529 2438 2663 2507 (59),
2697 2449 2749 2494 et
2778 2443 3063 2510 apparebit
3093 2442 3326 2498 Domino

1749 2511 1940 2569 hilaris
1984 2516 2036 2570 in
2079 2535 2212 2587 pace
2251 2538 2468 2593 magna.
2515 2525 2672 2591 Quod
2720 2529 2766 2584 si
2812 2530 3096 2586 iracundia
3143 2534 3325 2603 aliqua

1750 2610 2145 2674 supervenerit,
2185 2615 2444 2668 continuo
2484 2617 2718 2686 Spiritus
2769 2631 2994 2677 sanctus
3034 2625 3128 2691 qui
3175 2626 3229 2678 in
3274 2637 3326 2681 te

1746 2705 1848 2762 est,
1892 2701 2316 2769 angustiabitur,
2349 2716 2402 2759 et
2439 2717 2648 2776 quaeret
2679 2710 2978 2767 discedere.
3017 2713 3326 2770 Suﬂocatur

1745 2786 1890 2840 enim
1921 2803 1954 2844 a
1986 2790 2175 2858 spiritu
2204 2792 2316 2863 (60)
2339 2797 2698 2865 nequissimo,
2734 2809 2787 2854 et
2815 2817 2921 2855 non
2955 2803 3118 2858 habet
3143 2805 3324 2860 locum

1747 2881 2043 2947 apparendi
2078 2881 2212 2953 (61),
2256 2885 2398 2940 sicut
2426 2889 2582 2942 vult:
2611 2890 2905 2946 tribulatur
2934 2895 3078 2948 enim
3109 2897 3177 2950 ab
3209 2896 3322 2950 ira-

1744 2971 1963 3026 cundia.
2014 2971 2242 3044 Utrique
2295 2992 2423 3048 ergo
2468 2981 2692 3049 spiritus
2743 2998 2867 3038 cum
2921 2987 3126 3054 pariter
3168 2988 3324 3042 inha-

1745 3060 1940 3129 bitant,
2012 3066 2384 3134 perniciosum
2452 3081 2536 3126 est
2584 3074 2815 3130 homini.
2879 3076 2935 3131 Si
2998 3081 3122 3148 quis
3175 3082 3321 3135 enim

1749 3164 1993 3209 assumat
2022 3156 2280 3211 absinthii
2319 3161 2598 3230 pusillum,
2629 3173 2682 3218 et
2716 3167 2890 3221 mittat
2917 3168 2968 3220 in
2999 3170 3318 3238 amphoram

1746 3247 1944 3313 mellis,
1969 3263 2149 3304 nonne
2184 3260 2354 3306 totum
2389 3256 2493 3308 mel
2521 3259 3005 3316 exterminabitur?
3031 3274 3084 3316 et
3111 3273 3318 3319 tantum

1746 3339 1922 3393 mellis
1970 3355 2001 3393 a
2049 3342 2264 3397 modico
2307 3345 2582 3402 absinthio
2625 3350 2876 3419 disperit,
2906 3362 2961 3406 et
2993 3353 3169 3422 perdit
3198 3356 3320 3409 dul-

1746 3429 1992 3484 cedinem
2044 3432 2260 3500 mellis;
2299 3444 2355 3490 et
2398 3437 2513 3506 jam
2555 3455 2660 3494 non
2714 3442 2826 3511 (62)
2874 3444 3038 3500 habet
3085 3447 3316 3515 gratiam

1745 3521 1889 3587 apud
1939 3521 2222 3578 dominum
2284 3542 2475 3595 suum,
2531 3532 2790 3598 quoniam
2849 3541 3022 3588 totum
3069 3536 3315 3607 mel(_65)

1744 3625 1992 3666 amarum
2038 3611 2244 3669 factum
2291 3626 2450 3674 estet
2494 3636 2652 3674 usum
2693 3624 2946 3692 perdidit.
3017 3625 3123 3681 Sed
3168 3628 3216 3683 si
3259 3629 3315 3682 in

1742 3704 1849 3759 mel
1899 3721 2008 3760 non
2051 3708 2298 3765 mittatur
2347 3712 2726 3781 absinthium,
2781 3719 2939 3775 dulce
2983 3723 3105 3788 erit,
3157 3732 3212 3777 et
3257 3725 3312 3778 in

48 3798 133 3840 τῳ
167 3798 424 3844 υςωιυτῃ.
473 3798 648 3826 DAz-ms
681 3798 794 3839 ουν,
831 3798 914 3829 οτι
962 3798 995 3848 η
1037 3798 1387 3852 μακροθυμία
1434 3798 1627 3853 γλυκυ-

47 3862 192 3930 τάτη
241 3861 390 3914 ἐστὶν
441 3862 582 3942 ὐεξξρ
626 3864 687 3916 τὸ
737 3864 889 3935 μέλι,
933 3867 1026 3920 καὶ
1071 3867 1369 3941 εὔχρηστος
1416 3874 1530 3926 ἐστι
1561 3875 1627 3946 τᾷ

1746 3813 1847 3852 usu
1881 3798 1993 3870 (64)
2033 3801 2254 3856 domino
2288 3819 2410 3859 suo.
2469 3805 2603 3862 Vide
2633 3810 2800 3876 enim,
2834 3828 2996 3881 quam
3027 3815 3097 3868 sit
3127 3832 3312 3885 tequa~

1746 3892 1964 3946 nimitas
2005 3892 2117 3946 (65)
2155 3895 2366 3946 dulcior
2412 3901 2605 3946 melle:
2644 3911 2698 3946 et
2743 3905 2891 3946 milia
2940 3907 3042 3946 ρι-ἰι
3086 3907 3312 3946 Ιὶηιηςηη

1741 3892 1964 3947 nimitas
2005 3892 2117 3964 (65)
2155 3895 2366 3950 dulcior
2412 3901 2607 3964 melle;
2644 3911 2698 3955 et
2743 3905 2891 3960 utilis
2940 3907 3045 3961 erit
3082 3907 3313 3963 Domino

1739 3984 1832 4052 qui
1881 3985 1938 4038 in
1986 3985 2102 4055 ipsa
2147 3999 2548 4057 commoratur;
2601 4008 2726 4047 nam
2764 3995 3043 4052 iracundia
3102 4001 3312 4057 inutilis

1738 4086 1841 4130 est.
1886 4075 1944 4130 Si
1990 4093 2119 4146 ergo
2161 4080 2323 4135 mista
2371 4081 2535 4138 fuerit
2575 4085 2854 4143 iracundia
2893 4094 3306 4163 aequanimitati,

1737 4166 2134 4222 contribulatur
2185 4171 2402 4228 animus
2452 4172 2586 4244 (66),
2637 4185 2692 4232 et
2728 4195 2837 4234 non
2879 4191 2962 4236 est
3009 4186 3156 4242 utilis
3198 4186 3310 4242 Deo

1738 4257 1918 4312 oratio
1948 4259 2115 4315 illius.

1134 4411 1370 4467 VARLE
1409 4412 1791 4476 LECTIONES
1829 4422 1917 4477 ΕΤ
1955 4424 2186 4480 ΝΟΤίΕ.

124 4519 463 4595 (59.)Carm.‘
515 4526 562 4579 si
601 4525 768 4595 fecero
822 4543 904 4592 ea,
963 4534 1012 4580 et
1065 4528 1219 4583 nihil.
1281 4528 1402 4584 Mox
1448 4531 1628 4588 Fellus

45 4593 234 4662 omitt.
266 4592 502 4662 inquam.

123 4659 245 4728 (55)
284 4659 436 4719 Bodl.
477 4681 612 4718 uxor
638 4675 730 4720 aut
752 4670 832 4721 vir
853 4669 1129 4725 decesserit
1158 4667 1338 4724 alicui.

279 4731 433 4809 [30d].
462 4737 710 4809 acquirit.
745 4738 933 4793 Lamb.
959 4741 1108 4809 facit.

284 4801 474 4876 Lamb.
514 4801 644 4858 inihi
681 4809 908 4862 traditus
935 4801 1011 4876 es,
1046 4821 1116 4864 et.

123 4871 244 4938 (56)
286 4871 476 4928 Lamb.
518 4876 642 4929 add.
673 4877 801 4931 haec.
840 4877 929 4934 Sic
961 4871 1014 4934 et
1043 4879 1239 4933 Fellus.

125 4940 245 5020 (57)
286 4940 503 5020 Lamb._
539 4947 898 5020 A‘nima’quas.
924 4951 1154 5020 hGraeca
1216 4950 1502 5020 desumpta
1557 4969 1624 5010 ex

49 5012 249 5066 Doctr.
283 5012 353 5064 ad
375 5015 618 5070 Antioch.
653 5012 804 5072 num.
834 5019 885 5073 5.
920 5019 1019 5074 Ubi
1045 5035 1174 5074 vero
1197 5037 1261 5074 ex
1287 5012 1426 5074 edit.-
1451 5022 1624 5078 Mont-

48 5082 206 5159 fauc.
255 5085 493 5159 occurrit
535 5088 552 5108 "
576 5087 904 5159 μιούμενον,
955 5089 1092 5144 forte
1129 5091 1234 5159 leg.
1279 5091 1620 5159 μειούμενον,

45 5151 141 5205 vel
163 5152 536 5260 ριαινόμενον.
576 5151 745 5210 Paulo
776 5151 900 5226 post
937 5175 1067 5215 sane
1096 5179 1109 5213 :
1139 5151 1258 5242 ήνδέ
1279 5151 1619 5241 ﬂuvida";

51 5239 152 5260 ηνη
181 5238 259 5260 υςν
318 5220 406 5260 gin
442 5232 493 5260 of
528 5224 817 5260 Antinnlum
883 5232 973 5260 nn:
1011 5245 1198 5260 πυηιηω
1241 5241 1476 5260 ιινηηηΙ-ιο
1509 5234 1619 5260 In”...

49 5220 282 5299 μιαίνει.
318 5220 422 5299 S_ic_
442 5232 496 5278 et
519 5220 849 5299 Antiochus,
882 5232 974 5299 qui
1011 5220 1200 5298 paucis
1241 5220 1480 5299 exceptis
1508 5234 1624 5288 hrec

44 5294 245 5370 eadem
279 5293 714 5370 ethibet‘uiomil.
737 5297 858 5370 MO,
892 5293 1053 5370 habet
1079 5302 1371 5370 μιαίνεται.

123 5361 242 5440 (58)
280 5363 602 5440 Al._la:ti_tia
640 5361 951 5440 exsuttabit.
992 5361 1146 5423 Bodl.
1178 5387 1275 5440 pro
1303 5371 1622 5428 dilatabitur

49 5431 233 5508 habet
251 5435 487 5508 spatiosa
515 5435 737 5489 habitat.
765 5436 952 5492 Lamb.
986 5431 1214 5508 spatiose
1235 5441 1406 5495 habet.

118 5501 240 5571 (59)
280 5501 472 5558 Lamb.
505 5522 622 5557 cum
655 5523 795 5571 vase,
833 5526 950 5561 cum
979 5501 1080 5579 q'uo
1121 5511 1346 5565 habitat.
1389 5511 1621 5569 Exhibet

43 5586 274 5692 qufoque
317 5589 438 5626 cum
485 5591 604 5629 vase
647 5594 750 5632 ms.
795 5579 977 5632 Carm.
1034 5587 1087 5634 et
1135 5582 1437 5637 Antiochus
1490 5600 1620 5638 mox

44 5657 100 5692 ιη
136 5657 217 5692 ra.
411 5676 415 5678 -

44 5657 217 5694 lllll‘a.

281 5709 372 5768 Sic
408 5676 540 5774 mss.
572 5715 755 5774 Carm.
789 5725 842 5774 ct
885 5719 1076 5777 Lamb.
1125 5721 1213 5778 Sic
1247 5730 1302 5778 et
1324 5721 1455 5779 Felii
1482 5724 1613 5784 edit.

1730 4533 1814 4586 Al.
1853 4546 2084 4603 aspectu.

1802 4605 1912 4673 (61)
1954 4606 2135 4660 Fellus
2170 4607 2296 4662 add.
2325 4607 2572 4664 Domino.

1824 4675 1911 4742 6‘2)
1953 4675 2053 4731 Ms.
2080 4677 2262 4730 Carm.
2297 4680 2416 4742 mel,
2443 4692 2489 4733 et
2514 4700 2635 4736 non.

1824 4676 1911 4742 6‘2)
1953 4676 2053 4731 Ms.
2080 4677 2262 4730 Carm.
2297 4680 2416 4742 mel,
2443 4692 2489 4733 et
2514 4700 2635 4736 non.

1801 4676 1910 4812 (65)
1957 4745 2111 4800 Deest
2140 4747 2240 4800 mel
2271 4765 2404 4804 mss.
2437 4753 2619 4808 Carm.
2650 4762 2704 4808 et
2727 4752 2913 4812 Lamb.
2950 4757 3069 4812 Mox
3095 4760 3297 4824 Fellus;

1727 4829 1882 4866 usum
1915 4831 2090 4872 suum.

1800 4883 1910 4952 (fit)
1954 4884 2139 4939 Lamb.
2182 4903 2355 4944 usum.

1798 4953 1909 5036 (65)
1950 4954 2102 5036 Bodl.
2141 4966 2199 5036 et_
2235 4959 2424 5036 Lamb.
2464 4966 2871 5036 Aanimatquitas,
2926 4982 2984 5024 ut
3025 4981 3079 5025 et
3129 4973 3293 5031 infra.

1729 5021 1868 5110 Σίρι.
1915 5026 2284 5110 αιιίηιαίᾳιιίςαε
2311 5032 2639 5110 "dulcissima
2681 5021 2758 5110 est
2807 5021 2922 5106 pius
2965 5059 3119 5110 quam
3170 5044 3292 5096 mel.

1726 5091 1857 5157 Qure
1906 5110 2038 5174 sane
2102 5091 2262 5174 lectio
2305 5100 2493 5174 Grch
2537 5091 3074 5174 pressius'inhaci'ct.
3139 5113 3298 5168 llunc

1725 5171 1906 5217 autem
1949 5166 2128 5242 locum
2167 5167 2428 5224 describit
2479 5166 2554 5226 et-
2583 5176 2815 5231 illustrat
2861 5181 3109 5235 Clctncns
3135 5166 3289 5242 Alex:

1724 5248 2018 5321 suppresso
2081 5235 2292 5321 Hermae
2346 5245 2586 5321 nomine,
2636 5247 2927 5321 in_Eetog).
2982 5268 3043 5304 ea:
3106 5235 3287 5321 script;

1721 5306 1958 5393 prophet.
2004 5323 2124 5392 cap.
2153 5309 2261 5393 45η
2289 5306 2590 5393 ραςηωθρξ
2625 5317 2714 5393 ubi
2761 5319 2840 5393 sic
2865 5306 2979 5393 ε”Ἡ
3018 5306 3290 5393 μακροόυξ

1726 5373 2304 5462 μίαῆγλυκύτῃςςέπὶν
2335 5373 2472 5462 υἷι-πὲρ
2503 5373 2719 5462 τομέλι
2746 5404 2759 5416 ο
2793 5392 2891 5462 οὐχ
2925 5373 3153 5445 ὅτδὲᾶτὶῐ
3174 5373 3288 5462 ’μὰς

1719 5444 1993 5533 ξιροθυμίᾳ
2016 5447 2202 5533 “aut.
2232 5451 2368 5503 κατὰ
2398 5444 2488 5533 τρν
2523 5444 2728 5526 καρπὸν
2759 5444 3282 5533 τῆξμακροθυμίας.

1721 5505 1813 5596 1qu
1822 5505 1906 5596 uc'
1902 5505 2002 5596 [me
2018 5505 2148 5596 dcte
2155 5521 2204 5596 iri
2213 5536 2298 5573 sse
2327 5525 2457 5596 proli
2468 5505 2616 5596 tear:
2635 5505 2918 5596 praecu‘titer
2929 5511 3018 5586 CL.
3037 5505 3286 5589 Fabrr'ici’o

1719 5583 1974 5659 BithGr.
2019 5589 2128 5641 vol.
2155 5587 2220 5653 ν,
2255 5583 2377 5659 pag.
2408 5594 2526 5648 168.

1792 5655 1902 5728 (66)
1939 5657 2129 5714 Lamb.
2172 5655 2371 5716 anima.
