3822 6218
453 304 558 363 995

1892 313 1953 369 S.
1998 315 2266 372 ΗΕΒΜᾹΞ

3616 310 3726 367 92$

1703 428 2039 497 Aut-Iocnus,
2085 432 2305 485 homilia
2339 431 2458 486 HO.

531 537 685 599 Quod
719 539 766 593 si
801 541 919 609 quis
975 543 1180 610 patiens
1220 542 1404 611 fuerit,
1439 539 1676 611 Spiritus
1722 552 1935 596 sanctus
1983 543 2039 594 in
2067 547 2114 605 Α

457 643 519 682 eo
541 629 745 683 habitat
771 633 1018 697 mundus,
1041 643 1089 685 et
1117 650 1221 686 non
1249 633 1562 685 obscuratur
1590 633 1653 685 ab
1679 632 1786 686 alio
1814 650 2036 700 nequam

461 722 690 790 spiritu;
722 725 810 775 sed
840 726 892 776 in
924 725 1032 776 lato
1068 725 1181 777 loco
1223 726 1487 789 habitans,
1520 725 1736 778 laetatur
1763 743 1878 778 cum
1921 743 2040 780 vase

463 812 519 866 in
547 829 647 880 quo
687 814 974 880 inltabitat,
1007 826 1054 869 et
1089 827 1303 885 apparet
1352 817 1464 888 [seu
1492 818 1782 888 ministrat]
1817 817 2040 871 Domino

463 908 521 957 in
549 905 818 960 hilaritate
858 924 1070 975 magna.
1129 907 1282 972 Quod
1326 911 1372 964 si
1417 911 1692 963 iracundia
1735 910 1915 980 aliqua
1951 929 2042 964 su-

465 1000 787 1067 pervenerit,
840 1001 1090 1054 continuo
1155 1001 1388 1071 Spiritus
1438 1014 1652 1057 sanctus
1700 1014 2038 1072 angustatur,

469 1108 572 1143 tton
620 1091 812 1145 habens
859 1091 1032 1148 locum
1076 1097 1366 1161 mundum,
1412 1107 1460 1148 et
1505 1098 1695 1165 qua'rit
1738 1097 2040 1159 discedere;

467 1179 593 1247 quia
644 1196 744 1231 non
783 1181 936 1233 habet
969 1186 1141 1234 locum
1173 1186 1465 1252 apparendi
1501 1184 1585 1255 [ac
1615 1184 1896 1255 serviendi]
1932 1184 2042 1237 Do-

469 1270 633 1332 mino,
657 1271 794 1323 sicut
829 1273 960 1327 vult.
995 1273 1129 1326 Deus
1158 1277 1295 1328 enim
1333 1277 1386 1328 in
1417 1278 1674 1345 patientia
1703 1277 1949 1342 habitat;
1985 1278 2042 1330 in

468 1362 749 1415 iracundia
782 1380 918 1429 vero,
947 1365 1210 1420 diabolus.
1255 1366 1473 1437 Utrique
1505 1385 1626 1436 ergo
1671 1369 1886 1435 spiritus
1925 1385 2042 1421 cum

468 1456 667 1523 pariter
714 1456 1043 1522 inhabitant,
1090 1460 1443 1527 perniciosum
1486 1469 1562 1513 est
1613 1477 1674 1511 ac
1706 1460 1902 1512 malum
1945 1461 2041 1511 ho-

471 1545 624 1609 mini,
658 1547 713 1599 in
749 1564 851 1616 quo
893 1549 1046 1604 ambo
1083 1551 1346 1604 habitant.
1395 1552 1453 1605 Si
1489 1554 1627 1604 enim
1669 1570 1910 1606 assumas
1951 1552 2044 1605 ab-

469 1638 657 1691 sinthii
708 1641 986 1708 pusillum,
1043 1653 1092 1696 et
1144 1644 1324 1695 mittas
1375 1644 1429 1696 in
1479 1643 1785 1712 amphoram
1835 1643 2041 1707 mellis,

471 1746 641 1783 nonne
675 1741 839 1784 totum
878 1735 980 1786 mel
1013 1736 1500 1790 exterminabitur?
1545 1745 1592 1788 et
1632 1744 1836 1787 tantum
1875 1733 2044 1786 mellis

471 1840 504 1875 a
539 1823 740 1884 modico
778 1825 1041 1878 absinthio
1091 1827 1355 1896 disperit?
1395 1826 1576 1880 Perdit
1619 1829 1756 1880 enim
1799 1827 2039 1879 dulcedi-

2226 543 2348 595 Ἐὰν
2385 544 2491 614 γάρ
2521 561 2603 606 τις
2640 543 2990 615 μακρόθυμος
3026 546 3268 617 γένηται,
3301 543 3363 598 τὸ
3397 543 3631 614 Πνεῦμα
3665 547 3728 596 τὸ

2145 634 2298 702 ἆγιον
2326 638 2566 688 κατοικεῖ
2596 637 2653 688 ἐν
2681 636 2826 707 αὑτῴ
2861 636 3118 708 καθαρὸν,
3157 639 3228 709 μὴ
3263 635 3728 703 ἐπισκοτούμενον

2144 726 2248 778 ὑπὸ
2291 729 2478 797 ἑτέρου
2529 727 2763 799 πονηροῦ
2805 729 3141 800 πνεύματοςθ
3181 729 3291 782 ἀλλ’
3325 730 3382 780 ὲν
3420 725 3732 798 εὐρυχώρῳ

2141 818 2429 871 κατοικοῦν
2477 820 2821 891 εὐφραίνεται
2869 821 3004 890 μετὰ
3049 819 3141 872 τοῦ
3179 820 3400 881 σκεύους
3431 813 3493 871 οὗ
3534 833 3731 870 κατοι-

2143 913 2253 974 κεῖ,
2290 911 2383 964 καὶ
2420 912 2722 983 λειτουργεῖ
2767 912 2846 982 τῷ
2879 914 3070 984 Κυρίῳ
3115 914 3171 964 ὲν
3210 913 3483 983 ἱλαρότητι
3524 909 3730 980 πολλῇ.

2157 1003 2282 1054 Ἐὰν
2315 1002 2371 1055 δέ
2404 1020 2487 1066 τις
2538 1003 2784 1074 ὀξυχολία
2824 1004 3046 1076 ἐπέλθῃ,
3084 1004 3284 1066 εύθέως
3310 1005 3370 1056 τὸ
3400 1003 3636 1072 Πνεῦμα
3669 999 3733 1053 το

2145 1095 2299 1163 ἆγιον
2339 1100 2762 1167 στενοχωρεῖται
2786 1136 2800 1161 ,
2860 1096 2932 1167 μὴ
2969 1097 3088 1166 ἕχον
3122 1097 3283 1148 τόπον
3318 1095 3583 1165 καθαρὸν,
3637 1094 3734 1146 καί

2145 1186 2302 1258 ζητεῖ
2343 1188 2664 1258 ἀποστῆναι,
2699 1188 2786 1240 διὰ
2816 1188 2877 1240 τὸ
2919 1187 2993 1258 μὴ
3031 1188 3172 1258 ἔχειν
3205 1188 3365 1241 τόπον
3396 1186 3732 1256 λειτουργῆ-

2147 1296 2234 1335 σαι
2263 1279 2340 1350 τῷ
2356 1281 2544 1351 Κυρίῳ
2578 1279 2758 1343 καθὼς
2795 1279 3059 1354 βούλεται.
3093 1281 3178 1337 Ἐν
3209 1279 3315 1351 γὰρ
3340 1283 3403 1350 τῇ
3439 1278 3728 1350 μακροθυ-

2149 1373 2249 1442 μίᾳ
2292 1375 2320 1424 ὁ
2351 1372 2554 1442 Κύριος
2602 1376 2884 1425 κατοικεῖ’
2921 1375 2980 1426 ἐν
3020 1373 3075 1424 δὲ
3122 1374 3188 1442 τῇ
3238 1371 3507 1447 όξυχιολίᾳ,
3541 1373 3574 1424 ὁ
3609 1371 3730 1430 διάε-

2148 1460 2322 1524 6ολος.
2403 1463 2710 1534 Ἀμφότερα
2773 1459 2863 1516 οὖν
2905 1463 2974 1516 τὰ
3022 1463 3307 1533 πνεύματα
3353 1463 3445 1514 ἐπὶ
3495 1461 3558 1514 τὸ
3599 1459 3740 1514 αὐτὸ

2149 1553 2524 1618 κατοικοῦντα,
2573 1555 2888 1626 ἀσύμφορόν
2930 1557 3050 1609 ἐστι
3093 1555 3187 1608 καὶ
3240 1555 3475 1624 πονηρὸν
3514 1553 3598 1624 τῷ
3641 1555 3740 1606 ἀν-

2149 1643 2373 1716 θρώπῳ,
2417 1642 2478 1700 οῦ
2520 1648 2862 1701 κατοικοῦσιν
2896 1648 3200 1718 ἀμφότερα.
3251 1648 3374 1700 Ἐὰν
3402 1646 3510 1715 γὰρ
3544 1647 3740 1699 λαϐὼν

2151 1736 2395 1806 ἀψίνθιον
2429 1738 2622 1809 μικρὸν
2656 1740 2734 1801 εἰς
2770 1741 3033 1811 κεράμιον
3069 1739 3283 1810 μέλιτος
3315 1739 3571 1810 ἐπιχέῃς,
3611 1736 3742 1806 οὐχὶ

2151 1827 2270 1880 ὃλον
2302 1827 2361 1880 τὸ
2399 1827 2518 1897 μέλι
2544 1828 2887 1897 ἀφανίζεται;
2921 1831 3011 1882 καίι
3038 1827 3288 1881 τοσοῦτον
3313 1829 3432 1898 μέλι
3467 1827 3575 1879 ὑπὸ
3607 1827 3739 1879 ἐλα-

472 1931 624 1980 nent,
665 1925 714 1967 et
756 1933 998 1969 amarunt
1034 1918 1138 1986 fit;
1192 1929 1240 1970 et
1291 1935 1392 1970 non
1437 1919 1587 1971 habet
1631 1919 1861 1987 gratiam
1907 1916 2046 1983 apud

2175 1919 2336 1988 [ἱστου
2371 1918 2614 1988 ἀψινθίου
2645 1919 2980 1986 attollunt;
3024 1919 3282 1974 ἀπόλλυσι
3313 1917 3420 1989 γὰρ
3462 1920 3562 1989 τὴν
3599 1919 3740 1986 γλυ-

471 2008 743 2062 dominum
769 2027 940 2073 suum,
969 2013 1218 2080 qnoniant
1254 2029 1496 2066 amarum
1531 2014 1731 2082 factum
1758 2025 1856 2067 est.
1897 2011 2046 2080 Vide,

470 2103 610 2170 quod
669 2103 1037 2170 wquanimitas
1093 2103 1302 2156 dulcior
1372 2104 1442 2156 sit
1520 2103 1700 2169 melle,
1775 2115 1824 2156 et
1890 2104 2038 2157 utilis

2148 2008 2398 2079 κύτητα,
2449 2009 2543 2062 καὶ
2591 2010 2808 2081 πικρὸν,
2838 2010 3080 2079 γίνεται·
3119 2011 3214 2062 καὶ
3264 2009 3364 2062 οὐκ
3412 2009 3524 2078 ἔχει
3570 2009 3742 2079 χάριν

2152 2100 2302 2171 παρὰ
2341 2099 2434 2153 τοῦ
2473 2100 2732 2154 δεσπότου
2775 2101 2960 2166 αὑτοῦ,
2996 2103 3077 2154 ὃτι
3110 2099 3438 2172 ἐπικράνθη.
3475 2099 3739 2161 Βλέπεις,

473 2194 701 2254 Domino
737 2213 754 2248 .‘
795 2205 849 2248 at
887 2195 1201 2257 iracundia,
1236 2206 1282 2248 et
1315 2203 1501 2248 amara
1544 2207 1589 2248 et
1629 2196 1831 2248 inutilis
1863 2209 1958 2248 est.
1993 2195 2051 2274 St:

2175 2197 2233 2246 ἑτι
2281 2195 2312 2264 ἡ
2354 2192 2705 2263 μακροθυμία
2748 2193 3056 2264 γλυκυτάτη
3106 2195 3252 2246 ἐστὶν
3304 2191 3548 2274 suae
3586 2189 3738 2259 μέλι,

474 2306 596 2362 ergo
629 2291 790 2343 mista
825 2290 984 2358 fuerit
1044 2291 1322 2342 iracundia
1357 2292 1763 2359 wquauimitati,
1795 2267 2056 2358 ροΙΙιιίιιιιᾗ

2175 2287 2247 2339 ιαὶ
2294 2285 2611 2354 εὐχάριστος
2654 2284 2787 2354 (67)
2854 2284 2932 2354 τῷ
2990 2285 3214 2355 Κυρίῳ·
3265 2287 3298 2354 ἡ
3345 2267 3738 2350 δῖἶξυχολξα,

474 2382 866 2450 cquanimitas,
905 2390 953 2433 et
990 2397 1092 2433 non
1131 2389 1208 2434 est
1250 2381 1400 2434 utilis
1430 2382 1538 2435 Deo
1571 2383 1742 2435 oratio
1773 2382 1941 2437 illius.

2175 2379 2252 2430 ιια).
2307 2376 2479 2447 πικρὰ
2531 2377 2622 2430 καὶ
2671 2376 2940 2447 ἄχρηστός
3003 2377 3168 2428 ἐστιν.
3237 2374 3358 2427 Ἐὰν
3414 2368 3505 2426 οῦν
3536 2374 3737 2442 μιγῇὴ

2157 2469 2407 2540 όξυχολία
2432 2470 2577 2538 καὶὴ
2609 2468 2978 2539 μακροθυμία,
3008 2467 3277 2538 μιαίνεται
3306 2468 3338 2538 ἡ
3365 2465 3741 2536 μακροθυμία,

2157 2561 2249 2612 κα).
2281 2559 2379 2611 ούκ
2419 2559 2563 2612 ἔστιν
2597 2557 2894 2629 εὔχρηστος
2931 2558 3009 2629 τῷ
3041 2558 3158 2629 Θεῷ
3215 2557 3508 2629 ήὲντευξις
3537 2556 3737 2625 αὐτῆς.

548 2647 616 2703 Et
664 2649 775 2702 dixi
802 2649 877 2702 illi
908 2667 922 2702 :
955 2648 1155 2704 Vellem
1202 2649 1315 2721 (68)
1367 2651 1543 2716 scire,
1597 2648 1846 2713 domine,
1904 2649 2202 2718 nequitiam
2263 2649 2587 2714 iracundiae,
2651 2660 2708 2704 ut
2754 2651 3058 2707 custodiam
3099 2666 3185 2704 me
3236 2652 3305 2705 ab
3343 2649 3454 2704 illa.
3505 2647 3572 2703 Et
3601 2648 3744 2702 dixit

479 2743 614 2796 mihi
652 2742 763 2814 (69)
793 2763 806 2798 :
843 2744 1032 2809 Scies;
1068 2755 1120 2798 et
1162 2745 1207 2798 si
1248 2762 1354 2798 non
1387 2744 1715 2799 custodieris
1756 2755 1806 2797 te
1843 2744 1911 2798 ab
1945 2745 2055 2810 illa,
2102 2745 2293 2814 perdes
2343 2760 2492 2814 spem
2543 2753 2690 2798 tuam
2727 2760 2852 2798 cum
2896 2753 3006 2798 tota
3033 2743 3200 2797 domo
3237 2752 3349 2796 tua.
3404 2740 3511 2796 Sed
3541 2741 3744 2796 recede

480 2840 551 2895 ab
581 2839 691 2892 illa.
734 2838 847 2910 Ego
882 2842 1028 2894 enim
1070 2850 1247 2894 tecum
1289 2858 1408 2896 sum
1452 2843 1676 2896 nuntius
1705 2841 2018 2911 tequitatis:
2049 2849 2102 2895 et
2141 2858 2332 2897 omnes
2359 2843 2450 2912 qui
2491 2843 2560 2898 ab
2586 2859 2650 2898 ea
2685 2843 2969 2906 recedunt,
3006 2843 3322 2912 quicunque
3359 2839 3744 2911 paenitentiam

476 2939 688 3009 egerint
720 2955 787 2993 ex
825 2941 951 2993 totis
982 2940 1296 3008 praecordiis
1327 2941 1470 3006 suis,
1499 2941 1678 2995 vivent
1713 2939 1824 2994 Deo
1853 2940 1964 3010 (70)
1991 2959 2004 3003 ;
2047 2939 2141 2995 sed
2172 2950 2225 2994 et
2259 2957 2386 2995 cum
2423 2941 2532 2997 illis
2571 2957 2688 3009 ero,
2720 2951 2774 2999 et
2808 2941 3147 2998 conservabo
3185 2954 3415 2995 omnes:
3447 2937 3744 3008 iustiﬁcati

476 3033 624 3090 enim
661 3040 789 3088 sunt
816 3048 1007 3087 omnes
1030 3032 1123 3102 qui
1150 3033 1525 3101 paenitentiam
1567 3032 1799 3102 egerint,
1827 3049 1859 3086 a
1892 3033 2246 3087 sanctissimo
2275 3034 2470 3088 nuntio
2496 3033 2631 3105 (7i).

1949 3141 2179 3199 CAPUT
2222 3143 2284 3200 ll.

552 3257 692 3311 Audi
743 3273 909 3323 nunc,
948 3257 1144 3326 inquit,
1184 3255 1487 3325 nequitiam
1539 3253 1855 3320 iracundlae,
1887 3269 2051 3324 quam

2229 3255 2342 3327 (75)
2389 3257 2588 3310 ’Ἄκουε
2626 3257 2682 3310 δὲ
2716 3259 2808 3312 καὶ
2850 3259 2948 3330 τὴν
2982 3258 3264 3330 ἐνέργειαν
3301 3256 3402 3328 τῆς
3436 3255 3746 3326 ὀξυχολίας.

481 3366 647 3422 prava
677 3351 790 3419 (72)
821 3366 1096 3420 quamque
1139 3353 1298 3404 noxia
1331 3357 1434 3414 est,
1462 3357 1518 3402 et
1541 3363 1650 3417 quo
1682 3357 1838 3418 pacto
1871 3363 2060 3403 servos

483 3443 579 3499 Dei
623 3445 834 3498 evertit.
891 3442 993 3508 Qui
1047 3443 1191 3496 enim
1239 3441 1385 3511 pleni
1442 3449 1568 3494 sunt
1607 3440 1712 3494 ll'de
1756 3440 1892 3510 (74'),
1949 3454 2060 3494 non

483 3544 664 3606 potest
710 3549 910 3588 nocere
959 3533 1073 3602 (75)
1129 3533 1258 3598 illis,
1312 3532 1573 3603 quoniam
1620 3531 1794 3585 virtus
1838 3529 1931 3584 Dei
1981 3537 2065 3584 est

419 3623 424 3630 ’
483 3646 608 3686 cum
641 3632 779 3695 illis;
824 3629 1016 3683 evertit
1057 3627 1202 3683 enim
1245 3629 1442 3683 dubios
1480 3636 1534 3681 et
1570 3642 1790 3682 vacuos.
1835 3625 2063 3693 Quoties

485 3732 668 3776 autem
708 3721 907 3776 viderit
960 3721 1096 3776 tales
1135 3721 1421 3786 homines,
1470 3719 1646 3789 injicit
1697 3733 1755 3773 se
1802 3720 1854 3773 in
1897 3719 2064 3773 corda

485 3827 678 3866 eorum
709 3811 843 3881 (76),
885 3821 938 3864 et
974 3811 1042 3864 de
1085 3811 1256 3864 nihilo
1297 3819 1394 3864 aut
1425 3809 1507 3863 vir
1547 3817 1641 3862 aut
1681 3809 1882 3864 mulier
1913 3824 2065 3863 ama-

485 3903 786 3957 ritudinem
836 3903 1103 3972 percipit,
1139 3910 1362 3971 propter
1403 3917 1491 3955 res
1516 3916 1640 3970 quae
1675 3909 1806 3955 sunt
1848 3901 1903 3954 in
1935 3916 2060 3967 usu,

489 4003 586 4048 aut
619 4011 720 4065 pro
762 3994 1056 4058 convictu,
1109 4002 1203 4046 aut
1252 4007 1350 4062 pro
1387 3991 1571 4060 aliquo
1613 3992 1783 4046 verbo
1827 3991 1977 4061 (77),
2018 3990 2064 4046 si

489 4089 638 4158 quod
688 4087 828 4141 forte
881 4087 1106 4151 incidit,
1162 4100 1543 4154 supervacuo;
1596 4094 1691 4138 aut
1741 4100 1840 4154 pro
1889 4085 2067 4138 amico

489 4179 698 4248 aliquo,
751 4187 847 4232 aut
902 4177 1108 4240 debito,
1158 4184 1252 4229 aut
1289 4191 1389 4244 pro
1442 4176 1527 4228 his
1578 4175 1850 4230 similibus
1901 4176 2068 4229 rebus

491 4269 862 4338 supervacuis.
899 4265 1024 4320 Haec
1060 4265 1204 4320 enim
1243 4265 1407 4320 stulta
1449 4275 1577 4320 sunt
1609 4274 1662 4318 et
1701 4280 2063 4334 supervacua,

491 4368 546 4414 et
580 4375 718 4413 vana
763 4358 936 4414 servis
964 4358 1077 4412 Dei.
1111 4357 1516 4426 IEquanimitas
1559 4365 1740 4410 autem
1780 4356 1957 4411 valida
1986 4367 2070 4413 est

2163 3345 2281 3408 πῶς
2326 3347 2539 3418 πονηρά
2591 3348 2757 3412 ἐστιν,
2815 3349 2909 3402 καὶ
2965 3348 3144 3419 πλανᾷ
3197 3348 3324 3410 τοὺς
3382 3345 3609 3409 δούλους
3651 3344 3748 3397 τοῦ

2163 3437 2328 3502 Θεοῦ,
2369 3439 2465 3492 καὶ
2509 3441 2876 3512 καταστρέφει
2928 3442 2995 3511 τῇ
3043 3440 3239 3510 ἑαυτῆς
3294 3438 3566 3510 ἐνεργείᾳ.
3635 3438 3754 3490 Ούκ

2165 3529 2454 3603 ἀποπλανᾷ
2489 3531 2546 3586 δὲ
2583 3533 2708 3595 τοὺς
2739 3531 2898 3596 ὄντας
2931 3533 3160 3604 πλήρεις
3201 3533 3258 3585 ὲν
3287 3534 3352 3602 τῇ
3387 3530 3595 3594 πίστει,
3629 3530 3754 3584 οὐδὲ

2165 3623 2458 3694 ἐνεργῆσαι
2499 3623 2717 3678 δύναται
2765 3627 2845 3688 εἰς
2889 3625 3105 3690 αὐτοὺς,
3155 3627 3238 3678 ὅτι
3295 3627 3328 3695 ἡ
3374 3623 3611 3694 δύναμις
3655 3623 3756 3682 τοῦ,

2163 3717 2370 3789 Κυρίου
2421 3719 2538 3789 μετ’
2582 3717 2760 3771 αὐτῶν
2793 3719 2972 3772 ἐστιν·
3009 3717 3144 3772 ἀλλὰ
3188 3716 3476 3788 ἁποπλανᾷ
3510 3718 3642 3780 τοὺς
3671 3716 3752 3769 δι-

2163 3809 2388 3880 ψύχους.
2439 3811 2604 3864 Ὅταν
2651 3809 2760 3884 γὰρ
2807 3809 2894 3884 τδῃ
2936 3809 3065 3874 τοὺς
3115 3807 3392 3871 τοιούτους
3424 3807 3754 3878 ἀνθρώπους

2166 3901 2590 3967 εὐσταθοῦντας,
2626 3901 3002 3974 παρεμϐάλλει
3042 3901 3241 3974 ἑαυτὴν
3281 3901 3361 3963 εἰς
3390 3899 3490 3968 τὴν
3520 3898 3757 3970 καρδίαν

2164 3992 2258 4047 τοῦ
2305 3991 2590 4064 ἀνθρώπου
2617 4010 2631 4023 ⁸
2687 3996 2781 4048 καὶ
2832 3993 3007 4058 οὕτως
3059 3992 3419 4069 πικραίνεται,
3464 3988 3760 4060 ἄνθρωπος

2167 4087 2352 4140 ἕνεκεν
2397 4086 2664 4156 βιωτικῶν
2710 4088 3070 4161 πραγμάτων,
3105 4086 3138 4158 ἥ
3174 4085 3328 4156 φίλου
3357 4083 3524 4147 τινὸς,
3560 4082 3597 4154 ἢ
3629 4083 3758 4154 περὶ

2167 4177 2364 4239 δόσεως
2395 4178 2489 4230 καὶ
2514 4178 2749 4248 λήψεως,
2794 4177 2828 4248 ἢ
2858 4179 2987 4249 περ).
3015 4175 3271 4229 τοιούτων
3326 4173 3540 4244 μιαρῶν
3576 4188 3756 4239 πραγ-

2172 4267 2374 4338 μάτων.
2433 4268 2618 4322 Ταῦτα
2672 4269 2849 4322 πάντα
2909 4267 3066 4340 μωρά
3123 4267 3272 4319 ἐστιν
3327 4265 3420 4316 κα).
3468 4263 3632 4327 κενὰ,
3667 4264 3758 4315 καὶ

2166 4357 2458 4430 ἀσύμφορα
2499 4362 2611 4422 τοῖς
2640 4359 2847 4422 δούλοις
2882 4357 2976 4411 τοῦ
3015 4355 3171 4410 Θεοῦ.
3217 4355 3282 4408 Ἦ
3309 4353 3364 4406 δὲ
3406 4351 3756 4424 μακροθυμία

492 4457 548 4503 et
571 4447 747 4510 fortis,
782 4459 836 4502 et
865 4448 1026 4502 habet
1045 4449 1298 4502 virtutem
1334 4462 1610 4516 magnam,
1635 4458 1690 4501 et
1714 4447 1992 4517 sedet(78)
2013 4451 2056 4503 in

2175 4450 2380 4521 μεγάλη
2416 4449 2530 4502 ἐστὶ
2561 4450 2654 4503 καὶ
2685 4447 2877 4520 ὀχυρὰ,
2904 4448 3102 4518 ἔχουσα
3131 4446 3230 4516 τὴν
3260 4443 3490 4512 δύναμιν
3528 4442 3754 4518 ἰσχυρὰν

494 4538 856 4606 amplitudine
906 4553 1099 4606 magna
1136 4555 1148 4589 :
1191 4537 1418 4602 hilaris,
1464 4536 1517 4588 in
1555 4551 1688 4606 pace
1724 4537 1988 4606 gaudens,
2013 4547 2056 4594 el

2175 4543 2267 4594 καὶ
2300 4540 2615 4613 καθημένην
2647 4541 2704 4594 ὲν
2733 4539 3033 4610 πλατυσμῷ
3072 4537 3290 4610 μεγάλῳ
3309 4551 3322 4566 ο
3361 4532 3522 4604 ἱλαρὰ
3545 4571 3560 4594 ,
3599 4532 3757 4601 ἀγα-λέ

496 4630 866 4683 honoriﬁcans
890 4627 1177 4683 Dominum
1211 4629 1265 4682 in
1301 4629 1450 4683 omni
1481 4637 1724 4697 tempore
1761 4638 2056 4684 mansuete.

2175 4599 2894 4705 ktmpévq;‘xal'&péptpvoc
2931 4599 3086 4685 ὀῦὲσί
3109 4599 3318 4696 δοξάζει
3353 4599 3678 4696 τὸν-Κύριον
3705 4625 3757 4675 ἐν

497 4719 623 4775 llaec
655 4721 800 4774 enim
840 4721 1225 4790 aequanimitas
1265 4720 1476 4774 habitat
1518 4735 1643 4774 cum
1686 4718 1828 4772 bene
1857 4719 2056 4774 ﬁdenti-

2178 4725 2340 4778 παντὶ
2393 4724 2602 4796 καιρῷ,
2657 4723 2820 4796 μηδὲν
2863 4722 3061 4793 ἔχουσα
3098 4722 3155 4774 ὲν
3190 4720 3354 4788 ἑαυτῇ
3392 4715 3617 4786 πικρὸν,
3665 4733 3762 4767 πα-

499 4813 623 4866 bus.
651 4810 786 4864 Nam
813 4810 925 4880 (79)
951 4810 1228 4865 iracundia
1261 4811 1426 4864 stulta
1447 4819 1547 4874 est,
1577 4817 1630 4864 et
1654 4809 1785 4863 levis
1816 4819 1869 4864 et
1900 4810 2056 4868 fatua.

2181 4817 2489 4888 ραμένουσα
2537 4815 2627 4868 διὰ
2673 4816 2874 4878 παντὸς
2921 4813 3046 4886 [ἐν]
3093 4812 3358 4883 πραότητι
3404 4809 3502 4862 καὶ
3535 4806 3755 4876 ἡσυχία.

1575 4942 1811 4998 VARle
1853 4943 2241 5002 LECTIONES
2278 4949 2367 5003 ET
2413 4948 2649 5004 ΝΟΤᾸΕ.

2195 5062 2316 5116 pag.
2334 5046 2442 5116 255
2497 5055 2550 5100 et
2570 5061 2696 5116 seq.

575 5062 688 5131 (67)
726 5061 888 5116 Forte
910 5061 1012 5132 leg.
1038 5060 1354 5130 εὔχρηστος.
1385 5058 1474 5112 Sic
1496 5059 1640 5113 enim
1689 5068 1880 5113 auctor
1898 5059 2056 5113 Doctr

605 5133 847 5188 Antioch.
880 5130 1018 5188 Ouin
1058 5143 1110 5185 et
1157 5137 1384 5188 ipsemet
1413 5129 1716 5184 Antiochus
1761 5146 1886 5183 mox
1921 5131 2056 5186 habe

2195 5062 2316 5116 pag.
2334 5058 2442 5101 255
2497 5058 2550 5100 et
2579 5061 2696 5115 seq.

2267 5117 2379 5188 (74)
2422 5115 2513 5172 Sic
2542 5115 2723 5170 Fellus
2761 5129 2826 5169 ex
2857 5111 3179 5181 mss..Angl.
3207 5107 3348 5164 Editi
3393 5107 3448 5161 in
3478 5106 3607 5165 ﬁde.
3637 5106 3762 5162 Vide

506 5129 847 5188 ad'Antioch.
880 5129 1018 5197 Quin
1058 5143 1110 5185 et
1157 5129 1384 5198 ipsemet
1413 5129 1716 5184 Antiochus
1761 5146 1886 5183 mox
1921 5131 2084 5186 habet

505 5203 639 5275 εῦχρ
681 5221 801 5266 στος
837 5189 944 5256 οιῇᾶ
1017 5189 1197 5271 ηστοςῖ

583 5221 696 5340 (θὲ)
730 5273 920 5327 Lamb.
947 5219 1231 5325 Volebam.
1327 5339 1333 5340 γ
1702 5339 1709 5340 7

2192 5189 2606 5340 Grﬁg..lfa"‘k-
2653 5257 2842 5340 (ﬁcere.
2871 5253 3105 5324 Propius
3158 5250 3226 5306 ad
3251 5248 3504 5304 Graecum
3541 5248 3763 5322 ἐνεργῆ-

583 5328 696 5414 (69)
733 5344 924 5399 Lamb.
967 5343 1146 5397 omitt.
1188 5339 1257 5394 Et
1300 5339 1440 5394 dixit
1482 5342 1642 5409 mihi,
1670 5339 1813 5395 sicut
1849 5349 1902 5395 et
1929 5354 2076 5406 mox,
2185 5328 2464 5414 6a§_-_n5:eﬂ-
2498 5328 2784 5414 ﬁliqui'du.

2253 5398 2366 5466 (76)
2403 5399 2554 5453 Bodl.
2587 5387 2641 5452 et
2661 5396 2854 5451 Lamb.
2881 5394 3170 5448 hominum.
3193 5389 3288 5446 Gr.
3313 5387 3634 5461 ἀνθρώπου.

2255 5469 2368 5540 (77)
2410 5469 2816 5540 Lamb._omitt.
2858 5467 3028 5540 verbo.

2264 5528 2375 5611 (78')
2413 5539 2581 5611 Vetus
2602 5531 2871 5611 interpres
2897 5537 3026 5611 legit
3051 5531 3353 5611 καθημένη.
3377 5528 3547 5611 Forte
3567 5542 3761 5611 rectius

2191 5599 2369 5684 quam,
2401 5599 2764 5684 καθημένηνξ
2787 5607 2932 5678 quod
2952 5599 3211 5659 'exhibet
3246 5599 3528 5669 exentplar
3587 5600 3760 5656 Destr.

2195 5680 2261 5738 ad
2284 5680 2530 5734 Antioch.

2269 5752 2380 5824 (79)
2424 5749 2562 5808 Hinc
2583 5749 2886 5808 Antiochus
2917 5746 3110 5805 homil.
3148 5742 3271 5812 llo,
3304 5750 3361 5797 ut
3389 5737 3557 5797 infra.

514 5425 701 5555 ιωδθ)
739 5484 869 5540 Mss.
902 5485 1060 5554 Angl.
1094 5482 1310 5547 desunt,
1338 5484 1501 5555 vivent
1530 5481 1654 5536 Deo.

585 5553 698 5622 (71)
738 5555 916 5609 Fellus
944 5573 957 5608 :
987 5553 1161 5607 omnes
1188 5567 1251 5606 ea:
1280 5553 1557 5621 salutifero
1584 5553 1790 5614 nuntio,
1810 5567 1862 5620 q.
1885 5566 1936 5618 ρ.
1964 5566 2009 5604 e.

585 5559 670 5622 (71
738 5559 916 5609 Fellus
944 5573 957 5608 :
987 5569 1161 5607 omnes
1188 5567 1251 5606 ea:
1280 5559 1557 5621 solutilem
1584 5559 1790 5614 nuntio,
1810 5567 1862 5620 q.
1885 5566 1936 5618 ρ.
1964 5566 2009 5604 e.

517 5713 568 5750 Μ
573 5559 702 5749 ((13;
740 5624 895 5680 Bodl.
936 5625 1185 5696 pessima.
1214 5622 1405 5678 Lamb.
1455 5625 1681 5692 pessima
1715 5632 1820 5686 est,
1866 5630 1916 5674 et
1954 5635 2086 5690 quo-

595 5767 706 5836 (75)
743 5763 932 5824 (ἕνεκα
983 5767 1086 5824 ista
1129 5779 1194 5822 ex
1231 5763 1418 5820 Doctr.
1466 5764 1533 5818 ad
1555 5763 1800 5820 Antioch.
1851 5777 2002 5819 num.
2037 5759 2094 5829 5,
