3822 6218
35 304 175 363 9‘15

1093 309 1388 368 PASTOR.
1414 340 1484 351 —
1505 307 1637 364 LIB.
1676 306 1744 376 ll,
1785 304 2176 363 MANDATUM
2209 302 2300 361 VI.

3221 306 3333 363 928‘

39 416 220 489 Αὕτη
256 408 352 471 οὖν
379 418 415 489 ἠ
448 419 795 492 μακροθυμία
828 424 1072 475 κατοικεῖ
1123 422 1261 494 μετά
1314 421 1424 474 τῶν
1471 419 1655 474 πίστιν
1683 474 1685 483 ,

1774 418 1836 474 De
1880 417 2110 473 stultitia
2146 431 2280 472 vero
2319 414 2566 472 nascitur
2608 418 2936 485 amaritudo,
2981 426 3043 473 et
3076 432 3144 473 ex
3174 433 3327 473 ama—

40 508 305 576 ὲχόντων
335 511 643 583 ὁλόκληρος.
681 515 745 569 Ἡ
783 514 838 567 δὲ
871 515 1122 585 ὀξυχολία
1155 514 1372 587 πρῶτον
1409 514 1506 585 μὲν
1541 532 1656 585 μω-

44 601 156 671 ρία
196 603 347 656 ἐστὶν
378 605 473 657 καὶ
515 605 750 677 ὲλαφρία
798 607 1030 677 φρενῶν.
1072 604 1205 661 Εἶτα
1244 608 1309 662 ὲκ
1354 608 1455 678 τῆς
1492 609 1661 679 ἀφρο-

42 692 242 765 σύνης
273 695 482 763 γίνεται
512 698 726 768 πικρία,
758 697 844 769 [ὲκ
863 699 918 751 δὲ
940 700 1038 769 τῆς
1058 699 1280 771 πικρίας
1303 698 1439 771 (80)]
1467 699 1656 769 θυμὸς,

41 783 125 835 ἐκ
165 783 227 836 δὲ
258 784 354 837 τοῦ
383 784 556 856 θυμοῦ
590 787 751 859 ὀργὴ,
784 790 849 842 ὲκ
881 788 939 841 δὲ
969 790 1069 861 τῆς
1106 790 1277 860 ὀργῆς
1313 790 1490 860 μῆνις,
1527 786 1659 841 Εἶτα

38 875 83 945 ἡ
132 874 311 946 μῆνις
348 876 415 930 ὲκ
457 876 726 931 τοσούτων
778 882 963 935 κακῶν
1013 880 1399 951 συνισταμένη,
1449 879 1659 948 γίνεται

42 964 316 1035 ἁμαρτία
361 968 572 1038 μεγάλη
618 971 713 1025 καὶ
756 971 992 1035 ἀνίατος.
1038 972 1201 1025 Ὅταν
1244 970 1351 1043 γὰρ
1379 971 1556 1024 πάντα
1591 968 1661 1023 τὰ

41 1055 388 1128 ἀνθρώπινα
428 1059 605 1115 ταῦτα
646 1063 704 1117 ὲν
736 1063 817 1116 ἐνὶ
849 1063 1054 1135 ἀγγείῳ
1091 1066 1361 1128 κατοικεῖ,
1394 1064 1527 1116 ὅπου
1566 1062 1662 1116 καὶ

41 1147 119 1209 τὸ
151 1148 387 1220 Πνεῦμα
417 1151 480 1205 τὸ
504 1151 680 1221 ἅγιον,
714 1154 776 1206 οὐ
810 1159 981 1227 χωρεῖ
1014 1158 1192 1210 έκεῖνο
1227 1156 1290 1209 τὸ
1320 1156 1510 1225 ἄγγος,
1544 1154 1660 1208 ἀλλ’

44 1240 495 1310 ὑπερπλεονάζει
533 1243 594 1296 τὸ
623 1246 887 1316 τροφερὸν
930 1246 1167 1319 πνεῦμα,
1222 1248 1298 1318 μὴ
1340 1248 1461 1317 ἔχον
1501 1248 1663 1318 συνή-

45 1331 221 1391 θειαν
277 1333 417 1404 μετὰ
473 1337 713 1408 πονηροῦ
759 1338 1101 1409 πνεύματος,
1152 1341 1246 1393 καὶ
1296 1340 1663 1411 σκληρότητος

44 1426 364 1477 κατοικεῖν.
401 1425 708 1498 Ὑποχωρεῖ
734 1424 827 1485 οὖν
858 1431 968 1484 ἀπὸ
996 1430 1092 1484 τοῦ
1122 1430 1413 1502 ἀνθρώπου
1446 1430 1659 1495 τούτου,

43 1517 159 1570 καὶ
212 1514 370 1587 ζητεῖ
408 1523 683 1575 κατοικεῖν
724 1522 863 1594 μετὰ
906 1524 1214 1596 πραότητος
1266 1526 1361 1577 καὶ
1403 1524 1658 1595 ἡσυχίας.

42 1603 201 1661 Εἶτα
248 1608 378 1661 ὅταν
423 1610 633 1683 ἀποστῇ
686 1612 795 1666 ἀπὸ
838 1611 933 1667 τοῦ
985 1612 1276 1684 ἀνθρώπου
1305 1609 1365 1668 οὗ
1397 1616 1660 1681 κατοικεῖ,

43 1699 281 1767 γίνεται
323 1700 351 1751 ὁ
382 1700 666 1773 ἄνθρωπος
713 1704 921 1768 ἐκεῖνος
961 1705 1116 1769 κενὸς
1145 1706 1253 1759 ἀπὸ
1287 1705 1380 1759 τοῦ
1415 1706 1664 1775 Πνεύμα-

1761 511 2002 565 ritudiue
2033 509 2339 574 iracundia,
2370 523 2436 563 ex
2470 508 2752 565 iracundia
2777 525 2906 565 vero
2933 510 3106 566 furor.
3136 509 3236 567 Hic
3260 527 3330 567 ex

1758 612 1839 659 tot
1881 602 2041 657 malis
2086 610 2303 655 creatus
2344 600 2498 656 furor
2545 602 2696 671 (81),
2742 612 2999 673 operatur
3048 615 3332 673 peccatum

1757 710 2016 766 magnum
2059 702 2112 749 et
2161 695 2484 749 insanabile.
2543 694 2680 748 Cum
2725 696 2869 749 enim
2911 696 3026 750 lucc
3062 698 3333 751 omniain

1757 803 1869 843 uno
1910 803 2041 843 vase
2075 795 2224 851 sunt,
2270 786 2361 839 ubi
2411 792 2463 839 et
2507 782 2743 854 Spiritus
2796 794 3021 841 sanctus
3064 795 3334 855 moratur,

1759 895 1871 935 non
1905 878 2051 948 capit
2084 878 2201 932 haec
2230 876 2343 947 (82)
2370 890 2468 930 vas
2490 916 2503 941 ,
2538 876 2632 930 sed
2669 876 3037 945 superetiluit;
3074 878 3335 947 quoniam

1759 982 1914 1027 tener
1946 971 2184 1041 Spiritus
2215 986 2325 1024 non
2362 977 2543 1038 potest
2572 984 2699 1023 cum
2732 968 2877 1023 malo
2907 970 3105 1039 spiritu
3136 970 3336 1025 immo-

1760 1066 1899 1131 rari,
1952 1062 2159 1118 recedit
2231 1070 2288 1116 et
2339 1060 2549 1115 habitat
2602 1076 2727 1114 cum
2767 1071 3074 1115 mansueto.
3134 1061 3338 1117 Deinde

1761 1171 1887 1211 cum
1942 1154 2228 1211 recesserit
2267 1154 2337 1208 ab
2377 1153 2603 1208 homine
2648 1152 2702 1205 in
2751 1168 2860 1223 quo
2908 1153 3222 1219 habitabat,
3280 1154 3336 1208 lit

1762 1245 1931 1299 homo
1956 1260 2166 1300 vacuus
2210 1259 2241 1298 a
2270 1242 2482 1313 Spiritu
2532 1255 2755 1310 sancto;
2801 1252 2855 1297 et
2884 1254 3072 1312 postea
3101 1244 3338 1313 repletur

1704 1398 1707 1402 ,
1763 1336 2049 1406 spiritibus
2104 1336 2405 1407 malignis,
2462 1345 2519 1390 et
2564 1335 2880 1389 obcaecatur
2931 1349 2961 1389 a
3012 1335 3343 1403 cogitatione

1764 1431 1909 1485 mala
1937 1428 2072 1501 (8'5).
2108 1430 2199 1484 Sic
2224 1430 2480 1484 omnibus
2504 1428 2783 1483 iracundis
2813 1428 3098 1498 contingit.
3128 1427 3351 1485 Recede

1764 1536 1896 1592 ergo
1925 1530 1982 1575 tu
2013 1522 2080 1591 ab
2110 1521 2418 1588 iracundia,
2450 1530 2502 1576 et
2531 1521 2695 1575 indue
2723 1521 3183 1590 animaequitatem
3204 1521 3342 1591 (84),

1765 1622 1822 1668 et
1857 1612 2053 1667 resiste
2106 1612 2406 1667 iracundiae
2437 1630 2451 1666 :
2496 1621 2549 1666 et
2581 1612 2880 1667 invenieris
2921 1628 3046 1666 cum
3078 1611 3344 1682 pudicitia

1767 1715 1823 1762 et
1854 1706 2102 1762 castitate
2134 1721 2165 1760 a
2201 1704 2332 1761 Deo.
2364 1704 2500 1760 Vide
2525 1721 2656 1777 ergo
2695 1721 2763 1760 ne
2795 1704 2936 1760 forte
2967 1705 3208 1775 negligas
3240 1706 3354 1760 hoc

41 1806 151 1852 τος
180 1790 282 1843 τοῦ
318 1790 493 1861 ἁγίου,
536 1794 631 1846 καὶ
658 1794 845 1848 λοιπὸν
879 1795 1308 1867 πεπληρωμένος
1340 1796 1448 1850 τῶν
1500 1773 1663 1851 πνευ-

1774 1799 2143 1854 mandatum:
2182 1798 2229 1853 si
2274 1798 2423 1853 enim
2476 1799 2606 1853 huic
2658 1798 2918 1852 mandato
2977 1797 3345 1851 obedientiam

47 1881 260 1953 μάτων
308 1881 415 1936 τῶν
450 1884 699 1956 πονηρῶν
825 1887 920 1939 καὶ
954 1887 1073 1951 ὅλος
1117 1879 1517 1957 ἀποτυφλοῦται
1556 1888 1667 1942 ἀπὸ

1774 1889 2086 1960 praestiteris
2126 1888 2240 1960 (85)
2277 1939 2295 1967 ,
2342 1896 2537 1944 caetera
2585 1890 2843 1944 mandata
2909 1905 3029 1943 mea
3079 1904 3200 1958 quae
3247 1888 3355 1945 tibi

38 1974 161 2043 τῆς
199 1973 443 2037 διανοίας
466 1975 564 2045 τῆς
590 1977 822 2048 ἀγαθῆς.
859 1978 1045 2042 Οὕτως
1076 1974 1167 2033 οὖν
1205 1980 1496 2051 συμϐαίνει
1529 1983 1666 2035 πᾶσι

1774 1980 2133 2035 mandaturus
2170 1995 2323 2048 sum,
2372 1982 2577 2050 poteris
2624 1996 2865 2035 servare.
2906 1979 3181 2034 Contirma
3215 1994 3350 2050 ergo

40 2066 179 2126 τοῖς
214 2063 510 2134 ὀξυχὸλοις.
569 2068 799 2139 Ἀπέχου
827 2066 920 2123 οὖν
965 2070 1075 2124 ἀπὸ
1109 2070 1210 2142 τῆς
1242 2072 1525 2143 ὀξυχολίας
1563 2070 1660 2126 τοῦ

1774 2089 1920 2129 nunc
1950 2081 2002 2127 te
2042 2073 2099 2126 in
2131 2072 2406 2127 mandatis
2451 2073 2604 2140 istis,
2642 2082 2703 2127 ut
2741 2076 2893 2127 vivas
2920 2072 3031 2127 Deo
3072 2092 3087 2128 :
3131 2082 3185 2127 et
3219 2072 3346 2142 qui—

44 2155 310 2226 πονηροῦ
340 2157 630 2228 δαίμονος.
670 2158 928 2215 Ἐνδυσαι
981 2162 1038 2216 δὲ
1097 2161 1196 2234 τὴν
1258 2163 1661 2236 μακροθυμίαν,

1774 2179 1988 2234 cunque
2024 2164 2364 2219 servaverint
2392 2164 2507 2218 hare
2538 2166 2816 2231 mandata,
2842 2166 3025 2219 vivent
3056 2164 3186 2217 Deo.

47 2249 166 2313 καὶ
220 2249 505 2321 ἁντίστηθι
556 2256 623 2325 τῇ
676 2254 930 2329 ὀξυχολίᾳ
962 2296 976 2321 ,
1032 2260 1126 2312 καὶ
1172 2258 1271 2331 ἔσῃ
1306 2261 1693 2332 ἐπαινούμενος
1759 2259 1900 2332 μετὰ
1972 2259 2299 2331 σεμνότητος
2352 2262 2466 2322 τοῖς
2526 2260 2904 2331 ἠγαπημένοις
2962 2260 3067 2312 ὑπὸ
3120 2256 3350 2328 Κυρίου.

42 2338 245 2398 Βλέπε
281 2333 374 2393 οὖν
410 2340 484 2413 μὴ
535 2344 891 2420 παραλογήσῃ
945 2349 1043 2419 τὴν
1103 2350 1322 2423 ἐντολὴν
1373 2352 1604 2424 ταύτην·
1640 2352 1736 2406 ὲάν
1766 2351 1876 2422 γὰρ
1936 2351 2138 2423 ταύτην
2172 2349 2448 2424 φυλάξῃς,
2473 2352 2677 2425 δυνήσῃ
2711 2352 2926 2416 καὶτὰς
2956 2351 3146 2416 λοιπὰς
3176 2351 3350 2423 τηρῆ-

44 2445 153 2484 σαι
190 2469 206 2485 .
245 2432 429 2504 Ἴσχυε
464 2429 558 2490 οὖν
606 2438 664 2491 ὲν
699 2440 892 2505 αὑταῖς
928 2442 1025 2496 καὶ
1057 2443 1379 2515 ἐνδυναμοῦ,
1406 2446 1501 2500 καὶ
1530 2448 1796 2517 νικήσεις,
1827 2448 1924 2502 καὶ
1954 2446 2159 2517 ζήσεις.

1351 2579 1683 2647 ΑΝτιοοΗυε,
1713 2579 1937 2634 homilia
1963 2578 2085 2633 ΗΟ.

141 2680 219 2732 Ἦ
245 2679 357 2753 γὰρ
390 2679 638 2754 ὀξυχολία
659 2727 674 2752 ,
710 2688 923 2761 πονηρὰ
952 2684 1105 2755 οὖσα,
1141 2694 1503 2764 καταστρέφει
1538 2695 1667 2757 τοὺς

1843 2691 1987 2746 Nam
2017 2695 2324 2762 iracundia,
2358 2712 2475 2748 cum
2512 2711 2676 2763 prava
2697 2694 2800 2758 sit,
2831 2692 2881 2746 vi
2913 2708 3009 2746 sua
3037 2691 3219 2745 evertit
3245 2708 3363 2746 ser.

45 2772 292 2836 δούλους
308 2773 404 2826 τοῦ
438 2775 571 2829 Θεοῦ
600 2780 666 2850 τῇ
700 2780 903 2852 ἑαυτῆς
936 2783 1206 2857 ἐνεργείᾳ.
1252 2786 1419 2839 Ὅταν
1448 2785 1558 2857 γὰρ
1580 2787 1666 2860 ἴδῃ

1774 2802 1855 2839 vos
1890 2785 2005 2839 Dei.
2038 2787 2253 2852 Quoties
2281 2788 2419 2842 enim
2452 2788 2639 2841 viderit
2668 2786 2855 2840 dubios
2893 2786 3153 2852 homines,
3180 2785 3356 2853 injicit

45 2868 199 2928 τοὺς
229 2864 548 2938 ἀνθρώπους
580 2871 980 2938 εὐσταθοῦντας
1012 2875 1147 2949 (86),
1179 2877 1511 2948 παραϐάλλει
1533 2881 1663 2932 ἐαυ-

47 2961 169 3030 τὴν
192 2960 274 3022 είς
308 2960 410 3031 τὴν
440 2962 665 3034 καρδίαν
687 2964 781 3018 τοῦ
818 2966 1131 3038 ἀνθρώπου,
1159 2970 1252 3022 καὶ
1281 2971 1346 3023 ἐκ
1371 2970 1463 3022 τοῦ
1496 2971 1660 3041 μηδε-

1766 2894 1820 2931 se
1846 2880 1902 2931 in
1940 2895 2030 2932 cor
2056 2879 2328 2947 hominis;
2370 2891 2419 2933 et
2450 2882 2513 2934 de
2545 2880 2712 2933 nihilo
2738 2880 2891 2932 homo
2937 2878 3353 2931 amaritudinem

1768 2971 2024 3039 percipit,
2061 2980 2275 3042 propter
2314 2989 2394 3025 res
2436 2988 2553 3042 qua:
2590 2982 2713 3025 sunt
2754 2972 2811 3025 in
2837 2972 2959 3025 vita:
2980 2987 3101 3035 usu,
3134 2980 3227 3024 aut
3264 2987 3360 3040 pro

50 3053 157 3115 νὸς
188 3052 531 3124 πικραίνεται
552 3095 566 3119 ,
608 3054 794 3110 ἕνεκεν
826 3057 1096 3127 βιωτικῶν
1124 3062 1464 3133 πραγμάτων
1502 3062 1535 3133 ἢ
1566 3080 1663 3115 πε-

1774 3063 2040 3127 convictu;
2088 3073 2181 3115 aut
2216 3080 2310 3133 pro
2341 3063 2520 3133 aliquo
2554 3062 2705 3116 verbo
2727 3103 2741 3129 ,
2774 3062 2822 3115 si
2851 3061 2990 3133 quod
3030 3060 3240 3122 incidit,
3271 3076 3362 3113 su-

58 3144 123 3217 ρ“ι
157 3143 496 3213 ἐδεσμάτων,
533 3146 567 3216 ἦ
597 3147 678 3199 ὅτι
707 3150 1027 3221 μικρολογία
1056 3168 1141 3215 τις
1162 3153 1415 3207 ἐνέπεσεν
1441 3154 1664 3225 μάταια,

52 3236 93 3306 ἢ
133 3236 273 3307 περὶ
314 3235 532 3301 δόσεως.
585 3236 769 3292 Ταῦτα
818 3240 929 3313 γὰρ
964 3242 1144 3297 πάντα
1195 3244 1353 3316 μωρά
1400 3247 1536 3312 ἐστι,
1572 3248 1668 3299 καὶ

54 3327 210 3382 κενὰ
242 3330 357 3391 τοῖς
378 3329 582 3392 δούλοις
599 3330 693 3383 τοῦ
721 3332 877 3386 Θεοῦ.
927 3334 991 3386 Ἦ
1020 3335 1077 3387 δὲ
1116 3336 1464 3408 μακροθυμία
1497 3339 1667 3408 μεγά-

54 3421 132 3489 λη
167 3419 318 3472 ὲστὶν
360 3422 453 3474 καὶ
494 3422 721 3493 ἰσχυρὰ,
764 3424 963 3495 ἔχουσα
1007 3426 1235 3498 δύναμιν
1272 3428 1548 3500 στιϐαρὰν,
1575 3432 1669 3483 καὶ

56 3509 315 3579 εὐθύνει,
342 3515 434 3567 καὶ
456 3514 835 3588 ἀγαλλιωμένη
866 3518 1167 3591 ἁμέριμνος
1188 3515 1321 3574 οὖσα
1343 3521 1552 3587 δοξάζει
1577 3524 1668 3577 τὸν

57 3603 319 3675 Κύριον,
355 3606 519 3677 μηδὲν
558 3610 617 3662 ὲν
658 3610 793 3682 αὐτῇ
835 3610 1031 3680 ἔχουσα
1072 3614 1299 3684 πικρὸν,
1329 3613 1462 3667 διότι
1492 3616 1669 3687 πραΰς

56 3697 193 3748 ἐστι
234 3698 330 3748 καὶ
361 3698 598 3769 ἡσύχιος.
644 3701 791 3774 Αὕτη
816 3699 907 3756 οὖν
952 3706 986 3775 ή
1038 3705 1384 3776 μακροθυμία
1428 3711 1673 3760 κατοικεῖ

61 3784 221 3856 μετὰ
242 3785 354 3838 τῶν
382 3787 479 3858 τὴν
510 3790 693 3843 πίστιν
729 3790 961 3860 ἐχόντων
1001 3791 1312 3864 ὁλόκληρον.
1350 3794 1414 3846 'H
1460 3795 1517 3847 δὲ
1550 3794 1672 3861 ὀξυ-

56 3874 235 3947 χολία
273 3875 462 3947 ἄφρων
507 3880 654 3934 ἐστίν
675 3898 689 3911 ·
723 3877 840 3935 εἶτα
859 3922 873 3948 ,
904 3884 969 3935 ἐκ
995 3884 1093 3955 τῆς
1129 3884 1439 3955 ἀφροσύνης
1464 3885 1671 3953 γίνεται

59 3964 303 4035 πικρία,
341 3968 408 4019 ἐκ.
438 3968 495 4021 δέ
529 3970 628 4041 τῆς
666 3972 891 4040 πικρίας
927 3972 1115 4044 θυμὸς,
1157 3977 1221 4028 ὲκ
1261 3976 1318 4029 δὲ
1368 3977 1467 4048 τῆς
1505 3978 1673 4049 ὀργῆς

63 4058 265 4127 μῆνις.
301 4058 373 4110 Τὸ
393 4055 486 4120 οὖν
511 4061 663 4130 ἅγιον
690 4064 934 4136 Πνεῦμα,
967 4064 1043 4127 ὡς
1073 4067 1341 4137 τρυφερὸν
1364 4067 1443 4131 ὃν,
1479 4068 1573 4121 καὶ
1599 4068 1673 4139 μὴ

59 4150 206 4219 ἕχον
233 4151 519 4223 συνήθειαν
544 4155 682 4226 μετά
711 4157 805 4211 τοῦ
830 4157 1066 4229 σκληροῦ
1101 4160 1194 4211 καὶ
1230 4160 1467 4231 πονηροῦ
1507 4161 1673 4215 πνεύ-

66 4256 279 4311 ματος,
331 4243 610 4316 ἀποχωρεῖ
642 4248 751 4301 ἀπὸ
797 4249 891 4302 τοῦ
942 4250 1182 4304 τοιούτου
1224 4251 1533 4323 ἀνθρώπου,
1581 4256 1676 4307 καὶ

64 4332 242 4402 ζητεῖ
277 4332 368 4385 τοῦ
405 4339 725 4409 κατοικῆσαι
753 4341 889 4412 μετὰ
923 4341 1033 4395 τοῦ·
1057 4343 1431 4415 μακροθύμου,
1459 4347 1551 4400 καὶ
1586 4348 1675 4414 γί-

1768 3169 2059 3223 pervacuo;
2092 3163 2186 3208 aut
2226 3171 2321 3224 pro
2365 3155 2492 3208 dato
2530 3164 2580 3208 et
2623 3155 2818 3207 debito.
2868 3152 2997 3207 Haec
3023 3153 3159 3206 enim
3184 3153 3363 3205 omnia

1768 3247 1937 3301 stulta
1960 3256 2106 3314 sunt,
2133 3259 2183 3303 et
2206 3264 2531 3317 supervacua
2557 3258 2607 3301 et
2636 3264 2771 3301 vana
2797 3246 2959 3299 servis
2988 3245 3106 3298 Dei.
3151 3244 3363 3314 Equa-

1770 3341 1987 3393 nimitas
2011 3351 2187 3394 autem
2215 3338 2397 3394 valida
2431 3350 2507 3393 est
2534 3348 2582 3392 et
2610 3339 2768 3408 fortis
2790 3378 2805 3403 ,
2839 3347 2889 3391 et
2936 3336 3090 3389 habet
3114 3337 3361 3389 virtutem

1770 3448 2041 3502 magnam,
2072 3443 2124 3486 et
2146 3433 2494 3503 amplissimis
2527 3432 2679 3484 rebus
2712 3431 2932 3499 fruitur,
2980 3438 3029 3483 et
3072 3428 3261 3481 hilaris
3304 3427 3363 3478 in

1770 3540 1897 3593 pace
1938 3524 2171 3595 gaudens
2213 3524 2530 3592 honori/icat
2574 3522 2897 3586 Dominum;
2928 3519 3062 3573 nihil
3095 3521 3150 3572 in
3180 3534 3233 3571 se
3260 3517 3363 3569 ha-

1773 3615 1895 3668 bens
1927 3616 2121 3679 amari,
2149 3616 2276 3685 quia
2306 3622 2583 3667 mansueta
2625 3622 2703 3667 est
2742 3622 2791 3667 et
2820 3614 3014 3682 quieta.
3068 3609 3200 3663 ch
3240 3623 3364 3677 ergo

1773 3707 2145 3777 aequanimitas
2188 3704 2396 3760 habitat
2441 3721 2560 3758 cum
2607 3705 2714 3771 iis,
2756 3706 2845 3773 qui
2899 3703 3058 3773 ﬁdem
3104 3705 3365 3770 integram
3465 3710 3467 3713 ‘

1772 3798 2062 3867 possident.
2086 3798 2156 3850 At
2179 3798 2463 3851 iracundia
2487 3796 2655 3850 stulta
2684 3806 2794 3859 est;
2822 3796 3010 3849 deinde
3031 3793 3095 3846 de
3134 3792 3366 3847 stultitia

1775 3892 2017 3947 nascitur
2042 3890 2365 3957 amaritudo,
2399 3899 2448 3943 et
2478 3905 2542 3943 ea:
2572 3889 2933 3942 amaritudine
2962 3884 3268 3949 iracundia,
3299 3898 3365 3937 ea;

1772 3982 2059 4036 iracundia
2081 3996 2199 4034 vero
2224 3980 2393 4049 furor.
2425 3977 2654 4033 Sanctus
2683 3993 2804 4047 ergo
2837 3974 3091 4045 Spiritus,
3120 3984 3176 4027 ut
3202 3983 3365 4038 tener,

1776 4089 1867 4127 nec
1896 4074 2099 4127 morari
2120 4071 2309 4125 solitus
2333 4086 2451 4123 cum
2482 4070 2619 4121 duro
2648 4084 2710 4120 ac
2745 4066 2885 4119 malo
2914 4065 3103 4134 spiritu
3124 4105 3139 4129 ,
3170 4063 3365 4117 recedit

1775 4164 1839 4218 ab
1866 4165 2129 4235 ejusmodi
2172 4163 2401 4227 homine,
2446 4170 2496 4214 et
2542 4160 2737 4230 quwrit
2782 4157 3022 4211 habitare
3060 4171 3181 4208 cum
3210 4170 3365 4206 man-

1777 4260 1961 4317 sueto;
1989 4262 2036 4306 et
2065 4253 2124 4322 ﬁt
2154 4252 2308 4304 homo
2338 4250 2428 4303 ille
2456 4265 2649 4303 vacuus
2682 4265 2714 4301 a
2739 4246 2945 4317 Spiritu
2967 4246 3141 4315 justo,
3170 4253 3218 4297 et
3249 4260 3366 4296 om-

1779 4350 1902 4401 nino
1926 4347 2224 4399 obcwcatur
2249 4360 2280 4395 a
2304 4342 2623 4412 cogitatione
2648 4340 2801 4395 bona.

60 4440 235 4479 νεται
275 4428 305 4480 ὁ
342 4428 627 4502 ἄνθρωπος
665 4437 871 4503 ἐκεῖνος
907 4436 1062 4505 κενὸς
1094 4437 1188 4497 τοῦ
1231 4438 1542 4511 πνεύματος
1577 4442 1672 4496 τοῦ
1716 4443 1948 4505 δικαίου,
1990 4440 2085 4493 καὶ
2120 4437 2255 4500 ὅλως
2305 4433 2706 4504 ἀππυφλοῦται
2754 4433 2863 4487 ἀπὸ
2883 4433 2981 4504 τῆς
3001 4432 3233 4495 διανοίας
3272 4429 3374 4499 τῆς

66 4519 321 4591 ἀγαθῆς.

255 4693 346 4751 De
371 4697 782 4774 agnoscendis
816 4701 1313 4785 uniuscujusque
1345 4605 1890 4764 ἠοῗιίξιῗξιῗαῖῗιῗὶ
1922 4604 2151 4780 ginis,
2187 4704 2245 4758 ct
2271 4697 2602 4775 utriusque
2634 4693 3187 4775 inspirationibus.

1573 4823 1806 4881 CAPUT
1843 4822 1885 4878 Ι.

160 4925 281 4999 (87)
321 4924 701 4996 Ἐνετειλάμην
746 4941 829 4979 σοι
876 4925 935 4979 ὲν
978 4925 1046 4997 τῇ
1094 4923 1286 4998 πρώτῃ
1333 4925 1554 4996 ἐντολῇ,
1594 4924 1681 4977 ἵνα

1855 4920 2264 4990 Ριτιιιοορετοιη,
2302 4916 2514 4987 inquit,
2553 4914 2649 4967 tibi
2691 4912 2744 4965 in
2789 4910 2967 4980 primo
3008 4906 3283 4973 Mandata,
3312 4914 3372 4961 ut

1180 5057 1417 5113 VARUE
1458 5054 1846 5113 LECTIONES
1883 5054 1976 5109 ET
2015 5050 2254 5108 NOTIE.

163 5153 288 5225 (80)
325 5151 413 5208 CI.
452 5150 887 5225 Montfauconus
919 5152 1066 5219 haec,
1109 5154 1180 5225 ἐκ
1205 5152 1267 5225 δὲ,
1292 5152 1392 5221 τῆς
1423 5151 1681 5225 πικρίας,

80 5221 489 5353 gité.;1ef{3nt
518 5223 573 5277 in
616 5238 718 5278 suo
768 5223 978 5291 codice,
1028 5223 1298 5293 supplevit
1329 5238 1394 5277 ex
1425 5221 1683 5276 Antiochi

127 5313 247 5351 omt
279 5335 292 5347 .
434 5333 448 5346 .

127 5313 292 5351 omn.
322 5313 346 5346 ‘l
362 5313 448 5346 ιυ.

193 5367 288 5433 81)
328 5363 482 5417 Bodl.
514 5372 745 5429 creatus,
777 5363 907 5433 facit
937 5376 1232 5433 peccatum.

168 5366 287 5507 282)
330 5433 424 5507 Sic
464 5432 666 5507 Ecllus.
708 5434 792 5490 Al.
826 5436 943 5501 hos,
980 5452 1085 5491 ms.
1117 5435 1232 5489 Car:

191 5435 287 5503 8‘2)
330 5433 424 5487 Sic
467 5432 666 5495 Fcllus.
708 5432 792 5490 Al.
826 5432 945 5501 hos,
980 5452 1085 5491 ms.
1117 5435 1305 5489 Carm.
1354 5432 1469 5486 hoc.
1516 5432 1592 5487 Ita
1634 5438 1689 5487 et

88 5504 297 5564 Lamb.
327 5504 398 5557 ab
430 5504 535 5557 alia
571 5521 757 5561 manu.

172 5576 291 5648 (83)
321 5573 397 5628 Ita
445 5572 627 5648 Fellus
666 5590 733 5629 ex
776 5590 912 5648 mss.
956 5576 1114 5648 Angl.
1159 5574 1238 5648 Ita
1286 5573 1571 5648 et_Carm._
1621 5572 1689 5648 At

93 5642 247 5703 Vict.
274 5642 437 5698 bona.
473 5643 583 5710 Sic,
624 5654 729 5699 etc.
772 5645 936 5710 Editi,
983 5642 1148 5701 mala.
1199 5644 1419 5710 Recede,
1465 5642 1689 5696 omissis

92 5714 334 5785 vocibus
363 5718 721 5783 intermediis.
755 5715 967 5779 Videsis
989 5717 1215 5791 Graeca,
1243 5714 1445 5787 quibus
1486 5711 1688 5777 conﬁt?-

1790 5159 1971 5205 matur
1997 5147 2158 5201 lectio
2184 5161 2287 5200 ms.
2319 5143 2462 5199 Vict.
2490 5140 2581 5195 Sic
2618 5138 2746 5208 legit
2770 5146 2823 5193 et
2852 5135 3174 5190 Antiochus.

1864 5220 1978 5288 (84)
2002 5217 2206 5288 Fellus,
2236 5213 2707 5288 (equanimitatem.
2742 5280 2754 5288 _
3061 5276 3073 5287 _

1880 5280 1970 5359 85)
2005 5287 2161 5341 Bodl.
2191 5280 2245 5340 et
2269 5280 2463 5359 Lamb.
2494 5280 2907 5359 dgniinationem
2935 5280 3123 5359 egeris.

1880 5295 1970 5359 85)
2005 5295 2161 5341 Bodl.
2191 5295 2245 5340 et
2270 5295 2463 5339 Lamb.
2494 5295 2907 5335 dominationem
2935 5295 3123 5345 egens.

1855 5295 1970 5431 $86)
2002 5356 2488 5431 Εὺσταᾷοιξνντας.
2518 5349 2839 5431 Tranquillo.
2858 5356 3004 5401 statu
3026 5352 3246 5424 utentes.
3266 5341 3371 5431 go-

1786 5412 2011 5487 teleriils
2056 5429 2263 5480 mavult
2291 5412 2685 5483 δυστάτοῦντας
2713 5420 2795 5473 vcl
2825 5414 3231 5476 ὲνστατοῦντας.
3264 5412 3374 5487 Att-

1786 5480 2091 5557 dif—tanien
2132 5499 2185 5551 in
2230 5505 2359 5550 nota
2405 5495 2565 5548 aliam
2618 5480 2721 5546 ms.
2761 5488 2893 5557 Reg.
2932 5487 3242 5547 lectionem,
3285 5480 3375 5535 εὺο

1788 5571 1921 5626 σταθ
1931 5568 2184 5641 μοιξντας.

1860 5622 1973 5711 (Si)
2010 5639 2087 5694 Ex
2114 5622 2298 5693 Doctr.
2325 5635 2392 5689 ad
2420 5632 2686 5700 Antioch.,
2716 5645 2865 5686 num.
2899 5626 2952 5695 6,
2982 5640 3104 5703 pag.
3135 5622 3274 5684 254.
