  <div class='ocr_page' id='page_1' title='image "/cluster/home/n/w/nwhite01/storage/ocr_20150623/2/nnc1.0114695790/535.png"; bbox 0 0 3822 6218; ppageno 0'>
   <div class='ocr_carea' id='block_1_1' title="bbox 484 331 591 387">
    <p class='ocr_par' dir='ltr' id='par_1_1' title="bbox 484 331 591 387">
     <span class='ocr_line' id='line_1_1' title="bbox 484 331 591 387; baseline -0.019 0"><span class='ocrx_word' id='word_1_1' title='bbox 484 331 591 387; x_wconf 68' lang='lat'><strong>921</strong></span> 
     </span>
    </p>
   </div>
   <div class='ocr_carea' id='block_1_2' title="bbox 1950 331 2310 390">
    <p class='ocr_par' dir='ltr' id='par_1_2' title="bbox 1950 331 2310 390">
     <span class='ocr_line' id='line_1_2' title="bbox 1950 331 2310 390; baseline 0.011 -3"><span class='ocrx_word' id='word_1_2' title='bbox 1950 331 2005 388; x_wconf 90' lang='lat' dir='ltr'><strong>S.</strong></span> <span class='ocrx_word' id='word_1_3' title='bbox 2046 333 2310 390; x_wconf 66' lang='lat' dir='ltr'><strong>HE‘RDLE</strong></span> 
     </span>
    </p>
   </div>
   <div class='ocr_carea' id='block_1_3' title="bbox 3653 334 3767 389">
    <p class='ocr_par' dir='ltr' id='par_1_3' title="bbox 3653 334 3767 389">
     <span class='ocr_line' id='line_1_3' title="bbox 3653 334 3767 389; baseline 0 -28"><span class='ocrx_word' id='word_1_4' title='bbox 3653 334 3767 389; x_wconf 62' lang='lat'><strong>9,3,</strong></span> 
     </span>
    </p>
   </div>
   <div class='ocr_carea' id='block_1_4' title="bbox 482 424 2056 503">
    <p class='ocr_par' dir='ltr' id='par_1_4' title="bbox 482 424 2055 497">
     <span class='ocr_line' id='line_1_4' title="bbox 482 424 2055 497; baseline 0.001 -17"><span class='ocrx_word' id='word_1_5' title='bbox 482 424 788 481; x_wconf 89' lang='lat' dir='ltr'><strong>custodires</strong></span> <span class='ocrx_word' id='word_1_6' title='bbox 819 425 1008 491; x_wconf 73' lang='lat' dir='ltr'><strong>ﬁdem,</strong></span> <span class='ocrx_word' id='word_1_7' title='bbox 1034 434 1088 481; x_wconf 85' lang='lat' dir='ltr'><strong>et</strong></span> <span class='ocrx_word' id='word_1_8' title='bbox 1120 426 1395 493; x_wconf 82' lang='lat' dir='ltr'><strong>timorem,</strong></span> <span class='ocrx_word' id='word_1_9' title='bbox 1438 436 1494 483; x_wconf 85' lang='lat' dir='ltr'><strong>et</strong></span> <span class='ocrx_word' id='word_1_10' title='bbox 1516 427 1895 497; x_wconf 65' lang='lat' dir='ltr'><strong>paenitentiam</strong></span> <span class='ocrx_word' id='word_1_11' title='bbox 1918 425 2055 493; x_wconf 89' lang='lat'><strong>(88).</strong></span> 
     </span>
    </p>
   </div>
   <div class='ocr_carea' id='block_1_5' title="bbox 2223 424 3757 503">
    <p class='ocr_par' dir='ltr' id='par_1_5' title="bbox 2223 426 3757 503">
     <span class='ocr_line' id='line_1_5' title="bbox 2223 426 3757 503; baseline -0.007 -17"><span class='ocrx_word' id='word_1_12' title='bbox 2223 430 2410 503; x_wconf 79' lang='grc' dir='ltr'>›λάξῃς</span> <span class='ocrx_word' id='word_1_13' title='bbox 2438 431 2540 503; x_wconf 79' lang='grc' dir='ltr'><strong>τὴν</strong></span> <span class='ocrx_word' id='word_1_14' title='bbox 2582 429 2763 486; x_wconf 83' lang='grc' dir='ltr'>πίστιν</span> <span class='ocrx_word' id='word_1_15' title='bbox 2791 433 2885 485; x_wconf 80' lang='grc' dir='ltr'>καὶ</span> <span class='ocrx_word' id='word_1_16' title='bbox 2912 431 3005 485; x_wconf 84' lang='grc' dir='ltr'><strong>τὸν</strong></span> <span class='ocrx_word' id='word_1_17' title='bbox 3034 428 3218 499; x_wconf 82' lang='grc' dir='ltr'>φόϐον,</span> <span class='ocrx_word' id='word_1_18' title='bbox 3252 427 3344 482; x_wconf 76' lang='grc' dir='ltr'>καὶ</span> <span class='ocrx_word' id='word_1_19' title='bbox 3375 426 3757 498; x_wconf 72' lang='grc' dir='ltr'>ἐγκρατεύσῃ.</span> 
     </span>
    </p>
   </div>
   <div class='ocr_carea' id='block_1_6' title="bbox 480 518 2051 589">
    <p class='ocr_par' dir='ltr' id='par_1_6' title="bbox 480 518 2051 589">
     <span class='ocr_line' id='line_1_6' title="bbox 480 518 2051 589; baseline -0.001 -15"><span class='ocrx_word' id='word_1_20' title='bbox 480 519 683 585; x_wconf 83' lang='lat' dir='ltr'><strong>Etiam,</strong></span> <span class='ocrx_word' id='word_1_21' title='bbox 728 518 986 589; x_wconf 87' lang='lat' dir='ltr'><strong>inquam,</strong></span> <span class='ocrx_word' id='word_1_22' title='bbox 1035 520 1276 575; x_wconf 83' lang='lat' dir='ltr'><strong>domine.</strong></span> <span class='ocrx_word' id='word_1_23' title='bbox 1315 519 1382 574; x_wconf 85' lang='lat' dir='ltr'><strong>Et</strong></span> <span class='ocrx_word' id='word_1_24' title='bbox 1415 521 1594 576; x_wconf 83' lang='lat' dir='ltr'><strong>dixit:</strong></span> <span class='ocrx_word' id='word_1_25' title='bbox 1625 520 1733 575; x_wconf 89' lang='lat' dir='ltr'><strong>Sed</strong></span> <span class='ocrx_word' id='word_1_26' title='bbox 1770 536 1917 575; x_wconf 86' lang='lat' dir='ltr'><strong>nune</strong></span> <span class='ocrx_word' id='word_1_27' title='bbox 1956 519 2051 575; x_wconf 91' lang='lat' dir='ltr'><strong>tibi</strong></span> 
     </span>
    </p>
   </div>
   <div class='ocr_carea' id='block_1_7' title="bbox 478 612 2065 678">
    <p class='ocr_par' dir='ltr' id='par_1_7' title="bbox 478 612 2065 678">
     <span class='ocr_line' id='line_1_7' title="bbox 478 612 2065 678; baseline -0.001 -10"><span class='ocrx_word' id='word_1_28' title='bbox 478 612 609 668; x_wconf 90' lang='lat' dir='ltr'><strong>volo</strong></span> <span class='ocrx_word' id='word_1_29' title='bbox 648 618 956 666; x_wconf 88' lang='lat' dir='ltr'><strong>monstrare</strong></span> <span class='ocrx_word' id='word_1_30' title='bbox 1011 612 1237 667; x_wconf 91' lang='lat' dir='ltr'><strong>virtutes</strong></span> <span class='ocrx_word' id='word_1_31' title='bbox 1279 614 1476 667; x_wconf 89' lang='lat' dir='ltr'><strong>horum</strong></span> <span class='ocrx_word' id='word_1_32' title='bbox 1520 614 1904 668; x_wconf 74' lang='lat' dir='ltr'><strong>mandatorum</strong></span> <span class='ocrx_word' id='word_1_33' title='bbox 1929 651 1945 678; x_wconf 84' lang='lat'><strong>,</strong></span> <span class='ocrx_word' id='word_1_34' title='bbox 2000 620 2065 667; x_wconf 88' lang='lat' dir='ltr'><strong>ut</strong></span> 
     </span>
    </p>
   </div>
   <div class='ocr_carea' id='block_1_8' title="bbox 480 703 2066 775">
    <p class='ocr_par' dir='ltr' id='par_1_8' title="bbox 480 703 2066 775">
     <span class='ocr_line' id='line_1_8' title="bbox 480 703 2066 775; baseline -0.001 -15"><span class='ocrx_word' id='word_1_35' title='bbox 480 706 625 760; x_wconf 88' lang='lat' dir='ltr'><strong>scias</strong></span> <span class='ocrx_word' id='word_1_36' title='bbox 644 703 869 759; x_wconf 76' lang='lat' dir='ltr'><strong>eﬂ‘ectus</strong></span> <span class='ocrx_word' id='word_1_37' title='bbox 894 704 1131 767; x_wconf 85' lang='lat' dir='ltr'><strong>illorum,</strong></span> <span class='ocrx_word' id='word_1_38' title='bbox 1157 707 1435 774; x_wconf 89' lang='lat' dir='ltr'><strong>quomodo</strong></span> <span class='ocrx_word' id='word_1_39' title='bbox 1453 706 1566 774; x_wconf 86' lang='grc'>(89)</span> <span class='ocrx_word' id='word_1_40' title='bbox 1594 708 1708 775; x_wconf 89' lang='lat' dir='ltr'><strong>ipsa</strong></span> <span class='ocrx_word' id='word_1_41' title='bbox 1731 706 1909 775; x_wconf 88' lang='lat' dir='ltr'><strong>posita</strong></span> <span class='ocrx_word' id='word_1_42' title='bbox 1933 712 2066 759; x_wconf 86' lang='lat' dir='ltr'><strong>sunt</strong></span> 
     </span>
    </p>
   </div>
   <div class='ocr_carea' id='block_1_9' title="bbox 478 796 2066 867">
    <p class='ocr_par' dir='ltr' id='par_1_9' title="bbox 478 796 2066 867">
     <span class='ocr_line' id='line_1_9' title="bbox 478 796 2066 867; baseline 0 -16"><span class='ocrx_word' id='word_1_43' title='bbox 478 797 546 851; x_wconf 91' lang='lat' dir='ltr'><strong>ad</strong></span> <span class='ocrx_word' id='word_1_44' title='bbox 568 797 777 867; x_wconf 79' lang='lat' dir='ltr'><strong>justum</strong></span> <span class='ocrx_word' id='word_1_45' title='bbox 802 797 1007 865; x_wconf 90' lang='lat' dir='ltr'><strong>pariter</strong></span> <span class='ocrx_word' id='word_1_46' title='bbox 1036 807 1092 850; x_wconf 91' lang='lat' dir='ltr'><strong>et</strong></span> <span class='ocrx_word' id='word_1_47' title='bbox 1121 798 1407 866; x_wconf 86' lang='lat' dir='ltr'><strong>injustum.</strong></span> <span class='ocrx_word' id='word_1_48' title='bbox 1440 798 1521 852; x_wconf 93' lang='lat' dir='ltr'><strong>Tu</strong></span> <span class='ocrx_word' id='word_1_49' title='bbox 1562 799 1747 867; x_wconf 86' lang='lat' dir='ltr'><strong>itaque</strong></span> <span class='ocrx_word' id='word_1_50' title='bbox 1774 797 1933 853; x_wconf 85' lang='lat' dir='ltr'><strong>crede</strong></span> <span class='ocrx_word' id='word_1_51' title='bbox 1971 796 2066 866; x_wconf 85' lang='lat' dir='ltr'><strong>ju-</strong></span> 
     </span>
    </p>
   </div>
   <div class='ocr_carea' id='block_1_10' title="bbox 478 889 2067 957">
    <p class='ocr_par' dir='ltr' id='par_1_10' title="bbox 478 889 2067 957">
     <span class='ocr_line' id='line_1_10' title="bbox 478 889 2067 957; baseline 0 -15"><span class='ocrx_word' id='word_1_52' title='bbox 478 898 601 956; x_wconf 85' lang='lat' dir='ltr'><strong>sto;</strong></span> <span class='ocrx_word' id='word_1_53' title='bbox 657 889 864 957; x_wconf 84' lang='lat' dir='ltr'><strong>injusto</strong></span> <span class='ocrx_word' id='word_1_54' title='bbox 912 898 1094 944; x_wconf 91' lang='lat' dir='ltr'><strong>autem</strong></span> <span class='ocrx_word' id='word_1_55' title='bbox 1145 890 1279 943; x_wconf 88' lang='lat' dir='ltr'><strong>nihil</strong></span> <span class='ocrx_word' id='word_1_56' title='bbox 1315 892 1494 947; x_wconf 82' lang='lat' dir='ltr'><strong>crede.</strong></span> <span class='ocrx_word' id='word_1_57' title='bbox 1535 890 1755 948; x_wconf 84' lang='lat' dir='ltr'><strong>Justitia</strong></span> <span class='ocrx_word' id='word_1_58' title='bbox 1783 890 1929 945; x_wconf 89' lang='lat' dir='ltr'><strong>enim</strong></span> <span class='ocrx_word' id='word_1_59' title='bbox 1978 904 2067 943; x_wconf 86' lang='lat' dir='ltr'><strong>re-</strong></span> 
     </span>
    </p>
   </div>
   <div class='ocr_carea' id='block_1_11' title="bbox 476 980 2069 1053">
    <p class='ocr_par' dir='ltr' id='par_1_11' title="bbox 476 980 2069 1053">
     <span class='ocr_line' id='line_1_11' title="bbox 476 980 2069 1053; baseline -0.001 -18"><span class='ocrx_word' id='word_1_60' title='bbox 476 989 622 1035; x_wconf 89' lang='lat' dir='ltr'><strong>ctam</strong></span> <span class='ocrx_word' id='word_1_61' title='bbox 652 980 796 1035; x_wconf 87' lang='lat' dir='ltr'><strong>viam</strong></span> <span class='ocrx_word' id='word_1_62' title='bbox 840 983 1035 1047; x_wconf 85' lang='lat' dir='ltr'><strong>habet;</strong></span> <span class='ocrx_word' id='word_1_63' title='bbox 1067 990 1121 1035; x_wconf 89' lang='lat' dir='ltr'><strong>at</strong></span> <span class='ocrx_word' id='word_1_64' title='bbox 1150 981 1418 1050; x_wconf 84' lang='lat' dir='ltr'><strong>injustitia</strong></span> <span class='ocrx_word' id='word_1_65' title='bbox 1453 1000 1698 1053; x_wconf 84' lang='lat' dir='ltr'><strong>pravam.</strong></span> <span class='ocrx_word' id='word_1_66' title='bbox 1747 981 1851 1037; x_wconf 88' lang='lat' dir='ltr'><strong>Sed</strong></span> <span class='ocrx_word' id='word_1_67' title='bbox 1890 989 1951 1035; x_wconf 91' lang='lat' dir='ltr'><strong>tu</strong></span> <span class='ocrx_word' id='word_1_68' title='bbox 1982 994 2069 1034; x_wconf 88' lang='lat' dir='ltr'><strong>re-</strong></span> 
     </span>
    </p>
   </div>
   <div class='ocr_carea' id='block_1_12' title="bbox 477 1071 2070 1143">
    <p class='ocr_par' dir='ltr' id='par_1_12' title="bbox 477 1071 2070 1143">
     <span class='ocr_line' id='line_1_12' title="bbox 477 1071 2070 1143; baseline 0.001 -20"><span class='ocrx_word' id='word_1_69' title='bbox 477 1077 622 1123; x_wconf 89' lang='lat' dir='ltr'><strong>ctam</strong></span> <span class='ocrx_word' id='word_1_70' title='bbox 651 1071 796 1125; x_wconf 90' lang='lat' dir='ltr'><strong>viam</strong></span> <span class='ocrx_word' id='word_1_71' title='bbox 824 1072 1059 1136; x_wconf 88' lang='lat' dir='ltr'><strong>custodi,</strong></span> <span class='ocrx_word' id='word_1_72' title='bbox 1089 1087 1315 1140; x_wconf 82' lang='lat' dir='ltr'><strong>pravam</strong></span> <span class='ocrx_word' id='word_1_73' title='bbox 1352 1084 1533 1129; x_wconf 90' lang='lat' dir='ltr'><strong>autem</strong></span> <span class='ocrx_word' id='word_1_74' title='bbox 1574 1075 1843 1143; x_wconf 79' lang='lat' dir='ltr'><strong>relinque.</strong></span> <span class='ocrx_word' id='word_1_75' title='bbox 1894 1071 2070 1126; x_wconf 88' lang='lat' dir='ltr'><strong>Prava</strong></span> 
     </span>
    </p>
   </div>
   <div class='ocr_carea' id='block_1_13' title="bbox 2174 518 3761 595">
    <p class='ocr_par' dir='ltr' id='par_1_13' title="bbox 2174 518 3761 595">
     <span class='ocr_line' id='line_1_13' title="bbox 2174 518 3761 595; baseline -0.004 -19"><span class='ocrx_word' id='word_1_76' title='bbox 2174 523 2530 594; x_wconf 75' lang='lat' dir='ltr'><strong>&#39;ArcsxpthV&#39;</strong></span> <span class='ocrx_word' id='word_1_77' title='bbox 2566 524 2691 587; x_wconf 72' lang='grc' dir='ltr'>Ναὶ,</span> <span class='ocrx_word' id='word_1_78' title='bbox 2723 523 2877 595; x_wconf 87' lang='grc' dir='ltr'>κύριε</span> <span class='ocrx_word' id='word_1_79' title='bbox 2900 562 2915 588; x_wconf 97' lang='grc'><strong>,</strong></span> <span class='ocrx_word' id='word_1_80' title='bbox 2948 522 3120 586; x_wconf 81' lang='grc' dir='ltr'>οὓτως</span> <span class='ocrx_word' id='word_1_81' title='bbox 3155 520 3320 574; x_wconf 88' lang='grc' dir='ltr'>ἐστίν.</span> <span class='ocrx_word' id='word_1_82' title='bbox 3366 518 3552 588; x_wconf 77' lang='grc' dir='ltr'><strong>Λέγει⁹</strong></span> <span class='ocrx_word' id='word_1_83' title='bbox 3608 518 3761 571; x_wconf 55' lang='lat' dir='ltr'>Alli</span> 
     </span>
    </p>
   </div>
   <div class='ocr_carea' id='block_1_14' title="bbox 2155 610 3761 686">
    <p class='ocr_par' dir='ltr' id='par_1_14' title="bbox 2155 610 3761 686">
     <span class='ocr_line' id='line_1_14' title="bbox 2155 610 3761 686; baseline -0.005 -16"><span class='ocrx_word' id='word_1_84' title='bbox 2155 614 2252 670; x_wconf 79' lang='grc' dir='ltr'>νῦν</span> <span class='ocrx_word' id='word_1_85' title='bbox 2291 614 2429 669; x_wconf 84' lang='grc' dir='ltr'><strong>θέλω</strong></span> <span class='ocrx_word' id='word_1_86' title='bbox 2464 632 2546 667; x_wconf 86' lang='grc' dir='ltr'><strong>σοι</strong></span> <span class='ocrx_word' id='word_1_87' title='bbox 2580 614 2814 686; x_wconf 88' lang='grc' dir='ltr'>δηλῶσαι</span> <span class='ocrx_word' id='word_1_88' title='bbox 2861 616 2956 668; x_wconf 72' lang='grc' dir='ltr'>καὶ</span> <span class='ocrx_word' id='word_1_89' title='bbox 2990 614 3091 678; x_wconf 84' lang='grc' dir='ltr'><strong>τὰς</strong></span> <span class='ocrx_word' id='word_1_90' title='bbox 3133 614 3390 685; x_wconf 83' lang='grc' dir='ltr'>δυνάμεις</span> <span class='ocrx_word' id='word_1_91' title='bbox 3419 610 3639 675; x_wconf 82' lang='grc' dir='ltr'>αὐτῶν,</span> <span class='ocrx_word' id='word_1_92' title='bbox 3672 612 3761 663; x_wconf 74' lang='grc' dir='ltr'>ἵνα</span> 
     </span>
    </p>
   </div>
   <div class='ocr_carea' id='block_1_15' title="bbox 2157 703 3761 781">
    <p class='ocr_par' dir='ltr' id='par_1_15' title="bbox 2157 703 3761 781">
     <span class='ocr_line' id='line_1_15' title="bbox 2157 703 3761 781; baseline -0.004 -20"><span class='ocrx_word' id='word_1_93' title='bbox 2157 707 2359 781; x_wconf 83' lang='grc' dir='ltr'>νόησῃς</span> <span class='ocrx_word' id='word_1_94' title='bbox 2389 708 2487 779; x_wconf 85' lang='grc' dir='ltr'><strong>τὴν</strong></span> <span class='ocrx_word' id='word_1_95' title='bbox 2520 707 2747 778; x_wconf 85' lang='grc' dir='ltr'>δύναμιν</span> <span class='ocrx_word' id='word_1_96' title='bbox 2785 708 2850 778; x_wconf 75' lang='grc' dir='ltr'>ἣν</span> <span class='ocrx_word' id='word_1_97' title='bbox 2884 707 3068 778; x_wconf 79' lang='grc' dir='ltr'>έχουσι</span> <span class='ocrx_word' id='word_1_98' title='bbox 3100 705 3193 759; x_wconf 71' lang='grc' dir='ltr'><strong>καὶ</strong></span> <span class='ocrx_word' id='word_1_99' title='bbox 3235 705 3540 776; x_wconf 76' lang='grc' dir='ltr'>ἐνέργειανο</span> <span class='ocrx_word' id='word_1_100' title='bbox 3567 703 3761 757; x_wconf 70' lang='grc' dir='ltr'>διπλαῖ</span> 
     </span>
    </p>
   </div>
   <div class='ocr_carea' id='block_1_16' title="bbox 2160 792 3765 870">
    <p class='ocr_par' dir='ltr' id='par_1_16' title="bbox 2160 792 3765 870">
     <span class='ocr_line' id='line_1_16' title="bbox 2160 792 3765 870; baseline -0.006 -18"><span class='ocrx_word' id='word_1_101' title='bbox 2160 800 2270 870; x_wconf 84' lang='grc' dir='ltr'>γάρ</span> <span class='ocrx_word' id='word_1_102' title='bbox 2303 800 2457 851; x_wconf 75' lang='grc' dir='ltr'>εἰσιν·</span> <span class='ocrx_word' id='word_1_103' title='bbox 2489 802 2691 853; x_wconf 83' lang='grc' dir='ltr'>κεῖνται</span> <span class='ocrx_word' id='word_1_104' title='bbox 2724 798 2832 869; x_wconf 76' lang='grc' dir='ltr'>γὰρ</span> <span class='ocrx_word' id='word_1_105' title='bbox 2863 800 2956 851; x_wconf 79' lang='grc' dir='ltr'>ἐπὶ</span> <span class='ocrx_word' id='word_1_106' title='bbox 2987 798 3178 869; x_wconf 87' lang='grc' dir='ltr'>δικαίῳ</span> <span class='ocrx_word' id='word_1_107' title='bbox 3211 798 3304 850; x_wconf 68' lang='grc' dir='ltr'><strong>καὶ</strong></span> <span class='ocrx_word' id='word_1_108' title='bbox 3336 798 3525 867; x_wconf 81' lang='grc' dir='ltr'>ἀδίκῳ.</span> <span class='ocrx_word' id='word_1_109' title='bbox 3557 797 3633 849; x_wconf 76' lang='grc' dir='ltr'><strong>ΣΞ)</strong></span> <span class='ocrx_word' id='word_1_110' title='bbox 3662 792 3765 847; x_wconf 79' lang='grc' dir='ltr'><strong>οὖν</strong></span> 
     </span>
    </p>
   </div>
   <div class='ocr_carea' id='block_1_17' title="bbox 2163 888 3767 963">
    <p class='ocr_par' dir='ltr' id='par_1_17' title="bbox 2163 888 3767 963">
     <span class='ocr_line' id='line_1_17' title="bbox 2163 888 3767 963; baseline -0.001 -20"><span class='ocrx_word' id='word_1_111' title='bbox 2163 890 2385 944; x_wconf 86' lang='grc' dir='ltr'>πίστευε</span> <span class='ocrx_word' id='word_1_112' title='bbox 2418 892 2496 963; x_wconf 83' lang='grc' dir='ltr'>τῷ</span> <span class='ocrx_word' id='word_1_113' title='bbox 2528 891 2738 962; x_wconf 78' lang='grc' dir='ltr'>δικαίῳ,</span> <span class='ocrx_word' id='word_1_114' title='bbox 2765 891 2841 962; x_wconf 78' lang='grc' dir='ltr'>τῷ</span> <span class='ocrx_word' id='word_1_115' title='bbox 2865 891 2921 944; x_wconf 86' lang='grc' dir='ltr'>δὲ</span> <span class='ocrx_word' id='word_1_116' title='bbox 2947 890 3115 961; x_wconf 86' lang='grc' dir='ltr'>ἀδίκῳ</span> <span class='ocrx_word' id='word_1_117' title='bbox 3141 890 3305 962; x_wconf 86' lang='grc' dir='ltr'>μηδὲν</span> <span class='ocrx_word' id='word_1_118' title='bbox 3335 888 3657 962; x_wconf 79' lang='grc' dir='ltr'>πιστεύσῃς.</span> <span class='ocrx_word' id='word_1_119' title='bbox 3686 890 3767 941; x_wconf 80' lang='grc' dir='ltr'><strong>Τὸ</strong></span> 
     </span>
    </p>
   </div>
   <div class='ocr_carea' id='block_1_18' title="bbox 2163 980 3761 1055">
    <p class='ocr_par' dir='ltr' id='par_1_18' title="bbox 2163 980 3761 1055">
     <span class='ocr_line' id='line_1_18' title="bbox 2163 980 3761 1055; baseline -0.001 -19"><span class='ocrx_word' id='word_1_120' title='bbox 2163 984 2273 1055; x_wconf 76' lang='grc' dir='ltr'><strong>γὰρ</strong></span> <span class='ocrx_word' id='word_1_121' title='bbox 2304 983 2507 1036; x_wconf 87' lang='grc' dir='ltr'>δίκαιον</span> <span class='ocrx_word' id='word_1_122' title='bbox 2539 983 2703 1055; x_wconf 82' lang='grc' dir='ltr'>ὀρθὴν</span> <span class='ocrx_word' id='word_1_123' title='bbox 2747 982 2864 1036; x_wconf 79' lang='grc' dir='ltr'>ὁδὸν</span> <span class='ocrx_word' id='word_1_124' title='bbox 2897 982 3029 1052; x_wconf 77' lang='grc' dir='ltr'>ἔχει,</span> <span class='ocrx_word' id='word_1_125' title='bbox 3064 982 3129 1035; x_wconf 83' lang='grc' dir='ltr'><strong>τὸ</strong></span> <span class='ocrx_word' id='word_1_126' title='bbox 3158 981 3216 1035; x_wconf 82' lang='grc' dir='ltr'>δὲ</span> <span class='ocrx_word' id='word_1_127' title='bbox 3252 981 3431 1036; x_wconf 77' lang='grc' dir='ltr'>ἄδικον</span> <span class='ocrx_word' id='word_1_128' title='bbox 3461 980 3761 1050; x_wconf 74' lang='grc' dir='ltr'>στρεϐλήν.</span> 
     </span>
    </p>
   </div>
   <div class='ocr_carea' id='block_1_19' title="bbox 476 1154 3762 1231">
    <p class='ocr_par' dir='ltr' id='par_1_19' title="bbox 476 1154 3762 1231">
     <span class='ocr_line' id='line_1_19' title="bbox 476 1154 3762 1231; baseline -0.002 -16"><span class='ocrx_word' id='word_1_129' title='bbox 476 1171 662 1217; x_wconf 89' lang='lat' dir='ltr'><strong>autem</strong></span> <span class='ocrx_word' id='word_1_130' title='bbox 690 1163 777 1218; x_wconf 85' lang='lat' dir='ltr'><strong>via</strong></span> <span class='ocrx_word' id='word_1_131' title='bbox 803 1180 915 1219; x_wconf 87' lang='lat' dir='ltr'><strong>non</strong></span> <span class='ocrx_word' id='word_1_132' title='bbox 946 1165 1110 1219; x_wconf 86' lang='lat' dir='ltr'><strong>habet</strong></span> <span class='ocrx_word' id='word_1_133' title='bbox 1134 1167 1341 1221; x_wconf 81' lang='lat' dir='ltr'><strong>exitum</strong></span> <span class='ocrx_word' id='word_1_134' title='bbox 1373 1169 1599 1231; x_wconf 91' lang='lat' dir='ltr'><strong>bonum,</strong></span> <span class='ocrx_word' id='word_1_135' title='bbox 1625 1167 1719 1221; x_wconf 89' lang='lat' dir='ltr'><strong>sed</strong></span> <span class='ocrx_word' id='word_1_136' title='bbox 1751 1162 2078 1220; x_wconf 66' lang='lat' dir='ltr'><strong>offendicula</strong></span> <span class='ocrx_word' id='word_1_137' title='bbox 2113 1160 2319 1225; x_wconf 88' lang='lat' dir='ltr'><strong>multa;</strong></span> <span class='ocrx_word' id='word_1_138' title='bbox 2357 1174 2554 1228; x_wconf 83' lang='lat' dir='ltr'><strong>aspera</strong></span> <span class='ocrx_word' id='word_1_139' title='bbox 2583 1167 2687 1224; x_wconf 89' lang='lat' dir='ltr'><strong>est,</strong></span> <span class='ocrx_word' id='word_1_140' title='bbox 2721 1166 2777 1212; x_wconf 92' lang='lat' dir='ltr'><strong>et</strong></span> <span class='ocrx_word' id='word_1_141' title='bbox 2811 1158 3058 1227; x_wconf 84' lang='lat' dir='ltr'><strong>spinosa,</strong></span> <span class='ocrx_word' id='word_1_142' title='bbox 3083 1165 3138 1212; x_wconf 85' lang='lat' dir='ltr'><strong>et</strong></span> <span class='ocrx_word' id='word_1_143' title='bbox 3158 1156 3313 1211; x_wconf 87' lang='lat' dir='ltr'><strong>ducit</strong></span> <span class='ocrx_word' id='word_1_144' title='bbox 3346 1155 3411 1210; x_wconf 88' lang='lat' dir='ltr'><strong>ad</strong></span> <span class='ocrx_word' id='word_1_145' title='bbox 3438 1154 3762 1219; x_wconf 83' lang='lat' dir='ltr'><strong>interitum,</strong></span> 
     </span>
    </p>
   </div>
   <div class='ocr_carea' id='block_1_20' title="bbox 475 1246 3768 1320">
    <p class='ocr_par' dir='ltr' id='par_1_20' title="bbox 475 1246 3768 1320">
     <span class='ocr_line' id='line_1_20' title="bbox 475 1246 3768 1320; baseline -0.003 -8"><span class='ocrx_word' id='word_1_146' title='bbox 475 1268 531 1313; x_wconf 90' lang='lat' dir='ltr'><strong>et</strong></span> <span class='ocrx_word' id='word_1_147' title='bbox 560 1261 727 1315; x_wconf 79' lang='lat' dir='ltr'><strong>noxia</strong></span> <span class='ocrx_word' id='word_1_148' title='bbox 755 1269 842 1316; x_wconf 86' lang='lat' dir='ltr'><strong>est</strong></span> <span class='ocrx_word' id='word_1_149' title='bbox 875 1262 1191 1317; x_wconf 86' lang='lat' dir='ltr'><strong>hominibus</strong></span> <span class='ocrx_word' id='word_1_150' title='bbox 1224 1260 1631 1315; x_wconf 88' lang='lat' dir='ltr'><strong>ambulantibus</strong></span> <span class='ocrx_word' id='word_1_151' title='bbox 1663 1259 1717 1312; x_wconf 94' lang='lat' dir='ltr'><strong>in</strong></span> <span class='ocrx_word' id='word_1_152' title='bbox 1765 1258 1875 1311; x_wconf 88' lang='lat' dir='ltr'><strong>illa.</strong></span> <span class='ocrx_word' id='word_1_153' title='bbox 1925 1254 2030 1320; x_wconf 83' lang='lat' dir='ltr'><strong>Qui</strong></span> <span class='ocrx_word' id='word_1_154' title='bbox 2073 1260 2255 1307; x_wconf 88' lang='lat' dir='ltr'><strong>autem</strong></span> <span class='ocrx_word' id='word_1_155' title='bbox 2287 1252 2430 1304; x_wconf 90' lang='lat' dir='ltr'><strong>viam</strong></span> <span class='ocrx_word' id='word_1_156' title='bbox 2475 1259 2680 1305; x_wconf 87' lang='lat' dir='ltr'><strong>rectam</strong></span> <span class='ocrx_word' id='word_1_157' title='bbox 2730 1259 2941 1320; x_wconf 84' lang='lat' dir='ltr'><strong>petunt,</strong></span> <span class='ocrx_word' id='word_1_158' title='bbox 2987 1250 3272 1319; x_wconf 68' lang='lat' dir='ltr'><strong>aequaliter</strong></span> <span class='ocrx_word' id='word_1_159' title='bbox 3318 1246 3607 1303; x_wconf 84' lang='lat' dir='ltr'><strong>ambulant</strong></span> <span class='ocrx_word' id='word_1_160' title='bbox 3636 1248 3768 1302; x_wconf 83' lang='lat' dir='ltr'><strong>sine</strong></span> 
     </span>
    </p>
   </div>
   <div class='ocr_carea' id='block_1_21' title="bbox 474 1340 3764 1423">
    <p class='ocr_par' dir='ltr' id='par_1_21' title="bbox 474 1340 3764 1423">
     <span class='ocr_line' id='line_1_21' title="bbox 474 1340 3764 1423; baseline -0.004 -19"><span class='ocrx_word' id='word_1_161' title='bbox 474 1350 819 1420; x_wconf 80' lang='lat' dir='ltr'><strong>oﬂ‘ensione;</strong></span> <span class='ocrx_word' id='word_1_162' title='bbox 857 1354 984 1423; x_wconf 91' lang='lat' dir='ltr'><strong>quia</strong></span> <span class='ocrx_word' id='word_1_163' title='bbox 1020 1368 1130 1407; x_wconf 91' lang='lat' dir='ltr'><strong>non</strong></span> <span class='ocrx_word' id='word_1_164' title='bbox 1167 1360 1250 1408; x_wconf 86' lang='lat' dir='ltr'><strong>est</strong></span> <span class='ocrx_word' id='word_1_165' title='bbox 1291 1368 1483 1421; x_wconf 89' lang='lat' dir='ltr'><strong>aspera</strong></span> <span class='ocrx_word' id='word_1_166' title='bbox 1504 1392 1518 1415; x_wconf 97' lang='lat'><strong>,</strong></span> <span class='ocrx_word' id='word_1_167' title='bbox 1547 1366 1724 1419; x_wconf 89' lang='lat' dir='ltr'><strong>neque</strong></span> <span class='ocrx_word' id='word_1_168' title='bbox 1753 1350 1998 1419; x_wconf 91' lang='lat' dir='ltr'><strong>spinosa.</strong></span> <span class='ocrx_word' id='word_1_169' title='bbox 2030 1343 2195 1399; x_wconf 79' lang='lat' dir='ltr'><strong>Vides</strong></span> <span class='ocrx_word' id='word_1_170' title='bbox 2226 1342 2409 1411; x_wconf 81' lang='lat' dir='ltr'><strong>igitur,</strong></span> <span class='ocrx_word' id='word_1_171' title='bbox 2451 1342 2601 1411; x_wconf 91' lang='lat' dir='ltr'><strong>quod</strong></span> <span class='ocrx_word' id='word_1_172' title='bbox 2638 1342 2837 1396; x_wconf 89' lang='lat' dir='ltr'><strong>melius</strong></span> <span class='ocrx_word' id='word_1_173' title='bbox 2865 1350 2950 1395; x_wconf 88' lang='lat' dir='ltr'><strong>est</strong></span> <span class='ocrx_word' id='word_1_174' title='bbox 2985 1357 3081 1411; x_wconf 89' lang='lat' dir='ltr'><strong>per</strong></span> <span class='ocrx_word' id='word_1_175' title='bbox 3108 1340 3251 1396; x_wconf 89' lang='lat' dir='ltr'><strong>hanc</strong></span> <span class='ocrx_word' id='word_1_176' title='bbox 3285 1340 3429 1395; x_wconf 89' lang='lat' dir='ltr'><strong>viam</strong></span> <span class='ocrx_word' id='word_1_177' title='bbox 3472 1340 3764 1395; x_wconf 87' lang='lat' dir='ltr'><strong>incedere.</strong></span> 
     </span>
    </p>
   </div>
   <div class='ocr_carea' id='block_1_22' title="bbox 477 1436 3116 1514">
    <p class='ocr_par' dir='ltr' id='par_1_22' title="bbox 477 1436 3116 1514">
     <span class='ocr_line' id='line_1_22' title="bbox 477 1436 3116 1514; baseline -0.004 -16"><span class='ocrx_word' id='word_1_178' title='bbox 477 1439 584 1500; x_wconf 84' lang='lat' dir='ltr'><strong>Ibis</strong></span> <span class='ocrx_word' id='word_1_179' title='bbox 605 1445 774 1510; x_wconf 85' lang='lat' dir='ltr'><strong>enim,</strong></span> <span class='ocrx_word' id='word_1_180' title='bbox 802 1443 1013 1514; x_wconf 85' lang='lat' dir='ltr'><strong>inquit;</strong></span> <span class='ocrx_word' id='word_1_181' title='bbox 1047 1452 1102 1499; x_wconf 90' lang='lat' dir='ltr'><strong>et</strong></span> <span class='ocrx_word' id='word_1_182' title='bbox 1132 1444 1445 1514; x_wconf 90' lang='lat' dir='ltr'><strong>quicunque</strong></span> <span class='ocrx_word' id='word_1_183' title='bbox 1477 1461 1544 1499; x_wconf 79' lang='lat' dir='ltr'><strong>ex</strong></span> <span class='ocrx_word' id='word_1_184' title='bbox 1576 1454 1692 1500; x_wconf 89' lang='lat' dir='ltr'><strong>toto</strong></span> <span class='ocrx_word' id='word_1_185' title='bbox 1718 1443 1885 1499; x_wconf 89' lang='lat' dir='ltr'><strong>corde</strong></span> <span class='ocrx_word' id='word_1_186' title='bbox 1912 1438 2243 1497; x_wconf 86' lang='lat' dir='ltr'><strong>crediderint</strong></span> <span class='ocrx_word' id='word_1_187' title='bbox 2272 1438 2327 1492; x_wconf 90' lang='lat' dir='ltr'><strong>in</strong></span> <span class='ocrx_word' id='word_1_188' title='bbox 2358 1436 2615 1502; x_wconf 89' lang='lat' dir='ltr'><strong>Domino,</strong></span> <span class='ocrx_word' id='word_1_189' title='bbox 2643 1438 2799 1493; x_wconf 87' lang='lat' dir='ltr'><strong>ibunt</strong></span> <span class='ocrx_word' id='word_1_190' title='bbox 2831 1455 2925 1509; x_wconf 90' lang='lat' dir='ltr'><strong>per</strong></span> <span class='ocrx_word' id='word_1_191' title='bbox 2950 1437 3116 1491; x_wconf 84' lang='lat' dir='ltr'><strong>illam.</strong></span> 
     </span>
    </p>
   </div>
   <div class='ocr_carea' id='block_1_23' title="bbox 1952 1546 2282 1605">
    <p class='ocr_par' dir='ltr' id='par_1_23' title="bbox 1952 1546 2282 1605">
     <span class='ocr_line' id='line_1_23' title="bbox 1952 1546 2282 1605; baseline -0.021 0"><span class='ocrx_word' id='word_1_192' title='bbox 1952 1546 2184 1605; x_wconf 86' lang='lat' dir='ltr'><strong>CAPUT</strong></span> <span class='ocrx_word' id='word_1_193' title='bbox 2220 1546 2282 1599; x_wconf 91' lang='grc' dir='ltr'><strong>ΙΙ.</strong></span> 
     </span>
    </p>
   </div>
   <div class='ocr_carea' id='block_1_24' title="bbox 545 1640 2131 1716">
    <p class='ocr_par' dir='ltr' id='par_1_24' title="bbox 545 1640 2131 1716">
     <span class='ocr_line' id='line_1_24' title="bbox 545 1640 2131 1716; baseline -0.006 -14"><span class='ocrx_word' id='word_1_194' title='bbox 545 1647 687 1701; x_wconf 84' lang='lat' dir='ltr'><strong>Audi</strong></span> <span class='ocrx_word' id='word_1_195' title='bbox 720 1661 885 1712; x_wconf 90' lang='lat' dir='ltr'><strong>nunc,</strong></span> <span class='ocrx_word' id='word_1_196' title='bbox 924 1646 1120 1716; x_wconf 83' lang='lat' dir='ltr'><strong>inquit,</strong></span> <span class='ocrx_word' id='word_1_197' title='bbox 1148 1645 1385 1715; x_wconf 87' lang='lat' dir='ltr'><strong>primum</strong></span> <span class='ocrx_word' id='word_1_198' title='bbox 1412 1642 1478 1696; x_wconf 88' lang='lat' dir='ltr'><strong>de</strong></span> <span class='ocrx_word' id='word_1_199' title='bbox 1522 1643 1645 1697; x_wconf 80' lang='lat' dir='ltr'><strong>fide.</strong></span> <span class='ocrx_word' id='word_1_200' title='bbox 1674 1640 1793 1697; x_wconf 89' lang='lat' dir='ltr'><strong>Duo</strong></span> <span class='ocrx_word' id='word_1_201' title='bbox 1821 1648 1950 1695; x_wconf 87' lang='lat' dir='ltr'><strong>sunt</strong></span> <span class='ocrx_word' id='word_1_202' title='bbox 1973 1654 2061 1709; x_wconf 88' lang='lat' dir='ltr'><strong>ge-</strong></span> <span class='ocrx_word' id='word_1_203' title='bbox 2089 1644 2131 1699; x_wconf 88' lang='lat' dir='ltr'><strong>B</strong></span> 
     </span>
    </p>
   </div>
   <div class='ocr_carea' id='block_1_25' title="bbox 476 1734 2052 1812">
    <p class='ocr_par' dir='ltr' id='par_1_25' title="bbox 476 1734 2052 1812">
     <span class='ocr_line' id='line_1_25' title="bbox 476 1734 2052 1812; baseline -0.006 -17"><span class='ocrx_word' id='word_1_204' title='bbox 476 1740 553 1795; x_wconf 90' lang='lat' dir='ltr'><strong>nii</strong></span> <span class='ocrx_word' id='word_1_205' title='bbox 586 1741 698 1812; x_wconf 91' lang='grc'>(91)</span> <span class='ocrx_word' id='word_1_206' title='bbox 726 1755 848 1794; x_wconf 92' lang='lat' dir='ltr'><strong>cum</strong></span> <span class='ocrx_word' id='word_1_207' title='bbox 884 1740 1138 1804; x_wconf 90' lang='lat' dir='ltr'><strong>homine;</strong></span> <span class='ocrx_word' id='word_1_208' title='bbox 1171 1753 1315 1793; x_wconf 86' lang='lat' dir='ltr'><strong>unus</strong></span> <span class='ocrx_word' id='word_1_209' title='bbox 1351 1738 1641 1807; x_wconf 68' lang='lat' dir='ltr'><strong>aequitatis,</strong></span> <span class='ocrx_word' id='word_1_210' title='bbox 1688 1746 1742 1791; x_wconf 90' lang='lat' dir='ltr'><strong>et</strong></span> <span class='ocrx_word' id='word_1_211' title='bbox 1772 1752 1913 1791; x_wconf 89' lang='lat' dir='ltr'><strong>unus</strong></span> <span class='ocrx_word' id='word_1_212' title='bbox 1945 1734 2052 1787; x_wconf 60' lang='lat' dir='ltr'><strong>ini-</strong></span> 
     </span>
    </p>
   </div>
   <div class='ocr_carea' id='block_1_26' title="bbox 476 1826 2056 1900">
    <p class='ocr_par' dir='ltr' id='par_1_26' title="bbox 476 1826 2056 1900">
     <span class='ocr_line' id='line_1_26' title="bbox 476 1826 2056 1900; baseline -0.003 -17"><span class='ocrx_word' id='word_1_213' title='bbox 476 1832 723 1900; x_wconf 88' lang='lat' dir='ltr'><strong>quitatis.</strong></span> <span class='ocrx_word' id='word_1_214' title='bbox 750 1830 817 1884; x_wconf 90' lang='lat' dir='ltr'><strong>Et</strong></span> <span class='ocrx_word' id='word_1_215' title='bbox 852 1845 953 1899; x_wconf 81' lang='lat' dir='ltr'><strong>ego</strong></span> <span class='ocrx_word' id='word_1_216' title='bbox 977 1829 1089 1883; x_wconf 81' lang='lat' dir='ltr'><strong>dixi</strong></span> <span class='ocrx_word' id='word_1_217' title='bbox 1123 1830 1234 1884; x_wconf 88' lang='lat' dir='ltr'><strong>illi:</strong></span> <span class='ocrx_word' id='word_1_218' title='bbox 1259 1829 1379 1895; x_wconf 85' lang='lat' dir='ltr'><strong>Quo</strong></span> <span class='ocrx_word' id='word_1_219' title='bbox 1401 1829 1585 1891; x_wconf 89' lang='lat' dir='ltr'><strong>modo,</strong></span> <span class='ocrx_word' id='word_1_220' title='bbox 1625 1828 1867 1892; x_wconf 86' lang='lat' dir='ltr'><strong>domine,</strong></span> <span class='ocrx_word' id='word_1_221' title='bbox 1915 1826 2056 1880; x_wconf 74' lang='lat' dir='ltr'><strong>scire</strong></span> 
     </span>
    </p>
   </div>
   <div class='ocr_carea' id='block_1_27' title="bbox 473 1917 2054 1993">
    <p class='ocr_par' dir='ltr' id='par_1_27' title="bbox 473 1917 2054 1993">
     <span class='ocr_line' id='line_1_27' title="bbox 473 1917 2054 1993; baseline -0.004 -18"><span class='ocrx_word' id='word_1_222' title='bbox 473 1932 685 1993; x_wconf 84' lang='lat' dir='ltr'><strong>potero,</strong></span> <span class='ocrx_word' id='word_1_223' title='bbox 716 1924 861 1992; x_wconf 92' lang='lat' dir='ltr'><strong>quod</strong></span> <span class='ocrx_word' id='word_1_224' title='bbox 907 1923 1017 1976; x_wconf 92' lang='lat' dir='ltr'><strong>duo</strong></span> <span class='ocrx_word' id='word_1_225' title='bbox 1062 1930 1190 1975; x_wconf 89' lang='lat' dir='ltr'><strong>sunt</strong></span> <span class='ocrx_word' id='word_1_226' title='bbox 1234 1921 1378 1991; x_wconf 89' lang='lat' dir='ltr'><strong>genii</strong></span> <span class='ocrx_word' id='word_1_227' title='bbox 1415 1936 1541 1975; x_wconf 87' lang='lat' dir='ltr'><strong>cum</strong></span> <span class='ocrx_word' id='word_1_228' title='bbox 1592 1917 2054 1982; x_wconf 87' lang='lat' dir='ltr'><strong>hominc?Audi,</strong></span> 
     </span>
    </p>
   </div>
   <div class='ocr_carea' id='block_1_28' title="bbox 475 2012 2057 2085">
    <p class='ocr_par' dir='ltr' id='par_1_28' title="bbox 475 2012 2057 2085">
     <span class='ocr_line' id='line_1_28' title="bbox 475 2012 2057 2085; baseline -0.003 -16"><span class='ocrx_word' id='word_1_229' title='bbox 475 2016 674 2085; x_wconf 89' lang='lat' dir='ltr'><strong>inquit,</strong></span> <span class='ocrx_word' id='word_1_230' title='bbox 715 2025 769 2069; x_wconf 87' lang='lat' dir='ltr'><strong>et</strong></span> <span class='ocrx_word' id='word_1_231' title='bbox 805 2015 1065 2085; x_wconf 85' lang='lat' dir='ltr'><strong>intellige.</strong></span> <span class='ocrx_word' id='word_1_232' title='bbox 1110 2013 1410 2083; x_wconf 67' lang='lat' dir='ltr'><strong>Equitatis</strong></span> <span class='ocrx_word' id='word_1_233' title='bbox 1442 2014 1634 2083; x_wconf 85' lang='lat' dir='ltr'><strong>genius</strong></span> <span class='ocrx_word' id='word_1_234' title='bbox 1666 2013 1803 2067; x_wconf 87' lang='lat' dir='ltr'><strong>lenis</strong></span> <span class='ocrx_word' id='word_1_235' title='bbox 1829 2012 1940 2081; x_wconf 86' lang='grc'>(95)</span> <span class='ocrx_word' id='word_1_236' title='bbox 1973 2017 2057 2065; x_wconf 85' lang='lat' dir='ltr'><strong>est</strong></span> 
     </span>
    </p>
   </div>
   <div class='ocr_carea' id='block_1_29' title="bbox 472 2104 2056 2177">
    <p class='ocr_par' dir='ltr' id='par_1_29' title="bbox 472 2104 2056 2177">
     <span class='ocr_line' id='line_1_29' title="bbox 472 2104 2056 2177; baseline -0.004 -15"><span class='ocrx_word' id='word_1_237' title='bbox 472 2117 529 2162; x_wconf 90' lang='lat' dir='ltr'><strong>et</strong></span> <span class='ocrx_word' id='word_1_238' title='bbox 553 2107 914 2173; x_wconf 89' lang='lat' dir='ltr'><strong>verecundus,</strong></span> <span class='ocrx_word' id='word_1_239' title='bbox 947 2116 1269 2162; x_wconf 90' lang='lat' dir='ltr'><strong>mansuetus</strong></span> <span class='ocrx_word' id='word_1_240' title='bbox 1291 2116 1345 2161; x_wconf 91' lang='lat' dir='ltr'><strong>et</strong></span> <span class='ocrx_word' id='word_1_241' title='bbox 1369 2108 1587 2177; x_wconf 89' lang='lat' dir='ltr'><strong>quietus</strong></span> <span class='ocrx_word' id='word_1_242' title='bbox 1606 2106 1741 2175; x_wconf 75' lang='grc'>(91).</span> <span class='ocrx_word' id='word_1_243' title='bbox 1768 2104 1905 2159; x_wconf 89' lang='lat' dir='ltr'><strong>Cum</strong></span> <span class='ocrx_word' id='word_1_244' title='bbox 1925 2117 2056 2173; x_wconf 88' lang='lat' dir='ltr'><strong>ergo</strong></span> 
     </span>
    </p>
   </div>
   <div class='ocr_carea' id='block_1_30' title="bbox 474 2194 2057 2266">
    <p class='ocr_par' dir='ltr' id='par_1_30' title="bbox 474 2194 2057 2266">
     <span class='ocr_line' id='line_1_30' title="bbox 474 2194 2057 2266; baseline -0.004 -12"><span class='ocrx_word' id='word_1_245' title='bbox 474 2201 529 2254; x_wconf 86' lang='lat' dir='ltr'><strong>in</strong></span> <span class='ocrx_word' id='word_1_246' title='bbox 563 2214 659 2253; x_wconf 89' lang='lat' dir='ltr'><strong>cor</strong></span> <span class='ocrx_word' id='word_1_247' title='bbox 679 2210 832 2253; x_wconf 92' lang='lat' dir='ltr'><strong>tuum</strong></span> <span class='ocrx_word' id='word_1_248' title='bbox 861 2199 1188 2263; x_wconf 84' lang='lat' dir='ltr'><strong>ascenderit,</strong></span> <span class='ocrx_word' id='word_1_249' title='bbox 1218 2201 1479 2253; x_wconf 91' lang='lat' dir='ltr'><strong>continuo</strong></span> <span class='ocrx_word' id='word_1_250' title='bbox 1505 2197 1746 2266; x_wconf 88' lang='lat' dir='ltr'><strong>loquitur</strong></span> <span class='ocrx_word' id='word_1_251' title='bbox 1776 2205 1953 2250; x_wconf 89' lang='lat' dir='ltr'><strong>tecum</strong></span> <span class='ocrx_word' id='word_1_252' title='bbox 1990 2194 2057 2248; x_wconf 90' lang='lat' dir='ltr'><strong>de</strong></span> 
     </span>
    </p>
   </div>
   <div class='ocr_carea' id='block_1_31' title="bbox 469 2288 2053 2362">
    <p class='ocr_par' dir='ltr' id='par_1_31' title="bbox 469 2288 2053 2362">
     <span class='ocr_line' id='line_1_31' title="bbox 469 2288 2053 2362; baseline -0.003 -17"><span class='ocrx_word' id='word_1_253' title='bbox 469 2292 708 2362; x_wconf 86' lang='lat' dir='ltr'><strong>justitia,</strong></span> <span class='ocrx_word' id='word_1_254' title='bbox 746 2291 814 2346; x_wconf 90' lang='lat' dir='ltr'><strong>de</strong></span> <span class='ocrx_word' id='word_1_255' title='bbox 851 2292 1134 2360; x_wconf 76' lang='lat' dir='ltr'><strong>pudicitia,</strong></span> <span class='ocrx_word' id='word_1_256' title='bbox 1176 2292 1244 2345; x_wconf 91' lang='lat' dir='ltr'><strong>de</strong></span> <span class='ocrx_word' id='word_1_257' title='bbox 1285 2292 1558 2357; x_wconf 85' lang='lat' dir='ltr'><strong>castitate,</strong></span> <span class='ocrx_word' id='word_1_258' title='bbox 1589 2291 1655 2344; x_wconf 91' lang='lat' dir='ltr'><strong>de</strong></span> <span class='ocrx_word' id='word_1_259' title='bbox 1698 2288 2053 2358; x_wconf 82' lang='lat' dir='ltr'><strong>benignitate,</strong></span> 
     </span>
    </p>
   </div>
   <div class='ocr_carea' id='block_1_32' title="bbox 472 2380 2059 2453">
    <p class='ocr_par' dir='ltr' id='par_1_32' title="bbox 472 2380 2059 2453">
     <span class='ocr_line' id='line_1_32' title="bbox 472 2380 2059 2453; baseline -0.002 -16"><span class='ocrx_word' id='word_1_260' title='bbox 472 2383 539 2437; x_wconf 90' lang='lat' dir='ltr'><strong>de</strong></span> <span class='ocrx_word' id='word_1_261' title='bbox 562 2384 718 2438; x_wconf 90' lang='lat' dir='ltr'><strong>venia</strong></span> <span class='ocrx_word' id='word_1_262' title='bbox 744 2384 879 2453; x_wconf 78' lang='grc'>(95),</span> <span class='ocrx_word' id='word_1_263' title='bbox 916 2384 981 2437; x_wconf 91' lang='lat' dir='ltr'><strong>de</strong></span> <span class='ocrx_word' id='word_1_264' title='bbox 1005 2384 1272 2438; x_wconf 85' lang='lat' dir='ltr'><strong>charitate</strong></span> <span class='ocrx_word' id='word_1_265' title='bbox 1301 2391 1354 2437; x_wconf 86' lang='lat' dir='ltr'><strong>et</strong></span> <span class='ocrx_word' id='word_1_266' title='bbox 1375 2384 1441 2437; x_wconf 93' lang='lat' dir='ltr'><strong>de</strong></span> <span class='ocrx_word' id='word_1_267' title='bbox 1476 2383 1691 2452; x_wconf 88' lang='lat' dir='ltr'><strong>pietate.</strong></span> <span class='ocrx_word' id='word_1_268' title='bbox 1723 2380 1848 2434; x_wconf 66' lang='lat' dir='ltr'><strong>Hmc</strong></span> <span class='ocrx_word' id='word_1_269' title='bbox 1872 2380 2059 2434; x_wconf 88' lang='lat' dir='ltr'><strong>omnia</strong></span> 
     </span>
    </p>
   </div>
   <div class='ocr_carea' id='block_1_33' title="bbox 474 2472 2058 2542">
    <p class='ocr_par' dir='ltr' id='par_1_33' title="bbox 474 2472 2058 2542">
     <span class='ocr_line' id='line_1_33' title="bbox 474 2472 2058 2542; baseline -0.001 -15"><span class='ocrx_word' id='word_1_270' title='bbox 474 2489 599 2528; x_wconf 91' lang='lat' dir='ltr'><strong>cum</strong></span> <span class='ocrx_word' id='word_1_271' title='bbox 640 2475 989 2528; x_wconf 89' lang='lat' dir='ltr'><strong>asccndcrint</strong></span> <span class='ocrx_word' id='word_1_272' title='bbox 1034 2476 1091 2528; x_wconf 90' lang='lat' dir='ltr'><strong>in</strong></span> <span class='ocrx_word' id='word_1_273' title='bbox 1128 2490 1223 2529; x_wconf 91' lang='lat' dir='ltr'><strong>cor</strong></span> <span class='ocrx_word' id='word_1_274' title='bbox 1266 2482 1443 2539; x_wconf 93' lang='lat' dir='ltr'><strong>tuum,</strong></span> <span class='ocrx_word' id='word_1_275' title='bbox 1497 2474 1634 2529; x_wconf 90' lang='lat' dir='ltr'><strong>scito</strong></span> <span class='ocrx_word' id='word_1_276' title='bbox 1672 2473 1819 2542; x_wconf 82' lang='lat' dir='ltr'><strong>quod</strong></span> <span class='ocrx_word' id='word_1_277' title='bbox 1866 2472 2058 2542; x_wconf 86' lang='lat' dir='ltr'><strong>genius</strong></span> 
     </span>
    </p>
   </div>
   <div class='ocr_carea' id='block_1_34' title="bbox 472 2564 2059 2635">
    <p class='ocr_par' dir='ltr' id='par_1_34' title="bbox 472 2564 2059 2635">
     <span class='ocr_line' id='line_1_34' title="bbox 472 2564 2059 2635; baseline -0.002 -16"><span class='ocrx_word' id='word_1_278' title='bbox 472 2565 747 2633; x_wconf 59' lang='lat' dir='ltr'><strong>aequitatis</strong></span> <span class='ocrx_word' id='word_1_279' title='bbox 774 2574 950 2619; x_wconf 88' lang='lat' dir='ltr'><strong>tecum</strong></span> <span class='ocrx_word' id='word_1_280' title='bbox 976 2573 1093 2620; x_wconf 88' lang='lat' dir='ltr'><strong>est:</strong></span> <span class='ocrx_word' id='word_1_281' title='bbox 1130 2565 1256 2620; x_wconf 90' lang='lat' dir='ltr'><strong>huic</strong></span> <span class='ocrx_word' id='word_1_282' title='bbox 1284 2580 1413 2635; x_wconf 89' lang='lat' dir='ltr'><strong>ergo</strong></span> <span class='ocrx_word' id='word_1_283' title='bbox 1437 2565 1592 2635; x_wconf 84' lang='lat' dir='ltr'><strong>genio</strong></span> <span class='ocrx_word' id='word_1_284' title='bbox 1616 2565 1775 2619; x_wconf 91' lang='lat' dir='ltr'><strong>crede</strong></span> <span class='ocrx_word' id='word_1_285' title='bbox 1802 2574 1855 2618; x_wconf 91' lang='lat' dir='ltr'><strong>et</strong></span> <span class='ocrx_word' id='word_1_286' title='bbox 1881 2564 2059 2633; x_wconf 86' lang='lat' dir='ltr'><strong>operi-</strong></span> 
     </span>
    </p>
   </div>
   <div class='ocr_carea' id='block_1_35' title="bbox 474 2656 2056 2727">
    <p class='ocr_par' dir='ltr' id='par_1_35' title="bbox 474 2656 2056 2727">
     <span class='ocr_line' id='line_1_35' title="bbox 474 2656 2056 2727; baseline 0.001 -16"><span class='ocrx_word' id='word_1_287' title='bbox 474 2656 577 2711; x_wconf 86' lang='lat' dir='ltr'><strong>bus</strong></span> <span class='ocrx_word' id='word_1_288' title='bbox 625 2656 766 2725; x_wconf 87' lang='lat' dir='ltr'><strong>ejus.</strong></span> <span class='ocrx_word' id='word_1_289' title='bbox 803 2656 1003 2725; x_wconf 84' lang='lat' dir='ltr'><strong>Accipe</strong></span> <span class='ocrx_word' id='word_1_290' title='bbox 1039 2672 1186 2711; x_wconf 90' lang='lat' dir='ltr'><strong>nunc</strong></span> <span class='ocrx_word' id='word_1_291' title='bbox 1227 2666 1281 2711; x_wconf 81' lang='lat' dir='ltr'><strong>et</strong></span> <span class='ocrx_word' id='word_1_292' title='bbox 1329 2658 1473 2726; x_wconf 88' lang='lat' dir='ltr'><strong>genii</strong></span> <span class='ocrx_word' id='word_1_293' title='bbox 1520 2657 1824 2727; x_wconf 88' lang='lat' dir='ltr'><strong>iniquitatis</strong></span> <span class='ocrx_word' id='word_1_294' title='bbox 1870 2672 2056 2726; x_wconf 89' lang='lat' dir='ltr'><strong>opera.</strong></span> 
     </span>
    </p>
   </div>
   <div class='ocr_carea' id='block_1_36' title="bbox 472 2746 2059 2818">
    <p class='ocr_par' dir='ltr' id='par_1_36' title="bbox 472 2746 2059 2818">
     <span class='ocr_line' id='line_1_36' title="bbox 472 2746 2059 2818; baseline 0.001 -17"><span class='ocrx_word' id='word_1_295' title='bbox 472 2746 721 2802; x_wconf 87' lang='lat' dir='ltr'><strong>Primum</strong></span> <span class='ocrx_word' id='word_1_296' title='bbox 742 2763 985 2813; x_wconf 90' lang='lat' dir='ltr'><strong>amarus,</strong></span> <span class='ocrx_word' id='word_1_297' title='bbox 1015 2748 1313 2804; x_wconf 90' lang='lat' dir='ltr'><strong>iracundus</strong></span> <span class='ocrx_word' id='word_1_298' title='bbox 1339 2758 1393 2803; x_wconf 87' lang='lat' dir='ltr'><strong>et</strong></span> <span class='ocrx_word' id='word_1_299' title='bbox 1420 2749 1649 2804; x_wconf 89' lang='lat' dir='ltr'><strong>stolidus</strong></span> <span class='ocrx_word' id='word_1_300' title='bbox 1671 2757 1756 2805; x_wconf 87' lang='lat' dir='ltr'><strong>est</strong></span> <span class='ocrx_word' id='word_1_301' title='bbox 1776 2790 1791 2814; x_wconf 94' lang='lat'><strong>,</strong></span> <span class='ocrx_word' id='word_1_302' title='bbox 1818 2758 1871 2804; x_wconf 88' lang='lat' dir='ltr'><strong>et</strong></span> <span class='ocrx_word' id='word_1_303' title='bbox 1893 2764 2059 2818; x_wconf 84' lang='lat' dir='ltr'><strong>opera</strong></span> 
     </span>
    </p>
   </div>
   <div class='ocr_carea' id='block_1_37' title="bbox 474 2840 2057 2909">
    <p class='ocr_par' dir='ltr' id='par_1_37' title="bbox 474 2840 2057 2909">
     <span class='ocr_line' id='line_1_37' title="bbox 474 2840 2057 2909; baseline 0.001 -15"><span class='ocrx_word' id='word_1_304' title='bbox 474 2840 622 2894; x_wconf 87' lang='lat' dir='ltr'><strong>illius</strong></span> <span class='ocrx_word' id='word_1_305' title='bbox 653 2840 957 2909; x_wconf 88' lang='lat' dir='ltr'><strong>perniciosa</strong></span> <span class='ocrx_word' id='word_1_306' title='bbox 997 2849 1146 2906; x_wconf 90' lang='lat' dir='ltr'><strong>sunt,</strong></span> <span class='ocrx_word' id='word_1_307' title='bbox 1191 2850 1245 2895; x_wconf 91' lang='lat' dir='ltr'><strong>et</strong></span> <span class='ocrx_word' id='word_1_308' title='bbox 1271 2849 1525 2895; x_wconf 86' lang='lat' dir='ltr'><strong>evertunt</strong></span> <span class='ocrx_word' id='word_1_309' title='bbox 1555 2857 1743 2897; x_wconf 88' lang='lat' dir='ltr'><strong>servos</strong></span> <span class='ocrx_word' id='word_1_310' title='bbox 1770 2841 1887 2896; x_wconf 91' lang='lat' dir='ltr'><strong>Dei.</strong></span> <span class='ocrx_word' id='word_1_311' title='bbox 1918 2842 2057 2896; x_wconf 88' lang='lat' dir='ltr'><strong>Cum</strong></span> 
     </span>
    </p>
   </div>
   <div class='ocr_carea' id='block_1_38' title="bbox 472 2932 2059 3003">
    <p class='ocr_par' dir='ltr' id='par_1_38' title="bbox 472 2932 2059 3003">
     <span class='ocr_line' id='line_1_38' title="bbox 472 2932 2059 3003; baseline -0.001 -16"><span class='ocrx_word' id='word_1_312' title='bbox 472 2946 605 3001; x_wconf 84' lang='lat' dir='ltr'><strong>ergo</strong></span> <span class='ocrx_word' id='word_1_313' title='bbox 644 2932 699 2984; x_wconf 92' lang='lat' dir='ltr'><strong>in</strong></span> <span class='ocrx_word' id='word_1_314' title='bbox 729 2946 826 2986; x_wconf 91' lang='lat' dir='ltr'><strong>cor</strong></span> <span class='ocrx_word' id='word_1_315' title='bbox 861 2941 1016 2985; x_wconf 91' lang='lat' dir='ltr'><strong>tuum</strong></span> <span class='ocrx_word' id='word_1_316' title='bbox 1062 2932 1410 2987; x_wconf 80' lang='lat' dir='ltr'><strong>asccndcrint</strong></span> <span class='ocrx_word' id='word_1_317' title='bbox 1464 2932 1577 2987; x_wconf 72' lang='lat' dir='ltr'><strong>haec</strong></span> <span class='ocrx_word' id='word_1_318' title='bbox 1604 2973 1619 2998; x_wconf 93' lang='lat'><strong>,</strong></span> <span class='ocrx_word' id='word_1_319' title='bbox 1674 2933 1942 3003; x_wconf 81' lang='lat' dir='ltr'><strong>intelliges</strong></span> <span class='ocrx_word' id='word_1_320' title='bbox 1990 2933 2059 2987; x_wconf 89' lang='lat' dir='ltr'><strong>ab</strong></span> 
     </span>
    </p>
   </div>
   <div class='ocr_carea' id='block_1_39' title="bbox 2232 1629 3771 1708">
    <p class='ocr_par' dir='ltr' id='par_1_39' title="bbox 2232 1629 3771 1708">
     <span class='ocr_line' id='line_1_39' title="bbox 2232 1629 3771 1708; baseline -0.003 -17"><span class='ocrx_word' id='word_1_321' title='bbox 2232 1635 2342 1706; x_wconf 88' lang='lat'><strong>(90)</strong></span> <span class='ocrx_word' id='word_1_322' title='bbox 2376 1636 2480 1689; x_wconf 92' lang='grc' dir='ltr'>Δύο</span> <span class='ocrx_word' id='word_1_323' title='bbox 2511 1638 2647 1691; x_wconf 74' lang='grc' dir='ltr'>εἰσὶν</span> <span class='ocrx_word' id='word_1_324' title='bbox 2672 1636 2892 1705; x_wconf 82' lang='grc' dir='ltr'>ἄγγελοι</span> <span class='ocrx_word' id='word_1_325' title='bbox 2918 1636 3056 1708; x_wconf 84' lang='grc' dir='ltr'><strong>μετά</strong></span> <span class='ocrx_word' id='word_1_326' title='bbox 3078 1636 3169 1689; x_wconf 84' lang='grc' dir='ltr'>τοῦ</span> <span class='ocrx_word' id='word_1_327' title='bbox 3198 1635 3509 1708; x_wconf 85' lang='grc' dir='ltr'>ἀνθρώπου,</span> <span class='ocrx_word' id='word_1_328' title='bbox 3546 1629 3630 1697; x_wconf 77' lang='grc' dir='ltr'>εἷς</span> <span class='ocrx_word' id='word_1_329' title='bbox 3654 1634 3771 1704; x_wconf 77' lang='grc' dir='ltr'>τῆς</span> 
     </span>
    </p>
   </div>
   <div class='ocr_carea' id='block_1_40' title="bbox 2157 1724 3771 1799">
    <p class='ocr_par' dir='ltr' id='par_1_40' title="bbox 2157 1724 3771 1799">
     <span class='ocr_line' id='line_1_40' title="bbox 2157 1724 3771 1799; baseline 0 -20"><span class='ocrx_word' id='word_1_330' title='bbox 2157 1726 2524 1799; x_wconf 83' lang='grc' dir='ltr'><strong>δικαιοσύνης,</strong></span> <span class='ocrx_word' id='word_1_331' title='bbox 2569 1730 2661 1783; x_wconf 75' lang='grc' dir='ltr'><strong>καὶ</strong></span> <span class='ocrx_word' id='word_1_332' title='bbox 2705 1724 2786 1791; x_wconf 76' lang='grc' dir='ltr'><strong>εἷς</strong></span> <span class='ocrx_word' id='word_1_333' title='bbox 2828 1728 2930 1799; x_wconf 80' lang='grc' dir='ltr'>τῆς</span> <span class='ocrx_word' id='word_1_334' title='bbox 2978 1729 3263 1799; x_wconf 75' lang='grc' dir='ltr'><strong>πονηρίας.</strong></span> <span class='ocrx_word' id='word_1_335' title='bbox 3308 1728 3417 1780; x_wconf 72' lang='grc' dir='ltr'>Καὶ</span> <span class='ocrx_word' id='word_1_336' title='bbox 3457 1728 3485 1779; x_wconf 89' lang='grc' dir='ltr'>ὁ</span> <span class='ocrx_word' id='word_1_337' title='bbox 3520 1726 3622 1796; x_wconf 86' lang='grc' dir='ltr'><strong>μὲν</strong></span> <span class='ocrx_word' id='word_1_338' title='bbox 3657 1726 3771 1795; x_wconf 80' lang='grc' dir='ltr'>τῆς</span> 
     </span>
    </p>
   </div>
   <div class='ocr_carea' id='block_1_41' title="bbox 2157 1821 3771 1895">
    <p class='ocr_par' dir='ltr' id='par_1_41' title="bbox 2157 1821 3771 1895">
     <span class='ocr_line' id='line_1_41' title="bbox 2157 1821 3771 1895; baseline -0.001 -21"><span class='ocrx_word' id='word_1_339' title='bbox 2157 1821 2501 1892; x_wconf 81' lang='grc' dir='ltr'><strong>δικαιοσύνης</strong></span> <span class='ocrx_word' id='word_1_340' title='bbox 2537 1822 2786 1890; x_wconf 78' lang='grc' dir='ltr'>ἄγγελος,</span> <span class='ocrx_word' id='word_1_341' title='bbox 2821 1823 3090 1895; x_wconf 81' lang='grc' dir='ltr'>τρυφερός</span> <span class='ocrx_word' id='word_1_342' title='bbox 3123 1825 3241 1876; x_wconf 85' lang='grc' dir='ltr'>ἐστι</span> <span class='ocrx_word' id='word_1_343' title='bbox 3272 1823 3364 1876; x_wconf 79' lang='grc' dir='ltr'>καὶ</span> <span class='ocrx_word' id='word_1_344' title='bbox 3395 1822 3771 1892; x_wconf 74' lang='grc' dir='ltr'>αίσχυντηρὸς</span> 
     </span>
    </p>
   </div>
   <div class='ocr_carea' id='block_1_42' title="bbox 2158 1911 3771 1986">
    <p class='ocr_par' dir='ltr' id='par_1_42' title="bbox 2158 1911 3771 1986">
     <span class='ocr_line' id='line_1_42' title="bbox 2158 1911 3771 1986; baseline 0 -19"><span class='ocrx_word' id='word_1_345' title='bbox 2158 1916 2250 1967; x_wconf 78' lang='grc' dir='ltr'><strong>καὶ</strong></span> <span class='ocrx_word' id='word_1_346' title='bbox 2284 1916 2460 1985; x_wconf 80' lang='grc' dir='ltr'>πρᾶος</span> <span class='ocrx_word' id='word_1_347' title='bbox 2507 1916 2601 1967; x_wconf 72' lang='grc' dir='ltr'>καὶ</span> <span class='ocrx_word' id='word_1_348' title='bbox 2651 1915 2893 1986; x_wconf 77' lang='grc' dir='ltr'>ἰσχυρός.</span> <span class='ocrx_word' id='word_1_349' title='bbox 2950 1916 3117 1969; x_wconf 86' lang='grc' dir='ltr'>Ὅταν</span> <span class='ocrx_word' id='word_1_350' title='bbox 3151 1911 3245 1969; x_wconf 79' lang='grc' dir='ltr'><strong>οὖν</strong></span> <span class='ocrx_word' id='word_1_351' title='bbox 3290 1915 3461 1977; x_wconf 73' lang='grc' dir='ltr'>οὕτως</span> <span class='ocrx_word' id='word_1_352' title='bbox 3513 1913 3626 1985; x_wconf 72' lang='lat'><strong>(92)</strong></span> <span class='ocrx_word' id='word_1_353' title='bbox 3666 1917 3771 1967; x_wconf 72' lang='grc' dir='ltr'>ἐπὶ</span> 
     </span>
    </p>
   </div>
   <div class='ocr_carea' id='block_1_43' title="bbox 2155 2004 3769 2078">
    <p class='ocr_par' dir='ltr' id='par_1_43' title="bbox 2155 2004 3769 2078">
     <span class='ocr_line' id='line_1_43' title="bbox 2155 2004 3769 2078; baseline -0.001 -20"><span class='ocrx_word' id='word_1_354' title='bbox 2155 2006 2253 2077; x_wconf 86' lang='grc' dir='ltr'><strong>τὴν</strong></span> <span class='ocrx_word' id='word_1_355' title='bbox 2288 2006 2511 2078; x_wconf 80' lang='grc' dir='ltr'>καρδίαν</span> <span class='ocrx_word' id='word_1_356' title='bbox 2546 2023 2639 2058; x_wconf 85' lang='grc' dir='ltr'><strong>σου</strong></span> <span class='ocrx_word' id='word_1_357' title='bbox 2676 2006 2885 2078; x_wconf 82' lang='grc' dir='ltr'>ἀναϐῇ,</span> <span class='ocrx_word' id='word_1_358' title='bbox 2920 2006 3119 2069; x_wconf 82' lang='grc' dir='ltr'>εὐθέως</span> <span class='ocrx_word' id='word_1_359' title='bbox 3159 2005 3311 2059; x_wconf 86' lang='grc' dir='ltr'>λαλεῖ</span> <span class='ocrx_word' id='word_1_360' title='bbox 3336 2004 3473 2076; x_wconf 87' lang='grc' dir='ltr'><strong>μετά</strong></span> <span class='ocrx_word' id='word_1_361' title='bbox 3496 2004 3592 2057; x_wconf 79' lang='grc' dir='ltr'>σοῦ</span> <span class='ocrx_word' id='word_1_362' title='bbox 3630 2006 3769 2074; x_wconf 73' lang='grc' dir='ltr'>περὶ</span> 
     </span>
    </p>
   </div>
   <div class='ocr_carea' id='block_1_44' title="bbox 2154 2099 3769 2173">
    <p class='ocr_par' dir='ltr' id='par_1_44' title="bbox 2154 2099 3769 2173">
     <span class='ocr_line' id='line_1_44' title="bbox 2154 2099 3769 2173; baseline 0 -22"><span class='ocrx_word' id='word_1_363' title='bbox 2154 2099 2519 2171; x_wconf 83' lang='grc' dir='ltr'><strong>δικαιοσύνης,</strong></span> <span class='ocrx_word' id='word_1_364' title='bbox 2556 2102 2685 2172; x_wconf 79' lang='grc' dir='ltr'>περὶ</span> <span class='ocrx_word' id='word_1_365' title='bbox 2717 2102 2958 2170; x_wconf 82' lang='grc' dir='ltr'>ἁγνείας,</span> <span class='ocrx_word' id='word_1_366' title='bbox 2996 2102 3124 2173; x_wconf 76' lang='grc' dir='ltr'>περὶ</span> <span class='ocrx_word' id='word_1_367' title='bbox 3156 2101 3503 2172; x_wconf 81' lang='grc' dir='ltr'>σεμνότητος,</span> <span class='ocrx_word' id='word_1_368' title='bbox 3534 2100 3631 2152; x_wconf 81' lang='grc' dir='ltr'><strong>καὶ</strong></span> <span class='ocrx_word' id='word_1_369' title='bbox 3662 2116 3769 2151; x_wconf 80' lang='grc' dir='ltr'>πε-</span> 
     </span>
    </p>
   </div>
   <div class='ocr_carea' id='block_1_45' title="bbox 2161 2183 3768 2265">
    <p class='ocr_par' dir='ltr' id='par_1_45' title="bbox 2161 2183 3768 2265">
     <span class='ocr_line' id='line_1_45' title="bbox 2161 2183 3768 2265; baseline -0.001 -20"><span class='ocrx_word' id='word_1_370' title='bbox 2161 2195 2212 2263; x_wconf 82' lang='grc' dir='ltr'><strong>ρί</strong></span> <span class='ocrx_word' id='word_1_371' title='bbox 2237 2193 2600 2264; x_wconf 79' lang='grc' dir='ltr'>αὐταρκείας,</span> <span class='ocrx_word' id='word_1_372' title='bbox 2648 2194 2741 2246; x_wconf 72' lang='grc' dir='ltr'><strong>καὶ</strong></span> <span class='ocrx_word' id='word_1_373' title='bbox 2775 2195 2906 2265; x_wconf 69' lang='grc' dir='ltr'>περὶ</span> <span class='ocrx_word' id='word_1_374' title='bbox 2952 2193 3149 2255; x_wconf 84' lang='grc' dir='ltr'>παντὸς</span> <span class='ocrx_word' id='word_1_375' title='bbox 3184 2193 3345 2264; x_wconf 73' lang='grc' dir='ltr'>ἔργου</span> <span class='ocrx_word' id='word_1_376' title='bbox 3377 2191 3587 2245; x_wconf 85' lang='grc' dir='ltr'>δικαίου</span> <span class='ocrx_word' id='word_1_377' title='bbox 3608 2232 3623 2255; x_wconf 90' lang='grc'><strong>,</strong></span> <span class='ocrx_word' id='word_1_378' title='bbox 3661 2183 3768 2244; x_wconf 70' lang='grc' dir='ltr'><strong>καὶ</strong></span> 
     </span>
    </p>
   </div>
   <div class='ocr_carea' id='block_1_46' title="bbox 2156 2283 3767 2359">
    <p class='ocr_par' dir='ltr' id='par_1_46' title="bbox 2156 2283 3767 2359">
     <span class='ocr_line' id='line_1_46' title="bbox 2156 2283 3767 2359; baseline -0.002 -21"><span class='ocrx_word' id='word_1_379' title='bbox 2156 2287 2285 2356; x_wconf 72' lang='grc' dir='ltr'>περὶ</span> <span class='ocrx_word' id='word_1_380' title='bbox 2318 2287 2499 2356; x_wconf 82' lang='grc' dir='ltr'>πάσης</span> <span class='ocrx_word' id='word_1_381' title='bbox 2545 2288 2747 2359; x_wconf 83' lang='grc' dir='ltr'>ἀρετῆς</span> <span class='ocrx_word' id='word_1_382' title='bbox 2782 2287 3014 2352; x_wconf 78' lang='grc' dir='ltr'>ἐνδόξου.</span> <span class='ocrx_word' id='word_1_383' title='bbox 3055 2283 3242 2339; x_wconf 79' lang='grc' dir='ltr'>Ταῦτα.</span> <span class='ocrx_word' id='word_1_384' title='bbox 3288 2285 3465 2338; x_wconf 83' lang='grc' dir='ltr'>πάντα</span> <span class='ocrx_word' id='word_1_385' title='bbox 3493 2285 3623 2337; x_wconf 85' lang='grc' dir='ltr'>ὅταν</span> <span class='ocrx_word' id='word_1_386' title='bbox 3678 2284 3767 2346; x_wconf 85' lang='grc' dir='ltr'><strong>είς</strong></span> 
     </span>
    </p>
   </div>
   <div class='ocr_carea' id='block_1_47' title="bbox 2156 2380 3766 2454">
    <p class='ocr_par' dir='ltr' id='par_1_47' title="bbox 2156 2380 3766 2454">
     <span class='ocr_line' id='line_1_47' title="bbox 2156 2380 3766 2454; baseline -0.001 -19"><span class='ocrx_word' id='word_1_387' title='bbox 2156 2381 2253 2452; x_wconf 82' lang='grc' dir='ltr'>τὴν</span> <span class='ocrx_word' id='word_1_388' title='bbox 2288 2381 2512 2452; x_wconf 86' lang='grc' dir='ltr'>καρδίαν</span> <span class='ocrx_word' id='word_1_389' title='bbox 2548 2399 2639 2435; x_wconf 88' lang='grc' dir='ltr'><strong>σου</strong></span> <span class='ocrx_word' id='word_1_390' title='bbox 2674 2381 2871 2454; x_wconf 78' lang='grc' dir='ltr'>ἀναϐῇ,</span> <span class='ocrx_word' id='word_1_391' title='bbox 2907 2382 3143 2450; x_wconf 85' lang='grc' dir='ltr'>γίνωσκε</span> <span class='ocrx_word' id='word_1_392' title='bbox 3174 2384 3267 2438; x_wconf 81' lang='grc' dir='ltr'>’ὅτι</span> <span class='ocrx_word' id='word_1_393' title='bbox 3318 2383 3347 2434; x_wconf 84' lang='grc' dir='ltr'>ὁ</span> <span class='ocrx_word' id='word_1_394' title='bbox 3393 2380 3624 2448; x_wconf 83' lang='grc' dir='ltr'>ἄγγελος</span> <span class='ocrx_word' id='word_1_395' title='bbox 3655 2381 3766 2450; x_wconf 77' lang='grc' dir='ltr'>τῆς</span> 
     </span>
    </p>
   </div>
   <div class='ocr_carea' id='block_1_48' title="bbox 2156 2471 3766 2547">
    <p class='ocr_par' dir='ltr' id='par_1_48' title="bbox 2156 2471 3766 2547">
     <span class='ocr_line' id='line_1_48' title="bbox 2156 2471 3766 2547; baseline -0.002 -18"><span class='ocrx_word' id='word_1_396' title='bbox 2156 2474 2503 2547; x_wconf 84' lang='grc' dir='ltr'>δικαιοσύνης</span> <span class='ocrx_word' id='word_1_397' title='bbox 2550 2476 2687 2547; x_wconf 88' lang='grc' dir='ltr'><strong>μετά</strong></span> <span class='ocrx_word' id='word_1_398' title='bbox 2723 2475 2815 2530; x_wconf 84' lang='grc' dir='ltr'>σοῦ</span> <span class='ocrx_word' id='word_1_399' title='bbox 2851 2479 3020 2530; x_wconf 86' lang='grc' dir='ltr'>ἐστιν·</span> <span class='ocrx_word' id='word_1_400' title='bbox 3065 2476 3240 2547; x_wconf 87' lang='grc' dir='ltr'>τούτῳ</span> <span class='ocrx_word' id='word_1_401' title='bbox 3272 2471 3365 2529; x_wconf 79' lang='grc' dir='ltr'><strong>οὖν</strong></span> <span class='ocrx_word' id='word_1_402' title='bbox 3404 2476 3631 2527; x_wconf 86' lang='grc' dir='ltr'>πίστευε</span> <span class='ocrx_word' id='word_1_403' title='bbox 3664 2475 3766 2527; x_wconf 68' lang='grc' dir='ltr'><strong>καὶ</strong></span> 
     </span>
    </p>
   </div>
   <div class='ocr_carea' id='block_1_49' title="bbox 2157 2566 3769 2641">
    <p class='ocr_par' dir='ltr' id='par_1_49' title="bbox 2157 2566 3769 2641">
     <span class='ocr_line' id='line_1_49' title="bbox 2157 2566 3769 2641; baseline -0.003 -18"><span class='ocrx_word' id='word_1_404' title='bbox 2157 2573 2271 2633; x_wconf 83' lang='grc' dir='ltr'>τοῖς</span> <span class='ocrx_word' id='word_1_405' title='bbox 2304 2571 2485 2641; x_wconf 75' lang='grc' dir='ltr'>ἔργοις</span> <span class='ocrx_word' id='word_1_406' title='bbox 2518 2569 2682 2623; x_wconf 76' lang='grc' dir='ltr'>αὑτοῦ</span> <span class='ocrx_word' id='word_1_407' title='bbox 2703 2611 2717 2634; x_wconf 91' lang='grc'><strong>,</strong></span> <span class='ocrx_word' id='word_1_408' title='bbox 2754 2572 2847 2623; x_wconf 76' lang='grc' dir='ltr'>καὶ</span> <span class='ocrx_word' id='word_1_409' title='bbox 2880 2571 3156 2641; x_wconf 72' lang='grc' dir='ltr'>ἐγκρατὴς</span> <span class='ocrx_word' id='word_1_410' title='bbox 3198 2567 3363 2622; x_wconf 78' lang='grc' dir='ltr'>αὐτοῦ</span> <span class='ocrx_word' id='word_1_411' title='bbox 3396 2566 3576 2637; x_wconf 74' lang='grc' dir='ltr'>γενοῦ.</span> <span class='ocrx_word' id='word_1_412' title='bbox 3617 2568 3769 2637; x_wconf 74' lang='grc' dir='ltr'>Ὅρα</span> 
     </span>
    </p>
   </div>
   <div class='ocr_carea' id='block_1_50' title="bbox 2159 2658 3770 2735">
    <p class='ocr_par' dir='ltr' id='par_1_50' title="bbox 2159 2658 3770 2735">
     <span class='ocr_line' id='line_1_50' title="bbox 2159 2658 3770 2735; baseline -0.006 -16"><span class='ocrx_word' id='word_1_413' title='bbox 2159 2660 2251 2719; x_wconf 75' lang='grc' dir='ltr'><strong>οὖν</strong></span> <span class='ocrx_word' id='word_1_414' title='bbox 2285 2666 2377 2718; x_wconf 70' lang='grc' dir='ltr'><strong>καὶ</strong></span> <span class='ocrx_word' id='word_1_415' title='bbox 2410 2663 2503 2716; x_wconf 81' lang='grc' dir='ltr'>τοῦ</span> <span class='ocrx_word' id='word_1_416' title='bbox 2538 2664 2770 2733; x_wconf 83' lang='grc' dir='ltr'>ἀγγέλου</span> <span class='ocrx_word' id='word_1_417' title='bbox 2804 2664 2903 2734; x_wconf 78' lang='grc' dir='ltr'>τῆς</span> <span class='ocrx_word' id='word_1_418' title='bbox 2938 2663 3201 2735; x_wconf 86' lang='grc' dir='ltr'>πονηρίας</span> <span class='ocrx_word' id='word_1_419' title='bbox 3238 2660 3307 2713; x_wconf 84' lang='grc' dir='ltr'>τὰ</span> <span class='ocrx_word' id='word_1_420' title='bbox 3340 2661 3496 2732; x_wconf 72' lang='grc' dir='ltr'>ἔργα.</span> <span class='ocrx_word' id='word_1_421' title='bbox 3530 2658 3770 2730; x_wconf 76' lang='grc' dir='ltr'>Πρῶτον</span> 
     </span>
    </p>
   </div>
   <div class='ocr_carea' id='block_1_51' title="bbox 2161 2752 3773 2827">
    <p class='ocr_par' dir='ltr' id='par_1_51' title="bbox 2161 2752 3773 2827">
     <span class='ocr_line' id='line_1_51' title="bbox 2161 2752 3773 2827; baseline -0.004 -18"><span class='ocrx_word' id='word_1_422' title='bbox 2161 2758 2379 2811; x_wconf 83' lang='grc' dir='ltr'>πάντων</span> <span class='ocrx_word' id='word_1_423' title='bbox 2412 2756 2664 2827; x_wconf 80' lang='grc' dir='ltr'>ὀξύχολός</span> <span class='ocrx_word' id='word_1_424' title='bbox 2686 2759 2805 2809; x_wconf 89' lang='grc' dir='ltr'>ἐστι</span> <span class='ocrx_word' id='word_1_425' title='bbox 2840 2757 2933 2809; x_wconf 72' lang='grc' dir='ltr'>καὶ</span> <span class='ocrx_word' id='word_1_426' title='bbox 2964 2755 3161 2826; x_wconf 84' lang='grc' dir='ltr'>πικρὸς</span> <span class='ocrx_word' id='word_1_427' title='bbox 3183 2754 3278 2806; x_wconf 75' lang='grc' dir='ltr'><strong>καὶ</strong></span> <span class='ocrx_word' id='word_1_428' title='bbox 3298 2753 3488 2823; x_wconf 79' lang='grc' dir='ltr'>ἄφρων</span> <span class='ocrx_word' id='word_1_429' title='bbox 3508 2793 3523 2815; x_wconf 91' lang='grc'><strong>,</strong></span> <span class='ocrx_word' id='word_1_430' title='bbox 3560 2752 3657 2805; x_wconf 69' lang='grc' dir='ltr'>καὶ</span> <span class='ocrx_word' id='word_1_431' title='bbox 3693 2752 3773 2804; x_wconf 69' lang='grc' dir='ltr'>τὰ</span> 
     </span>
    </p>
   </div>
   <div class='ocr_carea' id='block_1_52' title="bbox 2163 2842 3769 2922">
    <p class='ocr_par' dir='ltr' id='par_1_52' title="bbox 2163 2842 3769 2922">
     <span class='ocr_line' id='line_1_52' title="bbox 2163 2842 3769 2922; baseline -0.006 -19"><span class='ocrx_word' id='word_1_432' title='bbox 2163 2850 2301 2922; x_wconf 72' lang='grc' dir='ltr'>ἔργα</span> <span class='ocrx_word' id='word_1_433' title='bbox 2329 2849 2492 2903; x_wconf 75' lang='grc' dir='ltr'>αὑτοῦ</span> <span class='ocrx_word' id='word_1_434' title='bbox 2527 2848 2758 2921; x_wconf 82' lang='grc' dir='ltr'>πονηρὰ,</span> <span class='ocrx_word' id='word_1_435' title='bbox 2795 2848 3237 2920; x_wconf 82' lang='grc' dir='ltr'>καταστρέφοντα</span> <span class='ocrx_word' id='word_1_436' title='bbox 3267 2846 3393 2908; x_wconf 74' lang='grc' dir='ltr'>τοὺς</span> <span class='ocrx_word' id='word_1_437' title='bbox 3416 2843 3638 2907; x_wconf 85' lang='grc' dir='ltr'>δούλους</span> <span class='ocrx_word' id='word_1_438' title='bbox 3662 2842 3769 2895; x_wconf 77' lang='grc' dir='ltr'>τοῦ</span> 
     </span>
    </p>
   </div>
   <div class='ocr_carea' id='block_1_53' title="bbox 2163 2936 3771 3013">
    <p class='ocr_par' dir='ltr' id='par_1_53' title="bbox 2163 2936 3771 3013">
     <span class='ocr_line' id='line_1_53' title="bbox 2163 2936 3771 3013; baseline -0.004 -19"><span class='ocrx_word' id='word_1_439' title='bbox 2163 2941 2320 2996; x_wconf 80' lang='grc' dir='ltr'>Θεοῦ.</span> <span class='ocrx_word' id='word_1_440' title='bbox 2360 2944 2526 2996; x_wconf 77' lang='grc' dir='ltr'>’Όταν</span> <span class='ocrx_word' id='word_1_441' title='bbox 2553 2941 2715 3004; x_wconf 83' lang='grc' dir='ltr'>αὐτὸς</span> <span class='ocrx_word' id='word_1_442' title='bbox 2747 2942 2839 2994; x_wconf 74' lang='grc' dir='ltr'>ἐπὶ</span> <span class='ocrx_word' id='word_1_443' title='bbox 2860 2942 2960 3013; x_wconf 80' lang='grc' dir='ltr'><strong>τὴν</strong></span> <span class='ocrx_word' id='word_1_444' title='bbox 2994 2940 3219 3012; x_wconf 86' lang='grc' dir='ltr'>καρδίαν</span> <span class='ocrx_word' id='word_1_445' title='bbox 3255 2954 3348 2991; x_wconf 92' lang='grc' dir='ltr'><strong>σου</strong></span> <span class='ocrx_word' id='word_1_446' title='bbox 3381 2936 3580 3008; x_wconf 82' lang='grc' dir='ltr'>ἀναϐῇ,</span> <span class='ocrx_word' id='word_1_447' title='bbox 3617 2936 3771 3005; x_wconf 79' lang='grc' dir='ltr'>γνῶ-</span> 
     </span>
    </p>
   </div>
   <div class='ocr_carea' id='block_1_54' title="bbox 475 3019 2056 3106">
    <p class='ocr_par' dir='ltr' id='par_1_54' title="bbox 475 3019 2056 3092">
     <span class='ocr_line' id='line_1_54' title="bbox 475 3019 2056 3092; baseline 0 -17"><span class='ocrx_word' id='word_1_448' title='bbox 475 3021 731 3092; x_wconf 91' lang='lat' dir='ltr'><strong>operibus</strong></span> <span class='ocrx_word' id='word_1_449' title='bbox 761 3019 899 3088; x_wconf 79' lang='lat' dir='ltr'><strong>ejus,</strong></span> <span class='ocrx_word' id='word_1_450' title='bbox 928 3022 1071 3075; x_wconf 91' lang='lat' dir='ltr'><strong>hunc</strong></span> <span class='ocrx_word' id='word_1_451' title='bbox 1098 3036 1220 3075; x_wconf 90' lang='lat' dir='ltr'><strong>esse</strong></span> <span class='ocrx_word' id='word_1_452' title='bbox 1244 3023 1463 3091; x_wconf 85' lang='lat' dir='ltr'><strong>genium</strong></span> <span class='ocrx_word' id='word_1_453' title='bbox 1492 3022 1801 3090; x_wconf 89' lang='lat' dir='ltr'><strong>iniquitatis</strong></span> <span class='ocrx_word' id='word_1_454' title='bbox 1834 3021 1968 3091; x_wconf 86' lang='lat'><strong>(96).</strong></span> <span class='ocrx_word' id='word_1_455' title='bbox 1993 3021 2056 3075; x_wconf 85' lang='lat' dir='ltr'><strong>Et</strong></span> 
     </span>
    </p>
   </div>
   <div class='ocr_carea' id='block_1_55' title="bbox 2223 3019 3770 3106">
    <p class='ocr_par' dir='ltr' id='par_1_55' title="bbox 2248 3030 3770 3106">
     <span class='ocr_line' id='line_1_55' title="bbox 2248 3030 3770 3106; baseline -0.005 -17"><span class='ocrx_word' id='word_1_456' title='bbox 2248 3034 2409 3089; x_wconf 77' lang='grc' dir='ltr'>αὐτὸν</span> <span class='ocrx_word' id='word_1_457' title='bbox 2443 3035 2535 3088; x_wconf 65' lang='grc' dir='ltr'>ἐπὶ</span> <span class='ocrx_word' id='word_1_458' title='bbox 2560 3034 2668 3088; x_wconf 90' lang='grc' dir='ltr'><strong>τῶν</strong></span> <span class='ocrx_word' id='word_1_459' title='bbox 2694 3034 2873 3106; x_wconf 76' lang='grc' dir='ltr'>ἔργων</span> <span class='ocrx_word' id='word_1_460' title='bbox 2895 3032 3179 3087; x_wconf 83' lang='grc' dir='ltr'>αὐτοῦ.....</span> <span class='ocrx_word' id='word_1_461' title='bbox 3214 3032 3339 3097; x_wconf 85' lang='grc' dir='ltr'>Πῶς</span> <span class='ocrx_word' id='word_1_462' title='bbox 3372 3032 3546 3103; x_wconf 85' lang='grc' dir='ltr'>Κύριε</span> <span class='ocrx_word' id='word_1_463' title='bbox 3580 3030 3770 3099; x_wconf 76' lang='grc' dir='ltr'>νοήσω</span> 
     </span>
    </p>
   </div>
   <div class='ocr_carea' id='block_1_56' title="bbox 474 3113 2060 3184">
    <p class='ocr_par' dir='ltr' id='par_1_56' title="bbox 474 3113 2060 3184">
     <span class='ocr_line' id='line_1_56' title="bbox 474 3113 2060 3184; baseline -0.002 -15"><span class='ocrx_word' id='word_1_464' title='bbox 474 3115 589 3170; x_wconf 78' lang='lat' dir='ltr'><strong>dixi</strong></span> <span class='ocrx_word' id='word_1_465' title='bbox 612 3115 663 3169; x_wconf 90' lang='lat' dir='ltr'><strong>ei</strong></span> <span class='ocrx_word' id='word_1_466' title='bbox 690 3134 702 3168; x_wconf 92' lang='lat'><strong>:</strong></span> <span class='ocrx_word' id='word_1_467' title='bbox 734 3113 854 3180; x_wconf 84' lang='lat' dir='ltr'><strong>Quo</strong></span> <span class='ocrx_word' id='word_1_468' title='bbox 896 3115 1088 3180; x_wconf 91' lang='lat' dir='ltr'><strong>modo,</strong></span> <span class='ocrx_word' id='word_1_469' title='bbox 1122 3113 1364 3179; x_wconf 88' lang='lat' dir='ltr'><strong>domine,</strong></span> <span class='ocrx_word' id='word_1_470' title='bbox 1404 3114 1742 3184; x_wconf 84' lang='lat' dir='ltr'><strong>intelligam?</strong></span> <span class='ocrx_word' id='word_1_471' title='bbox 1769 3114 1932 3179; x_wconf 88' lang='lat' dir='ltr'><strong>Audi,</strong></span> <span class='ocrx_word' id='word_1_472' title='bbox 1977 3114 2060 3167; x_wconf 91' lang='lat' dir='ltr'><strong>in-</strong></span> 
     </span>
    </p>
   </div>
   <div class='ocr_carea' id='block_1_57' title="bbox 474 3207 2062 3277">
    <p class='ocr_par' dir='ltr' id='par_1_57' title="bbox 474 3207 2062 3277">
     <span class='ocr_line' id='line_1_57' title="bbox 474 3207 2062 3277; baseline -0.001 -15"><span class='ocrx_word' id='word_1_473' title='bbox 474 3208 614 3277; x_wconf 89' lang='lat' dir='ltr'><strong>quit,</strong></span> <span class='ocrx_word' id='word_1_474' title='bbox 653 3215 706 3262; x_wconf 89' lang='lat' dir='ltr'><strong>et</strong></span> <span class='ocrx_word' id='word_1_475' title='bbox 736 3207 995 3277; x_wconf 86' lang='lat' dir='ltr'><strong>intellige.</strong></span> <span class='ocrx_word' id='word_1_476' title='bbox 1026 3208 1164 3261; x_wconf 90' lang='lat' dir='ltr'><strong>Cum</strong></span> <span class='ocrx_word' id='word_1_477' title='bbox 1194 3207 1476 3261; x_wconf 82' lang='lat' dir='ltr'><strong>iracundia</strong></span> <span class='ocrx_word' id='word_1_478' title='bbox 1504 3208 1601 3261; x_wconf 91' lang='lat' dir='ltr'><strong>tibi</strong></span> <span class='ocrx_word' id='word_1_479' title='bbox 1634 3209 1929 3263; x_wconf 89' lang='lat' dir='ltr'><strong>accesserit</strong></span> <span class='ocrx_word' id='word_1_480' title='bbox 1964 3214 2062 3261; x_wconf 86' lang='lat' dir='ltr'><strong>aut</strong></span> 
     </span>
    </p>
   </div>
   <div class='ocr_carea' id='block_1_58' title="bbox 476 3299 2059 3372">
    <p class='ocr_par' dir='ltr' id='par_1_58' title="bbox 476 3299 2059 3372">
     <span class='ocr_line' id='line_1_58' title="bbox 476 3299 2059 3372; baseline 0.001 -20"><span class='ocrx_word' id='word_1_481' title='bbox 476 3299 804 3365; x_wconf 88' lang='lat' dir='ltr'><strong>amaritudo,</strong></span> <span class='ocrx_word' id='word_1_482' title='bbox 836 3300 1073 3369; x_wconf 86' lang='lat' dir='ltr'><strong>intelligc</strong></span> <span class='ocrx_word' id='word_1_483' title='bbox 1102 3316 1226 3354; x_wconf 90' lang='lat' dir='ltr'><strong>eum</strong></span> <span class='ocrx_word' id='word_1_484' title='bbox 1259 3300 1313 3353; x_wconf 90' lang='lat' dir='ltr'><strong>in</strong></span> <span class='ocrx_word' id='word_1_485' title='bbox 1346 3308 1397 3354; x_wconf 93' lang='lat' dir='ltr'><strong>te</strong></span> <span class='ocrx_word' id='word_1_486' title='bbox 1422 3316 1544 3354; x_wconf 89' lang='lat' dir='ltr'><strong>esse</strong></span> <span class='ocrx_word' id='word_1_487' title='bbox 1572 3299 1714 3372; x_wconf 81' lang='lat'><strong>(97):</strong></span> <span class='ocrx_word' id='word_1_488' title='bbox 1740 3300 1935 3354; x_wconf 88' lang='lat' dir='ltr'><strong>deinde</strong></span> <span class='ocrx_word' id='word_1_489' title='bbox 1960 3316 2059 3355; x_wconf 72' lang='lat' dir='ltr'><strong>cu»</strong></span> 
     </span>
    </p>
   </div>
   <div class='ocr_carea' id='block_1_59' title="bbox 475 3392 2059 3462">
    <p class='ocr_par' dir='ltr' id='par_1_59' title="bbox 475 3392 2059 3462">
     <span class='ocr_line' id='line_1_59' title="bbox 475 3392 2059 3462; baseline 0.001 -19"><span class='ocrx_word' id='word_1_490' title='bbox 475 3392 673 3462; x_wconf 90' lang='lat' dir='ltr'><strong>piditas</strong></span> <span class='ocrx_word' id='word_1_491' title='bbox 702 3392 999 3445; x_wconf 89' lang='lat' dir='ltr'><strong>multorum</strong></span> <span class='ocrx_word' id='word_1_492' title='bbox 1033 3407 1258 3460; x_wconf 90' lang='lat' dir='ltr'><strong>operum</strong></span> <span class='ocrx_word' id='word_1_493' title='bbox 1293 3392 1405 3461; x_wconf 82' lang='lat'><strong>(98)</strong></span> <span class='ocrx_word' id='word_1_494' title='bbox 1439 3401 1491 3445; x_wconf 89' lang='lat' dir='ltr'><strong>et</strong></span> <span class='ocrx_word' id='word_1_495' title='bbox 1525 3392 1857 3460; x_wconf 89' lang='lat' dir='ltr'><strong>optimorum</strong></span> <span class='ocrx_word' id='word_1_496' title='bbox 1907 3392 2059 3445; x_wconf 89' lang='lat' dir='ltr'><strong>cibo-</strong></span> 
     </span>
    </p>
   </div>
   <div class='ocr_carea' id='block_1_60' title="bbox 477 3483 2062 3553">
    <p class='ocr_par' dir='ltr' id='par_1_60' title="bbox 477 3483 2062 3553">
     <span class='ocr_line' id='line_1_60' title="bbox 477 3483 2062 3553; baseline -0.001 -14"><span class='ocrx_word' id='word_1_497' title='bbox 477 3500 600 3539; x_wconf 87' lang='lat' dir='ltr'><strong>rum</strong></span> <span class='ocrx_word' id='word_1_498' title='bbox 633 3493 686 3538; x_wconf 92' lang='lat' dir='ltr'><strong>ct</strong></span> <span class='ocrx_word' id='word_1_499' title='bbox 718 3483 1041 3537; x_wconf 86' lang='lat' dir='ltr'><strong>ebrietatum</strong></span> <span class='ocrx_word' id='word_1_500' title='bbox 1075 3485 1217 3553; x_wconf 88' lang='grc'>(99),</span> <span class='ocrx_word' id='word_1_501' title='bbox 1248 3492 1300 3537; x_wconf 91' lang='lat' dir='ltr'><strong>et</strong></span> <span class='ocrx_word' id='word_1_502' title='bbox 1330 3484 1635 3552; x_wconf 90' lang='lat' dir='ltr'><strong>appetentia</strong></span> <span class='ocrx_word' id='word_1_503' title='bbox 1681 3483 1828 3553; x_wconf 88' lang='grc'>(100)</span> <span class='ocrx_word' id='word_1_504' title='bbox 1861 3485 2062 3538; x_wconf 87' lang='lat' dir='ltr'><strong>multa-</strong></span> 
     </span>
    </p>
   </div>
   <div class='ocr_carea' id='block_1_61' title="bbox 476 3576 2058 3646">
    <p class='ocr_par' dir='ltr' id='par_1_61' title="bbox 476 3576 2058 3646">
     <span class='ocr_line' id='line_1_61' title="bbox 476 3576 2058 3646; baseline -0.001 -14"><span class='ocrx_word' id='word_1_505' title='bbox 476 3592 601 3633; x_wconf 86' lang='lat' dir='ltr'><strong>rum</strong></span> <span class='ocrx_word' id='word_1_506' title='bbox 632 3592 813 3630; x_wconf 88' lang='lat' dir='ltr'><strong>rerum</strong></span> <span class='ocrx_word' id='word_1_507' title='bbox 846 3576 1172 3641; x_wconf 87' lang='lat' dir='ltr'><strong>alienarum,</strong></span> <span class='ocrx_word' id='word_1_508' title='bbox 1205 3584 1261 3631; x_wconf 90' lang='lat' dir='ltr'><strong>ct</strong></span> <span class='ocrx_word' id='word_1_509' title='bbox 1288 3577 1574 3645; x_wconf 86' lang='lat' dir='ltr'><strong>superbia,</strong></span> <span class='ocrx_word' id='word_1_510' title='bbox 1608 3589 1661 3630; x_wconf 90' lang='lat' dir='ltr'><strong>et</strong></span> <span class='ocrx_word' id='word_1_511' title='bbox 1692 3577 2058 3646; x_wconf 88' lang='lat' dir='ltr'><strong>multiloquia,</strong></span> 
     </span>
    </p>
   </div>
   <div class='ocr_carea' id='block_1_62' title="bbox 477 3669 2062 3739">
    <p class='ocr_par' dir='ltr' id='par_1_62' title="bbox 477 3669 2062 3739">
     <span class='ocr_line' id='line_1_62' title="bbox 477 3669 2062 3739; baseline 0.002 -16"><span class='ocrx_word' id='word_1_512' title='bbox 477 3677 533 3723; x_wconf 90' lang='lat' dir='ltr'><strong>ct</strong></span> <span class='ocrx_word' id='word_1_513' title='bbox 562 3669 788 3723; x_wconf 90' lang='lat' dir='ltr'><strong>ambitio</strong></span> <span class='ocrx_word' id='word_1_514' title='bbox 816 3669 916 3738; x_wconf 85' lang='grc'>(1),</span> <span class='ocrx_word' id='word_1_515' title='bbox 963 3679 1017 3723; x_wconf 89' lang='lat' dir='ltr'><strong>et</strong></span> <span class='ocrx_word' id='word_1_516' title='bbox 1048 3684 1389 3739; x_wconf 56' lang='lat' dir='ltr'><strong>quaecunque</strong></span> <span class='ocrx_word' id='word_1_517' title='bbox 1421 3670 1487 3724; x_wconf 92' lang='lat' dir='ltr'><strong>iis</strong></span> <span class='ocrx_word' id='word_1_518' title='bbox 1515 3669 1717 3723; x_wconf 89' lang='lat' dir='ltr'><strong>similia</strong></span> <span class='ocrx_word' id='word_1_519' title='bbox 1760 3680 1905 3725; x_wconf 90' lang='lat' dir='ltr'><strong>sunt.</strong></span> <span class='ocrx_word' id='word_1_520' title='bbox 1935 3670 2062 3726; x_wconf 55' lang='lat' dir='ltr'><strong>Haec</strong></span> 
     </span>
    </p>
   </div>
   <div class='ocr_carea' id='block_1_63' title="bbox 477 3761 2059 3832">
    <p class='ocr_par' dir='ltr' id='par_1_63' title="bbox 477 3761 2059 3832">
     <span class='ocr_line' id='line_1_63' title="bbox 477 3761 2059 3832; baseline 0.001 -17"><span class='ocrx_word' id='word_1_521' title='bbox 477 3777 608 3830; x_wconf 86' lang='lat' dir='ltr'><strong>ergo</strong></span> <span class='ocrx_word' id='word_1_522' title='bbox 632 3777 755 3815; x_wconf 92' lang='lat' dir='ltr'><strong>cum</strong></span> <span class='ocrx_word' id='word_1_523' title='bbox 780 3764 832 3815; x_wconf 90' lang='lat' dir='ltr'><strong>in</strong></span> <span class='ocrx_word' id='word_1_524' title='bbox 855 3776 952 3814; x_wconf 87' lang='lat' dir='ltr'><strong>cor</strong></span> <span class='ocrx_word' id='word_1_525' title='bbox 975 3768 1127 3814; x_wconf 88' lang='lat' dir='ltr'><strong>tuum</strong></span> <span class='ocrx_word' id='word_1_526' title='bbox 1160 3761 1506 3815; x_wconf 83' lang='lat' dir='ltr'><strong>asccndcrint</strong></span> <span class='ocrx_word' id='word_1_527' title='bbox 1527 3802 1541 3826; x_wconf 94' lang='lat'><strong>,</strong></span> <span class='ocrx_word' id='word_1_528' title='bbox 1569 3761 1810 3831; x_wconf 81' lang='lat' dir='ltr'><strong>intellige</strong></span> <span class='ocrx_word' id='word_1_529' title='bbox 1840 3763 2059 3832; x_wconf 85' lang='lat' dir='ltr'><strong>genium</strong></span> 
     </span>
    </p>
   </div>
   <div class='ocr_carea' id='block_1_64' title="bbox 478 3850 2053 3922">
    <p class='ocr_par' dir='ltr' id='par_1_64' title="bbox 478 3850 2053 3922">
     <span class='ocr_line' id='line_1_64' title="bbox 478 3850 2053 3922; baseline 0.003 -19"><span class='ocrx_word' id='word_1_530' title='bbox 478 3850 786 3918; x_wconf 89' lang='lat' dir='ltr'><strong>iniquitatis</strong></span> <span class='ocrx_word' id='word_1_531' title='bbox 829 3859 1008 3904; x_wconf 90' lang='lat' dir='ltr'><strong>tecum</strong></span> <span class='ocrx_word' id='word_1_532' title='bbox 1053 3866 1195 3905; x_wconf 89' lang='lat' dir='ltr'><strong>esse.</strong></span> <span class='ocrx_word' id='word_1_533' title='bbox 1242 3850 1320 3904; x_wconf 89' lang='lat' dir='ltr'><strong>Tu</strong></span> <span class='ocrx_word' id='word_1_534' title='bbox 1373 3866 1502 3922; x_wconf 84' lang='lat' dir='ltr'><strong>ergo</strong></span> <span class='ocrx_word' id='word_1_535' title='bbox 1553 3867 1678 3905; x_wconf 92' lang='lat' dir='ltr'><strong>cum</strong></span> <span class='ocrx_word' id='word_1_536' title='bbox 1729 3855 2053 3921; x_wconf 86' lang='lat' dir='ltr'><strong>cognoveris</strong></span> 
     </span>
    </p>
   </div>
   <div class='ocr_carea' id='block_1_65' title="bbox 479 3946 2051 4017">
    <p class='ocr_par' dir='ltr' id='par_1_65' title="bbox 479 3946 2051 4017">
     <span class='ocr_line' id='line_1_65' title="bbox 479 3946 2051 4017; baseline 0.001 -16"><span class='ocrx_word' id='word_1_537' title='bbox 479 3963 645 4017; x_wconf 87' lang='lat' dir='ltr'><strong>opera</strong></span> <span class='ocrx_word' id='word_1_538' title='bbox 690 3946 873 4012; x_wconf 90' lang='lat' dir='ltr'><strong>illius,</strong></span> <span class='ocrx_word' id='word_1_539' title='bbox 919 3947 1112 4000; x_wconf 84' lang='lat' dir='ltr'><strong>recede</strong></span> <span class='ocrx_word' id='word_1_540' title='bbox 1160 3946 1228 4001; x_wconf 90' lang='lat' dir='ltr'><strong>ab</strong></span> <span class='ocrx_word' id='word_1_541' title='bbox 1271 3947 1378 4000; x_wconf 87' lang='lat' dir='ltr'><strong>illis</strong></span> <span class='ocrx_word' id='word_1_542' title='bbox 1408 3947 1683 4013; x_wconf 90' lang='lat' dir='ltr'><strong>omnibus,</strong></span> <span class='ocrx_word' id='word_1_543' title='bbox 1717 3956 1771 4001; x_wconf 91' lang='lat' dir='ltr'><strong>et</strong></span> <span class='ocrx_word' id='word_1_544' title='bbox 1805 3948 1944 4002; x_wconf 88' lang='lat' dir='ltr'><strong>nihil</strong></span> <span class='ocrx_word' id='word_1_545' title='bbox 1976 3949 2051 4002; x_wconf 91' lang='lat' dir='ltr'><strong>illi</strong></span> 
     </span>
    </p>
   </div>
   <div class='ocr_carea' id='block_1_66' title="bbox 479 4037 2054 4107">
    <p class='ocr_par' dir='ltr' id='par_1_66' title="bbox 479 4037 2054 4107">
     <span class='ocr_line' id='line_1_66' title="bbox 479 4037 2054 4107; baseline 0.001 -15"><span class='ocrx_word' id='word_1_546' title='bbox 479 4037 670 4101; x_wconf 87' lang='lat' dir='ltr'><strong>crede;</strong></span> <span class='ocrx_word' id='word_1_547' title='bbox 715 4037 843 4107; x_wconf 88' lang='lat' dir='ltr'><strong>quia</strong></span> <span class='ocrx_word' id='word_1_548' title='bbox 890 4037 1032 4089; x_wconf 85' lang='lat' dir='ltr'><strong>mala</strong></span> <span class='ocrx_word' id='word_1_549' title='bbox 1064 4046 1193 4090; x_wconf 90' lang='lat' dir='ltr'><strong>sunt</strong></span> <span class='ocrx_word' id='word_1_550' title='bbox 1224 4052 1387 4105; x_wconf 88' lang='lat' dir='ltr'><strong>opera</strong></span> <span class='ocrx_word' id='word_1_551' title='bbox 1418 4037 1583 4100; x_wconf 90' lang='lat' dir='ltr'><strong>illius,</strong></span> <span class='ocrx_word' id='word_1_552' title='bbox 1632 4048 1683 4092; x_wconf 91' lang='lat' dir='ltr'><strong>et</strong></span> <span class='ocrx_word' id='word_1_553' title='bbox 1722 4054 1831 4092; x_wconf 92' lang='lat' dir='ltr'><strong>non</strong></span> <span class='ocrx_word' id='word_1_554' title='bbox 1856 4055 2054 4094; x_wconf 82' lang='lat' dir='ltr'><strong>conve-</strong></span> 
     </span>
    </p>
   </div>
   <div class='ocr_carea' id='block_1_67' title="bbox 478 4125 2052 4198">
    <p class='ocr_par' dir='ltr' id='par_1_67' title="bbox 478 4125 2052 4198">
     <span class='ocr_line' id='line_1_67' title="bbox 478 4125 2052 4198; baseline 0.001 -16"><span class='ocrx_word' id='word_1_555' title='bbox 478 4129 812 4183; x_wconf 67' lang='lat' dir='ltr'><strong>niuntservo</strong></span> <span class='ocrx_word' id='word_1_556' title='bbox 839 4125 953 4180; x_wconf 84' lang='lat' dir='ltr'><strong>Dei.</strong></span> <span class='ocrx_word' id='word_1_557' title='bbox 998 4126 1176 4181; x_wconf 87' lang='lat' dir='ltr'><strong>[labes</strong></span> <span class='ocrx_word' id='word_1_558' title='bbox 1211 4143 1342 4198; x_wconf 82' lang='lat' dir='ltr'><strong>ergo</strong></span> <span class='ocrx_word' id='word_1_559' title='bbox 1378 4138 1735 4197; x_wconf 87' lang='lat' dir='ltr'><strong>utrorumque</strong></span> <span class='ocrx_word' id='word_1_560' title='bbox 1767 4129 2052 4198; x_wconf 85' lang='lat' dir='ltr'><strong>geniorum</strong></span> 
     </span>
    </p>
   </div>
   <div class='ocr_carea' id='block_1_68' title="bbox 478 4216 2051 4290">
    <p class='ocr_par' dir='ltr' id='par_1_68' title="bbox 478 4216 2051 4290">
     <span class='ocr_line' id='line_1_68' title="bbox 478 4216 2051 4290; baseline 0.002 -19"><span class='ocrx_word' id='word_1_561' title='bbox 478 4232 641 4287; x_wconf 87' lang='lat' dir='ltr'><strong>opera</strong></span> <span class='ocrx_word' id='word_1_562' title='bbox 671 4217 768 4287; x_wconf 70' lang='grc'>(2).</span> <span class='ocrx_word' id='word_1_563' title='bbox 795 4216 1035 4288; x_wconf 82' lang='lat' dir='ltr'><strong>Intellige</strong></span> <span class='ocrx_word' id='word_1_564' title='bbox 1069 4234 1215 4273; x_wconf 92' lang='lat' dir='ltr'><strong>nunc</strong></span> <span class='ocrx_word' id='word_1_565' title='bbox 1237 4260 1250 4285; x_wconf 97' lang='lat'><strong>,</strong></span> <span class='ocrx_word' id='word_1_566' title='bbox 1282 4228 1334 4272; x_wconf 90' lang='lat' dir='ltr'><strong>ct</strong></span> <span class='ocrx_word' id='word_1_567' title='bbox 1366 4219 1526 4273; x_wconf 88' lang='lat' dir='ltr'><strong>crede</strong></span> <span class='ocrx_word' id='word_1_568' title='bbox 1567 4220 1725 4289; x_wconf 84' lang='lat' dir='ltr'><strong>genio</strong></span> <span class='ocrx_word' id='word_1_569' title='bbox 1757 4221 2051 4290; x_wconf 63' lang='lat' dir='ltr'><strong>aequitatis,</strong></span> 
     </span>
    </p>
   </div>
   <div class='ocr_carea' id='block_1_69' title="bbox 2158 3120 3768 3197">
    <p class='ocr_par' dir='ltr' id='par_1_69' title="bbox 2158 3120 3768 3197">
     <span class='ocr_line' id='line_1_69' title="bbox 2158 3120 3768 3197; baseline -0.006 -16"><span class='ocrx_word' id='word_1_570' title='bbox 2158 3128 2353 3194; x_wconf 86' lang='grc' dir='ltr'>αύτόν;</span> <span class='ocrx_word' id='word_1_571' title='bbox 2389 3126 2575 3195; x_wconf 81' lang='grc' dir='ltr'>Λέγει·</span> <span class='ocrx_word' id='word_1_572' title='bbox 2606 3127 2773 3181; x_wconf 81' lang='grc' dir='ltr'>ἄκουε</span> <span class='ocrx_word' id='word_1_573' title='bbox 2797 3125 3150 3197; x_wconf 84' lang='grc' dir='ltr'>λεπτομερῶς</span> <span class='ocrx_word' id='word_1_574' title='bbox 3192 3126 3284 3178; x_wconf 75' lang='grc' dir='ltr'><strong>καὶ</strong></span> <span class='ocrx_word' id='word_1_575' title='bbox 3311 3120 3636 3195; x_wconf 83' lang='grc' dir='ltr'>[προσεχὴς]</span> <span class='ocrx_word' id='word_1_576' title='bbox 3674 3121 3768 3188; x_wconf 83' lang='grc' dir='ltr'>γί-</span> 
     </span>
    </p>
   </div>
   <div class='ocr_carea' id='block_1_70' title="bbox 2158 3213 3771 3288">
    <p class='ocr_par' dir='ltr' id='par_1_70' title="bbox 2158 3213 3771 3288">
     <span class='ocr_line' id='line_1_70' title="bbox 2158 3213 3771 3288; baseline -0.007 -14"><span class='ocrx_word' id='word_1_577' title='bbox 2158 3236 2270 3274; x_wconf 81' lang='grc' dir='ltr'>νου’</span> <span class='ocrx_word' id='word_1_578' title='bbox 2310 3221 2475 3273; x_wconf 86' lang='grc' dir='ltr'>Ὅταν</span> <span class='ocrx_word' id='word_1_579' title='bbox 2501 3217 2753 3288; x_wconf 81' lang='grc' dir='ltr'>ὀξυχολία</span> <span class='ocrx_word' id='word_1_580' title='bbox 2786 3217 2868 3270; x_wconf 84' lang='grc' dir='ltr'><strong>σοί</strong></span> <span class='ocrx_word' id='word_1_581' title='bbox 2910 3235 2996 3281; x_wconf 87' lang='grc' dir='ltr'><strong>τις</strong></span> <span class='ocrx_word' id='word_1_582' title='bbox 3028 3216 3330 3288; x_wconf 81' lang='grc' dir='ltr'>προσέλθῃ,</span> <span class='ocrx_word' id='word_1_583' title='bbox 3362 3214 3395 3285; x_wconf 85' lang='grc' dir='ltr'>ἢ</span> <span class='ocrx_word' id='word_1_584' title='bbox 3425 3215 3639 3285; x_wconf 82' lang='grc' dir='ltr'>πικρία,</span> <span class='ocrx_word' id='word_1_585' title='bbox 3678 3213 3771 3281; x_wconf 83' lang='grc' dir='ltr'>γί-</span> 
     </span>
    </p>
   </div>
   <div class='ocr_carea' id='block_1_71' title="bbox 2159 3303 3773 3376">
    <p class='ocr_par' dir='ltr' id='par_1_71' title="bbox 2159 3303 3773 3376">
     <span class='ocr_line' id='line_1_71' title="bbox 2159 3303 3773 3376; baseline -0.009 -6"><span class='ocrx_word' id='word_1_586' title='bbox 2159 3333 2334 3370; x_wconf 89' lang='grc' dir='ltr'>νωσκε</span> <span class='ocrx_word' id='word_1_587' title='bbox 2381 3315 2463 3367; x_wconf 83' lang='grc' dir='ltr'>ὅτι</span> <span class='ocrx_word' id='word_1_588' title='bbox 2496 3313 2659 3376; x_wconf 84' lang='grc' dir='ltr'>αὑτός</span> <span class='ocrx_word' id='word_1_589' title='bbox 2692 3313 2839 3364; x_wconf 86' lang='grc' dir='ltr'>ἐστιν</span> <span class='ocrx_word' id='word_1_590' title='bbox 2873 3310 2931 3363; x_wconf 83' lang='grc' dir='ltr'><strong>ἐν</strong></span> <span class='ocrx_word' id='word_1_591' title='bbox 2966 3308 3067 3361; x_wconf 91' lang='grc' dir='ltr'>σοί·</span> <span class='ocrx_word' id='word_1_592' title='bbox 3107 3303 3226 3360; x_wconf 78' lang='grc' dir='ltr'>εἶτα</span> <span class='ocrx_word' id='word_1_593' title='bbox 3257 3306 3441 3359; x_wconf 82' lang='grc' dir='ltr'>λοιπὸν</span> <span class='ocrx_word' id='word_1_594' title='bbox 3468 3305 3773 3374; x_wconf 81' lang='grc' dir='ltr'>ἐπιθυμίαι</span> 
     </span>
    </p>
   </div>
   <div class='ocr_carea' id='block_1_72' title="bbox 2161 3396 3772 3475">
    <p class='ocr_par' dir='ltr' id='par_1_72' title="bbox 2161 3396 3772 3475">
     <span class='ocr_line' id='line_1_72' title="bbox 2161 3396 3772 3475; baseline -0.011 -11"><span class='ocrx_word' id='word_1_595' title='bbox 2161 3408 2413 3475; x_wconf 82' lang='grc' dir='ltr'>πράξεων</span> <span class='ocrx_word' id='word_1_596' title='bbox 2460 3402 2703 3467; x_wconf 82' lang='grc' dir='ltr'>πολλῶν,</span> <span class='ocrx_word' id='word_1_597' title='bbox 2759 3402 2855 3456; x_wconf 73' lang='grc' dir='ltr'><strong>καὶ</strong></span> <span class='ocrx_word' id='word_1_598' title='bbox 2921 3396 3238 3452; x_wconf 83' lang='grc' dir='ltr'>πολυτέλεια</span> <span class='ocrx_word' id='word_1_599' title='bbox 3295 3397 3611 3466; x_wconf 77' lang='grc' dir='ltr'>ἐδεσμάτων</span> <span class='ocrx_word' id='word_1_600' title='bbox 3669 3396 3772 3450; x_wconf 69' lang='grc' dir='ltr'>καὶ</span> 
     </span>
    </p>
   </div>
   <div class='ocr_carea' id='block_1_73' title="bbox 2161 3489 3771 3572">
    <p class='ocr_par' dir='ltr' id='par_1_73' title="bbox 2161 3489 3771 3572">
     <span class='ocr_line' id='line_1_73' title="bbox 2161 3489 3771 3572; baseline -0.007 -18"><span class='ocrx_word' id='word_1_601' title='bbox 2161 3499 2478 3572; x_wconf 85' lang='grc' dir='ltr'>κραιπαλῶν</span> <span class='ocrx_word' id='word_1_602' title='bbox 2534 3496 2767 3559; x_wconf 89' lang='grc' dir='ltr'>πολλῶν,</span> <span class='ocrx_word' id='word_1_603' title='bbox 2819 3494 2912 3549; x_wconf 70' lang='grc' dir='ltr'>καὶ</span> <span class='ocrx_word' id='word_1_604' title='bbox 2965 3491 3224 3546; x_wconf 86' lang='grc' dir='ltr'>ποικίλων</span> <span class='ocrx_word' id='word_1_605' title='bbox 3268 3489 3504 3563; x_wconf 80' lang='grc' dir='ltr'>τροφῶν,</span> <span class='ocrx_word' id='word_1_606' title='bbox 3555 3489 3651 3541; x_wconf 74' lang='grc' dir='ltr'><strong>καὶ</strong></span> <span class='ocrx_word' id='word_1_607' title='bbox 3704 3490 3771 3543; x_wconf 79' lang='grc' dir='ltr'><strong>ού</strong></span> 
     </span>
    </p>
   </div>
   <div class='ocr_carea' id='block_1_74' title="bbox 2159 3579 3767 3658">
    <p class='ocr_par' dir='ltr' id='par_1_74' title="bbox 2159 3579 3767 3658">
     <span class='ocr_line' id='line_1_74' title="bbox 2159 3579 3767 3658; baseline -0.011 -10"><span class='ocrx_word' id='word_1_608' title='bbox 2159 3595 2423 3657; x_wconf 87' lang='grc' dir='ltr'>δεόντων,</span> <span class='ocrx_word' id='word_1_609' title='bbox 2466 3592 2559 3645; x_wconf 75' lang='grc' dir='ltr'>καὶ</span> <span class='ocrx_word' id='word_1_610' title='bbox 2607 3588 2891 3658; x_wconf 82' lang='grc' dir='ltr'>ἐπιθυμίαι</span> <span class='ocrx_word' id='word_1_611' title='bbox 2935 3584 3244 3653; x_wconf 88' lang='grc' dir='ltr'>γυναικῶν,</span> <span class='ocrx_word' id='word_1_612' title='bbox 3285 3583 3377 3636; x_wconf 79' lang='grc' dir='ltr'><strong>καὶ</strong></span> <span class='ocrx_word' id='word_1_613' title='bbox 3413 3579 3767 3645; x_wconf 78' lang='grc' dir='ltr'>πλεονεξίαι,</span> 
     </span>
    </p>
   </div>
   <div class='ocr_carea' id='block_1_75' title="bbox 2161 3674 3771 3757">
    <p class='ocr_par' dir='ltr' id='par_1_75' title="bbox 2161 3674 3771 3757">
     <span class='ocr_line' id='line_1_75' title="bbox 2161 3674 3771 3757; baseline -0.01 -19"><span class='ocrx_word' id='word_1_614' title='bbox 2161 3684 2506 3757; x_wconf 80' lang='grc' dir='ltr'>ὑπερηφανία</span> <span class='ocrx_word' id='word_1_615' title='bbox 2538 3699 2596 3734; x_wconf 90' lang='grc' dir='ltr'><strong>τε</strong></span> <span class='ocrx_word' id='word_1_616' title='bbox 2630 3682 2723 3735; x_wconf 72' lang='grc' dir='ltr'>καὶ</span> <span class='ocrx_word' id='word_1_617' title='bbox 2746 3679 3049 3745; x_wconf 74' lang='grc' dir='ltr'>ἀλαζονεία,</span> <span class='ocrx_word' id='word_1_618' title='bbox 3086 3678 3179 3731; x_wconf 73' lang='grc' dir='ltr'>καὶ</span> <span class='ocrx_word' id='word_1_619' title='bbox 3202 3677 3301 3729; x_wconf 80' lang='grc' dir='ltr'><strong>ὅσα</strong></span> <span class='ocrx_word' id='word_1_620' title='bbox 3333 3674 3543 3736; x_wconf 86' lang='grc' dir='ltr'>τούτοις</span> <span class='ocrx_word' id='word_1_621' title='bbox 3578 3690 3771 3742; x_wconf 79' lang='grc' dir='ltr'>παρα-</span> 
     </span>
    </p>
   </div>
   <div class='ocr_carea' id='block_1_76' title="bbox 2160 3765 3766 3848">
    <p class='ocr_par' dir='ltr' id='par_1_76' title="bbox 2160 3765 3766 3848">
     <span class='ocr_line' id='line_1_76' title="bbox 2160 3765 3766 3848; baseline -0.009 -18"><span class='ocrx_word' id='word_1_622' title='bbox 2160 3777 2385 3848; x_wconf 82' lang='grc' dir='ltr'>πλήσια.</span> <span class='ocrx_word' id='word_1_623' title='bbox 2419 3775 2604 3829; x_wconf 79' lang='grc' dir='ltr'>Ταῦτα</span> <span class='ocrx_word' id='word_1_624' title='bbox 2634 3768 2725 3827; x_wconf 78' lang='grc' dir='ltr'><strong>οὖν</strong></span> <span class='ocrx_word' id='word_1_625' title='bbox 2762 3773 2888 3825; x_wconf 78' lang='grc' dir='ltr'>ὅταν</span> <span class='ocrx_word' id='word_1_626' title='bbox 2926 3771 3023 3825; x_wconf 75' lang='grc' dir='ltr'>ἐπὶ</span> <span class='ocrx_word' id='word_1_627' title='bbox 3046 3769 3144 3842; x_wconf 80' lang='grc' dir='ltr'>τὴν</span> <span class='ocrx_word' id='word_1_628' title='bbox 3178 3768 3401 3840; x_wconf 85' lang='grc' dir='ltr'>καρδίαν</span> <span class='ocrx_word' id='word_1_629' title='bbox 3432 3783 3525 3819; x_wconf 91' lang='grc' dir='ltr'><strong>σου</strong></span> <span class='ocrx_word' id='word_1_630' title='bbox 3556 3765 3766 3835; x_wconf 79' lang='grc' dir='ltr'>ἀναϐῇ,</span> 
     </span>
    </p>
   </div>
   <div class='ocr_carea' id='block_1_77' title="bbox 2161 3860 3768 3939">
    <p class='ocr_par' dir='ltr' id='par_1_77' title="bbox 2161 3860 3768 3939">
     <span class='ocr_line' id='line_1_77' title="bbox 2161 3860 3768 3939; baseline -0.009 -15"><span class='ocrx_word' id='word_1_631' title='bbox 2161 3872 2394 3939; x_wconf 87' lang='grc' dir='ltr'>γίνωσκε</span> <span class='ocrx_word' id='word_1_632' title='bbox 2415 3909 2429 3933; x_wconf 91' lang='grc'><strong>,</strong></span> <span class='ocrx_word' id='word_1_633' title='bbox 2464 3869 2545 3921; x_wconf 86' lang='grc' dir='ltr'>ὅτι</span> <span class='ocrx_word' id='word_1_634' title='bbox 2577 3866 2807 3935; x_wconf 81' lang='grc' dir='ltr'>ἄγγελος</span> <span class='ocrx_word' id='word_1_635' title='bbox 2837 3865 2941 3934; x_wconf 83' lang='grc' dir='ltr'>τῆς</span> <span class='ocrx_word' id='word_1_636' title='bbox 2972 3864 3238 3934; x_wconf 84' lang='grc' dir='ltr'>πονηρίας</span> <span class='ocrx_word' id='word_1_637' title='bbox 3270 3862 3414 3914; x_wconf 79' lang='grc' dir='ltr'>ἐστὶν</span> <span class='ocrx_word' id='word_1_638' title='bbox 3447 3862 3505 3913; x_wconf 88' lang='grc' dir='ltr'><strong>ἐν</strong></span> <span class='ocrx_word' id='word_1_639' title='bbox 3539 3860 3646 3912; x_wconf 89' lang='grc' dir='ltr'>σοί.</span> <span class='ocrx_word' id='word_1_640' title='bbox 3687 3860 3768 3911; x_wconf 71' lang='grc' dir='ltr'>Σὺ</span> 
     </span>
    </p>
   </div>
   <div class='ocr_carea' id='block_1_78' title="bbox 2160 3950 3769 4031">
    <p class='ocr_par' dir='ltr' id='par_1_78' title="bbox 2160 3950 3769 4031">
     <span class='ocr_line' id='line_1_78' title="bbox 2160 3950 3769 4031; baseline -0.008 -14"><span class='ocrx_word' id='word_1_641' title='bbox 2160 3960 2254 4017; x_wconf 74' lang='grc' dir='ltr'><strong>οὖν</strong></span> <span class='ocrx_word' id='word_1_642' title='bbox 2287 3962 2540 4031; x_wconf 77' lang='grc' dir='ltr'>ἐπιγνοὺς</span> <span class='ocrx_word' id='word_1_643' title='bbox 2562 3960 2631 4013; x_wconf 86' lang='grc' dir='ltr'><strong>τά</strong></span> <span class='ocrx_word' id='word_1_644' title='bbox 2663 3959 2799 4030; x_wconf 78' lang='grc' dir='ltr'>ἔργα</span> <span class='ocrx_word' id='word_1_645' title='bbox 2831 3957 3017 4022; x_wconf 83' lang='grc' dir='ltr'>αὐτοῦ,</span> <span class='ocrx_word' id='word_1_646' title='bbox 3053 3957 3263 4009; x_wconf 85' lang='grc' dir='ltr'>ἀπόστα</span> <span class='ocrx_word' id='word_1_647' title='bbox 3294 3954 3386 4008; x_wconf 86' lang='grc' dir='ltr'>ἀπ’</span> <span class='ocrx_word' id='word_1_648' title='bbox 3420 3950 3586 4006; x_wconf 80' lang='grc' dir='ltr'>αὑτοῦ</span> <span class='ocrx_word' id='word_1_649' title='bbox 3607 3992 3622 4013; x_wconf 92' lang='grc'>,</span> <span class='ocrx_word' id='word_1_650' title='bbox 3665 3954 3769 4005; x_wconf 72' lang='grc' dir='ltr'><strong>καὶ</strong></span> 
     </span>
    </p>
   </div>
   <div class='ocr_carea' id='block_1_79' title="bbox 2165 4048 3764 4131">
    <p class='ocr_par' dir='ltr' id='par_1_79' title="bbox 2165 4048 3764 4131">
     <span class='ocr_line' id='line_1_79' title="bbox 2165 4048 3764 4131; baseline -0.008 -19"><span class='ocrx_word' id='word_1_651' title='bbox 2165 4060 2331 4131; x_wconf 81' lang='grc' dir='ltr'>μηδὲν</span> <span class='ocrx_word' id='word_1_652' title='bbox 2360 4055 2505 4126; x_wconf 73' lang='grc' dir='ltr'>αὐτῷ</span> <span class='ocrx_word' id='word_1_653' title='bbox 2540 4054 2781 4107; x_wconf 83' lang='grc' dir='ltr'>πίστευε.</span> <span class='ocrx_word' id='word_1_654' title='bbox 2818 4053 3002 4121; x_wconf 83' lang='grc' dir='ltr'>Ἔχεις</span> <span class='ocrx_word' id='word_1_655' title='bbox 3033 4048 3125 4106; x_wconf 74' lang='grc' dir='ltr'><strong>οὖν</strong></span> <span class='ocrx_word' id='word_1_656' title='bbox 3160 4049 3479 4120; x_wconf 82' lang='grc' dir='ltr'>ἀμφοτέρων</span> <span class='ocrx_word' id='word_1_657' title='bbox 3510 4048 3623 4101; x_wconf 90' lang='grc' dir='ltr'><strong>τῶν</strong></span> <span class='ocrx_word' id='word_1_658' title='bbox 3653 4050 3764 4115; x_wconf 81' lang='grc' dir='ltr'>ἀγ-</span> 
     </span>
    </p>
   </div>
   <div class='ocr_carea' id='block_1_80' title="bbox 2162 4142 2901 4219">
    <p class='ocr_par' dir='ltr' id='par_1_80' title="bbox 2162 4142 2901 4219">
     <span class='ocr_line' id='line_1_80' title="bbox 2162 4142 2901 4219; baseline -0.008 -16"><span class='ocrx_word' id='word_1_659' title='bbox 2162 4150 2334 4219; x_wconf 83' lang='grc' dir='ltr'>γέλων</span> <span class='ocrx_word' id='word_1_660' title='bbox 2366 4146 2464 4209; x_wconf 87' lang='grc' dir='ltr'><strong>τάς</strong></span> <span class='ocrx_word' id='word_1_661' title='bbox 2497 4143 2778 4215; x_wconf 86' lang='grc' dir='ltr'>ἐνεργείας</span> <span class='ocrx_word' id='word_1_662' title='bbox 2804 4142 2901 4215; x_wconf 79' lang='grc'>(5).</span> 
     </span>
    </p>
   </div>
   <div class='ocr_carea' id='block_1_81' title="bbox 1576 4330 2620 4388">
    <p class='ocr_par' dir='ltr' id='par_1_81' title="bbox 1576 4330 2620 4388">
     <span class='ocr_line' id='line_1_81' title="bbox 1576 4330 2620 4388; baseline 0.003 -5"><span class='ocrx_word' id='word_1_663' title='bbox 1576 4331 1809 4384; x_wconf 70' lang='grc' dir='ltr'><strong>νΑΒΙΑΞ</strong></span> <span class='ocrx_word' id='word_1_664' title='bbox 1850 4331 2232 4388; x_wconf 84' lang='lat' dir='ltr'><strong>LECTIONES</strong></span> <span class='ocrx_word' id='word_1_665' title='bbox 2265 4333 2352 4386; x_wconf 90' lang='lat' dir='ltr'><strong>ET</strong></span> <span class='ocrx_word' id='word_1_666' title='bbox 2390 4330 2620 4386; x_wconf 58' lang='lat' dir='ltr'><strong>NOTjE.</strong></span> 
     </span>
    </p>
   </div>
   <div class='ocr_carea' id='block_1_82' title="bbox 553 4413 2643 4490">
    <p class='ocr_par' dir='ltr' id='par_1_82' title="bbox 553 4413 2643 4490">
     <span class='ocr_line' id='line_1_82' title="bbox 553 4413 2643 4490; baseline 0 -17"><span class='ocrx_word' id='word_1_667' title='bbox 553 4420 664 4490; x_wconf 89' lang='grc'>(88)</span> <span class='ocrx_word' id='word_1_668' title='bbox 694 4419 823 4490; x_wconf 90' lang='lat' dir='ltr'><strong>Leg.</strong></span> <span class='ocrx_word' id='word_1_669' title='bbox 850 4420 1034 4489; x_wconf 88' lang='lat' dir='ltr'><strong>potius</strong></span> <span class='ocrx_word' id='word_1_670' title='bbox 1073 4421 1449 4473; x_wconf 70' lang='lat' dir='ltr'><strong>continentiam</strong></span> <span class='ocrx_word' id='word_1_671' title='bbox 1477 4421 1560 4473; x_wconf 84' lang='lat' dir='ltr'><strong>vel</strong></span> <span class='ocrx_word' id='word_1_672' title='bbox 1591 4422 1964 4475; x_wconf 80' lang='lat' dir='ltr'><strong>abstinentiam</strong></span> <span class='ocrx_word' id='word_1_673' title='bbox 1992 4440 2059 4477; x_wconf 80' lang='lat' dir='ltr'><strong>ex</strong></span> <span class='ocrx_word' id='word_1_674' title='bbox 2092 4429 2136 4483; x_wconf 92' lang='lat' dir='ltr'><strong>D</strong></span> <span class='ocrx_word' id='word_1_675' title='bbox 2164 4413 2643 4489; x_wconf 65' lang='lat' dir='ltr'><strong>vetusiinterpres.</strong></span> 
     </span>
    </p>
   </div>
   <div class='ocr_carea' id='block_1_83' title="bbox 480 4492 2057 4558">
    <p class='ocr_par' dir='ltr' id='par_1_83' title="bbox 480 4492 2057 4558">
     <span class='ocr_line' id='line_1_83' title="bbox 480 4492 2057 4558; baseline 0.002 -13"><span class='ocrx_word' id='word_1_676' title='bbox 480 4492 666 4545; x_wconf 86' lang='lat' dir='ltr'><strong>mand.</strong></span> <span class='ocrx_word' id='word_1_677' title='bbox 698 4492 749 4553; x_wconf 91' lang='grc'>1,</span> <span class='ocrx_word' id='word_1_678' title='bbox 780 4500 833 4544; x_wconf 88' lang='lat' dir='ltr'><strong>et</strong></span> <span class='ocrx_word' id='word_1_679' title='bbox 855 4506 917 4545; x_wconf 85' lang='lat' dir='ltr'><strong>ex</strong></span> <span class='ocrx_word' id='word_1_680' title='bbox 952 4492 1154 4544; x_wconf 61' lang='lat' dir='ltr'><strong>Graecis</strong></span> <span class='ocrx_word' id='word_1_681' title='bbox 1192 4492 1730 4558; x_wconf 72' lang='lat' dir='ltr'><strong>pscium—Athanasii.</strong></span> <span class='ocrx_word' id='word_1_682' title='bbox 1764 4492 1852 4547; x_wconf 86' lang='lat' dir='ltr'><strong>Sic</strong></span> <span class='ocrx_word' id='word_1_683' title='bbox 1878 4494 2057 4548; x_wconf 89' lang='lat' dir='ltr'><strong>visum</strong></span> 
     </span>
    </p>
   </div>
   <div class='ocr_carea' id='block_1_84' title="bbox 482 4560 1720 4630">
    <p class='ocr_par' dir='ltr' id='par_1_84' title="bbox 482 4560 1720 4630">
     <span class='ocr_line' id='line_1_84' title="bbox 482 4560 1720 4630; baseline 0 -15"><span class='ocrx_word' id='word_1_684' title='bbox 482 4561 771 4620; x_wconf 75' lang='lat' dir='ltr'><strong>Fabricio:</strong></span> <span class='ocrx_word' id='word_1_685' title='bbox 803 4562 882 4614; x_wconf 88' lang='lat' dir='ltr'><strong>sic</strong></span> <span class='ocrx_word' id='word_1_686' title='bbox 905 4571 957 4614; x_wconf 90' lang='lat' dir='ltr'><strong>et</strong></span> <span class='ocrx_word' id='word_1_687' title='bbox 987 4560 1176 4613; x_wconf 81' lang='lat' dir='ltr'><strong>Wakio</strong></span> <span class='ocrx_word' id='word_1_688' title='bbox 1213 4562 1353 4630; x_wconf 89' lang='lat' dir='ltr'><strong>apud</strong></span> <span class='ocrx_word' id='word_1_689' title='bbox 1389 4560 1720 4615; x_wconf 72' lang='lat' dir='ltr'><strong>Iiusselium.</strong></span> 
     </span>
    </p>
   </div>
   <div class='ocr_carea' id='block_1_85' title="bbox 460 4630 1182 4709">
    <p class='ocr_par' dir='ltr' id='par_1_85' title="bbox 460 4630 1182 4709">
     <span class='ocr_line' id='line_1_85' title="bbox 460 4630 1182 4709; baseline -0.017 -13"><span class='ocrx_word' id='word_1_690' title='bbox 460 4668 469 4709; x_wconf 44' lang='lat' dir='ltr'><strong>t</strong></span> <span class='ocrx_word' id='word_1_691' title='bbox 697 4630 889 4709; x_wconf 71' lang='lat' dir='ltr'><strong>Lamb.</strong></span> <span class='ocrx_word' id='word_1_692' title='bbox 915 4635 1182 4709; x_wconf 65' lang='lat' dir='ltr'><strong>quoniam.</strong></span> 
     </span>
    </p>
   </div>
   <div class='ocr_carea' id='block_1_86' title="bbox 450 4700 2059 4771">
    <p class='ocr_par' dir='ltr' id='par_1_86' title="bbox 450 4700 2059 4771">
     <span class='ocr_line' id='line_1_86' title="bbox 450 4700 2059 4771; baseline 0.005 -19"><span class='ocrx_word' id='word_1_693' title='bbox 450 4700 470 4737; x_wconf 50' lang='grc' dir='ltr'>Α</span> <span class='ocrx_word' id='word_1_694' title='bbox 553 4700 665 4771; x_wconf 91' lang='grc'>(90)</span> <span class='ocrx_word' id='word_1_695' title='bbox 697 4700 802 4756; x_wconf 85' lang='lat' dir='ltr'><strong>Ista</strong></span> <span class='ocrx_word' id='word_1_696' title='bbox 842 4700 1414 4770; x_wconf 85' lang='lat' dir='ltr'><strong>pseudo-Athanasius</strong></span> <span class='ocrx_word' id='word_1_697' title='bbox 1452 4702 1713 4756; x_wconf 89' lang='lat' dir='ltr'><strong>continuo</strong></span> <span class='ocrx_word' id='word_1_698' title='bbox 1762 4704 1944 4757; x_wconf 84' lang='lat' dir='ltr'><strong>subdit</strong></span> <span class='ocrx_word' id='word_1_699' title='bbox 1993 4705 2059 4760; x_wconf 91' lang='lat' dir='ltr'><strong>iis</strong></span> 
     </span>
    </p>
   </div>
   <div class='ocr_carea' id='block_1_87' title="bbox 483 4772 2057 4841">
    <p class='ocr_par' dir='ltr' id='par_1_87' title="bbox 483 4772 2057 4841">
     <span class='ocr_line' id='line_1_87' title="bbox 483 4772 2057 4841; baseline 0.004 -20"><span class='ocrx_word' id='word_1_700' title='bbox 483 4787 603 4841; x_wconf 75' lang='lat' dir='ltr'><strong>quae</strong></span> <span class='ocrx_word' id='word_1_701' title='bbox 635 4773 799 4825; x_wconf 91' lang='lat' dir='ltr'><strong>modo</strong></span> <span class='ocrx_word' id='word_1_702' title='bbox 846 4789 908 4824; x_wconf 79' lang='lat' dir='ltr'><strong>cx</strong></span> <span class='ocrx_word' id='word_1_703' title='bbox 952 4773 1071 4840; x_wconf 89' lang='lat' dir='ltr'><strong>ipso</strong></span> <span class='ocrx_word' id='word_1_704' title='bbox 1110 4772 1416 4834; x_wconf 86' lang='lat' dir='ltr'><strong>retulimus,</strong></span> <span class='ocrx_word' id='word_1_705' title='bbox 1464 4787 1491 4823; x_wconf 93' lang='lat' dir='ltr'><strong>a</strong></span> <span class='ocrx_word' id='word_1_706' title='bbox 1537 4772 1761 4841; x_wconf 81' lang='lat' dir='ltr'><strong>reliquis</strong></span> <span class='ocrx_word' id='word_1_707' title='bbox 1818 4773 2057 4828; x_wconf 78' lang='lat' dir='ltr'><strong>Pastoris</strong></span> 
     </span>
    </p>
   </div>
   <div class='ocr_carea' id='block_1_88' title="bbox 483 4840 2057 4897">
    <p class='ocr_par' dir='ltr' id='par_1_88' title="bbox 483 4840 2057 4897">
     <span class='ocr_line' id='line_1_88' title="bbox 483 4840 2057 4897; baseline 0 0"><span class='ocrx_word' id='word_1_708' title='bbox 483 4840 788 4897; x_wconf 82' lang='lat' dir='ltr'><strong>editoribus</strong></span> <span class='ocrx_word' id='word_1_709' title='bbox 814 4842 1040 4895; x_wconf 82' lang='lat' dir='ltr'><strong>omissa.</strong></span> <span class='ocrx_word' id='word_1_710' title='bbox 1073 4840 1195 4893; x_wconf 79' lang='lat' dir='ltr'><strong>llaec</strong></span> <span class='ocrx_word' id='word_1_711' title='bbox 1229 4843 1355 4894; x_wconf 88' lang='lat' dir='ltr'><strong>item</strong></span> <span class='ocrx_word' id='word_1_712' title='bbox 1386 4842 1577 4895; x_wconf 86' lang='lat' dir='ltr'><strong>recitat</strong></span> <span class='ocrx_word' id='word_1_713' title='bbox 1606 4840 1909 4897; x_wconf 84' lang='lat' dir='ltr'><strong>Antiochus</strong></span> <span class='ocrx_word' id='word_1_714' title='bbox 1955 4846 2057 4897; x_wconf 92' lang='lat' dir='ltr'><strong>bo-</strong></span> 
     </span>
    </p>
   </div>
   <div class='ocr_carea' id='block_1_89' title="bbox 486 4910 2059 4967">
    <p class='ocr_par' dir='ltr' id='par_1_89' title="bbox 486 4910 2059 4967">
     <span class='ocr_line' id='line_1_89' title="bbox 486 4910 2059 4967; baseline 0.001 -2"><span class='ocrx_word' id='word_1_715' title='bbox 486 4912 603 4965; x_wconf 90' lang='lat' dir='ltr'><strong>mil.</strong></span> <span class='ocrx_word' id='word_1_716' title='bbox 642 4911 730 4965; x_wconf 80' lang='lat'><strong>61.</strong></span> <span class='ocrx_word' id='word_1_717' title='bbox 778 4912 1025 4965; x_wconf 84' lang='lat' dir='ltr'><strong>Laudant</strong></span> <span class='ocrx_word' id='word_1_718' title='bbox 1058 4920 1237 4964; x_wconf 89' lang='lat' dir='ltr'><strong>autem</strong></span> <span class='ocrx_word' id='word_1_719' title='bbox 1283 4913 1427 4964; x_wconf 88' lang='lat' dir='ltr'><strong>hunc</strong></span> <span class='ocrx_word' id='word_1_720' title='bbox 1476 4910 1685 4965; x_wconf 68' lang='lat' dir='ltr'><strong>llermm</strong></span> <span class='ocrx_word' id='word_1_721' title='bbox 1714 4912 1891 4967; x_wconf 84' lang='lat' dir='ltr'><strong>locum</strong></span> <span class='ocrx_word' id='word_1_722' title='bbox 1938 4914 2059 4967; x_wconf 88' lang='lat' dir='ltr'><strong>Ori-</strong></span> 
     </span>
    </p>
   </div>
   <div class='ocr_carea' id='block_1_90' title="bbox 484 4980 2053 5052">
    <p class='ocr_par' dir='ltr' id='par_1_90' title="bbox 484 4980 2053 5052">
     <span class='ocr_line' id='line_1_90' title="bbox 484 4980 2053 5052; baseline 0.001 -18"><span class='ocrx_word' id='word_1_723' title='bbox 484 4997 647 5052; x_wconf 72' lang='lat' dir='ltr'><strong>genes</strong></span> <span class='ocrx_word' id='word_1_724' title='bbox 678 4982 868 5035; x_wconf 90' lang='lat' dir='ltr'><strong>homil.</strong></span> <span class='ocrx_word' id='word_1_725' title='bbox 902 4984 990 5048; x_wconf 76' lang='grc'><strong>55,</strong></span> <span class='ocrx_word' id='word_1_726' title='bbox 1019 4984 1073 5035; x_wconf 84' lang='lat' dir='ltr'><strong>in</strong></span> <span class='ocrx_word' id='word_1_727' title='bbox 1098 4981 1319 5043; x_wconf 85' lang='lat' dir='ltr'><strong>Lucam,</strong></span> <span class='ocrx_word' id='word_1_728' title='bbox 1352 4991 1404 5034; x_wconf 87' lang='lat' dir='ltr'><strong>et</strong></span> <span class='ocrx_word' id='word_1_729' title='bbox 1430 4980 1506 5033; x_wconf 90' lang='lat' dir='ltr'><strong>De</strong></span> <span class='ocrx_word' id='word_1_730' title='bbox 1534 4984 1833 5049; x_wconf 81' lang='lat' dir='ltr'><strong>principiis,</strong></span> <span class='ocrx_word' id='word_1_731' title='bbox 1860 4985 2053 5047; x_wconf 87' lang='lat' dir='ltr'><strong>lib.m,</strong></span> 
     </span>
    </p>
   </div>
   <div class='ocr_carea' id='block_1_91' title="bbox 484 5052 2054 5121">
    <p class='ocr_par' dir='ltr' id='par_1_91' title="bbox 484 5052 2054 5121">
     <span class='ocr_line' id='line_1_91' title="bbox 484 5052 2054 5121; baseline 0.001 -15"><span class='ocrx_word' id='word_1_732' title='bbox 484 5068 604 5121; x_wconf 85' lang='lat' dir='ltr'><strong>cap.</strong></span> <span class='ocrx_word' id='word_1_733' title='bbox 636 5052 683 5105; x_wconf 68' lang='grc' dir='ltr'><strong>Ξ.</strong></span> <span class='ocrx_word' id='word_1_734' title='bbox 720 5053 1019 5107; x_wconf 81' lang='lat' dir='ltr'><strong>Cassianus</strong></span> <span class='ocrx_word' id='word_1_735' title='bbox 1048 5053 1242 5105; x_wconf 86' lang='lat' dir='ltr'><strong>Collat.</strong></span> <span class='ocrx_word' id='word_1_736' title='bbox 1280 5068 1409 5113; x_wconf 88' lang='lat' dir='ltr'><strong>vm,</strong></span> <span class='ocrx_word' id='word_1_737' title='bbox 1454 5068 1574 5119; x_wconf 87' lang='lat' dir='ltr'><strong>cap.</strong></span> <span class='ocrx_word' id='word_1_738' title='bbox 1620 5053 1719 5117; x_wconf 86' lang='grc'>17,</span> <span class='ocrx_word' id='word_1_739' title='bbox 1768 5064 1821 5106; x_wconf 88' lang='lat' dir='ltr'><strong>et</strong></span> <span class='ocrx_word' id='word_1_740' title='bbox 1862 5054 2054 5107; x_wconf 85' lang='lat' dir='ltr'><strong>Collat.</strong></span> 
     </span>
    </p>
   </div>
   <div class='ocr_carea' id='block_1_92' title="bbox 485 5121 2057 5192">
    <p class='ocr_par' dir='ltr' id='par_1_92' title="bbox 485 5121 2057 5192">
     <span class='ocr_line' id='line_1_92' title="bbox 485 5121 2057 5192; baseline 0.001 -16"><span class='ocrx_word' id='word_1_741' title='bbox 485 5139 608 5186; x_wconf 79' lang='lat' dir='ltr'><strong>xm,</strong></span> <span class='ocrx_word' id='word_1_742' title='bbox 634 5139 754 5192; x_wconf 91' lang='lat' dir='ltr'><strong>cap.</strong></span> <span class='ocrx_word' id='word_1_743' title='bbox 788 5124 873 5177; x_wconf 76' lang='grc'>12.</span> <span class='ocrx_word' id='word_1_744' title='bbox 901 5123 1144 5192; x_wconf 74' lang='lat' dir='ltr'><strong>Prosper</strong></span> <span class='ocrx_word' id='word_1_745' title='bbox 1172 5132 1338 5175; x_wconf 83' lang='lat' dir='ltr'><strong>contr.</strong></span> <span class='ocrx_word' id='word_1_746' title='bbox 1377 5121 1571 5175; x_wconf 86' lang='lat' dir='ltr'><strong>Collat.</strong></span> <span class='ocrx_word' id='word_1_747' title='bbox 1592 5164 1605 5184; x_wconf 91' lang='lat'><strong>,</strong></span> <span class='ocrx_word' id='word_1_748' title='bbox 1633 5138 1750 5190; x_wconf 90' lang='lat' dir='ltr'><strong>cap.</strong></span> <span class='ocrx_word' id='word_1_749' title='bbox 1789 5124 1878 5178; x_wconf 79' lang='grc'>50.</span> <span class='ocrx_word' id='word_1_750' title='bbox 1921 5125 2057 5177; x_wconf 84' lang='lat' dir='ltr'><strong>Beda</strong></span> 
     </span>
    </p>
   </div>
   <div class='ocr_carea' id='block_1_93' title="bbox 486 5190 2060 5260">
    <p class='ocr_par' dir='ltr' id='par_1_93' title="bbox 486 5190 2060 5260">
     <span class='ocr_line' id='line_1_93' title="bbox 486 5190 2060 5260; baseline 0.002 -14"><span class='ocrx_word' id='word_1_751' title='bbox 486 5194 555 5246; x_wconf 83' lang='lat' dir='ltr'><strong>ml</strong></span> <span class='ocrx_word' id='word_1_752' title='bbox 594 5190 717 5246; x_wconf 52' lang='lat' dir='ltr'><strong>Act:</strong></span> <span class='ocrx_word' id='word_1_753' title='bbox 746 5211 845 5260; x_wconf 82' lang='lat' dir='ltr'><strong>xu,</strong></span> <span class='ocrx_word' id='word_1_754' title='bbox 882 5194 967 5258; x_wconf 81' lang='grc'>15,</span> <span class='ocrx_word' id='word_1_755' title='bbox 999 5190 1051 5247; x_wconf 82' lang='lat' dir='ltr'><strong>et</strong></span> <span class='ocrx_word' id='word_1_756' title='bbox 1079 5190 1412 5247; x_wconf 80' lang='lat' dir='ltr'><strong>Walafridus</strong></span> <span class='ocrx_word' id='word_1_757' title='bbox 1442 5192 1659 5259; x_wconf 84' lang='lat' dir='ltr'><strong>Strabo,</strong></span> <span class='ocrx_word' id='word_1_758' title='bbox 1687 5208 1740 5245; x_wconf 89' lang='lat' dir='ltr'><strong>v.</strong></span> <span class='ocrx_word' id='word_1_759' title='bbox 1776 5195 1899 5248; x_wconf 75' lang='grc'>075.</span> <span class='ocrx_word' id='word_1_760' title='bbox 1929 5193 2060 5249; x_wconf 85' lang='lat' dir='ltr'><strong>Vide</strong></span> 
     </span>
    </p>
   </div>
   <div class='ocr_carea' id='block_1_94' title="bbox 487 5262 977 5318">
    <p class='ocr_par' dir='ltr' id='par_1_94' title="bbox 487 5262 977 5318">
     <span class='ocr_line' id='line_1_94' title="bbox 487 5262 977 5318; baseline -0.004 -1"><span class='ocrx_word' id='word_1_761' title='bbox 487 5262 742 5317; x_wconf 81' lang='lat' dir='ltr'><strong>Veterum</strong></span> <span class='ocrx_word' id='word_1_762' title='bbox 775 5265 977 5318; x_wconf 89' lang='lat' dir='ltr'><strong>testim.</strong></span> 
     </span>
    </p>
   </div>
   <div class='ocr_carea' id='block_1_95' title="bbox 559 5331 2059 5403">
    <p class='ocr_par' dir='ltr' id='par_1_95' title="bbox 559 5331 2059 5403">
     <span class='ocr_line' id='line_1_95' title="bbox 559 5331 2059 5403; baseline -0.001 -15"><span class='ocrx_word' id='word_1_763' title='bbox 559 5334 671 5403; x_wconf 91' lang='grc'>(91)</span> <span class='ocrx_word' id='word_1_764' title='bbox 698 5332 826 5389; x_wconf 89' lang='lat' dir='ltr'><strong>Mss.</strong></span> <span class='ocrx_word' id='word_1_765' title='bbox 855 5331 1445 5399; x_wconf 78' lang='lat' dir='ltr'><strong>Carm.,Vict.,Lamb.</strong></span> <span class='ocrx_word' id='word_1_766' title='bbox 1482 5340 1533 5386; x_wconf 90' lang='lat' dir='ltr'><strong>et</strong></span> <span class='ocrx_word' id='word_1_767' title='bbox 1556 5332 1758 5399; x_wconf 88' lang='lat' dir='ltr'><strong>Fellns,</strong></span> <span class='ocrx_word' id='word_1_768' title='bbox 1788 5334 1983 5401; x_wconf 85' lang='lat' dir='ltr'><strong>nuntii,</strong></span> <span class='ocrx_word' id='word_1_769' title='bbox 2008 5343 2059 5387; x_wconf 85' lang='lat' dir='ltr'><strong>et</strong></span> 
     </span>
    </p>
   </div>
   <div class='ocr_carea' id='block_1_96' title="bbox 487 5404 867 5473">
    <p class='ocr_par' dir='ltr' id='par_1_96' title="bbox 487 5404 867 5473">
     <span class='ocr_line' id='line_1_96' title="bbox 487 5404 867 5473; baseline -0.008 -15"><span class='ocrx_word' id='word_1_770' title='bbox 487 5405 568 5463; x_wconf 80' lang='lat' dir='ltr'><strong>sic</strong></span> <span class='ocrx_word' id='word_1_771' title='bbox 592 5404 867 5473; x_wconf 89' lang='lat' dir='ltr'><strong>deinceps.</strong></span> 
     </span>
    </p>
   </div>
   <div class='ocr_carea' id='block_1_97' title="bbox 559 5471 1670 5547">
    <p class='ocr_par' dir='ltr' id='par_1_97' title="bbox 559 5471 1670 5547">
     <span class='ocr_line' id='line_1_97' title="bbox 559 5471 1670 5547; baseline 0.001 -20"><span class='ocrx_word' id='word_1_772' title='bbox 559 5475 671 5547; x_wconf 58' lang='lat' dir='ltr'><strong>(se)</strong></span> <span class='ocrx_word' id='word_1_773' title='bbox 707 5471 835 5547; x_wconf 41' lang='lat' dir='ltr'><strong>Leg.</strong></span> <span class='ocrx_word' id='word_1_774' title='bbox 862 5471 1037 5547; x_wconf 73' lang='grc' dir='ltr'>οὗτος,</span> <span class='ocrx_word' id='word_1_775' title='bbox 1070 5483 1126 5547; x_wconf 88' lang='lat' dir='ltr'><strong>ut</strong></span> <span class='ocrx_word' id='word_1_776' title='bbox 1163 5474 1325 5528; x_wconf 88' lang='lat' dir='ltr'><strong>habet</strong></span> <span class='ocrx_word' id='word_1_777' title='bbox 1351 5474 1670 5547; x_wconf 66' lang='lat' dir='ltr'><strong>Antiochus.</strong></span> 
     </span>
    </p>
   </div>
   <div class='ocr_carea' id='block_1_98' title="bbox 561 5543 2061 5611">
    <p class='ocr_par' dir='ltr' id='par_1_98' title="bbox 561 5543 2061 5611">
     <span class='ocr_line' id='line_1_98' title="bbox 561 5543 2061 5611; baseline -0.003 -13"><span class='ocrx_word' id='word_1_778' title='bbox 561 5543 672 5611; x_wconf 78' lang='lat'><strong>(95)</strong></span> <span class='ocrx_word' id='word_1_779' title='bbox 712 5544 861 5598; x_wconf 86' lang='lat' dir='ltr'><strong>Bodl.</strong></span> <span class='ocrx_word' id='word_1_780' title='bbox 891 5552 942 5598; x_wconf 88' lang='lat' dir='ltr'><strong>et</strong></span> <span class='ocrx_word' id='word_1_781' title='bbox 973 5543 1160 5597; x_wconf 90' lang='lat' dir='ltr'><strong>Lamb.</strong></span> <span class='ocrx_word' id='word_1_782' title='bbox 1188 5554 1331 5597; x_wconf 87' lang='lat' dir='ltr'><strong>tener</strong></span> <span class='ocrx_word' id='word_1_783' title='bbox 1358 5560 1455 5611; x_wconf 89' lang='lat' dir='ltr'><strong>pro</strong></span> <span class='ocrx_word' id='word_1_784' title='bbox 1478 5545 1629 5597; x_wconf 84' lang='lat' dir='ltr'><strong>lenis.</strong></span> <span class='ocrx_word' id='word_1_785' title='bbox 1657 5544 1795 5597; x_wconf 87' lang='lat' dir='ltr'><strong>Editi</strong></span> <span class='ocrx_word' id='word_1_786' title='bbox 1822 5552 1965 5595; x_wconf 86' lang='lat' dir='ltr'><strong>tener</strong></span> <span class='ocrx_word' id='word_1_787' title='bbox 1985 5551 2061 5595; x_wconf 88' lang='lat' dir='ltr'><strong>est</strong></span> 
     </span>
    </p>
   </div>
   <div class='ocr_carea' id='block_1_99' title="bbox 487 5603 2057 5683">
    <p class='ocr_par' dir='ltr' id='par_1_99' title="bbox 487 5603 2057 5683">
     <span class='ocr_line' id='line_1_99' title="bbox 487 5603 2057 5683; baseline -0.003 -12"><span class='ocrx_word' id='word_1_788' title='bbox 487 5627 532 5671; x_wconf 74' lang='lat' dir='ltr'><strong>et</strong></span> <span class='ocrx_word' id='word_1_789' title='bbox 565 5603 715 5668; x_wconf 78' lang='lat' dir='ltr'><strong>lenis.</strong></span> <span class='ocrx_word' id='word_1_790' title='bbox 747 5615 1085 5669; x_wconf 89' lang='lat' dir='ltr'><strong>Alterutrum</strong></span> <span class='ocrx_word' id='word_1_791' title='bbox 1124 5603 1410 5669; x_wconf 77' lang='lat' dir='ltr'><strong>redundat.</strong></span> <span class='ocrx_word' id='word_1_792' title='bbox 1446 5614 1632 5683; x_wconf 84' lang='lat' dir='ltr'><strong>Neque</strong></span> <span class='ocrx_word' id='word_1_793' title='bbox 1672 5615 1827 5667; x_wconf 90' lang='lat' dir='ltr'><strong>aliter</strong></span> <span class='ocrx_word' id='word_1_794' title='bbox 1850 5615 2057 5667; x_wconf 71' lang='lat' dir='ltr'><strong>Graeca.</strong></span> 
     </span>
    </p>
   </div>
   <div class='ocr_carea' id='block_1_100' title="bbox 491 5684 894 5739">
    <p class='ocr_par' dir='ltr' id='par_1_100' title="bbox 491 5684 894 5739">
     <span class='ocr_line' id='line_1_100' title="bbox 491 5684 894 5739; baseline 0 -1"><span class='ocrx_word' id='word_1_795' title='bbox 491 5686 581 5739; x_wconf 80' lang='lat' dir='ltr'><strong>Sic</strong></span> <span class='ocrx_word' id='word_1_796' title='bbox 611 5694 663 5738; x_wconf 86' lang='lat' dir='ltr'><strong>et</strong></span> <span class='ocrx_word' id='word_1_797' title='bbox 694 5684 894 5738; x_wconf 84' lang='lat' dir='ltr'><strong>Fellus.</strong></span> 
     </span>
    </p>
   </div>
   <div class='ocr_carea' id='block_1_101' title="bbox 561 5755 2064 5827">
    <p class='ocr_par' dir='ltr' id='par_1_101' title="bbox 561 5755 2064 5827">
     <span class='ocr_line' id='line_1_101' title="bbox 561 5755 2064 5827; baseline -0.001 -18"><span class='ocrx_word' id='word_1_798' title='bbox 561 5756 673 5823; x_wconf 65' lang='grc'>(94)</span> <span class='ocrx_word' id='word_1_799' title='bbox 706 5755 890 5812; x_wconf 64' lang='grc' dir='ltr'><strong>Οΐᾶξεὶὶ</strong></span> <span class='ocrx_word' id='word_1_800' title='bbox 929 5756 1162 5827; x_wconf 81' lang='grc' dir='ltr'>ἰσχυρός.</span> <span class='ocrx_word' id='word_1_801' title='bbox 1197 5756 1492 5810; x_wconf 81' lang='lat' dir='ltr'><strong>Antiochus</strong></span> <span class='ocrx_word' id='word_1_802' title='bbox 1523 5764 1697 5811; x_wconf 78' lang='lat' dir='ltr'><strong>tamen</strong></span> <span class='ocrx_word' id='word_1_803' title='bbox 1729 5755 1965 5825; x_wconf 53' lang='grc' dir='ltr'>ἡσύχως,</span> <span class='ocrx_word' id='word_1_804' title='bbox 2005 5762 2064 5808; x_wconf 80' lang='grc' dir='ltr'><strong>ιιι</strong></span> 
     </span>
    </p>
   </div>
   <div class='ocr_carea' id='block_1_102' title="bbox 2238 4488 3227 4561">
    <p class='ocr_par' dir='ltr' id='par_1_102' title="bbox 2238 4488 3227 4561">
     <span class='ocr_line' id='line_1_102' title="bbox 2238 4488 3227 4561; baseline -0.008 -14"><span class='ocrx_word' id='word_1_805' title='bbox 2238 4494 2349 4561; x_wconf 80' lang='grc'>(95)</span> <span class='ocrx_word' id='word_1_806' title='bbox 2382 4488 2572 4544; x_wconf 84' lang='lat' dir='ltr'><strong>Lamb.</strong></span> <span class='ocrx_word' id='word_1_807' title='bbox 2612 4500 2663 4543; x_wconf 90' lang='lat' dir='ltr'><strong>ct</strong></span> <span class='ocrx_word' id='word_1_808' title='bbox 2694 4489 2845 4561; x_wconf 83' lang='lat' dir='ltr'><strong>Bodl.</strong></span> <span class='ocrx_word' id='word_1_809' title='bbox 2880 4488 3227 4561; x_wconf 78' lang='lat' dir='ltr'><strong>indulgentia.</strong></span> 
     </span>
    </p>
   </div>
   <div class='ocr_carea' id='block_1_103' title="bbox 2236 4554 3761 4631">
    <p class='ocr_par' dir='ltr' id='par_1_103' title="bbox 2236 4554 3761 4631">
     <span class='ocr_line' id='line_1_103' title="bbox 2236 4554 3761 4631; baseline -0.006 -14"><span class='ocrx_word' id='word_1_810' title='bbox 2236 4554 2347 4631; x_wconf 83' lang='grc'>(96)</span> <span class='ocrx_word' id='word_1_811' title='bbox 2382 4562 2571 4614; x_wconf 87' lang='lat' dir='ltr'><strong>Lamb.</strong></span> <span class='ocrx_word' id='word_1_812' title='bbox 2615 4560 2874 4629; x_wconf 81' lang='lat' dir='ltr'><strong>intelliges</strong></span> <span class='ocrx_word' id='word_1_813' title='bbox 2907 4554 3126 4631; x_wconf 48' lang='lat' dir='ltr'><strong>eunt&#39;ab</strong></span> <span class='ocrx_word' id='word_1_814' title='bbox 3160 4556 3409 4631; x_wconf 57' lang='lat' dir='ltr'><strong>operibus</strong></span> <span class='ocrx_word' id='word_1_815' title='bbox 3431 4554 3597 4631; x_wconf 47' lang='lat' dir='ltr'><strong>ejus,</strong></span> <span class='ocrx_word' id='word_1_816' title='bbox 3626 4559 3761 4631; x_wconf 69' lang='lat' dir='ltr'><strong>quia</strong></span> 
     </span>
    </p>
   </div>
   <div class='ocr_carea' id='block_1_104' title="bbox 2164 4623 3758 4700">
    <p class='ocr_par' dir='ltr' id='par_1_104' title="bbox 2164 4623 3758 4700">
     <span class='ocr_line' id='line_1_104' title="bbox 2164 4623 3758 4700; baseline -0.003 -14"><span class='ocrx_word' id='word_1_817' title='bbox 2164 4623 2250 4686; x_wconf 70' lang='lat' dir='ltr'><strong>hic</strong></span> <span class='ocrx_word' id='word_1_818' title='bbox 2269 4623 2345 4687; x_wconf 70' lang='lat' dir='ltr'><strong>est</strong></span> <span class='ocrx_word' id='word_1_819' title='bbox 2368 4633 2587 4685; x_wconf 86' lang='lat' dir='ltr'><strong>nuntius</strong></span> <span class='ocrx_word' id='word_1_820' title='bbox 2609 4623 2929 4700; x_wconf 65' lang='lat' dir='ltr'><strong>iniquitatis.</strong></span> <span class='ocrx_word' id='word_1_821' title='bbox 2964 4629 3055 4683; x_wconf 88' lang='lat' dir='ltr'><strong>Sic</strong></span> <span class='ocrx_word' id='word_1_822' title='bbox 3079 4638 3131 4682; x_wconf 87' lang='lat' dir='ltr'><strong>et</strong></span> <span class='ocrx_word' id='word_1_823' title='bbox 3160 4623 3293 4681; x_wconf 82' lang='lat' dir='ltr'><strong>Felli</strong></span> <span class='ocrx_word' id='word_1_824' title='bbox 3315 4627 3502 4681; x_wconf 85' lang='lat' dir='ltr'><strong>editio.</strong></span> <span class='ocrx_word' id='word_1_825' title='bbox 3534 4623 3758 4681; x_wconf 75' lang='lat' dir='ltr'><strong>Videsis</strong></span> 
     </span>
    </p>
   </div>
   <div class='ocr_carea' id='block_1_105' title="bbox 2164 4704 2375 4760">
    <p class='ocr_par' dir='ltr' id='par_1_105' title="bbox 2164 4704 2375 4760">
     <span class='ocr_line' id='line_1_105' title="bbox 2164 4704 2375 4760; baseline -0.014 0"><span class='ocrx_word' id='word_1_826' title='bbox 2164 4704 2375 4760; x_wconf 67' lang='grc' dir='ltr'>(ἰιίερίι.</span> 
     </span>
    </p>
   </div>
   <div class='ocr_carea' id='block_1_106' title="bbox 2235 4766 3752 4845">
    <p class='ocr_par' dir='ltr' id='par_1_106' title="bbox 2235 4766 3752 4845">
     <span class='ocr_line' id='line_1_106' title="bbox 2235 4766 3752 4845; baseline -0.004 -18"><span class='ocrx_word' id='word_1_827' title='bbox 2235 4774 2347 4845; x_wconf 66' lang='grc' dir='ltr'>(ΣΠ)</span> <span class='ocrx_word' id='word_1_828' title='bbox 2381 4772 2575 4845; x_wconf 74' lang='lat' dir='ltr'><strong>Lamb.</strong></span> <span class='ocrx_word' id='word_1_829' title='bbox 2604 4772 2729 4841; x_wconf 83' lang='lat' dir='ltr'><strong>quia</strong></span> <span class='ocrx_word' id='word_1_830' title='bbox 2756 4771 2867 4845; x_wconf 64' lang='lat' dir='ltr'><strong>ipse</strong></span> <span class='ocrx_word' id='word_1_831' title='bbox 2892 4772 2942 4823; x_wconf 88' lang='lat' dir='ltr'><strong>in</strong></span> <span class='ocrx_word' id='word_1_832' title='bbox 2975 4780 3021 4823; x_wconf 88' lang='lat' dir='ltr'><strong>te</strong></span> <span class='ocrx_word' id='word_1_833' title='bbox 3050 4778 3148 4824; x_wconf 84' lang='lat' dir='ltr'><strong>est.</strong></span> <span class='ocrx_word' id='word_1_834' title='bbox 3179 4767 3257 4821; x_wconf 89' lang='lat' dir='ltr'><strong>lta</strong></span> <span class='ocrx_word' id='word_1_835' title='bbox 3292 4776 3345 4822; x_wconf 88' lang='lat' dir='ltr'><strong>et</strong></span> <span class='ocrx_word' id='word_1_836' title='bbox 3374 4766 3543 4821; x_wconf 87' lang='lat' dir='ltr'><strong>editio</strong></span> <span class='ocrx_word' id='word_1_837' title='bbox 3565 4766 3752 4821; x_wconf 80' lang='lat' dir='ltr'><strong>Oxon.</strong></span> 
     </span>
    </p>
   </div>
   <div class='ocr_carea' id='block_1_107' title="bbox 2260 4841 3209 4909">
    <p class='ocr_par' dir='ltr' id='par_1_107' title="bbox 2260 4841 3209 4909">
     <span class='ocr_line' id='line_1_107' title="bbox 2260 4841 3209 4909; baseline -0.006 -12"><span class='ocrx_word' id='word_1_838' title='bbox 2260 4843 2350 4907; x_wconf 88' lang='lat'><strong>98)</strong></span> <span class='ocrx_word' id='word_1_839' title='bbox 2378 4841 2473 4896; x_wconf 86' lang='lat' dir='ltr'><strong>Ms.</strong></span> <span class='ocrx_word' id='word_1_840' title='bbox 2504 4842 2688 4896; x_wconf 87' lang='lat' dir='ltr'><strong>Carm.</strong></span> <span class='ocrx_word' id='word_1_841' title='bbox 2715 4842 3007 4894; x_wconf 80' lang='lat' dir='ltr'><strong>multarum</strong></span> <span class='ocrx_word' id='word_1_842' title='bbox 3032 4857 3209 4909; x_wconf 84' lang='lat' dir='ltr'><strong>apum.</strong></span> 
     </span>
    </p>
   </div>
   <div class='ocr_carea' id='block_1_108' title="bbox 2260 4911 3167 4978">
    <p class='ocr_par' dir='ltr' id='par_1_108' title="bbox 2260 4911 3167 4978">
     <span class='ocr_line' id='line_1_108' title="bbox 2260 4911 3167 4978; baseline -0.004 -11"><span class='ocrx_word' id='word_1_843' title='bbox 2260 4913 2350 4978; x_wconf 88' lang='grc'><strong>99)</strong></span> <span class='ocrx_word' id='word_1_844' title='bbox 2384 4912 2535 4966; x_wconf 91' lang='lat' dir='ltr'><strong>Bodl.</strong></span> <span class='ocrx_word' id='word_1_845' title='bbox 2570 4921 2625 4966; x_wconf 86' lang='lat' dir='ltr'><strong>et</strong></span> <span class='ocrx_word' id='word_1_846' title='bbox 2652 4911 2843 4966; x_wconf 89' lang='lat' dir='ltr'><strong>Lamb.</strong></span> <span class='ocrx_word' id='word_1_847' title='bbox 2870 4913 3167 4963; x_wconf 78' lang='lat' dir='ltr'><strong>ebrietates.</strong></span> 
     </span>
    </p>
   </div>
   <div class='ocr_carea' id='block_1_109' title="bbox 2237 4976 3755 5054">
    <p class='ocr_par' dir='ltr' id='par_1_109' title="bbox 2237 4976 3755 5054">
     <span class='ocr_line' id='line_1_109' title="bbox 2237 4976 3755 5054; baseline -0.004 -17"><span class='ocrx_word' id='word_1_848' title='bbox 2237 4976 2384 5054; x_wconf 86' lang='grc'>(100)</span> <span class='ocrx_word' id='word_1_849' title='bbox 2413 4981 2603 5035; x_wconf 87' lang='lat' dir='ltr'><strong>Lamb.</strong></span> <span class='ocrx_word' id='word_1_850' title='bbox 2639 4982 2977 5054; x_wconf 82' lang='lat' dir='ltr'><strong>desiderium.</strong></span> <span class='ocrx_word' id='word_1_851' title='bbox 3010 4981 3100 5035; x_wconf 91' lang='lat' dir='ltr'><strong>Sic</strong></span> <span class='ocrx_word' id='word_1_852' title='bbox 3132 4981 3302 5054; x_wconf 79' lang='lat' dir='ltr'><strong>etiam</strong></span> <span class='ocrx_word' id='word_1_853' title='bbox 3342 4976 3523 5033; x_wconf 88' lang='lat' dir='ltr'><strong>Fellus</strong></span> <span class='ocrx_word' id='word_1_854' title='bbox 3560 4978 3755 5054; x_wconf 38' lang='lat' dir='ltr'><strong>in‘sua</strong></span> 
     </span>
    </p>
   </div>
   <div class='ocr_carea' id='block_1_110' title="bbox 2162 5047 3755 5120">
    <p class='ocr_par' dir='ltr' id='par_1_110' title="bbox 2162 5047 3755 5120">
     <span class='ocr_line' id='line_1_110' title="bbox 2162 5047 3755 5120; baseline -0.006 -11"><span class='ocrx_word' id='word_1_855' title='bbox 2162 5047 2291 5110; x_wconf 85' lang='lat' dir='ltr'><strong>edit.</strong></span> <span class='ocrx_word' id='word_1_856' title='bbox 2322 5047 2477 5118; x_wconf 85' lang='lat' dir='ltr'><strong>Quod</strong></span> <span class='ocrx_word' id='word_1_857' title='bbox 2509 5060 2690 5106; x_wconf 89' lang='lat' dir='ltr'><strong>autem</strong></span> <span class='ocrx_word' id='word_1_858' title='bbox 2721 5053 2988 5120; x_wconf 87' lang='lat' dir='ltr'><strong>sequitur,</strong></span> <span class='ocrx_word' id='word_1_859' title='bbox 3032 5050 3323 5103; x_wconf 81' lang='lat' dir='ltr'><strong>multarum</strong></span> <span class='ocrx_word' id='word_1_860' title='bbox 3368 5065 3565 5111; x_wconf 86' lang='lat' dir='ltr'><strong>rerum,</strong></span> <span class='ocrx_word' id='word_1_861' title='bbox 3597 5047 3755 5120; x_wconf 68' lang='lat' dir='ltr'><strong>Grae-</strong></span> 
     </span>
    </p>
   </div>
   <div class='ocr_carea' id='block_1_111' title="bbox 2163 5119 3757 5191">
    <p class='ocr_par' dir='ltr' id='par_1_111' title="bbox 2163 5119 3757 5191">
     <span class='ocr_line' id='line_1_111' title="bbox 2163 5119 3757 5191; baseline -0.004 -11"><span class='ocrx_word' id='word_1_862' title='bbox 2163 5142 2225 5180; x_wconf 90' lang='lat' dir='ltr'><strong>ca</strong></span> <span class='ocrx_word' id='word_1_863' title='bbox 2258 5134 2371 5178; x_wconf 89' lang='lat' dir='ltr'><strong>tum</strong></span> <span class='ocrx_word' id='word_1_864' title='bbox 2403 5123 2525 5189; x_wconf 89' lang='lat' dir='ltr'><strong>hic,</strong></span> <span class='ocrx_word' id='word_1_865' title='bbox 2561 5133 2673 5176; x_wconf 92' lang='lat' dir='ltr'><strong>tum</strong></span> <span class='ocrx_word' id='word_1_866' title='bbox 2713 5119 2841 5176; x_wconf 76' lang='lat' dir='ltr'><strong>mox</strong></span> <span class='ocrx_word' id='word_1_867' title='bbox 2875 5121 3017 5191; x_wconf 91' lang='lat' dir='ltr'><strong>apud</strong></span> <span class='ocrx_word' id='word_1_868' title='bbox 3045 5123 3406 5183; x_wconf 88' lang='lat' dir='ltr'><strong>Antiochum,</strong></span> <span class='ocrx_word' id='word_1_869' title='bbox 3458 5119 3757 5187; x_wconf 80' lang='lat' dir='ltr'><strong>legendum</strong></span> 
     </span>
    </p>
   </div>
   <div class='ocr_carea' id='block_1_112' title="bbox 2164 5191 3755 5261">
    <p class='ocr_par' dir='ltr' id='par_1_112' title="bbox 2164 5191 3755 5261">
     <span class='ocr_line' id='line_1_112' title="bbox 2164 5191 3755 5261; baseline -0.007 -11"><span class='ocrx_word' id='word_1_870' title='bbox 2164 5197 2431 5261; x_wconf 88' lang='lat' dir='ltr'><strong>suadent,</strong></span> <span class='ocrx_word' id='word_1_871' title='bbox 2474 5202 2731 5247; x_wconf 87' lang='lat' dir='ltr'><strong>monente</strong></span> <span class='ocrx_word' id='word_1_872' title='bbox 2775 5192 2856 5247; x_wconf 88' lang='lat' dir='ltr'><strong>Cl.</strong></span> <span class='ocrx_word' id='word_1_873' title='bbox 2906 5191 3214 5258; x_wconf 81' lang='lat' dir='ltr'><strong>Cotclerio,</strong></span> <span class='ocrx_word' id='word_1_874' title='bbox 3257 5192 3538 5244; x_wconf 83' lang='lat' dir='ltr'><strong>mulierum</strong></span> <span class='ocrx_word' id='word_1_875' title='bbox 3570 5198 3621 5241; x_wconf 84' lang='lat' dir='ltr'><strong>et</strong></span> <span class='ocrx_word' id='word_1_876' title='bbox 3670 5204 3755 5240; x_wconf 79' lang='lat' dir='ltr'><strong>re-</strong></span> 
     </span>
    </p>
   </div>
   <div class='ocr_carea' id='block_1_113' title="bbox 2163 5282 2300 5318">
    <p class='ocr_par' dir='ltr' id='par_1_113' title="bbox 2163 5282 2300 5318">
     <span class='ocr_line' id='line_1_113' title="bbox 2163 5282 2300 5318; baseline 0 -1"><span class='ocrx_word' id='word_1_877' title='bbox 2163 5282 2300 5318; x_wconf 87' lang='lat' dir='ltr'><strong>rum.</strong></span> 
     </span>
    </p>
   </div>
   <div class='ocr_carea' id='block_1_114' title="bbox 2236 5334 2948 5404">
    <p class='ocr_par' dir='ltr' id='par_1_114' title="bbox 2236 5334 2948 5404">
     <span class='ocr_line' id='line_1_114' title="bbox 2236 5334 2948 5404; baseline -0.007 -16"><span class='ocrx_word' id='word_1_878' title='bbox 2236 5334 2313 5404; x_wconf 88' lang='grc'><strong>(1)</strong></span> <span class='ocrx_word' id='word_1_879' title='bbox 2351 5334 2541 5388; x_wconf 84' lang='lat' dir='ltr'><strong>Lamb.</strong></span> <span class='ocrx_word' id='word_1_880' title='bbox 2577 5334 2948 5387; x_wconf 83' lang='lat' dir='ltr'><strong>ambiliositas.</strong></span> 
     </span>
    </p>
   </div>
   <div class='ocr_carea' id='block_1_115' title="bbox 2235 5403 3432 5473">
    <p class='ocr_par' dir='ltr' id='par_1_115' title="bbox 2235 5403 3432 5473">
     <span class='ocr_line' id='line_1_115' title="bbox 2235 5403 3432 5473; baseline -0.005 -16"><span class='ocrx_word' id='word_1_881' title='bbox 2235 5406 2313 5473; x_wconf 76' lang='lat'><strong>(9..)</strong></span> <span class='ocrx_word' id='word_1_882' title='bbox 2342 5405 2530 5458; x_wconf 88' lang='lat' dir='ltr'><strong>Lamb.</strong></span> <span class='ocrx_word' id='word_1_883' title='bbox 2565 5414 2905 5473; x_wconf 83' lang='lat' dir='ltr'><strong>utrorumque</strong></span> <span class='ocrx_word' id='word_1_884' title='bbox 2927 5403 3168 5455; x_wconf 88' lang='lat' dir='ltr'><strong>nuntium</strong></span> <span class='ocrx_word' id='word_1_885' title='bbox 3200 5416 3432 5473; x_wconf 62' lang='lat' dir='ltr'><strong>operum.</strong></span> 
     </span>
    </p>
   </div>
   <div class='ocr_carea' id='block_1_116' title="bbox 2238 5468 3745 5543">
    <p class='ocr_par' dir='ltr' id='par_1_116' title="bbox 2238 5468 3745 5543">
     <span class='ocr_line' id='line_1_116' title="bbox 2238 5468 3745 5543; baseline -0.003 -16"><span class='ocrx_word' id='word_1_886' title='bbox 2238 5468 2313 5541; x_wconf 74' lang='lat'><strong>(&#39;5)</strong></span> <span class='ocrx_word' id='word_1_887' title='bbox 2342 5474 2570 5543; x_wconf 85' lang='lat' dir='ltr'><strong>Reliqua</strong></span> <span class='ocrx_word' id='word_1_888' title='bbox 2599 5473 2784 5527; x_wconf 59' lang='lat' dir='ltr'><strong>Graeca</strong></span> <span class='ocrx_word' id='word_1_889' title='bbox 2821 5468 2948 5541; x_wconf 64' lang='lat' dir='ltr'><strong>quae</strong></span> <span class='ocrx_word' id='word_1_890' title='bbox 2992 5473 3076 5526; x_wconf 89' lang='lat' dir='ltr'><strong>bis</strong></span> <span class='ocrx_word' id='word_1_891' title='bbox 3106 5468 3291 5527; x_wconf 89' lang='lat' dir='ltr'><strong>subdit</strong></span> <span class='ocrx_word' id='word_1_892' title='bbox 3319 5468 3608 5543; x_wconf 73' lang='lat' dir='ltr'><strong>Fabricius</strong></span> <span class='ocrx_word' id='word_1_893' title='bbox 3628 5509 3641 5532; x_wconf 91' lang='lat'><strong>,</strong></span> <span class='ocrx_word' id='word_1_894' title='bbox 3664 5484 3745 5543; x_wconf 78' lang='lat' dir='ltr'><strong>ex</strong></span> 
     </span>
    </p>
   </div>
   <div class='ocr_carea' id='block_1_117' title="bbox 2163 5540 3751 5613">
    <p class='ocr_par' dir='ltr' id='par_1_117' title="bbox 2163 5540 3751 5613">
     <span class='ocr_line' id='line_1_117' title="bbox 2163 5540 3751 5613; baseline -0.003 -16"><span class='ocrx_word' id='word_1_895' title='bbox 2163 5559 2337 5613; x_wconf 89' lang='lat' dir='ltr'><strong>eoque</strong></span> <span class='ocrx_word' id='word_1_896' title='bbox 2366 5540 2614 5599; x_wconf 73' lang='lat' dir='ltr'><strong>Clericus</strong></span> <span class='ocrx_word' id='word_1_897' title='bbox 2659 5554 2713 5598; x_wconf 92' lang='lat' dir='ltr'><strong>et</strong></span> <span class='ocrx_word' id='word_1_898' title='bbox 2754 5540 3061 5608; x_wconf 78' lang='lat' dir='ltr'><strong>Russelius,</strong></span> <span class='ocrx_word' id='word_1_899' title='bbox 3092 5557 3201 5595; x_wconf 91' lang='lat' dir='ltr'><strong>non</strong></span> <span class='ocrx_word' id='word_1_900' title='bbox 3235 5550 3453 5596; x_wconf 82' lang='lat' dir='ltr'><strong>suntex</strong></span> <span class='ocrx_word' id='word_1_901' title='bbox 3477 5540 3751 5613; x_wconf 67' lang='lat' dir='ltr'><strong>Doctrina</strong></span> 
     </span>
    </p>
   </div>
   <div class='ocr_carea' id='block_1_118' title="bbox 2164 5610 3745 5682">
    <p class='ocr_par' dir='ltr' id='par_1_118' title="bbox 2164 5610 3745 5682">
     <span class='ocr_line' id='line_1_118' title="bbox 2164 5610 3745 5682; baseline -0.003 -16"><span class='ocrx_word' id='word_1_902' title='bbox 2164 5610 2591 5667; x_wconf 41' lang='lat' dir='ltr'><strong>ait—Antiochum</strong></span> <span class='ocrx_word' id='word_1_903' title='bbox 2652 5614 2981 5667; x_wconf 87' lang='lat' dir='ltr'><strong>verbotcnus</strong></span> <span class='ocrx_word' id='word_1_904' title='bbox 3028 5614 3335 5682; x_wconf 77' lang='lat' dir='ltr'><strong>descripta,</strong></span> <span class='ocrx_word' id='word_1_905' title='bbox 3397 5610 3491 5665; x_wconf 90' lang='lat' dir='ltr'><strong>sed</strong></span> <span class='ocrx_word' id='word_1_906' title='bbox 3532 5626 3599 5662; x_wconf 82' lang='lat' dir='ltr'><strong>ex</strong></span> <span class='ocrx_word' id='word_1_907' title='bbox 3637 5621 3745 5663; x_wconf 87' lang='lat' dir='ltr'><strong>vet.</strong></span> 
     </span>
    </p>
   </div>
   <div class='ocr_carea' id='block_1_119' title="bbox 2151 5681 3751 5753">
    <p class='ocr_par' dir='ltr' id='par_1_119' title="bbox 2151 5681 3751 5753">
     <span class='ocr_line' id='line_1_119' title="bbox 2151 5681 3751 5753; baseline -0.002 -16"><span class='ocrx_word' id='word_1_908' title='bbox 2151 5685 2365 5753; x_wconf 56' lang='lat' dir='ltr'><strong>&#39;intcrp.</strong></span> <span class='ocrx_word' id='word_1_909' title='bbox 2404 5688 2471 5740; x_wconf 90' lang='lat' dir='ltr'><strong>ab</strong></span> <span class='ocrx_word' id='word_1_910' title='bbox 2506 5686 2625 5751; x_wconf 88' lang='lat' dir='ltr'><strong>ipso</strong></span> <span class='ocrx_word' id='word_1_911' title='bbox 2658 5684 2906 5737; x_wconf 86' lang='lat' dir='ltr'><strong>Fabricio</strong></span> <span class='ocrx_word' id='word_1_912' title='bbox 2942 5681 3247 5737; x_wconf 72' lang='lat' dir='ltr'><strong>eifot&#39;mata.</strong></span> <span class='ocrx_word' id='word_1_913' title='bbox 3294 5681 3424 5746; x_wconf 60' lang='lat' dir='ltr'><strong>Quae</strong></span> <span class='ocrx_word' id='word_1_914' title='bbox 3458 5690 3751 5753; x_wconf 81' lang='lat' dir='ltr'><strong>propterea</strong></span> 
     </span>
    </p>
   </div>
   <div class='ocr_carea' id='block_1_120' title="bbox 2168 5750 3586 5824">
    <p class='ocr_par' dir='ltr' id='par_1_120' title="bbox 2168 5750 3586 5824">
     <span class='ocr_line' id='line_1_120' title="bbox 2168 5750 3586 5824; baseline -0.006 -13"><span class='ocrx_word' id='word_1_915' title='bbox 2168 5750 2477 5824; x_wconf 72' lang='lat' dir='ltr'><strong>I&#39;rjrrimus,</strong></span> <span class='ocrx_word' id='word_1_916' title='bbox 2500 5750 2581 5810; x_wconf 84' lang='lat' dir='ltr'><strong>Cl.</strong></span> <span class='ocrx_word' id='word_1_917' title='bbox 2620 5753 3012 5810; x_wconf 84' lang='lat' dir='ltr'><strong>Montfauconii</strong></span> <span class='ocrx_word' id='word_1_918' title='bbox 3037 5753 3364 5809; x_wconf 84' lang='lat' dir='ltr'><strong>sententiam</strong></span> <span class='ocrx_word' id='word_1_919' title='bbox 3390 5750 3586 5806; x_wconf 87' lang='lat' dir='ltr'><strong>secuti.</strong></span> 
     </span>
    </p>
   </div>
  </div>
