3822 6218
79 344 190 396 9‘29
1051 330 1343 388 PASTOR.
1382 364 1452 374 -—-
1492 330 1618 385 LIB.
1662 327 1727 395 ll,
1763 325 2153 383 MANDATUM
2194 324 2301 380 VII.
3251 324 3353 380 950

82 464 219 533 quia
245 458 496 515 doctrina
522 456 672 511 illius
694 454 835 509 bona
861 461 963 509 est.
1002 454 1154 508 Licet
1182 453 1327 507 enim
1357 450 1429 505 sit
1459 446 1812 503 felicissimus
1834 445 2021 508 homo,
2052 453 2106 498 et
2130 441 2392 512 c0gitatio
2422 441 2650 497 alterius
2686 442 2829 512 genii
2877 440 3139 497 ascendat
3173 440 3229 495 in
3256 456 3354 498 cor

81 558 276 621 illius;
319 562 530 624 oportet
553 552 706 605 illum
742 549 916 603 virum
952 557 1046 602 aut
1072 548 1355 603 mulierem
1388 559 1633 615 peccare.
1672 541 1730 595 Si
1780 550 1960 594 autem
1996 540 2161 593 etiam
2202 538 2577 606 nequissimus
2606 539 2691 592 vir
2727 538 2893 593 fuerit
2923 548 3019 593 aut
3049 538 3271 601 mulier,
3299 548 3356 592 et

82 650 443 707 ascenderiut
479 648 533 701 in
564 662 659 701 cor
699 644 848 699 illius
890 653 1055 707 opera
1098 637 1245 704 genii
1275 633 1551 704 aequitatis
1583 669 1597 693 ,
1643 645 1870 684 necesse
1901 639 2003 693 est,
2037 628 2190 680 illum
2223 636 2319 681 aut
2363 626 2511 680 illam
2542 627 2746 696 aliquid
2779 628 2907 682 boni
2943 627 3140 681 facere.
3190 626 3356 682 Vides

79 756 241 810 ergo.
272 739 417 808 quod
440 738 648 791 bonum
682 744 786 797 est,
819 730 1040 800 genium
1068 728 1341 796 aequitatis
1372 726 1546 793 sequi.
1572 721 1632 776 Si
1661 737 1790 791 ergo
1817 721 1970 774 illum
1996 727 2217 775 secutus
2251 718 2457 786 fueris,
2490 728 2545 775 et
2567 721 2867 776 credideris
2899 722 3159 791 operibus
3186 720 3363 775 illius

80 831 239 882 vives
273 827 419 881 Deo:
455 834 510 880 et
541 825 635 894 qui
662 823 995 879 crediderint
1022 821 1282 891 operibus
1313 821 1480 883 illius,
1512 818 1697 872 vivent
1725 815 1857 869 Deo.

1362 933 1690 993 ANTlOCHUS,
1722 928 1946 982 homilia
1977 928 2036 983 6i
2053 969 2065 982 .

150 1029 260 1082 Δύο
292 1028 400 1100 γάρ
433 1030 571 1082 εἰσιν
594 1030 811 1099 ἄγγελοι
837 1033 973 1105 μετὰ
1005 1030 1099 1085 τοῦ
1134 1026 1439 1099 ἀνθρώπου·
1478 1019 1557 1086 εἷς
1579 1025 1678 1094 τῆς
1706 1029 1748 1083 Α

1854 1021 1971 1075 Duo
2002 1024 2141 1076 enim
2178 1032 2299 1076 sunt
2338 1024 2511 1093 angeli
2556 1040 2673 1077 eum
2701 1024 2907 1077 homine
2931 1039 2949 1077 :
2971 1041 3105 1077 unus
3130 1026 3356 1094 arquita-

76 1120 449 1191 δικαιοσύνης,
485 1116 561 1183 εἷς
589 1124 686 1193 τῆς
720 1125 1001 1195 πονηρίας.
1029 1123 1139 1175 Kal.
1171 1122 1199 1172 6
1237 1120 1332 1190 μὲν
1354 1118 1451 1188 τῆς
1475 1115 1677 1168 δικαιο-
1779 1122 1805 1165 t:

1780 1113 1886 1177 tis;
1926 1130 2059 1167 unus
2084 1114 2400 1183 iniquitatis.
2439 1114 2506 1167 Et
2553 1116 2818 1184 azquitatis
2865 1117 3074 1184 quidem
3114 1117 3355 1185 angelus,

78 1212 253 1283 σύνης
284 1211 533 1280 ἄγγελος,
572 1215 952 1286 αἱσχυντηρὸς,
983 1215 1075 1267 καὶ
1103 1211 1298 1284 πραῢς,
1336 1210 1425 1263 καὶ
1455 1204 1675 1279 ἡσύχιός
1774 1221 1801 1257 ν

1780 1208 2091 1258 verecundus
2118 1216 2215 1268 est,
2251 1219 2553 1260 mansuetus
2622 1219 2670 1261 et
2704 1209 2929 1276 quietus.
2973 1208 3102 1263 Cum
3127 1226 3247 1279 ergo
3270 1210 3357 1263 hic

1774 1297 1829 1349 in
1860 1314 1951 1350 cor
1980 1298 2203 1351 hominis
2229 1299 2542 1364 ascenderit,
2589 1301 2837 1353 Continuo
2882 1300 3117 1371 loquitur
3147 1318 3265 1355 cum
3294 1317 3355 1355 eo

1774 1392 1836 1445 de
1863 1393 2105 1460 justitia,
2139 1394 2200 1445 de
2228 1394 2508 1462 pudicitia,
2543 1393 2606 1446 de
2636 1395 2901 1459 castitate,
2928 1395 2991 1447 de
3019 1395 3353 1464 frugalitate,

76 1306 251 1357 ἐστιν.
274 1306 439 1357 Ὅταν
470 1301 563 1358 οὖν
587 1301 737 1369 οὗτος
766 1309 857 1360 ἐπὶ
880 1309 976 1378 τὴν
1004 1306 1228 1377 καρδίαν
1253 1303 1350 1356 τοῦ
1385 1299 1671 1371 ἀνθρώπου

76 1396 277 1466 ἀναϐῇ,
330 1397 533 1459 εὐθέως
577 1397 726 1450 λαλεῖ
764 1400 877 1469 μετ’
925 1398 1088 1451 αὑτοῦ
1121 1396 1248 1467 περὶ
1296 1390 1670 1461 δικαιοσύνης,

75 1488 212 1555 περὶ
247 1486 483 1553 ἁγνείας,
523 1489 649 1559 περὶ
688 1489 1031 1560 σεμνότητος,
1058 1488 1185 1558 περὶ
1213 1484 1556 1555 αὐταρκείας,
1586 1499 1673 1535 πε-

76 1576 136 1646 ρί
172 1577 373 1638 παντὸς
406 1576 566 1646 ἔργον
610 1578 818 1631 δικαίου
840 1619 853 1643 ,
890 1580 1018 1649 περὶ
1057 1579 1237 1647 πάσης
1282 1576 1482 1647 ἀρετῆς
1525 1571 1670 1625 ἐνδό-

76 1665 193 1729 ξου.
225 1668 390 1719 Ὅταν
422 1664 514 1720 οὖν
538 1668 709 1721 ταῦτα
742 1670 916 1722 πάντα
953 1671 1043 1722 ἐπὶ
1074 1670 1172 1739 τὴν
1200 1668 1423 1738 καρδίαν
1457 1666 1551 1718 τοῦ
1579 1667 1672 1718 ἀν-

75 1757 303 1827 θρώπου
337 1760 529 1829 ἀναϐῇ,
558 1760 808 1831 ἀρίδηλον
834 1762 1002 1824 ἐστιν,
1038 1761 1119 1812 ὅτι
1154 1763 1181 1811 6
1203 1758 1431 1826 ἄγγελος
1458 1756 1558 1825 τῆς
1590 1757 1671 1808 δι-

72 1851 376 1921 καιοσύνης
438 1854 555 1920 μετ’
624 1852 786 1904 αὑτοῦ
843 1854 977 1904 ἐστι.
1032 1852 1138 1905 Τοῦ
1194 1851 1248 1903 δὲ
1301 1849 1528 1917 ἀγγέλου
1572 1848 1670 1915 τῆς

73 1941 349 2011 πονηρίας
372 1941 441 1993 τὰ
472 1940 625 2012 ἔργα·
658 1941 879 2012 Πρῶτον
904 1942 1121 1994 πάντων
1142 1940 1393 2010 ὀξύχολός
1422 1941 1557 2002 ἐστι,
1577 1939 1669 1991 καὶ⁸

75 2031 312 2101 πικρὸς,
348 2031 443 2083 καὶ
470 2031 656 2102 ἄφρων
676 2069 689 2093 ,
726 2032 818 2084 καὶ
849 2031 917 2084 τὰ
942 2032 1079 2103 ἔργα
1111 2030 1273 2085 αὑτοῦ
1307 2029 1537 2101 πονηρὰ,
1567 2046 1669 2082 κα-

73 2122 453 2193 ταστρέφοντα
476 2124 602 2186 τοὺς
624 2122 842 2187 δούλους
873 2124 966 2176 τοῦ
1000 2123 1155 2177 Θεοῦ.
1187 2125 1352 2176 Ὅταν
1394 2120 1486 2176 οὖν
1519 2116 1673 2184 οὗτος

72 2214 173 2266 ἐπὶ
214 2214 440 2285 καρδίαν
472 2214 759 2286 ἀνθρώπου
797 2216 969 2287 ἀναϐῇ
995 2257 1009 2279 ,
1043 2216 1123 2268 δεῖ
1150 2215 1350 2284 γνῶναι
1377 2214 1537 2268 αὑτὸν
1564 2212 1671 2267 ἀπὸ

1771 1483 1834 1536 de
1864 1485 2004 1535 omni
2029 1501 2178 1552 opere
2201 1485 2372 1553 justo,
2404 1486 2466 1537 de
2492 1486 2633 1537 omni
2661 1485 2851 1537 virtute
2882 1486 3195 1554 honori/ica.
3226 1485 3356 1539 Illac

1770 1592 1891 1646 ergo
1921 1576 2095 1628 omnia
2120 1593 2236 1628 cum
2265 1578 2593 1628 ascenderint
2626 1577 2680 1629 in
2706 1594 2795 1629 cor
2830 1578 3057 1630 hominis
3080 1619 3093 1643 ,
3124 1579 3355 1647 manife-

1770 1678 1909 1721 stum
1930 1678 2027 1732 est,
2056 1669 2195 1737 quod
2223 1676 2437 1737 angelus
2477 1671 2744 1739 wquitatis
2775 1687 2893 1723 cum
2923 1688 2982 1723 eo
3025 1680 3123 1725 est.
3168 1671 3357 1741 Angeli

1772 1773 1947 1815 autem
1976 1762 2272 1831 iniquitatis
2301 1779 2458 1831 opera
2502 1773 2623 1815 sunt
2650 1781 2667 1817 :
2704 1765 2873 1833 primo
2922 1765 3155 1816 omnium
3180 1805 3194 1830 ,
3244 1766 3356 1817 ira-

1771 1852 1971 1905 cundus
2013 1861 2110 1917 est,
2159 1861 2208 1905 et
2252 1868 2490 1918 amarus,
2520 1861 2567 1905 et
2593 1853 2857 1917 stolidus;
2901 1860 2949 1907 et
2997 1870 3155 1921 opera
3203 1854 3353 1906 illius

1769 1945 2065 2013 perniciosa
2095 1953 2239 2009 sunt,
2267 1952 2316 1996 et
2346 1953 2580 1996 evertunt
2605 1960 2777 1997 servos
2811 1944 2930 1997 Dei.
2966 1943 3099 1999 Cum
3122 1962 3244 2016 ergo
3268 1946 3355 2000 hic

1769 2038 1825 2090 in
1847 2054 1937 2090 cor
1957 2037 2184 2090 hominis
2218 2036 2533 2101 ascenderit,
2577 2044 2781 2104 oportet
2822 2036 3114 2106 intelligere
3135 2054 3254 2091 eum
3286 2038 3353 2092 ab

1772 2128 2011 2198 operibus
2041 2127 2174 2195 ejus.
2216 2125 2349 2181 Cum
2377 2127 2517 2179 enim
2561 2126 2801 2195 quaedam
2830 2126 3111 2180 iracundia
3138 2128 3354 2180 cuidam

1771 2223 2068 2285 accesserit,
2097 2233 2187 2273 aut
2219 2220 2555 2283 amaritudo;
2587 2219 2851 2289 intellige,
2891 2237 3007 2273 eum
3049 2220 3105 2273 in
3146 2220 3353 2275 homine

71 2306 189 2359 τῶν
220 2307 398 2377 ἔργων
422 2306 605 2359 αὑτοῦ.
631 2308 795 2359 Ὅταν
827 2306 935 2378 γὰρ
972 2306 1218 2376 ὀξυχολία
1242 2306 1325 2369 τίς
1357 2323 1461 2359 τινι
1502 2322 1671 2377 προσ·
1702 2371 1739 2380 ﬁ
1771 2331 1805 2367 ei

1780 2331 1880 2368 esse
1903 2329 1923 2367 .·
1949 2312 2133 2365 deinde
2161 2312 2427 2380 cupiditas
2480 2312 2766 2363 multorum
2810 2327 3046 2379 operum,
3078 2320 3127 2364 et
3165 2312 3354 2380 profu-

75 2397 233 2470 ἔλθῃ,
270 2398 302 2468 ἢ
336 2397 543 2469 πικρία,
580 2398 828 2469 φανερῶς
856 2400 883 2449 6
913 2397 1152 2460 τοιοῦτος
1197 2397 1254 2449 ὲν
1285 2396 1363 2466 τῷ
1396 2394 1667 2466 ἀνθρώπῳ

76 2488 252 2540 ἐστίν·
276 2483 398 2540 εἶτα
428 2490 693 2560 ἐπιθυμία
718 2489 965 2560 πράξεων
987 2489 1215 2553 πολλῶν,
1237 2489 1329 2542 καὶ
1350 2488 1666 2541 πολυτέλεια

74 2580 393 2651 ἐδεσμάτων
430 2580 657 2647 πολλῶν,
685 2584 776 2635 καὶ
806 2582 1062 2636 ποικίλων
1082 2581 1321 2653 τρυφῶν,
1356 2581 1447 2633 καὶ
1478 2580 1669 2633 ἐπιθυ-

81 2670 181 2739 μία
212 2672 488 2739 γυναικῶν
522 2676 613 2726 καὶ
646 2674 993 2738 πλεονεξιῶν,
1022 2674 1114 2726 καὶ
1144 2674 1543 2744 ὑπερηφάνεια,
1579 2673 1671 2726 καὶ

78 2758 407 2825 ἀλαζονεία,
456 2764 551 2815 καὶ
599 2764 698 2816 ὅσα
746 2763 955 2825 τούτοις
1002 2763 1117 2815 ἐστὶ
1178 2764 1533 2834 παραπλήσια
1579 2761 1672 2816 καὶ

79 2852 264 2921 ὃμοια.
314 2852 474 2905 Ἀλλά
504 2855 595 2907 καὶ
630 2855 685 2906 αἱ
718 2854 948 2925 πονηραὶ
993 2854 1318 2925 ἐνθυμήσεις
1367 2854 1531 2908 αὐτοῦ
1566 2857 1671 2909 εἰσι

81 2946 277 2997 πᾶσαι.
306 2946 641 3016 Προσχῶμεν
674 2942 766 3000 οὖν
796 2946 1040 3017 ἀκριϐῶς
1064 2947 1294 3008 ἑαυτοῖς,
1328 2947 1420 2998 καὶ
1446 2946 1524 3017 τῷ
1572 2947 1673 3014 ἀγ-

82 3034 227 3104 γέλῳ
272 3036 353 3106 τῷ
392 3038 610 3108 πονηρῷ
650 3036 1076 3107 ἀποταξώμεθα,
1117 3036 1195 3107 τῷ
1228 3036 1443 3109 ἀγγέλῳ
1467 3036 1567 3107 τῆς
1598 3038 1675 3091 δι-

82 3127 381 3197 καιοσύνης
414 3129 883 3200 ἀκολουθήσωμεν.

1774 2407 1851 2459 sio
1888 2405 2172 2458 multarunt
2199 2413 2247 2457 et
2276 2405 2587 2472 aptimorum
2620 2406 2857 2457 ciborum
2879 2421 2939 2457 ac
2960 2406 3230 2458 variarum
3260 2406 3354 2458 de-

1774 2497 2103 2561 liciarum,et
2130 2497 2427 2564 appetentia
2450 2495 2731 2549 mulierum
2751 2513 2813 2549 ac
2838 2513 3012 2549 rerum
3028 2498 3348 2561 alienarum,

1771 2596 1820 2640 et
1848 2586 2111 2655 superbia,
2140 2595 2188 2638 et
2222 2585 2462 2647 ambitio,
2494 2593 2545 2639 et
2572 2602 2891 2655 quazcunque
2935 2588 3002 2639 iis
3030 2590 3186 2651 paria
3224 2599 3350 2643 sunt

1772 2692 1834 2728 ac
1881 2674 2101 2727 similia.
2160 2672 2262 2727 Sed
2306 2686 2353 2727 et
2408 2675 2563 2728 malta
2614 2677 2956 2745 cogitationes
3012 2678 3177 2745 ipsius
3226 2688 3350 2732 sunt

1773 2782 1967 2819 omnes.
2004 2765 2168 2818 Nobis
2200 2782 2320 2835 ergo
2348 2766 2627 2834 diligenter
2670 2768 3030 2830 attendamus,
3070 2778 3120 2821 et
3164 2769 3348 2838 angelo

1770 2859 1951 2927 iniquo
1997 2859 2384 2922 renuntiemus;
2431 2857 2676 2927 angelum
2731 2875 2849 2913 vero
2885 2859 3116 2928 justitiae
3162 2877 3349 2931 sequa-

1775 2966 1912 3003 mur.

1391 3220 1855 3285 MANDATUM
1891 3219 2025 3279 VII.

951 3327 1037 3386 De
1081 3327 1353 3389 timendo
1394 3329 1544 3397 Deo,
1580 3336 1636 3386 et
1668 3327 1934 3388 daamone
1968 3339 2095 3382 non
2122 3318 2471 3381 metuendo.

1428 3427 1654 3482 CAPUT
1712 3422 1999 3481 UNlCUM.

157 3521 236 3592 (4)
255 3519 447 3573 Φοϐοῦ
467 3520 573 3572 τὸν
598 3520 834 3588 Κύριον,
863 3520 961 3575 καὶ
981 3523 1264 3589 φύλασσε
1292 3522 1398 3587 τὰς
1420 3522 1675 3589 ἐντολὰς

86 3615 305 3668 αὐτοῦ’
342 3614 436 3666 καὶ
463 3612 558 3682 ἔσῃ
586 3613 807 3675 δυνατὸς
832 3615 889 3664 ὲν
918 3612 1134 3684 πράξει,
1172 3614 1267 3666 καὶ
1292 3615 1324 3683 η
1350 3614 1547 3685 πρᾶξίς
1579 3630 1673 3666 σου

86 3706 420 3775 ἀσύγκριτος
440 3705 611 3757 ἔσται.
630 3704 799 3757 Φοϐού
810 3721 965 3773 μενος
983 3704 1075 3761 τὸν
1095 3705 1319 3775 Κύριον,
1341 3706 1514 3758 πάντα
1535 3705 1676 3757 καλά

1847 3520 2014 3582 Time,
2032 3516 2226 3586 inquit,
2245 3516 2550 3580 Dominum,
2566 3529 2612 3571 et
2638 3520 2893 3574 mandata
2912 3522 3025 3591 ejus
3048 3523 3255 3579 custodi
3274 3526 3341 3579 ⁸ο.

1773 3612 2009 3666 Servans
2052 3610 2198 3663 enim
2244 3619 2511 3678 praecepta
2553 3608 2687 3676 Dei,
2732 3612 2842 3669 eris
2872 3624 3065 3683 potens
3110 3619 3163 3671 in
3196 3620 3347 3674 omni

1770 3712 1915 3767 actu,
1947 3712 1999 3757 et
2025 3716 2186 3755 omne
2211 3702 2487 3769 negotium
2517 3703 2594 3770 (5)
2624 3704 2728 3757 erit
2772 3705 3219 3776 incomparabile.
3248 3711 3346 3765 Ti-

87 3797 321 3867 ἐργάσῃ.
353 3790 518 3858 Οὗτός
548 3798 692 3847 ἐστιν
718 3797 746 3848 ό
767 3794 929 3863 φόϐος
955 3795 1013 3847 ὃν
1036 3794 1115 3846 δεῖ
1137 3812 1196 3847 σε
1226 3795 1544 3866 φοϐηθῆναι.
1572 3795 1677 3847 Τὸν
1770 3809 1805 3846 ιι

1780 3808 1926 3847 meus
1954 3792 2097 3845 enim
2130 3790 2421 3844 Dominum
2446 3830 2459 3854 ,
2495 3793 2681 3845 omnia
2724 3793 2867 3849 bona
2903 3798 3215 3865 operaberis
3245 3800 3344 3869 (6).

84 3887 336 3941 διάϐολον
366 3888 438 3957 μὴ
471 3887 732 3957 φοϐηθῇς,
765 3888 845 3939 ὅτι
872 3885 1097 3957 δύναμις
1120 3887 1178 3939 ὲν
1203 3887 1351 3957 αύτῷ
1379 3888 1477 3939 οὐκ
1504 3887 1671 3950 ἐστιν,

1770 3884 1870 3939 llic
1894 3893 1977 3938 cst
2009 3883 2170 3936 timor
2196 3897 2307 3951 quo
2336 3882 2527 3936 timere
2558 3892 2771 3952 oportet
2796 3884 2894 3954 (7),
2929 3894 2987 3941 ut
3017 3889 3198 3943 salvus
3226 3904 3349 3945 esse

84 3978 211 4030 οὐδὲ
239 3977 420 4047 φόϐος.
442 3977 528 4029 Ἐν
547 3970 590 4044 ᾧ
607 3977 663 4029 δὲ
688 3979 720 4046 ἡ
742 3976 966 4047 δύναμις
1048 3976 1281 4043 ἔνδοξος,
1305 3978 1399 4030 καὶ
1423 3976 1585 4045 φόϐος
1617 3978 1672 4029 ὲν
1698 3978 1740 4037 C
1771 3990 1803 4042 p

1780 3973 1970 4042 possis.
2019 3970 2303 4024 Diabolum
2352 3980 2531 4025 autem
2577 3987 2645 4026 ne
2686 3974 2918 4041 timeas;
2968 3977 3167 4033 timens
3197 3981 3347 4035 enim

86 4070 260 4140 αὐτῷ.
290 4071 405 4132 Πᾶς
430 4069 538 4141 γὰρ
565 4072 593 4122 6
621 4069 847 4140 δύναμιν
887 4069 1044 4138 ἔχων,
1071 4071 1163 4121 κα)¹
1196 4069 1357 4137 φόϐον
1390 4068 1530 4139 ἔχει·
1561 4071 1588 4121 6
1618 4067 1675 4119 δὲ

91 4163 169 4233 μὴ
198 4162 340 4231 ἔχων
357 4162 602 4232 δύναμιν,
628 4160 730 4213 ὑπὸ
758 4162 971 4214 πάντων
993 4164 1452 4231 καταφρονεῖται..
1500 4162 1528 4213 6
1551 4157 1672 4212 δοῦ-

1770 4062 2098 4127 Dominum,
2137 4061 2510 4116 dominaberis
2560 4062 2709 4118 illius
2755 4064 2868 4134 (8);
2918 4068 3047 4135 quia
3070 4070 3255 4125 .virtus
3287 4071 3346 4126 in

1771 4154 1865 4207 illo
1898 4154 2045 4206 nulla
2075 4160 2178 4207 est.
2225 4150 2283 4204 In
2314 4167 2422 4221 quo
2454 4161 2635 4207 autem
2661 4154 2835 4210 virtus
2866 4172 2975 4211 non
3007 4167 3128 4227 est,
3179 4161 3226 4216 is
3276 4177 3346 4217 ne

89 4257 182 4317 λος
209 4250 303 4306 οὖν
325 4252 420 4305 τοῦ
452 4253 656 4324 Κυρίου
688 4252 904 4323 ἰσχυρός
932 4254 1046 4306 ἐστι
1074 4253 1169 4305 καὶ
1194 4250 1462 4324 [ἔνδοξος]
1498 4250 1681 4323 Φοϐή-ο
1771 4248 1805 4302 ti

1780 4246 2048 4302 timendus
2092 4245 2309 4315 quidem
2342 4254 2444 4299 est.
2490 4244 2545 4298 ln
2584 4261 2694 4315 quo
2732 4264 2861 4303 vero
2902 4251 3079 4306 virtus
3107 4254 3347 4323 gloriosa

92 4347 219 4417 θητι
247 4342 339 4398 οὖν
370 4346 461 4397 τὸν
501 4344 725 4416 Κύριον,
771 4346 863 4397 καὶ
898 4344 1037 4417 ζήσῃ
1064 4344 1231 4415 αὐτῷ,
1262 4344 1549 4413 φυλάσσων
1576 4344 1677 4407 τὰς
1772 4356 1801 4395 e

1780 4348 1858 4395 est
1883 4380 1897 4403 ,
1950 4338 1999 4392 is
2041 4337 2205 4392 etiam
2254 4336 2526 4390 timendus
2556 4346 2659 4391 est.
2688 4336 2878 4394 Omnis
2908 4342 3051 4395 enim
3086 4344 3343 4399 virtutem

91 4436 316 4499 ἐντολὰς
346 4435 532 4501 αὐτοῦ,
561 4437 642 4496 εἰς
670 4435 795 4496 τοὺς
826 4434 1045 4497 αἰῶνας.

1774 4432 1983 4485 habens
2005 4468 2022 4493 ,
2056 4430 2219 4484 etiam
2251 4428 2523 4482 timendus
2547 4438 2629 4484 est
2661 4431 2769 4500 (9);
2806 4448 2929 4486 nam
2961 4436 3055 4503 qui
3085 4437 3344 4491 virtutem

91 4542 209 4581 non
245 4528 441 4589 habet,
480 4526 547 4580 ab
576 4526 832 4580 omnibus
864 4525 1258 4580 contemnitur.
1296 4524 1452 4579 Time
1482 4526 1643 4594 plane
1674 4523 1815 4578 facta
1856 4522 2089 4585 diaboli,
2124 4521 2385 4590 quoniam
2416 4521 2649 4591 maligna
2684 4533 2811 4578 sunt
2855 4542 2869 4578 :
2910 4535 3160 4583 metuens
3196 4531 3343 4584 enim

98 4624 420 4690 Dominum,
458 4622 701 4687 timebis,
738 4629 791 4675 et
819 4635 982 4688 opera
1019 4619 1218 4673 diaboli
1252 4635 1359 4672 non
1404 4618 1591 4682 facies,
1626 4618 1720 4673 sed
1749 4618 1861 4689 (10)
1892 4616 2193 4671 abstinebis
2223 4628 2271 4669 te
2298 4616 2366 4668 ab
2397 4616 2495 4669 eis.
2532 4615 2738 4686 Duplex
2771 4620 2917 4674 enim
2952 4623 3115 4678 timor
3148 4634 3250 4680 est.
3287 4624 3345 4681 Si

94 4724 245 4777 enim
276 4722 481 4774 malum
511 4719 724 4789 operari
755 4716 997 4772 volueris
1024 4715 1135 4787 (11)
1162 4758 1177 4783 ,
1212 4717 1413 4771 timens
1444 4715 1759 4783 Dominum,
1788 4730 1855 4769 ne
1886 4715 1937 4769 id
1967 4714 2185 4784 quidem
2219 4712 2386 4767 facies
2416 4713 2549 4783 (12).
2589 4713 2644 4767 Si
2675 4724 2856 4769 autem
2894 4717 3097 4773 bonum
3127 4723 3345 4791 operari

101 4814 371 4875 volueris,
409 4813 571 4867 timor
601 4813 791 4883 utique
826 4814 939 4882 (l5)
971 4812 1187 4867 Domini
1216 4814 1449 4879 validus,
1482 4822 1537 4868 et
1568 4813 1780 4883 ingens,
1831 4820 1884 4867 et
1930 4811 2206 4882 gloriosus
2236 4820 2339 4865 est.
2371 4808 2527 4865 Time
2572 4810 2738 4882 igitur
2766 4812 2959 4882 Deum,
2990 4826 3045 4871 et
3073 4818 3241 4874 vives.
3281 4818 3347 4875 Et

162 4934 210 4965 ⁸ο
229 4932 406 4989 Eccle.
440 4948 540 4999 xu,
564 4932 651 4987 15.

1178 5026 1413 5081 VARIAE
1451 5024 1835 5084 LECTIONES
1872 5022 1962 5080 ΕΤ
2004 5022 2238 5079 NOTAE.

173 5122 254 5193 (4)
292 5123 370 5176 Ex
407 5121 585 5177 Doclr.
618 5124 686 5177 ad
713 5122 953 5176 Antioch.
981 5136 1135 5176 num.
1168 5120 1221 5185 7,
1251 5123 1533 5193 pag.ﬁ‘255.
1563 5121 1671 5177 Ista

1840 5118 1951 5186 (10)
1995 5117 2185 5171 Lamb.
2220 5115 2425 5169 timebis
2456 5125 2505 5169 et
2546 5130 2705 5183 Opera
2747 5116 2970 5170 diaboli.
3016 5114 3128 5170 Nec
3174 5117 3343 5186 facies

98 5188 265 5251 etiam
298 5195 483 5249 Grieca
530 5194 727 5248 desunt
764 5196 818 5246 in
857 5193 1017 5246 editis
1050 5188 1587 5245 Pastoristxhibet
1618 5201 1672 5245 et
1767 5207 1850 5253 ea,
1885 5188 1995 5242 sed.

99 5264 407 5319 Antiochus
433 5264 621 5318 bomil.
658 5263 778 5317 127.
810 5262 927 5315 lluc
954 5272 1134 5315 autem
1158 5263 1394 5327 respexit
1422 5265 1672 5317 Clemens

101 5337 261 5389 Alex.
287 5336 535 5401 Στρωμ.,
567 5336 660 5389 lib.
690 5350 748 5396 ιι,
775 5350 893 5401 cap.
924 5334 1018 5397 12,
1044 5348 1164 5401 pag.
1196 5332 1320 5385 458.

174 5405 255 5471 (5)
299 5403 390 5457 Sic
422 5400 572 5458 Bodl.
605 5408 674 5457 At
702 5400 995 5457 Felli’edit.
1025 5400 1199 5457 Οιοιι.
1236 5402 1535 5455 consilium.

176 5474 256 5541 (6)
296 5473 487 5527 Lamb.
519 5474 838 5541 operabitur.

175 5546 257 5615 (7)
297 5543 457 5615 Bodl.
472 5554 534 5615 (et
552 5540 752 5598 Lamb.
791 5560 963 5613 quem.
999 5542 1089 5596 Sic
1131 5542 1333 5599 Fellus.
1374 5540 1473 5598 Hic
1514 5557 1669 5597 men-

105 5614 237 5670 dum
267 5616 408 5682 apud
442 5614 751 5667 Fabricium
781 5624 833 5668 et
856 5615 1146 5667 Clericum.

178 5687 259 5749 (8)
299 5684 432 5738 Ibid.
459 5684 562 5737 illi.
598 5684 802 5738 Fellum
832 5684 1077 5739 consule.

180 5688 236 5749 (8
299 5688 432 5738 Ibid.
459 5688 562 5737 illi.
598 5688 802 5738 Fellum
832 5688 1077 5739 consule.

180 5688 259 5825 (νζ
300 5754 491 5809 Lamb.
517 5767 619 5822 est,
648 5771 736 5809 nec
769 5756 925 5808 linter
962 5756 1015 5807 in
1045 5755 1179 5823 ipso.

1842 5260 1955 5327 (li)
2000 5256 2180 5311 Fellus
2210 5257 2415 5318 mallet,
2447 5256 2698 5309 nolueris.
2732 5256 2823 5311 Sic
2848 5265 2902 5311 et
2928 5255 3249 5327 Antiochus.
3272 5257 3343 5311 At

1769 5329 2073 5383 Cotelerius
2120 5335 2304 5381 censet
2354 5327 2683 5397 corrigenda,
2721 5328 2898 5395 potius
2943 5326 3128 5381 Graeca
3175 5344 3342 5397 quam

1772 5399 1985 5463 Latina,
2009 5398 2320 5469 ‘scribendo
2361 5414 2377 5469 :_
2416 5393 2599 5469 Ei_66v
2814 5399 2875 5469 τὸ
2909 5398 3141 5469 πονηρὸν
3170 5393 3337 5469 ἔργα*

1771 5458 1982 5590 (meiat:
2008 5466 2228 5521 Veteres
2258 5466 2381 5520 libri
2409 5484 2421 5519 :
2468 5466 2590 5519 Ἐἀν
2620 5458 2781 5542 θέλῄξ
2818 5468 2880 5521 τὸ
2914 5458 3149 5538 πονηρὸν
3177 5458 3345 5537 epyth

1773 5556 1878 5590 σασ
1912 5555 1988 5590 αι.

1773 5555 1988 5591 σασυαι.

1843 5608 1956 5676 (12)
1998 5605 2149 5660 Bodl.
2183 5614 2235 5660 cl
2262 5604 2451 5661 Lamb.
2478 5623 2581 5660 non
2610 5608 2665 5660 id
2697 5609 2879 5676 facies.

1808 5679 1958 5803 l(lg)
2001 5676 2128 5732 Mss.
2155 5676 2345 5733 Lamb.
2375 5686 2431 5733 et
2461 5676 2598 5735 Vict.
2642 5679 2834 5747 itaque.
2885 5678 3099 5735 Vidcsis
3152 5678 3340 5733 Antio-

1827 5765 1859 5801 ιι
1946 5763 2105 5803 rieca.

1775 5763 1859 5803 CIII
1892 5763 2105 5803 brzeca.
