  <div class='ocr_page' id='page_1' title='image "/cluster/home/n/w/nwhite01/storage/ocr_20150623/2/nnc1.0114695790/537.png"; bbox 0 0 3822 6218; ppageno 0'>
   <div class='ocr_carea' id='block_1_1' title="bbox 496 316 598 374">
    <p class='ocr_par' dir='ltr' id='par_1_1' title="bbox 496 316 598 374">
     <span class='ocr_line' id='line_1_1' title="bbox 496 316 598 374; baseline -0.029 0"><span class='ocrx_word' id='word_1_1' title='bbox 496 316 598 374; x_wconf 67' lang='grc'><strong><em>831</em></strong></span> 
     </span>
    </p>
   </div>
   <div class='ocr_carea' id='block_1_2' title="bbox 1939 302 2307 359">
    <p class='ocr_par' dir='ltr' id='par_1_2' title="bbox 1939 302 2307 359">
     <span class='ocr_line' id='line_1_2' title="bbox 1939 302 2307 359; baseline -0.005 0"><span class='ocrx_word' id='word_1_2' title='bbox 1939 302 2001 359; x_wconf 78' lang='lat' dir='ltr'><strong><em>S.</em></strong></span> <span class='ocrx_word' id='word_1_3' title='bbox 2043 303 2307 358; x_wconf 72' lang='lat' dir='ltr'><strong><em>HEBMAS</em></strong></span> 
     </span>
    </p>
   </div>
   <div class='ocr_carea' id='block_1_3' title="bbox 3661 306 3764 357">
    <p class='ocr_par' dir='ltr' id='par_1_3' title="bbox 3661 306 3764 357">
     <span class='ocr_line' id='line_1_3' title="bbox 3661 306 3764 357; baseline 0 0"><span class='ocrx_word' id='word_1_4' title='bbox 3661 306 3764 357; x_wconf 60' lang='lat'><strong><em>9‘52</em></strong></span> 
     </span>
    </p>
   </div>
   <div class='ocr_carea' id='block_1_4' title="bbox 501 401 3760 505">
    <p class='ocr_par' dir='ltr' id='par_1_4' title="bbox 501 401 3760 505">
     <span class='ocr_line' id='line_1_4' title="bbox 501 401 3760 505; baseline -0.006 -18"><span class='ocrx_word' id='word_1_5' title='bbox 501 434 822 505; x_wconf 85' lang='lat' dir='ltr'><strong><em>quicunque</em></strong></span> <span class='ocrx_word' id='word_1_6' title='bbox 846 447 972 488; x_wconf 85' lang='lat' dir='ltr'><strong><em>eum</em></strong></span> <span class='ocrx_word' id='word_1_7' title='bbox 999 433 1317 497; x_wconf 87' lang='lat' dir='ltr'><strong><em>metuerint,</em></strong></span> <span class='ocrx_word' id='word_1_8' title='bbox 1340 428 1718 487; x_wconf 76' lang='lat' dir='ltr'><strong><em>&#39;CustOdientcs</em></strong></span> <span class='ocrx_word' id='word_1_9' title='bbox 1747 424 2005 483; x_wconf 86' lang='lat' dir='ltr'><strong><em>mandata</em></strong></span> <span class='ocrx_word' id='word_1_10' title='bbox 2029 426 2170 496; x_wconf 88' lang='lat' dir='ltr'><strong><em>ejus,</em></strong></span> <span class='ocrx_word' id='word_1_11' title='bbox 2200 401 2390 479; x_wconf 81' lang='lat' dir='ltr'><strong><em>eorum</em></strong></span> <span class='ocrx_word' id='word_1_12' title='bbox 2417 422 2528 477; x_wconf 76' lang='lat' dir='ltr'><strong><em>vita</em></strong></span> <span class='ocrx_word' id='word_1_13' title='bbox 2554 432 2638 478; x_wconf 90' lang='lat' dir='ltr'><strong><em>est</em></strong></span> <span class='ocrx_word' id='word_1_14' title='bbox 2663 422 2804 492; x_wconf 83' lang='lat' dir='ltr'><strong><em>apud</em></strong></span> <span class='ocrx_word' id='word_1_15' title='bbox 2828 406 3122 476; x_wconf 83' lang='lat' dir='ltr'><strong><em>Dominum</em></strong></span> <span class='ocrx_word' id='word_1_16' title='bbox 3148 438 3161 473; x_wconf 91' lang='lat'><strong><em>:</em></strong></span> <span class='ocrx_word' id='word_1_17' title='bbox 3191 432 3301 473; x_wconf 86' lang='lat' dir='ltr'><strong><em>non</em></strong></span> <span class='ocrx_word' id='word_1_18' title='bbox 3330 416 3760 473; x_wconf 71' lang='lat' dir='ltr'><strong><em>custodientium</em></strong></span> 
     </span>
    </p>
   </div>
   <div class='ocr_carea' id='block_1_5' title="bbox 500 526 1347 595">
    <p class='ocr_par' dir='ltr' id='par_1_5' title="bbox 500 526 1347 595">
     <span class='ocr_line' id='line_1_5' title="bbox 500 526 1347 595; baseline 0.001 -13"><span class='ocrx_word' id='word_1_19' title='bbox 500 538 705 595; x_wconf 85' lang='lat' dir='ltr'><strong><em>autem,</em></strong></span> <span class='ocrx_word' id='word_1_20' title='bbox 742 540 845 582; x_wconf 90' lang='lat' dir='ltr'><strong><em>nec</em></strong></span> <span class='ocrx_word' id='word_1_21' title='bbox 870 526 983 580; x_wconf 87' lang='lat' dir='ltr'><strong><em>vita</em></strong></span> <span class='ocrx_word' id='word_1_22' title='bbox 1017 526 1069 580; x_wconf 94' lang='lat' dir='ltr'><strong><em>in</em></strong></span> <span class='ocrx_word' id='word_1_23' title='bbox 1110 526 1216 583; x_wconf 86' lang='lat' dir='ltr'><strong><em>illis</em></strong></span> <span class='ocrx_word' id='word_1_24' title='bbox 1241 537 1347 585; x_wconf 87' lang='lat' dir='ltr'><strong><em>est.</em></strong></span> 
     </span>
    </p>
   </div>
   <div class='ocr_carea' id='block_1_6' title="bbox 1750 611 2509 679">
    <p class='ocr_par' dir='ltr' id='par_1_6' title="bbox 1750 611 2509 679">
     <span class='ocr_line' id='line_1_6' title="bbox 1750 611 2509 679; baseline -0.008 -9"><span class='ocrx_word' id='word_1_25' title='bbox 1750 617 2097 679; x_wconf 82' lang='lat' dir='ltr'><strong><em>AN&#39;rmcnus,</em></strong></span> <span class='ocrx_word' id='word_1_26' title='bbox 2134 611 2352 665; x_wconf 85' lang='lat' dir='ltr'><strong><em>homilia</em></strong></span> <span class='ocrx_word' id='word_1_27' title='bbox 2387 611 2509 664; x_wconf 76' lang='grc'><strong><em>127.</em></strong></span> 
     </span>
    </p>
   </div>
   <div class='ocr_carea' id='block_1_7' title="bbox 576 702 2091 786">
    <p class='ocr_par' dir='ltr' id='par_1_7' title="bbox 576 710 2066 786">
     <span class='ocr_line' id='line_1_7' title="bbox 576 710 2066 786; baseline -0.005 -16"><span class='ocrx_word' id='word_1_28' title='bbox 576 716 735 771; x_wconf 87' lang='lat' dir='ltr'><strong><em>Time</em></strong></span> <span class='ocrx_word' id='word_1_29' title='bbox 763 717 901 770; x_wconf 87' lang='lat' dir='ltr'><strong><em>enim</em></strong></span> <span class='ocrx_word' id='word_1_30' title='bbox 922 756 935 779; x_wconf 93' lang='lat'><strong><em>,</em></strong></span> <span class='ocrx_word' id='word_1_31' title='bbox 966 717 1172 786; x_wconf 87' lang='lat' dir='ltr'><strong><em>inquit,</em></strong></span> <span class='ocrx_word' id='word_1_32' title='bbox 1211 712 1503 768; x_wconf 91' lang='lat' dir='ltr'><strong><em>Dominum</em></strong></span> <span class='ocrx_word' id='word_1_33' title='bbox 1524 744 1545 779; x_wconf 79' lang='grc'>,</span> <span class='ocrx_word' id='word_1_34' title='bbox 1579 720 1631 767; x_wconf 88' lang='lat' dir='ltr'><strong><em>et</em></strong></span> <span class='ocrx_word' id='word_1_35' title='bbox 1660 711 1917 765; x_wconf 86' lang='lat' dir='ltr'><strong><em>mandata</em></strong></span> <span class='ocrx_word' id='word_1_36' title='bbox 1948 710 2066 779; x_wconf 87' lang='lat' dir='ltr'><strong><em>ejus</em></strong></span> 
     </span>
    </p>
   </div>
   <div class='ocr_carea' id='block_1_8' title="bbox 2192 702 3764 786">
    <p class='ocr_par' dir='ltr' id='par_1_8' title="bbox 2242 702 3764 779">
     <span class='ocr_line' id='line_1_8' title="bbox 2242 702 3764 779; baseline -0.003 -21"><span class='ocrx_word' id='word_1_37' title='bbox 2242 704 2533 773; x_wconf 70' lang='grc' dir='ltr'>Φοϐήθητι</span> <span class='ocrx_word' id='word_1_38' title='bbox 2563 706 2695 779; x_wconf 85' lang='grc' dir='ltr'>γὰρ,</span> <span class='ocrx_word' id='word_1_39' title='bbox 2737 706 2891 776; x_wconf 74' lang='grc' dir='ltr'>φησὶ,</span> <span class='ocrx_word' id='word_1_40' title='bbox 2928 704 3039 757; x_wconf 81' lang='grc' dir='ltr'><strong><em>τὸν</em></strong></span> <span class='ocrx_word' id='word_1_41' title='bbox 3078 703 3317 770; x_wconf 78' lang='grc' dir='ltr'><strong><em>Κύριον,</em></strong></span> <span class='ocrx_word' id='word_1_42' title='bbox 3350 702 3447 756; x_wconf 79' lang='grc' dir='ltr'><strong><em>καί</em></strong></span> <span class='ocrx_word' id='word_1_43' title='bbox 3473 703 3764 771; x_wconf 69' lang='grc' dir='ltr'>φύλασσε</span> 
     </span>
    </p>
   </div>
   <div class='ocr_carea' id='block_1_9' title="bbox 500 802 2073 875">
    <p class='ocr_par' dir='ltr' id='par_1_9' title="bbox 500 802 2073 875">
     <span class='ocr_line' id='line_1_9' title="bbox 500 802 2073 875; baseline -0.006 -12"><span class='ocrx_word' id='word_1_44' title='bbox 500 808 734 864; x_wconf 78' lang='lat' dir='ltr'><strong><em>custodi.</em></strong></span> <span class='ocrx_word' id='word_1_45' title='bbox 770 806 991 861; x_wconf 87' lang='lat' dir='ltr'><strong><em>Servans</em></strong></span> <span class='ocrx_word' id='word_1_46' title='bbox 1023 817 1199 860; x_wconf 89' lang='lat' dir='ltr'><strong><em>autem</em></strong></span> <span class='ocrx_word' id='word_1_47' title='bbox 1233 814 1491 875; x_wconf 77' lang='lat' dir='ltr'><strong><em>prwcepta</em></strong></span> <span class='ocrx_word' id='word_1_48' title='bbox 1522 803 1640 867; x_wconf 88' lang='lat' dir='ltr'><strong><em>Dei,</em></strong></span> <span class='ocrx_word' id='word_1_49' title='bbox 1672 803 1774 856; x_wconf 87' lang='lat' dir='ltr'><strong><em>eris</em></strong></span> <span class='ocrx_word' id='word_1_50' title='bbox 1806 812 1988 872; x_wconf 85' lang='lat' dir='ltr'><strong><em>potens</em></strong></span> <span class='ocrx_word' id='word_1_51' title='bbox 2015 802 2073 854; x_wconf 87' lang='lat' dir='ltr'><strong><em>in</em></strong></span> 
     </span>
    </p>
   </div>
   <div class='ocr_carea' id='block_1_10' title="bbox 500 892 2076 966">
    <p class='ocr_par' dir='ltr' id='par_1_10' title="bbox 500 892 2076 966">
     <span class='ocr_line' id='line_1_10' title="bbox 500 892 2076 966; baseline -0.004 -15"><span class='ocrx_word' id='word_1_52' title='bbox 500 898 643 951; x_wconf 89' lang='lat' dir='ltr'><strong><em>omni</em></strong></span> <span class='ocrx_word' id='word_1_53' title='bbox 673 906 817 962; x_wconf 87' lang='lat' dir='ltr'><strong><em>actu,</em></strong></span> <span class='ocrx_word' id='word_1_54' title='bbox 849 907 896 949; x_wconf 90' lang='lat' dir='ltr'><strong><em>et</em></strong></span> <span class='ocrx_word' id='word_1_55' title='bbox 925 898 1185 966; x_wconf 77' lang='lat' dir='ltr'><strong><em>negotium</em></strong></span> <span class='ocrx_word' id='word_1_56' title='bbox 1217 906 1363 949; x_wconf 90' lang='lat' dir='ltr'><strong><em>tuum</em></strong></span> <span class='ocrx_word' id='word_1_57' title='bbox 1387 897 1487 949; x_wconf 86' lang='lat' dir='ltr'><strong><em>erit</em></strong></span> <span class='ocrx_word' id='word_1_58' title='bbox 1518 894 1950 964; x_wconf 88' lang='lat' dir='ltr'><strong><em>incomparabile.</em></strong></span> <span class='ocrx_word' id='word_1_59' title='bbox 1984 892 2076 947; x_wconf 85' lang='lat' dir='ltr'><strong><em>Ti-</em></strong></span> 
     </span>
    </p>
   </div>
   <div class='ocr_carea' id='block_1_11' title="bbox 502 982 2074 1052">
    <p class='ocr_par' dir='ltr' id='par_1_11' title="bbox 502 982 2074 1052">
     <span class='ocr_line' id='line_1_11' title="bbox 502 982 2074 1052; baseline -0.002 -15"><span class='ocrx_word' id='word_1_60' title='bbox 502 1001 645 1037; x_wconf 89' lang='lat' dir='ltr'><strong><em>mens</em></strong></span> <span class='ocrx_word' id='word_1_61' title='bbox 671 985 809 1037; x_wconf 89' lang='lat' dir='ltr'><strong><em>enim</em></strong></span> <span class='ocrx_word' id='word_1_62' title='bbox 841 983 1144 1050; x_wconf 88' lang='lat' dir='ltr'><strong><em>Dominum,</em></strong></span> <span class='ocrx_word' id='word_1_63' title='bbox 1173 986 1351 1037; x_wconf 82' lang='lat' dir='ltr'><strong><em>omnia</em></strong></span> <span class='ocrx_word' id='word_1_64' title='bbox 1379 984 1501 1037; x_wconf 86' lang='lat' dir='ltr'><strong><em>bene</em></strong></span> <span class='ocrx_word' id='word_1_65' title='bbox 1522 984 1838 1052; x_wconf 82' lang='lat' dir='ltr'><strong><em>aperaberis.</em></strong></span> <span class='ocrx_word' id='word_1_66' title='bbox 1872 982 1975 1036; x_wconf 84' lang='lat' dir='ltr'><strong><em>Hic</em></strong></span> <span class='ocrx_word' id='word_1_67' title='bbox 1997 990 2074 1035; x_wconf 84' lang='lat' dir='ltr'><strong><em>est</em></strong></span> 
     </span>
    </p>
   </div>
   <div class='ocr_carea' id='block_1_12' title="bbox 501 1073 2075 1143">
    <p class='ocr_par' dir='ltr' id='par_1_12' title="bbox 501 1073 2075 1143">
     <span class='ocr_line' id='line_1_12' title="bbox 501 1073 2075 1143; baseline 0.001 -18"><span class='ocrx_word' id='word_1_68' title='bbox 501 1074 677 1139; x_wconf 87' lang='lat' dir='ltr'><strong><em>timor,</em></strong></span> <span class='ocrx_word' id='word_1_69' title='bbox 705 1090 807 1143; x_wconf 92' lang='lat' dir='ltr'><strong><em>quo</em></strong></span> <span class='ocrx_word' id='word_1_70' title='bbox 832 1084 1035 1142; x_wconf 87' lang='lat' dir='ltr'><strong><em>oportet</em></strong></span> <span class='ocrx_word' id='word_1_71' title='bbox 1061 1084 1116 1127; x_wconf 90' lang='lat' dir='ltr'><strong><em>ut</em></strong></span> <span class='ocrx_word' id='word_1_72' title='bbox 1147 1076 1331 1127; x_wconf 91' lang='lat' dir='ltr'><strong><em>timeas</em></strong></span> <span class='ocrx_word' id='word_1_73' title='bbox 1354 1084 1405 1127; x_wconf 85' lang='lat' dir='ltr'><strong><em>et</em></strong></span> <span class='ocrx_word' id='word_1_74' title='bbox 1435 1074 1611 1127; x_wconf 83' lang='lat' dir='ltr'><strong><em>salvus</em></strong></span> <span class='ocrx_word' id='word_1_75' title='bbox 1641 1076 1766 1127; x_wconf 85' lang='lat' dir='ltr'><strong><em>eris.</em></strong></span> <span class='ocrx_word' id='word_1_76' title='bbox 1794 1073 2075 1127; x_wconf 77' lang='lat' dir='ltr'><strong><em>Diabolum</em></strong></span> 
     </span>
    </p>
   </div>
   <div class='ocr_carea' id='block_1_13' title="bbox 500 1163 2073 1219">
    <p class='ocr_par' dir='ltr' id='par_1_13' title="bbox 500 1163 2073 1219">
     <span class='ocr_line' id='line_1_13' title="bbox 500 1163 2073 1219; baseline 0.003 -4"><span class='ocrx_word' id='word_1_77' title='bbox 500 1174 678 1215; x_wconf 89' lang='lat' dir='ltr'><strong><em>autem</em></strong></span> <span class='ocrx_word' id='word_1_78' title='bbox 710 1181 771 1217; x_wconf 88' lang='lat' dir='ltr'><strong><em>ne</em></strong></span> <span class='ocrx_word' id='word_1_79' title='bbox 798 1166 1004 1217; x_wconf 79' lang='lat' dir='ltr'><strong><em>timeas.</em></strong></span> <span class='ocrx_word' id='word_1_80' title='bbox 1040 1163 1247 1217; x_wconf 82' lang='lat' dir='ltr'><strong><em>Timens</em></strong></span> <span class='ocrx_word' id='word_1_81' title='bbox 1276 1166 1416 1218; x_wconf 86' lang='lat' dir='ltr'><strong><em>enim</em></strong></span> <span class='ocrx_word' id='word_1_82' title='bbox 1448 1166 1733 1218; x_wconf 88' lang='lat' dir='ltr'><strong><em>Dominum</em></strong></span> <span class='ocrx_word' id='word_1_83' title='bbox 1766 1165 2073 1219; x_wconf 87' lang='lat' dir='ltr'><strong><em>dominabe-</em></strong></span> 
     </span>
    </p>
   </div>
   <div class='ocr_carea' id='block_1_14' title="bbox 500 1254 2075 1324">
    <p class='ocr_par' dir='ltr' id='par_1_14' title="bbox 500 1254 2075 1324">
     <span class='ocr_line' id='line_1_14' title="bbox 500 1254 2075 1324; baseline 0.001 -20"><span class='ocrx_word' id='word_1_84' title='bbox 500 1254 574 1305; x_wconf 87' lang='lat' dir='ltr'><strong><em>ris</em></strong></span> <span class='ocrx_word' id='word_1_85' title='bbox 605 1254 839 1317; x_wconf 85' lang='lat' dir='ltr'><strong><em>diaboli;</em></strong></span> <span class='ocrx_word' id='word_1_86' title='bbox 871 1257 994 1324; x_wconf 90' lang='lat' dir='ltr'><strong><em>quia</em></strong></span> <span class='ocrx_word' id='word_1_87' title='bbox 1029 1256 1195 1309; x_wconf 86' lang='lat' dir='ltr'><strong><em>virtus</em></strong></span> <span class='ocrx_word' id='word_1_88' title='bbox 1235 1257 1288 1308; x_wconf 88' lang='lat' dir='ltr'><strong><em>in</em></strong></span> <span class='ocrx_word' id='word_1_89' title='bbox 1320 1256 1412 1308; x_wconf 88' lang='lat' dir='ltr'><strong><em>illo</em></strong></span> <span class='ocrx_word' id='word_1_90' title='bbox 1444 1256 1594 1309; x_wconf 88' lang='lat' dir='ltr'><strong><em>nulla</em></strong></span> <span class='ocrx_word' id='word_1_91' title='bbox 1621 1264 1718 1308; x_wconf 85' lang='lat' dir='ltr'><strong><em>est.</em></strong></span> <span class='ocrx_word' id='word_1_92' title='bbox 1754 1254 1820 1307; x_wconf 83' lang='lat' dir='ltr'><strong><em>In</em></strong></span> <span class='ocrx_word' id='word_1_93' title='bbox 1846 1271 1947 1324; x_wconf 87' lang='lat' dir='ltr'><strong><em>quo</em></strong></span> <span class='ocrx_word' id='word_1_94' title='bbox 1976 1272 2075 1307; x_wconf 92' lang='lat' dir='ltr'><strong><em>au-</em></strong></span> 
     </span>
    </p>
   </div>
   <div class='ocr_carea' id='block_1_15' title="bbox 500 1346 2074 1416">
    <p class='ocr_par' dir='ltr' id='par_1_15' title="bbox 500 1346 2074 1416">
     <span class='ocr_line' id='line_1_15' title="bbox 500 1346 2074 1416; baseline 0.003 -21"><span class='ocrx_word' id='word_1_95' title='bbox 500 1352 603 1395; x_wconf 90' lang='lat' dir='ltr'><strong><em>tem</em></strong></span> <span class='ocrx_word' id='word_1_96' title='bbox 635 1346 800 1397; x_wconf 88' lang='lat' dir='ltr'><strong><em>virtus</em></strong></span> <span class='ocrx_word' id='word_1_97' title='bbox 834 1362 935 1397; x_wconf 89' lang='lat' dir='ltr'><strong><em>non</em></strong></span> <span class='ocrx_word' id='word_1_98' title='bbox 974 1358 1089 1410; x_wconf 83' lang='lat' dir='ltr'><strong><em>est,</em></strong></span> <span class='ocrx_word' id='word_1_99' title='bbox 1141 1348 1187 1399; x_wconf 87' lang='lat' dir='ltr'><strong><em>is</em></strong></span> <span class='ocrx_word' id='word_1_100' title='bbox 1233 1363 1295 1399; x_wconf 82' lang='lat' dir='ltr'><strong><em>ne</em></strong></span> <span class='ocrx_word' id='word_1_101' title='bbox 1327 1347 1584 1399; x_wconf 75' lang='lat' dir='ltr'><strong><em>(intendas</em></strong></span> <span class='ocrx_word' id='word_1_102' title='bbox 1620 1347 1827 1416; x_wconf 84' lang='lat' dir='ltr'><strong><em>quidem</em></strong></span> <span class='ocrx_word' id='word_1_103' title='bbox 1857 1356 1931 1399; x_wconf 86' lang='lat' dir='ltr'><strong><em>est</em></strong></span> <span class='ocrx_word' id='word_1_104' title='bbox 1964 1362 1981 1399; x_wconf 85' lang='lat'><strong><em>.&#39;</em></strong></span> <span class='ocrx_word' id='word_1_105' title='bbox 2019 1347 2074 1400; x_wconf 83' lang='lat' dir='ltr'><strong><em>in</em></strong></span> 
     </span>
    </p>
   </div>
   <div class='ocr_carea' id='block_1_16' title="bbox 496 1437 2069 1507">
    <p class='ocr_par' dir='ltr' id='par_1_16' title="bbox 496 1437 2069 1507">
     <span class='ocr_line' id='line_1_16' title="bbox 496 1437 2069 1507; baseline 0.003 -19"><span class='ocrx_word' id='word_1_106' title='bbox 496 1452 598 1504; x_wconf 89' lang='lat' dir='ltr'><strong><em>quo</em></strong></span> <span class='ocrx_word' id='word_1_107' title='bbox 629 1453 746 1489; x_wconf 85' lang='lat' dir='ltr'><strong><em>vero</em></strong></span> <span class='ocrx_word' id='word_1_108' title='bbox 776 1437 941 1491; x_wconf 84' lang='lat' dir='ltr'><strong><em>virtus</em></strong></span> <span class='ocrx_word' id='word_1_109' title='bbox 982 1437 1213 1507; x_wconf 87' lang='lat' dir='ltr'><strong><em>gloriosa</em></strong></span> <span class='ocrx_word' id='word_1_110' title='bbox 1244 1450 1357 1504; x_wconf 88' lang='lat' dir='ltr'><strong><em>est,</em></strong></span> <span class='ocrx_word' id='word_1_111' title='bbox 1400 1440 1443 1491; x_wconf 88' lang='lat' dir='ltr'><strong><em>is</em></strong></span> <span class='ocrx_word' id='word_1_112' title='bbox 1476 1441 1636 1493; x_wconf 88' lang='lat' dir='ltr'><strong><em>etiam</em></strong></span> <span class='ocrx_word' id='word_1_113' title='bbox 1679 1438 1939 1491; x_wconf 86' lang='lat' dir='ltr'><strong><em>timendus</em></strong></span> <span class='ocrx_word' id='word_1_114' title='bbox 1970 1448 2069 1493; x_wconf 84' lang='lat' dir='ltr'><strong><em>est.</em></strong></span> 
     </span>
    </p>
   </div>
   <div class='ocr_carea' id='block_1_17' title="bbox 502 1528 2070 1593">
    <p class='ocr_par' dir='ltr' id='par_1_17' title="bbox 502 1528 2070 1593">
     <span class='ocr_line' id='line_1_17' title="bbox 502 1528 2070 1593; baseline 0.001 -10"><span class='ocrx_word' id='word_1_115' title='bbox 502 1528 685 1583; x_wconf 85' lang='lat' dir='ltr'><strong><em>Omnis</em></strong></span> <span class='ocrx_word' id='word_1_116' title='bbox 715 1530 855 1581; x_wconf 89' lang='lat' dir='ltr'><strong><em>enim</em></strong></span> <span class='ocrx_word' id='word_1_117' title='bbox 892 1531 1141 1582; x_wconf 76' lang='lat' dir='ltr'><strong><em>virtutem</em></strong></span> <span class='ocrx_word' id='word_1_118' title='bbox 1184 1530 1412 1593; x_wconf 84' lang='lat' dir='ltr'><strong><em>habens,</em></strong></span> <span class='ocrx_word' id='word_1_119' title='bbox 1460 1530 1622 1583; x_wconf 88' lang='lat' dir='ltr'><strong><em>etiam</em></strong></span> <span class='ocrx_word' id='word_1_120' title='bbox 1668 1531 1925 1583; x_wconf 85' lang='lat' dir='ltr'><strong><em>timendus</em></strong></span> <span class='ocrx_word' id='word_1_121' title='bbox 1971 1539 2070 1584; x_wconf 86' lang='lat' dir='ltr'><strong><em>est.</em></strong></span> 
     </span>
    </p>
   </div>
   <div class='ocr_carea' id='block_1_18' title="bbox 499 1612 2071 1687">
    <p class='ocr_par' dir='ltr' id='par_1_18' title="bbox 499 1612 2071 1687">
     <span class='ocr_line' id='line_1_18' title="bbox 499 1612 2071 1687; baseline 0.003 -17"><span class='ocrx_word' id='word_1_122' title='bbox 499 1616 646 1671; x_wconf 87' lang='lat' dir='ltr'><strong><em>Nam</em></strong></span> <span class='ocrx_word' id='word_1_123' title='bbox 677 1621 767 1687; x_wconf 77' lang='lat' dir='ltr'><strong><em>qui</em></strong></span> <span class='ocrx_word' id='word_1_124' title='bbox 798 1612 1044 1672; x_wconf 87' lang='lat' dir='ltr'><strong><em>virtutem</em></strong></span> <span class='ocrx_word' id='word_1_125' title='bbox 1076 1638 1178 1674; x_wconf 89' lang='lat' dir='ltr'><strong><em>non</em></strong></span> <span class='ocrx_word' id='word_1_126' title='bbox 1207 1620 1380 1687; x_wconf 83' lang='lat' dir='ltr'><strong><em>habet,</em></strong></span> <span class='ocrx_word' id='word_1_127' title='bbox 1415 1620 1478 1673; x_wconf 89' lang='lat' dir='ltr'><strong><em>ab</em></strong></span> <span class='ocrx_word' id='word_1_128' title='bbox 1508 1620 1747 1673; x_wconf 84' lang='lat' dir='ltr'><strong><em>omnibus</em></strong></span> <span class='ocrx_word' id='word_1_129' title='bbox 1781 1622 2071 1674; x_wconf 76' lang='lat' dir='ltr'><strong><em>contemni-</em></strong></span> 
     </span>
    </p>
   </div>
   <div class='ocr_carea' id='block_1_19' title="bbox 498 1706 2069 1781">
    <p class='ocr_par' dir='ltr' id='par_1_19' title="bbox 498 1706 2069 1781">
     <span class='ocr_line' id='line_1_19' title="bbox 498 1706 2069 1781; baseline 0.002 -20"><span class='ocrx_word' id='word_1_130' title='bbox 498 1718 603 1762; x_wconf 89' lang='lat' dir='ltr'><strong><em>tur.</em></strong></span> <span class='ocrx_word' id='word_1_131' title='bbox 630 1706 774 1762; x_wconf 86' lang='lat' dir='ltr'><strong><em>Time</em></strong></span> <span class='ocrx_word' id='word_1_132' title='bbox 796 1707 952 1778; x_wconf 88' lang='lat' dir='ltr'><strong><em>plane</em></strong></span> <span class='ocrx_word' id='word_1_133' title='bbox 980 1711 1122 1779; x_wconf 83' lang='lat' dir='ltr'><strong><em>facta</em></strong></span> <span class='ocrx_word' id='word_1_134' title='bbox 1146 1710 1367 1775; x_wconf 87' lang='lat' dir='ltr'><strong><em>diaboli,</em></strong></span> <span class='ocrx_word' id='word_1_135' title='bbox 1392 1712 1644 1781; x_wconf 83' lang='lat' dir='ltr'><strong><em>quoniam</em></strong></span> <span class='ocrx_word' id='word_1_136' title='bbox 1666 1710 1901 1780; x_wconf 85' lang='lat' dir='ltr'><strong><em>maligna</em></strong></span> <span class='ocrx_word' id='word_1_137' title='bbox 1926 1719 2069 1765; x_wconf 85' lang='lat' dir='ltr'><strong><em>sunt.</em></strong></span> 
     </span>
    </p>
   </div>
   <div class='ocr_carea' id='block_1_20' title="bbox 496 1797 2071 1872">
    <p class='ocr_par' dir='ltr' id='par_1_20' title="bbox 496 1797 2071 1872">
     <span class='ocr_line' id='line_1_20' title="bbox 496 1797 2071 1872; baseline 0.002 -18"><span class='ocrx_word' id='word_1_138' title='bbox 496 1797 739 1854; x_wconf 76' lang='lat' dir='ltr'><strong><em>Metuens</em></strong></span> <span class='ocrx_word' id='word_1_139' title='bbox 769 1812 942 1853; x_wconf 78' lang='lat' dir='ltr'><strong><em>autem</em></strong></span> <span class='ocrx_word' id='word_1_140' title='bbox 974 1802 1279 1866; x_wconf 86' lang='lat' dir='ltr'><strong><em>Dominum,</em></strong></span> <span class='ocrx_word' id='word_1_141' title='bbox 1312 1820 1411 1855; x_wconf 89' lang='lat' dir='ltr'><strong><em>non</em></strong></span> <span class='ocrx_word' id='word_1_142' title='bbox 1439 1802 1643 1856; x_wconf 79' lang='lat' dir='ltr'><strong><em>timebis</em></strong></span> <span class='ocrx_word' id='word_1_143' title='bbox 1674 1819 1831 1872; x_wconf 86' lang='lat' dir='ltr'><strong><em>opera</em></strong></span> <span class='ocrx_word' id='word_1_144' title='bbox 1852 1803 2071 1871; x_wconf 86' lang='lat' dir='ltr'><strong><em>diaboli,</em></strong></span> 
     </span>
    </p>
   </div>
   <div class='ocr_carea' id='block_1_21' title="bbox 494 1891 2076 1963">
    <p class='ocr_par' dir='ltr' id='par_1_21' title="bbox 494 1891 2076 1963">
     <span class='ocr_line' id='line_1_21' title="bbox 494 1891 2076 1963; baseline 0.003 -21"><span class='ocrx_word' id='word_1_145' title='bbox 494 1899 545 1942; x_wconf 86' lang='lat' dir='ltr'><strong><em>et</em></strong></span> <span class='ocrx_word' id='word_1_146' title='bbox 589 1907 691 1943; x_wconf 89' lang='lat' dir='ltr'><strong><em>non</em></strong></span> <span class='ocrx_word' id='word_1_147' title='bbox 724 1891 887 1959; x_wconf 81' lang='lat' dir='ltr'><strong><em>facies</em></strong></span> <span class='ocrx_word' id='word_1_148' title='bbox 931 1909 1029 1956; x_wconf 89' lang='lat' dir='ltr'><strong><em>ea;</em></strong></span> <span class='ocrx_word' id='word_1_149' title='bbox 1077 1893 1167 1946; x_wconf 82' lang='lat' dir='ltr'><strong><em>sed</em></strong></span> <span class='ocrx_word' id='word_1_150' title='bbox 1197 1893 1479 1947; x_wconf 84' lang='lat' dir='ltr'><strong><em>abstinebis</em></strong></span> <span class='ocrx_word' id='word_1_151' title='bbox 1515 1902 1562 1947; x_wconf 91' lang='lat' dir='ltr'><strong><em>te</em></strong></span> <span class='ocrx_word' id='word_1_152' title='bbox 1610 1894 1674 1946; x_wconf 92' lang='lat' dir='ltr'><strong><em>ab</em></strong></span> <span class='ocrx_word' id='word_1_153' title='bbox 1721 1895 1815 1947; x_wconf 84' lang='lat' dir='ltr'><strong><em>eis.</em></strong></span> <span class='ocrx_word' id='word_1_154' title='bbox 1868 1894 2076 1963; x_wconf 68' lang='lat' dir='ltr'><strong><em>Duplex</em></strong></span> 
     </span>
    </p>
   </div>
   <div class='ocr_carea' id='block_1_22' title="bbox 496 1980 2075 2053">
    <p class='ocr_par' dir='ltr' id='par_1_22' title="bbox 496 1980 2075 2053">
     <span class='ocr_line' id='line_1_22' title="bbox 496 1980 2075 2053; baseline 0.003 -20"><span class='ocrx_word' id='word_1_155' title='bbox 496 1997 619 2050; x_wconf 90' lang='lat' dir='ltr'><strong><em>ergo</em></strong></span> <span class='ocrx_word' id='word_1_156' title='bbox 660 1982 816 2035; x_wconf 87' lang='lat' dir='ltr'><strong><em>timor</em></strong></span> <span class='ocrx_word' id='word_1_157' title='bbox 841 1992 939 2035; x_wconf 89' lang='lat' dir='ltr'><strong><em>est.</em></strong></span> <span class='ocrx_word' id='word_1_158' title='bbox 971 1980 1031 2035; x_wconf 90' lang='lat' dir='ltr'><strong><em>Si</em></strong></span> <span class='ocrx_word' id='word_1_159' title='bbox 1057 1982 1255 2035; x_wconf 89' lang='lat' dir='ltr'><strong><em>malum</em></strong></span> <span class='ocrx_word' id='word_1_160' title='bbox 1285 1985 1492 2053; x_wconf 89' lang='lat' dir='ltr'><strong><em>operari</em></strong></span> <span class='ocrx_word' id='word_1_161' title='bbox 1523 1984 1777 2049; x_wconf 82' lang='lat' dir='ltr'><strong><em>nolueris,</em></strong></span> <span class='ocrx_word' id='word_1_162' title='bbox 1813 1985 1938 2037; x_wconf 86' lang='lat' dir='ltr'><strong><em>time</em></strong></span> <span class='ocrx_word' id='word_1_163' title='bbox 1966 1983 2075 2037; x_wconf 90' lang='lat' dir='ltr'><strong><em>Do-</em></strong></span> 
     </span>
    </p>
   </div>
   <div class='ocr_carea' id='block_1_23' title="bbox 2175 792 3761 862">
    <p class='ocr_par' dir='ltr' id='par_1_23' title="bbox 2175 792 3761 862">
     <span class='ocr_line' id='line_1_23' title="bbox 2175 792 3761 862; baseline -0.003 -12"><span class='ocrx_word' id='word_1_164' title='bbox 2175 796 2282 861; x_wconf 78' lang='grc' dir='ltr'>τὰς</span> <span class='ocrx_word' id='word_1_165' title='bbox 2311 796 2560 862; x_wconf 78' lang='grc' dir='ltr'>ἐντολὰς</span> <span class='ocrx_word' id='word_1_166' title='bbox 2602 796 2806 849; x_wconf 82' lang='grc' dir='ltr'>αὐτοῦ.</span> <span class='ocrx_word' id='word_1_167' title='bbox 2853 795 3144 848; x_wconf 84' lang='grc' dir='ltr'>Φυλάσσων</span> <span class='ocrx_word' id='word_1_168' title='bbox 3184 795 3241 851; x_wconf 83' lang='grc' dir='ltr'>δὲ</span> <span class='ocrx_word' id='word_1_169' title='bbox 3286 801 3384 857; x_wconf 83' lang='grc' dir='ltr'><strong><em>τας</em></strong></span> <span class='ocrx_word' id='word_1_170' title='bbox 3417 794 3641 855; x_wconf 78' lang='grc' dir='ltr'>ἐντολάς</span> <span class='ocrx_word' id='word_1_171' title='bbox 3674 792 3761 846; x_wconf 75' lang='grc' dir='ltr'>τοῦ</span> 
     </span>
    </p>
   </div>
   <div class='ocr_carea' id='block_1_24' title="bbox 2175 884 3763 960">
    <p class='ocr_par' dir='ltr' id='par_1_24' title="bbox 2175 884 3763 960">
     <span class='ocr_line' id='line_1_24' title="bbox 2175 884 3763 960; baseline -0.003 -19"><span class='ocrx_word' id='word_1_172' title='bbox 2175 888 2310 941; x_wconf 82' lang='grc' dir='ltr'><strong><em>Θεοῦ</em></strong></span> <span class='ocrx_word' id='word_1_173' title='bbox 2340 929 2354 953; x_wconf 95' lang='grc'>,</span> <span class='ocrx_word' id='word_1_174' title='bbox 2408 890 2507 960; x_wconf 72' lang='grc' dir='ltr'><strong><em>ἔσῃ</em></strong></span> <span class='ocrx_word' id='word_1_175' title='bbox 2552 890 2777 951; x_wconf 83' lang='grc' dir='ltr'>δυνατὸς</span> <span class='ocrx_word' id='word_1_176' title='bbox 2822 890 2878 941; x_wconf 88' lang='grc' dir='ltr'><strong><em>ἐν</em></strong></span> <span class='ocrx_word' id='word_1_177' title='bbox 2919 890 3069 959; x_wconf 82' lang='grc' dir='ltr'>πάσῃ</span> <span class='ocrx_word' id='word_1_178' title='bbox 3112 886 3336 959; x_wconf 82' lang='grc' dir='ltr'>πράξει’</span> <span class='ocrx_word' id='word_1_179' title='bbox 3371 887 3463 939; x_wconf 80' lang='grc' dir='ltr'><strong><em>καὶ</em></strong></span> <span class='ocrx_word' id='word_1_180' title='bbox 3496 887 3531 955; x_wconf 81' lang='grc' dir='ltr'>ἡ</span> <span class='ocrx_word' id='word_1_181' title='bbox 3567 884 3763 956; x_wconf 70' lang='grc' dir='ltr'>πρᾶξίς</span> 
     </span>
    </p>
   </div>
   <div class='ocr_carea' id='block_1_25' title="bbox 2178 978 3763 1052">
    <p class='ocr_par' dir='ltr' id='par_1_25' title="bbox 2178 978 3763 1052">
     <span class='ocr_line' id='line_1_25' title="bbox 2178 978 3763 1052; baseline -0.003 -18"><span class='ocrx_word' id='word_1_182' title='bbox 2178 999 2269 1034; x_wconf 90' lang='grc' dir='ltr'><strong><em>σου</em></strong></span> <span class='ocrx_word' id='word_1_183' title='bbox 2304 981 2632 1052; x_wconf 82' lang='grc' dir='ltr'><strong><em>ἀσύγκριτος</em></strong></span> <span class='ocrx_word' id='word_1_184' title='bbox 2666 982 2837 1034; x_wconf 73' lang='grc' dir='ltr'>ἔσται.</span> <span class='ocrx_word' id='word_1_185' title='bbox 2872 981 3207 1051; x_wconf 84' lang='grc' dir='ltr'>Φοϐούμενος</span> <span class='ocrx_word' id='word_1_186' title='bbox 3240 980 3349 1051; x_wconf 82' lang='grc' dir='ltr'><strong><em>γὰρ</em></strong></span> <span class='ocrx_word' id='word_1_187' title='bbox 3395 979 3488 1032; x_wconf 80' lang='grc' dir='ltr'><strong><em>τὸν</em></strong></span> <span class='ocrx_word' id='word_1_188' title='bbox 3534 978 3763 1049; x_wconf 86' lang='grc' dir='ltr'>Κύριον,</span> 
     </span>
    </p>
   </div>
   <div class='ocr_carea' id='block_1_26' title="bbox 2177 1070 3763 1145">
    <p class='ocr_par' dir='ltr' id='par_1_26' title="bbox 2177 1070 3763 1145">
     <span class='ocr_line' id='line_1_26' title="bbox 2177 1070 3763 1145; baseline -0.004 -17"><span class='ocrx_word' id='word_1_189' title='bbox 2177 1074 2353 1128; x_wconf 87' lang='grc' dir='ltr'>πάντα</span> <span class='ocrx_word' id='word_1_190' title='bbox 2388 1072 2567 1136; x_wconf 86' lang='grc' dir='ltr'>καλῶς</span> <span class='ocrx_word' id='word_1_191' title='bbox 2600 1075 2829 1145; x_wconf 80' lang='grc' dir='ltr'>ἐργάσῃ.</span> <span class='ocrx_word' id='word_1_192' title='bbox 2868 1070 3035 1135; x_wconf 71' lang='grc' dir='ltr'>Οὗτός</span> <span class='ocrx_word' id='word_1_193' title='bbox 3061 1074 3207 1125; x_wconf 85' lang='grc' dir='ltr'>ἐστιν</span> <span class='ocrx_word' id='word_1_194' title='bbox 3239 1073 3267 1123; x_wconf 97' lang='lat'><strong><em>6</em></strong></span> <span class='ocrx_word' id='word_1_195' title='bbox 3302 1071 3481 1140; x_wconf 87' lang='grc' dir='ltr'>φόϐος,</span> <span class='ocrx_word' id='word_1_196' title='bbox 3510 1070 3571 1121; x_wconf 82' lang='grc' dir='ltr'>ὃν</span> <span class='ocrx_word' id='word_1_197' title='bbox 3596 1071 3683 1122; x_wconf 84' lang='grc' dir='ltr'><strong><em>δεῖ</em></strong></span> <span class='ocrx_word' id='word_1_198' title='bbox 3711 1087 3763 1122; x_wconf 84' lang='grc' dir='ltr'><strong><em>σε</em></strong></span> 
     </span>
    </p>
   </div>
   <div class='ocr_carea' id='block_1_27' title="bbox 2177 1162 3762 1237">
    <p class='ocr_par' dir='ltr' id='par_1_27' title="bbox 2177 1162 3762 1237">
     <span class='ocr_line' id='line_1_27' title="bbox 2177 1162 3762 1237; baseline -0.004 -19"><span class='ocrx_word' id='word_1_199' title='bbox 2177 1165 2512 1236; x_wconf 79' lang='grc' dir='ltr'>φοϐηθῆναι,</span> <span class='ocrx_word' id='word_1_200' title='bbox 2558 1165 2651 1217; x_wconf 72' lang='grc' dir='ltr'>καὶ</span> <span class='ocrx_word' id='word_1_201' title='bbox 2688 1164 2927 1237; x_wconf 79' lang='grc' dir='ltr'><strong><em>σωθήσῃ.</em></strong></span> <span class='ocrx_word' id='word_1_202' title='bbox 2966 1165 3069 1217; x_wconf 86' lang='grc' dir='ltr'>Τὸν</span> <span class='ocrx_word' id='word_1_203' title='bbox 3100 1164 3156 1216; x_wconf 84' lang='grc' dir='ltr'><strong><em>δέ</em></strong></span> <span class='ocrx_word' id='word_1_204' title='bbox 3189 1164 3431 1217; x_wconf 86' lang='grc' dir='ltr'>διάϐολον</span> <span class='ocrx_word' id='word_1_205' title='bbox 3469 1164 3545 1233; x_wconf 81' lang='grc' dir='ltr'>μὴ</span> <span class='ocrx_word' id='word_1_206' title='bbox 3589 1162 3762 1232; x_wconf 79' lang='grc' dir='ltr'>φοϐη-</span> 
     </span>
    </p>
   </div>
   <div class='ocr_carea' id='block_1_28' title="bbox 2177 1254 3765 1329">
    <p class='ocr_par' dir='ltr' id='par_1_28' title="bbox 2177 1254 3765 1329">
     <span class='ocr_line' id='line_1_28' title="bbox 2177 1254 3765 1329; baseline -0.002 -20"><span class='ocrx_word' id='word_1_207' title='bbox 2177 1257 2295 1329; x_wconf 82' lang='grc' dir='ltr'>θῇς.</span> <span class='ocrx_word' id='word_1_208' title='bbox 2344 1258 2678 1327; x_wconf 85' lang='grc' dir='ltr'>Φοϐούμενος</span> <span class='ocrx_word' id='word_1_209' title='bbox 2730 1256 2838 1327; x_wconf 86' lang='grc' dir='ltr'>γὰρ</span> <span class='ocrx_word' id='word_1_210' title='bbox 2884 1256 2973 1309; x_wconf 82' lang='grc' dir='ltr'><strong><em>τὸν</em></strong></span> <span class='ocrx_word' id='word_1_211' title='bbox 3024 1255 3259 1327; x_wconf 86' lang='grc' dir='ltr'>Κύριον,</span> <span class='ocrx_word' id='word_1_212' title='bbox 3310 1254 3765 1325; x_wconf 70' lang='grc' dir='ltr'>κατακυριεύσειε</span> 
     </span>
    </p>
   </div>
   <div class='ocr_carea' id='block_1_29' title="bbox 2174 1340 3765 1420">
    <p class='ocr_par' dir='ltr' id='par_1_29' title="bbox 2174 1340 3765 1420">
     <span class='ocr_line' id='line_1_29' title="bbox 2174 1340 3765 1420; baseline -0.002 -18"><span class='ocrx_word' id='word_1_213' title='bbox 2174 1351 2269 1403; x_wconf 79' lang='grc' dir='ltr'><strong><em>τοὺ</em></strong></span> <span class='ocrx_word' id='word_1_214' title='bbox 2304 1350 2568 1414; x_wconf 89' lang='grc' dir='ltr'>διαϐόλου,</span> <span class='ocrx_word' id='word_1_215' title='bbox 2605 1350 2686 1402; x_wconf 81' lang='grc' dir='ltr'><strong><em>ὅτι</em></strong></span> <span class='ocrx_word' id='word_1_216' title='bbox 2718 1348 2943 1420; x_wconf 88' lang='grc' dir='ltr'>δύναμις</span> <span class='ocrx_word' id='word_1_217' title='bbox 2976 1350 3075 1401; x_wconf 80' lang='grc' dir='ltr'><strong><em>οὐκ</em></strong></span> <span class='ocrx_word' id='word_1_218' title='bbox 3109 1349 3253 1401; x_wconf 74' lang='grc' dir='ltr'>ἔστιν</span> <span class='ocrx_word' id='word_1_219' title='bbox 3287 1350 3344 1401; x_wconf 88' lang='grc' dir='ltr'><strong><em>ἐν</em></strong></span> <span class='ocrx_word' id='word_1_220' title='bbox 3378 1347 3548 1417; x_wconf 77' lang='grc' dir='ltr'>αὐτῷ.</span> <span class='ocrx_word' id='word_1_221' title='bbox 3598 1348 3689 1401; x_wconf 70' lang='grc' dir='ltr'>Ἐν</span> 
     </span>
    </p>
   </div>
   <div class='ocr_carea' id='block_1_30' title="bbox 2175 1425 3763 1513">
    <p class='ocr_par' dir='ltr' id='par_1_30' title="bbox 2175 1425 3763 1513">
     <span class='ocr_line' id='line_1_30' title="bbox 2175 1425 3763 1513; baseline -0.003 -18"><span class='ocrx_word' id='word_1_222' title='bbox 2175 1443 2231 1495; x_wconf 84' lang='grc' dir='ltr'><strong><em>δέ</em></strong></span> <span class='ocrx_word' id='word_1_223' title='bbox 2258 1442 2483 1513; x_wconf 86' lang='grc' dir='ltr'>δύναμις</span> <span class='ocrx_word' id='word_1_224' title='bbox 2508 1443 2607 1495; x_wconf 82' lang='grc' dir='ltr'><strong><em>οὐκ</em></strong></span> <span class='ocrx_word' id='word_1_225' title='bbox 2640 1442 2814 1506; x_wconf 76' lang='grc' dir='ltr'>ἔστιν,</span> <span class='ocrx_word' id='word_1_226' title='bbox 2848 1441 2965 1494; x_wconf 79' lang='grc' dir='ltr'>οὐδὲ</span> <span class='ocrx_word' id='word_1_227' title='bbox 3002 1441 3190 1509; x_wconf 89' lang='grc' dir='ltr'>φόϐος·</span> <span class='ocrx_word' id='word_1_228' title='bbox 3228 1443 3284 1493; x_wconf 84' lang='grc' dir='ltr'><strong><em>ἐν</em></strong></span> <span class='ocrx_word' id='word_1_229' title='bbox 3393 1442 3427 1511; x_wconf 90' lang='grc' dir='ltr'><strong>ή</strong></span> <span class='ocrx_word' id='word_1_230' title='bbox 3460 1439 3696 1510; x_wconf 86' lang='grc' dir='ltr'>δύναμις</span> 
     </span>
    </p>
   </div>
   <div class='ocr_carea' id='block_1_31' title="bbox 2177 1522 3765 1603">
    <p class='ocr_par' dir='ltr' id='par_1_31' title="bbox 2177 1522 3765 1603">
     <span class='ocr_line' id='line_1_31' title="bbox 2177 1522 3765 1603; baseline -0.002 -16"><span class='ocrx_word' id='word_1_231' title='bbox 2177 1534 2403 1599; x_wconf 79' lang='grc' dir='ltr'>ἔνδοξος,</span> <span class='ocrx_word' id='word_1_232' title='bbox 2438 1535 2530 1587; x_wconf 72' lang='grc' dir='ltr'><strong><em>καὶ</em></strong></span> <span class='ocrx_word' id='word_1_233' title='bbox 2561 1536 2589 1585; x_wconf 89' lang='lat'><strong><em>6</em></strong></span> <span class='ocrx_word' id='word_1_234' title='bbox 2616 1534 2777 1603; x_wconf 89' lang='grc' dir='ltr'>φόϐος</span> <span class='ocrx_word' id='word_1_235' title='bbox 2808 1522 2868 1586; x_wconf 79' lang='grc' dir='ltr'><strong><em>ἐν</em></strong></span> <span class='ocrx_word' id='word_1_236' title='bbox 2909 1533 3081 1603; x_wconf 80' lang='grc' dir='ltr'>αὐτῷ’</span> <span class='ocrx_word' id='word_1_237' title='bbox 3137 1534 3252 1596; x_wconf 80' lang='grc' dir='ltr'><strong><em>Πᾶς</em></strong></span> <span class='ocrx_word' id='word_1_238' title='bbox 3303 1525 3410 1603; x_wconf 72' lang='grc' dir='ltr'><strong><em>γὰρ</em></strong></span> <span class='ocrx_word' id='word_1_239' title='bbox 3460 1534 3487 1584; x_wconf 88' lang='lat'><strong><em>6</em></strong></span> <span class='ocrx_word' id='word_1_240' title='bbox 3532 1532 3765 1601; x_wconf 77' lang='grc' dir='ltr'>δύναμιν</span> 
     </span>
    </p>
   </div>
   <div class='ocr_carea' id='block_1_32' title="bbox 2176 1623 3765 1696">
    <p class='ocr_par' dir='ltr' id='par_1_32' title="bbox 2176 1623 3765 1696">
     <span class='ocr_line' id='line_1_32' title="bbox 2176 1623 3765 1696; baseline -0.001 -19"><span class='ocrx_word' id='word_1_241' title='bbox 2176 1625 2343 1694; x_wconf 82' lang='grc' dir='ltr'>ἔχων,</span> <span class='ocrx_word' id='word_1_242' title='bbox 2393 1628 2486 1678; x_wconf 75' lang='grc' dir='ltr'>καὶ</span> <span class='ocrx_word' id='word_1_243' title='bbox 2518 1626 2681 1695; x_wconf 85' lang='grc' dir='ltr'>φόϐον</span> <span class='ocrx_word' id='word_1_244' title='bbox 2717 1625 2855 1694; x_wconf 76' lang='grc' dir='ltr'>ἔχει’</span> <span class='ocrx_word' id='word_1_245' title='bbox 2898 1628 2926 1678; x_wconf 86' lang='grc' dir='ltr'>ὁ</span> <span class='ocrx_word' id='word_1_246' title='bbox 2959 1626 3015 1677; x_wconf 84' lang='grc' dir='ltr'>δὲ</span> <span class='ocrx_word' id='word_1_247' title='bbox 3053 1626 3126 1696; x_wconf 84' lang='grc' dir='ltr'>μὴ</span> <span class='ocrx_word' id='word_1_248' title='bbox 3170 1625 3305 1694; x_wconf 74' lang='grc' dir='ltr'>ἔχων</span> <span class='ocrx_word' id='word_1_249' title='bbox 3352 1623 3611 1695; x_wconf 83' lang='grc' dir='ltr'>δύναμιν,</span> <span class='ocrx_word' id='word_1_250' title='bbox 3662 1624 3765 1675; x_wconf 78' lang='grc' dir='ltr'><strong><em>ὑπὸ</em></strong></span> 
     </span>
    </p>
   </div>
   <div class='ocr_carea' id='block_1_33' title="bbox 2176 1712 3767 1786">
    <p class='ocr_par' dir='ltr' id='par_1_33' title="bbox 2176 1712 3767 1786">
     <span class='ocr_line' id='line_1_33' title="bbox 2176 1712 3767 1786; baseline -0.002 -18"><span class='ocrx_word' id='word_1_251' title='bbox 2176 1716 2394 1769; x_wconf 88' lang='grc' dir='ltr'>πάντων</span> <span class='ocrx_word' id='word_1_252' title='bbox 2420 1718 2858 1786; x_wconf 85' lang='grc' dir='ltr'>καταφρονεῖται.</span> <span class='ocrx_word' id='word_1_253' title='bbox 2884 1713 3150 1783; x_wconf 80' lang='grc' dir='ltr'>Φοϐήθητι</span> <span class='ocrx_word' id='word_1_254' title='bbox 3177 1714 3233 1767; x_wconf 82' lang='grc' dir='ltr'><strong><em>δέ</em></strong></span> <span class='ocrx_word' id='word_1_255' title='bbox 3257 1714 3326 1765; x_wconf 81' lang='grc' dir='ltr'>τὰ</span> <span class='ocrx_word' id='word_1_256' title='bbox 3356 1712 3493 1783; x_wconf 75' lang='grc' dir='ltr'>ἔργα</span> <span class='ocrx_word' id='word_1_257' title='bbox 3525 1713 3622 1765; x_wconf 76' lang='grc' dir='ltr'>τοῦ</span> <span class='ocrx_word' id='word_1_258' title='bbox 3651 1714 3767 1765; x_wconf 84' lang='grc' dir='ltr'>δια-</span> 
     </span>
    </p>
   </div>
   <div class='ocr_carea' id='block_1_34' title="bbox 2177 1804 3761 1877">
    <p class='ocr_par' dir='ltr' id='par_1_34' title="bbox 2177 1804 3761 1877">
     <span class='ocr_line' id='line_1_34' title="bbox 2177 1804 3761 1877; baseline -0.001 -19"><span class='ocrx_word' id='word_1_259' title='bbox 2177 1807 2331 1860; x_wconf 88' lang='grc' dir='ltr'>ϐόλου</span> <span class='ocrx_word' id='word_1_260' title='bbox 2357 1847 2371 1872; x_wconf 93' lang='grc'>,</span> <span class='ocrx_word' id='word_1_261' title='bbox 2423 1808 2504 1859; x_wconf 79' lang='grc' dir='ltr'>ὅτι</span> <span class='ocrx_word' id='word_1_262' title='bbox 2538 1807 2747 1877; x_wconf 84' lang='grc' dir='ltr'>πονηρά</span> <span class='ocrx_word' id='word_1_263' title='bbox 2781 1807 2905 1857; x_wconf 81' lang='grc' dir='ltr'>εἰσι.</span> <span class='ocrx_word' id='word_1_264' title='bbox 2942 1805 3276 1875; x_wconf 82' lang='grc' dir='ltr'>Φοϐούμενος</span> <span class='ocrx_word' id='word_1_265' title='bbox 3306 1805 3361 1857; x_wconf 78' lang='grc' dir='ltr'>δὲ</span> <span class='ocrx_word' id='word_1_266' title='bbox 3392 1806 3484 1857; x_wconf 81' lang='grc' dir='ltr'><strong><em>τὸν</em></strong></span> <span class='ocrx_word' id='word_1_267' title='bbox 3516 1804 3727 1876; x_wconf 80' lang='grc' dir='ltr'>Κύριον</span> <span class='ocrx_word' id='word_1_268' title='bbox 3748 1846 3761 1867; x_wconf 92' lang='grc'><strong><em>,</em></strong></span> 
     </span>
    </p>
   </div>
   <div class='ocr_carea' id='block_1_35' title="bbox 2175 1896 3763 1971">
    <p class='ocr_par' dir='ltr' id='par_1_35' title="bbox 2175 1896 3763 1971">
     <span class='ocr_line' id='line_1_35' title="bbox 2175 1896 3763 1971; baseline -0.001 -20"><span class='ocrx_word' id='word_1_269' title='bbox 2175 1899 2237 1951; x_wconf 84' lang='grc' dir='ltr'><strong><em>οὺ</em></strong></span> <span class='ocrx_word' id='word_1_270' title='bbox 2270 1899 2551 1971; x_wconf 82' lang='grc' dir='ltr'>φοϐηθήσῃ</span> <span class='ocrx_word' id='word_1_271' title='bbox 2577 1897 2646 1950; x_wconf 85' lang='grc' dir='ltr'>τὰ</span> <span class='ocrx_word' id='word_1_272' title='bbox 2677 1898 2813 1969; x_wconf 81' lang='grc' dir='ltr'>ἔργα</span> <span class='ocrx_word' id='word_1_273' title='bbox 2845 1896 2939 1950; x_wconf 79' lang='grc' dir='ltr'>τοῦ</span> <span class='ocrx_word' id='word_1_274' title='bbox 2972 1896 3247 1961; x_wconf 86' lang='grc' dir='ltr'>διαϐόλου,</span> <span class='ocrx_word' id='word_1_275' title='bbox 3286 1897 3382 1950; x_wconf 74' lang='grc' dir='ltr'><strong><em>καὶ</em></strong></span> <span class='ocrx_word' id='word_1_276' title='bbox 3417 1896 3517 1948; x_wconf 83' lang='grc' dir='ltr'><strong><em>οὑκ</em></strong></span> <span class='ocrx_word' id='word_1_277' title='bbox 3550 1897 3763 1967; x_wconf 70' lang='grc' dir='ltr'>ὲρίάσῃ</span> 
     </span>
    </p>
   </div>
   <div class='ocr_carea' id='block_1_36' title="bbox 2176 1983 3764 2063">
    <p class='ocr_par' dir='ltr' id='par_1_36' title="bbox 2176 1983 3764 2063">
     <span class='ocr_line' id='line_1_36' title="bbox 2176 1983 3764 2063; baseline -0.004 -19"><span class='ocrx_word' id='word_1_278' title='bbox 2176 1992 2343 2044; x_wconf 84' lang='grc' dir='ltr'>αὑτά·</span> <span class='ocrx_word' id='word_1_279' title='bbox 2382 1990 2516 2044; x_wconf 84' lang='grc' dir='ltr'>ἀλλὰ</span> <span class='ocrx_word' id='word_1_280' title='bbox 2550 1990 2722 2063; x_wconf 79' lang='grc' dir='ltr'>φεύξῃ</span> <span class='ocrx_word' id='word_1_281' title='bbox 2774 1990 2866 2042; x_wconf 78' lang='grc' dir='ltr'><strong><em>ἀπ’</em></strong></span> <span class='ocrx_word' id='word_1_282' title='bbox 2902 1988 3100 2041; x_wconf 85' lang='grc' dir='ltr'>αὐτῶν.</span> <span class='ocrx_word' id='word_1_283' title='bbox 3153 1988 3335 2040; x_wconf 75' lang='grc' dir='ltr'>Δισσοὶ</span> <span class='ocrx_word' id='word_1_284' title='bbox 3382 1983 3475 2040; x_wconf 80' lang='grc' dir='ltr'>οὖν</span> <span class='ocrx_word' id='word_1_285' title='bbox 3529 1989 3671 2040; x_wconf 82' lang='grc' dir='ltr'>εἰσιν</span> <span class='ocrx_word' id='word_1_286' title='bbox 3718 1987 3764 2039; x_wconf 87' lang='grc' dir='ltr'><strong><em>οί</em></strong></span> 
     </span>
    </p>
   </div>
   <div class='ocr_carea' id='block_1_37' title="bbox 497 2072 2091 2153">
    <p class='ocr_par' dir='ltr' id='par_1_37' title="bbox 497 2072 2073 2141">
     <span class='ocr_line' id='line_1_37' title="bbox 497 2072 2073 2141; baseline 0 -18"><span class='ocrx_word' id='word_1_287' title='bbox 497 2075 729 2137; x_wconf 86' lang='lat' dir='ltr'><strong><em>minum,</em></strong></span> <span class='ocrx_word' id='word_1_288' title='bbox 776 2080 825 2125; x_wconf 86' lang='lat' dir='ltr'><strong><em>et</em></strong></span> <span class='ocrx_word' id='word_1_289' title='bbox 872 2072 927 2124; x_wconf 85' lang='lat' dir='ltr'><strong><em>id</em></strong></span> <span class='ocrx_word' id='word_1_290' title='bbox 974 2088 1079 2125; x_wconf 86' lang='lat' dir='ltr'><strong><em>non</em></strong></span> <span class='ocrx_word' id='word_1_291' title='bbox 1111 2072 1295 2141; x_wconf 78' lang='lat' dir='ltr'><strong><em>facies.</em></strong></span> <span class='ocrx_word' id='word_1_292' title='bbox 1346 2072 1405 2127; x_wconf 88' lang='lat' dir='ltr'><strong><em>Si</em></strong></span> <span class='ocrx_word' id='word_1_293' title='bbox 1452 2084 1625 2126; x_wconf 88' lang='lat' dir='ltr'><strong><em>autem</em></strong></span> <span class='ocrx_word' id='word_1_294' title='bbox 1675 2073 1847 2125; x_wconf 88' lang='lat' dir='ltr'><strong><em>adhuc</em></strong></span> <span class='ocrx_word' id='word_1_295' title='bbox 1880 2072 2073 2124; x_wconf 90' lang='lat' dir='ltr'><strong><em>bonum</em></strong></span> 
     </span>
    </p>
   </div>
   <div class='ocr_carea' id='block_1_38' title="bbox 2192 2072 3765 2153">
    <p class='ocr_par' dir='ltr' id='par_1_38' title="bbox 2192 2077 3765 2153">
     <span class='ocr_line' id='line_1_38' title="bbox 2192 2077 3765 2153; baseline -0.003 -18"><span class='ocrx_word' id='word_1_296' title='bbox 2192 2082 2350 2152; x_wconf 77' lang='grc' dir='ltr'>ρόϐοι.</span> <span class='ocrx_word' id='word_1_297' title='bbox 2388 2082 2451 2135; x_wconf 81' lang='lat' dir='ltr'><strong><em>Ei</em></strong></span> <span class='ocrx_word' id='word_1_298' title='bbox 2494 2083 2555 2133; x_wconf 83' lang='grc' dir='ltr'><strong><em>οὑ</em></strong></span> <span class='ocrx_word' id='word_1_299' title='bbox 2599 2080 2762 2153; x_wconf 78' lang='grc' dir='ltr'>θέλῃς</span> <span class='ocrx_word' id='word_1_300' title='bbox 2808 2079 2869 2133; x_wconf 81' lang='grc' dir='ltr'><strong><em>τὸ</em></strong></span> <span class='ocrx_word' id='word_1_301' title='bbox 2916 2079 3151 2151; x_wconf 85' lang='grc' dir='ltr'>πονηρὸν</span> <span class='ocrx_word' id='word_1_302' title='bbox 3202 2077 3551 2149; x_wconf 80' lang='grc' dir='ltr'>ἐργάζεσθαι,</span> <span class='ocrx_word' id='word_1_303' title='bbox 3595 2078 3765 2147; x_wconf 75' lang='grc' dir='ltr'>φοϐη-</span> 
     </span>
    </p>
   </div>
   <div class='ocr_carea' id='block_1_39' title="bbox 497 2159 2091 2245">
    <p class='ocr_par' dir='ltr' id='par_1_39' title="bbox 497 2159 2078 2231">
     <span class='ocr_line' id='line_1_39' title="bbox 497 2159 2078 2231; baseline 0 -18"><span class='ocrx_word' id='word_1_304' title='bbox 497 2161 707 2228; x_wconf 76' lang='lat' dir='ltr'><strong><em>operari</em></strong></span> <span class='ocrx_word' id='word_1_305' title='bbox 730 2162 973 2225; x_wconf 81' lang='lat' dir='ltr'><strong><em>volueris,</em></strong></span> <span class='ocrx_word' id='word_1_306' title='bbox 1001 2162 1123 2215; x_wconf 83' lang='lat' dir='ltr'><strong><em>time</em></strong></span> <span class='ocrx_word' id='word_1_307' title='bbox 1146 2162 1429 2215; x_wconf 89' lang='lat' dir='ltr'><strong><em>Dominum</em></strong></span> <span class='ocrx_word' id='word_1_308' title='bbox 1456 2172 1504 2215; x_wconf 90' lang='lat' dir='ltr'><strong><em>et</em></strong></span> <span class='ocrx_word' id='word_1_309' title='bbox 1528 2160 1691 2231; x_wconf 80' lang='lat' dir='ltr'><strong><em>facies</em></strong></span> <span class='ocrx_word' id='word_1_310' title='bbox 1718 2162 1872 2215; x_wconf 83' lang='lat' dir='ltr'><strong><em>illud.</em></strong></span> <span class='ocrx_word' id='word_1_311' title='bbox 1897 2159 2078 2213; x_wconf 89' lang='lat' dir='ltr'><strong><em>Timor</em></strong></span> 
     </span>
    </p>
   </div>
   <div class='ocr_carea' id='block_1_40' title="bbox 2192 2159 3763 2245">
    <p class='ocr_par' dir='ltr' id='par_1_40' title="bbox 2192 2168 3763 2245">
     <span class='ocr_line' id='line_1_40' title="bbox 2192 2168 3763 2245; baseline -0.006 -17"><span class='ocrx_word' id='word_1_312' title='bbox 2192 2175 2302 2245; x_wconf 72' lang='grc' dir='ltr'>ὶητι</span> <span class='ocrx_word' id='word_1_313' title='bbox 2324 2174 2412 2227; x_wconf 84' lang='grc' dir='ltr'><strong><em>τὸν</em></strong></span> <span class='ocrx_word' id='word_1_314' title='bbox 2445 2172 2669 2244; x_wconf 85' lang='grc' dir='ltr'>Κύριον,</span> <span class='ocrx_word' id='word_1_315' title='bbox 2700 2174 2794 2225; x_wconf 79' lang='grc' dir='ltr'><strong><em>καὶ</em></strong></span> <span class='ocrx_word' id='word_1_316' title='bbox 2827 2173 2925 2225; x_wconf 82' lang='grc' dir='ltr'><strong><em>οὐκ</em></strong></span> <span class='ocrx_word' id='word_1_317' title='bbox 2952 2170 3160 2243; x_wconf 74' lang='grc' dir='ltr'>ἐργάζῃ</span> <span class='ocrx_word' id='word_1_318' title='bbox 3184 2170 3331 2223; x_wconf 78' lang='grc' dir='ltr'>αὐτό.</span> <span class='ocrx_word' id='word_1_319' title='bbox 3371 2169 3497 2221; x_wconf 77' lang='grc' dir='ltr'><strong><em>Ἐὰν</em></strong></span> <span class='ocrx_word' id='word_1_320' title='bbox 3522 2170 3579 2223; x_wconf 83' lang='grc' dir='ltr'>δὲ</span> <span class='ocrx_word' id='word_1_321' title='bbox 3604 2168 3763 2239; x_wconf 76' lang='grc' dir='ltr'>θέλῃς</span> 
     </span>
    </p>
   </div>
   <div class='ocr_carea' id='block_1_41' title="bbox 498 2252 2076 2323">
    <p class='ocr_par' dir='ltr' id='par_1_41' title="bbox 498 2252 2076 2323">
     <span class='ocr_line' id='line_1_41' title="bbox 498 2252 2076 2323; baseline 0 -18"><span class='ocrx_word' id='word_1_322' title='bbox 498 2254 681 2321; x_wconf 86' lang='lat' dir='ltr'><strong><em>itaque</em></strong></span> <span class='ocrx_word' id='word_1_323' title='bbox 714 2252 931 2306; x_wconf 88' lang='lat' dir='ltr'><strong><em>Domini</em></strong></span> <span class='ocrx_word' id='word_1_324' title='bbox 962 2255 1168 2307; x_wconf 84' lang='lat' dir='ltr'><strong><em>validus</em></strong></span> <span class='ocrx_word' id='word_1_325' title='bbox 1191 2266 1239 2307; x_wconf 89' lang='lat' dir='ltr'><strong><em>et</em></strong></span> <span class='ocrx_word' id='word_1_326' title='bbox 1272 2254 1533 2323; x_wconf 84' lang='lat' dir='ltr'><strong><em>gloriosus</em></strong></span> <span class='ocrx_word' id='word_1_327' title='bbox 1560 2264 1657 2309; x_wconf 83' lang='lat' dir='ltr'><strong><em>est.</em></strong></span> <span class='ocrx_word' id='word_1_328' title='bbox 1686 2254 1755 2307; x_wconf 87' lang='lat' dir='ltr'><strong><em>Et</em></strong></span> <span class='ocrx_word' id='word_1_329' title='bbox 1784 2255 2076 2323; x_wconf 88' lang='lat' dir='ltr'><strong><em>quicunque</em></strong></span> 
     </span>
    </p>
   </div>
   <div class='ocr_carea' id='block_1_42' title="bbox 2176 2260 3761 2335">
    <p class='ocr_par' dir='ltr' id='par_1_42' title="bbox 2176 2260 3761 2335">
     <span class='ocr_line' id='line_1_42' title="bbox 2176 2260 3761 2335; baseline -0.005 -17"><span class='ocrx_word' id='word_1_330' title='bbox 2176 2265 2336 2319; x_wconf 87' lang='grc' dir='ltr'>πάλιν</span> <span class='ocrx_word' id='word_1_331' title='bbox 2368 2265 2429 2317; x_wconf 85' lang='grc' dir='ltr'><strong><em>τὸ</em></strong></span> <span class='ocrx_word' id='word_1_332' title='bbox 2462 2264 2665 2332; x_wconf 82' lang='grc' dir='ltr'>ἀγαθὸν</span> <span class='ocrx_word' id='word_1_333' title='bbox 2696 2263 3067 2335; x_wconf 80' lang='grc' dir='ltr'>ἐργάσασθαι,</span> <span class='ocrx_word' id='word_1_334' title='bbox 3114 2261 3377 2332; x_wconf 78' lang='grc' dir='ltr'>φοϐήθητι</span> <span class='ocrx_word' id='word_1_335' title='bbox 3408 2261 3500 2313; x_wconf 84' lang='grc' dir='ltr'><strong><em>τὸν</em></strong></span> <span class='ocrx_word' id='word_1_336' title='bbox 3533 2260 3761 2330; x_wconf 84' lang='grc' dir='ltr'>Κύριον,</span> 
     </span>
    </p>
   </div>
   <div class='ocr_carea' id='block_1_43' title="bbox 495 2343 2091 2449">
    <p class='ocr_par' dir='ltr' id='par_1_43' title="bbox 495 2343 2087 2449">
     <span class='ocr_line' id='line_1_43' title="bbox 495 2343 2073 2415; baseline 0 -18"><span class='ocrx_word' id='word_1_337' title='bbox 495 2360 615 2397; x_wconf 88' lang='lat' dir='ltr'><strong><em>eum</em></strong></span> <span class='ocrx_word' id='word_1_338' title='bbox 656 2343 956 2414; x_wconf 72' lang='lat' dir='ltr'><strong><em>inetuerint,</em></strong></span> <span class='ocrx_word' id='word_1_339' title='bbox 990 2356 1039 2400; x_wconf 89' lang='lat' dir='ltr'><strong><em>et</em></strong></span> <span class='ocrx_word' id='word_1_340' title='bbox 1075 2346 1418 2399; x_wconf 84' lang='lat' dir='ltr'><strong><em>custodierint</em></strong></span> <span class='ocrx_word' id='word_1_341' title='bbox 1450 2348 1705 2400; x_wconf 88' lang='lat' dir='ltr'><strong><em>mandata</em></strong></span> <span class='ocrx_word' id='word_1_342' title='bbox 1733 2347 1880 2415; x_wconf 84' lang='lat' dir='ltr'><strong><em>ejus,</em></strong></span> <span class='ocrx_word' id='word_1_343' title='bbox 1907 2346 2073 2398; x_wconf 84' lang='lat' dir='ltr'><strong><em>vivent</em></strong></span> 
     </span>
     <span class='ocr_line' id='line_1_44' title="bbox 506 2429 2087 2449; baseline -0.003 4"><span class='ocrx_word' id='word_1_344' title='bbox 506 2429 546 2449; x_wconf 63' lang='grc' dir='ltr'><em>Ἃ</em></span> <span class='ocrx_word' id='word_1_345' title='bbox 2082 2436 2087 2449; x_wconf 55' lang='grc' dir='ltr'><strong>Α</strong></span> 
     </span>
    </p>
   </div>
   <div class='ocr_carea' id='block_1_44' title="bbox 2192 2343 3763 2449">
    <p class='ocr_par' dir='ltr' id='par_1_44' title="bbox 2192 2352 3763 2430">
     <span class='ocr_line' id='line_1_45' title="bbox 2192 2352 3763 2430; baseline -0.005 -20"><span class='ocrx_word' id='word_1_346' title='bbox 2192 2358 2270 2410; x_wconf 69' lang='grc' dir='ltr'>ια).</span> <span class='ocrx_word' id='word_1_347' title='bbox 2302 2355 2512 2430; x_wconf 78' lang='grc' dir='ltr'>ἐργάζῃ</span> <span class='ocrx_word' id='word_1_348' title='bbox 2537 2355 2685 2409; x_wconf 83' lang='grc' dir='ltr'>αὐτό.</span> <span class='ocrx_word' id='word_1_349' title='bbox 2716 2356 2878 2421; x_wconf 55' lang='lat' dir='ltr'><strong><em>We</em></strong></span> <span class='ocrx_word' id='word_1_350' title='bbox 2902 2355 2929 2406; x_wconf 87' lang='lat'><strong><em>6</em></strong></span> <span class='ocrx_word' id='word_1_351' title='bbox 2973 2353 3135 2423; x_wconf 87' lang='grc' dir='ltr'>φόϐος</span> <span class='ocrx_word' id='word_1_352' title='bbox 3166 2352 3262 2404; x_wconf 77' lang='grc' dir='ltr'>τοῦ</span> <span class='ocrx_word' id='word_1_353' title='bbox 3297 2353 3502 2422; x_wconf 85' lang='grc' dir='ltr'>Κυρίου</span> <span class='ocrx_word' id='word_1_354' title='bbox 3542 2352 3763 2422; x_wconf 84' lang='grc' dir='ltr'>ἰσχυρό-</span> 
     </span>
    </p>
   </div>
   <div class='ocr_carea' id='block_1_45' title="bbox 497 2429 628 2489">
    <p class='ocr_par' dir='ltr' id='par_1_45' title="bbox 497 2429 628 2489">
     <span class='ocr_line' id='line_1_46' title="bbox 497 2429 628 2489; baseline 0.023 -3"><span class='ocrx_word' id='word_1_355' title='bbox 497 2429 628 2489; x_wconf 89' lang='lat' dir='ltr'><strong><em>Deo.</em></strong></span> 
     </span>
    </p>
   </div>
   <div class='ocr_carea' id='block_1_46' title="bbox 2080 2442 3762 2519">
    <p class='ocr_par' dir='ltr' id='par_1_46' title="bbox 2080 2442 3762 2519">
     <span class='ocr_line' id='line_1_47' title="bbox 2080 2442 3762 2519; baseline -0.004 -18"><span class='ocrx_word' id='word_1_356' title='bbox 2080 2442 2117 2473; x_wconf 47' lang='grc' dir='ltr'><strong><em>θ’</em></strong></span> <span class='ocrx_word' id='word_1_357' title='bbox 2171 2446 2331 2519; x_wconf 85' lang='grc' dir='ltr'>τερός</span> <span class='ocrx_word' id='word_1_358' title='bbox 2362 2448 2509 2512; x_wconf 88' lang='grc' dir='ltr'>ἐστι,</span> <span class='ocrx_word' id='word_1_359' title='bbox 2544 2447 2637 2499; x_wconf 72' lang='grc' dir='ltr'><strong><em>καὶ</em></strong></span> <span class='ocrx_word' id='word_1_360' title='bbox 2670 2444 2898 2511; x_wconf 73' lang='grc' dir='ltr'>ἔνδοξος.</span> <span class='ocrx_word' id='word_1_361' title='bbox 2933 2445 3043 2497; x_wconf 71' lang='grc' dir='ltr'><strong><em>Καὶ</em></strong></span> <span class='ocrx_word' id='word_1_362' title='bbox 3074 2445 3189 2497; x_wconf 85' lang='grc' dir='ltr'>ὅσοι</span> <span class='ocrx_word' id='word_1_363' title='bbox 3223 2443 3287 2495; x_wconf 87' lang='grc' dir='ltr'>ἂν</span> <span class='ocrx_word' id='word_1_364' title='bbox 3322 2442 3633 2513; x_wconf 75' lang='grc' dir='ltr'>φοϐηθῶσιν</span> <span class='ocrx_word' id='word_1_365' title='bbox 3666 2442 3762 2495; x_wconf 81' lang='grc' dir='ltr'>αὐ-</span> 
     </span>
    </p>
   </div>
   <div class='ocr_carea' id='block_1_47' title="bbox 2171 2532 3765 2609">
    <p class='ocr_par' dir='ltr' id='par_1_47' title="bbox 2171 2532 3765 2609">
     <span class='ocr_line' id='line_1_48' title="bbox 2171 2532 3765 2609; baseline -0.005 -17"><span class='ocrx_word' id='word_1_366' title='bbox 2171 2537 2263 2591; x_wconf 86' lang='grc' dir='ltr'><strong><em>τὸν</em></strong></span> <span class='ocrx_word' id='word_1_367' title='bbox 2288 2579 2303 2603; x_wconf 94' lang='grc'>,</span> <span class='ocrx_word' id='word_1_368' title='bbox 2340 2538 2433 2592; x_wconf 57' lang='grc' dir='ltr'><strong><em>καὶ¹</em></strong></span> <span class='ocrx_word' id='word_1_369' title='bbox 2464 2538 2747 2609; x_wconf 81' lang='grc' dir='ltr'>τηρήσωσι</span> <span class='ocrx_word' id='word_1_370' title='bbox 2787 2536 2889 2599; x_wconf 84' lang='grc' dir='ltr'>τὰς</span> <span class='ocrx_word' id='word_1_371' title='bbox 2921 2534 3140 2598; x_wconf 84' lang='grc' dir='ltr'>ἐντολὰς</span> <span class='ocrx_word' id='word_1_372' title='bbox 3171 2533 3361 2596; x_wconf 74' lang='grc' dir='ltr'>αὐτοῦ,</span> <span class='ocrx_word' id='word_1_373' title='bbox 3399 2532 3655 2604; x_wconf 78' lang='grc' dir='ltr'>ζήσονται</span> <span class='ocrx_word' id='word_1_374' title='bbox 3688 2534 3765 2603; x_wconf 75' lang='grc' dir='ltr'>τῷ</span> 
     </span>
    </p>
   </div>
   <div class='ocr_carea' id='block_1_48' title="bbox 2172 2631 2311 2703">
    <p class='ocr_par' dir='ltr' id='par_1_48' title="bbox 2172 2631 2311 2703">
     <span class='ocr_line' id='line_1_49' title="bbox 2172 2631 2311 2703; baseline -0.007 -17"><span class='ocrx_word' id='word_1_375' title='bbox 2172 2631 2311 2703; x_wconf 85' lang='grc' dir='ltr'>Θεῷ.</span> 
     </span>
    </p>
   </div>
   <div class='ocr_carea' id='block_1_49' title="bbox 1790 2783 2467 2852">
    <p class='ocr_par' dir='ltr' id='par_1_49' title="bbox 1790 2783 2467 2852">
     <span class='ocr_line' id='line_1_50' title="bbox 1790 2783 2467 2852; baseline 0 -1"><span class='ocrx_word' id='word_1_376' title='bbox 1790 2783 2252 2852; x_wconf 80' lang='lat' dir='ltr'><strong><em>MANDATUM</em></strong></span> <span class='ocrx_word' id='word_1_377' title='bbox 2297 2790 2467 2851; x_wconf 85' lang='lat' dir='ltr'><strong>VIII.</strong></span> 
     </span>
    </p>
   </div>
   <div class='ocr_carea' id='block_1_50' title="bbox 1408 2907 2898 2992">
    <p class='ocr_par' dir='ltr' id='par_1_50' title="bbox 1408 2907 2898 2992">
     <span class='ocr_line' id='line_1_51' title="bbox 1408 2907 2898 2992; baseline 0.004 -21"><span class='ocrx_word' id='word_1_378' title='bbox 1408 2907 1863 2973; x_wconf 83' lang='lat' dir='ltr'><strong><em>Deelinandum</em></strong></span> <span class='ocrx_word' id='word_1_379' title='bbox 1894 2923 1984 2975; x_wconf 83' lang='lat' dir='ltr'><strong><em>est</em></strong></span> <span class='ocrx_word' id='word_1_380' title='bbox 2015 2933 2053 2972; x_wconf 91' lang='lat' dir='ltr'><strong><em>a</em></strong></span> <span class='ocrx_word' id='word_1_381' title='bbox 2082 2913 2268 2987; x_wconf 85' lang='lat' dir='ltr'><strong><em>malo,</em></strong></span> <span class='ocrx_word' id='word_1_382' title='bbox 2301 2923 2359 2973; x_wconf 84' lang='lat' dir='ltr'><strong><em>et</em></strong></span> <span class='ocrx_word' id='word_1_383' title='bbox 2392 2911 2684 2992; x_wconf 80' lang='lat' dir='ltr'><strong><em>facienda</em></strong></span> <span class='ocrx_word' id='word_1_384' title='bbox 2715 2912 2898 2977; x_wconf 88' lang='lat' dir='ltr'><strong><em>bona.</em></strong></span> 
     </span>
    </p>
   </div>
   <div class='ocr_carea' id='block_1_51' title="bbox 566 3030 2067 3107">
    <p class='ocr_par' dir='ltr' id='par_1_51' title="bbox 566 3030 2067 3107">
     <span class='ocr_line' id='line_1_52' title="bbox 566 3030 2067 3107; baseline 0.003 -20"><span class='ocrx_word' id='word_1_385' title='bbox 566 3030 686 3088; x_wconf 82' lang='lat' dir='ltr'><strong><em>Dixi</em></strong></span> <span class='ocrx_word' id='word_1_386' title='bbox 717 3033 845 3099; x_wconf 91' lang='lat' dir='ltr'><strong><em>tibi,</em></strong></span> <span class='ocrx_word' id='word_1_387' title='bbox 879 3034 1077 3104; x_wconf 85' lang='lat' dir='ltr'><strong><em>inquit,</em></strong></span> <span class='ocrx_word' id='word_1_388' title='bbox 1109 3037 1257 3106; x_wconf 92' lang='lat' dir='ltr'><strong><em>quod</em></strong></span> <span class='ocrx_word' id='word_1_389' title='bbox 1288 3045 1553 3092; x_wconf 67' lang='lat' dir='ltr'><strong><em>creatura:</em></strong></span> <span class='ocrx_word' id='word_1_390' title='bbox 1576 3037 1688 3107; x_wconf 74' lang='grc'>(14)</span> <span class='ocrx_word' id='word_1_391' title='bbox 1720 3037 1935 3092; x_wconf 86' lang='lat' dir='ltr'><strong><em>Domini</em></strong></span> <span class='ocrx_word' id='word_1_392' title='bbox 1964 3037 2067 3092; x_wconf 83' lang='lat' dir='ltr'><strong><em>du-</em></strong></span> 
     </span>
    </p>
   </div>
   <div class='ocr_carea' id='block_1_52' title="bbox 491 3124 2063 3197">
    <p class='ocr_par' dir='ltr' id='par_1_52' title="bbox 491 3124 2063 3197">
     <span class='ocr_line' id='line_1_53' title="bbox 491 3124 2063 3197; baseline 0.004 -22"><span class='ocrx_word' id='word_1_393' title='bbox 491 3124 660 3191; x_wconf 86' lang='lat' dir='ltr'><strong><em>plices</em></strong></span> <span class='ocrx_word' id='word_1_394' title='bbox 690 3133 838 3186; x_wconf 90' lang='lat' dir='ltr'><strong><em>sunt,</em></strong></span> <span class='ocrx_word' id='word_1_395' title='bbox 868 3134 922 3179; x_wconf 89' lang='lat' dir='ltr'><strong><em>et</em></strong></span> <span class='ocrx_word' id='word_1_396' title='bbox 948 3126 1275 3181; x_wconf 80' lang='lat' dir='ltr'><strong><em>abstinentia</em></strong></span> <span class='ocrx_word' id='word_1_397' title='bbox 1305 3128 1504 3197; x_wconf 87' lang='lat' dir='ltr'><strong><em>duplex</em></strong></span> <span class='ocrx_word' id='word_1_398' title='bbox 1529 3136 1631 3182; x_wconf 91' lang='lat' dir='ltr'><strong><em>est.</em></strong></span> <span class='ocrx_word' id='word_1_399' title='bbox 1665 3128 1710 3180; x_wconf 81' lang='grc' dir='ltr'>Α</span> <span class='ocrx_word' id='word_1_400' title='bbox 1737 3129 2063 3197; x_wconf 87' lang='lat' dir='ltr'><strong><em>quibusdam</em></strong></span> 
     </span>
    </p>
   </div>
   <div class='ocr_carea' id='block_1_53' title="bbox 491 3215 2061 3288">
    <p class='ocr_par' dir='ltr' id='par_1_53' title="bbox 491 3215 2061 3288">
     <span class='ocr_line' id='line_1_54' title="bbox 491 3215 2061 3288; baseline 0.004 -21"><span class='ocrx_word' id='word_1_401' title='bbox 491 3230 622 3285; x_wconf 84' lang='lat' dir='ltr'><strong><em>ergo</em></strong></span> <span class='ocrx_word' id='word_1_402' title='bbox 681 3215 955 3270; x_wconf 88' lang='lat' dir='ltr'><strong><em>abstinere</em></strong></span> <span class='ocrx_word' id='word_1_403' title='bbox 1001 3227 1246 3287; x_wconf 87' lang='lat' dir='ltr'><strong><em>oportet,</em></strong></span> <span class='ocrx_word' id='word_1_404' title='bbox 1298 3235 1329 3273; x_wconf 89' lang='lat' dir='ltr'><strong><em>a</em></strong></span> <span class='ocrx_word' id='word_1_405' title='bbox 1377 3219 1703 3288; x_wconf 86' lang='lat' dir='ltr'><strong><em>quibusdam</em></strong></span> <span class='ocrx_word' id='word_1_406' title='bbox 1752 3236 1881 3273; x_wconf 73' lang='lat' dir='ltr'><strong><em>vero</em></strong></span> <span class='ocrx_word' id='word_1_407' title='bbox 1931 3236 2061 3274; x_wconf 92' lang='lat' dir='ltr'><strong><em>non.</em></strong></span> 
     </span>
    </p>
   </div>
   <div class='ocr_carea' id='block_1_54' title="bbox 493 3302 2065 3379">
    <p class='ocr_par' dir='ltr' id='par_1_54' title="bbox 493 3302 2065 3379">
     <span class='ocr_line' id='line_1_55' title="bbox 493 3302 2065 3379; baseline 0.004 -21"><span class='ocrx_word' id='word_1_408' title='bbox 493 3302 802 3367; x_wconf 65' lang='lat' dir='ltr'><strong><em>Manifesta,</em></strong></span> <span class='ocrx_word' id='word_1_409' title='bbox 838 3306 1062 3376; x_wconf 86' lang='lat' dir='ltr'><strong><em>inquam</em></strong></span> <span class='ocrx_word' id='word_1_410' title='bbox 1090 3348 1105 3374; x_wconf 97' lang='lat'><strong><em>,</em></strong></span> <span class='ocrx_word' id='word_1_411' title='bbox 1134 3310 1290 3376; x_wconf 90' lang='lat' dir='ltr'><strong><em>mihi,</em></strong></span> <span class='ocrx_word' id='word_1_412' title='bbox 1329 3310 1567 3375; x_wconf 87' lang='lat' dir='ltr'><strong><em>domine,</em></strong></span> <span class='ocrx_word' id='word_1_413' title='bbox 1598 3326 1628 3363; x_wconf 91' lang='lat' dir='ltr'><strong><em>a</em></strong></span> <span class='ocrx_word' id='word_1_414' title='bbox 1663 3311 1863 3379; x_wconf 89' lang='lat' dir='ltr'><strong><em>quibus</em></strong></span> <span class='ocrx_word' id='word_1_415' title='bbox 1892 3311 2065 3365; x_wconf 87' lang='lat' dir='ltr'><strong><em>absti—</em></strong></span> 
     </span>
    </p>
   </div>
   <div class='ocr_carea' id='block_1_55' title="bbox 490 3400 2069 3471">
    <p class='ocr_par' dir='ltr' id='par_1_55' title="bbox 490 3400 2069 3471">
     <span class='ocr_line' id='line_1_56' title="bbox 490 3400 2069 3471; baseline 0.004 -20"><span class='ocrx_word' id='word_1_416' title='bbox 490 3412 620 3451; x_wconf 86' lang='lat' dir='ltr'><strong><em>nere</em></strong></span> <span class='ocrx_word' id='word_1_417' title='bbox 651 3406 882 3466; x_wconf 75' lang='lat' dir='ltr'><strong><em>oportet,</em></strong></span> <span class='ocrx_word' id='word_1_418' title='bbox 908 3407 960 3452; x_wconf 90' lang='lat' dir='ltr'><strong><em>et</em></strong></span> <span class='ocrx_word' id='word_1_419' title='bbox 984 3415 1012 3452; x_wconf 87' lang='lat' dir='ltr'><strong><em>a</em></strong></span> <span class='ocrx_word' id='word_1_420' title='bbox 1042 3400 1240 3468; x_wconf 89' lang='lat' dir='ltr'><strong><em>quibus</em></strong></span> <span class='ocrx_word' id='word_1_421' title='bbox 1267 3417 1397 3458; x_wconf 92' lang='lat' dir='ltr'><strong><em>non.</em></strong></span> <span class='ocrx_word' id='word_1_422' title='bbox 1422 3401 1584 3467; x_wconf 85' lang='lat' dir='ltr'><strong><em>Audi,</em></strong></span> <span class='ocrx_word' id='word_1_423' title='bbox 1610 3402 1785 3471; x_wconf 82' lang='lat' dir='ltr'><strong><em>inquit</em></strong></span> <span class='ocrx_word' id='word_1_424' title='bbox 1812 3425 1822 3458; x_wconf 93' lang='lat'><strong><em>:</em></strong></span> <span class='ocrx_word' id='word_1_425' title='bbox 1852 3403 1899 3457; x_wconf 80' lang='grc' dir='ltr'><strong>Α</strong></span> <span class='ocrx_word' id='word_1_426' title='bbox 1922 3404 2069 3457; x_wconf 90' lang='lat' dir='ltr'><strong><em>malo</em></strong></span> 
     </span>
    </p>
   </div>
   <div class='ocr_carea' id='block_1_56' title="bbox 493 3488 2069 3555">
    <p class='ocr_par' dir='ltr' id='par_1_56' title="bbox 493 3488 2069 3555">
     <span class='ocr_line' id='line_1_57' title="bbox 493 3488 2069 3555; baseline 0.003 -12"><span class='ocrx_word' id='word_1_427' title='bbox 493 3488 730 3555; x_wconf 88' lang='lat' dir='ltr'><strong><em>abstine,</em></strong></span> <span class='ocrx_word' id='word_1_428' title='bbox 760 3499 813 3543; x_wconf 89' lang='lat' dir='ltr'><strong><em>et</em></strong></span> <span class='ocrx_word' id='word_1_429' title='bbox 836 3491 945 3543; x_wconf 91' lang='lat' dir='ltr'><strong><em>noli</em></strong></span> <span class='ocrx_word' id='word_1_430' title='bbox 972 3492 1101 3545; x_wconf 89' lang='lat' dir='ltr'><strong><em>illud</em></strong></span> <span class='ocrx_word' id='word_1_431' title='bbox 1132 3491 1329 3548; x_wconf 81' lang='lat' dir='ltr'><strong><em>facere.</em></strong></span> <span class='ocrx_word' id='word_1_432' title='bbox 1354 3494 1395 3545; x_wconf 88' lang='lat' dir='ltr'><strong>A</strong></span> <span class='ocrx_word' id='word_1_433' title='bbox 1421 3494 1566 3547; x_wconf 83' lang='lat' dir='ltr'><strong><em>bono</em></strong></span> <span class='ocrx_word' id='word_1_434' title='bbox 1592 3504 1769 3548; x_wconf 87' lang='lat' dir='ltr'><strong><em>autem</em></strong></span> <span class='ocrx_word' id='word_1_435' title='bbox 1795 3494 2069 3549; x_wconf 86' lang='lat' dir='ltr'><strong><em>abstinere</em></strong></span> 
     </span>
    </p>
   </div>
   <div class='ocr_carea' id='block_1_57' title="bbox 490 3582 2071 3652">
    <p class='ocr_par' dir='ltr' id='par_1_57' title="bbox 490 3582 2071 3652">
     <span class='ocr_line' id='line_1_58' title="bbox 490 3582 2071 3652; baseline 0.003 -17"><span class='ocrx_word' id='word_1_436' title='bbox 490 3582 641 3647; x_wconf 88' lang='lat' dir='ltr'><strong><em>noli,</em></strong></span> <span class='ocrx_word' id='word_1_437' title='bbox 683 3583 776 3636; x_wconf 81' lang='lat' dir='ltr'><strong><em>sed</em></strong></span> <span class='ocrx_word' id='word_1_438' title='bbox 808 3584 895 3636; x_wconf 82' lang='lat' dir='ltr'><strong><em>lac</em></strong></span> <span class='ocrx_word' id='word_1_439' title='bbox 925 3584 1079 3638; x_wconf 90' lang='lat' dir='ltr'><strong><em>illud.</em></strong></span> <span class='ocrx_word' id='word_1_440' title='bbox 1116 3584 1173 3638; x_wconf 92' lang='lat' dir='ltr'><strong><em>Si</em></strong></span> <span class='ocrx_word' id='word_1_441' title='bbox 1200 3585 1345 3639; x_wconf 91' lang='lat' dir='ltr'><strong><em>enim</em></strong></span> <span class='ocrx_word' id='word_1_442' title='bbox 1373 3586 1704 3640; x_wconf 84' lang='lat' dir='ltr'><strong><em>abstinueris</em></strong></span> <span class='ocrx_word' id='word_1_443' title='bbox 1731 3602 1761 3639; x_wconf 88' lang='lat' dir='ltr'><strong><em>a</em></strong></span> <span class='ocrx_word' id='word_1_444' title='bbox 1794 3586 1938 3639; x_wconf 88' lang='lat' dir='ltr'><strong><em>bono</em></strong></span> <span class='ocrx_word' id='word_1_445' title='bbox 1961 3627 1975 3652; x_wconf 94' lang='lat'><strong><em>,</em></strong></span> <span class='ocrx_word' id='word_1_446' title='bbox 2016 3594 2071 3640; x_wconf 88' lang='lat' dir='ltr'><strong><em>et</em></strong></span> 
     </span>
    </p>
   </div>
   <div class='ocr_carea' id='block_1_58' title="bbox 490 3670 2070 3747">
    <p class='ocr_par' dir='ltr' id='par_1_58' title="bbox 490 3670 2070 3747">
     <span class='ocr_line' id='line_1_59' title="bbox 490 3670 2070 3747; baseline 0.004 -24"><span class='ocrx_word' id='word_1_447' title='bbox 490 3684 602 3723; x_wconf 91' lang='lat' dir='ltr'><strong><em>non</em></strong></span> <span class='ocrx_word' id='word_1_448' title='bbox 654 3670 705 3725; x_wconf 88' lang='lat' dir='ltr'><strong><em>id</em></strong></span> <span class='ocrx_word' id='word_1_449' title='bbox 762 3670 977 3737; x_wconf 81' lang='lat' dir='ltr'><strong><em>feceris,</em></strong></span> <span class='ocrx_word' id='word_1_450' title='bbox 1028 3676 1302 3742; x_wconf 85' lang='lat' dir='ltr'><strong><em>peccabis.</em></strong></span> <span class='ocrx_word' id='word_1_451' title='bbox 1356 3676 1586 3730; x_wconf 83' lang='lat' dir='ltr'><strong><em>Abstine</em></strong></span> <span class='ocrx_word' id='word_1_452' title='bbox 1618 3677 1784 3747; x_wconf 73' lang='lat' dir='ltr'><strong><em>igitur</em></strong></span> <span class='ocrx_word' id='word_1_453' title='bbox 1814 3676 1883 3730; x_wconf 88' lang='lat' dir='ltr'><strong><em>ab</em></strong></span> <span class='ocrx_word' id='word_1_454' title='bbox 1918 3676 2070 3731; x_wconf 89' lang='lat' dir='ltr'><strong><em>omni</em></strong></span> 
     </span>
    </p>
   </div>
   <div class='ocr_carea' id='block_1_59' title="bbox 491 3761 2069 3835">
    <p class='ocr_par' dir='ltr' id='par_1_59' title="bbox 491 3761 2069 3835">
     <span class='ocr_line' id='line_1_60' title="bbox 491 3761 2069 3835; baseline 0.005 -23"><span class='ocrx_word' id='word_1_455' title='bbox 491 3761 673 3825; x_wconf 88' lang='lat' dir='ltr'><strong><em>malo,</em></strong></span> <span class='ocrx_word' id='word_1_456' title='bbox 724 3770 779 3815; x_wconf 90' lang='lat' dir='ltr'><strong><em>et</em></strong></span> <span class='ocrx_word' id='word_1_457' title='bbox 810 3764 953 3818; x_wconf 87' lang='lat' dir='ltr'><strong><em>scies</em></strong></span> <span class='ocrx_word' id='word_1_458' title='bbox 979 3764 1092 3834; x_wconf 80' lang='grc'>(16)</span> <span class='ocrx_word' id='word_1_459' title='bbox 1125 3780 1340 3820; x_wconf 90' lang='lat' dir='ltr'><strong><em>omnem</em></strong></span> <span class='ocrx_word' id='word_1_460' title='bbox 1363 3766 1655 3835; x_wconf 83' lang='lat' dir='ltr'><strong><em>justitiam.</em></strong></span> <span class='ocrx_word' id='word_1_461' title='bbox 1690 3767 1889 3833; x_wconf 87' lang='lat' dir='ltr'><strong><em>Quales</em></strong></span> <span class='ocrx_word' id='word_1_462' title='bbox 1912 3806 1927 3831; x_wconf 90' lang='lat'><strong><em>,</em></strong></span> <span class='ocrx_word' id='word_1_463' title='bbox 1981 3768 2069 3820; x_wconf 66' lang='lat' dir='ltr'><strong><em>in~</em></strong></span> 
     </span>
    </p>
   </div>
   <div class='ocr_carea' id='block_1_60' title="bbox 489 3855 2069 3928">
    <p class='ocr_par' dir='ltr' id='par_1_60' title="bbox 489 3855 2069 3928">
     <span class='ocr_line' id='line_1_61' title="bbox 489 3855 2069 3928; baseline 0.006 -23"><span class='ocrx_word' id='word_1_464' title='bbox 489 3868 655 3921; x_wconf 89' lang='lat' dir='ltr'><strong><em>quam</em></strong></span> <span class='ocrx_word' id='word_1_465' title='bbox 680 3895 694 3921; x_wconf 88' lang='lat'><strong><em>,</em></strong></span> <span class='ocrx_word' id='word_1_466' title='bbox 743 3855 1109 3925; x_wconf 79' lang='lat' dir='ltr'><strong><em>malignitatcs</em></strong></span> <span class='ocrx_word' id='word_1_467' title='bbox 1160 3866 1287 3911; x_wconf 90' lang='lat' dir='ltr'><strong><em>sunt</em></strong></span> <span class='ocrx_word' id='word_1_468' title='bbox 1327 3859 1411 3913; x_wconf 75' lang='lat' dir='ltr'><strong><em>lue</em></strong></span> <span class='ocrx_word' id='word_1_469' title='bbox 1436 3899 1452 3923; x_wconf 96' lang='lat'><strong><em>,</em></strong></span> <span class='ocrx_word' id='word_1_470' title='bbox 1506 3874 1535 3912; x_wconf 89' lang='lat' dir='ltr'><strong><em>a</em></strong></span> <span class='ocrx_word' id='word_1_471' title='bbox 1566 3860 1765 3928; x_wconf 90' lang='lat' dir='ltr'><strong><em>quibus</em></strong></span> <span class='ocrx_word' id='word_1_472' title='bbox 1794 3860 2069 3915; x_wconf 85' lang='lat' dir='ltr'><strong><em>abstinere</em></strong></span> 
     </span>
    </p>
   </div>
   <div class='ocr_carea' id='block_1_61' title="bbox 490 3946 2066 4022">
    <p class='ocr_par' dir='ltr' id='par_1_61' title="bbox 490 3946 2066 4022">
     <span class='ocr_line' id='line_1_62' title="bbox 490 3946 2066 4022; baseline 0.007 -26"><span class='ocrx_word' id='word_1_473' title='bbox 490 3946 745 4012; x_wconf 88' lang='lat' dir='ltr'><strong><em>oportet?</em></strong></span> <span class='ocrx_word' id='word_1_474' title='bbox 801 3946 942 4000; x_wconf 85' lang='lat' dir='ltr'><strong><em>Audi</em></strong></span> <span class='ocrx_word' id='word_1_475' title='bbox 988 3948 1138 4018; x_wconf 81' lang='lat' dir='ltr'><strong><em>(l7),</em></strong></span> <span class='ocrx_word' id='word_1_476' title='bbox 1172 3950 1351 4019; x_wconf 86' lang='lat' dir='ltr'><strong><em>inquit</em></strong></span> <span class='ocrx_word' id='word_1_477' title='bbox 1404 3973 1416 4007; x_wconf 87' lang='lat'><strong><em>:</em></strong></span> <span class='ocrx_word' id='word_1_478' title='bbox 1469 3951 1552 4005; x_wconf 83' lang='lat' dir='ltr'><strong><em>Ab</em></strong></span> <span class='ocrx_word' id='word_1_479' title='bbox 1597 3952 1878 4008; x_wconf 85' lang='lat' dir='ltr'><strong><em>adulteriis</em></strong></span> <span class='ocrx_word' id='word_1_480' title='bbox 1931 3954 2066 4022; x_wconf 81' lang='lat' dir='ltr'><strong><em>(l8),</em></strong></span> 
     </span>
    </p>
   </div>
   <div class='ocr_carea' id='block_1_62' title="bbox 490 4036 2070 4116">
    <p class='ocr_par' dir='ltr' id='par_1_62' title="bbox 490 4036 2070 4116">
     <span class='ocr_line' id='line_1_63' title="bbox 490 4036 2070 4116; baseline 0.01 -28"><span class='ocrx_word' id='word_1_481' title='bbox 490 4036 846 4093; x_wconf 82' lang='lat' dir='ltr'><strong><em>ebrietatibus</em></strong></span> <span class='ocrx_word' id='word_1_482' title='bbox 882 4050 935 4094; x_wconf 88' lang='lat' dir='ltr'><strong><em>et</em></strong></span> <span class='ocrx_word' id='word_1_483' title='bbox 980 4042 1474 4099; x_wconf 86' lang='lat' dir='ltr'><strong><em>comessationibus</em></strong></span> <span class='ocrx_word' id='word_1_484' title='bbox 1522 4046 1634 4113; x_wconf 87' lang='lat' dir='ltr'><strong><em>(l9)</em></strong></span> <span class='ocrx_word' id='word_1_485' title='bbox 1668 4047 1951 4116; x_wconf 80' lang='lat' dir='ltr'><strong><em>malignis,</em></strong></span> <span class='ocrx_word' id='word_1_486' title='bbox 2001 4049 2070 4103; x_wconf 85' lang='lat' dir='ltr'><strong><em>ab</em></strong></span> 
     </span>
    </p>
   </div>
   <div class='ocr_carea' id='block_1_63' title="bbox 493 4128 2071 4207">
    <p class='ocr_par' dir='ltr' id='par_1_63' title="bbox 493 4128 2071 4207">
     <span class='ocr_line' id='line_1_64' title="bbox 493 4128 2071 4207; baseline 0.009 -29"><span class='ocrx_word' id='word_1_487' title='bbox 493 4140 623 4179; x_wconf 90' lang='lat' dir='ltr'><strong><em>esca</em></strong></span> <span class='ocrx_word' id='word_1_488' title='bbox 661 4128 865 4194; x_wconf 89' lang='lat' dir='ltr'><strong><em>nimia,</em></strong></span> <span class='ocrx_word' id='word_1_489' title='bbox 918 4144 951 4183; x_wconf 92' lang='lat' dir='ltr'><strong><em>a</em></strong></span> <span class='ocrx_word' id='word_1_490' title='bbox 1001 4130 1210 4185; x_wconf 86' lang='lat' dir='ltr'><strong><em>lautitia</em></strong></span> <span class='ocrx_word' id='word_1_491' title='bbox 1252 4142 1305 4187; x_wconf 90' lang='lat' dir='ltr'><strong><em>et</em></strong></span> <span class='ocrx_word' id='word_1_492' title='bbox 1345 4132 1704 4201; x_wconf 89' lang='lat' dir='ltr'><strong><em>inhonestate,</em></strong></span> <span class='ocrx_word' id='word_1_493' title='bbox 1738 4136 1805 4190; x_wconf 85' lang='lat' dir='ltr'><strong><em>ab</em></strong></span> <span class='ocrx_word' id='word_1_494' title='bbox 1833 4138 2071 4207; x_wconf 76' lang='lat' dir='ltr'><strong><em>abnega-</em></strong></span> 
     </span>
    </p>
   </div>
   <div class='ocr_carea' id='block_1_64' title="bbox 2254 3135 3765 3212">
    <p class='ocr_par' dir='ltr' id='par_1_64' title="bbox 2254 3135 3765 3212">
     <span class='ocr_line' id='line_1_65' title="bbox 2254 3135 3765 3212; baseline -0.005 -18"><span class='ocrx_word' id='word_1_495' title='bbox 2254 3141 2365 3211; x_wconf 82' lang='lat' dir='ltr'><strong><em>(l5)</em></strong></span> <span class='ocrx_word' id='word_1_496' title='bbox 2420 3142 2483 3194; x_wconf 80' lang='lat' dir='ltr'><strong><em>‘H</em></strong></span> <span class='ocrx_word' id='word_1_497' title='bbox 2517 3141 2811 3212; x_wconf 87' lang='grc' dir='ltr'>ἐγκράτεια</span> <span class='ocrx_word' id='word_1_498' title='bbox 2843 3140 3006 3210; x_wconf 84' lang='grc' dir='ltr'>διπλῆ</span> <span class='ocrx_word' id='word_1_499' title='bbox 3038 3143 3176 3193; x_wconf 73' lang='grc' dir='ltr'>ἐστι.</span> <span class='ocrx_word' id='word_1_500' title='bbox 3218 3138 3339 3192; x_wconf 88' lang='grc' dir='ltr'>Ἐπί</span> <span class='ocrx_word' id='word_1_501' title='bbox 3366 3150 3529 3190; x_wconf 83' lang='grc' dir='ltr'>τινων</span> <span class='ocrx_word' id='word_1_502' title='bbox 3553 3136 3664 3207; x_wconf 84' lang='grc' dir='ltr'>γὰρ</span> <span class='ocrx_word' id='word_1_503' title='bbox 3690 3135 3765 3187; x_wconf 82' lang='grc' dir='ltr'><strong><em>δει</em></strong></span> 
     </span>
    </p>
   </div>
   <div class='ocr_carea' id='block_1_65' title="bbox 2181 3231 3338 3304">
    <p class='ocr_par' dir='ltr' id='par_1_65' title="bbox 2181 3231 3338 3304">
     <span class='ocr_line' id='line_1_66' title="bbox 2181 3231 3338 3304; baseline -0.001 -20"><span class='ocrx_word' id='word_1_504' title='bbox 2181 3249 2240 3284; x_wconf 91' lang='grc' dir='ltr'><strong><em>σε</em></strong></span> <span class='ocrx_word' id='word_1_505' title='bbox 2268 3232 2713 3304; x_wconf 84' lang='grc' dir='ltr'>ἐγκρατεύεσθαι,</span> <span class='ocrx_word' id='word_1_506' title='bbox 2749 3232 2839 3285; x_wconf 90' lang='grc' dir='ltr'><strong><em>ἐπί</em></strong></span> <span class='ocrx_word' id='word_1_507' title='bbox 2871 3250 3030 3286; x_wconf 90' lang='grc' dir='ltr'>τινων</span> <span class='ocrx_word' id='word_1_508' title='bbox 3062 3233 3117 3285; x_wconf 86' lang='grc' dir='ltr'>δὲ</span> <span class='ocrx_word' id='word_1_509' title='bbox 3150 3231 3211 3285; x_wconf 83' lang='grc' dir='ltr'>οὺ</span> <span class='ocrx_word' id='word_1_510' title='bbox 3240 3231 3338 3283; x_wconf 86' lang='grc' dir='ltr'>δεῖ.</span> 
     </span>
    </p>
   </div>
   <div class='ocr_carea' id='block_1_66' title="bbox 2246 3405 3760 3479">
    <p class='ocr_par' dir='ltr' id='par_1_66' title="bbox 2246 3405 3760 3479">
     <span class='ocr_line' id='line_1_67' title="bbox 2246 3405 3760 3479; baseline -0.002 -18"><span class='ocrx_word' id='word_1_511' title='bbox 2246 3408 2320 3462; x_wconf 85' lang='grc' dir='ltr'>Τὸ</span> <span class='ocrx_word' id='word_1_512' title='bbox 2361 3405 2595 3478; x_wconf 79' lang='grc' dir='ltr'>πονηρὸν</span> <span class='ocrx_word' id='word_1_513' title='bbox 2629 3406 3076 3479; x_wconf 84' lang='grc' dir='ltr'>ἐγκρατεύεσθαι,</span> <span class='ocrx_word' id='word_1_514' title='bbox 3114 3406 3205 3459; x_wconf 70' lang='grc' dir='ltr'>καὶ</span> <span class='ocrx_word' id='word_1_515' title='bbox 3248 3405 3319 3476; x_wconf 85' lang='grc' dir='ltr'>μὴ</span> <span class='ocrx_word' id='word_1_516' title='bbox 3368 3406 3543 3457; x_wconf 80' lang='grc' dir='ltr'>ποιεῖν</span> <span class='ocrx_word' id='word_1_517' title='bbox 3594 3405 3760 3458; x_wconf 77' lang='grc' dir='ltr'>αὐτό’</span> 
     </span>
    </p>
   </div>
   <div class='ocr_carea' id='block_1_67' title="bbox 2172 3497 3589 3570">
    <p class='ocr_par' dir='ltr' id='par_1_67' title="bbox 2172 3497 3589 3570">
     <span class='ocr_line' id='line_1_68' title="bbox 2172 3497 3589 3570; baseline -0.003 -16"><span class='ocrx_word' id='word_1_518' title='bbox 2172 3501 2234 3554; x_wconf 82' lang='grc' dir='ltr'><strong><em>τὸ</em></strong></span> <span class='ocrx_word' id='word_1_519' title='bbox 2264 3500 2321 3554; x_wconf 85' lang='grc' dir='ltr'>δὲ</span> <span class='ocrx_word' id='word_1_520' title='bbox 2352 3500 2553 3568; x_wconf 82' lang='grc' dir='ltr'>ἀγαθὸν</span> <span class='ocrx_word' id='word_1_521' title='bbox 2589 3498 2666 3569; x_wconf 84' lang='grc' dir='ltr'>μὴ</span> <span class='ocrx_word' id='word_1_522' title='bbox 2692 3498 3049 3570; x_wconf 86' lang='grc' dir='ltr'>ἐγκρατεύου,</span> <span class='ocrx_word' id='word_1_523' title='bbox 3086 3497 3221 3551; x_wconf 82' lang='grc' dir='ltr'>ἀλλὰ</span> <span class='ocrx_word' id='word_1_524' title='bbox 3252 3497 3395 3549; x_wconf 88' lang='grc' dir='ltr'>ποίει</span> <span class='ocrx_word' id='word_1_525' title='bbox 3427 3497 3589 3550; x_wconf 80' lang='grc' dir='ltr'>αὑτό.</span> 
     </span>
    </p>
   </div>
   <div class='ocr_carea' id='block_1_68' title="bbox 2260 3674 3763 3749">
    <p class='ocr_par' dir='ltr' id='par_1_68' title="bbox 2260 3674 3763 3749">
     <span class='ocr_line' id='line_1_69' title="bbox 2260 3674 3763 3749; baseline -0.003 -18"><span class='ocrx_word' id='word_1_526' title='bbox 2260 3676 2619 3749; x_wconf 82' lang='grc' dir='ltr'>Ἐγκρατεύου</span> <span class='ocrx_word' id='word_1_527' title='bbox 2646 3676 2754 3730; x_wconf 80' lang='grc' dir='ltr'>ἀπὸ</span> <span class='ocrx_word' id='word_1_528' title='bbox 2783 3676 2963 3748; x_wconf 85' lang='grc' dir='ltr'>πάσης</span> <span class='ocrx_word' id='word_1_529' title='bbox 2996 3675 3295 3747; x_wconf 79' lang='grc' dir='ltr'>πονηρίας,</span> <span class='ocrx_word' id='word_1_530' title='bbox 3331 3674 3440 3728; x_wconf 82' lang='grc' dir='ltr'>ἀπὸ</span> <span class='ocrx_word' id='word_1_531' title='bbox 3473 3675 3763 3746; x_wconf 78' lang='grc' dir='ltr'>μεθύσμα-</span> 
     </span>
    </p>
   </div>
   <div class='ocr_carea' id='block_1_69' title="bbox 2174 3766 3761 3839">
    <p class='ocr_par' dir='ltr' id='par_1_69' title="bbox 2174 3766 3761 3839">
     <span class='ocr_line' id='line_1_70' title="bbox 2174 3766 3761 3839; baseline -0.003 -17"><span class='ocrx_word' id='word_1_532' title='bbox 2174 3786 2297 3832; x_wconf 87' lang='grc' dir='ltr'>τος,</span> <span class='ocrx_word' id='word_1_533' title='bbox 2333 3769 2588 3838; x_wconf 83' lang='grc' dir='ltr'>ἀνομίας,</span> <span class='ocrx_word' id='word_1_534' title='bbox 2625 3768 2734 3821; x_wconf 80' lang='grc' dir='ltr'>ἀπὸ</span> <span class='ocrx_word' id='word_1_535' title='bbox 2765 3768 2971 3839; x_wconf 83' lang='grc' dir='ltr'>τροφῆς</span> <span class='ocrx_word' id='word_1_536' title='bbox 3005 3767 3269 3838; x_wconf 75' lang='grc' dir='ltr'>πονηρᾶς,</span> <span class='ocrx_word' id='word_1_537' title='bbox 3306 3767 3412 3819; x_wconf 85' lang='grc' dir='ltr'><strong><em>άπὸ</em></strong></span> <span class='ocrx_word' id='word_1_538' title='bbox 3445 3766 3761 3835; x_wconf 79' lang='grc' dir='ltr'>ἐδεσμάτων</span> 
     </span>
    </p>
   </div>
   <div class='ocr_carea' id='block_1_70' title="bbox 2176 3858 3761 3928">
    <p class='ocr_par' dir='ltr' id='par_1_70' title="bbox 2176 3858 3761 3928">
     <span class='ocr_line' id='line_1_71' title="bbox 2176 3858 3761 3928; baseline -0.004 -13"><span class='ocrx_word' id='word_1_539' title='bbox 2176 3861 2385 3915; x_wconf 83' lang='grc' dir='ltr'>πολλῶν</span> <span class='ocrx_word' id='word_1_540' title='bbox 2418 3861 2511 3914; x_wconf 74' lang='grc' dir='ltr'><strong><em>καὶ</em></strong></span> <span class='ocrx_word' id='word_1_541' title='bbox 2543 3858 2867 3923; x_wconf 85' lang='grc' dir='ltr'>πολυτελῶν,</span> <span class='ocrx_word' id='word_1_542' title='bbox 2903 3858 3153 3922; x_wconf 88' lang='grc' dir='ltr'>πλούτου,</span> <span class='ocrx_word' id='word_1_543' title='bbox 3180 3858 3519 3928; x_wconf 80' lang='grc' dir='ltr'>καυχήσεως,</span> <span class='ocrx_word' id='word_1_544' title='bbox 3559 3858 3761 3927; x_wconf 69' lang='grc' dir='ltr'>ὑψηλο-</span> 
     </span>
    </p>
   </div>
   <div class='ocr_carea' id='block_1_71' title="bbox 2176 3950 3759 4027">
    <p class='ocr_par' dir='ltr' id='par_1_71' title="bbox 2176 3950 3759 4027">
     <span class='ocr_line' id='line_1_72' title="bbox 2176 3950 3759 4027; baseline -0.003 -18"><span class='ocrx_word' id='word_1_545' title='bbox 2176 3955 2448 4027; x_wconf 87' lang='grc' dir='ltr'>φροσύνης</span> <span class='ocrx_word' id='word_1_546' title='bbox 2480 3956 2575 4008; x_wconf 77' lang='grc' dir='ltr'><strong><em>καὶ</em></strong></span> <span class='ocrx_word' id='word_1_547' title='bbox 2608 3952 3021 4025; x_wconf 78' lang='grc' dir='ltr'>ὑπερηφανίας,</span> <span class='ocrx_word' id='word_1_548' title='bbox 3070 3951 3167 4003; x_wconf 73' lang='grc' dir='ltr'><strong><em>καὶ</em></strong></span> <span class='ocrx_word' id='word_1_549' title='bbox 3204 3950 3431 4019; x_wconf 71' lang='grc' dir='ltr'>ψεύδους</span> <span class='ocrx_word' id='word_1_550' title='bbox 3463 3950 3561 4003; x_wconf 79' lang='grc' dir='ltr'><strong><em>καὶ</em></strong></span> <span class='ocrx_word' id='word_1_551' title='bbox 3593 3967 3759 4004; x_wconf 73' lang='grc' dir='ltr'>κατα-</span> 
     </span>
    </p>
   </div>
   <div class='ocr_carea' id='block_1_72' title="bbox 2174 4039 3759 4115">
    <p class='ocr_par' dir='ltr' id='par_1_72' title="bbox 2174 4039 3759 4115">
     <span class='ocr_line' id='line_1_73' title="bbox 2174 4039 3759 4115; baseline -0.004 -17"><span class='ocrx_word' id='word_1_552' title='bbox 2174 4045 2380 4108; x_wconf 75' lang='grc' dir='ltr'>λαλιάς,</span> <span class='ocrx_word' id='word_1_553' title='bbox 2415 4046 2509 4097; x_wconf 79' lang='grc' dir='ltr'><strong><em>καὶ</em></strong></span> <span class='ocrx_word' id='word_1_554' title='bbox 2531 4043 2888 4115; x_wconf 83' lang='grc' dir='ltr'>ὑποκρίσεως,</span> <span class='ocrx_word' id='word_1_555' title='bbox 2916 4043 3007 4095; x_wconf 77' lang='grc' dir='ltr'><strong><em>καὶ</em></strong></span> <span class='ocrx_word' id='word_1_556' title='bbox 3037 4041 3419 4113; x_wconf 82' lang='grc' dir='ltr'>μνησικακίας,</span> <span class='ocrx_word' id='word_1_557' title='bbox 3450 4039 3547 4091; x_wconf 76' lang='grc' dir='ltr'><strong><em>καὶ</em></strong></span> <span class='ocrx_word' id='word_1_558' title='bbox 3579 4040 3759 4108; x_wconf 79' lang='grc' dir='ltr'>πάσης</span> 
     </span>
    </p>
   </div>
   <div class='ocr_carea' id='block_1_73' title="bbox 2179 4136 2547 4208">
    <p class='ocr_par' dir='ltr' id='par_1_73' title="bbox 2179 4136 2547 4208">
     <span class='ocr_line' id='line_1_74' title="bbox 2179 4136 2547 4208; baseline 0 -18"><span class='ocrx_word' id='word_1_559' title='bbox 2179 4136 2547 4208; x_wconf 82' lang='grc' dir='ltr'>βλασφημίας.</span> 
     </span>
    </p>
   </div>
   <div class='ocr_carea' id='block_1_74' title="bbox 490 4217 2171 4296">
    <p class='ocr_par' dir='ltr' id='par_1_74' title="bbox 490 4217 2171 4296">
     <span class='ocr_line' id='line_1_75' title="bbox 490 4217 2171 4296; baseline 0.008 -27"><span class='ocrx_word' id='word_1_560' title='bbox 490 4217 643 4271; x_wconf 80' lang='lat' dir='ltr'><strong><em>tione</em></strong></span> <span class='ocrx_word' id='word_1_561' title='bbox 667 4218 803 4289; x_wconf 88' lang='grc'>(20),</span> <span class='ocrx_word' id='word_1_562' title='bbox 832 4236 863 4273; x_wconf 89' lang='lat' dir='ltr'><strong><em>a</em></strong></span> <span class='ocrx_word' id='word_1_563' title='bbox 889 4222 1198 4289; x_wconf 88' lang='lat' dir='ltr'><strong><em>mendacio,</em></strong></span> <span class='ocrx_word' id='word_1_564' title='bbox 1228 4238 1257 4276; x_wconf 90' lang='lat' dir='ltr'><strong><em>a</em></strong></span> <span class='ocrx_word' id='word_1_565' title='bbox 1290 4223 1626 4279; x_wconf 87' lang='lat' dir='ltr'><strong><em>detractione</em></strong></span> <span class='ocrx_word' id='word_1_566' title='bbox 1651 4226 1785 4295; x_wconf 77' lang='grc'>(21),</span> <span class='ocrx_word' id='word_1_567' title='bbox 1819 4242 1847 4280; x_wconf 88' lang='lat' dir='ltr'><strong><em>a</em></strong></span> <span class='ocrx_word' id='word_1_568' title='bbox 1878 4230 2072 4296; x_wconf 88' lang='lat' dir='ltr'><strong><em>nequi-</em></strong></span> <span class='ocrx_word' id='word_1_569' title='bbox 2168 4270 2171 4273; x_wconf 44' lang='grc' dir='ltr'><strong><em>γ</em></strong></span> 
     </span>
    </p>
   </div>
   <div class='ocr_carea' id='block_1_75' title="bbox 489 4307 2066 4385">
    <p class='ocr_par' dir='ltr' id='par_1_75' title="bbox 489 4307 2066 4385">
     <span class='ocr_line' id='line_1_76' title="bbox 489 4307 2066 4385; baseline 0.008 -26"><span class='ocrx_word' id='word_1_570' title='bbox 489 4307 566 4359; x_wconf 85' lang='lat' dir='ltr'><strong><em>tia</em></strong></span> <span class='ocrx_word' id='word_1_571' title='bbox 623 4308 767 4375; x_wconf 85' lang='lat' dir='ltr'><strong><em>licta,</em></strong></span> <span class='ocrx_word' id='word_1_572' title='bbox 822 4326 854 4365; x_wconf 90' lang='lat' dir='ltr'><strong><em>a</em></strong></span> <span class='ocrx_word' id='word_1_573' title='bbox 901 4312 1281 4366; x_wconf 86' lang='lat' dir='ltr'><strong><em>recordatione</em></strong></span> <span class='ocrx_word' id='word_1_574' title='bbox 1328 4315 1542 4382; x_wconf 63' lang='lat' dir='ltr'><strong><em>injuriae</em></strong></span> <span class='ocrx_word' id='word_1_575' title='bbox 1584 4316 1698 4385; x_wconf 97' lang='grc'>(22)</span> <span class='ocrx_word' id='word_1_576' title='bbox 1748 4324 1801 4371; x_wconf 89' lang='lat' dir='ltr'><strong><em>et</em></strong></span> <span class='ocrx_word' id='word_1_577' title='bbox 1845 4332 1877 4370; x_wconf 89' lang='lat' dir='ltr'><strong><em>a</em></strong></span> <span class='ocrx_word' id='word_1_578' title='bbox 1924 4316 2066 4371; x_wconf 83' lang='lat' dir='ltr'><strong><em>fama</em></strong></span> 
     </span>
    </p>
   </div>
   <div class='ocr_carea' id='block_1_76' title="bbox 490 4399 2091 4477">
    <p class='ocr_par' dir='ltr' id='par_1_76' title="bbox 490 4400 2063 4475">
     <span class='ocr_line' id='line_1_77' title="bbox 490 4400 2063 4475; baseline 0.006 -23"><span class='ocrx_word' id='word_1_579' title='bbox 490 4400 732 4467; x_wconf 84' lang='lat' dir='ltr'><strong><em>pessima</em></strong></span> <span class='ocrx_word' id='word_1_580' title='bbox 758 4400 895 4468; x_wconf 83' lang='grc'>(25).</span> <span class='ocrx_word' id='word_1_581' title='bbox 931 4400 1057 4457; x_wconf 60' lang='grc' dir='ltr'>Ηωο</span> <span class='ocrx_word' id='word_1_582' title='bbox 1086 4403 1231 4456; x_wconf 89' lang='lat' dir='ltr'><strong><em>enim</em></strong></span> <span class='ocrx_word' id='word_1_583' title='bbox 1266 4412 1393 4457; x_wconf 84' lang='lat' dir='ltr'><strong><em>sunt</em></strong></span> <span class='ocrx_word' id='word_1_584' title='bbox 1420 4420 1582 4474; x_wconf 85' lang='lat' dir='ltr'><strong><em>opera</em></strong></span> <span class='ocrx_word' id='word_1_585' title='bbox 1611 4406 1983 4475; x_wconf 89' lang='lat' dir='ltr'><strong><em>iniquitatum,</em></strong></span> <span class='ocrx_word' id='word_1_586' title='bbox 2032 4424 2063 4462; x_wconf 92' lang='lat' dir='ltr'><strong><em>a</em></strong></span> 
     </span>
    </p>
   </div>
   <div class='ocr_carea' id='block_1_77' title="bbox 2192 4399 3751 4477">
    <p class='ocr_par' dir='ltr' id='par_1_77' title="bbox 2238 4399 3751 4477">
     <span class='ocr_line' id='line_1_78' title="bbox 2238 4399 3751 4477; baseline -0.005 -17"><span class='ocrx_word' id='word_1_587' title='bbox 2238 4405 2425 4460; x_wconf 65' lang='grc' dir='ltr'>Ταῦτα</span> <span class='ocrx_word' id='word_1_588' title='bbox 2458 4406 2528 4459; x_wconf 86' lang='grc' dir='ltr'>τὰ</span> <span class='ocrx_word' id='word_1_589' title='bbox 2576 4404 2711 4477; x_wconf 80' lang='grc' dir='ltr'>ἔργα</span> <span class='ocrx_word' id='word_1_590' title='bbox 2760 4403 2973 4475; x_wconf 88' lang='grc' dir='ltr'>πονηρά</span> <span class='ocrx_word' id='word_1_591' title='bbox 3004 4403 3121 4456; x_wconf 89' lang='grc' dir='ltr'>ἐστι</span> <span class='ocrx_word' id='word_1_592' title='bbox 3152 4404 3217 4473; x_wconf 79' lang='grc' dir='ltr'>τῇ</span> <span class='ocrx_word' id='word_1_593' title='bbox 3253 4401 3364 4471; x_wconf 82' lang='grc' dir='ltr'><strong><em>ζωῇ</em></strong></span> <span class='ocrx_word' id='word_1_594' title='bbox 3397 4400 3507 4453; x_wconf 88' lang='grc' dir='ltr'><strong><em>τῶν</em></strong></span> <span class='ocrx_word' id='word_1_595' title='bbox 3543 4399 3751 4472; x_wconf 83' lang='grc' dir='ltr'>ἀνθρώ-</span> 
     </span>
    </p>
   </div>
   <div class='ocr_carea' id='block_1_78' title="bbox 495 4489 2072 4561">
    <p class='ocr_par' dir='ltr' id='par_1_78' title="bbox 495 4489 2072 4561">
     <span class='ocr_line' id='line_1_79' title="bbox 495 4489 2072 4561; baseline 0.006 -20"><span class='ocrx_word' id='word_1_596' title='bbox 495 4489 698 4556; x_wconf 90' lang='lat' dir='ltr'><strong><em>quibus</em></strong></span> <span class='ocrx_word' id='word_1_597' title='bbox 728 4490 1000 4545; x_wconf 87' lang='lat' dir='ltr'><strong><em>abstinere</em></strong></span> <span class='ocrx_word' id='word_1_598' title='bbox 1026 4501 1241 4561; x_wconf 90' lang='lat' dir='ltr'><strong><em>oportet</em></strong></span> <span class='ocrx_word' id='word_1_599' title='bbox 1271 4508 1486 4547; x_wconf 82' lang='lat' dir='ltr'><strong><em>servum</em></strong></span> <span class='ocrx_word' id='word_1_600' title='bbox 1519 4493 1634 4549; x_wconf 91' lang='lat' dir='ltr'><strong><em>Dei.</em></strong></span> <span class='ocrx_word' id='word_1_601' title='bbox 1673 4494 1777 4561; x_wconf 87' lang='lat' dir='ltr'><strong><em>Qui</em></strong></span> <span class='ocrx_word' id='word_1_602' title='bbox 1821 4498 1965 4551; x_wconf 90' lang='lat' dir='ltr'><strong><em>enim</em></strong></span> <span class='ocrx_word' id='word_1_603' title='bbox 2005 4498 2072 4551; x_wconf 82' lang='lat' dir='ltr'><strong><em>ab</em></strong></span> 
     </span>
    </p>
   </div>
   <div class='ocr_carea' id='block_1_79' title="bbox 494 4580 2067 4659">
    <p class='ocr_par' dir='ltr' id='par_1_79' title="bbox 494 4580 2067 4659">
     <span class='ocr_line' id='line_1_80' title="bbox 494 4580 2067 4659; baseline 0.007 -26"><span class='ocrx_word' id='word_1_604' title='bbox 494 4580 561 4635; x_wconf 91' lang='lat' dir='ltr'><strong><em>iis</em></strong></span> <span class='ocrx_word' id='word_1_605' title='bbox 610 4582 886 4637; x_wconf 89' lang='lat' dir='ltr'><strong><em>abstinere</em></strong></span> <span class='ocrx_word' id='word_1_606' title='bbox 934 4598 1042 4637; x_wconf 90' lang='lat' dir='ltr'><strong><em>non</em></strong></span> <span class='ocrx_word' id='word_1_607' title='bbox 1087 4593 1285 4653; x_wconf 80' lang='lat' dir='ltr'><strong><em>potest,</em></strong></span> <span class='ocrx_word' id='word_1_608' title='bbox 1336 4586 1519 4639; x_wconf 85' lang='lat' dir='ltr'><strong><em>vivere</em></strong></span> <span class='ocrx_word' id='word_1_609' title='bbox 1568 4585 1677 4641; x_wconf 89' lang='lat' dir='ltr'><strong><em>Deo</em></strong></span> <span class='ocrx_word' id='word_1_610' title='bbox 1722 4604 1827 4643; x_wconf 92' lang='lat' dir='ltr'><strong><em>non</em></strong></span> <span class='ocrx_word' id='word_1_611' title='bbox 1874 4599 2067 4659; x_wconf 86' lang='lat' dir='ltr'><strong><em>potest.</em></strong></span> 
     </span>
    </p>
   </div>
   <div class='ocr_carea' id='block_1_80' title="bbox 491 4674 2073 4749">
    <p class='ocr_par' dir='ltr' id='par_1_80' title="bbox 491 4674 2073 4749">
     <span class='ocr_line' id='line_1_81' title="bbox 491 4674 2073 4749; baseline 0.006 -22"><span class='ocrx_word' id='word_1_612' title='bbox 491 4674 635 4727; x_wconf 81' lang='lat' dir='ltr'><strong><em>Audi</em></strong></span> <span class='ocrx_word' id='word_1_613' title='bbox 675 4690 855 4741; x_wconf 89' lang='lat' dir='ltr'><strong><em>nunc,</em></strong></span> <span class='ocrx_word' id='word_1_614' title='bbox 909 4676 1119 4744; x_wconf 87' lang='lat' dir='ltr'><strong><em>inquit,</em></strong></span> <span class='ocrx_word' id='word_1_615' title='bbox 1168 4684 1222 4730; x_wconf 88' lang='lat' dir='ltr'><strong><em>et</em></strong></span> <span class='ocrx_word' id='word_1_616' title='bbox 1267 4678 1547 4745; x_wconf 84' lang='lat' dir='ltr'><strong><em>sequentia</em></strong></span> <span class='ocrx_word' id='word_1_617' title='bbox 1595 4694 1786 4733; x_wconf 90' lang='lat' dir='ltr'><strong><em>eorum</em></strong></span> <span class='ocrx_word' id='word_1_618' title='bbox 1837 4681 1969 4749; x_wconf 67' lang='grc'>(24).</span> <span class='ocrx_word' id='word_1_619' title='bbox 2008 4682 2073 4737; x_wconf 91' lang='lat' dir='ltr'><strong><em>Et</em></strong></span> 
     </span>
    </p>
   </div>
   <div class='ocr_carea' id='block_1_81' title="bbox 492 4765 2074 4837">
    <p class='ocr_par' dir='ltr' id='par_1_81' title="bbox 492 4765 2074 4837">
     <span class='ocr_line' id='line_1_82' title="bbox 492 4765 2074 4837; baseline 0.007 -20"><span class='ocrx_word' id='word_1_620' title='bbox 492 4765 713 4834; x_wconf 87' lang='lat' dir='ltr'><strong><em>quidem</em></strong></span> <span class='ocrx_word' id='word_1_621' title='bbox 742 4766 912 4820; x_wconf 86' lang='lat' dir='ltr'><strong><em>multa</em></strong></span> <span class='ocrx_word' id='word_1_622' title='bbox 946 4775 1075 4821; x_wconf 88' lang='lat' dir='ltr'><strong><em>sunt</em></strong></span> <span class='ocrx_word' id='word_1_623' title='bbox 1102 4767 1303 4828; x_wconf 87' lang='lat' dir='ltr'><strong><em>adhuc,</em></strong></span> <span class='ocrx_word' id='word_1_624' title='bbox 1335 4783 1365 4821; x_wconf 86' lang='lat' dir='ltr'><strong><em>a</em></strong></span> <span class='ocrx_word' id='word_1_625' title='bbox 1393 4768 1593 4837; x_wconf 88' lang='lat' dir='ltr'><strong><em>quibus</em></strong></span> <span class='ocrx_word' id='word_1_626' title='bbox 1619 4770 1892 4825; x_wconf 87' lang='lat' dir='ltr'><strong><em>abstinere</em></strong></span> <span class='ocrx_word' id='word_1_627' title='bbox 1915 4772 2074 4828; x_wconf 90' lang='lat' dir='ltr'><strong><em>debet</em></strong></span> 
     </span>
    </p>
   </div>
   <div class='ocr_carea' id='block_1_82' title="bbox 495 4856 2073 4932">
    <p class='ocr_par' dir='ltr' id='par_1_82' title="bbox 495 4856 2073 4932">
     <span class='ocr_line' id='line_1_83' title="bbox 495 4856 2073 4932; baseline 0.006 -22"><span class='ocrx_word' id='word_1_628' title='bbox 495 4869 687 4912; x_wconf 82' lang='lat' dir='ltr'><strong><em>servus</em></strong></span> <span class='ocrx_word' id='word_1_629' title='bbox 718 4856 835 4913; x_wconf 89' lang='lat' dir='ltr'><strong><em>Dei.</em></strong></span> <span class='ocrx_word' id='word_1_630' title='bbox 885 4858 931 4910; x_wconf 89' lang='lat' dir='ltr'><strong>A</strong></span> <span class='ocrx_word' id='word_1_631' title='bbox 979 4857 1163 4925; x_wconf 80' lang='lat' dir='ltr'><strong><em>furto,</em></strong></span> <span class='ocrx_word' id='word_1_632' title='bbox 1206 4858 1275 4913; x_wconf 87' lang='lat' dir='ltr'><strong><em>ab</em></strong></span> <span class='ocrx_word' id='word_1_633' title='bbox 1310 4858 1669 4930; x_wconf 77' lang='lat' dir='ltr'><strong><em>abnegatione</em></strong></span> <span class='ocrx_word' id='word_1_634' title='bbox 1697 4862 1834 4932; x_wconf 75' lang='grc'>(25),</span> <span class='ocrx_word' id='word_1_635' title='bbox 1865 4878 1895 4917; x_wconf 87' lang='lat' dir='ltr'><strong><em>a</em></strong></span> <span class='ocrx_word' id='word_1_636' title='bbox 1935 4864 2073 4920; x_wconf 84' lang='lat' dir='ltr'><strong><em>falso</em></strong></span> 
     </span>
    </p>
   </div>
   <div class='ocr_carea' id='block_1_83' title="bbox 2169 4493 3753 4566">
    <p class='ocr_par' dir='ltr' id='par_1_83' title="bbox 2169 4493 3753 4566">
     <span class='ocr_line' id='line_1_84' title="bbox 2169 4493 3753 4566; baseline -0.003 -17"><span class='ocrx_word' id='word_1_637' title='bbox 2169 4515 2286 4551; x_wconf 92' lang='grc' dir='ltr'><strong><em>πων</em></strong></span> <span class='ocrx_word' id='word_1_638' title='bbox 2307 4515 2320 4527; x_wconf 91' lang='grc'><strong>·</strong></span> <span class='ocrx_word' id='word_1_639' title='bbox 2355 4498 2560 4551; x_wconf 86' lang='grc' dir='ltr'>τούτων</span> <span class='ocrx_word' id='word_1_640' title='bbox 2592 4493 2685 4549; x_wconf 84' lang='grc' dir='ltr'>οὖν</span> <span class='ocrx_word' id='word_1_641' title='bbox 2718 4496 2826 4548; x_wconf 85' lang='grc' dir='ltr'><strong><em>τῶν</em></strong></span> <span class='ocrx_word' id='word_1_642' title='bbox 2859 4495 3035 4566; x_wconf 75' lang='grc' dir='ltr'>ἔργων</span> <span class='ocrx_word' id='word_1_643' title='bbox 3067 4494 3147 4547; x_wconf 85' lang='grc' dir='ltr'><strong><em>δεῖ</em></strong></span> <span class='ocrx_word' id='word_1_644' title='bbox 3191 4493 3624 4564; x_wconf 84' lang='grc' dir='ltr'>ἐγκρατεύεσθαι</span> <span class='ocrx_word' id='word_1_645' title='bbox 3668 4494 3753 4545; x_wconf 73' lang='grc' dir='ltr'>τὸν</span> 
     </span>
    </p>
   </div>
   <div class='ocr_carea' id='block_1_84' title="bbox 2167 4584 3750 4657">
    <p class='ocr_par' dir='ltr' id='par_1_84' title="bbox 2167 4584 3750 4657">
     <span class='ocr_line' id='line_1_85' title="bbox 2167 4584 3750 4657; baseline -0.003 -16"><span class='ocrx_word' id='word_1_646' title='bbox 2167 4589 2351 4642; x_wconf 81' lang='grc' dir='ltr'>δοῦλον</span> <span class='ocrx_word' id='word_1_647' title='bbox 2382 4588 2476 4641; x_wconf 80' lang='grc' dir='ltr'>τοῦ</span> <span class='ocrx_word' id='word_1_648' title='bbox 2519 4587 2675 4641; x_wconf 80' lang='grc' dir='ltr'>Θεοῦ.</span> <span class='ocrx_word' id='word_1_649' title='bbox 2713 4587 2771 4639; x_wconf 87' lang='grc' dir='ltr'>Ὁ</span> <span class='ocrx_word' id='word_1_650' title='bbox 2803 4585 2912 4657; x_wconf 85' lang='grc' dir='ltr'>γὰρ</span> <span class='ocrx_word' id='word_1_651' title='bbox 2941 4586 3013 4657; x_wconf 85' lang='grc' dir='ltr'>μὴ</span> <span class='ocrx_word' id='word_1_652' title='bbox 3038 4585 3503 4656; x_wconf 82' lang='grc' dir='ltr'>ἐγκρατευόμενος</span> <span class='ocrx_word' id='word_1_653' title='bbox 3527 4584 3750 4645; x_wconf 83' lang='grc' dir='ltr'>τούτων,</span> 
     </span>
    </p>
   </div>
   <div class='ocr_carea' id='block_1_85' title="bbox 2167 4675 3752 4751">
    <p class='ocr_par' dir='ltr' id='par_1_85' title="bbox 2167 4675 3752 4751">
     <span class='ocr_line' id='line_1_86' title="bbox 2167 4675 3752 4751; baseline -0.003 -18"><span class='ocrx_word' id='word_1_654' title='bbox 2167 4682 2228 4734; x_wconf 81' lang='grc' dir='ltr'>οὐ</span> <span class='ocrx_word' id='word_1_655' title='bbox 2261 4680 2480 4733; x_wconf 89' lang='grc' dir='ltr'>δύναται</span> <span class='ocrx_word' id='word_1_656' title='bbox 2506 4677 2668 4751; x_wconf 83' lang='grc' dir='ltr'>ζῆσαι</span> <span class='ocrx_word' id='word_1_657' title='bbox 2700 4677 2779 4748; x_wconf 87' lang='grc' dir='ltr'>τῷ</span> <span class='ocrx_word' id='word_1_658' title='bbox 2804 4676 2942 4747; x_wconf 81' lang='grc' dir='ltr'>Θεῷ.</span> <span class='ocrx_word' id='word_1_659' title='bbox 2974 4678 3169 4729; x_wconf 77' lang='grc' dir='ltr'>’Ἄκουε</span> <span class='ocrx_word' id='word_1_660' title='bbox 3192 4677 3249 4730; x_wconf 88' lang='grc' dir='ltr'><strong><em>δέ</em></strong></span> <span class='ocrx_word' id='word_1_661' title='bbox 3274 4678 3369 4730; x_wconf 74' lang='grc' dir='ltr'>καὶ</span> <span class='ocrx_word' id='word_1_662' title='bbox 3392 4675 3465 4728; x_wconf 77' lang='grc' dir='ltr'>τὰ</span> <span class='ocrx_word' id='word_1_663' title='bbox 3486 4676 3752 4729; x_wconf 81' lang='grc' dir='ltr'>ἀκόλουθα</span> 
     </span>
    </p>
   </div>
   <div class='ocr_carea' id='block_1_86' title="bbox 2167 4760 3749 4837">
    <p class='ocr_par' dir='ltr' id='par_1_86' title="bbox 2167 4760 3749 4837">
     <span class='ocr_line' id='line_1_87' title="bbox 2167 4760 3749 4837; baseline -0.004 -12"><span class='ocrx_word' id='word_1_664' title='bbox 2167 4771 2400 4825; x_wconf 86' lang='grc' dir='ltr'>τούτων·</span> <span class='ocrx_word' id='word_1_665' title='bbox 2437 4771 2547 4824; x_wconf 76' lang='grc' dir='ltr'><strong><em>Καὶ</em></strong></span> <span class='ocrx_word' id='word_1_666' title='bbox 2581 4768 2749 4822; x_wconf 87' lang='grc' dir='ltr'>πολλά</span> <span class='ocrx_word' id='word_1_667' title='bbox 2780 4770 2916 4821; x_wconf 84' lang='grc' dir='ltr'>εἰσιν</span> <span class='ocrx_word' id='word_1_668' title='bbox 2950 4769 3043 4837; x_wconf 86' lang='grc' dir='ltr'><strong><em>ἀφ’</em></strong></span> <span class='ocrx_word' id='word_1_669' title='bbox 3073 4760 3147 4820; x_wconf 82' lang='grc' dir='ltr'>ὧν</span> <span class='ocrx_word' id='word_1_670' title='bbox 3179 4769 3261 4821; x_wconf 88' lang='grc' dir='ltr'><strong><em>δεῖ</em></strong></span> <span class='ocrx_word' id='word_1_671' title='bbox 3307 4768 3399 4821; x_wconf 85' lang='grc' dir='ltr'><strong><em>τὸν</em></strong></span> <span class='ocrx_word' id='word_1_672' title='bbox 3439 4768 3631 4823; x_wconf 80' lang='grc' dir='ltr'>δοῦλον</span> <span class='ocrx_word' id='word_1_673' title='bbox 3662 4768 3749 4821; x_wconf 70' lang='grc' dir='ltr'><strong><em>τοῦ</em></strong></span> 
     </span>
    </p>
   </div>
   <div class='ocr_carea' id='block_1_87' title="bbox 2168 4856 3745 4934">
    <p class='ocr_par' dir='ltr' id='par_1_87' title="bbox 2168 4856 3745 4934">
     <span class='ocr_line' id='line_1_88' title="bbox 2168 4856 3745 4934; baseline -0.001 -17"><span class='ocrx_word' id='word_1_674' title='bbox 2168 4862 2303 4917; x_wconf 87' lang='grc' dir='ltr'>Θεοῦ</span> <span class='ocrx_word' id='word_1_675' title='bbox 2338 4860 2766 4934; x_wconf 88' lang='grc' dir='ltr'>ἐγκρατεύεσθαι</span> <span class='ocrx_word' id='word_1_676' title='bbox 2789 4900 2803 4925; x_wconf 97' lang='grc'>,</span> <span class='ocrx_word' id='word_1_677' title='bbox 2839 4860 3013 4930; x_wconf 83' lang='grc' dir='ltr'>κλοπὴ</span> <span class='ocrx_word' id='word_1_678' title='bbox 3036 4899 3051 4923; x_wconf 97' lang='grc'>,</span> <span class='ocrx_word' id='word_1_679' title='bbox 3083 4856 3308 4929; x_wconf 73' lang='grc' dir='ltr'>ψεῦδος,</span> <span class='ocrx_word' id='word_1_680' title='bbox 3345 4860 3713 4933; x_wconf 78' lang='grc' dir='ltr'>ἀποστέρησις</span> <span class='ocrx_word' id='word_1_681' title='bbox 3733 4902 3745 4922; x_wconf 88' lang='grc'>,</span> 
     </span>
    </p>
   </div>
   <div class='ocr_carea' id='block_1_88' title="bbox 1574 4990 2600 5055">
    <p class='ocr_par' dir='ltr' id='par_1_88' title="bbox 1574 4990 2600 5055">
     <span class='ocr_line' id='line_1_89' title="bbox 1574 4990 2600 5055; baseline -0.001 -8"><span class='ocrx_word' id='word_1_682' title='bbox 1574 4993 1812 5048; x_wconf 72' lang='lat' dir='ltr'><strong><em>VARUE</em></strong></span> <span class='ocrx_word' id='word_1_683' title='bbox 1850 4994 2233 5055; x_wconf 85' lang='lat' dir='ltr'><strong><em>LECTIONES</em></strong></span> <span class='ocrx_word' id='word_1_684' title='bbox 2267 4995 2356 5052; x_wconf 83' lang='grc' dir='ltr'>ΕΤ</span> <span class='ocrx_word' id='word_1_685' title='bbox 2391 4990 2600 5048; x_wconf 67' lang='lat' dir='ltr'><strong><em>NOTAE</em></strong></span> 
     </span>
    </p>
   </div>
   <div class='ocr_carea' id='block_1_89' title="bbox 566 5102 1757 5175">
    <p class='ocr_par' dir='ltr' id='par_1_89' title="bbox 566 5102 1757 5175">
     <span class='ocr_line' id='line_1_90' title="bbox 566 5102 1757 5175; baseline 0.003 -19"><span class='ocrx_word' id='word_1_686' title='bbox 566 5103 680 5175; x_wconf 67' lang='lat' dir='ltr'><strong><em>(l4)</em></strong></span> <span class='ocrx_word' id='word_1_687' title='bbox 718 5102 873 5175; x_wconf 68' lang='lat' dir='ltr'><strong><em>Dold.</em></strong></span> <span class='ocrx_word' id='word_1_688' title='bbox 906 5105 1214 5158; x_wconf 85' lang='lat' dir='ltr'><strong><em>creationes.</em></strong></span> <span class='ocrx_word' id='word_1_689' title='bbox 1246 5103 1443 5160; x_wconf 83' lang='lat' dir='ltr'><strong><em>Lamb.</em></strong></span> <span class='ocrx_word' id='word_1_690' title='bbox 1468 5107 1757 5160; x_wconf 86' lang='lat' dir='ltr'><strong><em>orationes.</em></strong></span> 
     </span>
    </p>
   </div>
   <div class='ocr_carea' id='block_1_90' title="bbox 567 5173 2073 5245">
    <p class='ocr_par' dir='ltr' id='par_1_90' title="bbox 567 5173 2073 5245">
     <span class='ocr_line' id='line_1_91' title="bbox 567 5173 2073 5245; baseline 0.005 -18"><span class='ocrx_word' id='word_1_691' title='bbox 567 5173 680 5245; x_wconf 81' lang='grc'>(15)</span> <span class='ocrx_word' id='word_1_692' title='bbox 722 5173 798 5226; x_wconf 82' lang='lat' dir='ltr'><strong>Ex</strong></span> <span class='ocrx_word' id='word_1_693' title='bbox 828 5173 1010 5245; x_wconf 85' lang='lat' dir='ltr'><strong><em>Doctr.</em></strong></span> <span class='ocrx_word' id='word_1_694' title='bbox 1042 5175 1111 5245; x_wconf 86' lang='lat' dir='ltr'><strong><em>ad</em></strong></span> <span class='ocrx_word' id='word_1_695' title='bbox 1135 5175 1380 5230; x_wconf 85' lang='lat' dir='ltr'><strong><em>Antioch.</em></strong></span> <span class='ocrx_word' id='word_1_696' title='bbox 1407 5192 1558 5230; x_wconf 90' lang='lat' dir='ltr'><strong><em>num.</em></strong></span> <span class='ocrx_word' id='word_1_697' title='bbox 1589 5176 1645 5232; x_wconf 88' lang='lat'><strong><em>8.</em></strong></span> <span class='ocrx_word' id='word_1_698' title='bbox 1673 5176 1873 5233; x_wconf 81' lang='lat' dir='ltr'><strong><em>Eadem</em></strong></span> <span class='ocrx_word' id='word_1_699' title='bbox 1907 5178 2073 5236; x_wconf 83' lang='lat' dir='ltr'><strong><em>habet</em></strong></span> 
     </span>
    </p>
   </div>
   <div class='ocr_carea' id='block_1_91' title="bbox 492 5241 1140 5299">
    <p class='ocr_par' dir='ltr' id='par_1_91' title="bbox 492 5241 1140 5299">
     <span class='ocr_line' id='line_1_92' title="bbox 492 5241 1140 5299; baseline 0.003 -4"><span class='ocrx_word' id='word_1_700' title='bbox 492 5241 799 5299; x_wconf 81' lang='lat' dir='ltr'><strong><em>Antiochus</em></strong></span> <span class='ocrx_word' id='word_1_701' title='bbox 830 5244 1020 5298; x_wconf 92' lang='lat' dir='ltr'><strong><em>homil.</em></strong></span> <span class='ocrx_word' id='word_1_702' title='bbox 1053 5244 1140 5299; x_wconf 89' lang='lat'><strong><em>79.</em></strong></span> 
     </span>
    </p>
   </div>
   <div class='ocr_carea' id='block_1_92' title="bbox 568 5313 1875 5388">
    <p class='ocr_par' dir='ltr' id='par_1_92' title="bbox 568 5313 1875 5388">
     <span class='ocr_line' id='line_1_93' title="bbox 568 5313 1875 5388; baseline 0.005 -23"><span class='ocrx_word' id='word_1_703' title='bbox 568 5314 681 5388; x_wconf 57' lang='lat' dir='ltr'>(lg)</span> <span class='ocrx_word' id='word_1_704' title='bbox 723 5313 883 5388; x_wconf 58' lang='lat' dir='ltr'><strong><em>forte</em></strong></span> <span class='ocrx_word' id='word_1_705' title='bbox 911 5314 1094 5388; x_wconf 70' lang='lat' dir='ltr'><strong><em>facies.</em></strong></span> <span class='ocrx_word' id='word_1_706' title='bbox 1132 5314 1458 5388; x_wconf 83' lang='lat' dir='ltr'><strong><em>Antiochus,</em></strong></span> <span class='ocrx_word' id='word_1_707' title='bbox 1491 5316 1875 5388; x_wconf 80' lang='grc' dir='ltr'>ἐργαζόμενος.</span> 
     </span>
    </p>
   </div>
   <div class='ocr_carea' id='block_1_93' title="bbox 568 5382 2070 5454">
    <p class='ocr_par' dir='ltr' id='par_1_93' title="bbox 568 5382 2070 5454">
     <span class='ocr_line' id='line_1_94' title="bbox 568 5382 2070 5454; baseline 0.005 -19"><span class='ocrx_word' id='word_1_708' title='bbox 568 5382 679 5454; x_wconf 88' lang='lat' dir='ltr'><strong><em>(l7)</em></strong></span> <span class='ocrx_word' id='word_1_709' title='bbox 723 5382 813 5437; x_wconf 90' lang='lat' dir='ltr'><strong><em>Sic</em></strong></span> <span class='ocrx_word' id='word_1_710' title='bbox 844 5383 1019 5450; x_wconf 89' lang='lat' dir='ltr'><strong><em>Bodl.,</em></strong></span> <span class='ocrx_word' id='word_1_711' title='bbox 1048 5383 1239 5439; x_wconf 83' lang='lat' dir='ltr'><strong><em>Lamb.</em></strong></span> <span class='ocrx_word' id='word_1_712' title='bbox 1272 5395 1326 5440; x_wconf 88' lang='lat' dir='ltr'><strong><em>et</em></strong></span> <span class='ocrx_word' id='word_1_713' title='bbox 1357 5382 1536 5441; x_wconf 50' lang='lat' dir='ltr'><strong><em>Coteli</em></strong></span> <span class='ocrx_word' id='word_1_714' title='bbox 1563 5382 1648 5442; x_wconf 74' lang='grc' dir='ltr'><strong><em>ΑΙ.</em></strong></span> <span class='ocrx_word' id='word_1_715' title='bbox 1682 5382 1889 5443; x_wconf 74' lang='lat' dir='ltr'><strong><em>addunt</em></strong></span> <span class='ocrx_word' id='word_1_716' title='bbox 1921 5406 1934 5443; x_wconf 91' lang='lat'><strong><em>:</em></strong></span> <span class='ocrx_word' id='word_1_717' title='bbox 1964 5386 2070 5442; x_wconf 82' lang='lat' dir='ltr'><strong><em>Re-</em></strong></span> 
     </span>
    </p>
   </div>
   <div class='ocr_carea' id='block_1_94' title="bbox 495 5455 874 5522">
    <p class='ocr_par' dir='ltr' id='par_1_94' title="bbox 495 5455 874 5522">
     <span class='ocr_line' id='line_1_95' title="bbox 495 5455 874 5522; baseline 0 -16"><span class='ocrx_word' id='word_1_718' title='bbox 495 5456 705 5522; x_wconf 80' lang='lat' dir='ltr'><strong><em>spondit</em></strong></span> <span class='ocrx_word' id='word_1_719' title='bbox 722 5455 874 5506; x_wconf 85' lang='lat' dir='ltr'><strong><em>mihi.</em></strong></span> 
     </span>
    </p>
   </div>
   <div class='ocr_carea' id='block_1_95' title="bbox 572 5524 2072 5600">
    <p class='ocr_par' dir='ltr' id='par_1_95' title="bbox 572 5524 2072 5600">
     <span class='ocr_line' id='line_1_96' title="bbox 572 5524 2072 5600; baseline 0.003 -24"><span class='ocrx_word' id='word_1_720' title='bbox 572 5526 686 5593; x_wconf 81' lang='lat' dir='ltr'><strong><em>(l8)</em></strong></span> <span class='ocrx_word' id='word_1_721' title='bbox 724 5524 833 5577; x_wconf 87' lang='lat' dir='ltr'><strong><em>Aut</em></strong></span> <span class='ocrx_word' id='word_1_722' title='bbox 862 5524 1069 5600; x_wconf 69' lang='lat' dir='ltr'><strong><em>legebat</em></strong></span> <span class='ocrx_word' id='word_1_723' title='bbox 1095 5525 1201 5578; x_wconf 79' lang='grc' dir='ltr'>ἀπὸ</span> <span class='ocrx_word' id='word_1_724' title='bbox 1233 5529 1475 5600; x_wconf 84' lang='grc' dir='ltr'>μοιχείας</span> <span class='ocrx_word' id='word_1_725' title='bbox 1498 5568 1512 5591; x_wconf 91' lang='grc'><strong><em>,</em></strong></span> <span class='ocrx_word' id='word_1_726' title='bbox 1563 5529 1826 5600; x_wconf 88' lang='grc' dir='ltr'>πονηρίας</span> <span class='ocrx_word' id='word_1_727' title='bbox 1845 5569 1859 5592; x_wconf 97' lang='grc'><strong><em>,</em></strong></span> <span class='ocrx_word' id='word_1_728' title='bbox 1907 5529 2072 5599; x_wconf 85' lang='grc' dir='ltr'>μεθύ-</span> 
     </span>
    </p>
   </div>
   <div class='ocr_carea' id='block_1_96' title="bbox 500 5594 2072 5670">
    <p class='ocr_par' dir='ltr' id='par_1_96' title="bbox 500 5594 2072 5670">
     <span class='ocr_line' id='line_1_97' title="bbox 500 5594 2072 5670; baseline 0.005 -24"><span class='ocrx_word' id='word_1_729' title='bbox 500 5603 841 5670; x_wconf 41' lang='grc' dir='ltr'>σματοςηουι</span> <span class='ocrx_word' id='word_1_730' title='bbox 860 5594 1206 5670; x_wconf 77' lang='grc' dir='ltr'>μεθύσματος</span> <span class='ocrx_word' id='word_1_731' title='bbox 1228 5594 1491 5670; x_wconf 72' lang='lat' dir='ltr'><strong><em>iungebat</em></strong></span> <span class='ocrx_word' id='word_1_732' title='bbox 1517 5614 1640 5653; x_wconf 92' lang='lat' dir='ltr'><strong><em>cum</em></strong></span> <span class='ocrx_word' id='word_1_733' title='bbox 1666 5594 1799 5655; x_wconf 48' lang='lat' dir='ltr'><strong><em>v&#39;oce</em></strong></span> <span class='ocrx_word' id='word_1_734' title='bbox 1830 5594 1952 5670; x_wconf 66' lang='lat' dir='ltr'><strong><em>quin</em></strong></span> <span class='ocrx_word' id='word_1_735' title='bbox 1983 5615 2072 5654; x_wconf 84' lang='lat' dir='ltr'><strong><em>se-</em></strong></span> 
     </span>
    </p>
   </div>
   <div class='ocr_carea' id='block_1_97' title="bbox 497 5612 2066 5788">
    <p class='ocr_par' dir='ltr' id='par_1_97' title="bbox 497 5612 2066 5788">
     <span class='ocr_line' id='line_1_98' title="bbox 500 5612 2066 5718; baseline 0.005 -72"><span class='ocrx_word' id='word_1_736' title='bbox 500 5612 721 5664; x_wconf 86' lang='grc' dir='ltr'>σματος,</span> <span class='ocrx_word' id='word_1_737' title='bbox 749 5612 1206 5718; x_wconf 57' lang='grc' dir='ltr'>δυιῖιευυσματος</span> <span class='ocrx_word' id='word_1_738' title='bbox 1228 5612 1491 5677; x_wconf 71' lang='lat' dir='ltr'><strong><em>Jungebat</em></strong></span> <span class='ocrx_word' id='word_1_739' title='bbox 1517 5614 1640 5653; x_wconf 92' lang='lat' dir='ltr'><strong><em>cum</em></strong></span> <span class='ocrx_word' id='word_1_740' title='bbox 1666 5616 1799 5681; x_wconf 84' lang='lat' dir='ltr'><strong><em>voce</em></strong></span> <span class='ocrx_word' id='word_1_741' title='bbox 1830 5616 1952 5670; x_wconf 67' lang='lat' dir='ltr'><strong><em>quin</em></strong></span> <span class='ocrx_word' id='word_1_742' title='bbox 1983 5615 2066 5681; x_wconf 77' lang='lat' dir='ltr'><strong><em>se—</em></strong></span> 
     </span>
     <span class='ocr_line' id='line_1_99' title="bbox 497 5665 2066 5788; baseline 0.006 -73"><span class='ocrx_word' id='word_1_743' title='bbox 710 5665 849 5735; x_wconf 86' lang='grc' dir='ltr'>ἀνομ</span> <span class='ocrx_word' id='word_1_744' title='bbox 874 5681 938 5728; x_wconf 86' lang='grc' dir='ltr'><strong><em>ας</em></strong></span> <span class='ocrx_word' id='word_1_745' title='bbox 958 5705 971 5730; x_wconf 93' lang='grc'>,</span> <span class='ocrx_word' id='word_1_746' title='bbox 1020 5677 1164 5731; x_wconf 78' lang='lat' dir='ltr'><strong><em>Sicut</em></strong></span> <span class='ocrx_word' id='word_1_747' title='bbox 1196 5668 1457 5724; x_wconf 79' lang='lat' dir='ltr'><strong><em>exhibent</em></strong></span> <span class='ocrx_word' id='word_1_748' title='bbox 1493 5670 1601 5725; x_wconf 89' lang='lat' dir='ltr'><strong><em>duo</em></strong></span> <span class='ocrx_word' id='word_1_749' title='bbox 1633 5671 1849 5740; x_wconf 79' lang='lat' dir='ltr'><strong><em>codices</em></strong></span> <span class='ocrx_word' id='word_1_750' title='bbox 1880 5669 2066 5786; x_wconf 48' lang='lat' dir='ltr'><strong><em>Degis.</em></strong></span> 
     </span>
    </p>
   </div>
   <div class='ocr_carea' id='block_1_98' title="bbox 545 5750 1892 5789">
    <p class='ocr_par' dir='ltr' id='par_1_98' title="bbox 545 5750 1892 5789">
     <span class='ocr_line' id='line_1_100' title="bbox 545 5750 1892 5789; baseline -0.002 -1"><span class='ocrx_word' id='word_1_751' title='bbox 545 5750 629 5789; x_wconf 77' lang='grc' dir='ltr'><strong><em>υτ.</em></strong></span> <span class='ocrx_word' id='word_1_752' title='bbox 1884 5776 1892 5785; x_wconf 96' lang='grc'><strong><em>.</em></strong></span> 
     </span>
    </p>
   </div>
   <div class='ocr_carea' id='block_1_99' title="bbox 2239 5102 3153 5177">
    <p class='ocr_par' dir='ltr' id='par_1_99' title="bbox 2239 5102 3153 5177">
     <span class='ocr_line' id='line_1_101' title="bbox 2239 5102 3153 5177; baseline -0.004 -16"><span class='ocrx_word' id='word_1_753' title='bbox 2239 5107 2352 5177; x_wconf 82' lang='lat' dir='ltr'><strong><em>(l9)</em></strong></span> <span class='ocrx_word' id='word_1_754' title='bbox 2393 5104 2546 5177; x_wconf 69' lang='lat' dir='ltr'><strong><em>Bodl.</em></strong></span> <span class='ocrx_word' id='word_1_755' title='bbox 2578 5112 2633 5157; x_wconf 89' lang='lat' dir='ltr'><strong><em>et</em></strong></span> <span class='ocrx_word' id='word_1_756' title='bbox 2659 5102 2851 5177; x_wconf 83' lang='lat' dir='ltr'><strong><em>Lamb.</em></strong></span> <span class='ocrx_word' id='word_1_757' title='bbox 2883 5104 3153 5177; x_wconf 78' lang='lat' dir='ltr'><strong><em>conviviis.</em></strong></span> 
     </span>
    </p>
   </div>
   <div class='ocr_carea' id='block_1_100' title="bbox 2238 5174 2955 5248">
    <p class='ocr_par' dir='ltr' id='par_1_100' title="bbox 2238 5174 2955 5248">
     <span class='ocr_line' id='line_1_102' title="bbox 2238 5174 2955 5248; baseline -0.004 -18"><span class='ocrx_word' id='word_1_758' title='bbox 2238 5174 2351 5248; x_wconf 60' lang='grc'>(⁷20)</span> <span class='ocrx_word' id='word_1_759' title='bbox 2394 5174 2584 5248; x_wconf 75' lang='lat' dir='ltr'><strong><em>Lamb.</em></strong></span> <span class='ocrx_word' id='word_1_760' title='bbox 2618 5174 2955 5248; x_wconf 78' lang='lat' dir='ltr'><strong><em>abnegantia.</em></strong></span> 
     </span>
    </p>
   </div>
   <div class='ocr_carea' id='block_1_101' title="bbox 2239 5244 3194 5316">
    <p class='ocr_par' dir='ltr' id='par_1_101' title="bbox 2239 5244 3194 5316">
     <span class='ocr_line' id='line_1_103' title="bbox 2239 5244 3194 5316; baseline -0.003 -16"><span class='ocrx_word' id='word_1_761' title='bbox 2239 5244 2352 5316; x_wconf 78' lang='grc'>(21)</span> <span class='ocrx_word' id='word_1_762' title='bbox 2391 5244 2586 5316; x_wconf 78' lang='lat' dir='ltr'><strong><em>Lamb.</em></strong></span> <span class='ocrx_word' id='word_1_763' title='bbox 2619 5244 2822 5297; x_wconf 86' lang='lat' dir='ltr'><strong><em>omittit</em></strong></span> <span class='ocrx_word' id='word_1_764' title='bbox 2846 5244 3194 5316; x_wconf 81' lang='lat' dir='ltr'><strong><em>detractione.</em></strong></span> 
     </span>
    </p>
   </div>
   <div class='ocr_carea' id='block_1_102' title="bbox 2236 5313 3271 5383">
    <p class='ocr_par' dir='ltr' id='par_1_102' title="bbox 2236 5313 3271 5383">
     <span class='ocr_line' id='line_1_104' title="bbox 2236 5313 3271 5383; baseline -0.002 -14"><span class='ocrx_word' id='word_1_765' title='bbox 2236 5313 2350 5383; x_wconf 84' lang='grc'>(22)</span> <span class='ocrx_word' id='word_1_766' title='bbox 2390 5313 2587 5368; x_wconf 83' lang='lat' dir='ltr'><strong><em>Lamb.</em></strong></span> <span class='ocrx_word' id='word_1_767' title='bbox 2617 5315 2869 5366; x_wconf 82' lang='lat' dir='ltr'><strong><em>memoria</em></strong></span> <span class='ocrx_word' id='word_1_768' title='bbox 2896 5313 3271 5382; x_wconf 87' lang='lat' dir='ltr'><strong><em>malignitatis.</em></strong></span> 
     </span>
    </p>
   </div>
   <div class='ocr_carea' id='block_1_103' title="bbox 2236 5380 3736 5457">
    <p class='ocr_par' dir='ltr' id='par_1_103' title="bbox 2236 5380 3736 5457">
     <span class='ocr_line' id='line_1_105' title="bbox 2236 5380 3736 5457; baseline -0.003 -17"><span class='ocrx_word' id='word_1_769' title='bbox 2236 5380 2350 5457; x_wconf 80' lang='grc'>(25)</span> <span class='ocrx_word' id='word_1_770' title='bbox 2382 5385 2579 5457; x_wconf 59' lang='lat' dir='ltr'><strong><em>ﬁrma</em></strong></span> <span class='ocrx_word' id='word_1_771' title='bbox 2634 5380 3159 5457; x_wconf 81' lang='lat' dir='ltr'><strong><em>pseudo-Athanasii</em></strong></span> <span class='ocrx_word' id='word_1_772' title='bbox 3189 5392 3241 5439; x_wconf 86' lang='lat' dir='ltr'><strong><em>et</em></strong></span> <span class='ocrx_word' id='word_1_773' title='bbox 3291 5380 3594 5451; x_wconf 87' lang='lat' dir='ltr'><strong><em>Antioch.,</em></strong></span> <span class='ocrx_word' id='word_1_774' title='bbox 3643 5396 3736 5440; x_wconf 87' lang='lat' dir='ltr'><strong><em>etc.</em></strong></span> 
     </span>
    </p>
   </div>
   <div class='ocr_carea' id='block_1_104' title="bbox 2164 5454 2741 5539">
    <p class='ocr_par' dir='ltr' id='par_1_104' title="bbox 2164 5454 2741 5539">
     <span class='ocr_line' id='line_1_106' title="bbox 2164 5454 2741 5539; baseline -0.003 -30"><span class='ocrx_word' id='word_1_775' title='bbox 2164 5454 2345 5539; x_wconf 61' lang='grc' dir='ltr'>πάσης</span> <span class='ocrx_word' id='word_1_776' title='bbox 2375 5454 2741 5539; x_wconf 53' lang='grc' dir='ltr'>βλασφημίας.</span> 
     </span>
    </p>
   </div>
   <div class='ocr_carea' id='block_1_105' title="bbox 2237 5521 3737 5596">
    <p class='ocr_par' dir='ltr' id='par_1_105' title="bbox 2237 5521 3737 5596">
     <span class='ocr_line' id='line_1_107' title="bbox 2237 5521 3737 5596; baseline -0.003 -16"><span class='ocrx_word' id='word_1_777' title='bbox 2237 5521 2351 5596; x_wconf 58' lang='grc' dir='ltr'>(2ῗ4)</span> <span class='ocrx_word' id='word_1_778' title='bbox 2376 5521 2535 5581; x_wconf 65' lang='lat' dir='ltr'><strong><em>Mss.</em></strong></span> <span class='ocrx_word' id='word_1_779' title='bbox 2553 5521 2737 5578; x_wconf 80' lang='lat' dir='ltr'><strong><em>Carm.</em></strong></span> <span class='ocrx_word' id='word_1_780' title='bbox 2764 5533 2817 5578; x_wconf 88' lang='lat' dir='ltr'><strong><em>et</em></strong></span> <span class='ocrx_word' id='word_1_781' title='bbox 2840 5521 2982 5596; x_wconf 67' lang='lat' dir='ltr'><strong><em>Vict.</em></strong></span> <span class='ocrx_word' id='word_1_782' title='bbox 3012 5524 3219 5578; x_wconf 89' lang='lat' dir='ltr'><strong><em>horum.</em></strong></span> <span class='ocrx_word' id='word_1_783' title='bbox 3247 5523 3438 5577; x_wconf 78' lang='lat' dir='ltr'><strong><em>Adhuc</em></strong></span> <span class='ocrx_word' id='word_1_784' title='bbox 3467 5541 3597 5595; x_wconf 82' lang='lat' dir='ltr'><strong><em>ergo</em></strong></span> <span class='ocrx_word' id='word_1_785' title='bbox 3627 5538 3737 5578; x_wconf 84' lang='lat' dir='ltr'><strong><em>sunt</em></strong></span> 
     </span>
    </p>
   </div>
   <div class='ocr_carea' id='block_1_106' title="bbox 2166 5595 3106 5667">
    <p class='ocr_par' dir='ltr' id='par_1_106' title="bbox 2166 5595 3106 5667">
     <span class='ocr_line' id='line_1_108' title="bbox 2166 5595 3106 5667; baseline -0.004 -16"><span class='ocrx_word' id='word_1_786' title='bbox 2166 5595 2437 5667; x_wconf 73' lang='lat' dir='ltr'><strong><em>sequentia</em></strong></span> <span class='ocrx_word' id='word_1_787' title='bbox 2471 5596 2677 5657; x_wconf 90' lang='lat' dir='ltr'><strong><em>horum,</em></strong></span> <span class='ocrx_word' id='word_1_788' title='bbox 2705 5595 2971 5667; x_wconf 65' lang='lat' dir='ltr'><strong><em>aquibus,</em></strong></span> <span class='ocrx_word' id='word_1_789' title='bbox 3001 5603 3106 5650; x_wconf 86' lang='lat' dir='ltr'><strong><em>etc.</em></strong></span> 
     </span>
    </p>
   </div>
   <div class='ocr_carea' id='block_1_107' title="bbox 2154 5664 3737 5736">
    <p class='ocr_par' dir='ltr' id='par_1_107' title="bbox 2154 5664 3737 5736">
     <span class='ocr_line' id='line_1_109' title="bbox 2154 5664 3737 5736; baseline -0.003 -15"><span class='ocrx_word' id='word_1_790' title='bbox 2154 5717 2188 5736; x_wconf 45' lang='grc'><strong><em>,-</em></strong></span> <span class='ocrx_word' id='word_1_791' title='bbox 2234 5664 2353 5736; x_wconf 85' lang='grc'>(25)</span> <span class='ocrx_word' id='word_1_792' title='bbox 2395 5664 2773 5736; x_wconf 14' lang='grc' dir='ltr'><strong><em>Ιλειῐιὶ).ί-θρυᾴ</em></strong></span> <span class='ocrx_word' id='word_1_793' title='bbox 2803 5665 3425 5736; x_wconf 36' lang='grc' dir='ltr'>Οιειὶρυιηνηεραιὶοηε.</span> <span class='ocrx_word' id='word_1_794' title='bbox 3456 5665 3640 5721; x_wconf 88' lang='lat' dir='ltr'><strong><em>Fellus</em></strong></span> <span class='ocrx_word' id='word_1_795' title='bbox 3667 5676 3737 5718; x_wconf 84' lang='lat' dir='ltr'><strong><em>ta-</em></strong></span> 
     </span>
    </p>
   </div>
   <div class='ocr_carea' id='block_1_108' title="bbox 2051 5731 3736 5813">
    <p class='ocr_par' dir='ltr' id='par_1_108' title="bbox 2051 5731 3736 5813">
     <span class='ocr_line' id='line_1_110' title="bbox 2051 5731 3736 5813; baseline -0.004 -20"><span class='ocrx_word' id='word_1_796' title='bbox 2051 5752 2068 5769; x_wconf 73' lang='grc'><strong>*</strong></span> <span class='ocrx_word' id='word_1_797' title='bbox 2167 5731 2292 5793; x_wconf 79' lang='lat' dir='ltr'><strong><em>inen</em></strong></span> <span class='ocrx_word' id='word_1_798' title='bbox 2325 5731 2382 5793; x_wconf 82' lang='lat' dir='ltr'><strong><em>in</em></strong></span> <span class='ocrx_word' id='word_1_799' title='bbox 2418 5752 2519 5794; x_wconf 89' lang='lat' dir='ltr'><strong><em>sua</em></strong></span> <span class='ocrx_word' id='word_1_800' title='bbox 2550 5731 2682 5793; x_wconf 72' lang='lat' dir='ltr'><strong><em>edit.</em></strong></span> <span class='ocrx_word' id='word_1_801' title='bbox 2725 5734 2903 5791; x_wconf 82' lang='lat' dir='ltr'><strong><em>Oxon.</em></strong></span> <span class='ocrx_word' id='word_1_802' title='bbox 2957 5753 2989 5789; x_wconf 91' lang='lat' dir='ltr'><strong><em>a</em></strong></span> <span class='ocrx_word' id='word_1_803' title='bbox 3028 5731 3435 5813; x_wconf 64' lang='lat' dir='ltr'><strong><em>defraudatione</em></strong></span> <span class='ocrx_word' id='word_1_804' title='bbox 3461 5777 3478 5801; x_wconf 83' lang='lat'><strong><em>,</em></strong></span> <span class='ocrx_word' id='word_1_805' title='bbox 3529 5754 3563 5790; x_wconf 89' lang='lat' dir='ltr'><strong><em>a</em></strong></span> <span class='ocrx_word' id='word_1_806' title='bbox 3608 5736 3736 5805; x_wconf 67' lang='grc' dir='ltr'>[σιω</span> 
     </span>
    </p>
   </div>
  </div>
