3822 6218
86 264 207 322 833
1116 265 1407 322 PASTOR
1441 296 1511 307 —-—
1544 264 1674 323 [ΗΒ.

1825 265 2215 325 ΜΑΝΒΛΤῙΙΜ
2254 266 2388 323 VIII.
3282 269 3386 328 θδι

85 380 573 452 ψευδομαρτυρία,
603 380 904 447 πλεονεξία,
933 382 1219 448 ἀλαζονεία
1259 386 1354 438 καὶ
1379 387 1478 439 ὅσα
1497 386 1699 450 τούτοις

1813 389 2146 455 testimonio,
2176 404 2206 443 a
2240 387 2559 458 cupiditate,
2592 404 2622 444 a
2652 386 2928 459 superbia,
2957 395 3013 443 et
3043 403 3386 459 quacunque

86 470 290 541 ὅμοια.
330 473 393 523 Ei
414 468 664 524 οὖνδοκεῖ
690 490 768 525 σοι
794 473 1006 544 πονηρὰ
1030 471 1167 527 εἶναι
1199 476 1369 529 ταῦτα
1399 478 1543 548 (26);
1593 478 1699 531 Καὶ

1813 478 1873 533 iis
1903 478 2104 533 similia
2138 487 2284 533 sunt.
2317 478 2583 534 Videntur
2611 494 2741 550 ergo
2768 480 2865 533 tibi
2906 478 3023 533 hac
3055 480 3193 532 mala
3226 494 3382 544 esse,

87 560 228 614 λίαν
264 561 480 633 πονηρά
504 564 617 625 τοῖς
648 563 853 627 δούλοις
884 564 977 615 τοῦ
1012 566 1167 620 Θεοῦ.
1188 568 1583 639 Ἑγκράτευσαι
1610 565 1699 622 οὖν

1813 582 1875 621 an
1905 568 2053 621 non?
2082 567 2349 637 Equidem
2388 569 2544 623 valde
2582 569 2726 622 mala
2756 578 2883 623 sunt
2924 570 3096 624 servis
3136 568 3251 622 Dei.
3301 568 3385 623 Ab

90 651 215 704 ἀπὸ
240 652 486 716 πάντων,
514 652 600 705 ἵνα
626 652 797 726 ζήσῃς
820 654 898 726 τῷ
917 655 1055 725 Θεῷ,
1081 658 1174 709 καὶ
1208 659 1531 730 ἐγγραφήσῃ
1567 657 1699 729 μετά

1813 658 1891 713 his
1924 674 2054 730 ergo
2084 659 2343 713 omnibus
2379 658 2491 730 (27)
2527 659 2687 713 debet
2721 660 2998 714 abstinere
3025 675 3216 714 servus
3261 658 3381 715 Dei.

88 744 215 796 τῶν
252 745 758 815 ἐγκρατευομένων.
801 747 867 798 Ἃ
904 748 998 817 μὲν
1025 744 1116 801 οὖν
1140 749 1219 801 δεῖ
1250 750 1699 821 ὲγκρατεύεσθαι,

1813 749 2036 805 Abstine
2063 767 2193 821 ergo
2219 751 2288 804 ab
2320 750 2579 805 omnibus
2604 752 2713 814 his,
2742 760 2802 805 ut
2837 752 2990 806 vivas
3020 751 3160 815 Deo,
3188 760 3241 806 et
3269 750 3384 821 (‘28)

89 836 288 890 ταῦτά
324 839 490 889 ἐστιν.
527 838 593 888 Ἃ
624 837 680 890 δὲ
725 838 805 891 δεῖ
837 857 895 891 σε
947 841 1020 910 μὴ
1055 841 1515 912 ἐγκρατεύεσθαι,
1571 840 1699 894 ἀλλά

1813 841 2070 896 scribaris
2104 858 2226 895 cum
2260 842 2682 896 abstinentibus.
2721 843 2764 895 A
2796 843 2998 911 quibus
3025 857 3154 912 ergo
3186 842 3386 896 debeas

91 932 308 993 ποιεῖν,
337 930 501 982 ἄκουε
521 946 535 959 ·
564 931 781 984 πάντων
809 932 1026 1004 πρῶτον
1054 934 1254 997 πίστις,
1288 934 1449 1004 φόϐος
1474 936 1699 1006 Κυρίου,

1813 933 2105 1000 abstinere,
2142 933 2233 986 illa
2284 943 2432 988 sunt.
2487 934 2533 986 A
2564 933 2764 1003 quibus
2805 942 2986 988 autem
3036 949 3143 987 non
3186 934 3387 988 debeas

91 1020 373 1089 ὁμόνοια,
426 1020 656 1091 ἀγάπη,
726 1022 945 1092 ῥήματα
1001 1024 1381 1096 δικαιοσύνης,
1441 1026 1699 1097 ἀλήθεια,

1813 1023 2101 1086 abstinere,
2153 1024 2300 1080 andi.
2352 1024 2437 1077 Ab
2475 1025 2733 1077 omnibus
2777 1023 2937 1077 bonis
2979 1022 3238 1090 operibus
3273 1022 3388 1075 noli

96 1113 383 1183 ὑπομονὴ.
422 1112 638 1165 Τούτων
670 1114 1014 1186 ἀγαθώτερον
1049 1117 1200 1169 οὐδέν
1234 1118 1381 1170 ἐστιν
1405 1118 1464 1169 ἐν
1495 1121 1562 1188 τῇ
1590 1117 1699 1189 ζωῇ

1813 1115 2104 1175 abstinere,
2154 1116 2246 1169 sed
2298 1114 2382 1169 fac
2416 1116 2529 1168 illa.
2558 1116 2722 1177 Audi,
2759 1113 2958 1183 inquit,
2992 1112 3248 1165 virtutem
3281 1112 3387 1165 bo-

93 1204 216 1257 τῶν
271 1204 610 1275 ἀνθρώπων·
665 1205 836 1258 ταῦτα
887 1208 981 1259 ἐάν
1014 1216 1096 1270 τις
1150 1209 1448 1278 φυλάσσει,
1501 1210 1595 1262 καὶ
1632 1210 1699 1280 μὴ

1813 1222 2003 1259 norum
2038 1220 2264 1274 operum
2293 1220 2415 1274 quae
2438 1204 2637 1259 debeas
2670 1204 2910 1273 operari,
2958 1214 3017 1255 ut
3056 1202 3240 1256 salvus
3264 1215 3388 1255 esse

97 1295 511 1367 ἐγκρατεύεται
543 1298 638 1349 ἀπ’
673 1296 873 1363 αὐτῶν,
915 1300 1184 1371 μακάριός
1218 1302 1365 1353 ἐστιν
1400 1303 1458 1354 ὲν
1489 1303 1555 1372 τῇ
1592 1300 1699 1372 ζωῇ

1813 1298 2007 1367 possis.
2041 1296 2287 1350 Primum
2334 1296 2580 1349 omnium
2628 1303 2712 1349 est
2755 1294 2912 1358 fides,
2950 1295 3113 1347 timor
3142 1291 3381 1357 Domini,

97 1386 304 1443 αὐτοῦ.
342 1384 476 1441 Εἶτα
509 1389 713 1441 τούτων
745 1388 814 1441 τὰ
847 1390 1113 1443 ἀκόλουθα
1147 1390 1340 1444 ἄκουεν
1367 1393 1538 1462 χήρας
1567 1393 1699 1461 ὑπη-

1813 1389 2070 1455 Charitas,
2096 1389 2411 1453 concordia,
2437 1388 2664 1455 atquitas
2689 1384 2827 1454 (29),
2848 1386 3070 1446 veritas,
3097 1384 3384 1454 patientia,

104 1484 318 1551 ρετεῖν,
355 1480 447 1533 καὶ
481 1482 749 1552 ὀρφανοὺς
781 1482 1206 1554 ύστερουμένους
1246 1484 1664 1537 ἐπισκέπτεσθαι
1688 1525 1703 1549 ,

104 1569 167 1635 ἐξ
202 1569 456 1639 ἀνάγκης
486 1569 866 1641 λυτρώσασθαι
892 1572 1019 1634 τοὺς
1048 1571 1267 1634 δούλους
1300 1572 1392 1625 τοῦ
1426 1572 1582 1636 Θεοῦ,
1620 1591 1707 1641 φι-

102 1659 328 1724 λόξενον
362 1655 521 1722 εἶναι,
556 1661 613 1712 ὲν
646 1660 755 1732 γὰρ
787 1664 852 1731 τῇ
891 1660 1165 1732 φιλοξενίᾳ
1210 1663 1522 1733 εὑρίσκεται
1570 1666 1707 1732 ἀγα-

1806 1479 2055 1535 castitas.
2091 1477 2162 1532 Iis
2190 1480 2325 1532 nihil
2357 1488 2440 1533 est
2474 1480 2669 1531 melius
2701 1478 2753 1530 in
2788 1479 2893 1531 vita
2927 1478 3206 1531 hominum
3229 1518 3242 1541 ,
3289 1475 3386 1546 qui

1809 1572 1925 1626 hmo
1950 1572 2305 1625 custodierint
2326 1581 2378 1624 et
2409 1570 2640 1625 fecerint
2662 1571 2716 1623 in
2746 1569 2849 1623 vita
2882 1586 2980 1624 sua
3009 1569 3145 1640 (ὅθ).
3182 1569 3387 1623 Deinde

1810 1664 2004 1717 horum
2034 1663 2314 1732 sequentia
2345 1662 2492 1717 audi.
2528 1661 2714 1715 Viduis
2742 1662 3147 1727 administrare,
3182 1660 3388 1730 orpha-

106 1750 429 1821 θοποίησις’
496 1750 717 1822 ἡσύχιον
781 1748 959 1817 εἶναι,
1026 1753 1361 1826 ἐνδεέστερον
1419 1755 1699 1823 γενέσθαι,

1813 1770 1910 1809 nos
1929 1763 1982 1808 et
1999 1771 2263 1824 pauperes
2284 1770 2393 1808 non
2412 1755 2713 1823 despicere,
2731 1764 2783 1808 et
2804 1769 2993 1809 servos
3012 1752 3183 1807 Deiex
3201 1767 3389 1807 neces-

102 1842 296 1895 πάντα
331 1842 612 1913 ἄνθρωπον
647 1843 957 1914 πρεσϐύτην
986 1844 1257 1909 σέϐεσθαι,
1284 1846 1473 1899 ἀσκεῖν
1505 1848 1711 1902 δικαιο-

106 1932 309 2004 σύνην,
346 1934 681 2004 ἀδελφότητα
716 1938 1024 2006 συντηρεῖν,
1062 1934 1220 2007 ὓϐριν
1254 1938 1566 2011 ὑποφέρειν,
1601 1960 1708 2011 μα-

104 2022 403 2094 κρὸθυμον
436 2019 606 2088 εἶναι,
642 2025 1044 2095 ἀμνησίκακον,
1094 2027 1401 2096 κάμνοντας
1450 2031 1513 2099 τῇ
1560 2030 1706 2102 ψυχῇ

105 2115 457 2186 παρακαλεῖν
478 2155 493 2179 ,
540 2117 1061 2187 ἐσκανδαλισμένους
1095 2118 1202 2171 ἀπὸ
1233 2120 1331 2189 τῆς
1364 2120 1597 2184 πίστεως
1631 2122 1704 2194 μὴ

107 2206 507 2272 ἀποϐαλέσθαι,
545 2208 657 2260 ἀλλ’
691 2210 1040 2281 ἐπιστρέφειν
1073 2210 1167 2262 καὶ⁸
1204 2210 1469 2282 ἐνθύμους
1509 2218 1704 2280 ποιεῖν,

1809 1850 1968 1903 sitate
1996 1849 2282 1911 redimere,
2315 1846 2638 1916 hospitalem
2664 1862 2819 1913 esse;
2864 1846 3231 1915 hospitalitate
3268 1845 3388 1917 (51)

1807 1941 1955 1995 enim
1993 1940 2266 1994 invenitur
2296 1939 2591 2008 aliquando
2624 1938 2838 1992 fructus
2868 1939 3046 1992 bonus
3076 1957 3088 1991 :
3118 1953 3226 1992 non
3252 1953 3388 1992 con-

1806 2032 2097 2097 tradicere,
2129 2029 2376 2100 quietum
2407 2044 2551 2094 esse,
2584 2029 2952 2081 humillimum
2979 2027 3091 2099 (52)
3120 2024 3233 2082 ﬁeri
3262 2040 3387 2084 0m-

1806 2123 1961 2177 nium
1997 2122 2280 2176 hominum
2308 2160 2322 2184 ,
2357 2121 2597 2189 majores
2640 2129 2772 2173 natu
2806 2121 2983 2175 colere
3005 2163 3019 2186 ,
3054 2122 3271 2176 studere
3295 2124 3388 2193 ju-

1801 2218 1985 2283 stitise,
2037 2215 2431 2271 fraternitatem
2476 2229 2822 2279 conservare,
2870 2217 3232 2271 contumelias
3266 2217 3387 2271 suf-

110 2298 536 2368 ἀμαρτάνοντας
568 2299 866 2364 νουθετεῖν,
914 2300 1193 2371 χρεώστας
1229 2301 1302 2372 μὴ
1338 2302 1570 2366 θλίϐειν,
1620 2305 1699 2357 έν-

1813 2314 1970 2379 ferre,
1996 2313 2355 2382 mquanimem
2380 2326 2502 2365 esse
2527 2328 2541 2377 ;
2566 2310 2751 2379 lapsos
2791 2326 2821 2363 a
2866 2310 2968 2365 ﬁde
3007 2327 3114 2365 non
3151 2312 3387 2382 projice-

108 2389 256 2452 δεεῖς
295 2389 370 2460 μὴ
404 2389 613 2455 λυπεῖν,
649 2391 744 2443 καὶ
777 2392 876 2444 ὃσα
908 2392 1120 2455 τούτοις
1152 2393 1312 2463 ὅμοιά
1345 2394 1511 2447 ἐστιν.
1552 2397 1699 2451 Δοκεῖ

1813 2421 1896 2469 re,
1948 2405 2042 2460 sed
2098 2404 2433 2473 atquanimes
2475 2400 2687 2467 facere;
2724 2412 3011 2471 peccantes
3068 2406 3380 2469 admonere,

112 2498 199 2534 σοι
232 2480 411 2533 ταῦτα
437 2481 619 2550 ἀγαθὰ
651 2479 822 2548 εἷνάι;
860 2483 924 2535 Τί
956 2483 1064 2556 γὰρ
1091 2484 1311 2537 δύναται
1337 2486 1539 2539 τούτων
1567 2490 1699 2556 ἀγα-

1816 2495 2085 2549 debitores
2117 2509 2221 2547 non
2267 2506 2548 2562 premere;
2600 2498 2654 2544 et
2696 2492 2740 2545 si
2785 2507 2891 2561 qua
2924 2492 2989 2545 iis
3027 2493 3249 2549 similia.
3289 2492 3383 2547 Vi-

111 2571 357 2643 θώτερον
391 2569 563 2640 εῖναι;
599 2574 847 2645 Γύμναζε
884 2576 1107 2645 σεαυτὸν
1139 2577 1195 2628 ὲν
1222 2576 1431 2640 τούτοις
1450 2578 1613 2643 [itif
1631 2582 1699 2652 μὴ

1813 2587 2004 2640 dentm-
2035 2584 2129 2638 tibi
2172 2584 2285 2637 huic
2312 2598 2434 2637 esse
2461 2583 2626 2648 bona,
2652 2597 2719 2635 an
2754 2584 2905 2636 non?
2932 2582 3071 2649 Quid
3100 2586 3245 2638 enim
3269 2600 3385 2640 me-

111 2664 456 2735 ὲγκρατεύου
491 2666 729 2731 πάντων,
756 2668 853 2719 ’καὶ
887 2666 1027 2738 ζήσῃ
1058 2666 1135 2738 τῷ
1169 2667 1307 2739 Θεῷ.

1813 2676 1914 2730 lius
1938 2683 2040 2740 est,
2069 2676 2316 2743 inquam,
2341 2673 2523 2727 verbis
2545 2672 2664 2727 istis
2682 2672 2821 2743 (55)?
2846 2672 2974 2728 Vive
2998 2690 3149 2746 ergo,
3181 2677 3379 2747 inquit,

112 2754 171 2808 in
206 2755 295 2809 his
338 2756 644 2823 mandatis,
691 2764 746 2811 et
774 2756 883 2810 noli
921 2758 989 2811 ab
1016 2758 1095 2813 eis
1125 2759 1400 2816 recedere.
1435 2758 1494 2814 Si
1524 2762 1672 2817 enim
1705 2766 2035 2821 custodieris
2063 2765 2181 2821 haec
2204 2764 2389 2819 omnia
2422 2764 2701 2829 mandata,
2736 2766 2887 2821 vives
2923 2767 3069 2835 Deo;
3099 2775 3155 2823 et
3184 2783 3379 2827 omnes

114 2847 213 2918 qui
243 2848 606 2903 custodierint
636 2848 752 2902 haec
785 2849 1061 2914 mandata,
1101 2849 1285 2904 vivent
1311 2849 1443 2906 Deo.

1386 2949 1733 3017 ANTlOCHUS,
1776 2955 1999 3008 homilia
2041 2953 2129 3008 79.

204 3040 271 3091 Ἦ
305 3034 396 3092 οὖν
427 3040 720 3111 ἐγκράτεια
754 3039 913 3111 διπλῆ
948 3041 1121 3094 ἐστιν’
1160 3043 1252 3095 ἐπί
1297 3061 1457 3097 τινων
1489 3044 1598 3116 γὰρ
1628 3047 1699 3101 δεῖ

1886 3049 2063 3121 Igitur
2097 3050 2417 3103 abstinentia
2445 3050 2637 3120 duplex
2665 3060 2741 3104 est
2780 3065 2799 3103 :
2833 3064 2867 3105 a
2901 3052 3217 3122 quibusdam
3244 3055 3385 3108 enim

116 3122 569 3200 ὲγκρατεύεσθαι,
606 3132 695 3185 ἐπί
727 3148 888 3183 τινων
918 3131 974 3183 δὲ
1006 3133 1066 3184 οὐ
1099 3133 1197 3186 δεῖ.
1235 3134 1306 3186 Τὸ
1334 3135 1567 3207 πονηρὸν
1599 3136 1707 3209 γὰρ

114 3222 199 3276 δεῖ
232 3222 679 3293 ἐγκρατεύεσθαι,
706 3225 799 3276 καὶ
827 3224 899 3295 μὴ
934 3228 1106 3277 ποιεῖν
1133 3226 1264 3278 αὐτό
1283 3242 1296 3255 ⁸
1332 3228 1391 3280 τὸ
1423 3227 1479 3280 δὲ
1506 3229 1706 3298 ἀγαθὸν

122 3313 200 3383 μὴ
240 3314 700 3383 ὲγκρατεύεσθαι,
738 3315 874 3367 ἀλλά
920 3318 1111 3369 ποιεῖν.
1176 3318 1568 3388 Ἐγκράτευσαι
1615 3316 1706 3374 οὖν

120 3404 231 3457 ἀπὸ
256 3407 437 3476 πάσης
461 3407 743 3477 πονηρίας,
773 3402 1137 3478 ἐργαζόμενος
1166 3409 1227 3461 τὸ
1252 3410 1479 3477 ἀγαθόν·
1507 3412 1708 3483 ἐγκρά-

120 3515 313 3549 τευσαι
336 3496 441 3549 ἀπὸ
468 3497 731 3567 μοιχείας,
760 3494 1034 3570 πορνείας,
1066 3500 1430 3572 μεθύσματος,
1455 3504 1703 3574 ἀνομίας,

122 3590 231 3643 ἀπὸ
255 3593 484 3662 τρυφῆς,
508 3591 615 3644 ἀπὸ
650 3593 931 3663 πονηρίας,
956 3594 1062 3647 ἀπό
1088 3612 1147 3647 τε
1171 3596 1481 3666 ἐδεσμάτων
1497 3599 1707 3652 πολλῶν

123 3685 218 3735 καὶ
238 3682 606 3747 πολυτελείας,
628 3682 878 3747 πλούτου,
910 3686 1005 3739 καὶ
1043 3689 1380 3758 καυχήσεως,
1402 3689 1707 3763 ὑψηλοφρο-

125 3775 313 3846 σύνης,
331 3777 421 3827 καὶ
439 3777 837 3847 ὑπερηφανίας,
858 3779 949 3830 καὶ
962 3778 1068 3831 ἀπὸ
1085 3773 1416 3849 ψεύσματος,
1433 3784 1523 3835 καὶ
1542 3800 1709 3836 κατα-

121 3862 334 3925 λαλιᾶς,
370 3865 463 3915 καὶ
484 3865 838 3935 ὑποκρίσεως,
862 3868 955 3918 καὶ
991 3869 1370 3937 μνησικακίας,
1404 3872 1498 3924 καὶ
1529 3873 1708 3944 πάσης

126 3953 496 4024 βλασφημίας,
532 3953 873 4024 κλέμματος,
911 3956 1361 4028 ἀποστερήσεως,
1396 3959 1706 4033 ψευδομαρ-

124 4044 354 4116 τυρίας,
402 4044 747 4111 πλεονεξίας,
798 4047 1091 4118 ἐπιθυμίας
1136 4052 1409 4119 πονηρᾶς,
1460 4052 1704 4124 ἀπάτης,

126 4136 455 4202 κενοδοξίας,
484 4136 818 4201 ἀλαζονείας,
854 4136 948 4191 καὶ
991 4140 1092 4191 ὅσα
1123 4139 1328 4203 τούτοις
1369 4142 1528 4212 ὅμοιά
1566 4145 1703 4197 ἐστι.

126 4229 346 4282 Τούτων
379 4229 442 4299 δὴ
475 4229 581 4282 τῶν
608 4229 784 4301 ἔργων
818 4231 897 4283 δεῖ
928 4230 1353 4302 ὲγκρατεύεσθαι
1384 4234 1473 4286 τὸν
1506 4235 1705 4303 ἀγωνι-

130 4322 263 4393 στὴν
295 4322 390 4375 καὶ
421 4322 605 4376 δοῦλον
636 4322 729 4376 τοῦ
764 4324 919 4377 Θεοῦ.
953 4325 1074 4378 Εἰσὶ
1108 4327 1199 4378 καὶ
1233 4326 1367 4397 ἔργα
1411 4329 1622 4396 ἀγαθὰ,
1669 4330 1705 4384 ἃ

1810 3141 2071 3195 abstinere
2100 3151 2337 3209 oportet;
2372 3160 2402 3194 a
2434 3143 2753 3212 quibusdam
2793 3160 2911 3197 vero
2946 3162 3048 3198 non
3085 3155 3306 3215 oportet.
3335 3148 3380 3199 Α

1809 3236 1950 3289 malo
1973 3238 2110 3289 enim
2135 3235 2397 3288 abstinere
2425 3245 2647 3304 oportet,
2671 3245 2720 3289 et
2748 3236 2803 3289 id
2829 3254 2930 3290 non
2959 3239 3131 3306 facere
3156 3257 3175 3294 :
3195 3258 3227 3293 a
3250 3240 3384 3295 bono

1808 3338 1982 3381 autem
2014 3345 2118 3380 non
2160 3329 2458 3394 abstinere,
2503 3328 2592 3381 sed
2632 3328 2821 3396 facere.
2869 3331 3087 3384 Abstine
3125 3333 3289 3400 igitur
3316 3331 3382 3386 ab

1808 3422 1952 3473 omni
1983 3422 2143 3485 malo,
2173 3421 2372 3489 faciens
2396 3422 2531 3490 quod
2559 3422 2748 3474 bonunt
2768 3432 2844 3473 est
2873 3436 2891 3473 .'
2912 3422 3114 3475 abstine
3137 3424 3201 3475 ab
3226 3424 3386 3477 adul-

1810 3513 1962 3576 terio,
1988 3512 2358 3581 fornicatione,
2389 3511 2659 3576 ebrietate,
2690 3512 2897 3566 malitia
2919 3528 3009 3564 seu
3034 3513 3381 3577 inhonestate,

1808 3621 1841 3657 a
1870 3603 2074 3656 deliciis
2099 3643 2113 3667 ,
2155 3601 2219 3655 ab
2252 3619 2370 3655 esca
2401 3604 2569 3656 nimia
2604 3613 2653 3657 et
2683 3604 2921 3666 lautitia,
2955 3605 3158 3659 divitiis
3186 3614 3235 3659 et
3266 3606 3383 3675 glo-
3443 3612 3451 3619 '

1809 3697 2055 3760 riatione,
2084 3706 2131 3748 et
2163 3694 2389 3749 elatione
2412 3694 2577 3748 animi
2606 3707 2655 3750 et
2681 3698 2948 3767 superbia,
2978 3707 3026 3751 et
3057 3715 3089 3751 a
3113 3698 3384 3751 mendacio

1809 3803 1871 3839 ac
1899 3788 2244 3850 detractione,
2274 3796 2323 3839 et
2356 3789 2591 3857 nequitia
2620 3788 2748 3857 ﬁcta
2770 3830 2784 3854 ,
2814 3799 2864 3842 et
2897 3791 3259 3843 recordatione
3295 3792 3384 3844 in-

1799 3880 1984 3948 juriae,
2018 3886 2066 3931 et
2091 3872 2231 3930 omni
2254 3878 2579 3947 blasphemia
2607 3877 2720 3949 [seu
2745 3880 2890 3949 fama
2913 3882 3187 3954 pessima,]
3216 3884 3382 3952 furto,

1810 3973 1999 4043 fraude
2028 3987 2118 4025 seu
2150 3970 2528 4041 abnegatione,
2562 3972 2699 4040 falso
2732 3974 3031 4027 testimonio
3052 4016 3068 4042 ,
3113 3959 3343 4030 avaritia
3364 4018 3379 4042 ,

1808 4063 2094 4132 cupiditate
2135 4061 2310 4124 mala,
2363 4060 2486 4115 dolo
2513 4103 2527 4128 ,
2568 4064 2717 4117 inani
2765 4064 2970 4134 gloria,
3013 4069 3292 4137 superbia,
3331 4079 3385 4123 et

1806 4166 2125 4224 quazcunque
2164 4153 2229 4206 iis
2270 4153 2467 4205 similia
2515 4162 2656 4207 sunt.
2707 4156 2785 4207 Ab
2836 4156 2918 4211 Itis
2968 4174 3090 4229 ergo
3141 4159 3382 4225 operibus

1807 4254 2008 4315 Oportet
2034 4245 2293 4298 abstinere
2316 4244 2544 4314 pugilem
2578 4262 2639 4297 ac
2666 4263 2870 4301 servum
2896 4249 3013 4303 Dei.
3046 4249 3179 4304 Sunt
3207 4260 3385 4305 autem

1808 4346 1856 4392 et
1882 4354 2040 4407 opera
2068 4338 2234 4400 bona,
2265 4352 2382 4406 qua:
2421 4345 2623 4405 oportet
2665 4339 2869 4407 facere,
2904 4350 2956 4394 et
2984 4357 3017 4395 a
3053 4341 3243 4412 quibus
3276 4359 3384 4397 non.

1204 4404 1457 4487 ’γΑιιιιΕ
1496 4432 1880 4489 LECTIONES
1916 4404 2007 4490 ET
2045 4404 2279 4487 norm.

132 4524 468 4601 testimoniq,
500 4541 532 4577 a
568 4525 857 4601 cupiditate
877 4565 912 4601 ,_
940 4543 972 4579 a
1009 4527 1304 4595 jactantia,
1354 4537 1403 4601 et
1452 4544 1701 4597 qua’cun-
1736 4546 1780 4601 ι)
1806 4529 1949 4599 quod
1984 4529 2036 4581 in
2065 4528 2254 4601 Grzeco
2280 4528 2490 4601 legatur
2514 4526 2708 4599 ἔργων.
2731 4524 2927 4601 _Neque
2954 4523 3159 4601 fallitur
3187 4525 3271 4601 vir
3293 4525 3377 4584 Cl.

129 4612 250 4666 que,
269 4604 382 4666 etc.
411 4595 501 4648 Sic
529 4606 707 4649 autem
742 4596 851 4657 ille,
879 4596 1003 4649 lieet
1029 4606 1289 4664 agnoscat
1311 4595 1541 4666 edittht
1569 4616 1701 4653 mss.

130 4665 389 4721 exhibere
415 4667 775 4735 abnegatione,
808 4674 861 4718 ct
888 4669 1068 4720 statim
1097 4667 1382 4733 superbia:
1412 4685 1430 4717 ι
1466 4665 1591 4733 Sed,
1622 4668 1706 4721 in-

131 4736 273 4806 quit,
301 4751 464 4788 vores
497 4736 613 4789 ista:
657 4738 820 4803 paulo
871 4740 1124 4803 superius
1164 4737 1452 4799 habentur,
1502 4755 1601 4792 nec
1636 4739 1705 4791 ab

134 4816 357 4860 auctore
380 4807 621 4873 repetita:
642 4822 735 4874 per
756 4807 1107 4874 ταυτολογίαν
1127 4807 1274 4859 credi
1300 4808 1512 4860 debent.
1532 4806 1705 4863 Voces

131 4891 263 4945 ergo
288 4875 421 4929 alias
444 4891 507 4928 ex
534 4874 724 4929 Grmeo
753 4876 1019 4945 Antiochi
1043 4878 1362 4945 repetendas
1391 4878 1541 4930 duxi.
1573 4897 1591 4929 ι

362 4945 419 4997 In
439 4947 598 5002 editis
621 4946 806 5019 Graeca
828 4947 911 5019 sic
932 4964 945 4999 :
969 4942 1118 5019 εἶναι⁷
1132 4946 1303 5019 ταῦτα
1324 4963 1337 5010 ;
1372 4946 1664 5019 ’ᾼπεκρίθη
1685 4965 1698 4978 ’

131 5016 248 5070 Καὶ
273 5016 413 5088 λίαν,
449 5033 503 5088 κ,
537 5034 587 5069 τ.
622 5016 670 5067 λ.
695 5014 793 5070 Ubi
824 5016 1213 5088 vult‘Clcricns
1244 5016 1346 5085 leg.
1378 5014 1699 5088 ἀπεκρίθην.

132 5088 209 5141 At
237 5086 803 5155 pseudo-Athanasius
850 5086 995 5140 unde
1037 5088 1140 5141 ista
1169 5088 1453 5155 desumpta
1482 5129 1496 5151 ,
1526 5086 1707 5142 habet

133 5156 403 5228 ἀπεκρίθη
423 5165 527 5228 ;__et
556 5157 774 5226 quidem
809 5166 1019 5228 recte;_
1050 5157 1357 5228 ejusenim
1404 5158 1582 5210 oratio
1631 5159 1702 5212 ita

134 5224 403 5299 postulat,
427 5224 641 5280 Hermae
668 5242 775 5299 non
804 5227 953 5299 item.
979 5225 1058 5279 Ex
1072 5224 1167 5299 eo,
1186 5226 1348 5296 igitur
1374 5228 1464 5282 illa
1494 5236 1703 5282 tantum

136 5297 365 5368 petenda
393 5312 515 5366 quae
566 5313 633 5351 ex
665 5297 863 5351 Henna
907 5297 1198 5365 descripsit
1241 5315 1254 5350 :
1293 5307 1487 5368 canem
1542 5300 1705 5368 omit-

139 5365 323 5431 ienda,
360 5365 421 5421 ut
444 5383 584 5437 saape
617 5368 772 5421 alias.
806 5368 992 5436 Neque
1022 5368 1167 5421 enim
1199 5365 1590 5421 conformanda
1621 5368 1703 5422 vi-

140 5442 335 5494 dentur
385 5438 1037 5507 pseudo-Athanasiana,
1091 5446 1151 5490 ut
1200 5438 1366 5507 veteri
1421 5439 1705 5505 Interpreti

140 5506 505 5577 respondeant
527 5528 539 5563 :
565 5511 708 5578 quod
732 5518 910 5562 tamen
937 5507 1136 5578 passim
1169 5523 1198 5561 a
1226 5506 1477 5578 Fabricio
1501 5507 1702 5561 factum

139 5576 327 5646 video,
375 5589 539 5650 aulae
580 5576 611 5634 ἐι
657 5579 869 5634 Clerico
898 5587 952 5633 et
982 5577 1234 5632 Russelio
1265 5576 1572 5632 Fabricium
1615 5593 1705 5633 se-

140 5652 293 5706 cutis.

218 5719 325 5792 (27)
368 5721 602 5791 (lonjieit
630 5720 932 5779 Cotelerius
969 5720 1058 5776 hic
1101 5717 1405 5776 addendum
1441 5718 1703 5788 operibus,

1807 4597 2001 4654 contra
2029 4615 2093 4651 ac
2125 4599 2317 4651 scribit
2350 4597 2617 4660 Clericus,
2651 4598 2744 4665 qui
2783 4597 2989 4665 putavit
3020 4598 3194 4663 ipsum
3227 4597 3382 4652 locu-

1808 4679 1923 4723 tum
1950 4670 2016 4723 de
2048 4670 2131 4721 his
2155 4667 2358 4722 Graecis
2389 4667 2930 4736 pseudo-Athanasii,
2960 4666 3049 4719 ubi
3074 4681 3205 4719 sane
3225 4667 3383 4724 deest

1806 4740 2001 4810 ἔργων.
2035 4738 2566 4810 Veruanoteleljus
2596 4737 2848 4810 Antiochi
2880 4737 3066 4810 Graeca
3104 4740 3375 4806 respexit,

1805 4806 1857 4862 et
1885 4806 1973 4862 hic
2002 4809 2220 4877 quidem
2249 4808 2436 4859 bomil.
2470 4808 2553 4869 79,
2586 4818 2643 4860 ut
2674 4824 2795 4861 mox
2826 4806 2987 4861 infra.
3018 4806 3203 4876 Neque
3228 4811 3377 4864 enim

1806 4880 1860 4932 in
1908 4880 2011 4931 ista
2054 4877 2570 4946 pseudo-Athanasii
2614 4878 2799 4931 Grteca
2833 4878 3061 4946 digitum
3096 4878 3378 4933 intendere

1844 4958 2036 5013 oterat,
2066 4964 2187 5016 quae
2222 4950 2464 5000 nondum
2498 4947 2640 5000 edita
2676 4947 2910 5013 fuerant,
2942 4963 3065 5001 cum
3097 4948 3186 5001 ille
3216 4963 3374 5003 suam

1844 4965 2036 5013 oterat,
2066 4965 2187 5016 quae
2222 4965 2464 5000 nonuum
2498 4965 2640 5000 eatta
2676 4965 2910 5013 inerant,
2942 4965 3065 5001 cum
3097 4965 3186 5001 me
3216 4965 3336 5002 suat

1805 4965 2467 5086 gatrumapostolicorum
2498 5017 2790 5070 editionem
2832 5019 2886 5071 in
2912 5018 3107 5087 vulgus
3132 5018 3336 5073 emisit.

1879 5088 1990 5161 (28)
2032 5086 2222 5161 Lamb.
2252 5088 2469 5161 desunt,
2493 5088 2635 5161 vivas
2664 5087 2772 5140 Deo
2794 5098 2864 5142 et.

1880 5157 1991 5229 (29)
2033 5157 2222 5229 luamb.
2250 5158 2437 5229 pietas,
2468 5159 2710 5227 azquitas.

1880 5226 1992 5299 (50)
2033 5227 2309 5299 [πήχει
2335 5226 2533 5299 Carm.
2562 5230 2617 5280 in
2658 5228 2765 5280 vita
2796 5228 3083 5299 hominum.
3129 5226 3234 5293 Qui
3262 5229 3374 5282 lure

1807 5298 2107 5354 custodierit
2139 5306 2189 5351 et
2218 5298 2395 5362 fecerit
2426 5298 2480 5349 in
2510 5299 2616 5350 vita
2645 5314 2762 5364 sua,
2796 5299 2923 5351 viret
2954 5298 3080 5353 Deo.

1879 5369 1991 5439 (54)
2032 5369 2221 5439 Lamb.
2255 5365 2321 5439 In
2351 5367 2597 5439 hospitio.

1880 5434 1991 5510 ('52)
2033 5438 2270 5510 Bodleet
2295 5434 2485 5489 Lamb.
2514 5437 2875 5510 humiliorem.
2901 5436 3069 5492 Vetus
3102 5440 3374 5510 interpres

1807 5507 1943 5566 forte
1984 5511 2086 5580 leg.
2129 5508 2466 5580 ενδεέστερον
2508 5507 2758 5575 γενέσθαι
2808 5508 3022 5580 πάντων
3051 5507 3372 5579 ἀνθρώπων.

1809 5581 1899 5637 Sic
1931 5590 1985 5635 et
2021 5577 2343 5632 Antiochus.
2377 5577 2548 5629 ’Aliter
2575 5578 3153 5646 pseudo-Athanasius.

1879 5652 1990 5723 (55)
2030 5650 2183 5706 Bodl.
2214 5657 2266 5704 et
2297 5646 2486 5702 Lamb.
2514 5648 2701 5701 horum
2736 5648 3027 5702 verborum.
