3822 6218
504 285 610 339 955

1967 277 2024 335 S.
2064 277 2326 336 HERMJE

3679 284 3804 341 936

505 394 657 448 debes
688 393 966 448 abstinere.
999 393 1241 447 Primum
1266 410 1384 448 vero
1413 393 1646 447 omnium
1683 402 1759 447 est
1786 393 1917 461 fides
1939 436 1954 460 ,
2001 394 2073 446 ti-

2194 395 2257 446 Ξεῖ
2285 393 2635 465 ἐργάζεσθαι,
2672 389 2762 447 καὶ
2803 394 2874 465 μὴ
2909 389 3357 464 ὲγκρατεύεσθαι.
3393 391 3507 463 Πρὸ
3540 391 3605 444 δὲ
3643 395 3803 446 πάν-

508 504 623 541 mor
662 487 906 552 Domini,
945 488 1207 553 charitas,
1241 488 1554 550 concordia,
1584 486 1736 540 verba
1773 487 2072 556 wquitatis,

507 582 732 644 veritas,
783 580 1076 648 patientia,
1126 579 1294 632 viduis
1346 579 1757 644 administrare,
1813 578 2074 648 orphanos

505 686 756 739 pauperes
783 680 832 722 et
872 669 1064 723 solatio
1104 670 1385 722 destitutos
1416 670 1651 734 visitare,
1685 684 1856 722 servos
1887 668 1982 720 Dei
2012 683 2077 722 ea:

507 761 815 815 necessitate
844 761 1123 822 redimere,
1155 759 1472 828 hospitalem
1512 775 1654 823 esse,
1685 760 1950 827 quietum,
1982 759 2080 810 Itu—

507 853 786 905 millimum
803 853 918 920 ﬁeri
943 853 1173 904 omnium
1191 852 1484 917 hominum,
1505 852 1727 920 majores
1747 851 2075 913 natucolere,
2103 901 2111 920 ,

505 944 714 995 studere
745 942 1008 1009 justitiaz,
1051 943 1437 1010 fraternitatem
1481 959 1805 1005 conservare,
1846 919 2118 1012 (equani—r

505 1048 636 1086 mem
668 1048 804 1097 esse,
839 1033 1181 1085 contumelias
1213 1033 1432 1101 su/ferre
1468 1031 1591 1104 [seu
1619 1050 1722 1086 non
1756 1033 1942 1086 habere
1973 1049 2080 1086 me-

503 1125 727 1177 moriam
777 1123 1147 1194 injuriarum],
1201 1125 1380 1177 animo
1430 1125 1732 1178 laborantes
1777 1123 2074 1187 consolari;

501 1217 678 1286 lapsos
707 1235 738 1271 a
771 1219 874 1287 ﬁde
915 1236 1016 1271 non
1045 1219 1319 1288 projicere,
1355 1219 1446 1272 sed
1478 1228 1771 1272 convertere
1803 1233 1864 1269 ac
1901 1231 2079 1285 atqua-

501 1311 666 1363 nimes
695 1310 902 1378 facere;
944 1322 1216 1380 peccantes
1259 1311 1537 1364 admonere
1559 1352 1572 1373 ,
1608 1309 1865 1363 debitores
1899 1309 2076 1376 inopes

502 1418 603 1454 non
639 1418 906 1469 premere;
961 1413 1009 1455 et
1060 1403 1106 1455 si
1156 1419 1260 1472 qua
1309 1402 1376 1454 iis
1430 1400 1652 1455 similia.
1702 1398 1760 1452 Si
1791 1399 1929 1451 enim
1959 1398 2075 1466 quis

502 1494 806 1545 custodierit
824 1495 952 1559 lucc,
981 1503 1028 1546 et
1051 1510 1153 1547 non
1175 1493 1238 1546 ab
1260 1495 1334 1546 eis
1353 1493 1617 1546 recesserit
1645 1507 1706 1544 ac
1742 1489 2073 1556 abstinuerit,

502 1585 632 1638 vivet
667 1584 791 1639 Deo.

2177 502 2304 551 των,
2341 487 2543 550 πίστις,
2580 485 2742 554 φόϐος
2774 486 3001 556 Κυρίου,
3028 485 3237 555 ἀγάπη,
3264 483 3504 554 ὁμόνοια,
3549 486 3800 556 ῥήματα

2177 576 2556 648 δικαιοσύνης,
2593 577 2850 647 ἀλήθεια,
2886 576 3161 648 προμονὴ,
3207 577 3404 646 χήραις
3447 577 3794 645 ὑπηρετεῖν,

2181 671 2450 743 ὀρφανοὺς
2485 671 2911 741 ὑστερουμὲνους
2943 669 3388 733 ἐπισκέπτεσθαι,
3418 669 3480 733 ἐξ
3510 669 3794 736 ἀναγκῶν

2181 760 2506 832 λυτροῦσθαι
2538 761 2664 823 τοὺς
2697 759 2915 823 δούλους
2946 759 3040 812 τοῦ
3072 759 3207 812 Θεοῦ
3227 799 3242 823 ,
3285 759 3562 829 φιλόξενον
3601 755 3790 824 εἶναι,

2180 851 2416 920 ἥσυχον,
2469 850 2807 922 ἐνδεέστερον
2859 850 3104 918 γίνεσθαι
3153 851 3369 904 πάντων
3423 849 3788 920 ἀνθρώπων,

2182 939 2488 1010 πρεσϐύτας
2519 940 2789 1004 σέϐεσθαι,
2817 943 3002 994 ἀσκεῖν
3034 941 3395 1012 δικαιοσύνην,
3430 941 3791 1011 ἀδελφότητα

2183 1034 2487 1102 συντηρεῖν,
2527 1033 2876 1105 μακρόθυμον
2904 1030 3062 1097 εἶναι,
3103 1035 3464 1105 μνησικακίαν
3499 1034 3582 1104 μὴ
3609 1034 3788 1103 ἔχειν,

2181 1124 2485 1193 κάμνοντας
2527 1127 2594 1195 τῇ
2645 1124 2788 1195 ψυχῇ
2838 1126 3192 1197 παρακαλεῖν,
3241 1125 3790 1194 ἐσκανδαλισμένους

2179 1215 2287 1267 ἀπὸ
2321 1215 2558 1279 πίστεως
2592 1215 2666 1287 μὴ
2701 1216 3118 1281 ἀποϐάλλεσθαι,
3148 1216 3260 1270 ἀλλ’
3285 1216 3651 1287 ἐπιστρέφειν
3687 1217 3788 1268 καὶ

2177 1307 2447 1371 εύθύμους
2477 1311 2670 1370 ποιεῖν,
2713 1309 3126 1378 ἁμαρτάνοντας
3159 1308 3444 1367 νουθετεῖν.
3481 1309 3788 1378 χρεώστας

2185 1395 2258 1467 μὴ
2293 1396 2497 1450 θλίϐειν
2531 1398 2762 1461 ἐνδεεῖς,
2805 1399 2898 1451 καὶ
2942 1400 2997 1451 εί
3022 1417 3141 1452 τινα
3173 1399 3380 1462 τούτοις
3416 1400 3589 1470 ὅμοιά
3639 1401 3783 1451 ἐστι.

2180 1489 2364 1542 Ταῦτα
2397 1489 2505 1561 γάρ
2548 1491 2640 1542 ὲάν
2676 1508 2760 1553 τις
2794 1491 3023 1564 φυλάξῃ,
3070 1492 3164 1545 καί⁵
3211 1492 3285 1562 μὴ
3331 1491 3785 1564 ἐγκρατεύσηται

2180 1579 2274 1632 ἀπ’
2310 1579 2509 1643 αὐτῶν,
2545 1579 2768 1650 ζήσεται
2800 1580 2878 1650 τῷ
2913 1580 3052 1650 Θεῷ.

1813 1699 2277 1760 MANDATUM
2313 1699 2421 1758 IX.

1301 1804 1758 1866 Postulandum
1791 1823 1829 1862 a
1857 1805 1982 1863 Deo
2016 1800 2286 1870 assidue,
2333 1808 2385 1860 et
2415 1799 2551 1860 sine
2578 1797 2984 1860 haesitatione.

1859 1926 2088 1983 CAPUT
2128 1925 2414 1981 UNICUM.

570 2024 769 2078 lterum
798 2025 934 2079 dixit
986 2023 1159 2078 mihi:
1201 2020 1354 2078 Tolle
1383 2039 1416 2076 a
1447 2032 1500 2077 te
1544 2021 1964 2087 dubitationem,
2019 2029 2072 2074 et

2247 2018 2360 2087 (54)
2401 2013 2568 2088 *Αρον
2596 2017 2704 2072 ἀπὸ
2729 2017 2822 2071 σοῦ
2850 2019 2950 2089 τὴν
2972 2016 3246 2088 διψυχίαν,
3275 2014 3367 2068 καὶ
3402 2013 3638 2084 μηδενὸς
3658 2014 3772 2084 (55)

499 2117 635 2170 nihil
663 2119 888 2170 omnino
914 2115 1149 2170 dubites.
1181 2115 1378 2170 Petens
1423 2114 1630 2183 aliquid
1660 2129 1688 2166 a
1717 2112 1970 2176 Domino,
2007 2127 2074 2166 ne

2176 2107 2313 2171 ὅλως
2338 2107 2662 2181 διψυχήσῃς,
2688 2109 3014 2180 αἰτήσασθαι
3067 2107 3216 2179 παρὰ
3252 2105 3346 2160 τοῦ
3381 2105 3556 2168 Θεοῦ,
3593 2105 3774 2171 λέγων

499 2207 649 2260 dicas
679 2207 818 2260 intra
850 2214 935 2261 te:
963 2205 1248 2272 Quomodo
1289 2205 1400 2274 (56)
1442 2221 1572 2259 vero
1611 2219 1833 2274 possum
1869 2202 2073 2273 aliquid

2194 2215 2233 2248 εν
2266 2199 2505 2270 σεαυτῷο
2579 2199 2765 2262 Ὅπως
2801 2199 3097 2270 δυνήσομαι
3134 2198 3457 2269 αἰτήσασθαι
3482 2197 3596 2266 (57)
3622 2195 3775 2266 παρὰ

500 2306 681 2365 petere
701 2313 728 2350 a
762 2297 1013 2362 Domino,
1035 2306 1088 2351 ct
1108 2297 1354 2350 obtinere
1382 2296 1522 2364 (58),
1548 2311 1673 2349 cum
1702 2295 1802 2348 sim
1823 2303 2075 2364 peccator

501 2400 774 2445 tantorum
801 2391 1067 2444 malorum
1097 2391 1150 2443 in
1184 2389 1511 2443 Dominum?
1534 2387 1655 2442 Noli
1688 2389 1790 2442 hoc
1812 2388 2070 2457 cogitare;

498 2483 591 2536 sed
646 2498 712 2538 ex
764 2483 895 2536 totis
925 2482 1242 2550 praecordiis
1270 2490 1587 2536 convertere
1643 2480 1709 2533 ad
1759 2479 2071 2533 Dominum.

499 2569 627 2624 Pete
655 2572 773 2625 sine
808 2571 1184 2636 dubitatione,
1208 2578 1263 2623 et
1297 2569 1438 2624 scies
1485 2569 1918 2624 misericordiam
1965 2567 2073 2620 Do-

499 2662 665 2728 mini;
726 2663 872 2732 quod
922 2678 1032 2716 non
1072 2671 1122 2716 te
1174 2662 1559 2732 derelinquet,
1609 2662 1703 2716 sed
1757 2661 2072 2730 petitionem

497 2751 696 2805 anima:
755 2760 860 2804 tua:
893 2750 1211 2821 adimplebit
1243 2751 1378 2822 (41).
1431 2749 1550 2803 Νοη
1582 2757 1679 2812 ,εει
1737 2748 1884 2802 enim
1930 2746 2075 2801 Deus

497 2840 642 2896 sicut
683 2840 975 2907 homines,
1050 2856 1323 2896 memores
1383 2840 1497 2910 (42)
1548 2839 1904 2908 injuriarum;
1982 2837 2076 2893 sed

497 2942 583 2987 est
637 2934 928 2988 immemor
978 2934 1344 3003 iniuriarum,
1400 2943 1454 2988 et
1504 2933 1794 2987 miseretur
1833 2932 2073 3002 ﬁgmenti

498 3025 582 3078 sui
613 3025 746 3094 (44).
779 3023 921 3094 Ergo
963 3025 1193 3094 puriﬁca
1225 3041 1322 3080 cor
1365 3034 1515 3079 tuum
1549 3025 1618 3078 ab
1649 3025 1907 3079 omnibus
1928 3025 2074 3079 vitiis

498 3117 664 3185 hujus
688 3118 871 3172 saeculi
903 3118 1039 3187 (45).
1068 3127 1122 3172 et
1156 3118 1385 3172 observa
1423 3117 1677 3187 praedicta
1716 3117 1881 3171 verba
1916 3117 2011 3170 tibi
2043 3133 2076 3173 ι

499 3207 610 3262 Deo
639 3203 938 3278 data'(46);
969 3215 1022 3262 et
1043 3208 1278 3277 accipies
1298 3209 1482 3262 omnia
1507 3208 1647 3261 bona
1677 3223 1798 3276 qua:
1827 3208 2000 3277 petis:
2023 3216 2077 3262 et

496 3315 565 3353 ex
599 3299 861 3353 omnibus
905 3297 1265 3368 petitionibus
1295 3299 1404 3352 tuis
1435 3297 1572 3352 nihil
1619 3298 1794 3352 deerit
1844 3298 1943 3352 tibi
1973 3339 1986 3363 ,
2027 3299 2072 3354 si

2175 2287 2268 2341 τοῦ
2301 2290 2508 2361 Κυρίου
2542 2289 2678 2361 (καὶ)
2695 2289 2899 2355 λαϐεῖν,
2929 2290 3265 2362 ἡμαρτηκὼς
3285 2289 3522 2342 τοσαῦτα
3561 2291 3650 2351 εἰς
3674 2289 3771 2340 αῦ-

2175 2382 2301 2448 τόν;
2330 2383 2420 2454 Μὴ
2456 2383 2759 2452 διαλογίξου
2791 2383 2982 2446 ταῦτα,
3021 2383 3136 2436 ἀλλ’
3167 2383 3225 2448 ἐξ
3255 2381 3381 2452 ὅλης
3410 2382 3645 2451 καρδίας
3676 2398 3771 2434 σου

2176 2475 2502 2546 ὲπίστρεψον
2533 2477 2667 2548 πρὸς
2705 2475 2909 2547 Κύριον
2941 2475 3075 2547 (59),
3119 2475 3215 2527 καὶ
3262 2473 3413 2526 αἰτοῦ
3439 2475 3572 2544 παρ’
3601 2471 3769 2525 αὐτοῦ

2176 2565 2538 2630 ἁδιστάκτως,
2570 2567 2664 2618 καὶ
2699 2566 2884 2638 γνώσῃ
2926 2565 3026 2636 τὴν
3063 2563 3612 2633 πολυευσπλαγχνίαν
3657 2563 3768 2632 (40)

2177 2657 2363 2721 αὑτοῦ,
2387 2659 2467 2710 ὅτι
2489 2658 2549 2710 οὐ
2577 2659 2648 2729 μή
2669 2674 2727 2710 σε
2762 2656 3152 2730 ἐγκαταλείπῃ,
3191 2655 3325 2709 ἀλλὰ
3356 2654 3415 2708 τὸ
3443 2656 3768 2726 αῖτηματῆς

2176 2751 2353 2821 ψυχῆς
2376 2767 2469 2803 σου
2507 2750 2931 2822 πληροφορήσει.
2964 2749 3077 2802 Οὐκ
3111 2750 3224 2802 ἐστι
3255 2748 3364 2820 γὰρ
3392 2751 3419 2802 ὁ
3449 2747 3586 2810 Θεὸς
3617 2747 3694 2810 ὼς
3718 2748 3764 2800 οἱ

2176 2840 2451 2910 ἄνθρωποι
2479 2839 2960 2910 μνησικακοῦντες,
2989 2839 3105 2892 ἀλλ’
3133 2837 3293 2900 αὐτὸς
3316 2838 3427 2908 (45)
3449 2839 3767 2908 ἀμνησικαο

2176 2932 2274 2995 κός
2301 2933 2438 2994 ἐστι,
2483 2931 2578 2984 καὶ
2615 2931 3039 3000 σπλαγχνίζεται
3078 2930 3169 2982 ἐπὶ
3199 2929 3297 3000 τὴν
3328 2929 3544 3000 ποίησιν
3573 2929 3762 2982 αὐτοῦ.

2177 3024 2250 3077 Σὺ
2288 3017 2381 3076 οῦν
2406 3022 2701 3093 καθάρισον
2749 3023 2848 3091 τὴν
2878 3020 3103 3093 καρδίαν
3127 3039 3219 3074 σου
3251 3021 3358 3074 ἀπὸ
3394 3022 3619 3074 πάντων
3658 3021 3764 3073 τῶν

2181 3116 2423 3188 ματαίων
2457 3115 2680 3180 τούτων,
2723 3114 2948 3168 καὶτῶν
2999 3114 3414 3186 προειρημένων
3463 3131 3545 3167 σοι
3585 3116 3762 3185 ῥημά-

2175 3225 2305 3273 των,
2335 3209 2428 3262 καὶ
2455 3208 2606 3261 αἰτοῦ
2631 3207 2782 3279 παρὰ
2811 3206 2906 3260 τοῦ
2935 3208 3165 3278 Κυρίου,
3195 3208 3290 3260 καί
3323 3207 3471 3279 λήψῃ
3491 3249 3505 3270 ,
3529 3210 3630 3260 καὶ
3659 3206 3764 3260 ἀπὸ

2179 3300 2394 3354 πάντων
2421 3300 2530 3353 τῶν
2561 3300 2879 3371 αἰτημάτων
2911 3317 3002 3352 σου
3031 3299 3327 3370 ἀστέρητος
3351 3299 3471 3371 ἔσῃ,
3511 3299 3610 3350 ἐὰν
3649 3299 3763 3351 ἀδι-

497 3392 616 3447 sine
654 3390 994 3445 dubitatione
1017 3389 1239 3460 petieris
1276 3404 1306 3442 a
1344 3388 1595 3444 Domino.
1633 3389 1735 3456 Qui
1762 3406 1891 3460 ergo
1939 3392 2073 3447 tales

2194 3393 2424 3454 ςτάκτως
2457 3391 2718 3462 αἰτήσεις.
2779 3390 2905 3443 Ἐὰν
2957 3390 3013 3443 δὲ
3040 3391 3303 3462 διστάσῃς
3343 3390 3402 3442 ὲν
3453 3393 3520 3460 τῇ
3566 3390 3767 3460 καρδέα

498 3497 606 3535 non
635 3490 764 3535 sunt
793 3481 928 3550 (47),
955 3481 1183 3535 omnino
1213 3479 1348 3534 nihil
1382 3479 1674 3548 impetrant
1711 3496 1902 3535 eorum
1949 3498 2072 3552 qua:

2171 3500 2286 3546 σου,
2322 3482 2474 3536 οὐδὲν
2506 3483 2566 3535 οῦ
2615 3483 2688 3552 μὴ
2712 3482 2856 3554 λήψῃ
2884 3481 2993 3535 τῶν
3033 3483 3352 3552 αἰτημάτων
3394 3499 3510 3534 σου.
3549 3483 3616 3534 Οί
3655 3482 3764 3551 γάρ

497 3583 689 3642 petunt
717 3573 850 3641 (48).
877 3571 1012 3626 Nam
1042 3573 1136 3641 qui
1168 3571 1313 3641 pleni
1344 3580 1472 3625 sunt
1494 3570 1616 3637 ﬁde,
1670 3575 1854 3627 omnia
1883 3583 2073 3643 petunt

2194 3575 2507 3640 ἐιστάζοντες
2536 3576 2617 3636 εἰς
2651 3574 2742 3627 τὸν
2765 3573 2917 3638 Θεὸν,
2951 3567 3094 3628 οὗτοί
3125 3575 3262 3626 εἰσιν
3282 3573 3358 3636 ὠς
3382 3572 3598 3643 δίψυχοι
3617 3614 3632 3636 ,
3675 3574 3766 3626 καί

499 3665 816 3728 ﬁdentes,et
832 3663 1106 3733 accipiunt
1123 3680 1152 3716 a
1171 3662 1422 3729 Domino,
1441 3663 1568 3732 quia
1593 3664 1711 3718 sine
1733 3664 2073 3721 dubitatione

2194 3667 2322 3720 ιὺδὲν
2343 3669 2478 3731 ὅλως
2503 3667 2842 3737 λαμϐάνουσι
2862 3666 2971 3719 τῶν
3011 3667 3325 3738 αἰτημάτων
3373 3667 3575 3719 αὐτῶν.
3613 3669 3678 3720 Οἱ
3709 3668 3761 3720 δὲ

497 3764 708 3824 petunt.
726 3753 916 3810 Omnis
939 3756 1082 3808 enim
1105 3753 1360 3808 dubitans
1390 3754 1574 3822 homo,
1595 3755 1767 3810 sinon
1795 3757 2069 3826 paeniten-

497 3848 628 3902 tiam
655 3845 851 3916 egerit,
869 3844 1084 3900 diﬂicile
1099 3844 1208 3900 Deo
1230 3844 1390 3898 vivet.
1406 3844 1636 3900 Puriﬁca
1660 3862 1788 3916 ergo
1806 3863 1900 3902 cor
1920 3857 2071 3902 tuum

496 3955 526 3993 a
549 3939 976 4004 dubuatioue,et
999 3939 1162 3992 indue
1195 3937 1445 4002 ﬁdem,et
1463 3941 1621 3993 crede
1645 3938 1784 4005 Deo;
1811 3949 1864 3994 et
1887 3941 2072 3994 omnia

496 4047 619 4101 quas
641 4031 1154 4101 petieris,accipies.
1175 4030 1279 4086 Sed
1305 4034 1350 4088 si
1368 4039 1520 4098 petas
1542 4032 1834 4100 aliquando
1857 4033 2080 4102 petitio-

2169 3760 2435 3823 ὁλοτελεῖς
2467 3760 2621 3822 ὄντες
2652 3761 2710 3812 ὲν
2749 3762 2814 3830 τῇ
2841 3759 3023 3812 πίστει
3045 3760 3222 3812 πάντα
3257 3757 3552 3819 αἰτοῦνται,
3573 3773 3763 3811 πεποι-

2172 3851 2325 3916 θότες
2355 3853 2447 3906 ἐπὶ
2477 3851 2567 3906 τὸν
2598 3851 2752 3917 Θεὸν,
2784 3851 2875 3904 καί
2898 3851 3286 3921 λαμϐάνουσιν,
3310 3851 3391 3903 ὃτι
3420 3851 3761 3913 ἀδιστάκτως

2169 3943 2466 4007 αἰτοῦνται,
2496 3943 2661 4014 μηδὲν
2687 3937 3056 4013 διψυχοῦντες.
3091 3943 3205 4004 Πᾶς
3231 3941 3338 4012 γὰρ
3359 3940 3583 4012 δίψυχος
3599 3945 3757 4014 ἀνὴρ.

2171 4037 2266 4090 ὲὰν
2300 4037 2373 4109 μὴ
2412 4037 2754 4109 μετανοήσει,
2789 4035 3063 4098 δυσκόλως
3089 4035 3408 4104 σωθήσεται.
3442 4036 3760 4106 Καθάρισον

497 4138 646 4189 nem,
676 4134 731 4177 et
762 4139 869 4176 non
905 4123 1146 4193 accipias
1179 4126 1328 4194 (49),
1356 4127 1469 4182 noli
1496 4127 1766 4189 dubitare,
1791 4127 1919 4196 quia
1953 4141 2064 4180 non

2197 4126 2258 4183 ὗν
2283 4130 2381 4201 τὴν
2405 4129 2627 4199 καρδίαν
2659 4145 2752 4181 σου
2785 4127 2892 4180 ἀπὸ
2906 4128 3004 4198 τῆς
3030 4126 3299 4196 διψυχίας,
3330 4126 3555 4179 ἔνδυσαι
3585 4127 3642 4180 δὲ
3665 4129 3756 4197 τὴν

497 4215 607 4270 cito
635 4215 913 4284 acceperis
943 4216 1258 4284 petitionem
1286 4219 1482 4273 anima:
1507 4218 1894 4274 tuae.Forsitan
1923 4220 2067 4273 enim

2194 4220 2370 4283 πίστιν,
2389 4221 2470 4273 ὅτι
2491 4219 2685 4292 ἰσχυρά
2724 4219 2860 4282 ἐστι,
2879 4219 2970 4272 καὶ
2987 4218 3207 4271 πίστευε
3228 4217 3304 4288 τῷ
3318 4217 3458 4290 Θεῷ,
3484 4221 3568 4272 ὅτι
3587 4223 3755 4273 πάντα

496 4317 722 4378 propter
749 4308 1127 4376 tentationem,
1153 4318 1248 4364 aut
1284 4326 1382 4380 pro
1406 4320 1629 4380 peccato
1663 4319 1791 4376 tuo,
1837 4311 1981 4380 quod
2012 4321 2067 4366 tu

2194 4313 2237 4366 ’ὰ
2265 4313 2544 4384 αἰτήματά
2585 4329 2701 4377 σου,
2730 4311 2764 4366 ἃ
2785 4313 2931 4382 αἰτῇ,
2964 4311 3131 4386 λήψῃ.
3171 4313 3280 4367 Καὶ
3313 4313 3408 4367 ἐὰν
3451 4315 3753 4386 αἰτησάμε-

1581 4425 1818 4482 VARUE
1858 4426 2240 4482 LECTIONES
2278 4429 2367 4483 ET
2406 4427 2640 4484 ΝΟΤΛΕ.

567 4519 680 4592 (54)
722 4515 800 4570 Ex
841 4515 1020 4592 Doctr.
1064 4518 1140 4592 ad
1187 4517 1434 4592 Antioch.
1472 4535 1626 4592 num.
1661 4520 1730 4592 9,
1766 4537 1890 4592 pag.
1937 4521 2064 4576 256.
2102 4527 2148 4583 D

495 4588 700 4660 Eadem
734 4589 1026 4656 exscripsit
1047 4589 1349 4660 Antiochus
1381 4590 1683 4660 bomilLSS.
1711 4588 1885 4660 Hujus
1915 4607 2070 4645 man-

495 4661 605 4714 dati
629 4658 991 4730 fragmentum
1023 4658 1189 4712 edidit
1211 4658 1445 4730 Grabius
1471 4660 1538 4730 in,
1559 4658 1808 4730 Spicileg.
1844 4661 2070 4714 Patrum

495 4739 630 4785 tom.
661 4729 701 4792 l,
734 4745 856 4796 pag.
885 4727 1014 4792 505,
1041 4743 1108 4782 ex
1140 4745 1242 4782 ms.
1271 4728 1471 4783 Catena
1502 4727 1814 4784 Graecorum
1844 4730 2065 4784 Patrum

495 4799 550 4852 in
580 4800 712 4852 Acta
747 4799 1114 4866 apostolorum
1144 4807 1197 4852 et
1221 4797 1492 4866 Epistolas
1516 4801 1838 4865 catholicas,
1877 4802 1967 4854 ubi
2000 4801 2068 4855 ad

495 4869 915 4936 explicationem
938 4870 1229 4922 verborum
1257 4867 1314 4921 S.
1341 4867 1528 4923 Jacobi
1556 4887 1616 4934 ιι,
1639 4871 1692 4936 6,
1722 4872 1824 4925 ista
1857 4869 2070 4925 Hermae

496 4940 862 4992 adducuntur.
889 4937 1071 4991 Latuit
1098 4955 1227 4992 sane
1255 4939 1518 4993 Grabium
1545 4939 1648 4993 hoc
1672 4941 2069 5008 pseudo-Atha-

495 5008 637 5062 nasii
667 5024 824 5076 opus,
851 5008 976 5063 licet
1005 5019 1134 5062 tunc
1159 5011 1272 5077 jam
1301 5010 1527 5071 editum,
1562 5026 1628 5062 ex
1663 5026 1774 5078 quo
1821 5011 1925 5063 alia
1951 5010 2066 5078 ple-

493 5092 665 5146 raque
705 5078 999 5132 hausisset.
1047 5078 1156 5134 Nos
1181 5079 1469 5146 fragtnenti
1500 5079 1761 5134 Grabiani
1789 5082 2067 5134 variantes

495 5146 756 5201 lectiones
803 5149 1206 5204 adnotabimus.
1262 5149 1353 5203 Sic
1407 5161 1586 5202 autem
1639 5145 2064 5204 incinit:'Apov

497 5166 756 5201 tecuones
803 5166 1206 5204 aunmautmus.
1262 5166 1353 5203 me
1407 5166 1586 5202 autem
1639 5166 1869 5220 Inetptt:
1905 5166 2006 5219 'Ap

497 5216 740 5287 σεαυτοῦ,
770 5218 974 5287 absque
997 5218 1122 5272 ἀπό.
1151 5219 1236 5271 Al.
1266 5219 1372 5272 ἀπὸ
1405 5217 1651 5274 σεαυτοῦ.

715 5286 1028 5360 ςγδιιξω-ιη
1060 5289 1130 5341 al.
1163 5289 1257 5341 καί
1279 5290 1462 5360 μηδὲν.

566 5358 678 5426 (56)
721 5357 910 5428 Lamb.
946 5357 1208 5428 Quoniam
1233 5357 1540 5428 quomodo.

565 5429 679 5500 (57)
720 5427 884 5500 (hab.
905 5429 1104 5500 aliique
1128 5427 1357 5498 δύναμαι
1383 5429 1704 5500 αἰτήσασθαί
1734 5447 1808 5483 τι.

565 5498 680 5565 (58)
721 5496 912 5551 Lamb.
947 5499 1198 5566 accipere,
1230 5496 1287 5550 ut
1309 5496 1508 5552 habent
1529 5501 1742 5556 Graeca.

566 5568 678 5633 (59)
719 5566 882 5638 Grab.
909 5567 1042 5636 πρὸς
1064 5567 1151 5638 τὸν
1182 5567 1404 5638 Κύριον.

566 5638 679 5710 (49)
916 5653 1040 5710 cum
1073 5637 1144 5710 al.
1191 5636 1684 5710 πολυσπλαγχνίαν.

567 5707 678 5773 (41)
721 5705 871 5761 Bodl.
895 5716 949 5763 et
980 5705 1168 5763 Lamb.
1209 5708 1442 5776 replebit.

2249 4523 2362 4588 (42)
2406 4522 2598 4577 Lamb.
2622 4522 2777 4576 homo
2806 4536 3021 4574 memor.
3048 4516 3202 4572 Bodl.
3231 4515 3500 4569 malorum
3523 4533 3628 4588 pro
3676 4521 3749 4574 in-

2163 4591 2462 4662 juriarum.

2243 4663 2358 4733 (45)
2398 4662 2565 4716 Grab.
2593 4662 2644 4716 οἰ
2673 4656 3134 4733 μνησικακοῦντες
3166 4657 3466 4733 ἀλλήλους,
3485 4657 3546 4733 In
3575 4676 3749 4716 exem-

2173 4728 2314 4801 plari
2344 4728 2911 4801 pseudo-Athanasii
2956 4729 3160 4783 excidit
3202 4729 3360 4801 forte
3387 4728 3655 4798 ἀλλήλους
3689 4733 3748 4784 ob

2173 4798 2289 4855 ἄλλ’
2308 4798 2566 4856 continuo
2589 4817 2842 4870 sequens.
2872 4799 2968 4853 Hic
2993 4807 3173 4852 autem
3201 4798 3466 4870 mendosa
3499 4809 3554 4852 et
3576 4802 3747 4854 biult-a

2170 4873 2339 4926 editio
2370 4873 2566 4926 Clerici
2595 4913 2610 4939 ,
2671 4869 2761 4925 ubi
2821 4870 2901 4924 sic
2929 4888 2943 4923 :
2976 4870 3024 4920 οἱ
3072 4869 3436 4939 μνησίκιικοίΔ
3460 4871 3569 4921 εἰσι
3597 4911 3612 4932 ,
3667 4874 3748 4924 καὶ

2172 4937 2613 5012 σ-πλαγχνίζεται.
2672 4941 2825 5012 Idem,
2876 4937 3134 5012 mendum
3168 4937 3174 4938 ⁷
3206 4938 3363 5012 apud
3410 4937 3741 5012 Russelium.

2172 5007 2416 5080 Utraque
2457 5014 2585 5066 item
2617 5012 2784 5066 editio
2815 5011 2980 5063 intida
3003 5018 3086 5062 est
3122 5024 3284 5080 supra
3316 5007 3500 5062 Mand.
3537 5027 3600 5073 v,
3629 5028 3738 5080 cap.

2168 5079 2224 5146 2,
2249 5078 2341 5135 ubi
2377 5097 2474 5150 pro
2501 5080 2863 5150 συνισταμένη
2894 5080 3125 5150 γίνεται,
3155 5078 3349 5146 legitur
3379 5078 3706 5150 συνίσταταιξ

2243 5151 2357 5222 (44)
2377 5147 2589 5207 Ἰλιηὺ.
2615 5147 2865 5222 figmento
2895 5165 3010 5202 suo.
3038 5147 3332 5216 ilucusque
3380 5147 3734 5219 fragmentum

2169 5219 2528 5276 Grabianum.

2220 5237 2528 5275 rautauum.

2242 5293 2356 5361 (45)
2401 5291 2552 5345 Bodl.
2582 5309 2614 5345 a
2667 5293 2824 5346 malis
2857 5286 3282 5362 cogitationibus,
3308 5297 3360 5342 et
3390 5289 3456 5342 ab
3509 5291 3730 5344 omnibus

2168 5363 2323 5432 hujus
2354 5363 2538 5432 saeculi
2566 5363 2808 5431 negotiis.

2265 5433 2354 5500 4b)
2387 5431 2577 5485 Lamb.
2611 5440 2780 5496 deest,
2813 5432 2961 5485 data.

2265 5503 2354 5570 47)
2395 5501 2497 5556 Ms.
2525 5501 2663 5556 Vict.
2689 5502 2907 5567 desunt,
2932 5520 3036 5556 non
3069 5513 3214 5556 sunt.

2241 5572 2355 5644 (48)
2396 5571 2588 5644 Lamb.
2614 5588 2677 5625 ea:
2705 5574 3045 5644 petitionibus
3085 5590 3220 5626 suis.

2241 5641 2354 5712 (49)
2395 5641 2587 5698 Lamb.
2617 5652 2665 5696 et
2697 5643 2905 5696 tardius
2945 5644 3180 5714 accipias
3200 5641 3505 5713 petitionem
3533 5654 3686 5696 tuam.
