3822 6218
190 316 308 374 93'!

1216 316 1509 378 PASTOR.
1546 349 1615 359 —
1652 317 1783 376 LIB.
1824 318 1892 386 ll,
1930 318 2318 379 MANDATUM
2353 319 2443 378 1X.

3372 324 3477 382 938

192 434 291 497 νεός
321 448 451 487 ποτε
484 436 637 507 παρὰ
666 430 762 488 τοῦ
792 434 999 508 Κυρίου
1030 434 1240 507 αττημὰ
1265 452 1352 501 τι,
1396 434 1490 488 καὶ
1519 431 1624 505 [μὴ
1658 432 1787 486 ἀπο-

1918 446 2139 503 gnoras,
2164 431 2376 488 tardius
2411 430 2650 502 accipies
2686 432 3004 503 petitionem
3060 444 3232 491 tuam.
3286 437 3392 493 bed
3419 448 3477 492 tu

189 524 393 600 λήψῃ,]
418 526 492 599 μὴ
514 526 864 598 διψυχήσεις,
912 526 995 579 ὅτι
1034 526 1222 597 τάχιον
1255 526 1357 579 οὑκ
1388 524 1580 587 ἔλαϐες
1615 523 1679 577 τὸ
1706 523 1794 576 αῐ-

1894 525 2007 579 noli
2035 524 2287 580 desinere
2314 523 2429 596 (50)
2468 525 2703 595 petendo
2725 527 3047 597 petitionem
3091 529 3290 585 animae
3332 540 3476 589 tute;

192 637 353 694 τημα
372 620 473 692 τῆς
524 618 706 690 ψυχῆς
762 634 889 671 σουο
926 618 1145 682 πάντως
1195 618 1307 690 γὰρ
1358 616 1447 671 διὰ
1485 616 1787 688 πειρασμόν

1911 623 1948 670 ξι
1976 614 2236 685 accipies.
2269 613 2327 669 Si
2354 624 2535 671 autem
2560 617 2865 673 cessaveris
2887 619 3152 688 petendo,
3174 620 3240 676 de
3269 628 3320 676 te
3345 636 3481 692 que-

189 728 343 775 ⁴τινα,
374 709 408 781 ἢ
451 707 809 781 παράπτωμά
822 725 874 761 τι
903 708 931 761 ὃ
965 709 1027 761 σὺ
1055 708 1290 777 ἀγνοεῖς,
1322 707 1424 761 οὐκ
1455 704 1668 769 ἔλαϐες.
1718 705 1791 758 Σὺ

1897 705 2064 772 raris,
2096 720 2205 759 non
2230 705 2299 760 de
2328 704 2460 773 Deo,
2494 707 2640 777 quod
2676 723 2788 763 non
2817 709 3027 766 dederit
3049 711 3166 766 tibi.

189 799 292 857 οὖν
316 802 390 873 μὴ
422 800 679 873 διαλίπῃς
719 799 1012 871 εὐχόμενος
1036 797 1100 852 τὸ
1123 800 1331 870 αἴτημα
1350 798 1453 870 τῆς
1493 796 1672 869 ψυχῆς
1689 813 1805 861 σου,
1858 796 1964 861 ἕως
1989 790 2051 850 οῦ
2086 795 2342 869 ἀπολήψῃ
2373 798 2525 852 αὐτό.
2579 797 2705 853 Ἐὰν
2761 798 2820 853 δὲ
2869 801 3188 875 ὲκκακήσῃς
3205 803 3302 858 καὶ
3329 803 3485 877 δίψυ-

187 896 374 967 χήσῃς
396 894 736 965 αἰτούμενος,
767 890 957 946 ἑαυτὸν
989 891 1169 959 αἰτιῶ,
1209 893 1304 947 καὶ
1328 891 1407 964 μὴ
1446 890 1540 945 τὸν
1579 889 1791 945 διδόντα
1823 907 1924 944 σοι.

267 1008 445 1061 Βλέπε
466 1004 561 1061 οὖν
582 1007 681 1080 τὴν
693 1007 945 1079 διψυχίαν
964 1024 978 1037 ·
1004 1006 1218 1080 πονηρὰ
1232 1006 1341 1079 γάρ
1369 1007 1486 1060 ἐστι
1506 1006 1602 1061 καὶ
1623 1005 1791 1059 ἀσύν-

188 1119 354 1166 ετος,
387 1104 481 1157 καὶ¹
518 1103 747 1168 πολλοὺς
776 1103 987 1175 ἐκριζοῖ
1016 1103 1127 1159 ἀπὸ
1152 1104 1253 1176 τῆς
1279 1103 1557 1169 πίστεωςίτ,
1600 1101 1692 1156 καί
1725 1118 1790 1170 γε

187 1191 318 1246 λίαν
350 1194 579 1259 πιστοὺς
610 1196 704 1249 καὶ
733 1194 1007 1267 ἰσχυρούς.

187 1401 625 1472 Καταφρόνησον
661 1395 755 1454 οὖν
784 1399 955 1471 αὐτῆς
984 1400 1043 1455 ὲν
1083 1399 1247 1454 παντὶ
1286 1399 1594 1471 πράγματι,
1637 1395 1789 1450 ἐνδυ-

190 1490 432 1561 σάμενος
470 1491 571 1563 τὴν
615 1490 800 1544 πίστιν
834 1491 933 1562 τὴν
977 1489 1206 1562 ἰσχυράν
1259 1491 1353 1543 καὶ
1402 1489 1656 1559 δυνατήν.
1723 1487 1788 1539 Ἦ

184 1585 304 1657 γὰρ
336 1585 523 1648 πίστις
546 1585 726 1638 πάντα
750 1584 1168 1653 ἐπαγγέλλεται,
1204 1584 1382 1639 πάντα
1411 1583 1611 1637 τελειοῖ
1629 1598 1643 1612 ·
1671 1581 1705 1652 ή
1731 1580 1790 1633 δὲ

186 1676 438 1745 διψυχία,
477 1676 551 1747 μὴ
592 1674 1070 1729 καταπιστεύουσα
1119 1674 1350 1747 ἑαυτὴν,
1390 1674 1610 1729 πάντων
1653 1673 1791 1727 ἀπο-

183 1766 451 1838 τυγχάνει
474 1766 651 1839 ἐργων
695 1766 887 1837 αὐτῆς,
916 1760 991 1820 ὧν
1015 1767 1274 1838 πράσσει.

184 2094 267 2153 Σὺ
304 2092 396 2152 οῦν
435 2096 653 2153 δούλευε
672 2098 738 2169 τῇ
762 2094 896 2169 εὐχῇ
920 2114 1039 2161 σου,
1061 2097 1128 2169 τῇ
1145 2095 1374 2167 δυνάμει
1396 2093 1495 2167 τῆς
1527 2092 1786 2161 πίστεως,

184 2190 292 2244 καὶ
326 2190 468 2265 ζήσῃ
510 2189 593 2266 τῷ
646 2190 798 2264 Θεῷ“
844 2190 942 2246 καὶ
987 2191 1192 2257 πάντες
1243 2193 1294 2246 oi
1338 2194 1789 2266 καταφρονήσαν-

181 2299 286 2350 τες
310 2283 444 2357 (55).

1970 1001 2107 1059 Vide
2135 1019 2268 1076 ergo
2300 1006 2697 1065 dubitationem
2731 1012 2909 1080 hanc,
2956 1030 3121 1085 quam
3146 1019 3483 1088 -perniciosa

1896 1097 1967 1153 sit
1990 1105 2045 1151 et
2082 1112 2246 1165 saeva,
2272 1108 2327 1153 et
2356 1101 2561 1155 multos
2586 1102 2852 1160 radicitus
2877 1108 3075 1162 evellat
3097 1124 3127 1162 a
3157 1109 3284 1176 ﬁde,
3315 1114 3480 1168 etiam

1893 1192 2051 1248 valde
2076 1194 2264 1251 ﬁdeles
2308 1205 2363 1251 et
2396 1195 2607 1253 ﬁrmos.
2655 1197 2869 1255 Etenim
2907 1202 3023 1275 (51)
3056 1203 3174 1260 haec
3211 1205 3483 1263 dubitatio

1894 1283 2007 1339 ﬁlia
2053 1293 2138 1341 est
2183 1286 2408 1352 diaboli,
2452 1297 2506 1343 et
2557 1290 2716 1346 valde
2762 1294 3016 1363 nequiter
3036 1297 3147 1366 agit
3195 1314 3321 1354 cuni
3365 1316 3485 1357 ser-

1892 1377 1977 1433 vis
2006 1377 2121 1449 (52)
2163 1378 2283 1435 Dei.
2321 1379 2626 1437 Contemne
2664 1398 2796 1455 ergo
2840 1384 3277 1447 dubitationem:
3302 1401 3356 1447 et
3383 1392 3485 1449 do-
3572 1432 3575 1435 λ

1894 1467 2195 1524 minaberis
2229 1468 2379 1525 illius
2419 1469 2475 1524 in
2500 1471 2650 1525 omni
2680 1487 2759 1527 re.
2786 1471 2957 1530 Indue
2988 1474 3202 1532 ﬁrmam
3238 1477 3401 1534 ﬁdem
3429 1488 3485 1537 et

1892 1568 2192 1629 potentem.
2231 1560 2395 1618 Fides
2423 1564 2573 1619 enim
2596 1565 2784 1621 omnia
2815 1571 3169 1638 repromittit,
3198 1581 3252 1629 et
3294 1575 3483 1631 omnia

1893 1662 2277 1722 consummat;
2312 1655 2582 1714 dubitatio
2618 1668 2801 1714 autem
2829 1676 2940 1716 non
2971 1664 3147 1720 credit
3182 1681 3241 1723 se
3273 1668 3484 1739 aliquid

1892 1742 2308 1813 impetraturam
2338 1749 2599 1806 omnibus
2637 1753 2902 1821 operibus
2918 1755 3037 1812 suis
3054 1772 3179 1827 quae
3202 1760 3315 1831 agit
3341 1762 3480 1835 (55).

1822 1841 1865 1897 Β
1894 1835 2058 1892 Vides
2094 1852 2247 1909 ergo,
2273 1839 2475 1911 inquit,
2505 1843 2652 1913 quod
2682 1844 2818 1901 ﬁdes
2840 1846 3137 1905 desursum
3167 1860 3250 1908 est
3286 1868 3317 1908 a
3346 1853 3481 1924 Deo,

1892 1934 1948 1981 et
1987 1926 2150 1983 habet
2176 1929 2432 1985 virtutem
2455 1947 2748 2003 magnam;
2786 1936 3058 1996 dubitatio
3090 1952 3275 1999 autem
3303 1954 3484 2003 terre-

1892 2030 1998 2071 nus
2021 2017 2249 2087 spiritus
2276 2029 2380 2085 est,
2419 2030 2475 2077 et
2496 2037 2529 2077 a
2559 2022 2801 2093 diabolo,
2826 2027 3088 2086 virtutem
3108 2047 3219 2089 non
3249 2034 3479 2093 habens.

1892 2104 1975 2161 Tu
2005 2108 2175 2178 igitur
2223 2126 2382 2167 serva
2424 2113 2684 2170 virtutem
2713 2116 2840 2173 ﬁdei
2870 2120 3025 2191 (54):
3057 2138 3088 2178 a
3139 2124 3484 2185 dubitatione

1894 2206 2079 2254 autem
2118 2202 2335 2271 recede,
2368 2219 2493 2274 quae
2540 2220 2653 2260 non
2694 2206 2861 2265 habet
2891 2212 3182 2283 virtutem;
3230 2226 3286 2273 et
3331 2219 3483 2276 vives

1891 2286 2025 2345 Deo.
2061 2288 2131 2346 Et
2149 2308 2345 2352 omnes
2373 2295 2559 2353 vivent
2588 2297 2723 2368 Deo,
2750 2301 3072 2376 quicunque
3113 2307 3230 2365 haec
3248 2310 3480 2379 egerint.

1470 2421 1808 2488 Anrlocuus,
1841 2421 2062 2480 homilia
2085 2425 2176 2485 85.

271 2564 530 2637 ’Δρωμεν
550 2558 646 2619 οῦν
680 2562 774 2634 ἀφ’
806 2562 965 2636 ἡμῶν
994 2562 1098 2635 τὴν
1126 2559 1382 2633 διψυχίαν
1413 2561 1509 2614 καὶ
1533 2558 1791 2629 ὀλιγοψυ-

188 2657 343 2731 χιαν,
377 2656 475 2711 καὶ
509 2657 632 2730 μηδ’
654 2657 791 2719 ὅλως
809 2655 1193 2728 διψυχήσωμεν
1214 2653 1542 2726 αἰτήσασθαί
1560 2671 1613 2707 τι
1635 2651 1789 2726 παρὰ

190 2749 296 2805 τοῦ
329 2748 487 2814 Θεοῦ,
532 2747 785 2817 λέγοντες
826 2748 885 2801 ἐν
918 2748 1159 2809 ἑαυτοῖς·
1213 2745 1335 2798 Ὅτι
1387 2742 1508 2808 πῶς
1553 2742 1790 2815 δύναμαι

193 2840 529 2912 αἰτήσασθαι
564 2839 716 2914 παρὰ
728 2839 958 2912 Κυρίου,
976 2839 1071 2892 καὶ
1086 2836 1291 2903 λαϐεῖν,
1310 2836 1646 2909 ἡμαρτηκὼς
1659 2851 1789 2889 τοσ-

189 2932 340 2986 αῦτα
363 2934 444 2997 εὶς
459 2932 643 2997 αὑτόν;
670 2930 787 2985 ἀλλ’
807 2930 866 2998 ἐξ
890 2930 1018 3002 ὅλης
1037 2928 1135 3002 τῆς
1158 2929 1386 3001 καρδίας
1418 2945 1512 2981 σου
1542 2927 1791 2999 ἐιπίστρε⁸

189 3024 301 3095 ψον
323 3024 417 3078 ἐπὶ
444 3024 537 3078 τὸν
569 3023 773 3096 Κύριον
796 3022 1056 3077 καὶαίτοῦ
1080 3024 1212 3094 παρ’
1230 3021 1397 3075 αὑτοῦ
1426 3021 1786 3085 ἀδιστάκτως,

194 3116 295 3172 καὶ
320 3116 550 3186 γνώσεις
573 3116 672 3188 τὴν
706 3115 911 3186 πολλὴν
933 3114 1099 3168 αὐτοῦ
1133 3113 1570 3185 εὐσπλαγχνίαν,
1616 3114 1699 3167 ὅτι
1727 3112 1788 3165 ού

195 3212 274 3283 μή
308 3227 367 3263 σε
398 3208 771 3281 ἐγκαταλίπῃ,
813 3206 951 3261 ἀλλὰ
992 3208 1054 3261 τὸ
1091 3208 1301 3279 αἴτημα
1330 3206 1433 3277 τῆς
1468 3205 1647 3277 ψυχῆς
1693 3222 1789 3259 σου

1968 2564 2243 2625 Tollamsts
2273 2587 2396 2643 ergo
2423 2590 2457 2627 a
2487 2575 2639 2630 nobis
2675 2576 3065 2634 dubitationem
3099 2590 3153 2635 et
3191 2582 3482 2651 pusillani-

1894 2658 2158 2724 mitatem,
2189 2670 2241 2715 et
2268 2663 2402 2718 nihil
2424 2667 2637 2721 omnino
2662 2667 2963 2724 dubitemus
2997 2679 3175 2740 petere
3207 2672 3415 2745 aliquid
3445 2692 3481 2730 a

1892 2749 2026 2819 Deo,
2086 2755 2322 2812 dicentes
2349 2758 2494 2813 intra
2525 2776 2653 2814 nos:
2682 2758 2961 2827 Quomodo
3011 2780 3228 2835 possum
3270 2768 3480 2838 aliquid

1891 2855 2065 2914 petere
2086 2863 2120 2900 a
2149 2846 2380 2904 Domino
2401 2860 2453 2906 et
2484 2854 2741 2921 obtinere,
2772 2870 2893 2908 cum
2935 2854 3040 2910 sim
3076 2868 3325 2927 peccator
3356 2869 3483 2915 tan-

1893 2947 2071 2991 torum
2120 2935 2388 2995 malorum
2431 2945 2486 2998 in
2525 2947 2693 3001 eum?
2747 2945 2852 3002 Sed
2888 2964 2969 3002 ex.
3000 2950 3124 3003 totis
3168 2954 3479 3020 praecordiis

1891 3039 2189 3085 convertere
2219 3033 2291 3087 ad
2331 3034 2640 3105 Dominum,
2670 3048 2720 3092 et
2749 3048 2865 3109 pete
2889 3041 2956 3094 ab
3005 3057 3066 3095 eo
3114 3042 3231 3097 sine
3259 3043 3482 3101 dubita-

1893 3123 2077 3189 tione;
2124 3133 2175 3179 ct
2195 3128 2331 3182 scies
2384 3144 2632 3200 magnam
2679 3130 2793 3200 ejus
2851 3133 3298 3200 misericordiam,
3339 3134 3483 3209 quod

1891 3232 1997 3270 non
2028 3226 2076 3271 te
2107 3223 2451 3289 ltererinquet,
2475 3222 2566 3275 sed
2594 3223 2903 3291 petitionem
2945 3225 3141 3279 animae
3171 3234 3277 3281 tute
3300 3228 3481 3281 adim-

192 3302 631 3374 πληροφορήσει.
660 3302 777 3354 Οὐκ
799 3299 914 3353 ἔστι
937 3298 1048 3371 γὰρ
1069 3297 1266 3364 ὁΘεὸς,
1297 3298 1374 3363 ὡς
1403 3298 1453 3351 οἱ
1486 3296 1783 3369 ἄνθρωποι,

1911 3308 2071 3363 ﬂebit.
2094 3307 2216 3363 litor
2244 3324 2322 3367 est
2346 3312 2659 3382 enimDeus,
2682 3316 2821 3369 sicut
2849 3316 3104 3384 homines,
3123 3334 3375 3374 memores
3391 3323 3480 3375 ist—

199 3393 673 3466 μνησικακοῦντες
695 3432 711 3458 ,
747 3390 863 3446 ἀλλ’
901 3391 1063 3456 αὐτὸς
1099 3390 1653 3479 ἀμνησίκακὸςῌὲστι,
1691 3389 1787 3443 καὶ

1911 3404 2161 3458 'urtarum
2178 3420 2197 3469 ;
2224 3390 2425 3460 sed'est
2453 3407 2728 3462 immemor
2749 3409 3097 3479 injuriarum,
3126 3420 3177 3465 et
3203 3412 3481 3467 miseretur

197 3486 629 3557 σπλαγχνίζεται
656 3484 749 3537 ἐπὶ
770 3484 868 3555 τὴν
890 3483 1108 3554 ποίησιν
1135 3481 1324 3535 αὑτοῦ.
1344 3483 1416 3535 Σὺ
1441 3476 1535 3536 οὖν
1555 3481 1789 3553 καθάρι-

196 3598 293 3634 σον
323 3580 422 3650 τὴν
440 3577 664 3649 καρδίαν
693 3593 787 3630 σου
813 3576 1029 3630 ἀπὸτοῦ
1049 3573 1342 3639 διστάζειν,
1367 3574 1460 3628 καὶ
1493 3573 1646 3628 αἰτοῦ
1660 3574 1791 3646 παρ’

196 3670 372 3743 αὐτῷ,
400 3670 496 3723 καὶ
524 3669 672 3742 λήψῃ
697 3669 758 3723 τὸ
786 3668 995 3740 αἴτημά
1033 3684 1149 3721 σου.
1203 3666 1373 3720 Ἐπάν
1398 3666 1456 3719 δὲ
1497 3666 1788 3731 διατάξεις,

192 3765 260 3818 οὐ
294 3762 460 3837 λήψῃ.
515 3762 580 3817 0i
612 3762 723 3834 γὰρ
766 3762 1111 3826 διστάζοντες
1164 3761 1245 3823 εἰς
1296 3759 1388 3814 τὸν
1432 3759 1588 3825 Θεὸν,
1643 3756 1790 3815 οῦτοί

196 3856 338 3908 εἰσιν
363 3856 412 3907 oi
446 3853 678 3925 δίψυχοι,
713 3854 807 3906 καὶ
852 3853 1008 3905 οὐδὲν
1051 3850 1187 3913 ὅλως
1224 3850 1648 3920 ἐπιτυγχάνουσι
1675 3849 1787 3903 τῶν

192 3945 518 4017 αἰτημάτων
548 3944 751 3999 αὐτῶν.
775 3944 912 3997 Οἰδὲ
941 3943 1207 4007 ὁλοτελεῖς
1238 3942 1390 4005 ὄντες
1406 3943 1463 3994 ὲν
1480 3944 1547 4013 τῇ
1580 3942 1784 4003 πίστει,

194 4039 378 4093 πάντα
424 4038 739 4101 αἰτοῦνται,
789 4036 1111 4098 πεποιθότες
1151 4036 1245 4090 ἐπὶ
1286 4034 1381 4088 τὸν
1421 4033 1661 4106 Κύριον,
1691 4034 1788 4088 καὶ

193 4128 586 4200 λαμϐάνουσιν,
629 4129 711 4182 ὅτι
736 4128 1073 4189 άδιστάκτως
1104 4126 1399 4179 αἰτοῦνται.
1437 4126 1563 4179 Ἐάν
1597 4124 1653 4178 δὲ
1692 4126 1786 4178 καὶ

195 4220 527 4294 βραδύτερον
556 4219 874 4291 λαμϐάνεις,
913 4218 987 4291 μὴ
1008 4217 1331 4290 διψυχήσῃς,
1362 4217 1563 4270 ὅτιούκ
1594 4216 1786 4281 ἔλαϐες

1891 3497 2129 3566 ﬁgmenti
2182 3497 2290 3551 sui.
2323 3496 2467 3568 Ergo
2488 3500 2717 3569 puri/ica
2739 3517 2833 3554 cor
2861 3510 3010 3556 tuum
3059 3520 3093 3556 a
3118 3502 3476 3572 dubitatione,

1890 3597 1941 3641 et
1960 3598 2075 3655 pete
2100 3587 2166 3642 ab
2189 3603 2266 3656 eo,
2293 3597 2345 3643 et
2358 3590 2587 3659 accipies
2609 3592 2918 3660 petitionem
2938 3602 3109 3648 tuam.
3134 3591 3269 3675 Cum
3297 3604 3478 3649 autem

1893 3680 2243 3744 dubitaveris.
2274 3698 2378 3736 non
2415 3683 2665 3753 accipies.
2698 3683 2804 3749 Qui
2823 3685 2963 3738 enim
2986 3685 3237 3740 dubitant
3262 3686 3328 3741 de
3349 3686 3478 3755 Deo,

1894 3776 1947 3829 hi
1979 3785 2101 3830 sunt
2140 3775 2309 3842 dubii,
2337 3783 2387 3830 et
2419 3776 2631 3830 omnino
2661 3777 2796 3831 nihil
2818 3778 3104 3847 impetrant
3130 3796 3314 3833 eorum
3362 3798 3482 3852 qua:

1892 3879 2094 3943 petunt.
2123 3868 2269 3923 Nam
2292 3869 2384 3940 qui
2417 3868 2560 3939 pleni
2581 3878 2703 3923 sunt
2730 3869 2854 3939 ﬁde,
2888 3871 3068 3924 omnia
3094 3880 3276 3940 petunt
3311 3873 3483 3943 ﬁden-

1896 3974 1970 4019 tes
1997 3963 2248 4028 Domino,
2294 3972 2347 4017 et
2374 3963 2666 4033 accipiunt,
2699 3964 2827 4033 quia
2867 3964 2980 4018 sine
3006 3965 3340 4020 dubitatione
3391 3985 3483 4039 pe-

1895 4067 2031 4113 tunt.
2064 4055 2168 4111 Sed
2199 4056 2247 4110 si
2279 4056 2487 4110 tardius
2511 4056 2769 4125 accipias,
2792 4055 2904 4109 noli
2930 4056 3195 4124 dubitare,
3219 4060 3348 4128 quia
3374 4076 3481 4114 non

1893 4153 1998 4205 cito
2032 4150 2292 4219 acceperis
2332 4149 2643 4219 petitionem
2687 4150 2879 4205 anima:
2913 4160 3039 4206 tute.
3074 4150 3304 4208 Omnino
3337 4155 3480 4208 enim

1891 4253 2105 4315 propter
2132 4243 2495 4309 tentationem,
2518 4251 2612 4296 aut
2632 4258 2727 4312 pro
2751 4252 2987 4312 peccato,
3001 4244 3141 4313 quod
3166 4254 3219 4299 tu
3243 4245 3482 4316 ignaras,

193 4314 336 4384 ταχὺ
371 4313 431 4366 τὸ
462 4316 671 4385 αἴτημα
700 4313 800 4384 τῆς
818 4310 997 4383 ψυχῆς
1029 4327 1145 4364 σου.
1181 4311 1405 4373 Πάντως
1425 4310 1534 4381 γὰρ
1567 4310 1656 4363 διὰ
1675 4328 1787 4363 πει-

1917 4310 2103 4391 ardius
2134 4335 2356 4404 accipis.
2388 4333 2492 4388 Sed
2525 4343 2583 4387 tu
2620 4310 2729 4389 noli
2752 4310 2996 4389 desinere
3014 4310 3238 4405 petendo
3261 4310 3481 4406 petitio;

196 4404 409 4476 ρασμὸν
439 4421 581 4467 τινα,
612 4404 646 4475 ἢ
679 4401 1035 4476 παράπτωμά
1057 4419 1131 4465 τι,
1158 4400 1187 4454 ὂ
1211 4402 1275 4455 σὺ
1302 4402 1518 4470 ἀγνοεῖς
1536 4442 1551 4465 ,
1586 4401 1785 4473 βραδύ-

190 4513 355 4567 τερον
387 4495 702 4566 λαμϐάνεις.
736 4495 808 4548 Σὺ
845 4490 940 4548 οῦν
984 4493 1058 4565 μὴ
1089 4492 1343 4566 διαλίπῃς
1371 4492 1690 4564 αἰτούμενος
1726 4494 1788 4547 τὸ

191 4591 405 4659 αἴτημα
433 4587 535 4657 τῆς
564 4586 744 4657 ψυχῆς
768 4603 884 4653 σου,
920 4586 1013 4640 καὶ
1042 4584 1188 4659 λήψῃ
1229 4585 1381 4639 αὐτό.
1437 4584 1563 4639 Ἐὰν
1594 4586 1652 4639 δὲ
1691 4588 1785 4640 ὲκ-

193 4680 461 4749 κακήσεις
486 4677 824 4748 αἰτούμενος,
860 4677 1085 4731 σεαυτὸν
1130 4677 1310 4740 αἰτιῶ,
1337 4678 1432 4731 κα).
1474 4677 1551 4749 μὴ
1580 4678 1674 4732 τὸν
1704 4679 1783 4732 δι-

188 4775 355 4827 δόντα
377 4773 479 4825 σοί.
522 4773 587 4826 Ἦ
616 4771 726 4843 γὰρ
756 4767 979 4839 διψυχία
1004 4766 1254 4839 θυγάτηρ
1310 4767 1431 4820 ἐστὶ
1468 4766 1564 4820 τοῦ
1604 4767 1785 4821 διαϐό-

191 4866 313 4928 λου,
344 4866 437 4918 καὶ
460 4864 579 4918 λίαν
606 4860 969 4935 πονηρεύεται
997 4861 1079 4923 εἰς
1106 4859 1235 4922 τοὺς
1264 4857 1484 4922 δούλους
1500 4857 1595 4912 τοῦ
1623 4858 1782 4913 Θεοῦ.

192 4957 270 5010 Σὺ
302 4953 395 5011 οὖν
416 4955 631 5010 ἔνδυσαι
653 4954 753 5027 τὴν
778 4953 963 5007 πίστιν
990 4951 1093 5023 τὴν
1119 4950 1371 5021 ἰσχυράν.

1896 4445 2014 4483 nem
2066 4428 2264 4481 animae
2321 4436 2427 4480 tua:
2456 4467 2471 4492 ,
2522 4434 2574 4478 et
2606 4426 2856 4497 accipies.
2890 4423 2951 4481 Si
2981 4438 3157 4481 autem
3196 4433 3481 4485 cessaveris

1893 4520 2117 4591 petendo
2141 4558 2157 4585 ,
2199 4519 2264 4571 de
2297 4528 2344 4571 te
2368 4518 2632 4588 queraris,
2680 4533 2784 4571 non
2806 4517 2869 4571 de
2897 4534 2956 4571 eo
2984 4520 3076 4589 qui
3125 4535 3231 4574 non
3277 4522 3479 4578 dederit

1898 4614 2018 4667 tibi.
2054 4602 2284 4665 Etenim
2316 4610 2584 4665 dubitatio
2617 4609 2735 4680 ﬁlia
2772 4620 2849 4664 est
2876 4610 3099 4680 diaboli,
3123 4624 3174 4667 et
3203 4615 3355 4669 valde
3391 4633 3483 4670 new

1894 4709 2071 4778 quiter
2096 4706 2207 4777 agit
2264 4720 2384 4757 cum
2427 4703 2590 4758 seruis
2638 4702 2758 4757 Dei.
2794 4701 2875 4758 Tu
2902 4720 3025 4775 ergo
3066 4705 3228 4760 indue
3268 4707 3481 4776 ﬁrmant

1894 4798 2058 4868 ﬁdem
2087 4806 2137 4851 et
2163 4805 2449 4867 potentem.

1302 5110 1540 5167 VARUE
1580 5111 1965 5170 LECTIONES
2004 5109 2094 5168 ET
2134 5110 2371 5167 NOTAE.

271 5229 386 5299 (50)
427 5230 618 5285 Lamb.
651 5232 909 5289 deserere.
1498 5272 1502 5275 Α

274 5298 389 5370 (51)
430 5298 643 5356 Laudat
672 5302 818 5357 hunc
845 5304 1027 5360 locum
1077 5304 1414 5359 Athanasius
1445 5305 1541 5360 lib.
1573 5305 1651 5361 De
1686 5308 1785 5361 de-

195 5370 523 5446 cretisANjc.
544 5388 661 5446 syn.
686 5388 839 5446 num.
866 5375 924 5443 4,
953 5384 1090 5431 ιοιη.
1121 5375 1162 5442 Ι,
1207 5391 1329 5446 pag.
1358 5376 1488 5442 2H,
1521 5377 1654 5432 edit.
1673 5376 1781 5431 BB.

274 5442 391 5511 (52)
431 5440 623 5497 Lamb.
654 5443 723 5496 ad
745 5440 943 5500 servos.

278 5512 393 5581 (55)
434 5511 624 5588 Lamb.
653 5513 755 5567 sibi
775 5517 1010 5571 omnium
1034 5517 1317 5587 impetrare
1335 5533 1551 5588 operum
1567 5533 1788 5571 suorum

235 5599 321 5637 ure
359 5585 489 5653 agit.

195 5600 530 5727 ’,υἷ’ἓῦθῖάέ.
564 5652 706 5709 Vict.
754 5660 891 5712 servi
926 5657 1173 5712 virtutem
1219 5657 1431 5712 habenti
1472 5659 1622 5727 ﬁdei.
1674 5656 1783 5712 Sed

198 5740 309 5781 ius.
338 5724 525 5779 Carm.
585 5742 733 5780 serva
761 5729 922 5798 ﬁdem
958 5728 1233 5785 habentem
1276 5724 1546 5787 virtutem.
1585 5728 1782 5785 Lamb.

442 5849 722 5913 PATROL.
771 5849 890 5911 Gn.
926 5848 1003 5910 ll.

1888 5246 2273 5306 autem,_s_erva
2292 5234 2543 5306 uirtutem
2568 5234 2765 5291 habita:
2790 5237 2941 5306 ﬁdei.

1962 5306 2077 5374 (55)
2106 5303 2271 5396 Venis
2292 5303 2806 5396 interpres‘vidc-tur
2830 5309 3029 5379 legisse
3053 5310 3315 5396 oi'caﬁca
3342 5329 3476 5396 φρο-

1887 5376 2169 5454 νήσαντες.
2213 5374 2272 5454 Si
2306 5389 2445 5454 vera
2496 5384 2587 5454 est
2625 5376 2788 5433 lectio
2812 5374 3477 5454 ,καταφρονήσαντεςξῖιι-

1893 5444 2073 5515 tellige
2102 5446 2201 5524 τῆς
2238 5444 2527 5524 διψυχίας,
2557 5447 2755 5524 deﬂua
2788 5444 2952 5524 paulo
2980 5444 3143 5524 ante':
3177 5444 3497 5524 rKavatgpé'

1895 5513 2059 5591 νῃσόν
2080 5513 2376 5591 οῦν-αὐτῆς
2394 5513 2824 5591 [τῆς-διψυχίας
2842 5520 2888 5591 ].
2929 5521 3002 5575 Ita
3029 5522 3310 5577 Fabricius
3326 5513 3472 5576 Bibl.

1902 5585 2140 5662 9.301.
2167 5585 2235 5662 _V,
2262 5585 2506 5657 βοείη.
2538 5585 2795 5662 ρυεηὶίίη
2833 5585 3158 5646 sententiam
3190 5594 3479 5662 pmiverat

1893 5655 1979 5711 Cl.
2008 5655 2469 5711 Montfauconus:
2517 5660 2596 5712 sic
2649 5660 2795 5713 enim
2829 5663 3030 5716 vertit:
3065 5663 3134 5716 Et
3181 5655 3284 5717 Deo
3312 5664 3474 5727 uiues.

1894 5736 2049 5797 atque
2079 5744 2256 5783 omnes
2285 5729 2377 5800 qui
2406 5727 2876 5803 [dubitationem]
2901 5735 3331 5805 contempserint.

3155 5848 3239 5909 30
