3822 6218
400 317 504 373 959

1860 313 1917 373 s.
1961 306 2225 377 unum

3567 320 3684 376 εδει)

1745 436 2210 499 MANDATUM
2250 435 2331 499 X.

840 561 929 622 De
957 563 1155 626 animi
1194 549 1504 634 tristitia,
1538 569 1595 623 et
1624 579 1753 621 non
1781 560 2221 623 contristando
2247 560 2502 641 Spiritu
2528 560 2642 623 Dei
2673 561 2783 642 qui
2814 561 2883 624 in
2904 559 3087 623 nobis
3116 566 3231 621 est.

1740 712 1972 768 CAPUT
2011 713 2307 769 PRIMUM.

468 818 654 895 Longe
684 824 771 879 fac
819 840 849 879 a
901 834 952 879 te
989 840 1209 881 omnem
1259 825 1581 881 tristitiam:
1616 826 1817 881 etenim
1860 826 1955 880 han

2157 826 2269 900 (56)
2308 824 2479 900 τΑρον
2518 828 2625 883 ἀπὸ
2680 827 2775 882 σοῦ
2832 828 2933 900 τὴν
2970 827 3180 901 λύπην
3222 828 3317 882 καὶ
3360 828 3471 900 γὰρ
3526 827 3679 901 αὕτη

394 934 553 975 soror
597 928 680 973 est
732 918 1135 985 dubitationis,
1187 927 1241 974 et
1295 919 1613 974 iracundiae.
1665 917 1974 986 Quomodo,

394 1013 645 1081 inquam,
672 1010 914 1076 domine,
953 1026 1116 1066 soror
1142 1010 1490 1067 estharum?
1531 1010 1691 1065 Aliud
1725 1010 1860 1065 mihi
1889 1011 1975 1065 vi-

393 1107 555 1161 detur
581 1105 826 1170 tristitia,
865 1104 1013 1159 aliud
1052 1104 1347 1159 dubitatio.
1404 1101 1470 1157 Et
1493 1104 1605 1157 ait:
1642 1102 1772 1157 Sine
1808 1118 1972 1158 sensu

393 1214 503 1253 non
555 1197 837 1266 intelligis.
885 1195 1133 1251 Tristitia
1190 1194 1337 1249 enim
1387 1194 1634 1247 omnium
1679 1195 1971 1264 spirituum

392 1290 771 1360 nequissimus
821 1299 926 1353 est,
990 1297 1045 1343 et
1073 1287 1347 1358 pessimus
1381 1286 1495 1357 (57)
1535 1287 1708 1342 servis
1748 1276 1878 1351 Dei;
1920 1296 1976 1342 et

2084 919 2285 991 ἀδελφή
2328 921 2443 973 ἐστι
2475 920 2575 989 τῆς
2611 917 2864 989 διψυχίας
2900 919 2995 972 καὶ
3033 919 3134 989 τῆς
3167 918 3469 989 ὀξύχολίας.
3517 919 3675 985 Πῶς,

2082 1013 2276 1085 κύριε,
2326 1013 2529 1083 ἀδελφή
2581 1013 2728 1065 ἐστιν
2781 1012 2986 1082 αύτῆς;
3023 1010 3185 1063 Ἀλλο
3225 1012 3335 1083 γάρ
3376 1028 3469 1082 μοι
3522 1011 3682 1064 δοκεῖ

2078 1105 2352 1176 ὀξυχολία,
2378 1106 2472 1159 καὶ
2496 1105 2623 1160 ἄλλο
2642 1104 2884 1175 διψυχία,
2911 1103 3006 1156 καὶ
3032 1103 3159 1158 ἄλλο
3182 1102 3348 1175 λύπη.
3373 1102 3560 1171 Λέγει·
3582 1142 3596 1155 .
3620 1142 3632 1154 .
3657 1142 3673 1155 .

2078 1197 2167 1251 διὰ
2200 1198 2252 1250 τί
2278 1198 2340 1249 ού
2374 1199 2516 1260 νοεῖς
2542 1195 2612 1249 τὰ
2639 1195 2909 1266 λεγόμενά
2941 1212 3023 1248 σοι
3048 1211 3062 1259 ;
3083 1233 3099 1249 .
3126 1237 3135 1246 .
3161 1233 3176 1248 .
3199 1235 3213 1249 .
3254 1195 3317 1248 ού
3340 1197 3488 1258 νοεῖς
3509 1195 3597 1247 ὅτι
3639 1196 3675 1265 ἠ

2078 1286 2222 1358 λύπη
2248 1287 2466 1340 πάντων
2497 1286 2606 1340 τῶν
2623 1285 2810 1340 παθῶν
2833 1286 3168 1358 πονηροτέρα
3189 1286 3356 1349 ἐστὶν,
3384 1287 3480 1339 καὶ
3499 1286 3676 1339 δεινο-

390 1383 640 1437 omnium
679 1382 909 1452 spiritus
959 1380 1313 1443 exterminat,
1356 1387 1411 1434 et
1454 1380 1666 1434 crUciat
1698 1379 1811 1450 (58)
1852 1379 1955 1450 Spi-

2124 1381 2346 1451 Ξιτη²τοῖς
2362 1379 2573 1443 δούλοις
2596 1378 2689 1431 τοῦ
2711 1376 2869 1440 Θεοῦ,
2895 1379 2988 1431 καὶ
3017 1378 3170 1465 παρὰ
3199 1378 3378 1433 πάντα
3396 1378 3468 1432 τὰ
3502 1378 3677 1432 πνεύ-

390 1473 557 1527 ritum
589 1480 840 1529 sanctum
869 1489 883 1537 ;
915 1481 968 1525 et
1012 1472 1211 1524 iterum
1259 1470 1469 1523 salvum
1503 1469 1654 1524 facit.
1709 1469 1843 1540 Ego,
1890 1471 1973 1524 in-

2081 1488 2227 1541 ματα
2257 1469 2613 1542 καταφθείρει
2636 1469 2729 1522 τὸν
2753 1468 3067 1540 ἄνθρωπον;

391 1582 585 1637 quam,
624 1564 872 1629 domine,
901 1564 1171 1632 insipiens
1195 1581 1338 1632 sum,
1367 1574 1553 1620 etnon
1588 1566 1831 1635 intelligo
1858 1567 2193 1636 quaestiones
2226 1566 2391 1621 istas:
2418 1581 2531 1636 quo
2576 1564 2741 1619 modo
2792 1563 2967 1633 possit
3021 1564 3293 1632 cruciare,
3340 1573 3398 1619 et
3454 1564 3673 1620 iterum

390 1661 602 1715 salvum
628 1658 830 1721 facere,
870 1674 980 1714 non
1009 1658 1275 1731 intelligo.
1333 1661 1497 1726 Audi,
1554 1662 1755 1731 inquit,
1788 1671 1842 1715 et
1878 1662 2138 1733 intellige.
2182 1660 2248 1715 Hi
2284 1662 2377 1732 qui
2414 1661 2539 1731 (59)
2588 1668 2872 1729 nunquam
2916 1658 3299 1727 exquisierunt
3347 1658 3670 1723 veritatem,

391 1773 570 1828 neque
595 1755 970 1826 inquisierunt
993 1754 1061 1809 de
1105 1753 1411 1822 majestate,
1464 1753 1555 1808 sed
1584 1762 1796 1807 tantum
1821 1755 2191 1820 crediderunt,
2234 1762 2365 1808 sunt
2395 1752 2508 1824 (60)
2542 1750 2773 1805 involuti
2821 1749 2884 1804 in
2918 1749 3155 1818 negotiis
3201 1748 3317 1819 (61)
3368 1748 3669 1805 hominum

388 1851 760 1904 ethnicorum.
800 1846 864 1900 Et
892 1846 1034 1900 alius
1063 1844 1295 1899 mendax
1327 1844 1618 1913 prophetes
1642 1853 1746 1911 est,
1779 1846 1874 1915 qui
1912 1845 2090 1916 perdit
2114 1861 2312 1900 sensus
2347 1860 2635 1899 servorum
2666 1843 2758 1897 Dei
2784 1885 2798 1908 ,
2828 1841 3121 1895 dubiorum
3150 1850 3355 1906 autem,
3390 1856 3507 1894 non
3536 1841 3669 1896 illo—

390 1960 513 1997 rum
565 1942 658 2012 qui
694 1941 867 1994 ﬁdunt
896 1939 950 1993 in
983 1938 1216 1992 Domino
1240 1937 1419 2006 plene.
1444 1935 1524 1990 llli
1557 1952 1687 2008 ergo
1720 1937 1873 1992 dubii
1901 1938 2059 2007 quasi
2091 1938 2158 1991 ad
2187 1937 2434 1991 divinum
2462 1934 2725 2004 Spiritum
2756 1932 3005 1998 veniunt,
3029 1939 3083 1986 et
3110 1931 3450 2000 interrogant
3481 1930 3668 1997 illum,

386 2039 519 2108 quid
556 2038 663 2092 illis
692 2036 938 2091 futurum
998 2034 1087 2089 sit.
1140 2032 1206 2088 Et
1237 2034 1326 2087 ille
1366 2033 1601 2088 mendax
1634 2034 1949 2104 prophetes,
1984 2034 2189 2088 nullam
2231 2033 2447 2087 habens
2504 2032 2557 2085 in
2611 2046 2670 2086 se
2702 2030 2961 2084 virtutem
3009 2026 3249 2096 Spiritus
3304 2023 3482 2079 divini
3517 2023 3681 2094 (62),

385 2135 632 2205 loquitur
674 2133 783 2187 illis
814 2131 1119 2186 secundum
1160 2129 1648 2200 interrogationem
1675 2108 1918 2195 illorum,
1950 2140 2006 2183 et
2054 2130 2241 2199 implet
2271 2128 2487 2184 animas
2542 2129 2763 2183 illorum
2793 2124 3111 2196 promissis,
3163 2122 3307 2177 sicut
3332 2121 3413 2175 illi
3440 2122 3663 2177 volunt.

385 2227 478 2281 Ille
500 2224 998 2294 autem'prophetes
1028 2219 1209 2275 inanis
1233 2228 1336 2283 est,
1364 2228 1417 2273 et
1446 2218 1632 2273 inania
1674 2220 1970 2289 respondet
1993 2219 2272 2273 inanibus.
2308 2217 2589 2288 Quidquid
2618 2216 2764 2272 enim
2802 2216 3175 2284 interrogatur
3206 2228 3236 2267 a
3282 2212 3446 2266 vanis
3475 2212 3664 2266 homi—

384 2316 734 2382 nibus,"vana
767 2312 1069 2383 respondet
1087 2309 1231 2363 illis.
1254 2306 1729 2374 Qutedamautem
1764 2310 1930 2364 verba
1963 2325 2090 2365 vera
2119 2310 2383 2381 loquitur.
2428 2308 2694 2365 Diabolus
2725 2308 2872 2364 enim
2903 2308 3092 2380 implet
3136 2306 3252 2378 (65)
3278 2322 3409 2363 eum
3458 2308 3660 2378 spiritu

381 2428 506 2478 suo,
542 2420 601 2466 ut
638 2409 865 2480 dejiciat
903 2407 1141 2477 aliquem
1172 2421 1237 2461 ex
1270 2405 1435 2476 justis
1470 2405 1606 2475 (64).

1808 2552 2046 2608 CAPUT
2086 2552 2149 2608 ll.

450 2660 778 2731 Quicunque
801 2677 933 2734 ergo
959 2664 1130 2720 lortcs
1156 2675 1284 2720 sunt
1314 2666 1368 2719 in
1396 2666 1501 2721 tide
1534 2665 1773 2732 Domini,
1798 2674 1852 2722 c’t
1883 2669 2057 2725 induti
2087 2679 2217 2725 sunt
2251 2670 2558 2735 veritatem,
2601 2671 2803 2726 talibus
2842 2669 3130 2739 spiritibus
3182 2681 3293 2722 non
3321 2666 3659 2736 junguntur,

380 2761 473 2814 sed
502 2760 791 2814 discedunt
824 2761 892 2814 ab
919 2761 1045 2815 illis.
1072 2759 1354 2830 Quotquot
1399 2770 1580 2814 autem
1626 2760 1776 2816 dubii
1827 2770 1975 2827 sunt,
2028 2772 2082 2818 ct
2124 2763 2360 2818 subinde
2403 2764 2776 2834 pmnitcntiam
2816 2772 3005 2833 agunt,
3053 2759 3351 2815 consulunt
3392 2769 3662 2826 tanquam

378 2851 605 2917 ethnici,
633 2860 688 2906 et
718 2868 1075 2922 permagnum
1107 2852 1209 2907 sibi
1239 2860 1521 2921 peccatum
1560 2864 1863 2924 congerunt
1894 2854 2033 2926 (65),
2078 2855 2241 2911 idolis
2288 2858 2609 2913 servientes.
2652 2856 2978 2923 Quicunque
3014 2866 3144 2921 ergo
3193 2851 3327 2904 tales
3368 2856 3524 2910 sunt,
3577 2849 3663 2900 in-

379 2953 658 3015 tcrrogant
697 2960 796 3015 pro
820 2946 1039 3015 negotio
1066 2947 1331 3015 quolibet,
1359 2940 1655 3002 simulacra
1688 2948 1898 3013 colunt,
1931 2957 1986 3002 et
2018 2949 2166 3003 stulti
2194 2961 2340 3013 sunt,
2370 2959 2423 3004 et
2466 2950 2654 3005 inanes
2682 2966 2711 3003 a
2743 2950 2991 3003 veritate.
3027 2943 3219 2998 Omnis
3239 2942 3387 2996 cnim
3427 2941 3661 3011 spiritus

375 3048 406 3091 ει
436 3037 545 3091 Deo
585 3038 746 3092 datus
780 3053 888 3091 non
916 3037 1316 3108 interrogatur;
1358 3040 1451 3093 sed
1472 3039 1691 3095 habens
1717 3040 1973 3093 virtutem
2003 3040 2114 3109 (66)
2149 3041 2472 3105 divinitatis,
2499 3057 2529 3096 a
2570 3057 2629 3096 se
2662 3043 2846 3096 omnia
2882 3041 3159 3111 loquitur;
3196 3038 3325 3108 quia
3361 3038 3659 3092 desursum

375 3138 460 3187 est
493 3148 522 3187 a
554 3133 757 3186 virtute
778 3131 949 3185 divini
994 3131 1250 3201 Spiritus.
1285 3130 1391 3197 Qui
1430 3142 1610 3187 autem
1652 3134 2043 3205 interrogatus,
2080 3138 2328 3207 loquitur
2365 3140 2666 3194 secundum
2697 3138 3055 3203 desiderium,
3077 3144 3132 3191 ct
3166 3134 3290 3188 aliis
3325 3131 3437 3201 (67)
3468 3133 3662 3186 multis

376 3227 543 3280 rebus
572 3225 737 3295 hujus
770 3223 976 3279 surculi.
1004 3221 1329 3291 Hujusmodi
1369 3223 1481 3293 (68)
1528 3240 1637 3278 non
1681 3224 1995 3297 intelligunt
2044 3229 2378 3298 quaestiones
2415 3230 2751 3296 divinitatis;
2808 3230 3181 3284 obscurantur
3227 3225 3373 3279 enim
3428 3224 3545 3291 (69)
3589 3225 3663 3279 iis

376 3316 633 3387 negotiis,
657 3326 711 3370 et
735 3324 1187 3385 corrumpuntur,
1220 3322 1274 3368 et
1301 3312 1743 3385 confringuntur.
1779 3316 1935 3372 Sicut
1958 3319 2098 3375 vites
2125 3318 2283 3373 bonae
2325 3336 2447 3389 quze
2480 3322 2852 3392 negliguntur,
2886 3319 2954 3374 ab
2986 3316 3171 3373 herbis
3216 3325 3271 3371 et
3302 3314 3495 3384 :spinis
3531 3329 3660 3383 pre-

375 3421 602 3465 muntur
624 3418 679 3465 et
707 3417 974 3465 necantur
1015 3405 1127 3476 (70)
1157 3424 1169 3460 :
1204 3407 1285 3461 sic
1330 3416 1384 3461 et
1437 3407 1691 3462 homines
1730 3409 1820 3477 qui
1873 3410 2072 3465 talibus
2111 3413 2482 3479 crediderunt,
2515 3413 2553 3466 ii
2582 3411 2813 3482 negotiis
2844 3420 2899 3465 et
2939 3409 3250 3465 actionibus
3288 3407 3475 3462 multis
3516 3406 3665 3459 inci-

372 3505 592 3568 derunt,
627 3511 681 3556 et
717 3508 1052 3556 evacuantur
1077 3498 1191 3568 (7t)
1227 3514 1255 3553 a
1286 3514 1451 3554 sensu
1485 3515 1608 3564 suo,
1640 3509 1693 3554 et
1730 3500 1870 3554 nihil
1915 3503 2140 3558 omnino
2192 3504 2522 3575 intelligunt,
2577 3504 2645 3559 de
2690 3502 2896 3558 divitiis
2946 3503 3249 3573 cogitantes
3280 3497 3415 3569 (72).
3457 3494 3569 3551 Sed
3606 3491 3661 3549 si

372 3593 597 3661 quando
635 3592 909 3646 audierint
940 3590 1007 3645 dc
1034 3589 1288 3653 Domino,
1313 3604 1511 3643 sensus
1540 3604 1733 3644 corum
1767 3591 1819 3645 in
1845 3595 2079 3663 negotiis
2109 3596 2355 3667 ipsorum
2382 3607 2483 3651 est.

441 3705 544 3773 Qui
582 3713 762 3761 autem
797 3704 1046 3759 timorem
1091 3701 1307 3756 Domini
1350 3702 1572 3769 habent,
1624 3711 1679 3756 et
1708 3711 1955 3757 scrutan-

2134 3708 2245 3780 (75)
2302 3710 2364 3762 Οἱ
2408 3706 2469 3762 δὲ
2525 3708 2685 3778 φόϐον
2736 3708 2951 3779 ἔχοντες
2983 3707 3139 3771 Θεοῦ,
3182 3707 3275 3759 καὶ
3319 3704 3665 3776 ἐρευνῶντες

373 3808 461 3853 tur
482 3799 549 3853 de
581 3796 691 3851 Deo
728 3796 1013 3850 veritatem
1041 3836 1056 3860 ,
1095 3794 1485 3864 cogitationem
1509 3810 1727 3849 omnem
1756 3794 1956 3850 habent

371 3892 438 3946 ad
480 3890 795 3944 Dominum.
823 3886 1021 3942 Omnia
1051 3901 1175 3955 quae
1207 3885 1467 3940 dicuntur
1489 3886 1591 3952 eis,
1622 3879 1954 3957 percipiunt,

2062 3800 2190 3871 περ).
2230 3800 2364 3853 Θεοῦ
2419 3800 2596 3871 ἔργων
2650 3802 2744 3855 καὶ
2790 3801 3066 3871 ἀληθείας,
3118 3800 3213 3853 καὶ
3274 3797 3374 3868 τὴν
3418 3795 3665 3867 καρδίαν

2062 3891 2281 3963 ἔχοντες
2314 3894 2451 3965 πρὸς
2482 3890 2709 3964 Κύριον,
2737 3893 2915 3945 πάντα
2946 3892 3015 3945 τὰ
3048 3891 3315 3961 λεγόμενα
3346 3890 3531 3949 αὐτοῖς
3552 3888 3663 3940 τά-

370 3995 425 4040 et
453 3985 635 4042 statim
670 3981 976 4051 intelligunt
999 3977 1135 4050 (74),
1172 3976 1301 4047 quia
1330 3976 1529 4031 habent
1560 3978 1810 4033 timorem
1842 3979 1954 4035 Do-

2124 4001 2175 4036 ον
2208 3976 2389 4037 νοοῦσι
2416 3986 2508 4037 καὶ
2533 3983 2826 4045 συνιοῦσιν,
2873 3984 3022 4036 ὅτι...
3065 3982 3159 4034 τὸν
3194 3979 3354 4049 φόϐον
3388 3978 3481 4032 τοῦ
3512 3974 3663 4031 Θεοῦ

374 4077 505 4132 mini
543 4076 597 4128 in
629 4090 707 4129 se.
747 4070 849 4128 Ubi
888 4071 1032 4125 enim
1067 4067 1303 4137 Spiritus
1339 4067 1553 4122 Domini
1597 4068 1708 4139 (75)
1738 4068 1951 4125 inhabi-

2057 4073 2269 4143 ἔχουσιν
2314 4077 2372 4128 ἐν
2420 4076 2653 4137 ἑαυτοῖς.
2710 4075 2883 4128 Ὅπου
2920 4073 3029 4144 γὰρ
3072 4075 3101 4124 ὁ
3147 4071 3350 4141 Κύριος
3382 4071 3667 4127 κατοικεῖ,

1474 4210 1708 4264 VARl/E
1750 4210 2133 4271 LECTIONES
2171 4215 2259 4270 ET
2300 4216 2532 4271 NOTAE.

439 4324 670 4400 (56)
701 4325 878 4400 Dortr.
915 4326 984 4400 ad
1025 4328 1268 4400 Antioch.
1292 4344 1464 4400 fnum.
1517 4329 1605 4393 Η,
1655 4346 1778 4400 pag.
1817 4331 1943 4385 257.

366 4397 468 4453 llic
497 4398 746 4468 ordinem
779 4396 1002 4468 invertit
1031 4399 1630 4466 pseudo-Athanasius.
1657 4396 1763 4468 Ipsi
1794 4402 1940 4454 enim

365 4479 450 4525 est
485 4467 801 4539 mandatum
846 4467 1219 4539 undecimum,
1272 4470 1416 4539 quod
1449 4472 1502 4523 in
1534 4467 1701 4525 veteri
1730 4470 1945 4525 llerma:

365 4541 619 4595 versione
648 4548 731 4592 est
761 4536 1057 4593 decimum.
1088 4538 1145 4594 ld
1176 4536 1300 4594 non
1315 4541 1547 4596 advertit
1568 4542 1637 4595 cl.
1674 4540 1950 4596 Montfau-

364 4625 560 4665 COllllS.

437 4680 552 4749 (57)
595 4679 788 4733 Lamb.
830 4679 1046 4749 nequior
1072 4688 1120 4732 et
1152 4681 1402 4749 pessima.
1460 4680 1645 4735 Graeca
1697 4682 1806 4736 sic:
1836 4683 1949 4736 An-

353 4768 470 4803 non
496 4750 755 4821 intelligis
782 4753 1017 4803 omnium
1058 4751 1345 4821 affectuum
1378 4753 1663 4821 pessimum
1710 4770 1820 4806 esse
1853 4756 1951 4807 tri—

365 4822 594 4889 stitiam,
630 4819 826 4893 Deique
877 4822 1039 4893 servis
1082 4819 1468 4893 durissimum;
1496 4839 1613 4891 quw
1639 4822 1758 4891 plus
1789 4840 1947 4893 quam

367 4893 463 4963 alii
490 4907 665 4963 omnes
692 4889 1017 4963 [nequitiae]
1048 4893 1271 4960 spiritus
1310 4889 1571 4945 hominem
1618 4889 1951 4963 corrumpit?

368 4962 469 5016 llic
501 4962 637 5032 bene
693 4962 864 5014 multa
915 4963 1104 5017 omisit
1159 4962 1737 5032 pseudo-Athanasius
1822 4962 1947 5018 nam

370 5042 492 5101 post
519 5031 825 5102 ἄνθρωπον,
857 5048 921 5086 ea
964 5034 1147 5086 statim
1164 5031 1501 5102 sequuntur,
1523 5043 1582 5088 ut
1604 5048 1733 5088 mox
1764 5034 1905 5089 infra
1934 5054 1946 5088 :

368 5100 430 5157 Oi
463 5102 521 5155 δὲ
549 5100 709 5172 φοϐον
741 5100 975 5172 ἔχοντες,
1007 5120 1060 5155 κ.
1084 5120 1133 5155 τ.
1167 5103 1216 5155 λ.

439 5173 555 5242 (58)
600 5171 789 5242 Lamb.
828 5173 1173 5238 contribulat,
1199 5183 1254 5229 et
1286 5190 1412 5229 mox
1450 5175 1834 5231 contribulare.

442 5241 556 5313 (59)
598 5241 790 5313 Lamb.
824 5246 977 5299 deest
998 5245 1107 5313 qui.

442 5245 535 5313 (59
598 5245 790 5298 Lamb.
824 5246 977 5299 deest
998 5245 1107 5313 qui.

442 5245 556 5453 (6οΞ
598 5312 740 5395 Vict.
769 5315 954 5370 Carm.
991 5323 1045 5368 et
1070 5313 1262 5370 Lamb.
1288 5326 1337 5369 et
1375 5326 1520 5372 sunt.

442 5387 524 5452 (61
593 5383 735 5439 Vict.
765 5386 950 5440 Carm.
981 5396 1035 5439 et
1059 5383 1249 5440 Lamb.
1287 5389 1507 5453 negotiis

438 5383 553 5453 (61)
593 5383 735 5457 Fiet.
765 5386 950 5440 Carm.
981 5396 1035 5439 et
1059 5383 1249 5440 Lamb.
1287 5389 1507 5457 negotiis
1538 5398 1586 5443 et
1610 5390 1832 5443 divitiis.

437 5456 553 5526 (62)
594 5455 786 5510 Lamb.
819 5458 1091 5510 veritatem
1140 5457 1196 5509 in
1229 5474 1282 5510 se
1326 5455 1523 5527 spiritu
1564 5460 1764 5515 divino.
1805 5460 1949 5517 Lau-

365 5528 528 5603 datur
579 5528 868 5603 higlocus
899 5542 927 5579 a
967 5527 1137 5603 Clem.
1175 5528 1591 5603 _Alex.__2.'tpwy.
1624 5532 1717 5586 lib.
1752 5547 1795 5603 Vl,
1824 5549 1944 5603 cap.

365 5600 454 5663 l7,
490 5614 611 5668 pag.
643 5596 768 5651 369.
806 5597 935 5666 Ejus
967 5598 1133 5651 verba
1174 5599 1318 5653 inter
1346 5596 1596 5657 Veterum
1642 5596 1947 5660 testimonia

363 5672 616 5737 superius
663 5670 853 5724 relata.

436 5740 549 5810 (65)
595 5739 784 5795 Lamb.
817 5749 989 5793 autem
1023 5740 1296 5814 adimplet.

2131 4334 2245 4403 (64)
2288 4335 2442 4390 Bodl.
2474 4346 2528 4390 et
2554 4335 2745 4389 Lamb.
2777 4335 2909 4389 illis.

2127 4407 2239 4475 (65)
2280 4406 2471 4460 Lamb.
2498 4408 2794 4476 conferunt.

2126 4476 2239 4543 ('66)
2282 4476 2470 4529 Lamb.
2500 4479 2793 4531 veritatem.

2126 4548 2239 4612 (67)
2281 4546 2541 4602 Fortasse
2562 4548 2627 4602 de
2656 4548 2802 4602 aliis.
2835 4545 3020 4601 Fcllus
3053 4564 3065 4599 :
3094 4554 3144 4598 et
3185 4544 3250 4597 de
3272 4543 3510 4604 aliis...;
3548 4545 3649 4596 Im-

2046 4616 2307 4684 jusmodi.

2127 4688 2239 4753 (68)
2282 4685 2473 4744 Lamb.
2507 4698 2561 4742 ct
2618 4689 2770 4743 Bodl.
2820 4688 2973 4741 deest
3022 4684 3347 4754 hujusmodi.
3401 4682 3659 4738 Pseudo-

2054 4757 2390 4813 Atbanasius
2436 4760 2617 4813 verbis
2668 4759 2833 4813 modo
2895 4758 3157 4819 recitatis,
3211 4764 3333 4824 post
3376 4754 3659 4825 λεγόμενά

2056 4844 2158 4901 ᾳοι,
2196 4829 2307 4901 lucc
2346 4829 2499 4883 addit
2528 4849 2540 4884 :
2568 4832 2674 4883 Kal.
2708 4831 2817 4901 γὰρ
2849 4830 3046 4901 ἐκεῖνοι
3074 4825 3399 4901 οὐλνοοῦσιν,
3435 4828 3486 4901 οἱ
3522 4826 3653 4901 βάξι-

2054 4897 2235 4961 λοντες
2268 4898 2497 4974 ἑαυτοὺς
2542 4902 2623 4965 είς
2671 4895 2741 4954 τὰ
2786 4895 3032 4972 ’σαρκικὰ
3077 4899 3171 4951 καὶ
3218 4895 3461 4965 κοσμικὰ
3503 4897 3655 4969 πρά-

2052 4984 2237 5038 γματα

2127 5041 2238 5103 (69)
2281 5040 2472 5096 Lamb.
2499 5058 2563 5096 ea
2595 5057 2691 5110 pro
2714 5043 2873 5096 enim.

2125 5110 2237 5177 (70)
2277 5112 2463 5166 Carm.
2497 5123 2550 5167 ct
2574 5112 2715 5166 Vict.
2744 5124 3020 5168 uocentur.

2125 5180 2237 5242 (71)
2283 5182 2422 5237 Vict.
2452 5193 2756 5237 evocantur.

2154 5251 2238 5323 72)
2282 5252 2473 5323 Lamb.
2507 5266 2738 5323 agentes.

2150 5322 2237 5391 75)
2280 5322 2405 5379 Haec
2450 5322 2615 5380 habet
2671 5324 3248 5392 psemlo-Atbauasius
3298 5330 3424 5392 post
3472 5338 3639 5375 κατα-

2054 5391 2264 5465 φθείρει
2290 5391 2712 5465 κτὸνίᾷνθρωπον
2741 5395 2903 5465 mon
2936 5396 3124 5451 relata.

2125 5460 2239 5534 (7L5)
2282 5464 2373 5537 Sic
2398 5460 2544 5520 Vict.
2570 5476 2623 5520 et
2650 5465 2837 5537 Carm.
2872 5462 2964 5520 Sic
2987 5482 3212 5537 quoque
3250 5465 3463 5521 Graeca.
3498 5460 3649 5537 Editi

2093 5544 2251 5607 ratter
2307 5534 2485 5607 Oxon.
2540 5536 2935 5607 intelliguntur.
2986 5534 3095 5593 Pro
3126 5534 3423 5607 'sequeute
3475 5534 3645 5604 quin,

2104 5605 2192 5658 ict.
2224 5614 2277 5659 et
2306 5605 2496 5660 Lamb.
2526 5610 2636 5676 qui.

2125 5676 2240 5745 (75)
2284 5677 2436 5731 Bodl.
2462 5687 2516 5731 ct
2536 5671 2677 5732 Vict.
2719 5677 2994 5732 Dominus.
3039 5679 3131 5735 Sic
3172 5687 3226 5734 et
3285 5676 3502 5739 Graeca,
3551 5671 3650 5729 ubi

2053 5747 2312 5805 mendose
2343 5747 2398 5804 in
2425 5749 2554 5805 edit.
2597 5747 2853 5815 Russelii,
2886 5748 3131 5821 Χριστός.

3678 5584 3717 5625 ἦ
