3822 6218
160 341 276 399 98!

1214 339 1508 397 PASTOR.
1545 371 1616 381 —
1656 339 1786 397 LIB.
1827 340 1893 407 ll,
1931 339 2321 399 MANDATUM
2360 339 2429 397 Χ.

3355 336 3461 395 942

162 454 297 509 ἐκεῖ
338 453 433 508 καὶ
468 452 684 517 σύνεσις
715 452 904 526 πολλή.
945 452 1250 527 Κολλήθητι
1287 452 1382 508 οὖν
1414 451 1510 506 τοῦ
1543 453 1745 521 Κυρίου

1881 460 1977 520 tat,
2002 452 2077 506 ibi
2103 461 2159 507 et
2202 465 2404 508 sensus
2434 450 2642 507 multus
2668 451 3006 526 adjungitur.
3048 453 3298 526 Adjunge
3325 469 3459 527 ergo

162 550 272 603 καὶ
305 548 528 601 πάντων
560 546 672 620 (76)
703 548 937 619 νοήσεις.

1882 552 1934 599 te
1969 544 2239 612 Domino;
2267 553 2322 600 et
2342 544 2529 601 omnia
2557 545 2827 619 intelliges
2857 562 2921 604 ac
2944 548 3149 605 senties
3184 546 3344 621 (76‘).

1646 678 1878 738 CAPUT
1918 683 2008 741 ΠΙ.

250 805 450 858 Ἄκουε
484 799 578 858 οῦν
601 803 717 867 πῶς
748 806 783 875 ἡ
815 802 958 876 λύπη
1002 803 1243 877 ἐκτρίϐει
1279 804 1341 857 τὸ
1383 800 1629 874 Πνεῦμα,
1673 800 1771 855 καὶ

159 898 338 951 πάλιν
375 896 556 963 σώζει.
597 898 763 951 Ὅταν
792 900 823 952 ὁ
853 898 1075 969 δίψυχος
1108 896 1432 967 ἐπιϐάληται
1464 892 1667 967 πρᾶξαί
1693 910 1767 957 τι,

164 990 267 1043 καὶ
298 990 546 1065 ἀποτύχῃ
580 990 669 1044 διὰ
707 991 809 1062 τὴν
845 990 1095 1061 διψυχίαν
1128 988 1312 1054 αὐτοῦ,
1349 991 1383 1059 ή
1412 987 1557 1059 λύπη
1599 989 1769 1041 ἐκπο-

168 1081 392 1154 ρεύεται
425 1084 507 1145 εἰς
546 1082 638 1135 τὸν
681 1082 996 1153 ἄνθρωπον,
1031 1082 1127 1137 καὶ
1157 1082 1320 1136 λυπεῖ
1347 1080 1409 1134 te
1451 1079 1678 1151 Πνεῦμα
1707 1078 1769 1132 τὸ

165 1174 353 1242 ἅγιον,
408 1174 502 1227 καὶ
550 1179 878 1247 στενοχωρεί
926 1175 1079 1229 αὐτό.
1128 1170 1265 1227 Εἶτα
1309 1172 1471 1227 πάλιν
1519 1171 1769 1243 ὁξυχολία

163 1266 298 1318 ὅταν
347 1265 579 1337 κολληθῇ
626 1265 705 1335 τῷ
738 1265 1012 1338 ἀνθρώπῳ
1058 1266 1188 1338 περὶ
1234 1265 1558 1336 πράγματός
1600 1281 1765 1329 τινος,

164 1357 269 1409 καὶ
323 1356 444 1412 λίαν
487 1357 763 1430 πικρανθῇ
825 1359 922 1413 καὶ
960 1359 1161 1429 ποιήσῃ
1205 1375 1260 1411 τι
1304 1356 1494 1421 κακὸν,
1530 1355 1692 1409 πάλιν
1731 1356 1766 1426 ἡ

162 1447 317 1517 λύπη
362 1447 741 1518 εἰσπορεύεται
792 1449 872 1511 είς
919 1448 1021 1518 τὴν
1076 1446 1301 1520 καρδίαν
1337 1445 1432 1500 τοῦ
1476 1444 1765 1517 ἀνθρώπου

162 1540 265 1593 τοῦ
301 1540 748 1611 ὀξυχολήσαντος,
791 1541 887 1594 καὶ
923 1540 1173 1593 λυπεῖται
1208 1540 1300 1593 ἐπὶ
1331 1541 1399 1610 τῇ
1435 1537 1632 1611 πράξει
1664 1538 1765 1591 αύ-

161 1630 289 1696 τοῦ,
373 1630 746 1702 ἔπραξεν,καὶ
781 1632 1036 1701 μετανοεῖ
1065 1631 1147 1684 ὅτι
1182 1629 1421 1701 πονηρὸν
1442 1628 1759 1701 εἰργάσατο·

160 1726 311 1796 αὕτη
345 1721 435 1778 οὖν
466 1726 499 1796 ἡ
538 1725 683 1796 λύπη
712 1726 860 1778 δοκεῖ
893 1726 1165 1795 σωτηρίαν
1197 1724 1360 1795 ἔχειν,
1396 1725 1476 1778 ὅτι
1506 1723 1569 1777 τὸ
1600 1740 1767 1794 πονη-

166 1819 263 1890 ρὸν
299 1791 513 1890 πράξας
549 1791 890 1889 μετενόησεν.
1350 1816 1407 1870 δὲ
1442 1815 1575 1888 τῶν]
1617 1791 1763 1888 πρά-
1795 1791 1840 1847 Β

163 1912 306 1978 ξεων
337 1910 566 1964 λυποῦσι
598 1911 689 1964 τὸν
712 1910 1017 1983 ἄνθρωπον·
1057 1909 1115 1982 [ἡ
1148 1910 1246 1982 μὲν
1279 1910 1446 1979 λύπη,
1492 1907 1600 1980 ὅτι]
1630 1908 1765 1962 ἀπέ-

162 2021 300 2075 τυχε
325 2004 426 2073 τῆς
461 2002 732 2075 πράξεως,
781 2005 814 2075 ή
862 2004 920 2057 δὲ
962 2002 1234 2073 ὀξύχολία,
1293 2003 1375 2056 ὅτι
1439 2001 1643 2073 ἔπραξε
1701 1998 1766 2053 τὸ

167 2097 427 2167 πονηρόν.
477 2096 784 2167 Ἀμφὸτερα
816 2092 907 2150 οὖν
939 2096 1160 2168 λυπηρά
1201 2097 1318 2149 ἐστι
1364 2094 1442 2165 τῷ
1484 2092 1765 2164 Πνεύματι

164 2185 247 2255 τῷ
280 2186 422 2256 ἁγίῳ
446 2186 578 2257 (78).
613 2181 785 2257 τΑρον
817 2181 908 2239 οὖν
945 2185 1053 2240 ἀπὸ
1087 2184 1182 2238 σοῦ
1205 2186 1304 2258 τὴν
1324 2183 1523 2254 λύπην,
1559 2183 1654 2237 καὶ
1686 2182 1763 2254 μὴ

166 2276 319 2330 ὃλῖϐε
351 2277 411 2330 τὸ
446 2276 670 2348 Πνεῦμα
702 2278 765 2330 τὸ
805 2278 982 2347 ἆγιον,
1015 2278 1077 2331 τὸ
1104 2278 1162 2330 ἐν
1195 2279 1278 2331 σοὶ
1308 2275 1618 2339 κατοικοῦν,
1653 2275 1761 2347 μή-

163 2382 299 2419 ποτε
339 2367 656 2438 ἐντεύξηται
691 2366 771 2436 τῷ
799 2366 937 2438 Θεῷ,
972 2369 1064 2421 καὶ
1108 2368 1319 2437 ἀποστῇ
1364 2364 1475 2418 ἀπὸ
1520 2362 1634 2417 σοῦ.
1690 2361 1765 2416 Τὸ

164 2458 278 2530 γὰρ
300 2458 523 2531 πνεῦμα
546 2460 642 2513 τοῦ
662 2458 797 2514 Θεοῦ
818 2460 879 2513 τὸ
907 2459 1060 2513 δοθὲν
1091 2461 1171 2523 είς
1202 2459 1303 2531 τὴν
1337 2458 1517 2529 σάρκα
1534 2456 1760 2526 ταύτην,

163 2549 346 2621 λύπην
380 2552 646 2622 σαρκικὴν
686 2551 782 2622 οὐχ
830 2551 1125 2622 ὑποφέρει,
1173 2550 1293 2604 οὐδὲ
1333 2551 1763 2625 στενοχωρίαν...

169 2643 432 2698 Ἐνδυσαι
463 2638 556 2697 οὖν
596 2642 695 2715 τὴν
741 2644 1053 2717 ἱλαρότητα,
1099 2645 1200 2716 τὴν
1247 2645 1478 2699 πάντοτε
1533 2644 1762 2717 ἔχουσαν

164 2737 330 2808 χάριν
364 2733 515 2808 παρὰ
542 2735 620 2807 τῷ
648 2734 788 2807 Θεῷ,
839 2737 935 2791 καὶ
966 2736 1360 2807 εὐπρόσδεκτον
1391 2733 1556 2792 οὖσαν
1591 2737 1761 2810 αὐτῷ,

164 2830 263 2884 καὶ
287 2828 620 2901 ἐντρύφησον
640 2829 697 2881 ἐν
729 2828 886 2901 αὐτῇ.
916 2830 1032 2892 Πᾶς
1057 2828 1166 2900 γάρ
1196 2829 1383 2901 ἱλαρὸς
1419 2829 1558 2902 ἀνὴρ
1580 2828 1764 2899 ἀγαθά

164 2921 479 2995 ἐργάζεται,
522 2922 616 2975 καὶ⁷
669 2920 849 2990 ἀγαθὰ
897 2922 1103 2993 φρονεῖ,
1150 2919 1245 2972 καὶ
1289 2923 1620 2990 καταφρονεῖ
1661 2920 1764 2991 τῆς

168 3014 406 3086 ματαίας
434 3013 630 3084 λύπης.
684 3012 741 3065 '0
779 3011 836 3065 δὲ
868 3009 1113 3082 λυπηρὸς
1149 3009 1287 3081 ἀνὴρ
1345 3010 1571 3063 πάντοτε
1608 3009 1761 3080 ὀργί-

166 3106 321 3173 ζεται
353 3108 451 3161 καὶ
492 3105 717 3177 ἀνομίαν
765 3102 1081 3176 ἐργάζεται,
1122 3102 1195 3174 μὴ
1241 3099 1760 3200 ἐντυγχάνων-μηδὲ
1786 3141 1832 3200 c

164 3199 659 3271 ἐξομολογούμενος
688 3197 768 3269 τῷ
800 3196 938 3268 Θεῷ.
970 3197 1208 3250 Πάντοτε
1240 3194 1347 3266 γὰρ
1376 3191 1619 3265 λυπηροῦ
1663 3193 1760 3246 ἀν-

164 3293 291 3363 δρὸς
323 3294 357 3363 ἡ
391 3292 632 3356 ἔντευξις
673 3292 773 3345 οὐκ
823 3288 934 3360 ἔχει
970 3288 1198 3358 δύναμιν
1242 3285 1337 3340 τοῦ
1370 3284 1635 3356 ἀναϐῆναι
1667 3284 1760 3337 ἐπὶ

165 3385 229 3437 τὸ
271 3384 658 3454 θυσιαστήριον
720 3380 815 3435 τοῦ
873 3379 1031 3434 Θεοῦ.
1077 3420 1091 3433 .
1134 3417 1151 3432 .
1196 3418 1210 3431 .
1255 3419 1269 3432 .
1316 3419 1331 3433 .
1376 3418 1390 3431 .
1438 3420 1450 3431 .
1495 3416 1510 3432 .
1556 3418 1571 3432 .
1615 3418 1629 3432 .
1677 3418 1690 3431 .
1738 3419 1751 3432 .

169 3480 345 3550 Ὅτιή
374 3478 518 3549 λύπη
546 3474 843 3547 ἐγκάθηται
869 3475 948 3538 εἰς
972 3474 1070 3545 τὴν
1100 3472 1326 3545 καρδίαν
1355 3471 1540 3526 αὐτοῦ.
1571 3474 1752 3543 Μεμι-

164 3570 342 3643 γμὲνη
372 3565 466 3623 οὖν
506 3570 540 3641 ή
581 3568 727 3638 λύπη
771 3568 805 3638 ἠ
855 3566 1093 3637 κοσμικὴ
1137 3564 1275 3636 μετά
1306 3564 1405 3635 τῆς
1442 3563 1755 3630 ἐντεύξεως,

161 3666 267 3719 οὐκ
308 3662 501 3732 ἀφίησι
540 3661 639 3733 τὴν
690 3658 928 3725 ἔντευξιν
974 3656 1238 3728 ἀναϐῆναι
1278 3655 1526 3728 καθαρὰν
1572 3656 1653 3719 είς
1696 3654 1758 3707 τὸ

162 3755 566 3825 θυσιαστήριον.
609 3752 818 3821 Ὥσπερ
877 3748 988 3820 γὰρ
1056 3745 1177 3814 ὅξος
1237 3747 1366 3818 οἴνῳ
1422 3745 1758 3818 μεμιγμένον

161 3850 264 3920 τὴν
283 3847 453 3917 αὐτὴν
485 3844 675 3916 ἡδονὴν
706 3843 807 3895 οὐκ
834 3840 1065 3912 ἔχουσιν·
1095 3837 1266 3903 οὕτως
1290 3837 1384 3892 καὶ
1408 3837 1553 3909 λύπη
1600 3853 1759 3909 μεμι-

165 3942 343 4012 γμένη
378 3938 519 4011 μετὰ
544 3937 639 3990 τοῦ
684 3935 840 4005 ἁγίου
870 3932 1207 4005 Πνεύματος,
1240 3931 1342 4002 τὴν
1376 3930 1546 4001 αὐτὴν
1573 3929 1754 3982 ἐντευ-

164 4036 248 4104 ξιν
267 4034 392 4106 [οὐκ
422 4032 583 4105 Exi-2a]
617 4031 929 4103 Καθάρισον
957 4024 1050 4083 οῦν
1087 4029 1276 4084 ἑαυτὸν
1303 4028 1412 4082 ἀπὸ
1441 4028 1543 4099 τῆς
1575 4026 1753 4097 λύπης

164 4126 409 4197 συανηρᾶς
440 4124 661 4194 ταύτης,
696 4121 793 4177 καὶ
825 4119 967 4194 ζήσῃ
997 4119 1075 4191 τῷ
1105 4119 1247 4191 Θεῷ.

1944 801 2085 855 Audi
2138 817 2307 869 nunc,
2355 802 2655 872 insipiens,
2706 800 3176 873 quemadmodum
3234 799 3459 857 tristitia

1873 893 2086 947 cruciat
2111 890 2375 963 Spiritum
2408 903 2685 959 sanctum,
2711 902 2765 948 et
2786 909 2897 964 quo
2922 894 3089 949 modo
3120 892 3331 948 salvum
3369 893 3456 949 fa-

1871 977 1966 1037 cit.
1998 980 2136 1037 Cum
2177 983 2377 1040 dubius
2424 984 2679 1040 inciderit
2715 984 2771 1039 in
2812 985 3088 1056 negotium
3123 985 3369 1057 aliquod,
3405 995 3459 1040 et

1869 1088 1980 1127 non
2010 1076 2260 1145 provenit
2290 1071 2405 1146 (77)
2443 1073 2521 1130 illi
2560 1084 2784 1147 propter
2816 1077 3213 1132 dubitationem
3234 1118 3249 1143 ,
3283 1077 3457 1133 tristi-

1872 1165 1945 1219 tia
1974 1166 2091 1221 haec
2129 1165 2297 1221 intrat
2336 1168 2391 1221 in
2430 1166 2730 1236 hominem,
2777 1179 2832 1225 et
2863 1170 3074 1225 tristem
3105 1169 3237 1226 facit
3280 1170 3457 1242 Spiri-

1870 1263 1989 1311 tum
2018 1267 2293 1324 sanctum,
2324 1267 2379 1314 ct
2402 1270 2563 1316 vexat
2582 1276 2729 1316 eum.
2761 1261 2967 1317 Deinde
2995 1264 3193 1319 iterum
3228 1263 3455 1320 iracun-

1868 1349 1959 1404 dia
1987 1365 2111 1405 cum
2149 1352 2445 1407 accesserit
2485 1353 2696 1409 homini
2734 1371 2835 1425 pro
2864 1356 3083 1426 negotio
3111 1356 3318 1426 aliquo,
3350 1372 3449 1413 ve-

1868 1441 2154 1498 hementer
2179 1444 2467 1513 irascitur;
2506 1454 2561 1501 et
2590 1446 2707 1503 haec
2737 1448 2819 1503 ira
2853 1448 3020 1503 intrat
3058 1449 3112 1504 in
3145 1450 3452 1519 praecordia

1868 1534 2181 1603 irascentis,
2231 1547 2285 1593 et
2323 1549 2552 1593 vexatur
2580 1539 2635 1594 in
2666 1540 2885 1611 negotio
2931 1557 3033 1597 suo
3068 1542 3214 1612 quod
3243 1543 3374 1615 agit,
3397 1548 3456 1600 et

1866 1638 2056 1697 postea
2106 1630 2353 1699 poenitet,
2388 1632 2535 1701 quod
2591 1632 2733 1687 male
2779 1632 2986 1688 fecerit.
3029 1631 3281 1705 Utraaque
3320 1650 3453 1707 ergo

1869 1734 1957 1775 res
1984 1720 2187 1776 laedunt
2232 1720 2499 1791 Spiritum
2536 1732 2830 1793 sanctum;
2863 1724 3154 1794 dubitatio,
3189 1736 3240 1782 et
3282 1728 3454 1783 tristi-

1868 1812 1944 1867 tia
1976 1831 1993 1866 :
2033 1813 2327 1883 dubitatio,
2377 1816 2509 1885 quia
2539 1831 2647 1871 non
2681 1818 2951 1873 successit
2995 1828 3151 1875 actus
3202 1820 3358 1891 ejus;
3398 1829 3454 1876 et

1868 1906 2112 1972 tristitia,
2149 1907 2279 1977 quia
2316 1906 2810 1965 fecitiracundiam
2849 1910 3075 1981 Spiritui
3107 1912 3243 1984 (78).
3280 1912 3453 1970 Aufer

1866 2013 1997 2068 ergo
2020 1998 2301 2054 tristitiam
2335 2010 2462 2068 ate,
2495 2010 2549 2057 et
2576 2002 2687 2057 noli
2717 2002 2995 2060 offendere
3025 2002 3291 2075 Spiritum
3315 2022 3449 2063 san-

1865 2098 2016 2144 ctum
2044 2089 2139 2160 qui
2169 2091 2224 2145 in
2251 2101 2305 2146 te
2336 2092 2577 2161 habitat;
2609 2109 2677 2149 ne
2711 2104 2867 2165 roget
2904 2093 3223 2167 Dominum,
3255 2109 3310 2155 et
3335 2100 3453 2156 dis-

1865 2182 2024 2238 cedat
2077 2197 2109 2237 a
2146 2190 2219 2239 te.
2268 2181 2504 2254 Spiritus
2536 2187 2682 2239 enim
2710 2185 2803 2241 Dei
2830 2186 2924 2257 qui
2950 2187 3112 2244 datus
3139 2199 3224 2246 est
3245 2190 3301 2245 in
3324 2206 3463 2248 car-

1866 2290 1993 2329 nem
2017 2274 2153 2346 (79),
2191 2276 2469 2332 tristitiam
2510 2293 2620 2334 non
2651 2279 2903 2336 sustinet.
2931 2279 3099 2337 Indue
3121 2293 3173 2339 te
3202 2298 3332 2354 ergo
3362 2285 3451 2340 hi-

1863 2366 2102 2435 laritate,
2166 2385 2290 2440 qua:
2340 2386 2556 2442 semper
2607 2373 2769 2430 habet
2813 2377 3043 2447 gratiam
3081 2380 3226 2449 apud
3256 2380 3447 2437 Domi-

1865 2475 2034 2528 num;
2094 2469 2148 2517 et
2194 2462 2467 2519 laetaberis
2507 2465 2563 2521 in
2609 2480 2693 2520 ea.
2743 2465 2935 2524 Omnis
2970 2470 3117 2526 enim
3148 2472 3339 2529 hilaris
3363 2475 3449 2530 vir

1865 2553 2007 2609 bene
2043 2563 2325 2624 operatur,
2350 2565 2403 2611 et
2429 2556 2574 2612 bona
2599 2557 2763 2628 sapit,
2800 2571 2855 2615 et
2890 2564 3194 2619 contemnit
3227 2565 3449 2636 injusti—

1864 2646 1999 2701 tiam
2046 2647 2181 2719 (80).
2239 2645 2337 2703 Vir
2379 2660 2557 2704 autem
2592 2651 2767 2708 tristis
2816 2653 2958 2709 male
2995 2654 3156 2724 facit;
3197 2661 3325 2727 quia
3350 2659 3450 2715 tri-

1863 2745 2004 2793 stem
2032 2738 2164 2794 facit
2197 2740 2462 2810 Spiritum
2491 2752 2765 2809 sanctum,
2799 2746 2893 2816 qui
2932 2747 3093 2816 datus
3123 2758 3205 2804 est
3233 2750 3451 2809 homini

1866 2828 2184 2902 hilari(81).
2218 2830 2285 2886 Ει
2313 2833 2511 2888 iterum
2541 2834 2687 2890 male
2728 2814 2879 2905 facit,
2923 2814 3068 2908 ί]ύοίί
3116 2841 3289 2898 tristis
3327 2856 3452 2901 orat

1865 2919 2186 2991 Dominum,
2214 2932 2269 2978 et
2304 2940 2413 2980 non
2455 2934 2583 2982 ante
2622 2926 2755 2983 facit
2792 2931 3226 3004 exomologesin,
3254 2945 3448 2991 etnon

1864 3013 2181 3084 impetrata
2223 3015 2337 3070 Deo
2383 3018 2533 3087 quod
2580 3020 2733 3088 petit.
2800 3019 3027 3095 Semper
3076 3025 3220 3080 enim
3269 3028 3447 3085 oratio

1866 3107 2040 3163 tristis
2068 3107 2309 3164 hominis
2340 3124 2452 3165 non
2484 3110 2649 3166 habet
2667 3112 2947 3183 virtutem,
2983 3124 3043 3171 ut
3071 3119 3296 3174 accedat
3331 3120 3447 3194 (89.)

1866 3198 1935 3253 ad
1965 3199 2136 3255 altare
2156 3198 2274 3255 Dei.
2299 3198 2366 3255 Et
2387 3201 2497 3256 dixi
2533 3202 2609 3256 illi
2656 3222 2670 3258 :
2707 3203 2954 3272 Domine,
2995 3224 3165 3278 quare
3199 3227 3308 3266 non
3348 3214 3450 3268 ha-

1865 3290 1959 3345 bet
1992 3291 2257 3346 virtutem
2286 3294 2462 3347 oratio
2498 3293 2671 3349 tristis
2708 3296 2971 3365 hominis,
3004 3309 3063 3354 ut
3082 3302 3342 3358 ascendat
3376 3304 3447 3360 ad

1865 3382 2038 3437 altare
2069 3381 2329 3437 Domini?
2377 3383 2670 3453 Quoniam,
2703 3388 2902 3458 inquit,
2954 3391 3172 3447 tristitia
3208 3393 3360 3451 sedet
3388 3396 3447 3452 in

1864 3474 2031 3529 corde
2071 3474 2213 3544 ejus.
2254 3475 2391 3530 Cum
2419 3492 2550 3548 ergo
2580 3478 2742 3534 mista
2774 3480 2939 3536 fuerit
2975 3484 3151 3539 oratio
3180 3485 3283 3540 viri
3317 3502 3445 3543 cum

1866 3567 2112 3635 tristitia,
2139 3583 2246 3623 non
2272 3569 2510 3638 patietur
2533 3571 2836 3627 orationem
2865 3576 3123 3630 mundam
3147 3578 3446 3636 ascendere

1864 3657 1934 3713 ad
1987 3658 2156 3715 altare
2202 3660 2319 3715 Dei.
2382 3660 2537 3717 Sicut
2586 3664 2732 3718 enim
2784 3665 2974 3720 vinum
3017 3677 3173 3724 aceto
3219 3671 3445 3728 mistum

1863 3751 2112 3808 eamdem
2148 3754 2475 3809 suavitatem
2509 3771 2619 3811 non
2659 3757 2823 3814 habet
2848 3776 2864 3814 :
2893 3760 2972 3816 sic
2999 3771 3053 3816 et
3077 3763 3298 3819 tristitia
3322 3763 3449 3836 Spi-

1860 3844 1993 3900 ritui
2024 3854 2214 3901 sancto
2244 3847 2405 3902 mista
2434 3848 2681 3904 eamdem
2715 3852 3020 3909 orationem
3045 3854 3307 3911 mundam
3330 3872 3443 3913 non

1863 3937 2046 3994 habet.
2080 3937 2283 3994 Munda
2318 3955 2449 4011 ergo
2505 3950 2559 3997 te
2605 3956 2636 3995 a
2685 3942 2908 3999 tristitia
2956 3946 3135 4013 mala,
3184 3956 3241 4003 et
3290 3948 3442 4004 vives

1862 4032 2018 4087 Deo:
2052 4042 2106 4087 et
2145 4046 2338 4088 omnes
2372 4033 2556 4088 vivent
2601 4033 2734 4103 Deo,
2779 4036 2874 4106 qui
2923 4038 3257 4111 projecerint
3300 4055 3335 4098 a
3378 4057 3444 4100 se

1862 4126 2159 4193 tristitiam,
2196 4136 2250 4183 et
2273 4126 2554 4181 induerint
2580 4126 2932 4185 hilaritatem.

1436 4297 1747 4352 ANTIOCHUS
1766 4338 1781 4363 ,
1815 4295 2035 4350 homilia
2067 4290 2159 4346 25.

233 4434 404 4509 Ἀρον
428 4432 522 4491 οὗν
555 4435 664 4489 ἀπὸ
698 4433 792 4488 σοῦ
824 4433 1026 4505 ταύτην
1056 4432 1154 4503 τὴν
1194 4429 1390 4500 λύπην,
1424 4430 1517 4481 καὶ
1549 4429 1623 4501 μὴ
1653 4428 1748 4482 λύ-

164 4547 259 4587 πει
301 4530 363 4583 τὸ
408 4528 634 4599 Πνεῦμα
677 4526 739 4580 τὸ
784 4526 962 4594 ἅγιον,
997 4524 1060 4577 τὸ
1095 4518 1384 4575 κατοικοῦν
1414 4519 1473 4572 ἐν
1509 4518 1609 4572 σοί·
1650 4520 1751 4590 μή-

1882 4447 1886 4451 ·
1924 4426 2095 4496 Aufer
2120 4441 2245 4495 ergo
2274 4423 2410 4477 hanc
2450 4423 2729 4477 tristitiam
2768 4440 2802 4477 a
2843 4432 2910 4488 te,
2947 4435 2996 4479 et
3041 4426 3151 4480 noli
3177 4428 3440 4497 offendere

1857 4519 2117 4590 Spiritum
2155 4526 2398 4570 sanctum
2421 4516 2513 4586 qui
2539 4517 2594 4569 in
2626 4526 2675 4570 te
2710 4515 2938 4583 habitat,
2972 4534 3033 4572 ne
3073 4534 3215 4590 roget
3246 4521 3437 4577 Domi-

165 4638 296 4675 ποτε
340 4618 655 4690 ἐντεύξηται
698 4616 775 4688 τῷ
828 4616 968 4687 Θεῷ,
1004 4616 1098 4668 καὶ
1130 4614 1340 4683 ἀποστῇ
1376 4612 1484 4664 ἀπὸ
1528 4610 1642 4663 σοῦ.
1677 4610 1745 4664 Τὸ

1867 4628 2002 4677 tum,
2024 4622 2074 4664 et
2114 4609 2323 4663 recedat
2352 4625 2385 4662 a
2408 4620 2475 4663 te.
2503 4606 2737 4677 Spiritus
2764 4612 2901 4664 enim
2922 4610 3022 4666 Dei
3052 4616 3146 4683 qui
3171 4614 3330 4669 datus
3358 4625 3438 4671 est

163 4716 274 4788 γὰρ
307 4713 524 4784 πνεῦμα
554 4711 649 4770 τοῦ
687 4710 843 4775 Θεοῦ,
873 4711 934 4763 τὸ
977 4708 1128 4762 δοθὲν
1172 4708 1253 4769 εἰς
1282 4707 1381 4777 τὴν
1416 4705 1595 4776 σάρκα
1627 4703 1729 4757 ταύ

163 4825 285 4879 την,
322 4806 499 4877 λύπην
530 4806 630 4875 οὐχ
665 4803 950 4873 ὑποφέρει,
978 4801 1100 4854 οὐδὲ
1134 4797 1514 4869 στενοχωρίαν.
1565 4796 1752 4849 Ἐνδυ-

163 4918 252 4955 σαι
298 4895 390 4953 οὖν
437 4898 535 4970 τὴν
568 4897 880 4970 ἱλαρότητα,
915 4894 1014 4965 τὴν
1056 4891 1286 4947 πάντοτε
1322 4889 1548 4960 ἔχουσαν
1588 4888 1748 4960 χάριν

166 4992 317 5064 παρὰ
340 4991 419 5062 τῷ
454 4991 593 5062 Θεῷ,
632 4989 724 5043 καὶ
760 4987 1000 5060 ὲντρύφα
1032 4987 1088 5038 ἐν
1125 4986 1285 5055 αὐτῇ.
1330 4980 1387 5037 Ὁ
1419 4981 1526 5054 γὰρ
1564 4982 1749 5053 ἱλαρὸς

158 5081 299 5154 ἀνὴρ
346 5080 525 5150 ἀγαθά
565 5078 879 5152 ἐργάζεται,
927 5076 1021 5131 καὶ
1052 5076 1383 5144 καταφρονεί
1408 5074 1507 5145 τῆς
1546 5072 1743 5144 λύπης⁸

1851 4708 1909 4760 in
1941 4705 2076 4757 hanc
2110 4718 2344 4767 carnem,
2391 4702 2670 4755 tristitiam
2711 4720 2816 4757 non
2863 4707 3111 4773 sustinet,
3154 4724 3315 4778 neque
3346 4728 3439 4764 an—

1853 4799 2124 4851 xietatem.
2166 4792 2336 4847 Indue
2370 4803 2416 4847 te
2443 4810 2567 4863 ergo
2610 4793 2905 4862 hilaritate,
2938 4814 3055 4867 qua:
3093 4815 3295 4869 semper
3332 4800 3434 4853 Ita-

1854 4889 1936 4942 bet
1969 4889 2201 4958 gratiam
2243 4886 2385 4955 apud
2436 4886 2639 4948 Deum;
2686 4897 2734 4941 et
2783 4886 2964 4942 laetare
3012 4890 3064 4943 in
3102 4907 3183 4944 ea.
3223 4890 3434 4946 Hilaris

1851 4981 1990 5035 enim
2023 4980 2103 5031 vir
2125 4978 2247 5032 bene
2278 4988 2548 5047 operatur,
2590 4986 2639 5031 et
2676 4982 2961 5033 contemnit
2991 4982 3270 5035 tristitiam
3297 4998 3317 5036 :
3356 4985 3436 5037 vir

1852 5081 2031 5125 autem
2070 5071 2237 5123 tristis
2260 5085 2461 5139 semper
2494 5068 2631 5122 male
2658 5069 2810 5138 facit.
2840 5069 3024 5125 Primo
3052 5073 3265 5142 quidem
3296 5075 3433 5129 male

1264 5183 1504 5240 VARI/E
1546 5182 1930 5238 LECTIONES
1963 5182 2054 5236 ET
2094 5181 2326 5237 ΝΟΤΛΕ.

235 5309 344 5380 (76)
386 5306 842 5380 Sic,_refr_agante
875 5304 1230 5374 grammatica
1250 5343 1266 5369 ,
1299 5318 1399 5371 pro
1429 5301 1741 5374 τῷΚυρίῳ,

158 5380 255 5436 καὶ
275 5378 469 5434 πάντα.
508 5378 606 5432 EI).
630 5378 875 5432 ΡΑτιιοι..

235 5451 370 5521 (76’)
386 5449 606 5521 _Lamb.
640 5449 796 5521 scies.

235 5519 345 5602 (ΖΞ)
385 5519 800 5602 Ξτθπηῖέτευεῑιίτς
850 5597 860 5602 Α
907 5588 922 5602 .
986 5589 1016 5602 ,.
1094 5588 1106 5602 .
1221 5588 1235 5602 .
1356 5586 1390 5602 ..
1440 5586 1509 5602 τ...

234 5586 344 5661 ('78)
385 5589 511 5661 llaec
540 5590 867 5661 itemhabet
894 5588 1197 5661 Antiochus
1221 5586 1412 5661 homil.
1440 5586 1531 5640 25.

234 5654 346 5729 ('79)
385 5659 637 5715 Pseudo-
664 5659 997 5714 Athanasius
1042 5667 1098 5712 et
1144 5658 1470 5729 Antiochus
1538 5654 1746 5729 addunt

159 5726 380 5801 ταύτην,
401 5732 453 5785 in
481 5746 692 5784 carnem
725 5731 859 5785 hanc
884 5746 903 5784 :
944 5730 1091 5801 quod
1129 5727 1389 5798 Spiritum
1436 5727 1623 5801 datum
1658 5726 1748 5777 Ito-

160 5794 383 5859 tuinib'us
447 5802 711 5872 designat,
763 5810 823 5858 ut
868 5794 1014 5858 recte
1062 5794 1449 5871 interpretatur
1503 5794 1728 5862 Fcllus;

1842 5316 1971 5356 mox
1992 5299 2137 5355 enim
2161 5316 2174 5353 :
2195 5296 2459 5367 Spiritum
2491 5306 2757 5369 sanctum,
2778 5300 2868 5369 qui
2887 5299 3048 5352 datus
3086 5309 3163 5353 est
3202 5299 3423 5354 homini.

1914 5370 2029 5441 (80)
2070 5368 2232 5441 Forte
2266 5369 2565 5441 tristitiam.
2595 5368 2673 5423 lta
2704 5368 2893 5426 Graeca
2922 5388 2934 5423 :
2962 5370 3107 5439 quod
3142 5385 3272 5425 sane
3294 5385 3428 5425 con-

1842 5439 2023 5497 textus
2056 5439 2330 5507 postulare
2347 5439 2596 5492 .videtur.

1916 5512 2029 5579 (81)
2071 5509 2254 5572 Forte,
2282 5508 2496 5561 hilaris.

1914 5582 2029 5651 (82)
2070 5579 2325 5651 Fortasse
2366 5578 2659 5651 ascendat,
2683 5578 2828 5637 Sane
2853 5580 3423 5650 pseudo-Athanasius

1841 5663 1896 5707 et
1924 5648 2256 5715 Antiochus,
2287 5648 2574 5718 ἀναϐῆναι.
2629 5650 2772 5715 Quin
2815 5648 2869 5705 et
2919 5669 3047 5705 mox
3102 5652 3215 5718 ipse
3267 5659 3423 5705 vetus

1841 5723 2134 5790 lnterpres,
2190 5720 2459 5790 ascendat_
2490 5720 2559 5773 ad
2615 5722 2787 5778 altare
2826 5721 3063 5779 Domini.
3090 5720 3159 5776 Et
3198 5722 3418 5786 iterum.

1839 5788 2116 5856 ascendere
2138 5791 2207 5847 ad
2232 5790 2402 5847 altare
2425 5788 2542 5847 Dei.
