1911 3109
198 156 251 183 945

928 154 956 182 S.
978 151 1110 181 llERM/E

1790 158 1846 187 9H

199 213 276 249 facit,
290 213 470 248 quia-tristem
485 212 551 248 facit
563 211 694 247 Spiritum
708 217 841 246 sanctum,
855 213 900 248 qui
912 213 982 239 datm

1081 212 1109 238 δὲ
1131 211 1252 248 λυπηρὸς
1277 213 1346 249 ἀνὴρ
1378 213 1492 240 πάντοτε
1516 213 1704 249 πονηρεύεται.
1726 215 1848 251 Πρῶτον

197 265 237 288 est
252 259 353 287 homini
375 259 527 291 Itilaris;et
549 260 645 287 iterum
659 260 729 287 male
751 260 827 294 facit,
849 260 919 295 quod
941 268 992 286 mm

198 305 266 340 facit
291 304 486 340 exornologesitt
509 303 632 332 Domino.
658 304 728 331 Nam
741 306 827 332 oratio
847 305 932 332 tristis
947 306 992 332 Ιιο-

197 351 277 377 minis
292 359 344 378 non
355 351 432 378 habet
445 352 569 378 virtutem
590 357 619 378 ut
633 351 759 379 ascendat
775 352 810 378 ad
823 352 908 379 altare
922 352 968 379 Dei
980 361 989 380 :

198 397 310 424 tristitia
335 398 404 424 enim
423 397 494 425 sedet
513 398 541 424 in
562 398 640 424 corde
661 398 728 433 ejus.
748 398 816 426 Cum
830 407 891 434 ergo
910 399 990 426 mista

198 443 278 477 fuerit
297 444 383 470 oratio
406 451 466 470 cum
487 444 610 476 tristitia,
630 452 680 471 non
704 446 821 479 patietur
840 446 989 473 oralionem

197 488 324 515 mundam
351 489 491 517 ascendere
515 490 550 517 ad
580 490 677 517 altare.
702 490 778 518 Sicut
806 491 875 518 enim
899 492 988 518 vinum

198 540 270 561 aceto
287 535 395 561 mistum
415 536 533 562 eamdem
548 536 707 563 suavitatem
727 545 779 564 non
797 537 875 564 habet
891 539 952 564 :sic
965 543 989 564 et

199 580 310 606 tristitia
322 579 436 615 Spiritui
447 587 539 608 sancto
555 582 634 608 mista
648 583 921 611 eumdemorationcm
938 592 989 611 non

197 625 284 652 habet.
303 625 404 652 Bonum
424 627 512 659 itaque
525 632 563 653 est
577 627 705 662 projicere
721 636 737 654 α
752 636 779 655 se
795 629 946 662 tristitiam,
964 634 989 656 et

197 671 305 698 induere
322 680 424 699 omnem
437 672 611 700 hilaritatem.

1043 258 1092 293 μὲν
1108 259 1299 295 πονηρεύεται,
1317 260 1358 286 ὄτι
1374 259 1453 286 λυπεῖ
1467 260 1499 286 τὸ
1515 259 1628 295 Πνεῦμα
1643 260 1674 286 τὺ
1695 261 1789 295 ἅγιον,
1815 263 1846 289 τὸ

1039 304 1116 331 δοθὲν
1131 305 1171 340 τῷ
1183 305 1320 341 ἀνθρώπῳ
1337 305 1438 341 ἱλαρόν·
1459 306 1586 342 δεύτερον
1609 306 1637 333 δὲ
1658 307 1753 334 λοιπὸν
1780 308 1846 335 ἀνο-

1041 351 1105 386 μίαν
1117 352 1274 387 ἐργάζεται,
1294 353 1331 388 μὴ
1344 351 1591 389 ὲξομολογούμενον
1606 353 1663 389 (83)
1679 352 1719 389 τῷ
1731 355 1843 390 Κυρίῳ.

1039 397 1092 424 Τοῦ
1107 398 1161 434 γὰρ
1177 398 1299 434 λυπηροῦ
1316 399 1412 434 ἀνδρὸς
1436 400 1453 434 ἡ
1471 398 1592 431 ἔντευξις
1608 399 1657 425 οὐκ
1679 399 1737 434 ἔχει
1758 398 1844 426 δύνα-

1039 453 1085 481 μιν
1099 445 1231 481 ἀναϐῆναι
1255 445 1302 472 ἐπὶ
1322 445 1353 472 τὸ
1376 445 1571 481 θυσιαστήριον
1593 446 1640 472 τοῦ
1656 445 1736 473 Θεοῦ·
1758 447 1845 480 ἐγκά-

1038 492 1118 529 θηται
1141 492 1195 528 γὰρ
1219 493 1235 528 ὴ
1262 492 1334 528 λύπη
1358 493 1399 524 εις
1422 492 1471 528 τὴν
1495 492 1608 528 καρδίαν
1631 492 1727 521 αὑτοῦ.
1752 493 1844 529 Μεμιμ

1037 540 1125 575 γμένη
1138 537 1184 566 οὖν
1200 539 1273 575 λύπη
1293 539 1419 575 μετὰτῆς
1433 539 1646 572 ὲντεύξεως,οὺκ
1662 539 1778 575 ἀφίησιν

1037 587 1155 620 ἔντευξιν
1180 586 1315 621 ἁνασῆναι
1336 585 1461 621 καθαρὰν
1484 586 1553 622 πρὸς
1572 586 1603 612 τὺ
1632 585 1841 621 θυσιαστήριον.

1039 634 1145 669 Ὥσπερ
1158 633 1213 668 γὰρ
1227 632 1287 666 ὅξος
1308 632 1356 659 καὶ
1375 630 1447 664 οἶνος
1464 632 1633 668 μεμιγμένος
1648 633 1694 659 ἐπὶ
1710 633 1743 659 τὸ
1760 632 1842 664 αὐτὸ,

1036 678 1087 713 τὴν
1109 677 1193 713 αὐτὴν
1214 677 1310 713 ἡδονὴν
1331 676 1381 703 οὺχ
1404 676 1519 712 ἔχουσιν·
1543 676 1630 709 οὕτως
1655 678 1702 704 καὶ
1725 678 1743 713 ἠ
1765 677 1841 714 λύπη

198 720 355 755 μεμιγμένη
377 720 446 756 μετὰ
470 720 518 747 τοῦ
546 720 704 756 Πνεύματος
728 722 777 749 re?)
798 723 888 758 ἁγίου,
912 722 963 759 τὴν
982 725 1067 761 αὐτὴν
1090 726 1210 759 ἔντευξιν
1243 726 1295 753 οὐκ
1313 725 1380 761 ἔχει.
1404 726 1493 752 Καλὸν
1511 722 1556 752 οὖν
1576 726 1649 752 ἔστιν
1672 725 1842 753 ἀποὸάλλειν

196 766 244 801 ἀφ’
269 766 374 793 ἑαυτῶν
403 766 450 802 τὴν
478 766 576 803 λύπην,
612 769 658 794 καὶ
681 768 841 796 ἐνδύσασθαι
868 770 957 797 πᾶσαν
988 771 1144 808 ἱλαρότητα.

803 828 1036 860 MANDA'I‘UM
1063 830 1108 860 x1
1128 829 1203 869 (et).

429 878 572 917 Spiritus
587 885 614 911 et
626 880 799 920 prophetas
811 881 947 920 probari
962 891 1002 912 ex
1017 882 1165 921 operibus
1184 893 1194 912 :
1210 887 1237 913 et
1254 882 1291 913 de
1304 881 1426 921 duplici
1442 881 1573 920 spiritu.

871 944 986 972 CAPUT
1008 944 1152 972 UNICUM.

233 987 356 1016 Ostendit
370 988 436 1015 mihi
453 988 580 1016 sedentes
598 989 625 1016 in
641 990 778 1018 subselliis
792 991 929 1024 homines,
947 996 974 1019 et
990 999 1076 1019 unum
1096 992 1152 1027 (85)
1165 992 1304 1020 sedentem
1317 992 1344 1019 in
1362 989 1501 1018 cathedra.
1520 988 1552 1016 Et
1564 988 1631 1016 dixit
1642 988 1710 1016 mihi
1727 998 1735 1016 :
1756 987 1839 1017 Vides

197 1034 258 1064 illos
282 1038 328 1072 qui
352 1037 379 1064 in
402 1037 523 1064 scamnis
547 1037 661 1064 sedent?
674 1038 771 1071 Video,
787 1038 1044 1073 inquam,domine.
1058 1038 1110 1072 Illi,
1132 1039 1232 1074 inquit,
1247 1043 1312 1067 sunt
1331 1038 1424 1066 ﬁdeles
1445 1048 1452 1065 :
1471 1042 1498 1064 et
1520 1036 1566 1064 ille
1586 1036 1632 1071 qui
1655 1036 1684 1063 in
1705 1037 1837 1064 cathedra

196 1086 283 1117 sedet,
298 1086 410 1120 spiritus
425 1085 562 1112 terrestris
576 1083 632 1119 (86)
641 1088 692 1111 est.
706 1083 774 1111 Nam
784 1084 810 1111 in
823 1085 968 1112 ecclesiam
981 1085 1107 1112 vivorum
1116 1092 1172 1112 non
1184 1085 1299 1118 accedit,
1315 1085 1361 1112 sed
1374 1083 1492 1119 refugit;
1506 1081 1690 1117 applicat(87)
1702 1087 1797 1109 autem
1809 1091 1837 1110 se

195 1133 286 1161 dubiis
306 1137 333 1161 et
347 1133 451 1166 vacuis,
474 1138 501 1160 et
522 1133 548 1159 in
566 1132 674 1167 angulis
696 1137 724 1159 et
742 1132 842 1159 abditis
861 1132 930 1160 locis
947 1131 1052 1159 divinat
1069 1132 1134 1165 illis,
1148 1137 1175 1159 et
1192 1132 1309 1159 delectat
1329 1131 1401 1164 illos,
1417 1131 1554 1165 loquendo
1571 1130 1726 1158 secundum
1744 1132 1835 1159 omnia

195 1179 332 1207 desideria
344 1179 437 1206 cordis
451 1186 546 1206 eorum
568 1178 635 1213 (88).
654 1178 755 1206 Vaeuis
766 1179 839 1206 enim
851 1179 926 1206 vasis
936 1179 1009 1214 quod
1024 1178 1206 1207 committitur
1224 1178 1292 1214 (89),
1309 1185 1363 1205 non
1381 1177 1484 1209 ellinit;
1506 1176 1553 1204 sed
1571 1176 1744 1204 conveniunt
1767 1177 1836 1204 alius

195 1223 229 1251 ad
243 1224 338 1251 alium.
357 1223 427 1251 Cum
445 1228 536 1250 autem
547 1224 652 1251 venerit
663 1224 690 1250 in
705 1223 814 1251 turbam
833 1224 955 1251 virorum
970 1224 1107 1259 iustorum
1123 1224 1284 1252 habentium
1298 1223 1425 1259 spiritum
1440 1224 1603 1256 divinitatis,
1620 1229 1647 1251 et
1666 1225 1760 1252 oratio
1774 1225 1833 1252 illo-

196 1276 258 1297 rum
273 1268 303 1295 t‘tt
317 1268 351 1296 ad
365 1268 512 1296 hominum
526 1269 595 1305 (90),
611 1270 770 1297 exinanitur
784 1270 867 1297 homo
883 1270 942 1303 ille;
959 1270 1090 1305 quoniam
1115 1270 1230 1305 spiritus
1245 1270 1291 1297 ille
1314 1270 1453 1297 terrestris
1471 1269 1541 1304 fugit
1560 1271 1594 1298 ab
1614 1270 1674 1304 illo,
1693 1276 1722 1298 et
1740 1273 1834 1299 obmu-

195 1314 286 1348 tescit,
302 1321 353 1341 nec
361 1314 512 1349 quidquam
528 1319 618 1349 potest
635 1316 720 1350 loqui.
749 1315 828 1343 Sicut
852 1315 880 1343 in
899 1316 1043 1351 apotheca,
1056 1315 1079 1343 si
1101 1315 1272 1343 obturaveris
1292 1314 1349 1351 (9i)
1367 1315 1462 1344 vinum
1477 1318 1519 1346 vel
1534 1319 1642 1353 oleum;
1665 1323 1694 1347 et
1708 1320 1783 1347 inter
1792 1320 1834 1347 illa

195 1370 260 1390 vasa
274 1362 402 1397 posueris
423 1362 585 1397 amphoram
601 1369 727 1395 vacuam,
748 1367 776 1389 et
797 1370 907 1389 rursum
926 1362 1151 1389 obturamentum
1173 1361 1311 1396 deponere
1330 1361 1466 1396 volueris;
1484 1365 1646 1400 amphoram
1663 1366 1739 1393 illam
1752 1374 1834 1402 quam

194 1411 323 1446 posuisti.
347 1419 461 1439 vacuam
486 1411 609 1438 invenies
634 1420 640 1438 :
667 1410 708 1438 sic
730 1414 757 1437 et
777 1410 917 1445 prophetae
942 1410 1033 1442 vacui,
1055 1417 1118 1437 cum
1140 1409 1265 1437 venerint
1281 1409 1337 1444 (92)
1357 1409 1428 1438 inter
1440 1411 1554 1446 spiritus
1570 1412 1723 1447 justorum,
1741 1413 1834 1448 qualis

195 1458 320 1490 veniunt,
333 1458 402 1485 tales
416 1457 605 1484 inveniuntur.
622 1456 712 1485 llabes
727 1461 908 1492 utrorumque
921 1456 1114 1491 prophetarum
1131 1455 1226 1483 vitam.
1242 1454 1331 1483 Proba
1343 1463 1409 1491 ergo
1421 1457 1455 1484 de
1475 1458 1529 1484 vita
1549 1462 1577 1485 et
1593 1459 1728 1493 operibus
1744 1461 1834 1488 homi-

196 1512 270 1537 nem,
288 1503 335 1539 qui
349 1503 416 1531 dicit
433 1510 463 1530 se
477 1501 608 1538 Spiritum
623 1509 748 1532 sanctum
764 1503 874 1530 habere.
896 1502 937 1530 Tu
958 1507 1048 1529 autem
1064 1502 1144 1529 crede
1163 1501 1271 1536 spiritui
1290 1503 1409 1530 venienti
1423 1502 1483 1538 (95)
1499 1510 1516 1530 a
1533 1503 1600 1537 Deo,
1618 1504 1733 1533 habenti
1747 1507 1833 1535 virtu-

196 1555 263 1578 tem.
280 1549 396 1585 Spiritui
411 1554 504 1576 autem
519 1550 640 1578 terrestri
652 1556 740 1577 vacuo
761 1549 808 1584 qui
832 1556 847 1575 a
871 1548 981 1576 diabolo
993 1551 1045 1581 est,
1068 1548 1096 1574 in
1119 1554 1176 1582 quo
1195 1548 1261 1575 lides
1285 1555 1340 1575 non
1357 1553 1399 1576 est
1416 1556 1505 1583 neque
1523 1549 1622 1583 virtus,
1634 1552 1751 1580 credere
1767 1553 1833 1581 noli.

194 1599 267 1626 Audi
281 1606 346 1633 ergo
360 1596 584 1629 similitudinem,
599 1603 682 1631 quam
696 1594 744 1622 tibi
761 1594 886 1622 dicturus
902 1593 959 1629 (94)
974 1601 1045 1621 sum.
1062 1592 1162 1628 Accipe
1173 1593 1303 1628 lapidem,
1314 1599 1341 1621 et
1355 1594 1433 1621 mitte
1454 1594 1481 1621 in
1501 1595 1601 1622 coelum
1628 1605 1635 1623 :
1658 1602 1709 1625 aut
1734 1599 1833 1627 iterum

195 1644 289 1679 accipe
300 1643 445 1678 siphonem
464 1641 524 1677 (95)
536 1648 625 1676 aqua,
641 1645 669 1668 et
682 1639 787 1683 ejacula
801 1638 859 1674 (96)
872 1638 899 1665 in
915 1637 1034 1671 calum;
1050 1637 1155 1683 etuvide
1176 1637 1199 1683 si
1217 1638 1308 1683 possis
1329 1640 1494 1673 pertundere
1515 1643 1626 1671 omium.
1650 1644 1713 1678 Quo
1738 1648 1837 1683 modo,

195 1690 319 1725 inquam,
338 1689 460 1721 domine,
475 1687 534 1714 haec
548 1685 606 1713 ﬁeri
619 1684 751 1720 possent?
766 1682 889 1718 Utraque
899 1683 972 1710 enim
987 1689 1049 1717 qua:
1063 1681 1168 1715 dixisti,
1183 1681 1242 1709 ﬁeri
1257 1690 1311 1710 non
1324 1689 1451 1718 possunt.
1468 1685 1546 1714 Sicut
1560 1695 1637 1724 ergo,
1655 1689 1760 1726 inquit,
1775 1681 1834 1721 haec

194 1741 252 1768 ﬁeri
269 1748 325 1768 non
339 1742 456 1775 possunt
470 1759 477 1770 ,
498 1737 538 1765 sic
555 1734 668 1768 spiritus
680 1730 819 1759 terrestris
834 1730 894 1757 sine
909 1729 1009 1756 virtute
1020 1733 1072 1760 est,
1087 1733 1114 1756 et
1127 1729 1186 1756 sine
1199 1729 1308 1757 electu.
1330 1731 1431 1767 Accipe
1448 1741 1523 1762 nunc
1537 1736 1668 1764 virtutem
1685 1738 1834 1767 desursum

193 1787 359 1819 venientem,
376 1786 402 1813 in
427 1785 480 1812 hac
502 1780 682 1811 similitudine
703 1777 773 1814 (97).
790 1776 902 1805 Graudo
918 1775 1063 1803 minimum
1077 1783 1192 1811 granum
1208 1780 1268 1810 est;
1286 1781 1313 1804 et
1332 1785 1395 1805 cum
1416 1780 1489 1807 cadit
1502 1788 1585 1816 super
1601 1788 1685 1817 caput
1700 1784 1834 1817 hominis.

194 1834 334 1870 quomodo
361 1833 472 1861 dolores
485 1827 613 1866 praestat?
626 1826 681 1853 Aul
691 1824 806 1856 iterum.
821 1822 883 1849 Vide
897 1821 1066 1849 SlilliCidium
1079 1821 1152 1856 quod
1175 1829 1190 1849 ε
1207 1822 1299 1870 tegula
1315 1823 1389 1851 cadit
1403 1824 1431 1852 in
1446 1829 1557 1859 terram,
1569 1832 1596 1855 et
1608 1834 1689 1857 cavat
1701 1829 1833 1865 lapidem.

194 1868 240 1908 Sic
258 1880 340 1916 igitur
354 1879 469 1906 minima
481 1885 542 1913 qute
558 1875 703 1903 desursum
727 1869 829 1898 cadunt
843 1875 925 1904 super
943 1872 1059 1902 terram,
1075 1875 1202 1903 magnam
1218 1868 1320 1897 habent
1335 1870 1474 1899 virtutem.
1491 1872 1618 1909 Adjunge
1637 1879 1663 1903 te
1682 1882 1752 1911 ergo
1770 1877 1835 1905 huic

193 1926 306 1954 habenti
320 1926 468 1958 virtutem;
487 1928 515 1951 et
526 1922 560 1954 ab
572 1920 619 1948 illo
630 1924 718 1946 vacuo
730 1917 838 1945 recede.

844 1963 1077 1995 MANDATUM
1105 1963 1177 1994 ΧΠ.

196 2026 238 2056 De
260 2023 383 2064 duplici
399 2022 586 2063 cupiditate.
618 2020 676 2051 Dei
696 2017 844 2049 mandata
874 2024 982 2085 iter":

1066 2014 1277 2059 impossibilia.
1305 2018 1334 2045 et
1350 2013 1511 2048 diabolum
1539 2028 1604 2049 non
1631 2021 1832 2052 metuendam

1066 2063 1125 2084 ms.

865 2106 980 2135 CAPUT
1000 2105 1146 2133 PRIMUM.

227 2162 328 2190 lterum
343 2161 410 2194 dixit
424 2159 490 2187 mihi
505 2168 511 2185 :
526 2158 602 2186 Tolle
617 2165 632 2185 a
643 2162 669 2185 te
682 2163 791 2184 omnem
802 2155 978 2190 cupiditatem

1069 2153 1124 2188 (98)
1146 2151 1232 2189 τΑρον
1254 2153 1308 2180 ἀπὸ
1331 2153 1379 2180 σοῦ
1403 2153 1494 2180 πᾶσαν
1519 2154 1666 2191 ἐπιθυμίαν
1692 2159 1831 2195 πονηρὰν,

738 2203 860 2231 ἾΑΒΙΕ
880 2201 1072 2230 LECTIONES
1089 2200 1134 2228 ET
1152 2200 1270 2229 NOTAE.

1032 2252 1111 2275 cutus
1118 2252 1162 2283 est
1167 2247 1271 2281 Feilus;
1283 2247 1329 2283 qui
1337 2251 1488 2283 stattmipro
1495 2247 1585 2282 efﬂuit,
1593 2247 1676 2275 habet
1683 2249 1830 2283 frangitur.

1030 2282 1127 2344 Μωρ)
1146 2281 1192 2310 Sic
1205 2290 1271 2311 mss.
1285 2281 1376 2310 Carm.
1389 2288 1416 2310 et
1427 2281 1523 2310 Lamb.
1540 2282 1586 2310 Sic
1597 2288 1624 2310 et
1637 2281 1726 2312 editio
1741 2281 1830 2315 Oxon.

1067 2339 1073 2344 .
1092 2326 1114 2344 δι
1131 2338 1137 2344 .

1067 2339 1073 2345 .
1092 2322 1137 2344 sit.

1066 2352 1124 2387 (9i)
1145 2352 1210 2381 Mss.
1228 2353 1308 2388 Angl.
1323 2353 1476 2388 stipat-eris,
1489 2356 1517 2380 et
1531 2359 1597 2379 mox
1613 2354 1800 2388 stipationem.

1066 2388 1123 2422 (92)
1144 2388 1241 2416 Lamb.
1256 2389 1333 2416 vacui
1344 2388 1512 2416 conveniunt.

1067 2423 1123 2459 (95)
1142 2424 1185 2459 Al.
1203 2424 1254 2459 leg.
1272 2424 1379 2451 viventi.

1076 2458 1121 2491 94)
1142 2458 1240 2486 Lamb.
1252 2460 1375 2486 daturus.

1077 2493 1123 2529 95)
1143 2493 1239 2521 Lamb.
1256 2495 1364 2529 fantem.

1066 2528 1122 2565 (96)
1142 2529 1208 2557 Mss.
1220 2528 1298 2565 Angl.
1311 2530 1460 2565 siphoniza.
1476 2530 1571 2558 Carm.
1582 2530 1711 2564 sifoniza.
1732 2531 1830 2561 Lamb.

1030 2564 1075 2591 isti
1087 2564 1177 2598 fama.
1203 2564 1273 2591 Ἀπὸ
1283 2564 1330 2591 τοῦ
1348 2565 1464 2600 σιφωνος
1481 2565 1583 2592 factum
1598 2571 1641 2592 est
1659 2568 1831 2601 σιφωνίζειν,

1031 2600 1083 2626 hoc
1098 2603 1148 2638 _est
1162 2600 1284 2638 _s_ipho_ne
1301 2601 1495 2638 transmittere.
1514 2600 1601 2633 Quam
1617 2608 1723 2638 (vocem!
1742 2603 1831 2638 legere

1030 2634 1146 2662 nescivit
1161 2635 1291 2662 librarius
1302 2636 1443 2670 antiquus,
1463 2643 1478 2662 a
1498 2642 1555 2670 quo
1571 2635 1697 2663 codicem
1713 2634 1831 2665 Lambe—

1030 2670 1143 2696 thanum
1159 2671 1309 2697 etiamnum
1321 2670 1464 2698 habemus.
1483 2670 1550 2698 Vide
1564 2670 1706 2698 Pollucem
1721 2677 1753 2699 et.
1772 2672 1831 2700 Sui-

1029 2704 1104 2742 dam.
1120 2705 1203 2742 Cten.
1230 2705 1383 2742 —-Qiu_ibus
1400 2706 1469 2742 adde
1491 2714 1552 2742 qua:
1567 2705 1649 2732 habet
1662 2706 1792 2742 Qangius
1804 2709 1828 2734 in

1031 2739 1249 2778 Glossar:_(irtec.
1257 2749 1286 2778 v.7
1295 2740 1384 2778 Σςφων
1398 2746 1424 2778 et
1432 2739 1612 2778 Σιφώνᾴτωρε
1625 2745 1652 2768 et
1662 2740 1691 2768 in
1702 2739 1828 2778 Append.

1067 2775 1123 2809 (97)
1140 2775 1203 2802 Mss.
1219 2776 1298 2810 Angl.
1315 2776 1383 2803 hanc
1398 2775 1612 2803 similitudinem.

1067 2811 1123 2844 (98)
1142 2811 1178 2836 lix
1201 2811 1289 2837 Doctr.
1312 2811 1347 2837 ad
1369 2812 1492 2847 Antioch.
1513 2811 1660 2847 num.10,
1677 2819 1743 2847 pag.
1766 2813 1828 2841 9.56.

1031 2845 1303 2873 Pseudo—Atltanasio
1315 2851 1358 2882 est
1371 2846 1471 2882 δεκάτη
1486 2846 1591 2882 ἐντολή.
1604 2846 1669 2875 Htec
1678 2845 1764 2876 litém
1779 2850 1828 2877 dc-

1032 2855 1303 2873 l'SL‘lluU-AlllﬂilﬂSlO
1315 2855 1358 2873 est
1371 2855 1452 2873 οεκατ

1032 2881 1142 2915 Scripsit
1155 2881 1308 2909 Antiochus
1323 2881 1418 2909 homil.
1437 2855 1481 2910 72.

238 2254 284 2289 85)
304 2253 369 2289 Leg.
385 2252 637 2289 tigpolroyodttsvog.
738 2284 755 2289 η

238 2283 283 2324 84)
303 2283 384 2317 Ρυῖιιι
405 2283 555 2324 Fabricius
573 2293 628 2312 non
639 2292 711 2324 _esse
729 2283 911 2324 divellendum
927 2283 980 2311 hoc

191 2319 350 2353 mandatum
368 2332 384 2351 a
397 2323 579 2358 praecedente,
598 2320 646 2359 sed
661 2327 728 2359 cum_
744 2319 804 2359 ipso
817 2319 978 2359 cohaerere:

192 2366 274 2396 atque
292 2354 419 2396 ultimum
434 2358 526 2396 potius
545 2356 703 2396 mandatum
722 2355 752 2394 in_
763 2355 818 2394 duo
836 2361 897 2396 esse
911 2354 979 2381 divi-

190 2389 320 2423 dendum.
336 2394 423 2421 Aliter
434 2389 548 2420 Wakius
562 2401 568 2418 :
583 2390 696 2424 coniicit
709 2389 782 2416 enim
797 2389 823 2415 in
838 2389 889 2416 hoc
902 2396 979 2415 man-

190 2430 265 2463 dato,
281 2434 342 2465 post
354 2429 434 2456 verba
450 2429 515 2455 tates
534 2426 702 2453 inveniuntur
715 2425 788 2465 circa
802 2424 933 2465 medium,
948 2431 979 2451 ea

190 2459 290 2492 omnia'
303 2464 448 2492 inserenda
470 2470 531 2500 quae
553 2465 662 2500 existant
673 2467 734 2494 cap.
754 2459 771 2500 1¹
793 2459 913 2500 mandati
934 2466 979 2486 se-

189 2500 309 2534 quentis,
332 2500 367 2527 ab
385 2500 418 2526 iis
434 2494 555 2534 verbis_:_
569 2496 686 2531 Spiritus
700 2495 817 2534 omnium
827 2494 977 2534 flaminum,

189 2529 277 2570 usque
288 2529 322 2562 ad
337 2542 452 2570 eaAcap.
464 2534 482 2560 2
497 2543 503 2560 :
519 2529 594 2570 ﬁeri
609 2531 728 2557 convenit
745 2530 801 2570 [hoc
822 2530 909 2564 facere
930 2529 979 2570 l_)ei

188 2564 354 2605 priiphetam.
378 2564 461 2603 ldq'ue
484 2568 587 2605 colligit
609 2572 718 2605 tumhex
743 2564 980 2605 Graeco__pseudo-

188 2600 344 2637 Athanasii,
363 2600 466 2641 tumes
479 2600 654 2641 com—Lamb.
669 2602 697 2641 i_n
713 2600 815 2641 quibus
830 2600 978 2641 illaomnia

189 2635 365 2667 omittuntur.
378 2638 527 2673 Utriusque
535 2645 609 2675 sane
624 2636 684 2675 ~loci
707 2639 852 2675 contextus
876 2635 901 2662 id
911 2643 978 2675 _n_o_n

190 2676 330 2710 postulare
354 2679 471 2707 tantum,
484 2669 542 2701 'sed
570 2677 596 2710 et
621 2671 743 2707 ﬂagitare
767 2670 882 2698 videtur.
911 2669 979 2697 Vide

190 2708 255 2737 mox
267 2710 348 2742 infra,
362 2718 423 2744 pag.
438 2717 495 2743 seq.
510 2713 566 2734 not.
578 2708 606 2735 4.

238 2746 283 2780 85)
303 2745 369 2773 Mss.
386 2745 465 2779 Angl.
482 2744 607 2780 alterum.

237 2781 282 2814 86)
301 2780 367 2808 Ibid.
385 2780 451 2814 facit
465 2779 575 2813 spiritus
587 2783 732 2806 terrestres.

237 2815 282 2851 87)
302 2815 398 2851 Lamb.
414 2814 535 2851 replicat.

237 2848 283 2885 88)
302 2850 367 2878 Mss.
385 2850 463 2884 Angl.
480 2849 612 2885 desideria
624 2848 741 2885 illorum.

227 2883 282 2921 (89)
303 2884 397 2912 Lamb.
414 2883 483 2921 quod
498 2884 681 2919 compositum.
698 2883 773 2911 Hanc
786 2883 930 2912 lectionem
941 2890 981 2911 se-
