3822 6218
118 304 225 359 945

1152 302 1447 359 PASTOR.
1487 331 1560 342 —
1598 300 1727 356 LIB.
1770 299 1837 365 ll,
1876 292 2267 351 MANDATUM
2302 290 2419 348 ΧΠ.

3272 284 3378 343 948

119 436 338 490 ἔνδυσαι
366 432 460 505 τὴν
491 429 786 500 ἐπιθυμίαν
803 430 901 501 τήν
921 425 1130 497 ἀγαθὴν
1169 426 1264 479 καὶ
1319 422 1541 494 σεμνήν.
1591 422 1702 473 Ἐν-

1816 419 2029 479 malum,
2060 423 2113 469 et
2160 413 2326 468 indue
2372 410 2726 480 cupiditatem
2767 410 2969 465 bonam
3010 418 3069 465 et
3109 417 3378 466 sanctam.

118 526 409 597 δεδομένος
438 523 547 593 γὰρ
586 523 685 593 τὴν
723 520 1020 590 ἐπιθυμίαν
1064 516 1295 585 ταύτην,
1327 515 1578 585 μισήσεις
1606 512 1705 582 τὴν

123 615 371 688 πονηρὰν
415 613 731 683 ἐπιθυμίαν.
770 611 961 682 ’Λγρία
1004 608 1113 679 γὰρ
1149 605 1415 676 ἐπιθυμία
1457 606 1535 668 εἰς
1580 602 1705 655 τάδε

121 708 441 779 ἁνεμπεσεῖ,
473 706 554 767 εἰς
591 702 767 772 λύπην
922 699 1018 753 ἐὰν
1057 699 1130 770 μὴ
1251 696 1488 759 συνετὸς,
1528 694 1705 747 δαπα-

119 801 276 855 νᾶται
311 799 404 851 ὑπ’
434 794 606 864 αὐτῆς
639 793 842 856 δεινῶς
874 792 1090 861 δαπανᾷ
1118 789 1173 840 δὲ
1200 788 1422 850 τούτους
1456 785 1529 857 μὴ
1559 784 1708 853 ἕχον-

118 910 218 955 τας
244 890 447 960 ἔνδυμα
488 887 788 957 ἐπιθυμίας
826 884 1070 954 ἀγαθῆς,
1104 881 1218 935 ἀλλ’
1251 876 1708 951 ἐμπεφυρμένους

121 981 195 1052 τῷ
222 981 381 1034 αἰῶνι
424 979 620 1049 τούτῳ*
657 975 878 1038 τούτους
904 969 996 1028 οὖν
1025 971 1388 1043 παραδίδωσιν
1429 971 1509 1031 εἰς
1538 966 1702 1020 θάνα-

122 1091 227 1127 τον.
362 1073 521 1135 Ποῖα,
544 1069 723 1141 κύριε,
749 1067 855 1121 εἰσὶ
872 1066 969 1137 τῆς
992 1062 1285 1132 ἐπιθυμίας
1314 1060 1411 1128 τῆς
1440 1056 1702 1126 πονηρᾶς,

120 1166 185 1217 τὰ
210 1162 580 1234 παραδιδόντα
617 1162 745 1222 τοὺς
792 1156 1112 1229 ἀνθρώπους
1152 1156 1231 1216 είς
1270 1151 1533 1215 θάνατον;
1566 1146 1707 1199 Γνώ-

124 1254 268 1325 ρισόν
315 1272 435 1325 μοι,
468 1253 556 1305 ἵνα
600 1251 757 1321 φύγω
799 1250 891 1303 ἀπ’
922 1245 1121 1301 αὐτῶν.
1162 1245 1444 1296 ΙἌκουσον·
1483 1237 1705 1309 Πρῶτον

122 1348 359 1410 πάντων,
389 1364 442 1400 κ.
474 1363 524 1398 τ.
562 1344 611 1398 λ.
646 1343 781 1399 Vide
814 1357 940 1396 mox
971 1338 1133 1404 infra,
1159 1353 1277 1406 cap.
1310 1334 1364 1389 2.

1805 509 2029 564 lndutus
2062 506 2209 561 enim
2250 503 2604 574 cupiditatem
2647 503 2869 567 bonam,
2898 502 3077 556 oderis
3114 502 3229 571 (99)
3261 518 3377 555 ma-

1804 602 1934 665 lam,
1965 608 2018 653 ct
2051 597 2358 653 refrenabis
2380 612 2502 649 eam
2531 596 2674 649 sicut
2700 596 2957 650 volueris.
2989 593 3268 649 llorrenda
3297 603 3381 649 est

1803 692 1948 746 enim
1987 690 2259 761 cupiditas
2293 688 2459 752 mala,
2490 697 2544 742 et
2590 687 3149 758 diﬂicile'mitigatur.
3191 686 3380 741 Horri-

1806 784 1931 840 bilis
1961 792 2045 839 cst
2074 782 2232 837 valde
2260 788 2315 836 et
2346 779 2482 844 fera,
2508 789 2561 835 et
2605 780 2817 835 feritate
2846 796 2946 835 sua
2972 780 3249 834 consumit
3278 781 3381 833 ho—

1806 877 1980 930 mines
2000 916 2014 940 ,
2041 874 2279 928 maxime
2303 873 2349 927 si
2371 872 2621 926 inciderit
2645 872 2699 925 in
2720 888 2838 925 eam
2858 887 3049 926 servus
3073 870 3167 924 Dei
3198 871 3378 941 (100):

1804 977 1858 1022 et
1888 967 1994 1023 nisi
2039 966 2257 1035 sapiens
2300 962 2496 1028 fuerit,
2532 973 2889 1017 consumctur
2921 962 2997 1031 (1)
3038 962 3105 1015 ab
3139 962 3227 1016 illa
3259 978 3383 1031 pes-

1803 1059 1961 1114 sime.
1990 1056 2283 1111 Consumit
2328 1065 2509 1109 autem
2555 1056 2710 1121 tales,
2748 1056 2840 1124 qui
2888 1069 2996 1107 non
3046 1055 3253 1108 habent
3285 1070 3379 1107 vc~

1803 1160 1940 1205 stem
1975 1148 2289 1218 cupiditatis
2322 1147 2499 1211 bonae,
2529 1158 2584 1199 ct
2610 1147 2856 1216 implicat
2893 1147 3014 1201 illos
3040 1147 3116 1217 (2)
3150 1149 3379 1217 negotiis

1804 1244 1968 1313 hujus
1992 1241 2198 1308 saeculi,
2229 1248 2279 1295 ct
2306 1238 2471 1295 tradit
2494 1240 2570 1308 (5)
2598 1239 2718 1293 illos
2743 1242 2926 1295 morti.
2962 1241 3095 1307 Quae
3121 1253 3266 1307 sunt,
3292 1242 3379 1295 in-

1802 1351 1991 1406 quam,
2014 1334 2258 1398 domine,
2282 1348 2446 1402 opera
2472 1332 2789 1403 cupiditatis
2820 1335 2996 1399 make,
3022 1350 3141 1402 quae
3159 1335 3384 1390 tradunt

1813 1428 2067 1482 homines
2089 1424 2251 1480 morti
2268 1426 2292 1479 ἓ
2307 1424 2625 1479 Demonstra
2646 1426 2800 1489 mihi,
2824 1434 2882 1479 ut
2897 1428 3145 1481 recedam
3160 1428 3229 1481 ab
3252 1429 3381 1483 illis.

122 1534 281 1601 Audi,
318 1533 523 1605 inquit,
551 1531 607 1585 in
639 1528 842 1600 quibus
869 1525 1133 1597 operibus
1157 1522 1432 1594 cupiditas
1464 1521 1607 1575 mala
1641 1520 1802 1574 morti
1833 1520 1999 1575 tradit
2025 1533 2215 1574 servos
2247 1505 2651 1586 Dei.[Spiritus
2694 1519 2943 1573 omnium
2985 1522 3062 1589 (4)
3095 1521 3381 1575 hominum

125 1631 403 1685 terrestris
431 1638 515 1684 est
545 1636 600 1682 et
633 1626 791 1691 levis,
817 1632 872 1679 et
893 1624 1151 1677 virtutem
1184 1637 1293 1675 non
1324 1619 1488 1674 habet
1519 1618 1573 1671 in
1605 1626 1801 1679 totum,
1830 1625 1885 1670 et
1907 1615 2078 1670 multa
2109 1613 2373 1683 loquitur.
2405 1612 2472 1667 Et
2501 1614 2638 1668 dixit
2672 1629 2684 1664 :
2711 1612 2831 1680 Quo
2857 1615 3018 1669 modo
3046 1616 3211 1684 igitur
3241 1618 3384 1672 scire

123 1736 295 1796 potest
324 1725 532 1796 aliquis
555 1723 692 1778 eos?
718 1720 883 1789 Audi,
916 1718 1115 1789 inquit,
1140 1715 1208 1771 de
1238 1716 1486 1785 utrisque
1513 1714 1661 1768 vasis
1688 1731 1701 1766 :
1731 1721 1783 1767 et
1806 1713 1951 1767 sicut
1979 1711 2103 1766 dico
2131 1711 2247 1776 tibi,
2278 1711 2358 1765 sic
2391 1711 2647 1780 probabis
2690 1713 3011 1782 prOphctam
3048 1712 3163 1777 Dei,
3195 1723 3247 1767 et
3278 1712 3381 1767 fal-

123 1842 239 1880 sum
277 1826 626 1896 prophetam.
664 1820 911 1875 Primum
943 1819 1129 1888 itaque
1161 1818 1239 1887 (5)
1268 1817 1439 1887 proba
1466 1816 1768 1879 hominem,
1812 1815 1905 1885 qui
1953 1813 2118 1867 habet
2148 1811 2414 1881 Spiritum
2448 1810 2542 1865 Dei
2578 1829 2591 1865 :
2625 1811 2754 1881 quia
2789 1810 3027 1880 Spiritus
3053 1812 3148 1881 qui
3190 1811 3384 1866 desur-

122 1935 239 1974 sum
269 1927 354 1974 est
379 1918 481 1988 (6),
512 1916 734 1987 quietus
758 1924 843 1969 est
863 1922 918 1969 et
947 1913 1194 1979 humilis,
1226 1923 1280 1967 et
1304 1912 1509 1967 recedit
1537 1912 1607 1965 ab
1638 1910 1789 1964 omni
1817 1908 2064 1979 nequitia
2107 1918 2161 1963 et
2189 1907 2467 1963 desiderio
2506 1922 2650 1961 vano
2676 1907 2841 1976 hujus
2881 1908 3101 1972 smculi;
3136 1917 3191 1963 et
3230 1909 3380 1963 omni

124 2015 341 2069 homine
368 2014 448 2085 (7)
480 2028 538 2069 se
585 2012 719 2067 facit
749 2010 1141 2076 humiliorem;
1174 2019 1229 2063 et
1264 2008 1469 2062 nemini
1508 2007 1799 2077 respondet
1840 2006 2206 2075 interrogatus
2251 2003 2367 2073 (8);
2404 2020 2503 2059 nec
2553 2004 2785 2074 singulis
2817 2004 3111 2074 respondet
3159 2023 3173 2060 :
3205 2020 3384 2075 neque

123 2127 247 2165 cum
280 2110 421 2177 vult,
462 2108 673 2163 homini
706 2107 952 2177 loquitur
984 2104 1222 2175 Spiritus
1252 2104 1383 2171 Dei;
1412 2104 1507 2160 sed
1539 2112 1672 2158 tunc
1694 2102 1939 2171 loquitur
1986 2117 2109 2158 cum
2140 2101 2258 2155 vult
2289 2100 2453 2156 Deus.
2485 2100 2623 2155 Cum
2672 2116 2804 2167 ergo
2849 2101 3059 2156 venerit
3095 2102 3263 2156 homo
3287 2102 3383 2171 qui

124 2200 284 2255 habet
307 2200 577 2271 Spiritum
610 2198 727 2264 Dei,
751 2197 807 2251 in
835 2195 1137 2252 Ecclesiam
1163 2197 1441 2265 justorum
1490 2194 1811 2250 habentium
1860 2194 2020 2249 ﬁdem
2052 2194 2169 2261 Dei,
2202 2204 2257 2248 et
2283 2194 2459 2250 oratio
2486 2193 2547 2247 ﬁt
2589 2193 2657 2247 ad
2704 2192 3030 2258 Dominum;
3078 2202 3211 2248 tunc
3241 2209 3384 2248 nun-

127 2301 229 2355 tius
255 2299 331 2370 (9)
358 2307 588 2356 sanctus
636 2293 940 2352 divinitatis
976 2293 1166 2363 implet
1198 2293 1480 2348 hominem
1514 2292 1669 2346 illum
1725 2290 1933 2361 Spiritu
1969 2299 2160 2346 sancto
2190 2290 2337 2361 (10);
2366 2301 2423 2346 et
2455 2289 2700 2359 loquitur
2742 2289 2797 2342 in
2850 2290 3009 2344 turba
3051 2289 3195 2345 sicut
3237 2287 3385 2347 Detts

125 2398 253 2453 vult.
288 2397 380 2454 Sic
410 2412 544 2469 ergo
566 2392 907 2469 dignoscitur
933 2388 1171 2462 Spiritus
1196 2389 1526 2456 divinitatis,
1560 2388 1616 2443 in
1653 2402 1986 2459 quocunque
2008 2385 2245 2457 Spiritus
2264 2385 2567 2442 divinitatis
2604 2385 2846 2456 loquitur
2877 2386 3014 2457 (11).

1580 2554 1811 2611 CAPUT
1852 2555 1918 2612 ll.

190 2669 329 2725 Audi
359 2686 511 2726 nunc
534 2679 587 2725 et
608 2670 675 2725 de
704 2668 903 2739 spiritu
936 2669 1205 2737 terrestri,
1230 2685 1407 2725 vacuo
1427 2678 1482 2725 et
1503 2670 1677 2737 fatuo,
1710 2671 1969 2726 virtutem
1995 2685 2105 2726 non
2132 2669 2387 2725 habente.
2414 2667 2663 2723 Primum
2688 2674 2871 2722 autem
2905 2667 3055 2722 hunc
3079 2668 3246 2723 homo
3276 2685 3381 2739 pus

130 2775 265 2821 tatur
288 2768 546 2837 spiritum
572 2768 802 2833 habere;
832 2767 1037 2822 exaltat
1067 2768 1213 2821 enim
1256 2783 1315 2822 se
1347 2767 1484 2837 (12),
1510 2775 1564 2821 et
1591 2768 1707 2821 vult
1736 2768 1972 2838 primam
2006 2768 2321 2823 cathedram
2370 2766 2603 2833 habere;
2634 2773 2689 2820 et
2718 2764 3004 2833 improbus
3048 2774 3151 2829 est,
3181 2772 3236 2819 et
3262 2780 3383 2819 ver-

129 2862 317 2928 bosus;
349 2871 406 2918 et
444 2862 498 2916 in
524 2861 737 2917 deliciis
768 2870 1150 2929 conversatur,
1184 2871 1239 2917 et
1272 2863 1326 2918 in
1354 2863 1729 2933 voluptatibus
1758 2864 1977 2930 multis;
2006 2872 2057 2918 et
2085 2862 2392 2918 mercedem
2439 2860 2640 2931 accipit
2674 2857 3029 2912 divinationis
3059 2873 3190 2912 suae.
3224 2857 3387 2924 Quod

132 2951 302 3007 sinon
337 2954 636 3022 acceperit,
668 2968 778 3007 non
806 2952 1035 3006 divinat.
1068 2951 1219 3008 Itane
1245 2954 1357 3025 (l5)
1384 2952 1625 3025 Spiritus
1655 2952 1745 3008 Dei
1777 2961 1957 3023 potest
1980 2953 2261 3009 mercedes
2291 2952 2539 3023 accipere
2581 2958 2636 3005 et
2657 2948 2948 3003 divinare?
2973 2947 3095 3004 Non
3126 2950 3381 3005 convenit

133 3040 237 3097 huc
274 3040 455 3099 facere
486 3042 581 3097 Dei
608 3032 985 3113 prophetam]

193 3135 411 3207 Πρῶτον
450 3135 669 3189 πάντων
707 3134 973 3205 ἐπιθυμία
1015 3132 1308 3203 γυναικὸς,
1339 3132 1433 3184 καὶ
1472 3130 1697 3185 πολυτέ-

1870 3130 1978 3185 Sed
2032 3129 2306 3201 cupiditas
2352 3132 2494 3187 mala
2530 3142 2652 3199 est,
2708 3134 3095 3204 concupiscere
3152 3150 3395 3190 uxorem-

131 3225 238 3279 λεια
264 3227 515 3291 πλούτου,
537 3227 572 3297 ἦ
593 3228 709 3281 ἐστι
740 3227 1091 3298 φιλαργυρία,
1112 3227 1205 3279 καὶ
1233 3226 1545 3297 ἐδεσμάτων
1576 3224 1705 3278 πολ-

133 3315 229 3369 λῶν
250 3319 342 3372 καὶ
374 3320 647 3390 ματαίων,
684 3320 779 3373 καὶ
805 3318 1153 3390 μεθύσματος
1184 3316 1401 3380 πολλοῦ,
1435 3317 1706 3388 διαφόρων

133 3408 379 3476 γεύσεων,
410 3412 507 3465 καὶ
547 3411 753 3482 ἐτέρων
791 3410 1012 3482 τρυφῶν
1051 3409 1297 3471 πολλῶν,
1343 3410 1435 3461 καὶ
1481 3407 1702 3478 μωρῶν,

136 3502 219 3555 καὶ
258 3503 412 3576 δόξης
464 3503 813 3575 ἀνθρωπίνης
866 3503 960 3556 καὶ
1008 3500 1264 3572 ματαίας.
1320 3501 1479 3554 Πᾶσα
1521 3500 1702 3571 τρυφὴ

139 3595 284 3663 μωρὰ
311 3597 426 3650 ἐστι
455 3598 549 3649 καί
578 3596 708 3666 κενὴ
736 3598 848 3659 τοῖς
869 3593 1075 3657 δούλοις
1104 3592 1199 3646 τοῦ
1222 3591 1379 3646 Θεοῦ.

1802 3224 2062 3288 alienam,
2116 3224 2201 3277 vel
2255 3225 2540 3281 mulierem
2591 3229 2983 3298 concupiscere
3020 3231 3197 3283 virum
3246 3230 3384 3286 alie»-

1802 3331 1969 3382 num;
2006 3323 2061 3370 et
2086 3315 2329 3371 lautitias
2357 3318 2748 3387 concupiscere
2785 3320 3124 3387 divitiarum,
3153 3331 3207 3376 et
3236 3320 3385 3377 mul-

1801 3406 2093 3462 titudinem
2131 3407 2380 3461 ciborum
2438 3424 2929 3478 supervacuorum,
2972 3422 3025 3471 et
3065 3413 3397 3468 ebrietatem

1801 3500 2058 3566 multam,
2090 3508 2144 3554 et
2177 3500 2403 3556 delicias
2431 3501 2652 3556 multas.
2693 3501 2880 3559 Fatuae
2912 3506 3057 3559 enim
3087 3513 3217 3561 sunt
3244 3506 3384 3561 deli-

1802 3592 1900 3647 ciae
1929 3592 2042 3662 (14)
2092 3592 2311 3659 multae;
2352 3600 2407 3647 et
2450 3592 2757 3663 voluptates
2801 3595 2987 3651 multae
3032 3611 3399 3666 supervacuze

1801 3691 1931 3736 sunt
1960 3685 2132 3738 servis
2159 3682 2277 3739 Dei.

201 3767 320 3827 ﬂare
337 3788 468 3844 ergo
490 3773 760 3843 cupiditas
791 3772 935 3828 mala
963 3782 1048 3829 est
1072 3782 1128 3828 et
1156 3773 1487 3844 perniciosa,
1510 3790 1634 3845 quae
1655 3776 1948 3832 mortiﬁcat
1977 3778 2090 3849 (15)
2109 3794 2297 3835 servos
2324 3778 2442 3834 Dei.
2476 3779 2603 3838 Haec
2627 3777 2774 3837 enim
2802 3752 3080 3849 cupiditas.
3106 3794 3136 3834 a
3167 3778 3386 3833 diabolo

140 3872 231 3919 est.
258 3866 579 3939 Quicunque
604 3884 735 3939 ergo
756 3868 1085 3923 recesserint
1110 3884 1139 3921 a
1164 3870 1461 3938 cupiditate
1485 3871 1649 3937 mala,
1679 3870 1865 3927 vivent
1894 3872 2023 3927 Deo.
2058 3872 2194 3927 Nam
2224 3875 2541 3946 quicunque
2583 3874 2814 3946 subjecti
2848 3874 3054 3927 fuerint
3098 3870 3387 3941 cupiditati

142 3957 305 4055 malae,
330 3961 382 4014 in
408 3971 730 4031 perpetuum
757 3964 1083 4018 morientur.
1108 3962 1388 4019 Mortifera
1419 3966 1563 4020 enim
1594 3976 1680 4021 est
1716 3967 1831 4024 haec
1853 3969 2125 4039 cupiditas
2154 3972 2314 4025 mala.
2354 3970 2435 4025 Tu
2472 3987 2607 4043 ergo
2637 3972 2802 4027 induc
2830 3971 3183 4040 cupiditatem
3208 3969 3379 4038 justi-

143 4050 256 4114 tiae;
281 4058 331 4103 et
351 4059 598 4105 armatus
630 4052 825 4105 timore
851 4050 1090 4119 Domini,
1115 4053 1310 4109 resiste
1338 4056 1625 4125 cupiditati
1667 4058 1845 4112 malae.
1880 4057 2068 4115 Timor
2095 4063 2242 4116 enim
2276 4063 2485 4117 habitat
2515 4063 2570 4118 in
2597 4064 2894 4134 cupiditate
2928 4063 3088 4117 bona.
3119 4060 3186 4115 Et
3220 4062 3379 4130 cupi-

142 4144 271 4205 ditas
296 4152 457 4219 mala,
492 4166 615 4205 cum
648 4150 844 4207 viderit
868 4159 920 4207 te
941 4158 1212 4205 armatum
1239 4152 1433 4208 timore
1468 4152 1687 4209 Domini
1718 4157 2007 4213 resistente
2041 4158 2154 4230 (16)
2188 4161 2315 4229 sibi,
2350 4161 2523 4233 fugiet
2555 4176 2588 4216 a
2627 4170 2680 4216 te
2704 4164 2886 4231 longe,
2931 4168 2986 4215 et
3020 4175 3129 4213 non
3159 4174 3386 4230 compa-

1225 4294 1460 4351 VARUE
1500 4293 1883 4355 LECTIONES
1917 4297 2007 4354 ET
2044 4299 2275 4357 NOT/E.

208 4432 311 4500 (99)
340 4434 528 4490 Lamb.
559 4434 851 4504 cupiditate
877 4433 1034 4500 bona,
1066 4435 1232 4489 odies.

231 4503 348 4574 100)
378 4505 433 4561 ln
457 4503 632 4560 editis
647 4505 735 4558 hic
766 4505 1037 4573 incipiunt
1064 4505 1253 4559 Graeca
1285 4504 1365 4574 sic
1394 4520 1407 4555 :
1442 4505 1698 4559 Μάλιστα

146 4571 270 4646 stay
305 4571 533 4646 ἐμπεσεῖ
567 4577 649 4638 εἰς
675 4573 843 4645 αὐτὴν
879 4571 907 4627 ὀ
939 4574 1124 4638 δοῦλος
1160 4573 1255 4628 τοῦ
1291 4573 1447 4637 Θεοῦ,
1482 4577 1575 4629 καὶ
1604 4576 1699 4629 ἐὰν

150 4639 264 4715 μὴῇ
293 4639 524 4710 συνετὸς,
556 4663 610 4699 κ.
637 4663 687 4698 τ.
712 4639 967 4714 λ.,’(ιιιίε,
1007 4647 1055 4700 si
1099 4660 1285 4699 vocem
1332 4646 1575 4699 ultimam
1607 4648 1700 4700 de-

146 4728 271 4792 mas,
300 4717 488 4771 nullihi
524 4725 787 4792 exstant,
812 4731 989 4792 neque
1037 4716 1181 4792 apud
1214 4716 1701 4792 pseudo-Athana-

147 4785 273 4862 sium
302 4803 471 4857 neque
499 4787 648 4862 apud
665 4785 1235 4862 Antiochum._E[Iicta
1267 4786 1432 4862 igitur
1453 4802 1485 4862 a_
1512 4786 1702 4841 Fabri-

148 4856 223 4907 cio
250 4870 311 4909 ex
334 4856 511 4912 vetere
548 4858 864 4925 lnterprete,
895 4856 1141 4911 Clericus
1185 4866 1239 4911 et
1271 4856 1558 4912 Russelius
1602 4873 1699 4911 cx-

149 4925 417 4996 scripsere.
470 4926 581 4981 Nos
627 4941 759 4980 vero
784 4929 951 4981 verba
988 4926 1533 4996 pseudo-Athanasii,
1575 4928 1702 4981 licet

152 4990 368 5065 fusioris
400 5008 604 5054 textum
627 5005 817 5051 exacte
856 5012 964 5051 non
990 4990 1337 5065 'exprimant,
1358 4990 1700 5062 exhibemus,

151 5059 967 5144 Montfauconianameditiouem
998 5059 1193 5135 secuti,
1211 5059 1507 5137 supplenda
1523 5059 1702 5121 tamen

151 5136 293 5208 exiis
313 5156 428 5208 quae
454 5140 618 5195 habet
645 5138 971 5208 Antiochus.

214 5206 283 5346 ξι)
306 5206 495 5264 Lamb.
528 5211 877 5263 consumitur.
904 5207 983 5263 Ita
1006 5224 1139 5264 sane
1162 5209 1369 5265 Graeca.

235 5278 285 5336 2)
310 5278 364 5334 In
390 5281 720 5346 quibusdam
748 5279 1029 5335 codicibus
1056 5280 1296 5346 implicat
1322 5296 1369 5333 et

235 5278 364 5351 illa
390 5281 720 5351 quibusdam
748 5279 1029 5351 codicibus
1056 5280 1296 5350 implicat
1322 5295 1431 5347 eos,
1463 5294 1562 5348 pro
1590 5278 1705 5349 qui-

156 5344 182 5397 b
203 5344 491 5421 ts_W_akius
515 5352 645 5421 legit
670 5350 994 5419 implicatos.

219 5418 289 5487 (3)
317 5419 502 5476 Lamb.
550 5418 753 5476 tradet.
804 5420 896 5476 Sic
944 5436 1071 5475 mox
1121 5422 1352 5486 tradent,
1397 5428 1450 5474 ct
1505 5420 1703 5473 tradet.

157 5482 595 5562 fanelectionem
628 5491 877 5562 sequitur
903 5489 1086 5547 Fellus
1117 5493 1172 5546 in
1217 5507 1316 5547 sua
1340 5482 1486 5545 edit.
1525 5489 1701 5562 Oxon.

160 5554 211 5610 lu
236 5559 382 5616 editis
408 5560 604 5617 Clerici
634 5570 689 5617 et
708 5554 948 5618 Russelii
972 5562 1245 5618 omittitur
1268 5561 1583 5631 coniunctio
1615 5572 1663 5614 et
1686 5600 1702 5625 ,

159 5640 187 5693 q
208 5642 302 5682 tam
325 5632 393 5687 al.
414 5634 690 5688 exhibent.

221 5697 289 5773 (4)
311 5699 433 5758 Mss.
477 5703 638 5773 Angl.
673 5702 917 5757 Primum
959 5705 1214 5758 omnium.
1261 5701 1387 5759 Haec
1430 5712 1610 5759 autem
1651 5710 1706 5756 et

163 5768 347 5831 reliqua
377 5774 533 5842 huius
558 5768 749 5844 capitis
775 5775 987 5845 aliaque
1007 5791 1126 5846 cap.
1151 5775 1447 5847 scq.,uncis
1472 5773 1707 5837 inclusa.

1729 4444 1773 4502 (ι
1806 4438 1933 4493 Ιιὶηο
1957 4438 2307 4506 removenda,
2340 4449 2393 4494 et
2421 4440 2475 4494 in
2500 4438 2816 4494 mandatum
2841 4436 3151 4506 praecedens
3183 4436 3389 4491 immit-

1806 4509 1987 4572 tenda,
2020 4525 2084 4565 ex
2120 4509 2314 4565 Wakio
2348 4511 2662 4564 monuimus
2693 4509 2759 4562 ad
2788 4508 2974 4561 maud.
3009 4524 3086 4571 XI,
3114 4517 3226 4561 not.
3258 4508 3347 4562 84.

1879 4580 1955 4647 (5)
1990 4578 2080 4635 Sic
2104 4580 2236 4635 Felli
2274 4581 2402 4634 edit.
2429 4581 2604 4634 Oxon.
2638 4580 2723 4632 ΑΙ.
2758 4580 2855 4631 ita.

1879 4646 1956 4719 (6)
1985 4650 2177 4705 Lamb.
2210 4651 2443 4718 Spiritus
2466 4652 2764 4713 desursum,
2798 4646 3039 4714 omissis,
3063 4648 3155 4718 qui
3182 4655 3278 4701 est.

1879 4720 1956 4790 (7)
1981 4720 2111 4775 Mss.
2145 4721 2303 4790 Angl.
2341 4723 2573 4773 omnium
2600 4720 2888 4773 hominum.

1878 4788 1955 4861 (8)
1980 4790 2174 4844 Lamb.
2210 4788 2381 4859 deest,
2410 4794 2783 4861 interrogatus.

1878 4860 1956 4930 (9)
1986 4861 2072 4917 Al.
2108 4861 2345 4931 angelus.

1903 4929 1991 4999 10)
2030 4929 2219 4986 Lamb.
2251 4929 2483 4999 Spiritus
2507 4940 2741 4984 sanctus.

1903 4998 1991 5071 11)
2023 5002 2178 5056 Bodl.
2209 5012 2262 5057 et
2291 4998 2481 5055 Lamb.
2526 5002 2652 5071 quia
2688 5001 2980 5071 quicunque
3032 4999 3219 5071 spiritu
3240 4998 3387 5071 (diui-

1808 5070 1992 5127 uitatis
2034 5071 2289 5142 loquitur,
2339 5070 2742 5142 loquitursicut
2788 5070 3046 5142 Dominus
3074 5070 3205 5126 vult.
3238 5070 3387 5125 llanc

1808 5140 2107 5198 lectionem»
2125 5142 2349 5197 retinuit
2378 5140 2560 5195 Fcllus
2586 5141 2638 5194 in
2670 5157 2767 5194 sua
2801 5142 2930 5195 edit.
2963 5140 3137 5194 Oxon.

1881 5212 1994 5336 (’12)
2032 5211 2223 5267 Lamb.
2257 5211 2500 5265 Primum
2530 5215 2668 5264 enim
2710 5212 2863 5265 homo
2888 5221 3109 5281 putatur
3140 5211 3388 5331 sgiritunt

1911 5300 1995 5336 ere
2044 5282 2369 5336 exultantem
2413 5300 2486 5336 se.
2522 5281 2676 5335 Bodl.
2727 5292 2907 5336 autem
2958 5283 3037 5336 sic
3088 5298 3101 5333 :
3198 5282 3387 5332 rimum

1808 5281 1995 5338 habere
2044 5282 2369 5337 exultantem
2413 5300 2486 5336 se.
2522 5281 2676 5335 Bodl.
2727 5292 2907 5336 autem
2958 5283 3037 5336 sic
3088 5298 3101 5333 :
3149 5281 3387 5332 Primum

1806 5356 1947 5409 enim
1969 5354 2122 5408 homo
2155 5355 2244 5422 qui
2271 5362 2483 5422 putetur
2510 5354 2755 5421 spiritum
2777 5353 2983 5419 habere,
3008 5352 3212 5422 exulta}
3242 5367 3314 5403 se.

1880 5371 1947 5407 ιηι
1969 5371 2122 5408 nomo
2192 5371 2243 5406 ιιι
2271 5371 2483 5422 putetur
2510 5371 2755 5421 spiritum
2777 5371 2983 5419 novere,
3008 5371 3212 5405 exauat
3242 5371 3314 5403 se.

1880 5424 1993 5494 (15)
2024 5371 2218 5479 ωωῖ.
2244 5434 2299 5479 et
2326 5423 2513 5483 Carm.
2542 5422 2630 5476 Ita
2665 5439 2825 5478 nunc.
2858 5423 2925 5479 Et
2952 5438 3079 5478 mox
3114 5440 3127 5476 :
3156 5420 3257 5476 Sed
3285 5435 3386 5474 twn

1807 5498 2064 5549 convenit.

1878 5566 1992 5638 (14)
2023 5566 2107 5638 An
2132 5565 2335 5638 diuitias
2353 5564 2378 5615 .9

1879 5635 1982 5704 (15'
2027 5635 2157 5689 Mss.
2193 5635 2353 5705 Angl.
2384 5638 2543 5691 morti
2571 5636 2686 5691 dat.

1879 5639 1995 5778 (16)
2021 5705 2173 5763 Bodl.
2204 5706 2551 5765 resistentem.

1878 5705 1993 5779 (16)
2021 5705 2173 5763 Bodl.
2204 5706 2551 5765 resistentem.
