3822 6218
383 281 487 338 υτ
1839 278 1892 333 S.

2176 272 2200 328 Ξ
3561 262 3685 321 988

382 391 524 447 reblt
554 392 676 465 (17)
706 401 834 450 ante
876 401 951 462 te,
982 394 1185 453 timens
1209 411 1362 452 arma
1395 405 1486 451 tua
1522 412 1534 445 :
1582 403 1653 449 et-
1673 392 1948 449 obtiuebis
1977 391 2093 460 (18)
2123 387 2445 451 victoriam,
2476 392 2531 440 et
2570 383 2927 440 coronaberis
2973 382 3046 438 ob
3073 381 3223 437 illam
3252 382 3388 451 (19),
3437 389 3495 437 et
3539 396 3685 451 per-

382 484 570 539 venies
614 486 681 541 ad
711 487 1063 557 cupiditatem
1105 489 1340 551 bonam,
1381 495 1435 540 et
1468 484 1651 539 trades
1686 482 1971 537 victoriam
2012 479 2122 534 Deo
2160 492 2323 547 quam
2374 473 2688 543 acceperis,
2724 481 2778 527 et
2833 471 3040 527 servies
3084 472 3134 525 ei
3199 469 3478 540 operando
3520 470 3687 524 sicut

386 578 502 631 inse
545 578 809 631 volueris.

406 589 502 644 pse
545 576 809 631 volueris.

459 669 517 725 Si
541 683 723 729 autem
744 671 1005 729 servieris
1020 669 1303 740 cupiditati
1322 669 1498 733 bonae,
1512 675 1566 722 et
1582 665 1835 722 subditus
1853 662 1915 735 (2t

2177 660 2279 715 Εὰν
2313 661 2369 715 δὲ
2400 661 2693 733 δουλεύσῃς
2808 658 3075 730 ἐπιθυμίᾳ
3183 657 3383 729 ἀγαθῇ,
3415 657 3515 709 καὶ
3546 655 3686 710 ὑπο-

386 761 436 815 ei
468 762 914 835 fueris,:poteris
954 762 1226 819 dominari
1266 777 1433 831 super
1463 759 1811 829 cupiditatem
1848 774 1895 812 m

2179 757 2249 825 ᾖς
2279 755 2439 826 αὐτῇ,
2482 756 2709 808 δύνασαι
2758 753 3185 825 κατακυριεῦσαι
3222 751 3323 821 τῆς
3365 747 3688 819 ἐπιθυμίας

388 855 495 910 lam
522 898 540 926 ,
570 867 627 915 et
649 860 753 918 erit
777 856 990 915 subdita
1021 856 1141 922 tibi,
1170 857 1311 910 sicut
1348 852 1604 906 volueris.

2074 847 2173 918 τῆς
2202 849 2468 917 πονηρᾶς,
2495 849 2587 901 καὶ
2615 846 2880 912 ὑποτάξαι
2902 846 3073 917 αὐτὴν
3094 844 3275 907 καθὼς
3306 843 3503 914 βούλει.

1836 962 2069 1021 CAPUT
2110 962 2197 1017 lll.

469 1071 674 1127 Vellem
706 1070 819 1142 (21)
849 1071 1015 1136 scire,
1036 1069 1277 1136 domine,
1313 1083 1424 1139 quo
1454 1067 1618 1124 modo
1646 1065 1849 1123 servire
1872 1064 1967 1120 de-

2182 1060 2381 1115 Ηθελον
2426 1061 2632 1131 γνῶναι
2674 1060 2847 1123 ποίοις
2890 1060 3115 1132 τρόποις
3153 1057 3235 1110 δεῖ
3276 1072 3344 1127 με
3378 1052 3691 1107 δουλεῦσαι

395 1164 553 1219 beam
584 1163 867 1234 cupiditati
894 1164 1071 1217 bonae.
1099 1161 1262 1227 Audi,
1292 1160 1471 1231 inquit
1501 1178 1515 1214 :
1552 1158 1701 1215 Habe
1723 1159 1904 1215 timore

2239 1152 2441 1225 τιθυμίᾳ
2483 1156 2549 1225 τῇ
2596 1151 2795 1223 ἀγαθῇ.
2831 1152 3053 1204 Ἀκουε·
3092 1149 3365 1220 Ἐργασαι
3391 1142 3694 1198 δικαιοσύ-
3738 1184 3748 1192 .

398 1255 520 1322 Dei,
549 1265 603 1311 et
633 1255 791 1310 tidem
830 1255 945 1326 (22)
980 1254 1032 1307 iu
1071 1253 1201 1319 Deo,
1239 1262 1292 1309 et
1323 1253 1603 1307 veritatem
1631 1267 1775 1319 ama,
1806 1262 1859 1307 et
1885 1252 1907 1322 ,ἱ

2224 1245 2317 1299 καὶ
2364 1244 2565 1316 ἀρετὴν
2612 1243 2888 1314 ἀληθείας,
2938 1241 3034 1294 καὶ
3080 1240 3243 1309 φόϐον
3298 1236 3533 1309 Κυρίου,
3588 1234 3692 1287 καὶ

399 1348 607 1404 atitiam
646 1348 833 1420 dilige,
864 1357 917 1402 et
957 1346 1043 1402 {ac
1091 1346 1296 1400 bonum
1324 1344 1459 1415 (25).
1505 1343 1631 1399 Haec
1674 1344 1908 1414 operand

2185 1354 2283 1402 τιν,
2315 1338 2408 1391 καὶ
2448 1337 2784 1408 ἁγάπην.....
2816 1334 3003 1389 Ταῦτα
3039 1331 3426 1405 ἐργαζόμενος,
3479 1329 3694 1398 εὐάρε-

398 1438 661 1509 probatus
713 1438 822 1494 eris
869 1452 1061 1493 servus
1112 1435 1353 1501 Domini,
1397 1443 1452 1489 et
1495 1435 1699 1491 servies
1734 1434 1893 1489 Deo:

2184 1448 2205 1495 ;
2251 1430 2349 1502 ἔσῃ
2394 1430 2580 1494 δοῦλος
2622 1429 2875 1483 Θεοῦ.....
2918 1427 3031 1499 (24)
3061 1427 3173 1481 Kal
3208 1423 3540 1485 συντελέσας
3584 1422 3693 1483 τὰς

400 1545 592 1585 omnes
624 1529 938 1600 quicunque
964 1528 1252 1584 servierint
1288 1527 1568 1596 cupiditati
1596 1528 1772 1593 bona,
1799 1528 1909 1582 vive

2188 1540 2287 1577 εκα
2331 1523 2535 1586 ταύτας
2573 1522 2813 1586 ἐντολὰς,
2861 1521 3031 1590 λέγει’
3180 1518 3422 1589 Πορεύου
3460 1517 3521 1569 ὲν
3560 1517 3696 1577 ταῖς

405 1622 539 1679 Deo.
568 1620 982 1677 Consummatis
1032 1622 1117 1677 his
1171 1620 1444 1675 mandatis
1491 1620 1813 1688 duodecim,
1849 1620 1914 1675 di:

2185 1616 2322 1679 αλαῖς
2348 1616 2595 1680 ταύταις,
2628 1617 2722 1669 καὶ
2759 1613 3067 1687 παρακάλει
3099 1611 3195 1666 καὶ
3224 1613 3351 1673 τοὺς
3376 1608 3694 1668 ἀκούοντας

404 1714 538 1768 mihi
574 1730 588 1766 :
623 1711 803 1768 Habes
832 1713 947 1768 haec
977 1714 1255 1779 mandata,
1287 1714 1507 1767 ambula
1551 1713 1605 1766 in
1651 1714 1737 1767 his
1762 1732 1775 1779 ;
1802 1722 1855 1768 et
1885 1729 1913 1768 a

2185 1707 2410 1761 edacem
2432 1709 2491 1761 ὲν
2520 1709 2726 1771 αὑταῖς,
2764 1708 2851 1760 ἵνα
2887 1708 2920 1779 ἡ
2960 1706 3218 1777 μετάνοια
3252 1702 3432 1757 αὐτῶν
3455 1698 3694 1773 καθαρὰ

404 1805 617 1860 dientes
643 1805 894 1861 homines
934 1805 1185 1871 hortare,
1225 1814 1284 1859 ut
1315 1806 1687 1874 ptenitentiam
1713 1815 1895 1876 agant,

1929 1816 1985 1861 et
2080 1798 2305 1869 γένηται
2329 1798 2428 1863 τὰς
2450 1799 2645 1864 λοιπὰς
2673 1799 2887 1871 ἡμέρας
2924 1799 3023 1869 τῆς
3053 1797 3201 1868 ζωῆς
3222 1795 3421 1849 αὐτῶν.

404 1899 723 1969 pauitantia
766 1912 957 1953 eorum
1004 1899 1206 1953 munda
1238 1898 1331 1954 ﬁat
1366 1898 1480 1969 (25)
1522 1898 1751 1970 reliquis
1789 1900 1982 1956 diebus

404 1986 530 2041 vita
556 2000 771 2041 eorum.

405 2076 476 2133 Et
516 2077 881 2133 ministerium
926 2078 1033 2134 hoc
1072 2078 1218 2163 quod
1246 2080 1341 2134 tibi
1369 2080 1475 2149 do,
1522 2082 1733 2151 explica
1775 2083 2095 2155 diligenter,
2122 2096 2178 2142 et
2229 2088 2465 2143 multum
2510 2087 2868 2160 consequeris
2910 2087 3148 2143 fructum
3182 2086 3317 2158 (26),
3344 2097 3397 2141 ct
3431 2086 3689 2142 invenies

406 2170 639 2240 gratiam
665 2171 811 2241 apud
836 2186 1053 2239 omnes,
1083 2173 1177 2243 qui
1210 2172 1589 2243 pmnitentiam
1619 2185 1782 2244 agent
1814 2185 1868 2230 et
1894 2178 2119 2233 credent
2148 2180 2331 2235 verbis
2359 2180 2492 2235 tuis.
2525 2179 2638 2264 Egp
2668 2181 2817 2235 enim
2845 2189 3027 2235 tecum
3057 2196 3202 2249 sum,
3233 2188 3287 2235 et
3316 2195 3513 2251 cogam
3547 2179 3677 2233 illos

406 2265 654 2339 credere.

474 2352 543 2410 Et
560 2355 673 2409 dixi
702 2353 779 2410 illi
809 2373 825 2409 :
856 2352 1105 2422 Domine,
1130 2357 1245 2412 haec
1263 2358 1516 2413 mandata
1547 2375 1743 2429 magna
1760 2367 1814 2415 et
1838 2375 1980 2429 prae-

2176 2363 2271 2437 :27)
2304 2366 2498 2437 Κύριε,
2547 2368 2602 2421 αἱ
2638 2367 2846 2421 ἐντολαὶ
2888 2360 3051 2419 αὗται
3104 2363 3339 2436 μεγάλαι
3383 2362 3482 2416 καὶ
3522 2361 3685 2414 καλαὶ

406 2448 554 2504 clara
582 2456 731 2515 sunt,
755 2457 812 2503 et
838 2449 1146 2504 exhilarare
1179 2465 1275 2505 cor
1316 2451 1554 2507 hominis
1585 2460 1836 2521 possunt,
1888 2471 1915 2523 q

2178 2501 2179 2509 χ
2211 2460 2433 2514 δύναταί
2476 2463 2650 2525 εἰσιν,
2681 2460 2978 2531 δυνάμεναι
3020 2459 3285 2529 εὐφρᾶναι
3318 2457 3418 2527 τὴν
3453 2456 3687 2526 καρδίαν

406 2542 646 2611 potuerit
689 2542 965 2597 custodire
1012 2543 1265 2597 mandata
1311 2543 1444 2598 haec.
1484 2542 1590 2599 Sed
1630 2547 1836 2612 nescio,
1876 2546 1909 2601 d

2170 2549 2507 2621 iouvapévou
2548 2551 2787 2622 τηρῆσαι
2828 2550 3017 2613 αὑτάς.
3069 2549 3183 2601 Ούκ
3229 2542 3375 2609 οἴδα,
3418 2544 3605 2615 κύριε,
3632 2542 3679 2598 εἰ

409 2634 576 2701 mine,
600 2649 671 2689 an
694 2634 905 2704 possint
932 2635 1188 2690 mandata
1217 2636 1332 2691 hzec
1362 2637 1430 2691 ab
1452 2636 1674 2692 homine
1694 2640 1918 2693 custodi]

2175 2657 2342 2694 ιανται
2372 2643 2429 2694 αἱ
2457 2642 2671 2695 ἐντολαὶ
2715 2635 2876 2695 αὗται
2922 2640 3027 2694 ὑπὸ
3064 2639 3276 2693 πολλῶν
3311 2637 3684 2707 φυλαχθῆναι,

409 2727 500 2781 Ait
540 2728 676 2782 mihi
710 2742 729 2781 :
759 2724 886 2781 Haec
929 2726 1186 2782 mandata
1237 2727 1396 2782 facile
1448 2730 1746 2797 custodies,
1779 2740 1833 2784 et
1880 2747 1913 2785 n

2179 2749 2220 2784 rt
2250 2732 2481 2804 σκληραί
2516 2735 2671 2787 εἰσιν.
2717 2732 3022 2804 Ἐμὸλέψας
3050 2732 3106 2785 δὲ
3137 2730 3299 2784 αὑτὸν
3322 2731 3351 2780 ὁ
3375 2728 3565 2791 δοῦλος
3592 2727 3688 2779 τού

409 2828 569 2875 erunt
592 2819 730 2874 dura
759 2818 889 2873 :sed
914 2818 957 2872 si
990 2825 1173 2873 tamen
1206 2820 1259 2874 in
1281 2836 1375 2874 cor
1404 2829 1556 2876 tuum
1581 2822 1849 2891 posueris,
1880 2838 1912 2876 n

2174 2822 2228 2875 οὗ
2262 2825 2399 2895 μετὰ
2442 2825 2643 2897 πολλῆς
2674 2826 2974 2897 αὐστηρίας
3014 2820 3185 2877 εἶπεν·
3217 2822 3483 2892 ’Λνανδρε
3507 2860 3521 2884 ,
3550 2822 3683 2889 ἀκη-

412 2926 574 2981 posse
599 2912 669 2967 ab
708 2911 931 2966 homine
959 2911 1246 2978 custodiri,
1278 2928 1385 2968 non
1410 2914 1686 2969 custodies
1714 2930 1799 2970 ea.
1830 2914 1912 2969 Nu

2177 2916 2306 2980 στὰ,
2334 2916 2564 2989 ρᾴθυμε,
2590 2919 2685 2971 καὶ
2718 2917 3031 2987 ὀλιγόψυχε,
3065 2916 3165 2969 οὐκ
3194 2911 3365 2977 οἶδας,
3393 2914 3476 2965 ὅτι
3508 2913 3603 2965 ἐὰν
3627 2914 3686 2963 ἐν

410 3013 593 3061 autem
634 3004 757 3059 dico
785 3004 921 3059 tibi:
950 3002 1007 3058 Si
1040 3019 1147 3058 non
1177 3006 1506 3061 custodieris
1554 3008 1669 3061 hzec
1713 3009 1919 3062 mandai

2175 3050 2178 3061 .
2210 3010 2391 3080 ἑαυτῷ
2430 3010 2605 3081 προϐῇ
2637 3011 2720 3063 ὅτι
2761 3010 3015 3063 δύνανται
3047 3006 3418 3077 φυλαχθῆναι,
3448 3005 3684 3065 εὐκόλως

411 3110 467 3155 et
490 3097 746 3154 omiseris
784 3096 937 3169 (28),
985 3113 1093 3152 non
1121 3098 1245 3155 .eris
1284 3099 1505 3165 salvus,
1539 3115 1719 3170 neque
1754 3102 1851 3155 tibi
1890 3110 1920 3155 ll

2175 3100 2263 3164 τὰς
2307 3100 2583 3171 φυλάξεις,
2635 3102 2728 3154 καὶ
2775 3103 2877 3154 ούκ
2923 3100 3140 3153 ἔσονται
3190 3096 3463 3167 σκληραίς
3526 3095 3591 3147 Εἰ
3630 3094 3684 3145 δὲ

413 3203 590 3258 neque
612 3188 811 3245 domus
839 3196 968 3255 tua;
1006 3187 1132 3257 quia
1178 3189 1290 3257 ipse
1317 3189 1671 3259 judicaveris,
1705 3192 1850 3261 quod
1882 3207 1922 3246 nt

2176 3193 2270 3263 ιϐῇ
2302 3195 2396 3247 ἐπὶ
2422 3194 2523 3265 τὴν
2556 3193 2785 3263 καρδίαν
2827 3209 2943 3254 σου,
2975 3192 3036 3243 ού
3066 3188 3329 3243 δύνασθαι
3372 3187 3546 3249 αὑτὰς
3584 3184 3685 3238 ὑπὸ

412 3281 631 3351 possint
657 3280 774 3337 haec
798 3282 1053 3337 mandata
1082 3282 1149 3337 ab
1179 3283 1402 3337 homine
1424 3284 1709 3340 custodiri.

2094 3284 2398 3356 ἀνθρώπων
2422 3285 2781 3356 φυλαχθῆναι,
2814 3286 2876 3337 ού
2898 3283 3155 3353 φυλάξεις
3187 3281 3381 3344 αὑτάς.

1870 3399 2102 3455 CAPUT
2138 3398 2227 3455 ιν.

484 3484 614 3543 Hec
642 3486 780 3543 mihi
810 3488 1164 3543 vehementer
1202 3487 1468 3544 iracunde
1495 3489 1712 3545 loeutus
1732 3500 1837 3557 est,
1870 3491 1945 3545 ita
1967 3502 2027 3546 ut
2050 3500 2387 3547 conterreret
2421 3506 2509 3547 me
2530 3492 2709 3547 valde.
2735 3490 2959 3547 Vultum
2983 3490 3130 3545 enim
3162 3504 3324 3543 suum
3350 3495 3685 3553 mutaverat,

414 3592 492 3637 ita
518 3591 580 3639 ut
613 3599 720 3638 non
749 3592 936 3653 posset
964 3583 1130 3638 homo
1154 3586 1429 3641 sustinere
1456 3586 1594 3642 iram
1622 3587 1761 3657 ejus.
1795 3587 1862 3641 Et
1884 3603 2011 3643 cum
2034 3589 2264 3646 vidisset
2287 3606 2376 3646 me
2401 3592 2787 3646 conturbatum
2826 3600 3002 3646 totum
3049 3597 3103 3644 et
3147 3585 3443 3642 confusum
3468 3627 3485 3653 ,
3523 3585 3690 3655 erepit

415 3680 566 3750 loqui
594 3680 928 3747 moderatius
954 3688 1006 3735 et
1036 3680 1285 3746 hilarius,
1309 3680 1498 3737 dicens
1524 3700 1539 3735 :

418 3770 591 3826 Stulte
624 3780 679 3827 et
701 3772 977 3828 insensate
1002 3772 1140 3843 (29),
1158 3753 1479 3828 inconstans
1508 3781 1563 3827 et
1592 3773 1852 3843 ignorans
1876 3772 1927 3841 (5

2200 3776 2339 3838 νοεῖς
2372 3773 2473 3847 τὴν
2500 3773 2659 3840 δόξαν
2702 3773 2797 3828 τοῦ
2838 3773 2996 3839 Θεοῦ,
3034 3775 3152 3838 πῶς
3189 3773 3401 3847 μεγάλη
3443 3774 3561 3826 ἐστὶ
3596 3775 3687 3827 καὶ

416 3862 757 3932 maiestatem
789 3864 906 3932 Dei,
933 3880 1099 3935 quam
1125 3880 1356 3934 magnus
1384 3864 1498 3935 (51)
1521 3880 1800 3936 quamque
1827 3864 1925 3919 mir

2177 3866 2292 3939 ςυρὰ
2338 3868 2434 3921 καὶ
2481 3866 2790 3938 θαυμαστή·
2842 3868 2925 3921 ὅτι
2971 3868 3184 3921 ἔκτισεν
3230 3869 3323 3921 τὸν
3357 3868 3566 3938 κόσμον
3599 3866 3686 3920 διὰ

416 3954 543 4010 bilis
569 3955 659 4022 sit,
697 3955 791 4025 qui
837 3956 1026 4012 orbem
1075 3958 1281 4013 creavit
1314 3966 1537 4029 propter
1582 3957 1899 4025 hominem,

2177 3974 2184 4003 ι
2226 3957 2546 4030 ἄνθρωπον,
2596 3960 2691 4012 καὶ
2747 3959 2850 4030 τὴν
2908 3958 3157 4031 ἐξουσίαν
3202 3960 3423 4013 ἃπασαν
3487 3959 3686 4014 ἔδωκεν

415 4062 634 4103 omnem
664 4057 972 4104 creaturam
1000 4050 1228 4121 subjecit
1255 4050 1487 4117 homini,
1518 4058 1574 4105 et
1602 4064 1822 4105 omnem
1850 4064 1924 4119 po

2177 4045 2242 4117 τῷ
2266 4047 2539 4118 κυριεύειν
2563 4048 2782 4101 πάντων
2802 4047 2911 4101 τῶν
2937 4048 3030 4101 ἐπὶ
3059 4050 3158 4119 τῆς
3185 4049 3317 4119 γῆς;
3342 4048 3407 4101 Εἰ
3435 4044 3531 4101 οὖν
3556 4049 3686 4102 πάν-

416 4148 613 4197 statem
643 4140 791 4196 dedit
816 4140 915 4207 illi,
950 4149 1009 4196 ut
1028 4141 1340 4198 dominetur
1362 4141 1560 4196 horum
1586 4140 1925 4196 mandatorui

2181 4158 2202 4193 ν
2242 4139 2447 4195 τούτων
2497 4143 2526 4194 ὁ
2569 4140 2857 4211 ἄνθρωπος
2904 4140 3093 4212 κύριός
3137 4142 3289 4202 ἐστι,
3322 4140 3419 4192 καὶ
3466 4140 3690 4193 πάντων

416 4230 724 4298 Dominari,
752 4232 949 4303 inquit,
983 4241 1160 4303 potest
1191 4233 1439 4288 omnium
1478 4234 1674 4291 horum
1708 4232 1925 4291 mandat

2180 4251 2318 4286 ιαται
2346 4232 2799 4305 κατακυριεῦσαι,
2841 4232 2963 4295 πῶς
3008 4232 3071 4285 ού
3100 4231 3391 4303 δυνήσεται
3432 4232 3533 4285 καὶ
3568 4232 3689 4285 τούς-

416 4339 561 4391 rum,
590 4324 685 4394 qui
713 4324 876 4379 habet
900 4323 1191 4379 Dominum
1232 4324 1287 4379 in
1329 4326 1495 4381 corde
1525 4341 1646 4381 suo.
1680 4324 1781 4391 Qui
1811 4335 1925 4381 aute

2177 4344 2210 4380 ιν
2253 4326 2361 4380 τῶν
2409 4325 2635 4379 ἐντολῶν
2683 4322 3145 4395 κατακυριεῦσαι;
3292 4325 3456 4389 Ὥστε
3499 4326 3686 4378 πασῶν

416 4415 620 4471 habent
649 4415 940 4471 Dominum
982 4414 1038 4470 in
1066 4416 1226 4472 labiis
1247 4417 1369 4473 suis
1401 4417 1538 4486 (52),
1570 4427 1621 4472 et
1652 4432 1750 4473 cor
1775 4418 1925 4474 illoru

2177 4435 2209 4471 ιν
2255 4418 2483 4471 ἐντολῶν
2524 4416 2729 4471 τούτων
2777 4414 3209 4487 κατακυριεύσαι
3253 4417 3283 4469 ὁ
3328 4416 3686 4488 ἄνθρωπος,ὁ

416 4506 678 4563 obtusum
701 4517 809 4577 est,
839 4517 894 4564 et
920 4507 1081 4579 longe
1108 4517 1239 4564 sunt
1265 4523 1297 4563 a
1326 4506 1559 4565 Domino
1585 4509 1665 4578 ⁸¹;
1700 4510 1809 4569 illis
1837 4527 1925 4566 ma

2176 4526 2242 4564 ων
2274 4509 2367 4563 τὸν
2395 4512 2601 4581 Κύριον
2644 4510 2703 4562 ὲν
2735 4510 2803 4579 τῇ
2844 4506 3043 4583 καρδίᾳ
3069 4506 3257 4564 αὐτοῦ·
3305 4508 3362 4563 οι
3402 4507 3459 4561 δὲ
3488 4508 3585 4561 ἐπὶ
3621 4508 3685 4561 τὰ

485 4664 650 4723 "Isa.
684 4664 969 4735 xxrx,13;
1004 4662 1165 4721 Joan.
1196 4680 1298 4732 xu,
1335 4663 1436 4732 40;
1463 4665 1509 4717 ΙΙ
1547 4664 1675 4720 Cor.
1702 4680 1783 4731 ιιι,
1810 4664 1897 4717 14.

1518 4777 1763 4837 VARIE
1798 4778 2185 4835 LECTlONES
2223 4779 2315 4837 ET
2346 4779 2579 4835 NOTIE.

488 4896 603 4967 (17)
632 4897 825 4968 Lamb.
858 4897 1085 4968 parebit.

2104 4894 2433 4968 Grzeca,_l_'va
2460 4933 2519 4968 .._.
2556 4892 2801 4968 γένηται.
2832 4890 2998 4968 Editi,
3028 4892 3137 4961 ﬁet.

488 4964 603 5033 (18)
634 4966 827 5038 Lamb.
858 4964 1108 5038 accipies.
2177 4965 2289 5038 (2Q)
2317 4964 2635 5038 MsslAngl.
2666 4966 2819 5038 deest
2846 4964 3101 5038 (rectum.

522 5038 605 5109 l9)
640 5037 785 5109 Mss.
808 5028 1065 5109 Angliab
1102 5038 1222 5092 illa.
1316 5107 1329 5109 _
1427 5106 1436 5109 _
1640 5103 1663 5109 _
2177 5028 2289 5109 (2"?)
2318 5034 2396 5109 Ex
2427 5028 2707 5109 Doct?_._ad
2736 5028 3007 5109 Antioch"
3039 5046 3193 5109 n_um.
3223 5028 3316 5109 2|,
3349 5045 3476 5109 pag.
3505 5029 3655 5109 263.?

512 5100 605 5182 20)
637 5100 1024 5182 ApudFeﬁum
1051 5106 1478 5182 vulgata__lect_io
1522 5103 1886 5182 conﬁrmatur
1927 5119 1996 5182 ex
2176 5100 2292 5182 (28)
2325 5105 2518 5160 Lamb.
2569 5104 3013 5158 dissimulaverit.
3068 5102 3129 5156 lu
3178 5101 3339 5156 editis
3379 5100 3575 5157 Graeca
3608 5105 3680 5159 hic

413 5173 534 5248 ms.
568 5173 725 5234 Bodl.
753 5177 844 5234 Sic
874 5190 929 5234 et
966 5194 1114 5245 mox,
1141 5173 1377 5233 Eubdita.
1417 5179 1536 5248 lpse
1569 5184 1750 5230 tamen
1780 5173 1993 5241 maluit,
2103 5173 2317 5248 mutila.

412 5247 683 5310 subiectus
815 5248 1071 5316 subjecta.
1099 5241 1109 5245 ⁷
1442 5241 1460 5248 ’
2176 5246 2290 5316 (29)
2319 5245 2450 5301 Mss.
2481 5244 2639 5316 Angl.
2681 5244 2848 5313 fatue.
2900 5241 3165 5316 Sequitur
3199 5241 3679 5313 pseudo-Athana-

493 5320 607 5389 (21)
632 5318 824 5375 Lamb.
868 5314 1136 5372 Volebam.
1167 5318 1233 5374 Et
1254 5334 1381 5374 mox
1409 5334 1422 5371 :
1450 5334 1651 5389 possem
1679 5320 1891 5373 servire.
2109 5314 2230 5389 sius
2248 5317 2283 5389 l.
2309 5332 2361 5389 eg.
2384 5314 2815 5389 prtecedentibus
2838 5314 3081 5389 omissis.

493 5380 607 5461 (22)
643 5389 775 5446 Mss.
807 5390 970 5461 Angl.
1003 5389 1227 5458 conﬁde.
1257 5388 1348 5445 Sic
1391 5380 1460 5444 et'
1487 5390 1619 5445 edit.
1658 5389 1790 5445 Felli
1819 5389 1997 5444 Oxon.
2179 5386 2293 5461 (5θ)
2324 5380 2737 5461 (_‘._:irm.,Victor.
2760 5394 2807 5439 et
2837 5384 3292 5461 Lambz'ignoras.
3318 5380 3457 5436 Vide
3477 5382 3675 5461 Cyrea.

419 5452 513 5517 Αιξ
533 5452 657 5527 ﬁde.
897 5452 925 5461 ⁷
1103 5452 1117 5458 ’
2180 5452 2294 5527 (51)
2334 5456 2465 5527 Mss.
2506 5456 2884 5525 Angl.,Carm.
2918 5463 2971 5527 et
3002 5452 3221 5527 ⁸νὶὶειοικ
3248 5469 3467 5527 magna.
3499 5452 3606 5527 (Sic
3634 5463 3676 5507 et

641 5529 773 5606 Mss.
801 5529 961 5606 Aug].
992 5529 1167 5606 bene._
1255 5599 1266 5606 Δ
1314 5601 1325 5606 _
1490 5600 1502 5606 _
1775 5602 1832 5606 __
2109 5522 2318 5583 Graeca.
2351 5525 2447 5581 Hic
2468 5522 2727 5579 mendum
2752 5524 2973 5605 irrepsit
3002 5524 3060 5606 in
3082 5522 3426 5606 edit..t)x0n.
3458 5524 3551 5579 ubi
3580 5527 3672 5580 sic:

498 5594 614 5729 ξεί)
645 5599 771 5656 Haec
803 5594 971 5656 habet
995 5599 1578 5671 pseudo-Athanasius
1608 5602 1856 5670 num.i5,
1874 5616 1999 5672 pag.
2107 5614 2265 5665 quam
2287 5614 2529 5666 magnus,
2565 5611 2822 5665 quamque
2847 5594 3282 5673 miserabilissit.

542 5708 555 5725 .
2182 5668 2299 5736 (52)
2330 5666 2515 5722 Carm.
2559 5674 2617 5721 et
2653 5664 2843 5719 Lamb.
2874 5663 3064 5729 deest,
3094 5681 3243 5736 suts_._
3268 5664 3345 5719 Ita
3381 5674 3438 5718 et
3477 5663 3653 5722 Greca

422 5670 555 5729 259.
1878 5670 1883 5671 “
1953 5670 1970 5672 “
2182 5670 2299 5739 (52)
2330 5670 2515 5722 Carm.
2559 5674 2617 5721 et
2653 5670 2843 5719 Lamb.
2874 5670 3064 5729 deest,
3094 5670 3227 5717 suis.
3269 5670 3345 5719 Ita
3381 5674 3438 5718 et
3477 5670 3672 5728 Greca.

499 5740 620 5807 (25)
648 5740 725 5798 Ita
758 5756 893 5800 mss.
929 5739 1288 5813 Vict.,Carm.
1315 5750 1371 5799 et
1392 5740 1585 5801 Lamb.
1612 5738 1692 5801 Ita
1724 5750 1781 5801 et
1799 5739 2004 5800 Fellus.
2113 5755 2213 5796 nec
2243 5752 2354 5797 non
2380 5752 2537 5796 sacer
2562 5736 2735 5794 codex
2758 5748 2925 5810 quem
2951 5735 3179 5809 respicit
3200 5733 3455 5793 lict-mas.
