3822 6218
113 284 232 341 ΜΘ

1118 280 1418 337 PASTOR.
1452 309 1524 319 —
1561 278 1691 337 LIB.
1733 281 1799 346 ll,
1843 277 2234 335 MANDATUM
2268 277 2385 335 XII.

3284 279 3399 336 950

114 400 282 473 χείλη
320 398 536 471 ἔχοντες
566 396 662 453 τδν
696 396 925 469 Κύριον,
954 396 1055 468 τὴν
1088 395 1146 449 δὲ
1177 396 1405 469 καρδίαν
1445 411 1706 466 πεπωρω-

1827 396 1944 450 data
1980 394 2094 449 hzec
2115 396 2253 451 dura
2300 400 2430 449 sunt
2463 402 2519 448 et
2543 390 2802 449 didicilia.
2830 391 3022 447 Ponite
3055 407 3185 461 ergo
3213 393 3388 458 vobis,

117 495 320 566 μένην,
365 494 460 548 καὶ
499 491 718 564 μακρὰν
753 491 906 554 ὄντες
948 489 1058 544 ἀπὸ
1090 488 1185 541 τοῦ
1234 487 1442 559 Κυρίου
1486 486 1595 540 διὰ.
1613 488 1712 557 τὴν

115 584 337 637 ἑαυτῶν
370 581 663 654 ρᾳθυμίαν,
697 580 929 642 ἐκείνοις
959 579 1017 631 αἱ
1048 576 1259 630 ἐντολαὶ
1287 570 1446 629 αὗται
1482 575 1714 646 σκληραί

114 679 287 738 εἰσιν,
326 676 419 728 καὶ
448 672 904 743 δυσκατόρθωτοι.
938 670 1107 723 Θέσθε
1133 664 1249 734 οὖν,
1278 669 1436 738 ὑμεῖς
1460 669 1509 720 οἱ
1537 667 1712 736 ὀλιγό-

111 767 309 841 ιξίυχοι,
334 767 427 820 καὶ
450 765 675 835 ἐλαφροὶ
696 766 763 834 τῇ
788 763 988 826 πίστει,
1009 762 1099 814 τὸν
1120 760 1323 833 Κύριον
1352 759 1711 823 ἀδιαλείπτως

110 862 200 923 εἰς
230 858 334 921 τὰς
363 856 593 928 καρδίας
623 853 800 925 ὑμῶν,
834 854 929 906 κα).
961 850 1233 920 γνώσεσθε
1264 851 1346 904 ὅτι
1383 849 1709 908 οὐδένεστιν

108 947 623 1020 εὐκολώτερρνςτῶν
661 943 887 999 ἐντολῶν
932 943 1165 1007 τούτων,
1199 941 1323 995 οὔτε
1354 940 1709 1012 γλυκύτερον,
1752 944 1759 983 ἱ

108 1042 243 1095 οὔτε
273 1039 739 1113 ήμερώτερον.....
775 1036 886 1107 (55)
905 1036 1078 1088 Βλέπε
1104 1033 1361 1105 στερεῶς,
1385 1034 1478 1094 καὶ
1501 1032 1560 1100 ἐξ
1584 1032 1710 1103 ὅλης

106 1138 215 1208 τῆς
242 1135 471 1207 καρδίας
495 1134 791 1204 ἐπίστρεφε
824 1131 961 1202 πρὸς
981 1128 1208 1201 Κύριον,
1238 1127 1333 1180 καὶ
1367 1126 1441 1199 μὴ
1467 1126 1711 1197 φοϐηθῇς

107 1230 206 1285 τὸν
229 1228 498 1281 διάϐολον·
539 1227 766 1297 δύναμις
790 1224 900 1295 γὰρ
941 1224 999 1276 ὲν
1041 1222 1191 1293 αὑτῷ
1234 1222 1335 1275 οὐκ
1376 1221 1522 1276 ἔστιν
1568 1221 1708 1274 κατὰ

106 1320 223 1373 τῶν
259 1320 463 1373 δούλων
509 1317 605 1372 τοῦ
652 1315 807 1370 Θεοῦ⁹
829 1317 857 1368 ὁ
884 1314 1015 1378 Θεὸς
1063 1312 1175 1385 γάρ
1216 1314 1363 1365 ἐστιν
1391 1315 1419 1368 ὁ
1452 1311 1706 1383 παρέχων

106 1414 210 1485 τὴν
236 1413 418 1483 νίκην.
464 1412 522 1464 'O
547 1409 789 1471 διάϐολος
834 1406 993 1478 μόνον
1033 1405 1196 1473 φόϐον
1240 1404 1373 1474 ἔχει·
1412 1406 1439 1457 ὁ
1462 1405 1518 1457 δὲ
1542 1404 1705 1473 φόϐος

108 1503 286 1560 αὑτοῦ
318 1503 504 1565 τόνους
533 1503 633 1555 οὐκ
676 1500 806 1572 ἔχει.
840 1500 932 1570 Μὴ
955 1497 1209 1570 ,φοϐηθῇς
1247 1492 1339 1549 οὖν
1388 1496 1570 1561 αὑτὸν,
1611 1496 1703 1550 καὶ

108 1595 374 1666 φεύξεται
405 1594 513 1649 ἀπὸ
535 1591 650 1646 σοῦ.

1817 486 1910 556 qui
1948 487 2106 541 vacui
2151 496 2207 540 et
2250 486 2396 541 leves
2432 484 2564 540 estis
2596 484 2649 537 in
2704 484 2838 549 lide,
2874 482 3163 538 Dominum
3222 483 3389 538 Deum

1816 587 2054 632 vestrum
2094 579 2145 630 in
2179 578 2343 632 corde
2376 577 2576 631 habere
2607 577 2721 645 (55)
2745 594 2759 642 ;
2787 587 2853 633 et
2885 576 3219 645 intelligetis,
3244 576 3392 644 quod

1817 669 1953 722 nihil
1986 669 2200 724 facilius
2230 678 2313 724 est
2350 670 2439 724 his
2474 667 2784 735 mandatis,
2818 684 2994 737 neque
3035 668 3269 733 dulcius,
3299 682 3393 722 ne-

1815 774 1923 828 que
1957 760 2322 825 mansuetius,
2356 775 2532 830 neque
2563 759 2809 823 sanctius
2847 774 2860 811 :
2892 768 2947 813 et
2975 760 3271 813 convertite
3296 773 3394 814 vos

1816 849 1883 903 ad
1912 849 2202 904 Dominum
2237 848 2429 915 Deum,
2458 857 2511 905 et
2540 850 2831 920 relinquite
2853 850 3128 905 diabolum
3162 859 3215 904 et
3240 851 3394 904 volu-

1813 948 1993 1009 ptates
2020 938 2131 1007 (54)
2156 938 2306 1007 ejus;
2335 939 2462 1008 quia
2494 939 2652 993 malae
2681 947 2829 1005 sunt,
2863 946 2916 993 et
2952 954 3173 1003 amara},
3206 948 3260 993 et
3289 938 3394 991 im-

1817 1031 2055 1084 mundte.
2093 1029 2159 1083 Et
2192 1029 2360 1096 nolite
2409 1031 2601 1084 timere
2644 1030 2944 1096 diabolum,
2990 1031 3117 1100 quia
3160 1031 3213 1083 in
3240 1030 3395 1086 vobis

1814 1131 2139 1193 potestatem
2195 1139 2304 1182 non
2350 1122 2533 1190 habet.
2590 1121 2703 1192 Ego
2742 1124 2885 1181 enim
2935 1124 3217 1178 vobiscum
3269 1138 3390 1177 sum

1814 1210 2039 1264 nuntius
2076 1211 2428 1280 poenitentite,
2474 1210 2568 1281 qui
2611 1212 2863 1279 dominor
2913 1213 3081 1281 illius.
3132 1212 3392 1267 Diabolus

1813 1312 1992 1357 autem
2042 1303 2293 1357 timorem
2325 1304 2484 1365 facit;
2520 1304 2613 1358 sed
2660 1305 2823 1357 timor
2866 1306 3012 1360 illius
3064 1322 3239 1360 vanus
3285 1316 3389 1361 est.

1812 1395 1990 1451 Nolite
2025 1410 2155 1466 ergo
2179 1394 2372 1449 timere
2399 1410 2549 1463 cum,
2577 1404 2631 1450 et
2661 1396 2830 1466 fugiet
2850 1412 2880 1450 a
2915 1397 3083 1452 vobis.

1575 1704 1807 1761 CAPUT
1865 1706 1929 1762 V.

179 1793 249 1849 Et
281 1794 396 1849 dixi
428 1793 509 1848 illi
544 1810 559 1848 :
590 1791 839 1861 Domine,
870 1794 998 1849 audi
1033 1808 1121 1849 me
1153 1809 1328 1865 pauca
1363 1794 1531 1849 verba
1567 1795 1838 1851 dicentem
1876 1796 1990 1869 (56)
2029 1798 2148 1853 tibi.
2184 1797 2303 1865 Dic,
2344 1798 2550 1869 inquit.
2582 1798 2781 1871 lIomo,
2806 1804 3054 1873 inquam,
3090 1805 3240 1873 cupit
3268 1806 3396 1874 qui-

104 1886 235 1942 dem
284 1886 547 1941 mandata
587 1884 682 1940 Dei
710 1886 1029 1953 custodire;
1066 1894 1120 1941 et
1146 1901 1309 1941 nemo
1339 1897 1425 1941 est
1458 1886 1553 1956 qui
1583 1904 1693 1942 non
1726 1898 1873 1958 petat
1903 1906 1934 1944 a
1965 1890 2200 1947 Domino
2224 1934 2238 1959 ,
2292 1901 2353 1946 ut
2376 1895 2553 1962 possit
2586 1896 2841 1950 mandata
2864 1897 2984 1967 ejus
3010 1912 3250 1952 servare.
3290 1896 3397 1951 Sed

103 1980 369 2037 diabolus
390 1979 561 2034 durus
592 1989 709 2046 est;
755 1987 810 2034 et
840 1979 1085 2050 potentia
1120 1995 1220 2035 sua
1245 1980 1566 2035 dominatur
1590 1982 1642 2035 in
1679 1981 1776 2036 Dei
1808 1999 2022 2041 servos.

177 2077 301 2148 (57)
350 2077 425 2131 Οὐ
477 2075 698 2130 δύναται
749 2075 858 2148 γὰρ
906 2075 1394 2130 καταδυναστεύειν
1437 2076 1545 2129 τῶν
1589 2076 1706 2129 δού-

1887 2077 1956 2135 Ει
1982 2080 2122 2135 dixit
2157 2100 2169 2134 :
2196 2079 2314 2136 Non
2349 2089 2528 2151 potest
2565 2080 2838 2136 dominari
2864 2082 2917 2135 in
2944 2081 3039 2137 Dei
3070 2098 3279 2151 servos,
3303 2085 3395 2154 qui

104 2169 215 2225 λων
253 2170 354 2222 τοῦ
389 2168 548 2233 Θεοῦ,
585 2168 692 2221 τῶν
725 2168 786 2233 ἐξ
830 2168 958 2240 ὅλης
998 2168 1225 2239 καρδίας
1258 2166 1587 2233 ἐλπιζόντων
1619 2169 1705 2221 ἐπ’

102 2261 297 2317 αὐτόν.
356 2261 587 2315 Δύναται
622 2256 716 2313 οῦν
761 2262 789 2314 ὁ
833 2258 1078 2322 διάϐολος
1127 2259 1406 2325 παλαῖσαι,
1458 2277 1706 2313 καταπα-

104 2353 298 2408 λαῖσαι
332 2354 389 2407 δὲ
425 2354 486 2407 οὐ
519 2353 765 2406 δύναται.
784 2352 909 2405 Ἐὰν
933 2348 1026 2405 οὖν
1060 2353 1316 2424 ἀντιστῇς
1340 2350 1522 2419 αὑτὸν,
1555 2368 1708 2422 νικη-

105 2449 223 2513 Θεὶς
248 2449 508 2519 φεύξεται
541 2448 649 2502 ἀπὸ
683 2446 775 2500 σοῦ
800 2446 1271 2520 κατῃσχυμμὲνος.

1814 2185 1881 2225 ex
1931 2172 2060 2228 totis
2089 2174 2404 2243 praecordiis
2434 2175 2487 2227 in
2519 2173 2814 2228 Dominum
2851 2175 3081 2230 credunt
3115 2176 3252 2245 (58).
3292 2176 3399 2230 Po—

1815 2272 1922 2319 test
1944 2274 2126 2319 autem
2156 2266 2406 2321 diabolus
2435 2267 2666 2333 luctari;
2696 2270 2787 2323 sed
2818 2270 3034 2324 vincere
3063 2286 3173 2323 non
3195 2280 3393 2339 potest.

1817 2355 1876 2410 Si
1910 2356 2058 2412 enim
2106 2358 2367 2412 resistitis
2412 2357 2511 2424 illi,
2566 2357 2738 2438 fugiet
2787 2362 3014 2425 a‘vobis
3036 2361 3301 2415 confusus
3326 2360 3394 2414 ⁸³.

1815 2447 1949 2503 Nam
1972 2450 2287 2521 quicunque
2310 2449 2412 2504 lide
2430 2450 2572 2520 pleni
2595 2466 2699 2505 non
2719 2455 3077 2521 sunt,tiulent
3096 2455 3396 2520 diabolum,

104 2543 269 2623 quasi
310 2549 637 2612 potestatem
664 2539 978 2593 habentem.
1018 2536 1279 2591 Diabolus
1312 2536 1460 2591 enim
1493 2546 1669 2593 tentat
1698 2553 1887 2593 servos
1936 2539 2062 2607 Dei,
2098 2548 2192 2610 et,
2240 2541 2589 2609 si‘invenerit
2622 2560 2846 2610 vacuos,
2881 2548 3230 2602 exterminat.
3278 2547 3400 2611 Sic-

106 2653 168 2698 ut
185 2642 308 2714 (59)
331 2642 479 2697 enim
515 2640 702 2704 homo,
728 2652 852 2692 cum
885 2636 1130 2705 implevit
1158 2636 1453 2705 amphoras
1476 2636 1622 2692 bono
1643 2636 1856 2704 vino,et
1886 2637 2025 2693 inter
2050 2637 2174 2694 illas
2202 2639 2501 2709 amphoras
2516 2655 2723 2710 paucas
2744 2641 3084 2709 semiplenas
3109 2640 3320 2710 posuit,
3342 2652 3399 2695 et

106 2742 260 2797 venit
289 2750 352 2796 ιιι
378 2746 550 2794 tentet
574 2746 629 2791 et
654 2742 837 2807 gustet
863 2733 1199 2802 amphoras;
1236 2747 1345 2787 non
1373 2741 1546 2788 tentat
1570 2734 1793 2804 plenas;
1821 2735 1924 2792 scit
1944 2737 2092 2790 enim
2123 2738 2271 2807 quod
2310 2738 2467 2791 bona:
2503 2750 2669 2806 sunt;
2718 2740 3048 2809 semiplenas
3083 2747 3265 2794 autem
3293 2754 3397 2810 gu—

109 2844 240 2904 stat,
277 2852 351 2891 ne
378 2835 490 2889 sint
521 2831 690 2887 acida:
718 2828 875 2884 facta:
908 2844 923 2882 :
958 2828 1066 2882 cito
1097 2828 1243 2881 enim
1284 2829 1597 2899 semiplenae
1630 2831 1910 2900 amphora:
1947 2841 2230 2897 acescunt,
2255 2842 2309 2888 et
2334 2835 2570 2904 perdunt
2595 2848 2848 2902 saporem
2886 2832 3018 2886 vini.
3060 2830 3153 2885 Sic
3186 2841 3241 2886 et
3271 2831 3392 2887 dia-

109 2932 273 2987 holus
297 2928 450 2984 venit
487 2926 556 2980 ad
595 2923 848 2979 homines
870 2939 1061 2979 servos
1090 2923 1209 2989 Dei,
1248 2934 1307 2979 ut
1330 2934 1497 2980 tentet
1532 2926 1675 2981 illos.
1712 2926 2041 2998 Quicunque
2066 2938 2249 2983 autem
2275 2930 2418 2999 pleni
2442 2938 2572 2986 sunt
2596 2930 2720 2993 lide,
2765 2930 3031 2983 resistunt
3056 2928 3107 2982 ei
3135 2925 3389 2994 fortiter;

111 3040 164 3089 et
184 3029 279 3085 ille
320 3024 525 3081 recedit
550 3022 620 3077 ab
644 3022 745 3087 eis,
791 3020 920 3091 quia
951 3037 1062 3075 non
1095 3022 1259 3085 habet,
1284 3022 1468 3076 locum
1510 3023 1770 3081 intrandi.
1819 3023 1974 3080 Tunc
2004 3025 2154 3080 vadit
2185 3026 2253 3080 ad
2303 3026 2428 3081 illos
2467 3026 2562 3095 qui
2606 3041 2717 3080 non
2782 3033 2911 3077 sunt
2969 3023 3075 3078 lide
3114 3022 3281 3092 pleni,
3334 3029 3392 3076 et

111 3118 380 3192 quoniam
413 3114 576 3170 habet
604 3113 812 3178 locum,
840 3114 966 3169 inde
1002 3114 1171 3168 intrat
1205 3114 1260 3168 in
1288 3114 1451 3180 illos;
1477 3123 1530 3171 et
1566 3131 1908 3186 quaecunque
1936 3118 2073 3184 vult,
2105 3117 2239 3174 facit
2261 3118 2396 3188 illis,
2419 3127 2476 3174 et
2496 3121 2637 3174 liunt
2667 3118 2859 3173 famuli
2890 3119 3033 3188 ejus.

1578 3232 1813 3290 CAPUT
1845 3234 1928 3290 Vl.

186 3333 299 3391 Sed
352 3334 513 3387 vobis
562 3330 688 3385 dico
733 3342 839 3399 ego
877 3327 1108 3382 nuntius
1135 3327 1470 3397 ptenitentiae
1501 3347 1513 3383 :
1542 3328 1622 3385 Ne
1659 3330 1904 3387 timeatis
1931 3326 2233 3389 diabolum.
2269 3334 2470 3391 Missus
2501 3335 2647 3390 enim
2683 3347 2829 3398 sum,
2862 3340 2924 3385 ut
2947 3331 3235 3387 vobiscum
3269 3330 3397 3395 sim,

115 3429 438 3499 quicunque
485 3439 551 3478 ex
604 3424 734 3478 totis
787 3420 1107 3493 praecordiis
1147 3420 1373 3490 egeritis
1417 3422 1823 3491 pmnitentiam,
1859 3432 1920 3478 ut
1949 3426 2270 3481 confirmem
2321 3443 2423 3483 vos
2453 3427 2509 3481 in
2543 3426 2667 3482 lide.
2709 3423 2931 3479 Credite
2973 3439 3105 3493 ergo
3135 3423 3273 3491 (40),
3305 3423 3400 3491 qui

116 3532 341 3592 propter
369 3519 569 3576 delicta
597 3526 783 3574 vestra
810 3515 965 3570 obliti
997 3515 1131 3570 estis
1163 3514 1359 3582 Deum,
1392 3526 1448 3571 et
1472 3517 1569 3586 qui
1596 3517 1826 3572 salutem
1866 3528 2106 3573 vestram
2130 3520 2455 3590 objicientes
2484 3520 2601 3591 (41)
2631 3521 2871 3591 peccatis
2903 3518 3124 3584 vestris,
3156 3517 3402 3587 gravatis

116 3614 284 3669 vitam
314 3624 555 3668 vestram
574 3609 763 3695 ,‘quod
789 3610 835 3663 si
861 3610 1116 3665 conversi
1145 3608 1363 3665 fueritis
1399 3611 1467 3666 ad
1489 3610 1788 3666 Dominum
1816 3628 1885 3667 ex
1917 3615 2050 3671 totis
2076 3616 2400 3685 praecordiis
2426 3617 2647 3685 vestris,
2680 3629 2736 3675 et
2768 3616 3076 3674 servieritis
3106 3615 3158 3670 ei
3201 3629 3399 3669 secun-

116 3712 243 3766 dum
290 3697 629 3767 voluntatem
673 3709 869 3779 ipsius,
914 3706 1067 3761 dabit
1110 3708 1415 3762 remedium
1445 3708 1738 3764 animabus
1766 3710 1964 3766 vestris
2000 3711 2141 3781 (42),
2180 3713 2522 3783 posthabitis
2551 3712 2793 3784 peccatis
2831 3709 3032 3765 vestris
3075 3705 3399 3779 prioribus;

116 3812 171 3860 ct
194 3803 470 3861 habebitis
499 3810 823 3873 potestatem
848 3804 1170 3860 dominandi
1204 3805 1463 3860 omnibus
1495 3807 1757 3875 operibus
1790 3806 1905 3879 (45)
1931 3808 2158 3865 diaboli.

185 3898 301 3970 (44)
336 3899 429 3971 Μὴ
461 3898 520 3951 δὲ
552 3899 653 3971 τὴν
691 3898 922 3971 ἀπειλὴν
959 3897 1124 3952 αὐτοῦ
1160 3899 1434 3973 δειλιάσῃς
1458 3918 1471 3931 '
1521 3902 1706 3965 ἄτονος

1885 3900 2062 3958 Minas
2091 3913 2274 3961 autem
2314 3906 2464 3961 illius
2496 3906 2549 3959 in
2585 3914 2759 3960 totum
2791 3903 2983 3957 timere
3020 3900 3191 3955 nolite
3226 3915 3240 3951 :
3285 3896 3403 3950 sine

119 3990 227 4064 γὰρ
252 3992 333 4055 ὡς
367 3989 563 4061 νεκροῦ
606 3989 795 4062 νεῦρα.
934 3991 1149 4045 Μᾶλλον
1173 3990 1439 4063 φοϐήθητι
1469 3991 1560 4045 τὸν
1593 3991 1706 4045 Κύ-

1827 3999 2020 4054 virtute
2042 4000 2189 4053 enim
2226 4009 2377 4065 sunt,
2406 3997 2552 4055 sicut
2579 3994 2820 4049 hominis
2841 3991 3042 4046 mortui
3074 3990 3247 4045 nervi.
3290 3987 3401 4041 Au-

126 4099 235 4153 ριον
266 4083 363 4136 τὸν
387 4081 685 4152 δυνάμενον
718 4080 888 4135 σῶσαι
921 4083 1016 4135 καὶ
1038 4082 1318 4137 ἀπολέσαι.

1827 4092 1933 4147 dite
1982 4107 2113 4162 ergo
2155 4105 2284 4157 me;
2317 4099 2371 4145 et
2410 4089 2597 4143 timete
2640 4087 2931 4141 Dominum
2963 4083 3399 4152 omnipotentem

122 4177 214 4245 qui
244 4184 427 4247 potest
454 4191 555 4232 vos
583 4176 767 4231 salvos
796 4175 979 4230 facere
1016 4176 1130 4247 (45)
1171 4184 1225 4230 et
1262 4176 1488 4246 perdere
1514 4179 1595 4246 9';
1642 4191 1698 4237 et
1741 4185 2014 4241 custodite
2047 4184 2305 4239 mandata
2352 4182 2508 4252 ejus,
2539 4191 2599 4237 ut
2624 4179 2823 4234 vivatis
2852 4178 2983 4231 Deo.
3023 4173 3091 4227 Et
3131 4172 3242 4228 dixi
3279 4171 3398 4224 illi:

124 4265 375 4334 Domine,
420 4268 587 4322 modo
622 4266 985 4322 confirmatus
1026 4281 1148 4321 sum
1180 4266 1235 4320 in
1268 4269 1529 4324 omnibus
1567 4272 1843 4329 mandatis
1878 4273 2117 4341 Domini,
2156 4272 2399 4344 quandiu
2437 4286 2652 4327 mecum
2696 4286 2794 4333 es;
2843 4279 2897 4325 ct
2924 4268 3045 4323 scio
3082 4264 3229 4335 quod
3260 4277 3395 4316 con-

125 4359 327 4433 fringes
351 4377 571 4417 omnem
593 4361 845 4415 virtutem
872 4358 1075 4413 diaboli
1100 4358 1236 4429 (46).
1268 4358 1373 4415 Sed
1400 4370 1454 4417 et
1479 4378 1580 4418 nos
1609 4368 2065 4436 exsuperabimus
2094 4366 2272 4432 illum,
2303 4364 2348 4419 si
2377 4378 2674 4433 possumus
2707 4362 2822 4431 (47)
2850 4349 3109 4413 mandata
3136 4357 3253 4410 haec
3279 4367 3402 4422 quae

125 4456 456 4527 praecepisti,
507 4453 744 4509 Domino
779 4451 1165 4516 conlirmante,
1212 4450 1513 4507 custodire.
1548 4452 1862 4524 Custodies,
1897 4458 2101 4527 inquit,
2128 4453 2175 4511 si
2222 4469 2318 4510 cor
2363 4463 2518 4508 tuum
2548 4452 2931 4524 purilicaveris
2982 4450 3049 4504 ad
3083 4446 3399 4501 Dominum.

129 4547 231 4604 Sed
262 4562 319 4605 et
348 4564 553 4605 omnes.
573 4548 886 4605 custodient
907 4584 924 4607 .
960 4544 1060 4615 qui
1096 4544 1509 4615 purilicaverint
1528 4548 1700 4603 corda
1736 4564 1838 4605 sua
1859 4565 1891 4604 a
1916 4549 2079 4606 vanis
2106 4548 2503 4620 cupiditatibus
2538 4546 2706 4618 hujus
2742 4544 2952 4608 szeculi,
2981 4552 3037 4599 et
3062 4542 3255 4607 vivent
3268 4536 3398 4591 Deo.

264 4667 311 4699 δ’
334 4664 451 4727 Jac.
480 4682 555 4735 IV,
586 4668 642 4720 7-
716 4666 970 4723 “Matth.
996 4684 1054 4736 ι,
1078 4667 1184 4735 28;
1210 4667 1345 4723 Luc.
1371 4684 1472 4735 xu,
1499 4668 1552 4724 5.

1234 4805 1473 4862 VARIA‘J
1514 4803 1897 4861 LECTIONES
1932 4801 2022 4857 ET
2056 4800 2287 4857 NOTAE.

193 4899 307 4970 (55)
335 4898 422 4970 Al.
462 4905 694 4970 vestrum
738 4906 789 4970 et
838 4898 894 4951 in
933 4897 1086 4951 corde
1134 4896 1342 4952 habere.
1392 4894 1526 4951 Felli
1571 4896 1702 4951 edit.

124 4966 299 5026 Oxon.
323 4979 372 5023 et
400 4969 456 5021 in
485 4968 640 5020 corde
669 4967 873 5022 habete.

196 5041 308 5109 (54)
333 5039 436 5093 Ms.
463 5036 672 5092 Victor.
710 5038 1027 5093 voluntates.
1075 5037 1141 5093 Et
1182 5052 1309 5093 mox
1365 5036 1557 5092 Lamb.
1589 5052 1708 5107 qua:

163 5125 223 5164 ro
246 5127 393 5171 quia.

125 5124 627 5249 ωῗέέἱΐιῗίιιειεηιιε
655 5178 1236 5249 pseudo-Athanasius
1261 5195 1415 5233 num.
1451 5177 1543 5244 ‘21,
1573 5194 1701 5247 pag.

124 5248 247 5304 264.
290 5248 423 5315 Quae
464 5248 1002 5319 autemsequuntur
1052 5249 1274 5303 exhibet
1316 5257 1509 5304 auctor
1555 5264 1706 5302 num.

128 5320 369 5391 ηανδς.
401 5318 530 5391 258,
556 5319 902 5391 aliquantum
927 5320 1162 5391 diversa,
1192 5326 1249 5373 ut
1271 5320 1492 5375 assolet.

197 5388 429 5461 (ζ’)ιίγὸἰο
454 5388 608 5443 Bodl.
640 5388 822 5445 Fellus
854 5398 1059 5453 autem,
1088 5389 1406 5461 loquentem.

199 5457 312 5530 (57⁷)
338 5461 414 5530 Είκ
446 5461 988 5528 pseudo-Athanasio
1012 5457 1162 5514 num.
1199 5460 1301 5530 12,
1329 5475 1452 5530 pag.
1485 5457 1614 5512 ‘258.

200 5529 311 5598 (58)
343 5529 443 5583 Ms.
487 5530 629 5599 Vict.
675 5531 729 5583 in
765 5530 932 5584 Deum
970 5539 1206 5599 sperant.
1239 5529 1470 5585 Exhibet
1498 5537 1710 5598 sperant

132 5597 298 5657 etiam
322 5599 475 5654 Bodl.
513 5598 586 5653 Ita
619 5608 673 5653 et
700 5599 908 5655 Graeca.

204 5668 498 5745 (39)_anc
533 5671 713 5745 locum
746 5670 1228 5745 laudatOrigenes,
1250 5680 1407 5727 tract.
1440 5670 1530 5737 '5l,
1558 5668 1713 5725 Com-

138 5738 301 5795 ment.
323 5740 374 5793 in
402 5738 596 5795 Matth.
631 5757 776 5810 XXIV,
806 5739 893 5795 42.

1885 4892 1999 4963 (40)
2030 4893 2139 4963 lsta
2167 4888 2460 4963 exscripsit
2484 4888 2786 4963 Antiochus
2813 4885 3002 4940 homil.
3030 4883 3102 4942 71

1889 4955 2002 5035 (41)
2060 4962 2192 5017 Mss.
2229 4955 2394 5035 Angl.
2441 4969 2490 5013 et
2546 4958 2769 5035 salutent
2826 4969 3054 5035 vestram
3088 4955 3398 5035 Λαᾴλίςιειιξ.

1816 5025 2050 5089 wakius
2074 5042 2257 5087 autem
2282 5025 2355 5084 ita
2380 5030 2527 5084 hunc
2549 5032 2726 5083 locum
2756 5027 2995 5081 restituit
3026 5043 3040 5080 :
3080 5025 3245 5081 Obliti
3274 5028 3402 5080 estis

1815 5104 1989 5159 Deum
2010 5114 2061 5158 et
2092 5103 2319 5157 salutem
2352 5109 2616 5164 vestram;
2642 5110 2690 5154 et
2728 5099 2819 5170 qui
2842 5097 3152 5167 adjicieutes
3174 5107 3401 5167 peccatis

1815 5176 2026 5239 vestris,
2060 5171 2296 5243 gravatis
2327 5172 2491 5243 vitam
2523 5180 2769 5243 vestram.

1891 5237 2020 5315 (42)
2046 5237 2121 5297 Ιὶιι
2170 5241 2355 5296 Fellus
2387 5242 2729 5315 injsuanedit.
2758 5238 2937 5295 Oxon.
2968 5253 3037 5295 ex
3067 5252 3200 5293 mss.
3238 5237 3396 5308 Angl.

1817 5313 1905 5370 Al.
1936 5313 2223 5369 remedium
2269 5313 2518 5381 peccatis.

1887 5386 1998 5456 (45)
2029 5385 2158 5456 diss.
2192 5381 2377 5456 Angl.,
2407 5382 2643 5456 omnium
2668 5397 2902 5456 operum.

1890 5444 2009 5579 illi;
2035 5454 2163 5508 Haec
2192 5444 2763 5533 pseudo—Athanasius
2811 5468 2958 5507 num.
3014 5450 3100 5532 l2,
3145 5446 3248 5503 sub
3268 5444 3395 5527 init.

1890 5543 1943 5579 α.
2013 5526 2102 5579 58.
2128 5538 2363 5579 quorum
2398 5523 2618 5579 uundem
2658 5538 2841 5579 priora
2892 5525 2962 5578 ab
3002 5523 3125 5576 alus
3169 5531 3395 5573 omissa.

1816 5522 1943 5597 pag.
1974 5522 2102 5597 258,
2128 5538 2363 5597 quorum
2398 5523 2618 5597 quidem
2658 5523 2841 5597 priora
2892 5525 2962 5578 ab
3002 5522 3125 5576 aliis
3169 5522 3397 5573 omissa.

1892 5543 1943 5597 κ.
1974 5540 2102 5590 206,
2128 5540 2363 5648 quorum
2398 5540 2618 5592 qmqem
2658 5540 2834 5592 priora

2036 5595 2149 5673 βοά
2176 5635 2191 5673 _.
2222 5592 2613 5673 potestsqlvum
2643 5594 2834 5662 facere.

1894 5664 2008 5731 (46)
2036 5664 2227 5719 Lamb.
2264 5664 2485 5718 inimici.

1904 5737 2018 5808 (47)
2050 5736 2179 5793 Mss.
2213 5734 2369 5807 Angl.
2403 5742 2452 5789 et
2485 5748 2790 5805 possumus.

2206 5873 2279 5887 διο
