3822 6218
393 236 495 293 9‘5!
1846 248 1906 302 S.
1947 245 2215 302 HERME

1252 357 1587 425 ANTIOCIIUS,
1622 358 1841 415 homilia
1869 360 1961 429 ⁸74,
1980 378 2047 418 σε
2074 377 2192 431 cap.
2220 361 2273 425 l,
2299 360 2458 429 hujus
2486 360 2667 417 mund.
2713 376 2817 419 xu.

465 468 610 525 Dicit
637 486 778 525 enim
797 486 817 526 :
837 470 983 529 Tolle
1002 490 1037 528 a
1068 483 1119 529 te
1138 484 1346 529 munem
1376 475 1721 544 cupiditatem
1748 476 1969 542 malam,

2203 476 2284 549 ησὶ
2299 476 2407 547 γάρ
2429 493 2442 505 ⁸
2470 470 2641 548 Ἆρον
2654 476 2762 529 ἀπὸ
2778 475 2873 530 σοῦ
2886 476 3066 529 πᾶσαν
3085 470 3378 543 ἐπιθυμίαν
3393 473 3679 545 πονηράν
3690 488 3712 506 ο

394 570 444 615 et
473 562 633 618 indue
649 564 992 634 cupiditatem
1014 565 1203 620 bonam
1224 574 1274 620 et
1295 576 1559 622 sanctam.
1589 566 1819 622 Indutus
1840 584 1902 622 en

2212 583 2301 621 σαι
2345 566 2405 619 δὲ
2444 565 2739 637 ἐπιθυμίαν
2784 564 2995 637 ἀγαθὴν
3035 565 3130 618 καὶ
3162 566 3366 637 σεμνήν
3390 581 3407 596 ⁸
3462 563 3716 617 ἐνδεδυ-

395 656 745 725 cupiditatem
776 658 931 724 hanc,
964 659 1137 713 oderis
1176 659 1377 713 malam
1397 660 1762 729 cupiditatem,
1809 670 1860 715 et
1900 680 1904 712 τ

2205 677 2349 724 ιενος
2387 657 2502 731 (48)
2534 660 2645 732 γὰρ
2680 660 2779 730 τὴν
2812 658 3105 729 ἐπιθυμίαν
3140 657 3379 729 ταύτην,
3419 657 3714 728 μισήσεις

396 750 628 817 [renabis
658 766 797 813 eam,
825 752 965 804 sicut
997 751 1245 806 uolueris.
1279 749 1420 805 Fera
1440 752 1581 805 enim
1609 760 1686 805 est
1715 752 1905 821 cupidil

2224 751 2468 823 πονηρὰν
2492 750 2784 821 ἐπιθυμίαν
2806 793 2821 818 ,
2855 752 2949 804 καὶ
2981 750 3445 821 χαλιναγωγήσεις
3479 747 3709 818 αὐτὴν,

396 840 565 903 mala,
618 849 668 894 et
705 841 917 910 di/ﬁcile
939 842 1234 911 mitigatur.
1280 840 1571 897 Horribilis
1602 843 1741 896 enim
1782 852 1882 908 est,

2204 841 2269 907 ῖυς
2322 842 2523 914 βούλει.
2557 840 2758 914 Ἀγρία
2803 844 2914 914 γάρ
2950 845 3098 897 ἐστιν
3131 844 3165 913 ἡ
3207 841 3474 912 ἐπιθυμία
3515 841 3561 911 ἡ
3604 856 3713 894 πο-

396 929 546 982 valde
599 930 814 999 feritate
866 946 965 984 sua
1010 932 1270 985 consumit
1314 932 1569 986 homines.
1616 932 1751 988 Cum
1800 944 1905 987 autt

2204 934 2257 1000 ὶ,
2293 935 2389 988 καὶ
2419 934 2695 999 δυσκόλως
2724 935 3045 1007 ἡμεροῦται.
3072 932 3426 1006 Φοϐερωτέρα
3455 933 3587 1005 γάρ
3612 934 3713 985 ἐσ-

394 1022 549 1088 dicit,
581 1021 719 1077 Fera
748 1031 833 1079 est
857 1024 1126 1094 cupiditas
1159 1025 1322 1092 mala,
1362 1027 1651 1096 signiﬁcat,
1685 1027 1847 1096 quod,
1871 1042 1898 1081 ε

2221 1027 2317 1080 καὶ
2356 1026 2477 1080 λίαν
2507 1029 2573 1099 τῇ
2610 1028 2807 1099 ἑαυτῆς
2843 1026 3129 1098 ἀγριότητι
3165 1028 3379 1098 δαπανᾷ
3413 1027 3560 1089 τοὺς
3604 1026 3714 1080 ἀν·-

398 1111 655 1178 Οιιιειιαηι
696 1131 814 1171 vero
850 1126 901 1171 et
944 1117 1118 1187 qualis
1164 1119 1256 1183 sit,
1310 1135 1415 1172 non
1461 1118 1633 1173 solum
1678 1119 1844 1186 mala,
1889 1136 1907 1173 ε

2201 1135 2353 1183 πους.
2373 1119 2460 1173 Ἐν
2480 1118 2537 1172 δὲ
2567 1118 2648 1191 τῷ
2679 1120 2880 1188 λέγειν,
2898 1120 3097 1189 Ἀτρία
3127 1118 3299 1173 ἐστὶν
3323 1120 3363 1188 ἠ
3392 1119 3710 1186 ἐπιθυμία

394 1214 446 1259 et
476 1208 612 1261 bona
634 1208 901 1279 cupiditas
974 1210 1029 1263 in
1055 1211 1289 1272 sequenti
1328 1227 1563 1266 sermone
1582 1211 1861 1282 diligenter
1889 1229 1903 1265 ι

2197 1209 2393 1278 τονηρὰ
2412 1252 2427 1277 ,
2456 1211 2732 1282 σημαίνει,
2767 1212 2869 1277 ὅτι,
2894 1229 2949 1266 κ.
2978 1229 3030 1265 τ.
3056 1210 3105 1267 λ.
3125 1212 3220 1275 Τίς
3240 1211 3299 1265 δὲ
3329 1212 3429 1266 καὶ
3455 1210 3706 1278 ποταπή

395 1300 564 1370 ponit.
2082 1301 2253 1367 ἐστιν,
2288 1302 2350 1355 οὐ
2403 1302 2561 1373 μόνον
2599 1304 2643 1373 ἠ
2674 1305 2931 1375 πονηρία,
2965 1303 3103 1359 ἀλλὰ
3134 1305 3229 1359 καὶ
3261 1304 3443 1375 ἀγαθὴ
3486 1303 3708 1356 sene-.2-

2092 1395 2190 1464 μία
2238 1393 2372 1465 (49),
2420 1395 2480 1448 ὲν
2532 1394 2612 1467 τῷ
2669 1394 2910 1467 καθεξῆς
2950 1396 3184 1468 διαλόγῳ
3236 1396 3484 1467 ἀκριϐῶς
3527 1395 3705 1449 ἐκτί-

2086 1483 2257 1542 θεται.

3585 249 3719 310 es!

1177 1594 1330 1652 Idem
1358 1594 1692 1665 Aurtocnus,
1723 1593 1943 1650 nomilia
1976 1594 2064 1663 77,
2094 1609 2160 1649 ea;
2183 1611 2301 1665 cap.
2348 1594 2381 1650 6
2425 1595 2583 1665 hujus
2622 1598 2807 1652 mand.

469 1716 761 1773 Credamus
792 1733 914 1789 ergo
943 1716 1075 1783 Deo,
1097 1716 1188 1787 qui
1210 1723 1423 1786 propter
1455 1714 1652 1769 delicta
1682 1723 1866 1769 nostra
1894 1713 1978 1767 de-

2191 1710 2547 1783 Ιιστεύσωμεν
2608 1706 2701 1765 οὖν
2740 1709 2819 1781 τῷ
2864 1709 3005 1782 Θεῷ,
3043 1711 3092 1764 οἱ
3125 1709 3215 1764 διὰ
3250 1709 3350 1773 τὰς
3400 1710 3700 1781 ἁμαρτίας

398 1812 705 1883 spondimus
730 1812 895 1865 vitam
922 1819 1159 1866 nostram
1190 1826 1207 1863 .'
1236 1818 1285 1865 et
1315 1817 1683 1863 convertamur
1704 1808 1773 1861 ad
1799 1805 1907 1861 Dan

2190 1809 2244 1863 ὒν
2268 1809 2649 1878 ἀπεγνωκότες
2671 1808 2774 1878 τῆς
2806 1806 2951 1879 ζωῆς
2980 1805 3139 1879 ἡμῶν
3158 1824 3170 1836 ·
3207 1808 3301 1860 καὶ
3333 1807 3699 1878 ἐπιστρέψω-

397 1920 526 1962 num
567 1904 739 1960 Deum
774 1911 1014 1959 nostrum
1052 1919 1117 1957 ea:
1158 1905 1281 1956 totis
1308 1901 1619 1971 prazcordiis
1659 1901 1855 1956 uostris
1885 1914 1906 1955 ε’

2188 1919 2191 1941 ι
2242 1902 2380 1973 πρὸς
2412 1900 2615 1970 Κύριον
2660 1899 2752 1953 τὸν
2783 1899 2914 1952 Θεὸν
2947 1898 3103 1971 ἡμῶν
3136 1898 3193 1965 ἐξ
3226 1899 3351 1971 ὅλης
3392 1900 3500 1970 τῆς
3548 1916 3697 1969 καρ-

397 2011 673 2066 operemur
698 1995 972 2065 justitiam
1016 1995 1231 2064 reliquis
1278 1993 1462 2048 diebus
1499 1994 1622 2048 vitta
1667 2002 1906 2048 nostra:

2186 2009 2202 2055 ;
2233 1990 2391 2063 ἡμῶν
2410 2008 2423 2021 ·
2452 1990 2547 2044 καὶ
2570 1988 2931 2061 ὲργασὼμεθα
2952 1990 3052 2060 τὴν
3078 1988 3427 2058 δικαιοσύνην
3450 1988 3552 2055 τὰς
3579 1990 3695 2040 λοι-

398 2088 687 2143 serviamus
715 2089 764 2142 ei
806 2095 961 2162 recte,
998 2086 1289 2141 secundum
1320 2086 1641 2141 uoluntatem
1684 2086 1873 2156 ipsius.

2183 2101 2195 2147 ;
2228 2083 2442 2156 ἡμέρας
2478 2083 2577 2154 τῆς
2610 2082 2754 2154 ζωῆς
2785 2082 2963 2152 ἡμῶν·
3000 2082 3094 2134 καὶ
3126 2080 3507 2151 δουλεύσωμεν
3533 2079 3692 2150 αὖτῷ

397 2176 551 2231 dabit
581 2177 869 2233 remedium
895 2179 1127 2249 peccatis
1161 2178 1360 2232 nostris
1389 2178 1660 2247 prioribus
1690 2195 1712 2233 :
1746 2187 1795 2233 et
1819 2178 1983 2233 habe-

399 2271 571 2325 bimus
599 2279 910 2341 potestatem
942 2270 1257 2325 dominandi
1283 2270 1523 2339 operibus
1551 2269 1775 2324 diaboli.
1805 2268 1983 2323 Minas

398 2372 576 2416 autem
621 2361 768 2418 illius
810 2363 867 2417 in
915 2372 1086 2417 totum
1130 2364 1312 2418 timere
1356 2363 1584 2417 nolimus
1610 2363 1764 2418 :sine
1792 2363 1986 2416 virtute

397 2454 537 2509 enim
568 2463 712 2522 sunt,
744 2455 884 2509 sicut
901 2455 1130 2509 hominis
1156 2454 1354 2508 mortui
1381 2455 1548 2509 nervi.
1575 2453 1679 2510 Sed
1705 2456 1987 2509 timeamus

399 2546 684 2602 Dominum
731 2550 1175 2619 omnipotentem,
1213 2559 1264 2603 et
1315 2549 1681 2603 custodiamus
1730 2547 1989 2602 mandata

398 2640 513 2712 ejus
539 2656 560 2697 :
587 2650 638 2698 et
667 2642 895 2699 vivemus
924 2642 982 2697 in
1016 2656 1094 2696 eo.

2088 2176 2265 2248 ὀρθῶς
2296 2176 2435 2231 κατὰ
2465 2176 2528 2229 τὸ
2562 2174 2772 2245 θέλημα
2792 2173 2976 2228 αὐτοῦ.
3013 2174 3125 2227 Καὶ
3157 2175 3370 2245 ποιήσει
3397 2172 3547 2226 ἴασιν
3572 2176 3690 2237 τοῖς

2092 2266 2377 2338 προτέροις
2416 2266 2572 2337 ἡμῶν
2614 2263 3054 2337 παραπτώμασι·
3094 2265 3186 2318 καὶ
3217 2263 3408 2336 ἕξομεν
3452 2264 3690 2336 δύναμιν

2090 2356 2184 2413 τοῦ
2227 2358 2656 2430 κατακυριεῦσαι
2692 2357 2803 2412 τῶν
2835 2358 3010 2430 ἔργων
3046 2357 3141 2411 τοῦ
3178 2357 3448 2413 διαϐόλου.
3487 2358 3604 2430 Τὴν
3629 2358 3689 2411 δὲ

2089 2452 2319 2523 ἀπειλὴν
2352 2451 2514 2505 αὑτοῦ
2546 2451 2683 2515 ὅλως
2719 2451 2793 2523 μὴ
2827 2449 3154 2523 φοόηθῶμεν
3180 2467 3193 2481 ·
3227 2449 3416 2513 ἄτονος
3446 2451 3558 2521 γάρ
3597 2452 3689 2503 ἐσ-

2087 2563 2193 2610 τιν,
2247 2545 2437 2615 ὥσπερ
2484 2544 2680 2617 νεκροῦ
2738 2543 2925 2615 νεῦρα.
2994 2542 3154 2595 Ἀλλὰ
3207 2542 3539 2615 φοϐηθῶμεν
3595 2541 3689 2597 τὸν

2090 2635 2500 2707 ⁶τιανταδύναμον
2532 2636 2756 2707 Κύριον,
2783 2635 2877 2688 καὶ
2904 2633 3005 2698 τὰς
3036 2633 3254 2699 ἐντολὰς
3284 2634 3454 2689 αὐτοῦ
3511 2634 3684 2704 φυλά-

2091 2729 2271 2800 ξωμεν
2292 2745 2306 2760 ο
2350 2730 2444 2782 καὶ
2476 2727 2728 2800 ζήσωμεν
2755 2727 2814 2782 ὲν
2834 2726 3003 2799 αὐτῷ.

1461 3029 1882 3145 LIBER
1965 3029 2585 3148 TERTIUS

1762 3274 1873 3330 QUI
1936 3274 2343 3320 INSCRIBITUB

1541 3422 2519 3515 SIMILITUDINES.

1752 3648 2232 3712 SIMILITUDO
2265 3650 2317 3712 Ι.

404 3772 562 3849 Nos,
601 3773 751 3853 quia
775 3776 844 3837 in
899 3776 1015 3838 hoc
1070 3774 1301 3838 mundo
1326 3786 1803 3858 permanentem
1858 3777 2180 3839 civitatem
2232 3794 2362 3837 non
2403 3776 2720 3853 habemus,
2752 3776 2973 3841 debere
3004 3776 3333 3857 inquirere
3367 3774 3676 3851 futuram.

1746 3899 1979 3956 CAPUT
2020 3898 2324 3958 .UNlCUM.

473 4016 544 4075 Et
577 4019 717 4076 dixit
738 4020 874 4075 mihi
901 4038 915 4075 :
944 4018 1109 4076 Scitis
1131 4035 1231 4076 vos
1262 4018 1481 4075 Domini
1503 4031 1690 4075 servos
1716 4019 1770 4074 in
1799 4018 2241 4090 peregrinatione
2262 4018 2378 4088 (50)
2407 4018 2660 4074 morari?
2687 4017 2895 4076 Civitas
2917 4021 3067 4077 enim
3091 4026 3276 4076 vestra
3303 4016 3471 4086 longe
3509 4022 3593 4071 est
3612 4012 3680 4068 ab

408 4109 513 4165 hac
537 4109 780 4165 civitate.
832 4108 890 4165 Si
913 4125 1046 4181 ergo
1071 4111 1227 4166 scitis
1249 4110 1529 4167 civitatem
1566 4116 1811 4165 vestram
1840 4109 1895 4163 in
1920 4124 2030 4179 qua
2060 4109 2363 4167 habitaturi
2388 4110 2502 4180 (51)
2524 4110 2682 4178 estis,
2722 4112 2856 4179 quid
2880 4111 2969 4168 hic
3000 4115 3188 4170 emitis
3213 4126 3401 4183 agros,
3427 4118 3485 4166 et
3519 4124 3682 4180 appav

405 4207 543 4268 ratis
572 4206 818 4265 lautitias
850 4216 906 4264 et
933 4208 1186 4275 aedilicia,
1219 4216 1275 4263 et
1312 4206 1681 4263 habitationes
1711 4206 1826 4277 (52)
1878 4208 2287 4276 supervacuas?
2321 4204 2447 4262 Haec
2470 4206 2614 4263 enim
2639 4206 2732 4277 qui
2764 4218 3051 4285 comparat
3074 4209 3131 4264 in
3168 4209 3272 4264 hac
3301 4206 3549 4270 civitate,
3576 4218 3679 4257 non

406 4302 613 4372 cogitat
641 4301 697 4355 in
744 4315 899 4355 suam
933 4300 1210 4357 civitatem
1242 4299 1441 4355 redire.
1478 4297 1522 4353 0
1554 4299 1742 4367 stulte,
1785 4315 1817 4355 ο
1846 4299 2010 4354 dubie
2046 4308 2101 4354 et
2127 4298 2295 4354 miser
2330 4303 2503 4355 homo
2525 4339 2541 4365 ,
2576 4298 2671 4369 qui
2704 4314 2815 4354 non
2848 4300 3111 4374 intelligis
3142 4303 3257 4358 haec
3284 4299 3477 4355 omnia
3509 4298 3680 4352 aliena

407 4410 554 4464 esse,
578 4404 635 4451 et
658 4396 761 4452 sub
789 4394 1016 4452 alterius
1058 4404 1353 4466 potestate.
1380 4396 1525 4453 Dicit
1554 4396 1701 4452 enim
1738 4397 1835 4452 tibi
1873 4395 1988 4469 (5‘5)
2009 4396 2275 4455 Dominus
2302 4398 2542 4454 civitatis
2568 4399 2733 4471 hujus
2765 4419 2778 4455 :
2808 4402 2919 4456 Aut
2949 4400 3164 4471 legibus
3203 4406 3355 4453 utere
3396 4393 3559 4459 meis,
3594 4402 3682 4447 aut

406 4491 600 4548 recede
629 4490 698 4546 de
726 4490 947 4546 civitate
968 4505 1108 4545 mea.
1140 4489 1221 4545 Tu
1258 4504 1389 4561 ergo
1412 4490 1547 4561 quid
1575 4490 1767 4557 facies,
1799 4492 1895 4563 qui
1928 4491 2096 4547 habes
2127 4490 2300 4563 legem
2332 4492 2390 4547 in
2416 4492 2637 4549 civitate
2670 4501 2761 4548 tua
2790 4495 2944 4566 (54)?
2972 4492 3250 4565 Numquid
3271 4498 3501 4561 propter
3526 4500 3679 4557 agros

408 4596 553 4652 tuos,
587 4592 684 4639 aut
710 4592 936 4655 propter
966 4585 1184 4655 aliquos
1207 4594 1501 4656 apparatus
1523 4595 1669 4654 tuos,
1697 4590 1906 4658 poteris
1936 4601 2138 4659 negare
2165 4588 2345 4660 legem
2371 4589 2560 4645 tuam?
2589 4590 2751 4658 Quod
2774 4591 2817 4646 si
2835 4588 3142 4663 negaveris,
3160 4593 3216 4640 et
3242 4580 3486 4637 volueris
3509 4580 3676 4634 redire

406 4680 463 4735 in
501 4679 777 4736 civitatem
799 4689 971 4744 tuam,
996 4694 1105 4735 non
1134 4678 1441 4750 recipieris,
1468 4680 1563 4737 sed
1592 4680 1901 4737 excluderis
1927 4680 2073 4738 inde.
2099 4679 2237 4737 Vide
2262 4696 2393 4753 ergo
2423 4689 2481 4737 tu
2500 4683 2614 4753 (55)
2644 4683 2785 4738 sicut
2802 4698 3030 4754 peregre
3051 4678 3382 4737 consistens,
3410 4671 3548 4727 nihil
3567 4686 3675 4724 ani-

410 4772 556 4842 plius
585 4786 871 4851 compares
911 4771 1033 4839 tibi,
1072 4786 1238 4840 quam
1270 4770 1384 4843 (56)
1413 4771 1486 4828 sit
1515 4775 1893 4830 necessarium
1929 4784 1983 4829 et
2005 4773 2290 4831 sufﬁciens
2318 4775 2457 4841 tibi;
2504 4784 2561 4830 et
2587 4784 2815 4845 paratus
2845 4785 2987 4838 esto,
3031 4787 3099 4827 ne
3128 4770 3244 4841 (57)
3276 4780 3404 4823 cum
3446 4764 3675 4820 voluerit

411 4862 681 4945 Dominus
706 4864 820 4935 (58)
850 4864 1091 4921 civitatis
1119 4864 1285 4935 hujus
1314 4863 1587 4935 expellere
1625 4874 1701 4931 te,
1740 4867 2093 4923 contradicas
2130 4867 2235 4938 legi
2268 4868 2429 4937 ejus;
2457 4876 2512 4923 et
2542 4882 2638 4924 eas
2667 4868 2724 4923 in
2752 4867 3029 4923 civitatem
3060 4873 3236 4921 tuam.
3268 4868 3329 4915 ut
3363 4858 3542 4914 utaris
3569 4858 3673 4929 lege

1525 5002 1758 5067 VARIE.
1797 5003 2184 5063 LEGTIONES
2220 5005 2310 5061 ET
2348 5004 2589 5094 NOTAE:

476 5098 593 5167 (48)
638 5096 731 5170 Sic
760 5098 929 5170 editio
961 5096 1141 5170 Paris.
1164 5138 1180 5163 ,
1227 5115 1320 5154 an.
1358 5099 1519 5154 1644.
1559 5099 1727 5158 Editt.
1755 5100 1990 5170 Hermae,
2171 5101 2286 5170 (55)
2323 5100 2516 5157 Lamb.
2542 5101 2695 5157 deest
2722 5100 2838 5155 tibi.

401 5168 813 5242 tvbsBuauévoc.
830 5169 1043 5242 Pseudo
1058 5170 1279 5227 -Athan.
1294 5171 1471 5225 ἐνδεδυ
1481 5170 1661 5242 μένος.

1505 5170 1661 5235 ιὲνος.
1977 5168 1983 5170 ⁷
2318 5170 2511 5242 Lamb.
2547 5172 2821 5242 civitatem,
2839 5180 3014 5242 tuam.

479 5241 591 5311 (49)
616 5233 761 5314 ﬁdit.
787 5239 962 5314 Paris.
997 5240 1090 5295 cit.
1117 5244 1151 5311 ἡ
1179 5233 1597 5314 ammplam-"71‘;
1622 5233 1885 5314 ήὲκθυμία.
1923 5243 1988 5299 At

2171 5233 2286 5312 (55)
2324 5241 2402 5298 lta
2426 5259 2559 5299 mss.
2590 5241 2948 5314 Carm..Vict.
2977 5248 3032 5296 et
3064 5237 3259 5295 Lamb.
3289 5250 3392 5307 pro
3427 5243 3507 5301 ut,
3538 5233 3664 5306 quod

408 5309 579 5385 Etlitt.
616 5309 829 5385 Hermae
868 5311 936 5385 ad
978 5309 1149 5385 unum
1190 5309 1384 5385 omnes
1410 5353 1426 5385 ,
1464 5313 1497 5382 ἡ
1543 5309 1806 5385 ἐπιθυμία
1833 5333 1847 5370 :
1872 5331 1917 5368 m

1412 5353 1426 5385 ,
1464 5313 1497 5382 ἡ
1543 5309 1806 5385 ἐπιθυμία
1833 5333 1847 5370 :
1872 5329 1991 5370 ma-
2100 5309 2486 5385 habentediti,
2517 5311 2921 5385 praeterOxon.

406 5384 655 5458 luntque,
704 5383 843 5458 duce
870 5380 1192 5458 _(_30tele_rio,
1231 5382 1336 5454 leg.
1376 5382 1438 5436 οὐ
1486 5377 1650 5453 μόνον
1757 5402 1915 5458 πονηε

1889 5384 1990 5457 ιρὰ,
2172 5383 2287 5458 (ﬁli)
2314 5383 2446 5458 Mss.
2475 5377 2643 5458 qul.
2679 5384 2784 5438 nisi
2807 5384 2967 5458 quod.
3002 5382 3093 5436 Sic
3117 5390 3171 5435 et
3194 5377 3398 5458 Folius.

405 5448 662 5511 enim
694 5453 727 5524 ἡ
753 5452 933 5523 ἀγαθὴ
967 5452 1249 5524 ἐπιθυμία.
1287 5448 1311 5454 ⁷
1492 5448 1504 5453 ⁷
1705 5448 1717 5457 ’
1883 5448 1914 5458 ”

2172 5448 2288 5524 (57)
2319 5454 2531 5514 Carm.,
2555 5448 2775 5524 Vict._ct
2803 5448 2963 5524 Angl.
3003 5462 3061 5506 ut
3102 5468 3201 5521 pro
3228 5466 3307 5503 ne.
3338 5448 3517 5514 Quam
3547 5462 3657 5503 mss.

479 5524 593 5599 (50)
643 5522 1143 5599 Latnb.__peregre_.
1196 5522 1263 5599 Et
1304 5538 1433 5599 most
1477 5541 1491 5578 :
1532 5525 1987 5599 Civitasivestra,
2093 5522 2384 5599 lectionem
2418 5524 2667 5599 sequitur
2688 5522 2925 5599 Fellus;
3029 5593 3040 5599 _
3222 5591 3270 5599 ,Α
3327 5588 3369 5599 η

405 5588 809 5665 omiiss'oenim.
841 5588 1178 5665 Haeclaudat
1203 5595 1507 5655 Antiochus
1531 5598 1721 5655 homil.
1758 5598 1845 5656 15.
1974 5588 1984 5595 ’
2165 5595 2280 5665 (58)
2327 5588 2519 5652 Ιλθῐηὺῖ
2586 5595 2727 5649 Deus
2773 5604 2833 5648 ut
2882 5593 3163 5665 Dominus.
3208 5591 3278 5644 Αι
3327 5588 3660 5665 Felli_edj_tio

503 5663 1229 5738 §1)b_lss.»Angl_._l_tabituri.
2092 5659 2274 5722 Oxon.
2311 5667 2454 5723 Deus
2490 5666 2568 5723 vel
2609 5665 2868 5724 Dominus
2908 5680 2927 5720 .'
2958 5663 3109 5738 quod
3140 5676 3251 5719 non
3289 5659 3527 5719 advertit
3552 5659 3658 5718 Clo-

409 5804 412 5807 η
480 5733 596 5806 (52)
630 5733 823 5794 Lamb.
854 5734 1250 5806 tediﬁcationes.
2095 5738 2268 5794 ricus.
