3822 6218
92 289 231 348 953
1247 283 1546 342 PASTOR.
1586 312 1659 327 ν-
1695 282 1825 339 LIB.
1863 283 1952 350 Ill,
1993 283 2195 339 SlMlL.
2235 284 2301 341 ll.
3306 279 3413 339 95!:

94 416 240 475 sua,
273 404 392 462 sine
418 403 620 475 injuria
641 404 856 461 hilaris.
891 407 1003 464 Vos
1032 406 1199 479 igitur
1220 407 1400 463 videte
1426 407 1520 479 qui
1549 406 1769 462 servitis
1811 406 1943 475 Deo,
1984 416 2037 461 et
2074 407 2291 463 habetis
2314 422 2440 463 eum
2464 406 2520 462 in
2544 404 2805 463 cordibus
2834 400 3037 458 vestris
3064 419 3078 456 :
3102 402 3410 472 operamini

94 513 288 570 opera
317 498 434 565 Dei,
463 512 737 553 memores
769 500 1155 555 mandatorum
1182 506 1237 556 et
1264 499 1667 571 promissorum
1690 498 1812 567 ejus
1838 514 1961 568 qua:
1987 498 2102 568 (59)
2131 499 2421 569 promisit;
2454 506 2509 554 et
2537 499 2748 554 credite
2766 497 2838 564 ei,
2863 496 3011 567 quod
3040 495 3203 550 faciet
3228 495 3408 560 vobis,

96 594 159 650 si
216 595 476 649 mandata
506 592 627 663 ejus
670 594 1062 650 custodieritis.
1111 592 1219 649 Pro
1248 594 1395 665 agris
1424 609 1557 664 ergo
1590 608 1734 663 quos
1780 608 1964 648 emere
1987 594 2294 660 volueritis,
2329 594 2581 650 redimite
2622 595 2841 650 animas
2865 594 2933 649 de
2963 591 3406 653 necessitatibus,

97 696 287 757 prout
312 688 546 759 quisque
574 697 781 760 potest;
807 695 864 742 et
891 687 1087 743 viduas
1108 687 1156 719 ⁸⁸
1175 686 1464 752 absolvite,
1495 685 1760 754 orphanis
1783 685 1897 756 (60)
1923 686 2187 756 judicate,
2212 696 2267 742 et
2289 702 2420 757 opes
2444 702 2508 742 ac
2531 687 2751 744 divitias
2778 696 2990 743 vestras
3014 687 3067 741 in
3095 684 3410 755 huiusmodi

88 780 381 851 operibus
401 781 515 852 (61)
533 780 864 837 consumite.
892 780 947 834 In
969 780 1075 834 hoc
1099 779 1246 834 enim
1272 792 1371 833 vos
1394 777 2048 845 Dominuslocupletavit,
2064 786 2124 831 ut
2143 777 2459 849 huiusmodi
2479 779 2784 834 ministeria
2804 780 3090 847 expleatis.
3111 777 3277 831 Multo
3296 791 3409 830 me-

89 874 222 929 lius
249 885 337 930 est
360 875 475 931 haec
504 874 705 943 facere,
732 889 900 946 quam
922 888 1087 943 agros
1116 882 1212 928 aut
1234 873 1429 928 domos
1450 887 1674 938 emere;
1707 871 1976 941 quoniam
2009 873 2126 927 haec
2159 874 2345 929 omnia
2376 875 2636 945 peribunt
2662 875 2715 928 in
2748 873 2950 929 saeculo
2984 890 2997 925 :
3031 880 3087 925 at
3131 868 3244 941 (62)
3288 881 3412 937 quas

86 980 212 1035 pro
247 968 474 1023 nomine
506 968 601 1024 Dei
637 967 855 1036 feceris,
890 970 1141 1026 invenies
1166 970 1223 1025 in
1255 970 1480 1027 civitate
1504 976 1622 1035 tua,
1646 976 1704 1023 et
1729 968 1957 1023 habebis
1976 969 2243 1039 gaudium
2267 970 2387 1026 sine
2412 970 2638 1027 tristitia
2669 979 2724 1025 et
2756 970 2981 1025 timore.
3013 963 3242 1019 Divitias
3277 975 3410 1031 ergo

93 1062 365 1133 gentium
386 1062 557 1118 nolite
579 1078 801 1134 cupere,
832 1065 1158 1135 perniciosa:
1187 1072 1319 1120 sunt
1347 1064 1494 1119 enim
1519 1062 1696 1118 servis
1728 1060 1861 1127 Dei;
1888 1062 1956 1117 de
1988 1064 2231 1133 propriis
2263 1074 2451 1119 autem
2480 1079 2621 1135 quas
2659 1063 2894 1127 habetis,
2915 1075 2979 1116 ea
3008 1057 3173 1129 agite,
3207 1053 3411 1126 quibus

88 1156 347 1225 possitis
385 1157 649 1228 consequi
675 1158 960 1229 gaudium.
993 1156 1056 1212 Et
1090 1157 1260 1214 nolite
1291 1156 1626 1220 adulterare,
1671 1168 1772 1210 nec
1802 1154 2029 1212 alterius
2053 1155 2167 1226 (65)
2205 1172 2433 1212 uxorem
2472 1165 2732 1229 tangere,
2777 1168 2956 1225 neque
2997 1148 3409 1221 concupiscere.

91 1251 463 1325 Concupisce
486 1261 640 1310 tuum
666 1269 829 1326 opus,
865 1263 919 1310 et
953 1254 1145 1310 salvus
1168 1254 1299 1309 eris.

872 1369 955 1425 Ea:
982 1371 1088 1425 ista
1115 1369 1468 1424 similitudine
1497 1366 1608 1422 hazc
1649 1362 1803 1419 verba
1835 1363 1967 1433 facit
2006 1364 2346 1434 ANTIOCIIUS,
2380 1366 2600 1420 homilia
2628 1368 2715 1423 15.

174 1485 249 1540 El
276 1480 373 1541 οὖν
412 1485 506 1540 ἐπὶ
538 1484 697 1559 ξένης
725 1486 1111 1559 κατοικοῦμεν,
1147 1486 1242 1540 κα).
1285 1488 1319 1558 ἡ
1356 1485 1512 1548 πόλις
1550 1481 1684 1555 ἡμῶι

1885 1479 1945 1537 Si
1972 1499 2096 1553 ergo
2124 1484 2179 1537 in
2204 1485 2631 1554 peregrinatione
2661 1497 2962 1546 moramur,
3003 1486 3053 1533 et
3087 1475 3273 1530 civitas
3310 1486 3409 1527 no-

95 1575 338 1648 μακράν
361 1576 556 1647 ἀπέχει
591 1576 699 1630 ἀπὸ
737 1577 837 1649 τῆς
863 1576 1072 1641 πόλεως
1102 1576 1332 1649 ταύτης,
1360 1577 1454 1630 κα),
1486 1574 1684 1645 οῖδαμε

1843 1583 1925 1626 tra
1970 1572 2123 1644 longe
2168 1582 2247 1628 est
2289 1575 2353 1626 ab
2399 1574 2499 1628 hac
2540 1574 2773 1638 civitate,
2814 1580 2863 1624 et
2898 1571 3095 1623 sciurus
3142 1565 3411 1619 civitatem

91 1669 209 1740 τὴν
242 1668 404 1722 πόλιν
440 1667 598 1740 ἡμῶν
629 1669 688 1721 ὲν
783 1668 1051 1741 μέλλομεν
1079 1671 1353 1724 κατοικεῖν
1377 1686 1389 1698 ·
1427 1667 1480 1721 τί
1506 1669 1587 1730 είς
1610 1666 1711 1737 τὴν

90 1760 405 1832 ἀλλοτρίαν
454 1760 820 1832 ἐτοιμάζομεν
858 1762 1084 1833 ἀγροὺς,
1120 1762 1214 1815 καὶ
1252 1759 1541 1831 οἰκοδομὰς
1566 1800 1581 1825 ,
1616 1758 1713 1812 καὶ

89 1853 389 1923 οἰκήματα
425 1852 645 1923 μάταια,
680 1853 773 1906 καὶ
805 1852 1137 1923 παρατάξεις
1154 1852 1497 1918 πολυτελεῖς;
1527 1850 1712 1905 Ταῦτα

90 1942 201 2000 οὖν
245 1943 552 2016 έτοιμάζων
584 1947 665 2010 εἰς
704 1945 991 2018 ἀλλοτρίαν
1025 1944 1201 2011 πόλιν,
1237 1945 1397 2017 δῆλός
1423 1947 1593 2011 ἐστιν,
1629 1945 1711 1997 ὅτι

89 2037 160 2090 ού
191 2036 479 2108 προσδοκᾷ
504 2035 903 2108 ὲπανακάμψαι
937 2037 1017 2099 εἰς
1041 2037 1142 2108 τὴν
1183 2036 1316 2092 ἰδίαν
1350 2036 1523 2101 πόλιν,
1551 2053 1711 2090 τουτο

90 2132 280 2196 ἐστιν,
296 2132 378 2194 είς
404 2132 503 2202 τὴν
535 2130 650 2184 ἄνω
674 2130 1049 2203 Ἰερουσαλήμ.
1082 2131 1140 2183 ’0
1156 2128 1266 2200 γὰρ
1286 2130 1544 2201 λογισμὸς
1559 2124 1715 2193 οὗτος

89 2223 385 2295 ἀφρόνων,
420 2222 515 2276 καὶ
554 2222 818 2294 διψύχων,
862 2225 957 2277 κα)⁸
996 2220 1362 2293 ταλαιπώρων
1409 2222 1713 2296 ἀνθρώπων

89 2316 279 2371 ἐστίν.
299 2317 376 2370 Ού
392 2316 501 2389 γάρ
514 2317 705 2383 συνίει,
720 2317 801 2369 ὅτι
816 2316 988 2369 ταῦτα
1004 2315 1183 2370 πάντα
1198 2315 1456 2387 ἀλλότριά
1475 2318 1602 2381 είσι,
1617 2316 1714 2369 καὶ

90 2409 214 2463 ὑπὸ
246 2407 495 2475 ἐξουσίας
526 2409 715 2481 ἑτέρου
749 2408 876 2474 είσὶ,
910 2407 1157 2461 τουτέστι
1189 2407 1285 2461 τοῦ
1325 2408 1585 2480 ἄρχοντος
1616 2406 1711 2461 τοῦ

90 2504 307 2568 αἰῶνος
338 2504 551 2560 τούτου.
575 2507 691 2563 Οὐκ
705 2500 798 2560 οὖν
816 2505 1129 2577 ὀφείλομεν,
1151 2505 1228 2568 ὡς
1244 2505 1336 2557 ἐπὶ
1352 2504 1511 2575 ξένης
1526 2519 1711 2557 κατοι-

93 2600 372 2666 κοῦντες,
411 2602 577 2673 μηδὲν
610 2601 773 2655 πλέον
808 2601 1120 2674 ἑτοιμάζειν
1159 2602 1397 2664 ἑαυτοῖς,
1434 2600 1482 2651 εί
1514 2598 1588 2669 μὴ
1612 2597 1714 2668 τὴν

92 2693 446 2766 αὐτάρκειαν
490 2694 590 2767 τὴν
640 2694 897 2767 άρκετήν.
963 2695 1028 2747 Oi
1082 2693 1193 2766 γὰρ
1244 2690 1569 2761 ἀγαπῶντες
1622 2689 1715 2743 τὸν

1813 1674 2048 1718 nostram
2098 1666 2151 1719 in
2190 1682 2297 1735 qua
2340 1666 2645 1719 habitaturi
2685 1680 2903 1728 sumus,
2947 1661 3073 1732 quid
3128 1658 3182 1711 in
3235 1654 3411 1708 aliena

1813 1774 2135 1827 “Pl’aramus
2175 1777 2368 1831 agros,
2423 1769 2472 1815 et
2511 1760 2767 1829 aediﬁcia,
2810 1767 2860 1811 et
2909 1753 3266 1809 habitationes
3317 1764 3410 1801 su-

1811 1868 2122 1921 pervacuas,
2171 1862 2220 1907 et
2261 1852 2439 1909 lautas
2492 1852 2958 1908 constructiones?
3001 1849 3131 1905 Haec
3158 1865 3281 1919 ergo
3318 1848 3410 1918 qui

1813 1953 2091 2013 comparat
2118 1946 2175 1998 in
2197 1945 2375 1999 aliena
2406 1946 2620 2000 civitate
2639 1987 2654 2012 ,
2684 1945 2869 2015 palam
2892 1953 2989 2008 est,
3021 1942 3160 2013 quod
3193 1959 3297 1996 non
3323 1958 3413 1994 co-

1813 2037 1947 2105 gitat
1976 2036 2029 2089 in
2059 2053 2212 2090 suam
2252 2038 2523 2091 civitatem
2562 2038 2754 2104 redire,
2796 2038 2895 2090 hoc
2929 2045 3006 2089 est
3042 2037 3097 2088 in
3129 2050 3412 2105 supernam

1817 2127 2269 2197 Hierosolymam.
2302 2127 2399 2181 Est
2437 2129 2579 2182 enim
2603 2128 2714 2182 haec
2745 2127 3102 2181 consideratio
3124 2125 3411 2179 stultorum

1813 2230 1862 2274 et
1889 2220 2195 2284 dubiorum,
2226 2230 2275 2274 et
2316 2221 2634 2275 miserorum
2661 2220 2955 2273 hominum.
2988 2218 3111 2272 Non
3149 2220 3291 2273 enim
3328 2218 3412 2271 in-

1816 2312 2028 2383 telligit,
2062 2313 2173 2367 haec
2211 2314 2393 2367 omnia
2427 2313 2603 2367 aliena
2634 2330 2767 2379 esse,
2810 2324 2862 2368 et
2900 2312 2995 2366 sub
3043 2311 3265 2365 alterius
3310 2328 3411 2380 pa-

1816 2415 2023 2473 testate,
2047 2406 2228 2461 hocest
2242 2408 2497 2478 principis
2522 2406 2708 2462 swculi
2732 2407 2910 2477 hujus.
2937 2405 3197 2459 Debemus
3220 2405 3408 2476 igitur,

1770 2512 1775 2517 ’
1814 2498 1952 2551 sicut
1981 2513 2191 2568 peregre
2230 2500 2603 2561 consistentes,
2649 2497 2785 2550 nihil
2829 2496 3062 2565 amplius
3098 2509 3411 2563 comparare

1816 2591 1989 2659 nobis,
2023 2608 2183 2662 quam
2210 2592 2284 2647 sit
2322 2592 2682 2645 necessarium
2720 2599 2771 2643 et
2801 2590 3096 2659 sufﬁciens.
3132 2588 3236 2653 Qui
3267 2587 3409 2640 enim

1817 2696 2002 2738 amant
2037 2683 2329 2739 Dominum
2372 2702 2565 2749 suum,
2611 2694 2661 2739 et
2714 2682 2904 2736 habent
2953 2697 3072 2736 eum
3119 2694 3324 2748 semper
3353 2679 3411 2731 in

94 2784 323 2839 ἑαυτῶν
350 2783 555 2856 Κύριον
577 2823 594 2849 ,
629 2784 726 2839 καὶ
758 2784 979 2855 ἔχοντες
1004 2783 1167 2837 αὐτὸν
1200 2782 1289 2835 ἀεὶ
1310 2784 1367 2835 ὲν
1394 2784 1461 2852 τῇ
1498 2780 1684 2835 ὲαυτῶι

1839 2777 2069 2831 :ordibus
2104 2778 2239 2843 suis,
2275 2778 2331 2830 in
2365 2777 2635 2831 mandatis
2665 2776 2779 2845 ejus
2814 2774 3089 2838 incedent,
3122 2782 3172 2826 et
3205 2773 3261 2827 in
3287 2786 3410 2840 pro-

94 2877 328 2952 καρδίᾳ,
361 2878 422 2931 ὲν
451 2879 572 2941 ταῖς
603 2876 846 2940 ἐντολαῖς
872 2875 1038 2931 αὐτοῦ
1063 2874 1444 2947 πορεύσονται,
1471 2874 1567 2927 καὶ
1588 2874 1710 2935 ταῖς

93 2968 470 3039 ἐπαγγελίαις
523 2967 689 3022 αὑτοῦ
745 2969 1100 3033 πιστεύουσι,
1167 2968 1261 3021 καὶ
1325 2964 1706 3039 καραδοκοῦσι.

95 3060 293 3113 Καλὸν
318 3055 411 3113 οὖν
442 3060 589 3113 ἐστιν
614 3059 736 3113 ἀντ)⁵
766 3058 876 3113 τῶν
908 3058 1225 3129 κτισμάτων
1258 3059 1353 3112 καὶ
1386 3057 1708 3129 χρημάτων,

91 3153 211 3204 τῶν
261 3149 506 3222 σήμερον
540 3148 641 3221 μὲν
683 3148 1008 3222 ἡμετέρων,
1059 3148 1249 3220 αύριον
1294 3149 1351 3203 δὲ
1391 3148 1707 3222 ἀλλοτρίων,

94 3242 427 3314 ὠνήσασθαι
477 3241 659 3313 ψυχὰς
702 3240 1047 3313 Θλιόομένας,
1088 3239 1273 3305 καθώς
1320 3259 1407 3306 τις
1447 3240 1706 3295 δύναταιο

95 3338 197 3391 κα)⁵
223 3336 407 3407 χήρας
438 3334 531 3387 καὶ
574 3334 845 3406 ὀρφανοὺς
878 3333 1328 3400 ἐπισκέπτεσθαι,
1368 3333 1565 3406 καὶμὴ
1599 3351 1707 3388 πα-

99 3427 400 3501 ραϐλέπειν
444 3424 679 3489 αὐτούς·
728 3424 992 3488 ὡσαύτως
1038 3425 1135 3479 καὶ
1179 3426 1237 3480 έν
1289 3427 1704 3499 μοναστηρίοις,

97 3522 199 3574 καὶ
247 3518 395 3574 οὕτω
436 3516 617 3582 καλῶς
653 3516 875 3572 διοικεῖν
918 3516 989 3571 τὰ
1025 3517 1149 3571 καθ’
1190 3520 1418 3583 ἑαυτούς
1440 3538 1453 3550 ·
1491 3521 1707 3576 καὶτὸν

96 3612 358 3677 πλοῦτον,
409 3612 469 3665 ὃν
501 3609 653 3681 παρά
699 3608 835 3664 Θεοῦ
869 3609 1172 3682 εἰλήφαμεν
1210 3612 1268 3664 ὲν
1294 3610 1430 3682 τῷδε
1469 3611 1548 3683 τῷ
1578 3612 1703 3685 βίῳ,

96 3706 180 3770 είς
230 3704 432 3768 αὐτοὺς
465 3702 791 3758 ἀναλίσκειν.
841 3703 937 3766 Et;
979 3701 1138 3756 τοῦτο
1162 3701 1271 3775 γὰρ
1298 3703 1394 3756 καὶ
1428 3704 1706 3776 παρέσχεν

96 3799 236 3869 ἡμῖν
261 3796 404 3849 αύτά
434 3795 463 3847 ὁ
486 3794 689 3864 ἀγαθὸς
712 3792 872 3866 ἡμῶν
897 3792 1198 3863 Δεσπότης,
1234 3793 1322 3846 ἵνα
1349 3794 1429 3856 είς
1460 3794 1558 3866 τὴν
1587 3795 1705 3850 δια-

97 3889 290 3944 κονίαν
328 3888 532 3959 ταύτην
563 3883 936 3956 δαπανηθῶσι,
970 3884 1066 3938 κα)⁹
1104 3885 1219 3941 ἀντ’
1248 3885 1430 3939 αὐτῶν
1457 3888 1704 3958 κομισώ-

102 3983 246 4053 μεθα
280 3980 555 4054 θησαυρὸν
600 3978 967 4033 ἀνέκλειπτον.
1005 3977 1148 4031 Πολὺ
1182 3974 1277 4033 οὖν
1318 3979 1525 4050 βέλτιόν
1565 3984 1701 4049 ἐστι,

98 4074 384 4137 τοιούτους
409 4072 634 4142 ἀγροὺς,
669 4069 765 4123 καὶ
787 4070 1043 4141 κτήματα
1067 4067 1178 4140 (64)
1206 4070 1517 4142 ἀγοράζειν,
1545 4074 1704 4130 ἆτινα

1814 2871 1981 2924 missa
2011 2870 2125 2940 ejus
2161 2870 2420 2940 credunt,
2466 2880 2624 2943 atque
2653 2879 2981 2940 exspectant.
3015 2867 3222 2921 Bonum
3246 2867 3411 2937 igitur

1812 2972 1911 3030 est,
1948 2980 2042 3033 pro
2071 2963 2316 3018 domibus
2351 2975 2402 3019 et
2440 2963 2701 3034 pecuniis,
2740 2961 2895 3016 hodie
2923 2960 3139 3032 quidem
3182 2960 3406 3022 nostris,

1813 3073 1934 3111 cras
1958 3072 2078 3111 vero
2109 3057 2326 3125 alienis,
2355 3058 2612 3111 redimere
2635 3056 2846 3109 animas
2876 3053 2941 3108 de
2977 3051 3407 3119 necessitatibus,

1811 3161 1969 3222 prout
2006 3152 2228 3223 quisque
2255 3161 2465 3221 potest;
2492 3161 2542 3205 et
2561 3151 2747 3205 viduas
2778 3165 2842 3203 ac
2871 3150 3135 3218 orphanos
3168 3148 3407 3214 visitare,

1813 3260 1905 3299 nec
1946 3245 2213 3314 despicere
2253 3260 2273 3297 :
2304 3243 2559 3298 similiter
2600 3250 2652 3297 et
2702 3243 2755 3296 in
2818 3241 3180 3305 monasteriis,
3230 3241 3409 3310 sicque

1812 3346 1949 3391 recte
1983 3353 2081 3391 sua
2115 3336 2545 3398 administrare;
2579 3344 2629 3389 et
2665 3334 2912 3397 divitias,
2956 3349 3087 3404 quas
3127 3349 3159 3385 a
3191 3331 3298 3384 Deo
3316 3348 3409 3385 ac-

1812 3428 2047 3497 cepimus
2091 3428 2149 3481 in
2194 3427 2295 3480 hac
2327 3428 2456 3491 vita,
2500 3428 2558 3479 in
2588 3424 2896 3493 hujusmodi
2941 3425 3177 3478 homines
3215 3439 3409 3476 consu-

1810 3535 1971 3574 mere.
2012 3517 2081 3572 1η
2113 3519 2210 3573 hoc
2239 3519 2382 3572 enim
2413 3528 2464 3573 et
2496 3517 2724 3587 pra’buit
2750 3515 2899 3570 nobis
2934 3533 2996 3571 ea
3037 3515 3203 3570 bonus
3229 3524 3408 3569 noster

1809 3611 2097 3679 Dominus,
2137 3622 2195 3666 ut
2229 3612 2285 3666 in
2310 3611 2578 3681 ejusmodi
2603 3611 2908 3667 ministeria
2947 3611 3323 3673 insumantur;
3354 3618 3407 3663 et
3450 3617 3454 3621 '

1807 3722 1905 3776 pro
1933 3707 2001 3761 iis
2026 3716 2351 3776 reponemus
2385 3704 2691 3758 thesaurum
2724 3720 2825 3758 non
2852 3704 3199 3773 deﬁcientem.
3232 3700 3405 3757 Multo

1808 3800 1987 3869 itaque
2029 3796 2218 3852 melius
2261 3806 2362 3863 est,
2401 3796 2532 3850 tales
2568 3797 2721 3851 villas
2752 3806 2802 3851 et
2833 3796 3017 3851 domos
3063 3812 3249 3859 emere,
3283 3811 3405 3865 qua:

1807 3889 2028 3947 stabiles
2074 3900 2198 3945 sunt
2247 3899 2299 3945 et
2346 3890 2614 3944 deducunt
2658 3891 2713 3942 in
2756 3899 2995 3943 nostram
3044 3888 3399 3958 metropolim,

1807 3982 2019 4053 quando
2068 3981 2125 4034 in
2171 3997 2289 4035 eam
2325 3980 2694 4050 migrabimus.
2738 3978 3087 4050 Negligamus
3126 3996 3248 4049 ergo
3289 3979 3403 4049 [seu

1807 4076 2037 4129 nolimus
2078 4072 2311 4146 cupere],
2353 4074 2681 4141 charissimi,
2723 4072 3067 4143 temporalia,
3112 4082 3167 4126 ut
3204 4086 3403 4128 wterxa

98 4168 197 4222 καὶ
242 4164 540 4238 παράμονά
572 4165 699 4229 είσι,
751 4161 847 4215 καὶ
884 4161 1217 4233 προάγουσιν
1262 4164 1344 4225 είς
1393 4164 1494 4236 τὴν
1536 4167 1684 4238 ἡμῶν

1839 4170 2062 4223 ossimus
2091 4167 2360 4237 consequi.

101 4258 458 4334 μητρόπολιν,
509 4257 637 4310 ὅταν
692 4253 1134 4326 ἀποδημήσωμεν
1177 4255 1256 4321 είς
1302 4254 1490 4330 αὑτήν.
1529 4260 2024 4339 Ἀμεριμνήσωμεν
2066 4259 2181 4329 οὖν,
2243 4261 2539 4334 ἀγαπητοὶ,
2574 4259 2685 4314 τῶν
2742 4262 3117 4334 προσκαίρων,
3153 4261 3241 4316 ἵνα
3292 4259 3402 4315 τῶν

96 4357 289 4414 ἁῖδίων
325 4352 696 4425 ὲπιτύχωμεν.

1436 4475 1915 4542 SIMILITUDO
1964 4477 2045 4539 ΙΙ.

682 4602 760 4665 Ut
794 4600 945 4664 vitis
974 4597 1485 4679 ulmo'fulcitur,
1524 4606 1621 4666 sic
1657 4605 1830 4668 dives
1874 4605 2164 4666 oratione
2197 4600 2507 4682 pauperis
2522 4600 2824 4681 juvatur.

1459 4724 1692 4782 CAPUT
1746 4726 2037 4783 UNICUM.

165 4830 310 4886 Cum
341 4826 682 4883 ambularem
705 4823 759 4879 in
793 4836 985 4895 agrum
1014 4827 1070 4875 et
1100 4818 1505 4876 considerarem
1531 4824 1742 4878 ulmum
1779 4834 1833 4880 et
1859 4826 2050 4891 vitem,
2076 4832 2130 4878 et
2148 4821 2449 4892 cogitarem
2486 4817 2600 4889 (65)
2626 4817 2773 4870 intra
2799 4829 2886 4869 me
2911 4814 2979 4870 de
3004 4813 3278 4870 fructibus
3304 4830 3401 4872 ea-

95 4938 219 4977 rum
238 4962 257 4989 ,
285 4920 540 4991 apparuit
566 4919 701 4974 mihi
730 4918 981 4990 angelus,
1012 4924 1067 4972 et
1096 4916 1236 4972 dixit
1259 4917 1395 4971 mihi
1434 4936 1448 4973 :
1477 4917 1620 4985 Quid
1649 4920 1744 4976 diu
1774 4919 1889 4994 (66)
1927 4921 2070 4977 intra
2104 4927 2156 4975 te
2178 4917 2429 4989 cogitas?
2460 4914 2528 4969 Et
2555 4912 2669 4968 dixi
2696 4912 2775 4966 illi
2812 4930 2826 4967 :
2860 4910 2936 4967 De
2961 4911 3066 4968 hac
3092 4912 3205 4969 vite
3233 4924 3286 4970 et
3317 4915 3396 4969 ul-

122 5052 372 5121 “183.1,
394 5051 484 5107 17.

1207 5142 1450 5201 VARUE
1488 5142 1875 5203 LECTIO‘NES
1912 5145 2003 5201 ET
2042 5140 2277 5198 NOTAE.

164 5240 286 5312 (59)
312 5240 397 5312 Al.
428 5242 842 5312 promissionum
866 5241 1003 5311 ejus,
1030 5257 1186 5312 quas.

167 5309 286 5381 (60)
321 5309 507 5367 Carm.
537 5309 678 5367 Vict.
711 5323 765 5368 et
794 5309 989 5368 Lamb.
1032 5309 1356 5381 justiﬁcate,
1402 5312 1688 5381 orphanos.

79 5395 84 5405 '
165 5383 285 5453 (61)
315 5382 500 5453 Qarm.
534 5381 675 5437 Vict.
704 5394 758 5439 et
785 5384 978 5439 Lamb.
1016 5381 1170 5439 deest
1194 5383 1461 5450 operibus.

84 5513 91 5527 ι
165 5451 285 5527 (eg)
320 5451 513 5527 bamb.
547 5455 785 5527 nam._Et
816 5471 966 5521 mox,
1001 5455 1275 5527 civitatem
1304 5465 1473 5527 tuam.

167 5523 285 5594 (65)
337 5522 530 5595 L_amb.
584 5523 911 5590 adulterari,
963 5536 1012 5581 et
1059 5526 1280 5584 alterius
1333 5524 1558 5595 aliquid.
1620 5524 1691 5581 At

96 5593 239 5650 Vict.
268 5593 326 5649 et
354 5593 537 5649 Carm.
573 5595 796 5651 alterius
841 5612 971 5650 rem.

164 5662 481 5738 (64)_Forte
503 5665 798 5738 κτίσματα,
834 5677 894 5721 ut
922 5668 1099 5738 paulo
1142 5671 1397 5738 superius
1439 5667 1681 5738 κτισμά-

94 5734 423 5810 των-.-.ίίιᾳμθ
454 5734 712 5810 insinuat
726 5744 887 5810 vetus
921 5736 1135 5810 Hermae
1174 5734 1465 5810 interpres.

159 5806 278 5881 (65)
315 5804 448 5864 Mss.
485 5806 647 5878 Angl.
677 5807 1031 5878 disputarem.
1058 5809 1125 5866 Et
1142 5826 1271 5883 mox
1300 5804 1468 5878 infra,
1493 5811 1679 5875 dispu-

1803 5254 1887 5296 tas
1924 5251 1977 5296 et
2000 5241 2240 5308 disputo.
2272 5236 2446 5305 Quem
2484 5239 2537 5294 in
2558 5240 2738 5296 locum
2762 5236 2907 5291 Cler.
2939 5256 2952 5292 :
2986 5256 3005 5288 ‹
3043 5236 3392 5295 Ciceroniani

1801 5313 2067 5382 temporis
2101 5319 2204 5372 est,
2232 5310 2429 5379 inquit,
2469 5326 2571 5365 vox
2599 5312 2895 5382 disputare,
2926 5324 3115 5382 proco
3140 5312 3394 5382 quodest

1798 5380 1961 5454 agere
1988 5383 2055 5436 de
2090 5398 2147 5434 re
2161 5382 2427 5454 quapiam
2454 5398 2467 5446 ;
2501 5397 2624 5454 quae
2650 5381 2850 5454 legitur
2868 5380 2921 5432 in
2948 5380 3394 5454 coddaAnglica-

1796 5451 1908 5520 nis,
1945 5462 1999 5507 et
2026 5452 2230 5521 passim
2261 5459 2469 5505 mutata
2503 5461 2584 5507 est
2612 5453 2664 5506 in
2694 5451 2960 5521 cogitare;
2988 5451 3136 5518 quod
3174 5452 3390 5504 exscri—

1798 5533 1984 5647 pltores
2008 5538 2117 5647 agn
2142 5521 2642 5592 intelligerenteam
2664 5538 2855 5577 vocem
2881 5522 2992 5575 alio
3008 5536 3196 5586 sensu,
3222 5536 3388 5589 quam

1798 5612 1825 5647 a
1855 5605 2040 5647 tercan
2083 5611 2121 5647 ι.
2160 5611 2179 5644 ι

1795 5595 2121 5650 altercandi.
2160 5611 2179 5644 ι

1839 5665 1984 5746 ,(66)
2016 5663 2093 5720 lta
2124 5678 2228 5720 ms.
2263 5660 2403 5720 Vict.
2426 5662 2511 5722 Ita
2539 5673 2595 5722 et
2623 5663 2759 5722 edit.
2795 5660 2977 5722 Oxon.
3004 5662 3093 5719 Al.
3128 5663 3389 5721 omittunt

1792 5739 1907 5790 diu.
