3822 6218
445 254 554 310 955
1469 268 1475 273 ’
1908 259 1967 314 S.
2001 257 2266 315 ΠΕΠΜΑΞ
3638 260 3745 314 956

445 385 536 423 mo
557 369 798 439 disputo.
826 371 1046 426 domine
1066 414 1080 437 ,
1111 374 1371 443 quoniam
1416 374 1632 431 fructus
1664 374 1880 429 illarum
1922 375 2108 429 decori
2142 384 2289 429 sunt.
2322 372 2387 429 Et
2415 373 2552 429 dixit
2588 374 2723 429 mihi
2755 395 2767 430 :
2799 373 2891 432 lite
2925 376 3046 433 dua:
3072 378 3299 436 arbores
3328 379 3384 435 lu
3410 380 3743 451 exemplum

442 462 634 529 positae
659 474 787 518 sunt
808 466 979 521 servis
1006 465 1115 521 Dei.
1146 469 1209 525 Et
1235 473 1346 527 dixi
1374 473 1451 528 illi
1478 493 1491 528 :
1516 472 1721 529 Vellem
1750 475 1912 541 seire,
1936 475 2179 541 domine,
2209 475 2401 529 harum
2435 475 2696 529 arborum
2728 476 3039 545 exemplum
3070 477 3216 547 quod
3250 477 3410 536 dicis.
3444 477 3628 542 Audi,
3656 479 3742 533 in-

442 557 563 623 quit
593 574 604 609 :
635 557 799 613 Vides
831 561 971 616 hanc
997 563 1158 617 vitem
1214 574 1270 619 et
1300 566 1441 621 hanc
1472 568 1680 622 ulmum
1711 590 1721 621 :
1755 566 1946 633 Video,
1982 568 2231 636 inquam,
2271 567 2510 621 domine.
2539 565 2665 621 llrec
2705 565 2820 636 (67)
2856 567 3008 631 vitis,
3047 568 3261 639 inquit,
3290 566 3740 636 fumifer-aest;

442 648 626 704 ulmus
655 663 860 718 autem,
886 654 1092 724 Ιὶέιιυω
1119 660 1239 715 sine
1262 662 1440 717 l'ructu
1459 672 1577 729 est;
1609 680 1702 719 sui
1726 664 1851 719 vitis
1871 666 2004 727 haec,
2036 664 2140 717 nisi
2168 663 2423 732 applicita
2456 662 2622 717 fuerit
2639 662 2789 716 ulmo
2813 672 2867 717 et
2885 677 3048 732 super
3074 664 3223 719 illam
3241 666 3741 736 requieverit(68l,

444 759 553 797 non
590 756 770 815 potest
801 751 1030 805 multum
1059 752 1295 810 h-uctum
1330 757 1527 814 facere.
1587 758 1785 815 Iacens
1844 759 1992 812 enim
2054 757 2107 811 in
2162 766 2309 811 terra
2337 798 2352 822 ,
2406 757 2581 811 malos
2618 755 2832 811 l‘ructus
2862 755 2978 823 dat,
3037 756 3167 825 quia
3189 772 3297 811 non
3329 758 3545 828 pendet
3575 774 3743 827 super

444 836 660 936 ulmum
688 856 710 936 ε.
731 849 783 893 et
807 856 906 936 pro
931 858 989 896 se
1014 854 1067 897 et
1094 860 1192 914 pro
1224 847 1372 903 ulmo
1399 848 1637 904 fructum
1671 850 1783 903 dat.
1818 846 1949 901 Vide
1982 862 2135 917 ergo,
2168 848 2314 917 quod
2351 846 2463 916 (69)
2494 846 2676 901 ulmus
2714 844 2957 899 fructum
2986 846 3208 901 datnou
3235 846 3540 915 minorem,
3571 865 3742 918 quam

446 927 593 989 "m5,
620 927 710 980 sed
741 929 919 996 Ρυῑίυε
953 933 1237 1001 majorem.
1271 938 1581 1005 Quomodo,
1638 940 1886 1008 inquam,
1918 938 2162 1004 domine,
2199 939 2465 1008 majorem
2501 954 2669 1008 quam
2721 937 2886 992 vitis?
2940 936 3239 1007 Suspensa,
3292 939 3494 1009 inquit,
3557 941 3633 994 ad
3664 942 3743 994 ul-

445 1038 593 1078 mum
619 1025 754 1096 (70),
785 1026 1022 1084 fructum
1053 1034 1283 1089 multum
1308 1046 1362 1089 et
1385 1037 1589 1091 bonum
1614 1037 1739 1103 dat;
1767 1036 1957 1105 jacens
1991 1044 2171 1090 autem
2208 1035 2263 1089 in
2302 1042 2467 1098 terra,
2494 1035 2752 1104 exiguum
2779 1044 2834 1089 et
2863 1035 3168 1104 pessimum
3198 1033 3443 1092 fructum
3465 1036 3577 1093 dat
3598 1038 3735 1105 (7i).

445 1117 569 1175 llazc
603 1122 766 1191 igitur
788 1126 1088 1183 similitudo
1111 1132 1287 1199 posita
1312 1141 1398 1186 est
1428 1133 1602 1188 servis
1637 1132 1751 1197 Dei,
1785 1131 2011 1201 pauperi
2042 1141 2096 1186 et
2116 1130 2268 1185 diviti
2303 1130 2439 1199 (72).
2472 1128 2771 1199 Respondi,
2797 1129 3050 1200 inquiens
3085 1147 3099 1183 :
3129 1128 3377 1196 Domine,
3404 1132 3737 1188 demonstra

446 1212 600 1265 mihi.
627 1213 791 1282 Audi,
814 1217 989 1289 inquit
1023 1238 1035 1272 :
1070 1222 1227 1281 Dives
1258 1227 1422 1282 habet
1448 1244 1599 1298 opes,
1630 1244 1660 1282 a
1699 1227 1933 1283 Domino
1966 1241 2097 1281 vero
2147 1241 2353 1296 pauper
2382 1235 2465 1280 est
2485 1244 2499 1292 ;
2519 1225 2845 1280 distrahitur
2878 1224 3028 1277 enim
3058 1223 3201 1278 circa
3230 1224 3453 1279 divitias
3478 1242 3625 1281 suas
3647 1269 3663 1291 ,
3691 1241 3742 1282 et

445 1303 599 1358 valde
623 1307 873 1377 exiguam
916 1311 1078 1367 habet
1104 1318 1405 1373 orationem
1439 1320 1506 1373 ad
1535 1318 1859 1381 Dominum;
1884 1327 1939 1373 et
1971 1332 2137 1387 quam
2166 1316 2330 1370 habet
2359 1356 2374 1381 ,
2408 1314 2637 1369 inertem
2663 1313 2847 1377 habet,
2880 1321 2936 1367 et
2967 1326 3078 1366 non
3105 1313 3397 1369 habentem
3429 1316 3734 1370 virtutem.

445 1399 580 1453 Cum
615 1401 779 1471 igitur
810 1404 963 1461 dives
992 1420 1214 1478 praestat
1241 1417 1489 1487 pauperi,
1514 1432 1636 1487 quae
1660 1416 1737 1470 illi
1768 1416 1880 1483 (73)
1917 1430 2056 1485 opus
2092 1423 2242 1476 sunt,
2270 1428 2478 1483 pauper
2526 1421 2648 1467 orat
2675 1412 2743 1466 ad
2787 1410 3081 1465 Dominum
3115 1426 3215 1479 pro
3244 1411 3451 1478 divite,
3484 1425 3547 1469 et
3595 1414 3742 1469 Deus

447 1501 666 1559 praestat
703 1496 856 1550 diviti
889 1500 1071 1553 omnia
1108 1501 1249 1559 bona
1280 1524 1294 1572 ;
1331 1508 1461 1578 quia
1488 1523 1695 1578 pauper
1717 1506 1873 1560 dives
1896 1514 1979 1559 est
2004 1505 2057 1558 in
2092 1503 2342 1558 oratione
2362 1544 2376 1565 ,
2406 1510 2460 1555 et
2491 1501 2747 1556 virtutem
2774 1516 3027 1569 magnam
3062 1506 3225 1561 habet
3253 1509 3397 1579 apud
3430 1509 3741 1566 Dominum

445 1596 623 1647 oratio
651 1594 792 1664 ejus.
820 1595 975 1653 Tunc
998 1615 1128 1669 ergo
1152 1600 1303 1656 dives
1337 1610 1558 1671 prazstat
1584 1599 1768 1654 omnia
1795 1612 2020 1667 pauperi
2047 1637 2061 1661 ,
2093 1596 2221 1665 quia
2258 1593 2423 1649 sentit
2455 1594 2612 1647 illum
2647 1592 2897 1647 exaudiri
2924 1608 2953 1647 a
2989 1595 3222 1655 Domino
3246 1620 3259 1664 ;
3280 1611 3334 1656 et
3358 1604 3643 1660 libentius
3682 1622 3742 1659 ac

446 1687 567 1740 sine
609 1687 950 1745 dubitatione
973 1703 1197 1763 praestat
1223 1696 1271 1749 ei
1307 1694 1513 1761 omnia,
1545 1704 1599 1749 et
1626 1702 1782 1749 curat
1812 1709 1861 1746 ιι.
1903 1692 2034 1762 quid
2066 1691 2117 1745 ei
2161 1691 2319 1745 desit.
2349 1689 2563 1759 Pauper
2585 1688 2696 1744 Deo
2721 1689 2925 1759 gratias
2955 1689 3068 1759 agit
3096 1706 3195 1759 pro
3221 1691 3409 1756 divite,
3434 1695 3572 1763 quia
3600 1710 3742 1765 Opus

447 1781 656 1839 faciunt
682 1802 712 1841 a
746 1786 997 1844 Domino.
1029 1790 1186 1861 Apud
1220 1788 1469 1843 homines
1493 1802 1625 1857 ergo
1656 1788 1838 1843 ulmus
1868 1802 1975 1842 non
2009 1796 2231 1858 putatur
2262 1788 2401 1842 dare
2441 1786 2681 1840 fructum
2708 1785 2852 1855 (74);
2879 1796 2934 1839 et
2965 1787 3252 1850 nesciunt,
3304 1804 3489 1857 neque
3527 1789 3743 1843 intelli-

447 1890 602 1950 gunt,
627 1885 773 1953 quod
810 1886 855 1941 si
883 1887 1121 1942 societas
1166 1886 1447 1941 advenerit
1478 1884 1593 1955 (75)
1628 1885 1721 1938 viti
1747 1903 1761 1951 ;
1805 1892 1859 1939 et
1890 1884 2017 1939 vitis
2046 1884 2273 1955 duplum
2299 1883 2393 1937 dat
2422 1881 2662 1936 fructum
2696 1879 2831 1949 (76),
2863 1888 2917 1934 et
2942 1894 3041 1949 pro
3089 1894 3149 1934 se
3201 1890 3255 1934 et
3290 1894 3388 1949 pro
3416 1881 3601 1935 ulmo.
3649 1882 3741 1935 Sic

446 1986 502 2031 et
527 1994 792 2049 pauperes
823 1998 921 2051 pro
952 1982 1312 2052 locupletibus
1346 1980 1460 2049 (77)
1491 1989 1713 2034 orantes
1740 1980 1806 2033 ad
1839 1979 2133 2034 Dominum
2161 2022 2177 2048 ,
2206 1979 2611 2045 exaudiuutur;
2661 1988 2715 2033 et
2748 1985 3018 2046 augentur
3059 1992 3190 2047 Opes
3220 1992 3438 2043 eorum,
3466 1980 3737 2048 quoniam

448 2087 484 2141 ν
516 2083 713 2128 astant
757 2078 1091 2146 pauperibus
1137 2092 1205 2132 ex
1247 2076 1445 2146 opibus
1493 2075 1630 2130 suis.
1664 2074 1805 2129 Sunt
1827 2075 1995 2146 igitur
2035 2077 2202 2129 ambo
2222 2083 2509 2133 consortes
2540 2074 2813 2131 bonorum
2846 2083 3076 2142 Operum
3109 2083 3360 2122 suorum.
3394 2068 3739 2139 Quicunque

448 2163 584 2234 igitu
654 2166 769 2223 haec
804 2168 1012 2235 fecerit,
1053 2187 1161 2226 non
1191 2172 1475 2228 deseretur
1498 2187 1529 2226 a
1563 2170 1819 2238 Domino,
1854 2187 1918 2225 ac
1943 2171 2048 2225 erit
2079 2172 2318 2239 scriptus
2357 2170 2411 2223 in
2452 2170 2593 2224 libro
2631 2171 2773 2223 vitae.
2804 2168 3012 2222 Felices
3058 2163 3225 2234 igitur
3260 2163 3357 2236 qui
3396 2165 3695 2233 possident
3722 2208 3735 2226 .

447 2266 503 2313 et
535 2260 779 2316 sentiunt
804 2277 864 2317 se
892 2262 1257 2334 locupletari;
1285 2265 1379 2335 qui
1412 2265 1516 2319 hoc
1552 2264 1699 2318 enim
1728 2262 1986 2330 senserit,
2016 2262 2217 2332 poterit
2248 2261 2455 2331 aliquid
2488 2260 2900 2315 administrare.

1766 2379 2242 2442 SIMILITUDO
2303 2378 2414 2440 Ill.

451 2478 531 2542 Ut
581 2479 778 2542 hieme
823 2480 1060 2545 virides
1116 2484 1372 2547 arbores
1429 2485 1505 2547 ab
1548 2483 1782 2553 aridis,
1847 2484 1939 2544 sic
1995 2484 2065 2543 in
2114 2483 2231 2544 hoc
2290 2480 2515 2542 saeculo
2560 2480 2728 2559 justi
2786 2478 2861 2539 ab
2896 2478 3156 2561 injustis
3212 2476 3575 2538 internosci
3610 2494 3737 2535 non

1915 2572 2211 2644 possunt.

678 2730 681 2735 -
1801 2680 2037 2739 CAPUT
2087 2678 2371 2736 UNICUM.

520 2774 773 2831 Ostendit
826 2776 961 2831 mihi
994 2777 1222 2834 arbores
1252 2780 1455 2835 multas
1505 2779 1735 2850 ahjectis
1789 2777 1935 2833 foliis
1963 2819 1977 2843 ,
2002 2792 2124 2847 quae
2163 2776 2296 2829 mihi
2328 2774 2476 2829 velut
2502 2773 2673 2828 aridae
2702 2772 3032 2828 videbantur
3061 2788 3076 2837 ;
3113 2781 3309 2825 omnes
3338 2763 3493 2820 enim
3523 2760 3739 2817 similes

447 2874 625 2919 eram.
653 2865 720 2921 Et
741 2867 881 2921 dixit
917 2867 1052 2921 mihi
1088 2886 1102 2921 :
1146 2866 1308 2925 Vides
1331 2870 1558 2926 arbores
1591 2871 1690 2924 has
1712 2871 1735 2923 ?
1761 2868 1949 2934 Video,
1985 2868 2231 2937 inquam,
2260 2866 2504 2929 domine,
2536 2865 2745 2920 similes
2774 2865 2964 2920 aridis.
2992 2858 3353 2929 Respondens
3384 2854 3527 2911 dixit
3557 2854 3694 2906 mihi
3718 2871 3731 2905 :

451 2962 546 3013 h'ae
580 2960 694 3031 ('78)
720 2962 947 3017 arbores
976 2962 1031 3016 in
1086 2962 1501 3017 similitudinem
1560 2970 1691 3016 sunt
1723 2960 1836 3030 (79)
1892 2960 2202 3023 hominum,
2254 2957 2349 3027 qui
2411 2957 2466 3011 in
2523 2956 2725 3011 szeculo
2755 2964 3062 3010 morantur.
3087 2947 3389 3018 Respondi,
3424 2944 3689 3013 inquiens
3719 2962 3732 2996 :

451 3048 682 3106 Domine
709 3092 727 3121 ,
757 3068 855 3107 cur
880 3052 1028 3107 velut
1054 3052 1223 3108 aridis
1249 3054 1457 3108 similes
1484 3053 1657 3107 sunt?
1686 3051 1985 3118 Quoniam,
2021 3049 2219 3119 inquit,
2250 3063 2350 3103 nec
2378 3047 2510 3117 justi
2540 3061 2640 3101 nec
2672 3044 2863 3113 injusti
2906 3044 3338 3111 cognoscuntur,
3390 3032 3489 3087 sed
3522 3031 3736 3087 similes

449 3150 666 3203 suntin
714 3150 819 3204 hoc
847 3149 960 3221 (80)
994 3150 1213 3206 saeculo.
1260 3150 1373 3221 (8|)
1415 3148 1529 3204 Hoc
1548 3151 1694 3205 enim
1745 3148 2003 3205 saaculum
2035 3149 2200 3219 justis
2241 3146 2416 3201 hiems
2437 3154 2551 3211 est;
2586 3143 2679 3213 qui
2703 3142 2816 3213 (82)
2846 3156 2955 3195 non
3006 3145 3402 3221 agnoscuntur,
3438 3148 3569 3189 cum
3612 3146 3738 3200 peo—

446 3242 729 3297 oatoribus
760 3242 1085 3299 habitantes.
1107 3243 1261 3298 Sicut
1284 3243 1336 3295 in
1363 3243 1539 3296 hieme
1561 3256 1752 3295 omnes
1780 3241 2025 3303 arbores,
2053 3238 2281 3307 abjectis
2314 3235 2483 3303 foliis,
2515 3234 2686 3289 aridis
2718 3232 2923 3288 similes
2939 3238 3089 3293 sunt,
3116 3244 3215 3283 nec
3251 3233 3435 3298 potest
3473 3224 3734 3295 cognosci

448 3348 574 3403 qua:
601 3344 731 3388 sunt
752 3334 955 3403 aridaa,
988 3343 1084 3389 aut
1116 3349 1239 3405 qum
1267 3332 1469 3391 virides
1501 3350 1513 3385 :
1556 3332 1635 3387 sic
1664 3340 1721 3386 et
1749 3331 1805 3385 in
1831 3330 1936 3384 hoc
1963 3328 2185 3395 saeculo,
2218 3341 2319 3381 nec
2358 3324 2495 3395 justi
2525 3338 2626 3379 nec
2660 3321 2850 3392 injusti
2888 3327 3331 3392 cognoscuntur;
3381 3317 3482 3373 sed
3526 3316 3739 3373 similes

450 3434 582 3481 sunt
610 3440 823 3483 omnes.

1732 3520 2209 3585 SIMlLlTUDO
2260 3520 2371 3581 Ν.

456 3625 536 3688 Ut
561 3633 772 3687 astate
799 3626 1022 3690 vivida:
1053 3628 1313 3690 arbores
1344 3627 1419 3688 ab
1462 3626 1690 3699 aridis,
1720 3626 1954 3705 fructu,
1995 3633 2053 3683 et
2081 3622 2442 3705 virentibus
2458 3620 2656 3705 foliis
2676 3619 3205 3705 internascuntur
3232 3634 3258 3679 :
3283 3616 3381 3679 sic
3410 3616 3485 3677 in
3510 3619 3737 3697 {utare

1294 3708 1524 3769 swculo
1550 3698 1827 3788 justi'ab
1862 3704 2122 3783 injustis
2157 3698 2551 3762 beatitudine
2589 3698 2911 3778 cii/ferent.

1800 3824 2032 3883 CAPUT
2085 3817 2373 3881 UNICUM.

524 3928 778 3986 Ostendit
811 3931 944 3986 mihi
975 3931 1171 3986 iterum
1203 3947 1429 3987 arbores
1459 3932 1680 3996 multas,
1707 3945 1940 4000 quarum
1973 3929 2094 3983 aliae
2119 3925 2343 3983 frondes
2371 3926 2695 3981 emittebant
2723 3964 2740 3989 ,
2773 3925 2893 3980 aliae
2918 3920 3086 3979 arida:
3103 3925 3279 3973 erant.
3304 3914 3375 3969 Et
3395 3913 3539 3968 dixit
3563 3912 3698 3966 mihi
3724 3932 3735 3965 :

454 4023 692 4082 Videsne
716 4028 814 4083 has
844 4028 957 4100 (85)
999 4024 1270 4082 arbores?
1300 4020 1580 4092 Respondi
1614 4039 1625 4075 :
1662 4018 1852 4084 Video,
1887 4017 2138 4082 Domine,
2167 4016 2304 4070 alias
2343 4015 2549 4081 aridas,
2575 4022 2631 4069 et
2661 4015 2800 4069 alias
2844 4013 3165 4067 frondentes
3191 4005 3329 4078 (84).
3358 4002 3458 4059 Hae
3483 4002 3738 4070 arbores,

454 4115 654 4186 inquit,
688 4134 810 4186 qua:
832 4098 1033 4172 virides
1067 4124 1217 4181 sunt,
1253 4113 1389 4184 justi
1418 4120 1547 4167 sunt
1574 4110 1668 4181 qui
1702 4108 2006 4165 habitaturi
2036 4116 2166 4162 sunt
2193 4107 2246 4160 in
2276 4105 2465 4161 futuro
2495 4107 2696 4162 sacculo
2725 4106 2863 4175 (85).
2895 4104 3031 4159 Illud
3066 4102 3215 4157 enim
3259 4098 3515 4154 futurum
3565 4112 3738 4153 saecu-

455 4203 571 4258 lum
604 4215 766 4261 aestas
794 4216 878 4261 est
904 4207 1069 4275 justis
1098 4226 1111 4271 ;
1143 4208 1530 4276 peccatoribus
1560 4215 1741 4259 autem
1765 4204 1961 4258 hiems.
1993 4200 2129 4253 Cum
2153 4214 2284 4268 ergo
2316 4198 2560 4253 illuxerit
2599 4196 2983 4252 misericordia
3024 4192 3279 4258 Domini,
3310 4199 3447 4244 tunc
3478 4190 3727 4243 deelam-

456 4294 660 4351 buntur
686 4296 778 4365 qui
806 4299 1055 4351 serviunt
1081 4298 1216 4366 Deo,
1244 4307 1298 4353 et
1326 4298 1585 4353 omnibus
1610 4295 1724 4367 (86)
1780 4292 2058 4365 perspicui
2100 4298 2282 4345 erunt.
2331 4289 2490 4345 Sicut
2534 4289 2684 4343 enim
2716 4289 2770 4343 in
2809 4295 2999 4343 aestate
3034 4286 3246 4340 fructus
3280 4281 3508 4337 arboris
3541 4282 3729 4349 cujus-

457 4402 679 4459 cunque
708 4389 1041 4457 declaratur,
1068 4398 1121 4446 et
1146 4401 1295 4461 patet
1322 4391 1436 4462 (87)
1468 4410 1481 4446 :
1522 4391 1604 4447 sic
1632 4398 1687 4444 et
1720 4389 1998 4458 justorum
2052 4383 2258 4439 factum
2313 4384 2706 4450 declarabitur,
2757 4392 2812 4440 et
2857 4382 3103 4454 patebit;
3149 4391 3204 4437 et
3234 4394 3433 4434 omnes
3457 4378 3669 4432 hilares
3691 4389 3737 4431 et

1551 4507 1786 4566 VARIE
1828 4502 2211 4559 LECTIONES
2246 4503 2334 4556 ET
2378 4502 2607 4559 NOTAE.

531 4610 645 4679 (67)
685 4607 898 4663 Laudat
928 4609 1077 4662 hunc
1097 4606 1280 4679 lorum
1317 4602 1585 4679 Origenes
1620 4599 1814 4679 hom/il;
1846 4596 1933 4661 10,
1982 4596 2036 4647 in
2366 4592 2558 4679 bamb.
2585 4590 3049 4679 locupletantibus.

456 4662 705 4738 losualm.
734 4681 865 4732 edit.
893 4680 1100 4732 noviss.
1142 4676 1246 4728 BB.
1278 4662 1530 4734 tornflll,
1562 4687 1686 4740 pag.
1714 4669 1838 4721 4‘25.
1859 4736 1897 4740 _
1936 4736 1966 4740 __
2368 4663 2560 4740 luam)».
2595 4664 2760 4740 addit
2784 4662 2974 4740 arida.

1144 4727 1303 4817 super
1347 4727 2037 4817 illamrefrigeret.“Folius
2361 4733 2447 4817 _l_ta
2493 4732 2684 4817 Lamb.
2727 4733 2820 4817 ἠέ)
2869 4743 2922 4786 et
2962 4731 3169 4787 Fellus.
3223 4727 3311 4785 Μ.
3370 4737 3593 4783 ιον-νυνι.

457 4803 904 4893 νιιὺ)‹)ἐιιρθι·ἱυε
923 4803 1141 4873 Exhibet
1165 4803 1454 4887 applicata,
1485 4803 1738 4882 rejieieus
1767 4810 2039 4864 editorum
2359 4803 2487 4893 ξιξ..
2508 4804 2688 4893 Angli.
2719 4804 2862 4893 huic.

460 4870 901 4960 Epiri-iiii"?
1200 4870 1244 4887 ”
1441 4870 1452 4879 ’
1541 4870 1559 4882 ’
2149 4873 2331 4960 Πῶς)
2370 4874 2582 4927 Laudat
2610 4870 2754 4960 hanc
2788 4874 3201 4960 similitudinem
3247 4870 3528 4960 origeuegs.
3580 4883 3727 4960 traej.

550 4942 647 5032 69)
678 4942 815 5032 Μέθη
838 4959 997 5031 Angl.
1023 4960 1170 5030 quia,
1194 4971 1266 5019 et,
1363 5027 1375 5032 _
1446 5025 1493 5032 η
1555 5024 1566 5032 _
1684 5022 1694 5032 ί
2149 4944 2238 4999 50.
2274 4942 2567 5032 (gemment.
2602 4945 2656 4998 in
2680 4944 2875 5000 Matth.
2904 4945 3168 5011 xxrv,32,
3194 4942 3406 4997 noviss.
3430 4943 3597 5007 edit.,
3622 4942 3726 5004 t.ll,

551 5015 643 5097 70),
676 5030 750 5084 Ita
778 5015 960 5086 Fellus
987 5015 1053 5085 ex
1079 5015 1401 5097 ms'SZVAngl.
1434 5025 1516 5079 Al.
1548 5024 1605 5077 in
1640 5022 1801 5075 ulmo.
1857 5092 1869 5097 _
2146 5015 2428 5097 P334}??-

532 5082 645 5170 (71)
674 5082 1366 5170 hiis—fljamb.‘haeciomittii
1400 5116 1412 5150 :
1431 5097 1615 5170 jacens
1645 5104 1819 5147 autem
1851 5092 1903 5144 in
1926 5101 2031 5145 ter-
2146 5082 2161 5085 ⁷
2217 5086 2330 5167 (82)
2367 5085 2497 5139 Mss.
2531 5082 2669 5141 Vict.
2696 5100 2750 5140 et
2781 5085 2967 5142 Carm.
3003 5086 3151 5155 quia.
3181 5084 3317 5140 Felli
3349 5084 3533 5141 editio
3561 5085 3725 5140 Oxon.

462 5166 548 5240 ra,
589 5166 837 5241 exiguum
865 5187 891 5224 e
941 5172 1225 5241 pessimum
1256 5169 1499 5241 [ructant
1525 5166 1640 5218 dat.
1978 5232 2010 5241 η
2145 5166 2417 5241 (laetitiam.

533 5226 648 5311 (72)
678 5226 814 5297 Mss.
857 5226 1016 5311 An'gl.
1049 5243 1105 5294 in
1131 5226 1304 5293 servos
1332 5239 1445 5301 Dei,
1484 5238 1538 5311 in
1559 5250 1847 5311 pauper-ent
1874 5242 1924 5286 et
1954 5232 2039 5285 αἱ·
2362 5226 2558 5311 ξίεηιῑὶ.
2602 5229 2755 5311 deest
2788 5229 2906 5311 hals.

460 5296 643 5367 vitem:
672 5296 823 5368 Hanc
879 5296 1167 5367 lecutionem
1216 5296 1465 5380 sequitur
1500 5296 1712 5375 Fellus,
1761 5305 2036 5375 vulgatam
2362 5296 2493 5380 Mss.
2519 5297 3058 5380 angl.lf'rourlescere.

463 5399 747 5445 respuens.
806 5367 809 5368 ν
1294 5367 1309 5380 ’
1700 5367 1710 5375 ’
1857 5367 1884 5375 ⁷
2369 5368 2575 5445 _Lamb.
2614 5368 2853 5445 habituri
2889 5380 3012 5445 sunt
3039 5372 3280 5445 futurum
3308 5367 3599 5422 saxulum.

532 5435 817 5520 (75llllss.
861 5454 1020 5522 Angl.
1054 5453 1207 5507 deest
1232 5452 1335 5505 illi.
2221 5435 2333 5561 (86)
2369 5438 2445 5492 lla
2482 5454 2613 5494 mss.
2651 5440 2809 5509 Angl.
2855 5451 2912 5495 et
2959 5435 3144 5495 Carm.
3184 5441 3261 5495 lla
3306 5453 3537 5508 quoque
3578 5435 3720 5493 editio

533 5526 645 5561 Im
690 5524 795 5561 Mea
854 5525 980 5561 Annl
1035 5525 1232 5561 [νηριη.
1259 5523 1388 5561 ιιιηιρ
2153 5509 2225 5561 Fc
2252 5510 2285 5561 Ι.
2328 5507 2503 5561 Oxon.
2535 5511 2619 5561 Al.
2649 5527 2845 5561 omnes.

533 5507 645 5593 (74)
690 5507 817 5577 lllss.
848 5507 1003 5589 Angcl.
1033 5525 1233 5590 fructus
1259 5523 1406 5575 dare.
1581 5590 1603 5593 _
1722 5592 1731 5593 ί
1856 5591 1866 5593 μ
1941 5591 1949 5593 _

1336 5538 1406 5575 re.
2153 5507 2285 5593 μῖξις.
2328 5507 2503 5593 Oxon.
2649 5507 2844 5593 milites.

533 5578 642 5662 (‘75,
687 5593 844 5650 Bodl.
872 5578 1087 5649 sierilb;
1116 5609 1217 5647 non
1262 5594 1551 5648 adiuerit.
1581 5590 1773 5647 Lamb.
1822 5591 2037 5647 siccitas
2219 5582 2344 5650 \S‘i)
2374 5578 2503 5633 Mss.
2530 5580 2997 5662 CarnuetALamh.
3025 5591 3195 5650 paret.
3226 5580 3289 5635 Et
3308 5596 3460 5647 mox,
3479 5581 3717 5650 parebunt

488 5652 650 5721 venit.
2159 5668 2335 5707 attines
2369 5666 2466 5721 pro
2496 5652 2731 5721 pat..it;
2758 5660 2807 5707 et
2846 5668 3047 5707 omnes.

540 5735 649 5808 (76]
686 5732 882 5795 Lamb.
916 5734 1156 5794 abundat
1179 5734 1379 5804 fructu.
