3822 6218
92 264 201 318 957
1213 260 1506 317 PASTOR.
1548 293 1616 301 —
1651 260 1780 317 LIB.
1821 260 1909 326 111,
1948 260 2150 317 SIMIL.
2194 260 2260 315 Υ.
3268 258 3370 313 958

90 376 402 444 gaudentes
440 377 494 432 in
526 376 620 433 illo
659 376 859 434 saeculo
888 380 1262 437 restituentur.
1296 382 1433 438 Nam
1462 391 1673 439 eceterae
1703 383 1818 453 (88)
1851 390 2060 454 gentes,
2084 390 2402 452 peceatores
2426 378 2635 436 scilicet
2658 377 2795 449 (89),
2827 377 2971 433 sicut
2992 377 3216 432 arbores
3232 392 3372 448 quas

92 469 285 522 vidisti
322 467 529 533 aridas,
556 470 691 525 tales
719 470 1064 533 invenientur
1094 480 1232 535 aridi
1269 490 1323 536 et
1347 482 1470 536 sine
1511 479 1688 536 fructu
1719 481 1774 533 in
1816 480 1909 533 illo
1929 478 2132 534 saeculo
2159 496 2173 544 ;
2206 485 2261 531 et
2282 478 2427 532 sicut
2455 474 2610 531 arida
2642 473 2814 544 ligna,
2843 472 3241 529 comburentur
3276 491 3291 527 :
3318 481 3374 527 et

89 558 282 628 palam
312 560 400 616 fiet
424 560 561 633 (90),
588 564 846 633 quoniam
877 572 1019 625 male
1044 570 1294 626 fecerunt
1316 573 1372 627 in
1397 573 1547 627 omni
1579 581 1823 643 tempore
1854 572 1979 625 vitaz
2001 586 2146 637 suae;
2177 579 2233 624 ct
2263 568 2657 624 comburentur
2688 570 2832 635 ideo,
2858 569 2987 640 quia
3012 577 3373 639 peccaverunt

90 669 149 711 et
176 670 529 728 peccatorum
559 678 785 719 suorum
808 681 917 721 non
942 678 1171 738 egerunt
1204 670 1582 739 pmnitenliam
1616 669 1683 723 ⁸⁵.
1723 667 1831 723 Sed
1862 678 1916 723 ct
1941 676 2153 724 caetera:
2186 674 2375 738 gentes
2406 666 2823 731 comburentur,
2860 665 2991 735 quia
3019 680 3126 718 non
3177 679 3356 734 agno-

91 760 301 827 verunt
332 751 504 808 Deum
526 764 827 811 creatorem
853 772 1036 811 suum.
1073 755 1157 811 Tu
1185 773 1315 827 ergo
1351 757 1437 813 fac
1471 758 1711 813 fructum
1748 758 1976 824 bonum,
2012 767 2073 813 ut
2102 759 2156 813 in
2180 766 2368 812 aestate
2390 756 2505 828 (91)
2543 769 2913 827 cognoscatur
2944 755 3163 811 fructus
3191 764 3320 810 tuus
3349 772 3367 822 ;

92 854 150 901 et
176 846 396 902 abstine
421 856 473 902 te
496 863 527 903 a
553 849 742 904 multis
776 848 1029 918 negotiis,
1063 860 1117 904 et
1151 849 1286 904 nihil
1312 850 1618 920 delinques.
1648 850 1973 918 Quicunque
1994 851 2141 905 enim
2167 850 2337 903 multa
2356 848 2571 917 negotia
2604 855 2794 917 agunt,
2814 848 2983 901 multa
3012 848 3370 917 delinquunt;

95 939 230 1007 quia
259 940 545 995 constricti
581 949 710 996 sunt
734 942 879 998 circa
913 944 1139 1013 negotia
1164 961 1287 1011 sua,
1329 955 1384 1001 et
1418 962 1530 1001 non
1568 947 1817 1001 serviunt
1852 948 1982 1002 Deo.
2019 944 2158 1001 Nam
2182 946 2463 1017 quomodo
2513 952 2692 1015 potest
2726 945 2892 999 homo
2927 944 3022 1014 qui
3058 958 3170 998 non
3206 944 3377 999 servit

97 1034 238 1102 Deo,
264 1037 472 1108 aliquid
505 1046 689 1109 petere
718 1048 772 1095 et
803 1041 1050 1111 accipere
1084 1058 1115 1096 a
1143 1041 1299 1097 Deo?
1331 1041 1435 1109 Qui
1465 1044 1613 1098 enim
1649 1044 1896 1098 serviunt
1921 1042 2033 1097 Deo
2063 1083 2078 1107 ,
2106 1051 2299 1113 petunt
2330 1050 2385 1096 et
2418 1041 2696 1109 accipiunt
2741 1057 2841 1097 sua
2880 1040 3175 1096 desideria.
3213 1040 3374 1107 Quod

98 1124 148 1178 si
193 1141 370 1181 unum
403 1130 679 1197 negotium
717 1140 914 1191 tractat
944 1138 1164 1207 aliquis,
1202 1142 1405 1210 poterit
1435 1141 1640 1196 servire
1674 1140 1822 1207 Deo;
1852 1141 2116 1205 quoniam
2153 1154 2265 1193 non
2299 1138 2569 1192 alienatur
2601 1137 2819 1192 animus
2855 1138 2976 1207 ejus
3020 1154 3052 1192 a
3089 1137 3324 1191 Domino
3348 1176 3364 1201 ,

100 1224 200 1281 sed
237 1239 374 1293 pura
409 1239 589 1281 mente
619 1229 786 1284 servit
818 1230 951 1288 Deo.
988 1233 1103 1291 Hoc
1134 1252 1266 1308 ergo
1299 1237 1345 1294 si
1375 1237 1590 1304 feceris,
1626 1238 1832 1308 poteris
1868 1237 1924 1291 in
1948 1245 2181 1293 venturo
2214 1234 2416 1290 saeculo
2442 1233 2644 1288 habere
2666 1232 2943 1300 fructum;
2968 1235 3064 1291 sed
3101 1243 3153 1289 et
3182 1249 3374 1290 omnes

98 1316 200 1387 qui
235 1316 468 1373 fecerint
490 1318 628 1387 haec,
663 1320 904 1378 fructum
942 1322 1138 1380 ferent.

1442 1422 1923 1484 SlMlLlTUDO
1962 1422 2040 1483 V.

631 1533 723 1594 De
748 1552 896 1595 vero
915 1536 1194 1617 jejunio,
1229 1548 1287 1601 et
1319 1542 1451 1623 ejus
1475 1543 1790 1614 mercede;
1822 1554 1956 1605 tum
1994 1553 2052 1607 et
2084 1544 2158 1608 de
2192 1547 2488 1626 corporis
2518 1549 2859 1611 munditia.

1465 1670 1695 1725 CAPUT
1728 1671 2026 1728 PRIMUM.

138 1843 151 1853 .
177 1745 324 1853 tium
353 1746 665 1853 jejunarem
688 1760 743 1807 et
767 1753 1013 1812 sederem
1044 1761 1101 1815 in
1136 1774 1323 1819 monte
1349 1765 1612 1836 quodam,
1645 1778 1700 1824 et
1729 1772 1933 1841 gratias
1954 1786 2173 1841 agerem
2208 1771 2321 1827 Deo
2352 1786 2452 1843 pro
2473 1772 2729 1827 omnibus
2759 1786 2882 1842 quae
2905 1768 3111 1824 fecerat
3130 1777 3381 1827 mecum;

97 1843 279 1945 videt:
303 1848 765 1945 pastoremillum
801 1850 1078 1945 sedentem
1109 1853 1267 1923 juxta
1293 1872 1401 1923 me,
1428 1874 1493 1913 ac
1525 1859 1639 1929 (92)
1667 1861 1939 1917 dicentem
1980 1863 2114 1918 mihi
2156 1883 2169 1919 :
2205 1863 2347 1931 Quid
2379 1873 2489 1919 tam
2520 1879 2681 1920 mane
2712 1863 2820 1917 huc
2855 1860 3093 1916 venisti?
3130 1856 3383 1925 Respon-

192 1933 531 2037 =.Q.Ut_)||i§m.
565 1937 815 2037 flamine,
852 1943 1146 2037 stationem
1181 1945 1377 2003 habeo.
1404 1948 1550 2015 Quid
1570 1960 1674 2017 est,
1708 1953 1906 2022 inquit,
1934 1956 2142 2011 statio?
2172 1954 2240 2010 Et
2270 1957 2383 2012 dixi
2421 1975 2434 2011 :
2471 1956 2769 2025 Jejunium.
2809 1954 2876 2007 Et
2908 1952 3045 2007 dixit
3073 1971 3086 2005 :
3119 1949 3261 2016 Quid
3301 1956 3386 2002 est

102 2025 242 2131 illud
275 2025 587 2131 jejunium?
626 2028 779 2131 Sicut
813 2036 1078 2131 solebam,
1116 2043 1366 2113 inquam,
1403 2046 1486 2102 sic
1516 2047 1730 2117 jejuno.
1757 2048 2016 2118 Nescitis,
2065 2052 2286 2121 inquit,
2313 2052 2425 2107 Deo
2455 2053 2709 2123 jejunare
2736 2066 2751 2114 ;
2781 2063 2960 2117 neque
2998 2056 3083 2100 est
3106 2043 3382 2114 jejunium

102 2119 217 2173 hoc
264 2119 431 2223 quod.
463 2119 762 2223 jejunatis}
814 2124 927 2183 Deo
962 2132 1100 2187 nihil
1132 2135 1502 2205 proficientes.
1540 2142 1742 2206 Quare,
1780 2141 2027 2212 inquam,
2055 2119 2311 2208 domine,
2342 2144 2415 2198 ita
2445 2119 2629 2197 dicis?
2660 2139 2794 2193 Dico
2820 2147 2969 2192 certe
2992 2177 3006 2200 ,
3039 2134 3239 2204 inquit,
3276 2146 3386 2185 non

100 2224 235 2263 esse
264 2210 382 2280 (95)
413 2210 684 2280 lejmlium
722 2214 846 2282 hoc,
871 2224 1017 2290 quod
1046 2228 1251 2294 putatis
1284 2244 1384 2284 vos
1405 2230 1692 2301 jejunare;
1743 2234 1839 2289 sed
1858 2210 1974 2305 ego
2020 2244 2075 2289 te
2105 2235 2319 2290 docebo
2347 2235 2494 2305 quod
2529 2234 2601 2289 sit
2629 2234 2902 2305 jejunium
2936 2235 3159 2303 plenum
3188 2244 3386 2298 accep-

102 2315 342 2377 tumque
368 2308 500 2362 Deo.
528 2310 691 2370 Audi.
722 2311 939 2381 inquit:
965 2313 1233 2372 Dominus
1264 2334 1374 2374 non
1417 2320 1694 2377 desiderat
1724 2324 1833 2378 tale
1860 2324 2131 2394 jejunium
2169 2339 2570 2395 supervacuum
2600 2342 2615 2391 ;
2652 2327 2733 2382 sic
2783 2326 2929 2380 enim
2967 2322 3271 2394 jejunando
3299 2320 3386 2373 ni—

102 2405 187 2459 hil
223 2415 454 2474 praastas
479 2408 748 2477 aequitati.
787 2409 982 2482 Jejuna
1016 2425 1163 2470 certe
1194 2432 1386 2472 verum
1413 2420 1689 2490 jejunium
1716 2423 1823 2477 tale
1863 2422 1998 2495 (9t).
2030 2422 2177 2477 Nihil
2208 2424 2262 2477 in
2289 2424 2398 2477 vita
2435 2433 2524 2477 tua
2559 2419 2810 2490 nequiter
2836 2416 3045 2481 facias;
3083 2414 3179 2470 sed
3204 2420 3391 2467 mente

103 2516 248 2571 pura
276 2502 420 2556 servi
453 2502 585 2570 Deo,
613 2505 927 2561 custodiens
960 2507 1217 2562 mandata
1244 2510 1385 2580 ejus,
1421 2511 1559 2566 etin
1602 2524 1867 2583 praecepta
1913 2513 2035 2584 ejus
2070 2515 2182 2585 (95)
2220 2514 2562 2585 ingrediaris,
2600 2523 2777 2579 neque
2823 2505 3112 2561 admiseris
3157 2502 3381 2557 deside-

106 2594 257 2648 rium
297 2610 501 2651 nocens
536 2597 590 2651 in
630 2598 818 2653 animo
846 2608 960 2654 tuo.
996 2599 1170 2656 Crede
1203 2611 1383 2657 autem
1428 2602 1683 2671 Domino,
1731 2606 1775 2660 si
1814 2607 1928 2661 haec
1967 2605 2182 2672 feceris,
2212 2606 2575 2676 timoremque
2608 2606 2727 2677 ejus
2755 2606 3034 2669 habueris,
3060 2612 3228 2672 atque
3259 2601 3392 2654 abs-

106 2691 349 2746 tinueris
382 2691 451 2746 ab
493 2693 643 2747 omni
680 2693 898 2765 negotio
941 2695 1106 2762 malo,
1141 2694 1253 2751 Deo
1285 2706 1338 2752 te
1367 2679 1662 2752 victurum.
1700 2696 1828 2754 Haec
1861 2699 1908 2754 si
1954 2697 2169 2763 feceris,
2198 2698 2469 2769 jejunium
2518 2714 2779 2770 magnum
2817 2695 3233 2754 consummabis
3288 2705 3388 2747 ac-

106 2792 451 2854 ceptumque
474 2782 731 2840 Domino.

1596 2879 1827 2937 CAPUT
1860 2879 1925 2935 11.

181 2972 330 3029 Audi
361 2972 778 3029 similitudinem
803 2988 969 3043 quam
994 2972 1244 3031 dicturus
1273 2990 1394 3029 sum
1423 2974 1520 3029 tibi
1555 2976 1621 3029 ad
1644 2975 1917 3044 jejunium
1944 2976 2328 3046 pertinentem.
2355 2976 2592 3045 Quidam
2613 2991 2738 3032 cum
2761 2976 2988 3030 haberet
3019 2973 3248 3029 fundum
3278 2988 3396 3028 ser-

108 3080 329 3135 vosque
361 3064 588 3129 multos,
620 3065 674 3118 in
701 3065 938 3133 quadam
975 3074 1129 3133 parte
1156 3064 1311 3119 fundi
1347 3066 1431 3121 sui
1468 3066 1654 3135 posuit
1687 3066 1902 3120 vineam
1928 3068 2345 3122 successoribus
2376 3067 2489 3138 (96)
2517 3085 2531 3135 ;
2568 3069 2766 3125 deinde
2800 3086 3026 3140 peregre
3084 3066 3393 3137 profectus,

111 3163 289 3233 elegit
323 3177 543 3217 servum
580 3177 743 3231 quem
764 3160 1001 3215 habebat
1030 3160 1409 3217 fidelissimum
1432 3178 1496 3217 ac
1529 3163 1633 3217 sibi
1662 3164 1990 3233 probatum;
2027 3164 2188 3234 eique
2224 3164 2527 3235 assignavit
2561 3167 2804 3235 vineam,
2840 3166 3165 3236 prmcipiens
3186 3174 3245 3218 ut
3272 3163 3399 3218 viti-

112 3255 223 3309 bus
242 3254 500 3324 jungerct
527 3253 714 3323 palos;
742 3254 886 3323 quod
923 3256 968 3309 si
991 3254 1213 3311 fecisset
1231 3258 1622 3311 etmandatum
1643 3272 1803 3311 suum
1824 3270 2297 3327 consummasset,
2336 3262 2643 3317 libertatem
2675 3264 2851 3320 eidem
2887 3278 2945 3317 se
2970 3263 3227 3317 daturum
3266 3275 3398 3329 pro-

114 3352 297 3406 misit.
324 3349 435 3405 Nec
485 3359 745 3420 praeterea
797 3353 1098 3423 quidquam
1134 3354 1284 3409 aliud
1327 3354 1582 3425 prrecepit
1621 3354 1722 3419 illi,
1749 3355 1896 3423 quod
1928 3356 1981 3409 in
2013 3372 2075 3410 ca
2106 3356 2310 3412 faceret
2345 3359 2460 3427 (97)
2489 3399 2505 3424 ,
2538 3344 2704 3429 atque
2740 3359 2815 3411 ita
2858 3372 3084 3426 peregre
3117 3353 3399 3425 profectus

116 3456 225 3503 est.
250 3445 552 3517 Postquam
581 3454 763 3501 autem
790 3459 981 3501 servus
1002 3443 1093 3497 ille
1117 3456 1307 3497 curam
1342 3442 1704 3511 apprehendit
1737 3442 1887 3513 (98),
1926 3441 2058 3498 fecit
2090 3461 2436 3517 quaecunque
2467 3456 2804 3517 praeceperat
2842 3446 3123 3500 dominus.
3149 3444 3401 3513 Cumque

117 3544 433 3614 depalasset
456 3544 670 3598 vineam
699 3542 870 3609 illam,
894 3550 949 3596 et
972 3538 1449 3594 animadvertisset
1480 3553 1601 3593 eam
1629 3539 1814 3595 herbis
1850 3540 2149 3609 repletam,
2178 3543 2346 3612 ccepit
2368 3558 2553 3598 secum
2595 3542 2668 3596 ita
2710 3541 2952 3611 COgitarc
2988 3540 3128 3608 (99),
3167 3538 3357 3593 dicens
3384 3557 3398 3590 :

118 3632 315 3705 Peregi
351 3634 498 3704 quod
527 3634 659 3687 mihi
689 3642 1018 3704 prreceperat
1042 3631 1337 3695 dominus;
1364 3629 1567 3685 fodiam
1602 3645 1750 3685 nunc
1774 3631 1994 3685 vineam
2022 3631 2189 3694 hanc,
2212 3632 2389 3687 eterit
2409 3633 2703 3688 formosior
2726 3646 2852 3685 cum
2874 3629 3207 3685 fueritfossa
3228 3626 3402 3698 (100);

118 3735 175 3781 et
208 3725 478 3780 extractis
520 3724 732 3785 herbis,
791 3725 1058 3796 majorem
1111 3721 1268 3778 dabit
1300 3720 1540 3775 fructum
1566 3761 1582 3787 ,
1613 3731 1664 3776 et
1694 3736 1803 3775 non
1851 3721 2210 3776 sull‘ocabitur
2258 3724 2326 3777 ab
2362 3723 2568 3777 herbis.
2604 3722 2911 3793 Aggressus
2934 3722 3130 3775 deinde
3158 3719 3313 3785 fodit,
3349 3725 3404 3772 et
3436 3737 3457 3759 ο

125 3836 323 3877 omnes
346 3820 547 3876 herbas
580 3836 704 3890 qua:
740 3819 795 3873 in
829 3797 893 3873 ea
928 3822 1107 3879 erant,
1138 3812 1417 3876 extraxit;
1460 3819 1627 3880 atque
1676 3812 1751 3866 ita
1781 3816 1957 3867 evasit
1982 3814 2144 3868 vinea
2172 3815 2585 3885 speciosissima
2625 3830 2692 3869 ac
2713 3815 2865 3878 laeta,
2900 3828 3010 3868 non
3045 3811 3311 3868 suﬁ‘ocata
3334 3809 3405 3864 ab

124 3913 336 3969 herbis.
367 3911 501 3967 Post
532 3912 879 3982 aliquantum
903 3924 1035 3963 vero
1055 3905 1320 3975 temporis
1353 3905 1503 3960 venit
1526 3905 1784 3961 dominus
1805 3906 1946 3975 ejus,
1981 3915 2037 3961 et
2070 3907 2352 3978 ingressus
2380 3915 2463 3962 est
2498 3907 2712 3961 vineam
2744 3922 2758 3958 :
2795 3920 2960 3973 quam
3012 3918 3137 3957 cum
3177 3900 3400 3970 depala-

123 4010 239 4057 tam
269 4000 501 4057 vidisset
526 4002 802 4065 decenter,
838 4016 905 4057 ac
937 3996 1363 4055 circumfossam
1398 3996 1500 4066 (1),
1527 4004 1581 4050 et
1598 4004 1874 4051 extractas
1908 3997 2110 4052 ncrbas
2141 3997 2211 4051 ah
2255 4013 2343 4062 ea,
2368 4006 2424 4053 et
2457 3998 2609 4051 laztas
2649 4008 2773 4049 esse
2804 3994 2977 4057 vites;
3010 4007 3076 4046 ex
3113 3989 3258 4045 facto
3301 3990 3407 4043 hoc

130 4094 279 4151 servi
316 4095 403 4149 sui
430 4094 690 4165 gaudium
726 4093 887 4163 cepit.
945 4091 1207 4146 Adhibito
1242 4090 1428 4159 itaque
1466 4088 1580 4143 ﬁlio
1602 4104 1765 4158 quem
1789 4090 2021 4145 charum
2048 4098 2103 4144 et
2138 4089 2409 4145 haeredem
2444 4088 2700 4154 habebat,
2728 4098 2780 4144 et
2805 4088 2997 4143 amicis
3019 4103 3160 4157 quos
3194 4089 3249 4139 in
3272 4101 3407 4139 cou-

133 4187 259 4243 silio
296 4185 633 4249 advocabat,
660 4186 867 4243 indicat
898 4206 962 4246 ea
996 4205 1118 4260 qua:
1148 4202 1309 4243 servo
1347 4200 1450 4242 suo
1484 4184 1736 4241 facienda
1763 4186 2102 4251 mandasset,
2126 4202 2250 4257 qum
2273 4198 2534 4257 praeterea
2560 4186 2650 4241 ille
2683 4186 2921 4242 fecisset.
2958 4186 3023 4239 At
3051 4184 3127 4237 illi
3156 4182 3409 4252 protinus

134 4281 395 4353 gratulati
428 4290 558 4336 sunt
586 4297 748 4337 servo
782 4282 885 4349 illi,
912 4284 1060 4356 quod
1094 4291 1207 4339 tam
1246 4282 1472 4353 plenum
1526 4280 1907 4337 testimonium
1943 4282 2156 4337 domini
2193 4283 2279 4339 sui
2320 4295 2611 4339 assecutus
2650 4280 2866 4336 fuisset.
2902 4279 2993 4333 Ait
3032 4276 3229 4331 deinde
3257 4275 3405 4328 illis:

133 4376 250 4448 Ego
279 4376 499 4448 quidem
540 4377 674 4433 huic
700 4393 863 4433 servo
892 4378 1196 4432 libertatem
1221 4372 1475 4445 promisi,
1508 4371 1554 4427 si
1589 4372 1920 4428 custodisset
1947 4373 2269 4428 mandatum
2308 4391 2493 4429 meum
2526 4373 2675 4444 quod
2720 4372 3010 4435 dederam;
3038 4377 3091 4422 et
3115 4364 3409 4421 custodivit

135 4472 291 4540 illud,
319 4480 374 4528 et
398 4482 662 4543 praeterea
687 4488 828 4543 opus
849 4472 1056 4527 bonum
1080 4469 1282 4542 adjecit
1306 4469 1362 4523 in
1400 4469 1642 4535 vineam,
1677 4469 1827 4539 quod
1857 4470 2020 4541 {mihi
2050 4472 2517 4543 quamplurimum
2572 4471 2652 4542 (2)
2698 4467 2925 4540 placuit.
2959 4464 3068 4520 Pro
3111 4463 3218 4518 hoc
3244 4462 3411 4532 igitur

204 4586 467 4644 "Matth.
512 4603 599 4656 tu,
632 4586 728 4655 i0;
755 4603 855 4651 vu,
891 4584 977 4640 t9.

1226 4670 1464 4729 VARIA‘J
1503 4667 1890 4726 LECTIONES
1926 4666 2017 4725 ET
2052 4666 2287 4724 NOTAE.

208 4802 329 4871 (88)
356 4799 491 4857 Mss.
519 4800 678 4870 Angl.
704 4810 758 4855 ct
778 4799 967 4871 Carm.
1005 4803 1221 4849 exterae.
1826 4790 2084 4871 exhibere
2105 4790 2159 4844 in
2188 4791 2465 4860 proneptis
2499 4806 2636 4859 ejus.
2662 4791 2747 4846 Al.
2784 4790 2838 4842 in
2888 4791 3164 4859 praeceptis
3192 4788 3308 4858 ejus
3337 4790 3415 4842 iu-

235 4862 329 4941 89)
364 4872 556 4926 Lamb.
590 4862 743 4925 deest
768 4868 990 4941 scilicet.
1031 4934 1073 4941 __
1267 4932 1299 4941 η
1404 4930 1439 4941 Α
1642 4930 1656 4941 ι
1679 4932 1691 4941 Α
1826 4862 2087 4941 grediens.

235 4878 329 4941 89)
364 4878 556 4926 Lamb.
590 4878 743 4925 deest
768 4878 990 4924 scilicet.
1826 4878 2087 4931 greatens.

209 4878 330 5070 :39)
356 4941 430 4997 lta
463 4957 601 4997 mss.
627 4942 788 5012 Angl.
826 4939 906 4993 lta
952 4945 1005 4993 et
1031 4934 1167 4990 Felli
1217 4932 1348 4988 edit.
1398 4930 1578 4987 Oxon.
1628 4930 1716 4984 AI.
1829 4929 2181 5074 rugfgsblss.
2211 4931 2372 5001 Angl.
2404 4932 2701 5002 adfuturis.
2737 4931 2828 4988 Sic
2854 4942 2909 4987 et
2930 4931 3071 4987 Vict.
3098 4931 3168 4987 At
3214 4930 3412 4985 Lamb.

129 5016 193 5069 fie
208 5005 323 5070 ἱιεβ
718 5005 743 5012 ⁷
1829 5005 2049 5070 futuris.

240 5085 335 5152 9i)
366 5082 559 5138 Lamb.
593 5083 650 5135 in
678 5099 737 5136 eo
768 5090 932 5135 stare.
1830 5070 1859 5152 ’-
1903 5070 2184 5152 (9ἶῌξίεξ.
2217 5072 2377 5141 Angl.
2414 5076 2588 5141 facere
2621 5078 2846 5152 deberet.
2875 5074 2967 5152 δίο
2995 5083 3049 5152 et
3072 5075 3202 5152 edit.
3233 5070 3414 5152 Oxon.

242 5141 335 5211 92)
375 5154 532 5209 Bodl.
567 5153 718 5207 addit
743 5153 875 5207 haec.
1830 5141 1990 5211 Apud
2025 5144 2297 5198 Clericum
2327 5159 2457 5199 vero
2490 5162 2592 5200 ms.
2625 5147 2817 5202 Lamb.
2845 5147 3001 5201 sicse
3032 5146 3234 5199 habet:
3260 5142 3416 5210 quid-

216 5214 337 5293 (93)
367 5224 562 5279 Lamb.
608 5224 749 5277 enim
787 5222 915 5292 quia
938 5235 1042 5273 non
1065 5227 1164 5293 est.
1209 5215 1302 5271 Sic
1335 5222 1389 5269 et
1428 5214 1559 5293 Felli
1587 5214 1721 5293 edit.
1831 5215 2259 5293 quaAnIILprfecepit
2279 5214 2464 5293 illi,_ut
2495 5217 2623 5287 quid
2651 5219 2714 5293 in_
2735 5235 2797 5271 ea
2830 5218 3004 5283 facere
3045 5214 3273 5269 deberet.

142 5282 331 5353 Ox‘on:
374 5310 499 5363 quae
540 5302 719 5348 tamen
770 5282 934 5346 habet
981 5289 1237 5363 quoniam
1280 5300 1380 5363 pro
1404 5288 1551 5363 quia.
1587 5284 1729 5363 Hinc
1846 5282 1851 5283 7
2143 5284 2316 5363 Codd.
2341 5282 2556 5363 addunt
2584 5288 2847 5357 caspia“,

142 5353 413 5422 nonnulla
436 5353 1306 5432 excerpsitpseudo-Athanasius
1348 5353 1630 5432 in'Doctr.
1656 5355 1726 5432 ad
1905 5353 2020 5425 (99)
2048 5355 2178 5410 Mss.
2218 5354 2380 5425 Angl.
2436 5353 2731 5426 disputare,
2758 5368 2820 5413 ut
2858 5358 3024 5414 modo
3051 5371 3173 5426 sup.
3208 5368 3331 5425 cap.
3370 5368 3415 5421 I,

143 5437 395 5490 Antioch.
428 5450 578 5489 num.
600 5426 827 5504 l6,pag.
843 5431 970 5497 260,
986 5445 1223 5501 quorum
1246 5442 1374 5498 pars
1400 5426 1725 5497 proferenda
1834 5432 2102 5504 notatum.

144 5523 277 5563 mox
307 5506 451 5560 infra
491 5494 721 5575 capuli.-
776 5494 804 5504 ”
1130 5574 1137 5575 ί
1246 5494 1263 5498 ’
1339 5569 1351 5575 _
1400 5494 1409 5497 ⁷
1554 5566 1598 5575 __
1637 5567 1649 5575 _
1906 5497 2056 5575 (ευρ)
2101 5494 2233 5575 Mss.
2265 5494 2425 5575 ᾼιιει.
2465 5495 2752 5565 formosior
2777 5500 2944 5571 fossa.

218 5576 335 5648 (94)
368 5566 575 5630 Lamb:
609 5574 742 5631 Leve
782 5576 922 5648 enin}
947 5573 1232 5648 jejunium
1271 5569 1378 5624 tale
1426 5577 1526 5623 est.
1553 5566 1727 5623 Habet
2010 5566 2209 5648 Lamb.
2259 5566 2482 5648 fossam.

146 5637 536 5719 quoqueenim
572 5661 675 5719 pro
700 5655 838 5699 certe
869 5637 1158 5719 Felli'edit.
1188 5640 1368 5719 0_x_on.
1568 5709 1608 5719 κ
1665 5709 1697 5719 η
1900 5638 1979 5709 (2)
2010 5637 2140 5696 Mss.
2166 5638 2325 5708 Angl.
2358 5638 2701 5695 validissime.

220 5664 260 5702 κο
303 5664 371 5701 ne
397 5664 536 5700 enim
574 5664 675 5715 pro
700 5664 838 5699 certe
870 5664 1002 5701 DCIII
1027 5664 1158 5699 θαιι.
1188 5664 1368 5697 υλυιι.

220 5664 337 5791 (δὲ)
372 5715 465 5773 Sic
495 5715 675 5773 Fellus
702 5732 767 5773 ex
798 5731 935 5772 mss.
988 5716 1147 5787 Augl.
1197 5712 1290 5769 ubi
1337 5719 1519 5769 monet
1566 5709 1722 5766 Bodl.
