3822 6218
441 258 546 315 95)

1883 270 1942 326 S.
1978 270 2246 327 ΗΕΒΜῶ

3640 278 3757 335 9ὖῦ

440 393 608 448 opere
630 379 775 450 quod
801 377 949 446 fecit,
978 381 1102 437 volo
1126 393 1256 435 eum
1282 379 1399 437 ﬁlio
1423 396 1546 436 meo
1575 378 1758 438 facere
1782 384 2121 443 coheredem
2148 408 2161 455 ;
2190 390 2452 460 quoniam
2504 407 2630 448 cum
2669 395 2934 450 sensisset
2966 394 3098 465 quid
3140 404 3285 451 esset
3326 395 3553 451 bonum
3571 435 3589 459 ,
3636 409 3749 449 non

440 475 630 529 omisit
685 474 785 544 (5),
815 475 910 530 sed
973 474 1101 531 fecit
1129 474 1289 529 illud.
1319 474 1436 531 lloc
1465 477 1757 532 consilium
1791 478 2023 544 domini,
2058 491 2111 537 et
2160 483 2308 539 ﬁlius
2332 486 2411 554 (4)
2438 494 2494 541 et
2536 488 2698 543 amici
2747 489 2870 558 ejus
2896 489 3435 558 comprobaverunt;
3472 501 3541 542 ut
3585 489 3750 542 ﬁeret

440 569 653 623 scilicet
694 570 783 625 hic
818 586 1011 626 servus
1036 571 1282 626 cohwres
1310 566 1441 621 ﬁlio.
1480 565 1611 621 Post
1632 566 1753 622 dies
1782 568 1978 624 deinde
2006 587 2115 625 nou
2148 573 2354 629 multos
2380 573 2481 643 (5),
2511 576 2831 631 convocatis
2874 576 3068 630 amicis
3095 615 3109 639 ,
3162 574 3585 645 paterfamilias
3644 576 3750 628 mi-

441 664 514 718 sit
542 666 621 735 (6)
653 666 720 721 de
749 682 905 721 coena
942 682 1040 721 sua
1068 680 1227 721 servo
1261 664 1337 718 illi
1361 662 1515 718 cibos
1536 662 1870 732 complures.
1907 665 2060 730 Quos
2090 682 2217 721 cum
2244 670 2549 739 accepisset
2575 671 2688 735 ille,
2718 672 2946 727 sustulit
2986 686 3053 725 ex
3088 670 3170 725 eis
3220 671 3368 739 quod
3401 670 3745 726 sufﬁciebat

441 757 521 828 (7)
541 760 681 826 sibi;
710 761 979 830 reliquum
1016 769 1198 815 autem
1231 758 1511 815 conservis
1535 759 1653 813 suis
1674 759 1977 815 distribuit.
2012 760 2224 826 Quibus
2250 764 2512 834 acceptis,
2549 766 2627 820 illi
2659 766 2821 822 laetati
2854 774 3025 830 sunt,
3061 774 3115 818 et
3134 775 3425 833 coeperunt
3469 764 3558 818 illi
3585 776 3749 832 opta-

438 865 519 913 re,
552 859 609 903 ut
635 852 898 921 majorem
933 852 1163 921 gratiam
1192 850 1334 921 apud
1359 849 1642 904 dominum
1671 848 1963 913 inveniret,
2006 853 2078 905 ob
2110 868 2175 906 ea
2204 869 2327 923 quae
2369 854 2579 911 fecerat
2600 858 2754 928 ipsis.
2794 857 2921 913 Haec
2960 856 3147 911 omnia
3175 872 3298 911 cum
3334 856 3605 911 audisset
3651 858 3749 909 do-

386 1009 405 1015 η
439 944 623 997 minus
667 944 807 1013 ejus,
854 944 1099 1013 percepit
1138 944 1337 998 iterum
1398 941 1703 995 maximum
1750 942 2052 1011 gaudium;
2093 953 2148 999 et
2171 948 2492 1004 convocatis
2530 966 2749 1006 rursum
2793 951 2989 1005 amicis
3013 960 3067 1005 ct
3106 952 3237 1014 ﬁlio,
3261 951 3501 1019 exponit
3527 950 3747 1004 factum

444 1037 587 1090 servi
616 1037 700 1091 sui
738 1038 805 1092 de
827 1038 966 1092 cibis
995 1036 1110 1092 suis
1145 1049 1285 1105 quos
1318 1032 1367 1088 ci
1402 1033 1647 1087 miserat.
1681 1032 1760 1087 llli
1803 1033 1988 1105 itaque
2013 1043 2167 1090 tanto
2194 1039 2371 1109 magis
2398 1050 2759 1097 asseuserunt
2804 1040 3187 1113 patrifamilias
3211 1082 3224 1105 ,
3268 1042 3454 1111 ipsum
3512 1054 3749 1095 servum

438 1128 778 1183 colueredcm
813 1128 923 1182 ﬁlio
946 1128 1145 1184 debere
1178 1124 1318 1180 ﬁeri.

1912 1214 2145 1273 CAPUT
2177 1216 2267 1273 Ill.

514 1307 645 1362 Dico
678 1309 726 1363 ei
763 1327 776 1363 :
814 1308 1064 1374 Demine,
1095 1309 1197 1363 has
1248 1305 1639 1361 similitudines
1685 1320 1796 1360 non
1846 1307 1993 1371 novi,
2037 1324 2215 1377 neque
2249 1309 2557 1381 intelligere
2604 1327 2871 1382 possum,
2909 1314 3015 1370 nisi
3051 1330 3144 1372 eas
3174 1326 3233 1371 tu
3270 1316 3408 1371 mihi
3456 1331 3750 1387 exponas.

437 1397 655 1464 Omnia,
692 1401 889 1470 inquit,
921 1414 1190 1469 exponam
1214 1398 1309 1451 tibi
1337 1412 1680 1468 quaecunque
1708 1397 1928 1454 locutus
1965 1397 2126 1454 fuero
2159 1408 2363 1465 tecum,
2401 1411 2495 1456 aut
2523 1405 2816 1460 ostendero
2851 1405 2967 1460 tibi.
2998 1404 3253 1460 Mandata
3281 1405 3516 1461 Domini
3548 1420 3751 1462 custo-

440 1490 517 1554 di,
552 1500 607 1545 et
633 1492 743 1546 eris
767 1494 1050 1561 probatus,
1077 1500 1131 1545 et
1163 1490 1423 1545 scriberis
1451 1490 1504 1543 in
1537 1504 1768 1544 numero
1796 1505 1988 1544 eorum
2009 1492 2441 1561 quicustodiunt
2465 1497 2722 1550 mandata
2743 1497 2883 1565 ejus.
2910 1498 3169 1564 Sijautem
3184 1510 3379 1567 praster
3397 1515 3467 1553 ea
3498 1516 3633 1569 quae
3668 1503 3749 1568 t8}

438 1584 720 1637 mandavit
744 1582 1030 1645 Dominus,
1058 1582 1264 1651 aliquid
1301 1582 1429 1636 boni
1464 1582 1731 1650 adjeceris
1762 1582 1839 1651 (9)
1862 1623 1878 1648 ,
1908 1583 2173 1653 majorem
2212 1584 2537 1655 dignitatem
2567 1588 2664 1642 tibi
2695 1592 2988 1658 conquires
3018 1591 3150 1664 (l0),
3175 1603 3228 1647 et
3264 1593 3679 1664 honoratior(l
3700 1598 3748 1663 li

440 1679 582 1746 apud
606 1676 899 1732 Dominum
934 1678 1066 1741 eris,
1102 1694 1267 1748 quam
1298 1693 1422 1732 eras
1453 1676 1692 1732 futurus.
1726 1676 1894 1747 Igitur
1916 1680 1962 1735 si
1999 1681 2327 1737 custodieris
2363 1685 2620 1738 mandata
2648 1683 2888 1748 Domini,
2924 1696 2979 1741 ct
3024 1690 3293 1758 adjeceris
3330 1692 3509 1745 etiam
3570 1694 3643 1746 ad
3682 1709 3749 1746 ea

438 1769 704 1825 stationes
729 1770 849 1833 has,
883 1768 1180 1842 gaudebis;
1213 1774 1473 1837 maxime,
1511 1774 1555 1828 si
1588 1775 1890 1830 secundum
1930 1778 2249 1832 mandatum
2285 1795 2468 1834 meum
2518 1783 2827 1838 servaveris
2852 1799 2937 1837 ea.
2972 1783 3105 1840 Dico
3140 1787 3187 1841 ei
3224 1807 3237 1841 :
3267 1786 3562 1858 Quidquid
3602 1792 3745 1842 mihi

437 1868 783 1937 praaceperis,
821 1868 1064 1933 domine,
1102 1866 1368 1929 servabo;
1409 1865 1526 1918 scio
1561 1866 1708 1919 enim
1740 1874 1790 1919 te
1826 1882 2042 1921 mecum
2069 1867 2339 1923 futurum.
2379 1871 2524 1934 Ero,
2558 1873 2778 1943 inquit,
2837 1883 3022 1931 tecum
3048 1919 3061 1942 ,
3092 1881 3187 1949 qui
3226 1881 3334 1935 tale
3371 1884 3745 1951 propositum

439 1960 628 2014 habes.
667 1958 770 2015 Sed
799 1971 853 2016 et
876 1978 1004 2017 cum
1037 1960 1294 2017 omnibus
1320 1974 1437 2022 cro,
1482 1959 1802 2029 quicunque
1833 1961 1975 2017 idem
2003 1966 2343 2033 propositum
2374 1967 2669 2022 habuerint
2689 1969 2827 2040 (l2).
2854 1969 3133 2042 Jejnnium
3158 1969 3282 2035 hoc,
3313 1970 3525 2040 inquit,
3548 1984 3746 2026 custo-

437 2056 568 2112 ditis
594 2058 868 2113 mandatis
894 2058 1136 2123 Domini,
1160 2056 1319 2111 valde
1345 2056 1549 2109 bonum
1581 2064 1683 2110 cst.
1718 2053 1809 2110 Sic
1846 2056 2010 2127 igitur
2040 2062 2284 2116 servabis
2309 2063 2439 2117 illud
2477 2063 2614 2135 (l5).

524 2194 771 2251 Primum
809 2199 1055 2254 omnium
1090 2216 1223 2256 cave
1251 2202 1319 2255 ab
1342 2200 1492 2255 omni
1519 2199 1743 2269 probro,
1767 2207 1823 2253 et
1870 2198 2018 2269 turpi

434 2289 625 2353 verbo,
660 2300 712 2344 et
762 2292 832 2345 ab
890 2294 1036 2346 omni
1074 2294 1236 2347 noxia
1282 2292 1613 2363 cupiditate;
1679 2299 1733 2345 et
1789 2290 2020 2360 puriﬁca

434 2395 661 2435 Sensum
708 2390 863 2437 tuum
902 2384 972 2439 ab
1014 2385 1166 2439 omni
1209 2386 1452 2439 vanitate
1493 2382 1677 2439 saeculi
1715 2382 1901 2451 hujus.
1954 2381 2015 2436 Si

437 2474 553 2529 base
585 2475 939 2543 custodieris,
979 2477 1085 2531 erit
1120 2478 1223 2532 hoc
1249 2476 1519 2546 jejunium
1544 2475 1779 2545 justum.
1816 2472 1908 2527 Sic
1935 2488 2025 2527 er-

434 2583 505 2637 go
530 2566 719 2623 facies.
744 2566 987 2625 Peractis
1031 2586 1153 2640 qua:
1184 2585 1353 2640 supra
1384 2568 1589 2637 scripta
1630 2577 1781 2631 sunt,
1816 2566 1908 2620 illo
1935 2565 2023 2619 die

435 2676 547 2728 quo
571 2659 874 2729 jejunabis,
903 2661 1042 2715 nihil
1077 2663 1305 2717 omnino
1330 2659 1721 2733 gustabis,nisi
1752 2676 1948 2731 panem
1968 2668 2023 2715 et

434 2767 672 2819 aquam;
703 2760 757 2807 et
794 2761 1109 2823 computata
1144 2754 1452 2823 quantitate
1477 2754 1585 2809 cibi
1610 2769 1775 2824 quem
1809 2752 2023 2808 cazteris

434 2843 631 2897 diebus
663 2854 1011 2899 comesturus
1046 2861 1195 2911 eras,
1223 2854 1502 2925 sumptum
1538 2847 1645 2902 diei
1682 2847 1831 2903 illius
1857 2863 2020 2918 quem

434 2936 682 2993 facturus
712 2954 866 3005 eras,
896 2954 1149 3009 repones,
1194 2948 1249 2995 et
1293 2939 1451 2997 dabis
1498 2941 1612 3013 (15)
1641 2941 1851 3005 vidua),
1915 2956 2022 3010 pu-

434 3028 589 3097 pillo,
617 3038 712 3084 aut
736 3030 882 3100 inopi
918 3048 931 3084 :
972 3039 1027 3085 et
1078 3031 1160 3086 sic
1209 3035 1622 3089 consummabis
1657 3034 2021 3089 humilitatem

433 3119 634 3175 anima:
656 3130 798 3185 tuae;
829 3130 888 3175 ut
915 3121 1008 3190 qui
1033 3136 1100 3176 ex
1137 3137 1202 3178 eo
1232 3124 1539 3193 acceperit,
1571 3126 1736 3181 satiet
1774 3127 2020 3180 animam

434 3227 614 3276 suam,
646 3221 700 3267 et
738 3229 837 3283 pro
861 3222 913 3268 te
948 3218 1110 3269 adeat
1136 3214 1428 3270 Dominum
1458 3217 1630 3273 Deum
1660 3221 1838 3274 oratio
1879 3219 2018 3290 ejus.

435 3304 494 3359 Si
525 3305 689 3374 igitur
718 3308 797 3362 sic
828 3311 1303 3365 consummaveris
1319 3311 1596 3380 jejunium
1628 3324 1804 3377 tuum,
1829 3329 2023 3383 quem-

431 3398 729 3454 admodum
768 3400 1027 3469 pnncipio
1101 3402 1239 3465 tibi,
1301 3404 1408 3457 erit
1442 3404 1625 3460 hostia
1677 3415 1767 3461 tua
1796 3414 2021 3475 accepta

2200 2204 2312 2279 (M)
2353 2208 2577 2279 Πρῶτον
2611 2208 2829 2263 πάντων
2856 2208 3086 2279 φύλαξαι
3118 2208 3400 2279 νηστεύειν
3440 2205 3563 2259 ἀπὸ
3590 2222 3739 2257 παν-

2122 2299 2217 2362 τὸς
2251 2298 2496 2369 ῥήματος
2531 2298 2771 2370 πονηροῦ
2797 2338 2812 2361 ,
2852 2302 2945 2352 καὶ
2982 2299 3151 2369 ἀκοῆς
3194 2299 3476 2368 πονηρᾶς·
3510 2296 3614 2349 καὶ
3638 2312 3741 2347 κα-

2125 2388 2347 2461 Οάρισόν
2374 2406 2467 2443 σου
2500 2391 2599 2461 τὴν
2626 2391 2852 2462 καρδίαν
2897 2390 3005 2444 ἀπὸ
3037 2388 3239 2451 παντὸς
3282 2386 3577 2458 μολυσμοῦ
3596 2428 3612 2450 ,
3641 2387 3740 2439 καὶ

2128 2481 2514 2552 μνησικακίας,
2563 2482 2658 2534 καὶ
2708 2481 3149 2553 αἰσχροκερδίας.
3212 2481 3321 2532 Καὶ
3368 2480 3427 2530 ὲν
3462 2478 3658 2550 ἡμέρᾳ

2124 2571 2425 2642 νηστεύεις,
2452 2572 2748 2643 ἁρκέσθητι
2775 2572 2925 2643 ἄρτῳ
2967 2573 3059 2625 καὶ
3092 2570 3342 2640 λαχάνοις
3388 2570 3487 2621 καὶ
3535 2569 3696 2620 ὕδατι
3720 2610 3734 2631 ,

2124 2664 2463 2736 εὐχαριστῶν
2489 2665 2568 2735 τῷ
2593 2664 2745 2734 Θεῷ·
2804 2663 3158 2735 συμψηερίσας
3194 2661 3251 2713 δὲ
3302 2660 3404 2730 τὴν
3452 2660 3734 2728 ποσότητα

2122 2757 2225 2827 τῆς
2249 2757 2494 2829 δαπάνης
2539 2757 2634 2812 τοῦ
2675 2758 2925 2830 ἀρίστου,
2975 2752 3037 2811 οὗ
3082 2754 3306 2826 ἔμελλες
3347 2752 3557 2806 ἐσθίειν
3613 2753 3735 2805 κατ’

2124 2849 2341 2920 ἐκείνην
2354 2849 2697 2923 τὴνήμέραν,
2711 2849 2798 2914 δὸς
2812 2850 2981 2920 χήρᾳ,
2999 2848 3030 2917 ἢ
3050 2846 3271 2917 ὀρφανῷ
3292 2845 3325 2916 ἢ
3354 2844 3734 2915 στερουμέπρυ

2125 2941 2262 3012 πρὸς
2280 2941 2338 2994 ὃν
2356 2942 2421 3013 δὴ
2443 2942 2629 3012 σαφῶς
2652 2940 2936 3012 ἐμπλήσας
2953 2939 3051 3011 τὴν
3075 2937 3267 2992 ἑαυτοῦ
3291 2936 3490 3007 ψυχὴν,
3511 2935 3733 3001 εὖξεταε

2126 3035 2267 3106 ὑπὲρ
2324 3034 2417 3088 σοῦ
2466 3034 2601 3106 πρὸς
2651 3034 2871 3105 Κύριον.
2924 3033 3048 3085 Ἐὰν
3082 3027 3175 3085 οὖν
3208 3030 3435 3099 τελέσῃς
3478 3028 3585 3098 τὴν
3619 3045 3707 3097 νην

2128 3127 2330 3192 στείαν,
2365 3129 2443 3191 ὡς
2475 3127 2829 3198 ἐνετειλάμην
2849 3144 2965 3189 σοι,
2991 3125 3194 3195 ἔσταιή
3232 3122 3392 3176 Ουσία
3429 3138 3527 3173 σου
3564 3119 3733 3188 δεκτὴ

2126 3219 2357 3273 ἐνώπιον
2372 3218 2600 3290 Κυρίου,
2622 3220 2717 3272 καὶ
2746 3217 3174 3288 ὲγγεγραμμένη
3202 3217 3256 3266 ὲν
3291 3215 3407 3275 τοῖς
3443 3212 3508 3263 οὐ
3521 3214 3731 3283 ρανοῖς.

2125 3313 2183 3364 ἐν
2219 3311 2401 3381 ἡμέρᾳ
2426 3312 2524 3382 τῆς
2558 3309 2967 3372 ἁνταποδόσεως
3001 3308 3111 3359 τῶν
3140 3303 3567 3377 ἡτοιμασμένων
3595 3304 3732 3371 ἁγα-

2128 3404 2236 3457 Οῶν
2269 3407 2381 3467 τοῖς
2403 3402 2652 3468 δικαίοις.

433 3489 690 3560 Domino,
725 3502 779 3547 et
801 3493 1074 3549 scribetur
1099 3495 1493 3567 bocjejunium
1535 3507 1711 3553 tuum.
1750 3497 1876 3554 Haec
1925 3498 2090 3554 statio
2139 3498 2218 3552 sic
2262 3508 2385 3553 acta
2442 3499 2555 3569 (16)
2608 3506 2693 3554 cst
2746 3498 2911 3564 bona,
2979 3497 3171 3551 hilaris
3212 3506 3265 3550 et
3341 3504 3578 3565 accepta
3630 3491 3725 3543 Do-

430 3586 607 3642 mino.

1663 3684 1806 3739 Hinc
1834 3686 2168 3746 Amtocnus,
2200 3676 2419 3732 Itomilia
2453 3675 2506 3729 7.

506 3796 785 3868 Jejuninm
817 3801 953 3854 enim
982 3816 1159 3855 verum
1187 3816 1290 3874 est,
1316 3824 1419 3862 non
1471 3810 1625 3864 modo
1677 3827 1731 3864 se
1777 3808 2019 3863 tabidum

435 3891 634 3961 facere,
666 3893 756 3945 sed
785 3903 835 3947 et
862 3899 1213 3964 quantitatem
1271 3913 1511 3971 sumptus
1555 3919 1709 3971 quem
1759 3911 2022 3955 comestu-

437 4001 529 4037 rus
551 3994 687 4052 erat,
714 3986 842 4040 dare
874 3989 1045 4044 viduw
1067 4002 1115 4045 et
1152 3994 1295 4063 inopi
1323 4009 1341 4047 :
1366 4004 1423 4047 ut
1472 3996 1563 4064 qui
1600 3995 1860 4062 acceperit
1888 4035 1903 4059 ,
1932 4010 2023 4047 sa-

437 4078 625 4146 tiatus,
656 4088 766 4132 oret
786 4098 882 4149 pro
907 4098 989 4150 eo,
1021 4096 1069 4138 et
1099 4097 1317 4157 accepta
1341 4088 1437 4156 ﬁat
1474 4087 1581 4142 Deo
1606 4087 1778 4141 hostia
1808 4087 1946 4154 ejus.

2200 3803 2443 3876 Νηστεία
2496 3800 2607 3873 γὰρ
2654 3799 2883 3872 ἀληθινή
2934 3801 3103 3863 ἐστιν,
3138 3797 3198 3851 οὐ
3237 3796 3400 3867 μόνον
3434 3796 3497 3847 τὸ
3542 3795 3741 3849 ἑαυτὸν

2126 3897 2401 3967 ὲκτήξειν,
2438 3894 2573 3949 ἀλλὰ
2623 3894 2715 3947 καὶ
2746 3894 2847 3965 τὴν
2887 3892 3164 3961 ποσότητα
3206 3891 3308 3959 τῆς
3354 3889 3641 3959 δαπάνης,
3675 3890 3739 3957 ἣν

2127 3989 2352 4061 ἔμελλεν
2386 3988 2608 4049 ἐσθίειν,
2643 3985 2827 4040 δοῦναι
2850 3987 3016 4056 χήρᾳ,
3052 3985 3085 4055 ἦ
3128 3982 3328 4053 πτωχῷ
3351 4000 3363 4011 ·
3404 3983 3497 4035 ἵνα
3521 3986 3554 4035 ὁ
3588 3984 3735 4052 εἰλη-

2131 4079 2268 4149 φὼς,
2315 4078 2671 4149 ἐμπλησθεὶς,
2723 4076 2949 4146 εὔξηται
2991 4076 3131 4147 ὑπὲρ
3169 4075 3371 4135 αὑτοῦ,
3428 4076 3531 4128 καὶ
3572 4076 3735 4143 δεκτή

2131 4172 2356 4243 γένηται
2383 4172 2416 4241 ή
2451 4169 2607 4222 Θυσία
2640 4167 2803 4221 αὑτοῦ
2829 4167 2978 4239 παρὰ
3001 4169 3079 4238 τῷ
3106 4166 3245 4237 Θεῷ.

439 4280 568 4336 Haec
593 4290 651 4336 tu
676 4282 723 4337 si
750 4297 1056 4338 servaveris
1088 4299 1212 4338 cum
1241 4286 1428 4341 uberis
1461 4288 1570 4342 tuis
1602 4294 1657 4341 et
1683 4295 1798 4341 tota
1827 4300 1991 4340 uomo
2023 4293 2114 4338 tua
2142 4324 2156 4349 ,
2193 4281 2485 4337 custoditis
2520 4280 2627 4342 his,
2658 4278 2788 4333 felix
2834 4278 2947 4349 (17)
2975 4279 3104 4333 eris.
3151 4276 3219 4331 Et
3250 4279 3588 4346 quicunque
3625 4278 3731 4331 lucc

436 4380 624 4435 audita
657 4359 1038 4445 custodierint,
1064 4379 1249 4441 felices
1274 4392 1466 4449 erunt;
1493 4392 1547 4438 et
1580 4382 1846 4453 quidquid
1875 4381 2131 4451 petierint
2163 4395 2194 4434 a
2224 4378 2477 4442 Domino,
2508 4375 2860 4431 obtinebunt.

1894 4502 2123 4560 CAPUT
2164 4502 2255 4557 IV.

510 4602 576 4656 Et
597 4610 851 4672 precatus
880 4601 993 4673 (18)
1031 4616 1154 4655 sum
1184 4613 1331 4659 cum,
1360 4604 1420 4650 ut
1440 4594 1575 4648 mihi
1604 4594 1925 4664 cxplanaret
1952 4596 2096 4649 hanc
2122 4591 2543 4649 similitudinem
2576 4591 2645 4645 de
2673 4589 2845 4643 fundo
2877 4597 2932 4643 et
2964 4587 3192 4642 domino
3212 4627 3225 4648 ,
3255 4602 3321 4641 ac
3346 4587 3515 4641 vinea
3541 4598 3599 4643 et
3625 4606 3727 4643 ser-

439 4714 507 4756 vo
533 4702 629 4773 qui
661 4702 1010 4771 depalaverat
1034 4699 1253 4753 vineam
1280 4706 1295 4746 ι
1318 4697 1371 4743 et
1393 4686 1579 4741 herbis
1604 4701 1728 4755 qua:
1747 4694 2009 4744 extractae
2041 4687 2110 4741 de
2143 4687 2302 4740 vinea
2325 4693 2518 4751 erant;
2560 4692 2614 4739 et
2646 4684 2714 4738 de
2747 4683 2861 4737 ﬁlio
2885 4691 2939 4736 et
2971 4683 3039 4737 de
3073 4682 3290 4744 amicis,
3310 4697 3460 4751 quos
3494 4683 3550 4737 in
3593 4700 3723 4738 con-

1530 4833 1765 4889 VARIJE
1802 4833 2186 4891 LECTIONES
2222 4833 2312 4889 ET
2346 4832 2577 4889 NOTAE.

470 4958 473 4961 λ
510 4962 590 5032 (5)
625 4962 816 5017 Lamb.
850 4960 1227 5015 dissimulavit.

512 5035 589 5100 (4)
633 5033 825 5086 Lamb.
867 5046 915 5086 et
950 5032 1074 5101 fecit
1100 5032 1267 5101 ﬁlius.

514 5105 593 5174 (5)
626 5103 757 5158 Mss.
775 5103 945 5174 Angl.
985 5102 1095 5156 dies
1122 5117 1343 5170 paucos.

516 5168 591 5257 (li)
634 5173 827 5256 Lamb.
860 5168 1157 5227 convocatis
1210 5168 1599 5241 paterfamilias
1651 5171 1836 5224 amicis
1875 5172 2025 5225 anti-

517 5263 580 5297 is.
615 5255 781 5297 mrsu.

481 5263 580 5307 ius,
615 5261 781 5299 mrsu.

441 5262 580 5315 quis,
615 5262 781 5299 mrsu.

520 5316 597 5383 (7)
638 5314 830 5369 Lamb.
865 5315 1142 5384 sufﬁceret.

520 5381 601 5451 i8)
627 5384 822 5440 Lamb.
858 5381 955 5440 Sin
984 5395 1162 5440 autem
1201 5391 1394 5452 prazter
1429 5397 1493 5434 ea
1527 5397 1687 5451 quant
1731 5381 1890 5451 quod.

522 5459 600 5524 (9)
629 5455 822 5510 Lamb.
850 5457 1050 5524 feceris.

550 5525 637 5595 11))
668 5525 800 5581 Mss.
849 5527 1007 5595 Angl.
1042 5524 1305 5595 nequires.

550 5528 614 5581 11)
668 5528 800 5581 Mss.
849 5528 1007 5595 Angl.
1042 5528 1305 5593 acquires.

521 5528 637 5723 ἓιιξ
690 5597 883 5677 Lamb.
912 5598 1201 5677 honestior.
1232 5594 1324 5647 Sic
1355 5603 1408 5647 et
1429 5592 1630 5648 Fellus.

548 5668 614 5722 12
667 5667 758 5720 Sic
788 5684 921 5720 mss.
951 5665 1098 5722 Vict.
1130 5664 1315 5719 Carm.
1349 5674 1402 5719 et
1447 5664 1630 5719 Lamb.

548 5660 637 5722 ιε)
667 5667 758 5720 Sic
788 5684 921 5720 mss.
951 5665 1098 5722 Vict.
1130 5664 1315 5719 Carm.
1349 5674 1402 5719 et
1447 5664 1639 5719 Lamb.
1677 5661 1769 5719 Sic
1797 5670 1852 5719 et
1890 5660 2017 5719 edit.

444 5741 628 5796 Oxon.
650 5738 735 5792 Al.
764 5738 972 5791 habent.

2212 4960 2326 5027 (15)
2360 4957 2553 5011 Lamb.
2585 4956 2643 5011 Si
2670 4956 2833 5027 igitur
2853 4952 3137 5027 servaveris
3160 4949 3299 5027 illnud
3320 4990 3333 5010 ,
3360 4949 3625 5027 primum.

2211 5020 2327 5099 (14)
2366 5020 2950 5099 Pseudo-Athanasius
2982 5038 3136 5099 num.
3284 5035 3406 5099 pag.
3440 5020 3575 5099 ἒβι,

2209 5090 2324 5167 (15)
2360 5098 2556 5152 Lamb.
2591 5098 2731 5166 apud
2760 5096 2970 5149 Fellum
2992 5090 3515 5167 sic_:_cgibi,_cwteris
3546 5090 3722 5167 diebus

2135 5160 2253 5237 quin
2284 5160 2683 5222 comesturus;
2733 5182 3006 5235 reponens,
3052 5164 3225 5237 dabis.
3262 5160 3418 5229 Apud
3450 5160 3717 5215 Clericum

2135 5233 2315 5293 autem
2340 5241 2412 5292 ita
2440 5258 2452 5292 :
2486 5240 2611 5303 cibi,
2638 5233 2945 5306 umerisque
2970 5250 3088 5306 qum
3134 5233 3377 5285 editurus
3418 5247 3719 5306 eras._.._re-

2172 5312 2285 5363 onis
2340 5319 2389 5362 et
2441 5310 2615 5362 dabis.
2662 5309 2733 5360 At
2782 5302 2913 5360 edit.
2959 5302 3136 5359 Oxon.
3191 5318 3408 5369 sepones
3455 5312 3508 5354 et
3548 5302 3709 5355 dabis.

2172 5326 2285 5363 oms
2340 5326 2389 5362 ει
2441 5326 2615 5362 aams.
2662 5326 2733 5360 At
2782 5326 2913 5360 call.
2959 5326 3136 5359 UXUII.
3191 5326 3408 5369 seponas

2134 5326 2293 5434 flune
2321 5381 2501 5434 locum
2548 5378 2774 5446 respicit
2794 5377 3100 5431 Antiochus
3132 5373 3323 5427 homil.
3362 5371 3409 5423 7.

2206 5451 2321 5517 (16)
2353 5449 2546 5504 Lamb.
2586 5458 2752 5518 gesta.

2133 5592 2173 5645 Γ
2207 5511 2323 5592 (17)
2354 5519 2548 5575 Lamb.
2579 5511 2780 5573 salvus.
2813 5514 2879 5572 Et
2920 5516 3085 5587 paulo
3134 5523 3282 5586 post,
3339 5514 3480 5570 salvi
3525 5526 3624 5586 pro
3649 5511 3715 5572 {e-

2156 5608 2279 5645 ιεεδη

2156 5608 2259 5646 1088
2278 5634 2279 5637 η

2207 5660 2322 5735 (18)
2354 5659 2485 5720 Mss.
2517 5660 2679 5734 Augl.
2725 5660 3065 5729 deprecatus.
