3822 6218
66 322 212 379 961
1226 325 1522 382 PASTOR.
1559 356 1629 368 —
1668 325 1797 381 LIB.
1840 325 1930 393 111,
1970 328 2173 385 SIMIL.
2214 328 2281 386 V.
3277 342 3383 399 962

72 438 243 528 sitio
278 438 625 494 adhibuerat.
661 436 908 498 Intellexi
938 444 1108 510 enim,
1147 460 1271 502 esse
1302 446 1435 501 illud
1472 445 1913 503 similitudinem.
1939 448 2029 503 Ait
2051 450 2188 505 mihi
2218 470 2231 505 :
2258 449 2429 507 Valde
2463 452 2642 509 audax
2695 466 2756 509 es
2792 452 2859 508 ad
2905 452 3379 528 interrogandum.

69 524 261 583 Nihil
297 531 443 584 enim
480 530 645 586 debes
704 531 1041 605 interrogare
1077 554 1090 589 :
1129 551 1256 589 nam
1312 537 1357 590 si
1411 537 1714 605 Oportuerit
1741 538 2109 593 demonstrari
2134 579 2149 605 ,
2177 540 2645 599 demonstrabitur
2675 547 2794 602 tibi.
2825 547 2960 604 Dico
2992 550 3082 606 ei:
3120 524 3380 619 Domine,

70 641 460 696 quacunque
494 628 803 684 ostenderis
828 629 987 691 mihi,
1026 642 1127 683 nec
1158 628 1548 692 declaraveris,
1579 627 1782 683 frustra
1817 629 2007 684 videro
2045 628 2160 703 (19)
2192 632 2305 697 illa,
2334 633 2381 688 si
2415 650 2525 689 non
2562 638 2883 693 intellexero
2926 641 3188 710 quidnam
3235 646 3381 713 sint,

68 727 149 771 et.
192 719 592 775 similitudines
628 720 673 775 si
714 736 853 791 quas
883 722 1260 790 proposueris,
1297 729 1351 774 et
1381 736 1490 774 non
1516 722 1861 791 exposueris,
1895 721 2102 778 frustra
2133 726 2362 781 audiero
2388 725 2501 800 (20)
2528 746 2639 787 eas.
2668 731 2971 805 Respondit
2991 739 3123 792 mihi
3161 756 3380 807 rursus,

71 810 354 903 (licens:
390 808 719 881 Quicunque
755 809 849 903 Dei
898 826 1091 865 servus
1119 820 1224 875 est,
1262 810 1669 881 Dominumque
1712 811 1823 881 (2|)
1860 813 2020 868 habet
2044 813 2097 866 in
2124 817 2442 883 praecordiis
2468 820 2603 886 suis,
2652 825 2784 893 petit
2821 828 2889 881 ab
2923 844 2990 883 eo
3023 829 3382 903 intellectum,

70 910 149 952 et
201 900 453 965 obtinet;
484 908 537 953 et
563 914 782 955 omnem
807 901 1224 957 similitudinem
1240 903 1476 971 explicat
1503 903 1647 973 (22);
1678 912 1731 956 et
1762 903 2011 975 intelligit
2055 905 2218 959 verba
2247 904 2486 976 Domini,
2519 928 2642 982 qua:
2665 915 3023 987 inquisitione
3049 934 3208 994 egent
3242 900 3379 997 (25),

71 990 444 1060 Quicunque
482 1005 615 1045 vero
645 990 848 1047 inertes
873 1002 1002 1048 sunt
1039 1005 1092 1048 et
1115 995 1251 1065 pigri
1281 994 1347 1048 ad
1370 994 1664 1059 orandum,
1694 993 1773 1047 illi
1798 994 2054 1049 dubitant
2084 1005 2268 1064 petere
2307 1013 2338 1052 a
2383 998 2652 1072 Domino;
2691 1021 2818 1061 cum
2863 1010 2934 1065 sit
2964 990 3382 1072 Dominus-tam

74 1088 403 1157 profundae
429 1090 713 1156 bonitatis,
740 1098 801 1143 ut
832 1087 1142 1158 petentibus
1171 1101 1201 1140 a
1226 1102 1285 1142 se
1326 1094 1525 1141 cuneta
1558 1085 1677 1156 (2i)
1708 1086 1829 1140 sine
1848 1086 2259 1142 intermissione
2278 1089 2501 1145 tribuat.
2529 1092 2608 1148 Tu
2641 1111 2792 1167 ergo,
2818 1101 2911 1169 qui
2941 1104 3295 1163 conﬁrmatus
3319 1124 3384 1166 es

73 1180 168 1232 ab
206 1180 307 1233 illo
336 1180 631 1234 venerabili
665 1180 861 1234 nuntio
903 1175 1043 1245 (25),
1068 1187 1121 1230 et
1149 1175 1408 1245 accepisti
1437 1174 1743 1229 orationem
1778 1182 1889 1227 tam
1938 1183 2247 1243 potentem,
2280 1192 2407 1231 cum
2447 1180 2598 1251 piger
2624 1200 2737 1240 non
2776 1190 2857 1244 sis
2882 1230 2898 1255 ,
2931 1207 3032 1247 cur
3070 1195 3184 1265 jam
3214 1214 3246 1253 a
3274 1199 3383 1253 Do.

76 1272 267 1366 mirio
306 1270 641 1325 intellectum
680 1287 789 1325 non
818 1273 981 1342 petis,
1009 1284 1065 1329 et
1098 1275 1336 1344 accipis?
1364 1274 1497 1331 Dico
1520 1275 1570 1329 ei
1598 1293 1611 1329 :
1654 1274 1792 1329 Cum
1819 1283 1869 1329 te
1899 1283 2225 1345 praesentem
2264 1276 2528 1345 habeam,
2557 1298 2783 1342 necesse
2816 1298 2900 1345 est
2930 1302 3045 1348 uta
3080 1303 3133 1350 te
3167 1307 3382 1366 petam,

74 1371 147 1415 et
199 1361 577 1432 interrogem;
614 1369 670 1415 tu
696 1363 843 1417 enim
867 1366 1051 1419 omnia
1077 1366 1210 1420 mihi
1236 1367 1502 1431 ostendis,
1526 1374 1581 1421 et
1616 1366 1884 1435 loqueris,
1911 1382 2037 1421 cum
2070 1367 2219 1423 ades.
2246 1367 2381 1424 Nam
2420 1372 2534 1443 (26)
2559 1375 2606 1430 si
2637 1376 2757 1433 sine
2787 1388 2837 1434 te
2868 1394 2932 1436 ea
2981 1361 3223 1441 viderem
3254 1430 3268 1456 ,
3299 1361 3383 1444 vel

75 1454 359 1508 audirem
379 1492 396 1519 ,
433 1462 563 1509 tunc
596 1453 889 1510 Dominum
922 1472 1194 1529 rogarem,
1220 1468 1281 1512 ut
1308 1458 1617 1513 ostenderet
1643 1456 1761 1528 (27.)
1786 1457 1946 1512 mihi.

1586 1568 1817 1626 CAPUT
1848 1569 1915 1626 V.

168 1665 251 1720 Et
277 1666 565 1737 respondit
599 1664 892 1722 :Dixeram
920 1665 1019 1721 tibi
1058 1665 1221 1736 paulo
1277 1677 1422 1731 ante,
1445 1663 1707 1719 callidum
1739 1671 1791 1718 tc
1820 1678 1942 1720 esse
1967 1671 2023 1720 et
2050 1666 2335 1734 audacem,
2368 1667 2463 1739 qui
2493 1668 2797 1726 solutiones
2828 1672 3252 1732 similitudinum
3296 1680 3381 1734 in-

79 1775 377 1834 terrogas.
425 1762 532 1818 Sed
555 1764 683 1833 quia
711 1762 827 1834 (28)
860 1764 935 1819 ita
967 1778 1028 1819 es
1061 1764 1333 1834 pertinax,
1368 1763 1577 1818 solvam
1601 1761 1697 1817 tibi
1728 1762 1870 1816 hanc
1898 1777 2064 1831 quam
2091 1764 2373 1819 desideras
2411 1765 2828 1823 similitudinem
2848 1811 2863 1834 ,
2888 1781 2949 1827 ut
2980 1775 3238 1832 omnibus
3276 1793 3379 1831 no-

78 1870 224 1915 tam
257 1858 433 1914 facias
460 1873 602 1913 eam.
644 1857 787 1911 Audi
820 1871 989 1923 nunc,
1016 1854 1214 1926 inquit,
1245 1852 1533 1923 etpercipe
1566 1852 1774 1906 animo.
1799 1849 2000 1907 Orbem
2027 1862 2297 1910 terrarum
2334 1854 2537 1910 fundus
2568 1856 2659 1912 ille
2696 1861 2989 1930 signiﬁcat,
3023 1867 3118 1935 qui
3150 1868 3204 1923 in
3232 1869 3381 1924 simi-

75 1955 400 2012 litudinem
423 1962 507 2010 est
531 1954 762 2024 positus.
793 1952 1060 2009 Dominus
1095 1963 1278 2005 autem
1307 1949 1460 2003 fundi
1493 1949 1905 2004 demonstratur
1933 1962 2054 2003 esse
2082 1948 2150 2015 is,
2187 1949 2281 2019 qui
2331 1948 2540 2004 creavit
2590 1961 2788 2005 cuncta
2839 1964 2892 2008 et
2942 1964 3377 2031 consummavit,

76 2058 146 2105 et
186 2050 454 2104 virtutem
483 2048 592 2103 illis
617 2046 783 2102 dedit.
816 2042 992 2097 Filius
1019 2047 1225 2104 autem,
1259 2036 1497 2107 Spiritus
1522 2045 1750 2091 sanctus
1772 2046 1883 2102 est;
1916 2052 2109 2092 servus
2138 2053 2267 2093 vero
2295 2038 2385 2093 ille
2405 2080 2421 2104 ,
2467 2038 2640 2094 Filius
2668 2038 2765 2095 Dei
2812 2054 2926 2110 est;
2967 2047 3123 2104 vinea
3171 2064 3377 2123 autem,

75 2140 349 2211 populus
376 2147 459 2194 est
484 2153 646 2207 quem
673 2144 856 2193 servat
886 2133 1039 2203 ipse;
1073 2129 1183 2199 pali
1208 2142 1361 2193 vero,
1386 2126 1569 2180 nuntii
1608 2135 1757 2193 sunt,
1783 2126 1878 2197 qui
1920 2141 1951 2180 a
1997 2125 2229 2183 Domino
2266 2130 2543 2198 praepositi
2589 2140 2717 2184 sunt
2744 2132 2813 2186 ad
2856 2136 3244 2195 continendum
3284 2160 3380 2213 ρο-

77 2233 303 2302 pulum
328 2230 485 2301 ejus;
518 2228 700 2284 herbae
723 2234 905 2281 autem
939 2237 1064 2294 qua:
1095 2220 1300 2275 evulsa;
1328 2228 1460 2273 sunt
1485 2217 1555 2271 de
1577 2217 1761 2284 vinea,
1786 2216 2027 2272 admissa
2055 2218 2170 2288 (29)
2201 2227 2329 2272 sunt
2359 2234 2644 2273 servorum
2675 2219 2771 2274 Dei
2801 2239 2815 2275 :
2849 2223 2957 2277 cibi
2986 2240 3116 2280 vero
3141 2245 3282 2298 quos
3311 2233 3379 2286 de

78 2342 269 2384 caena
295 2326 448 2380 misit
477 2324 591 2391 illi,
621 2321 882 2377 mandata
911 2324 1185 2386 suntquae
1211 2328 1308 2383 per
1336 2311 1538 2366 Filium
1562 2311 1712 2365 dedit
1742 2311 1944 2381 populo
1972 2327 2110 2378 suo;
2137 2312 2299 2367 amici
2321 2325 2501 2368 autem
2532 2315 2609 2369 illi
2638 2331 2780 2384 quos
2808 2316 2865 2370 in
2891 2321 3121 2376 consilio
3143 2326 3379 2381 advoca-

79 2421 204 2485 vit,
232 2418 415 2490 angeli
439 2415 555 2487 (50)
588 2424 718 2470 sunt
746 2410 922 2468 sancti
942 2423 1085 2479 quos
1111 2406 1291 2476 primo
1323 2401 1438 2475 (51)
1471 2403 1699 2459 creavit.
1735 2403 1997 2459 Absentia
2026 2418 2156 2459 vero
2190 2404 2338 2460 illius
2364 2405 2796 2474 patrisfamilias,
2829 2418 3043 2481 tempus
3091 2427 3177 2471 est
3229 2422 3377 2488 quod

80 2513 149 2567 in
207 2510 507 2566 adventum
539 2507 662 2577 ejus
689 2512 878 2560 restat.
913 2499 1048 2553 Dico
1069 2496 1119 2551 ei
1150 2513 1164 2551 :
1194 2493 1443 2559 Domine,
1478 2492 1766 2562 magniﬁce
1794 2499 1849 2546 et
1871 2491 2009 2545 mire
2038 2491 2222 2546 omnia
2247 2492 2363 2547 haec
2391 2508 2451 2547 se
2478 2493 2699 2562 habent,
2730 2506 2895 2566 atque
2922 2500 3180 2569 honeste,
3206 2521 3375 2561 num-

84 2604 245 2673 quid
283 2617 437 2672 ergo,
470 2598 713 2659 domine,
748 2596 998 2662 inquam,
1022 2588 1140 2641 haec
1164 2578 1891 2673 poteramhintelligereible
1912 2580 2133 2673 quidem
2166 2581 2440 2650 quispiam
2472 2592 2730 2651 praeterea
2763 2590 2950 2659 homo,
2981 2598 3197 2651 tametsi
3221 2601 3379 2656 valde

80 2669 472 2765 ιῇι-υάρηεέίι,
514 2687 718 2761 poterit
765 2680 881 2756 (52)
932 2676 1235 2747 intelligere
1278 2671 1519 2765 ea._Sed
1550 2670 1879 2765 nuncmihi
1918 2669 2263 2737 demonstra,
2303 2671 2545 2739 domine,
2591 2681 2737 2745 quod
2766 2698 2975 2751 quaero.
3000 2686 3194 2754 Qumre
3224 2695 3374 2764 quod

82 2763 190 2841 ﬁs
238 2784 381 2856 (5'5),
415 2782 616 2852 inquit.
643 2778 847 2846 Quare,
872 2773 1120 2842 inquam,
1170 2767 1345 2821 Filius
1376 2763 1470 2819 Dei
1504 2765 1558 2818 in
1592 2764 1953 2819 similitudine
1996 2764 2124 2830 hac,
2147 2764 2333 2820 servili
2360 2766 2484 2824 loco
2513 2769 2783 2839 ponitur?

1566 2882 1800 2939 CAPUT
1843 2883 1929 2939 Vl.

170 2992 350 3054 Audi,
380 2990 558 3061 inquit
593 3007 606 3044 :
641 2987 697 3042 in
729 2984 911 3042 servili
941 2980 1257 3038 conditione
1284 2992 1395 3069 non
1432 2976 1655 3046 ponitur
1676 2976 1848 3069 Filius
1874 2976 1993 3042 Dei,
2019 2978 2115 3034 sed
2145 2979 2199 3033 in
2230 2994 2426 3049 magna
2472 2991 2738 3050 potestate
2778 2999 2833 3043 et
2874 2991 3105 3064 imperio
3146 2998 3282 3069 (54).
3310 3000 3375 3054 Εἰ

86 3086 222 3142 dixi
257 3104 270 3140 :
297 3083 585 3151 Quomodo
615 3081 754 3153 (55),
779 3079 1028 3148 inquam,
1057 3071 1317 3129 domine?
1353 3068 1472 3124 Non
1504 3069 1768 3140 intelligo.
1802 3068 2097 3137 Quoniam,
2120 3070 2322 3141 inquit,
2348 3072 2430 3126 eis
2452 3088 2592 3142 quos
2620 3074 2733 3147 (36)
2762 3079 2902 3136 Filio
2950 3101 3054 3140 suo
3107 3092 3329 3145 tradidi,
3354 3132 3374 3157 ν

88 3181 283 3238 Filius
308 3181 427 3253 ejus
449 3181 674 3235 nuntios
702 3173 1022 3248 praeposuit,
1047 3171 1113 3225 ad
1134 3166 1539 3225 conservandos
1566 3165 1689 3236 (57)
1716 3165 1998 3237 singulos;
2033 3167 2151 3237 ipse
2188 3176 2372 3222 autem
2413 3168 2707 3237 plurimum
2734 3171 3023 3241 laboravit,
3047 3176 3376 3246 plurimum-

87 3296 215 3353 que
243 3294 538 3350 perpessus
573 3285 677 3342 est,
727 3283 788 3329 ut
822 3271 1067 3325 aboleret
1113 3267 1311 3322 delicta
1341 3279 1555 3319 eorum.
1596 3261 1755 3318 Nulla
1783 3265 1930 3317 enim
1962 3265 2120 3319 vinea
2148 3271 2330 3335 potest
2364 3263 2477 3318 fodi
2502 3264 2624 3319 sine
2684 3263 2877 3319 labore
2934 3282 3000 3321 ae
3022 3267 3231 3323 dolore.
3260 3268 3371 3324 De-

89 3372 235 3427 letis
263 3372 433 3442 igitur
452 3368 698 3440 peccatis
720 3366 907 3437 populi
939 3365 1046 3429 sui,
1082 3364 1197 3433 ipse
1223 3360 1429 3417 eisdem
1460 3360 1787 3414 monstravit
1813 3360 2010 3415 itinera
2046 3361 2191 3428 vitae,
2232 3361 2358 3415 data
2389 3361 2470 3416 eis
2510 3360 2627 3430 lege
2670 3378 2834 3433 quam
2862 3378 2893 3417 a
2937 3360 3099 3419 Patre
3142 3380 3373 3435 accepe-

87 3480 213 3526 rat.
246 3469 414 3525 Vides
440 3468 627 3541 igitur,
666 3482 787 3522 esse
823 3464 1115 3520 Dominum
1143 3461 1351 3533 populi,
1375 3469 1648 3527 acceptaa
1688 3456 1851 3512 Patre
1887 3473 1988 3511 suo
2016 3459 2167 3511 omni
2198 3464 2487 3526 potestate.
2534 3456 2716 3524 Quare
2762 3468 2942 3513 autem
3000 3457 3267 3513 Dominus
3310 3459 3365 3514 in

90 3566 343 3622 consilio
363 3565 676 3619 adhibuerit
700 3562 901 3617 Filium
922 3560 989 3615 de
1007 3558 1342 3622 haereditate,
1360 3566 1413 3611 et
1432 3555 1608 3611 bonos
1626 3552 1738 3624 (58)
1759 3553 2172 3624 angelos?Quia
2204 3554 2429 3607 nuntius
2448 3554 2599 3607 audit
2618 3551 2768 3607 illum
2798 3549 2912 3619 (59)
2949 3546 3209 3617 Spiritum
3237 3563 3367 3602 san-

90 3668 281 3720 ctum,
305 3656 398 3726 qui
417 3654 635 3711 infusus
654 3656 766 3726 (40)
798 3656 1139 3711 estomnium
1168 3654 1381 3725 primus
1402 3653 1457 3707 in
1474 3650 1796 3721 corpore,in
1827 3666 1938 3722 quo
1964 3650 2418 3706 babitaretDens.
2440 3649 2899 3707 Collocavitenim
2912 3662 3037 3702 eum
3058 3647 3372 3703 intellectus

92 3752 153 3804 in
189 3763 445 3818 corpore,
487 3757 548 3803 ut
576 3749 627 3803 ei
660 3749 948 3803 videbatur
989 3747 1126 3819 (41).
1160 3745 1421 3817 liocergo
1462 3759 1694 3814 corpus,
1732 3744 1788 3798 in
1823 3744 1967 3814 quod
1999 3743 2256 3799 inductus
2285 3743 2397 3816 (42)
2436 3754 2520 3799 est
2561 3743 2798 3813 Spiritus
2845 3749 3097 3806 sanctus,
3141 3738 3369 3795 servivit

91 3848 180 3902 illi
212 3846 465 3917 Spiritui,
499 3855 644 3901 recte
676 3847 730 3901 in
762 3846 1033 3902 modestia
1076 3845 1368 3900 ambulans
1396 3852 1449 3899 et
1476 3856 1644 3909 caste,
1679 3857 1857 3913 neque
1887 3841 2119 3897 omnino
2158 3841 2457 3896 maculavit
2489 3840 2755 3911 Spiritum
2805 3838 2982 3892 illum.
3014 3836 3152 3891 Cum
3200 3836 3365 3905 igitur

89 3956 311 4010 corpus
334 3938 466 3994 illud
505 3940 778 4009 paruisset
805 3938 955 3993 omni
987 3946 1234 4007 tempore
1262 3934 1487 4005 Spiritui
1518 3944 1729 4015 sancto.
1756 3943 2010 4003 recteque
2030 3940 2085 3986 et
2110 3941 2260 3987 caste
2280 3931 2590 4001 laborasset
2631 3945 2756 3985 cum
2785 3945 2876 3991 eo,
2910 3943 3007 3982 nec
3045 3928 3370 3981 succubuis-

92 4037 188 4083 set
223 4028 455 4081 inomni
484 4037 761 4098 tempore;
788 4027 1075 4099 fatigatum
1120 4043 1323 4098 corpus
1358 4027 1491 4083 illud
1523 4030 1793 4083 serviliter
1829 4034 2215 4081 conversatum
2247 4025 2359 4095 (45)
2385 4034 2469 4079 est
2495 4065 2508 4089 ,
2547 4025 2642 4080 sed
2699 4024 2915 4078 fortiter
2967 4038 3092 4077 cum
3158 4020 3365 4091 Spiritu

90 4132 303 4180 sancto
330 4124 748 4195 comprobatum
782 4125 893 4181 Deo
932 4133 1212 4213 receptum
1249 4123 1363 4195 (4-1)
1382 4133 1486 4177 est.
1513 4122 1727 4178 Placuit
1756 4123 1924 4189 igitur
1945 4120 2055 4175 Deo
2077 4120 2393 4189 hujusmodi
2439 4118 2553 4190 (45)
2588 4128 2780 4190 potens
2820 4133 3055 4181 cursus;
3096 4116 3225 4186 quia
3248 4130 3368 4169 ma-

1197 4215 1431 4271 VARL‘E
1471 4215 1854 4271 LECTIONES
1888 4213 1977 4268 ET
2009 4214 2242 4269 NOTAE.

172 4309 297 4377 (19)
346 4308 539 4364 Lamb.
568 4309 1036 4371 demonstraveris,
1070 4307 1276 4377 frustra
1306 4307 1510 4361 videbo.
1612 4371 1623 4377 _
1792 4306 1921 4361 leret
1944 4315 2180 4377 peccata.

176 4370 297 4448 (20)
335 4380 526 4435 Lamb.
559 4381 861 4449 exposueris
889 4388 939 4433 et
987 4370 1091 4432 non
1135 4378 1446 4443 absolveris,
1477 4371 1683 4448 [ἐκεῖνα
1815 4444 1823 4449 _
1864 4370 1978 4449 (58)
2000 4375 2127 4449 Mss.
2149 4370 3085 4446 Angl.honestosque.Fell.etbonos
3110 4372 3361 4427 nuntios?

90 4452 347 4507 aadiam.

177 4521 297 4587 (2|)
327 4521 518 4575 Lamb.
545 4520 830 4574 Dominum
861 4535 1033 4590 quem.

172 4590 294 4661 (22)
328 4590 517 4646 Lamb.
544 4592 784 4645 exsolvit.

168 4658 292 4733 (25)
322 4661 451 4733 lilss.
500 4663 659 4732 Angl.
689 4663 1032 4733 quwstionem
1062 4658 1259 4729 ferunt.

174 4731 297 4801 (24)
323 4731 514 4785 Lamb.
560 4731 613 4786 et
648 4731 786 4787 Vict.
821 4734 1054 4786 cunctis.

176 4800 297 4873 (25)
326 4802 416 4856 Sic
459 4819 589 4857 mss.
625 4804 784 4873 Angl.
830 4812 884 4857 et
913 4802 1100 4857 Carm.
1128 4801 1221 4857 Sic
1248 4809 1301 4856 et
1346 4801 1476 4857 edit.
1503 4800 1680 4856 Oxon.

96 4877 190 4932 Al.
220 4878 287 4926 ab
315 4873 458 4926 illius
486 4876 689 4927 nuntio.

198 4944 295 5008 26)
329 4942 517 4997 Lamb.
545 4944 771 5012 loqueris
815 4945 964 4997 mihi.
992 4944 1152 4997 Ades.
1191 4941 1357 5009 Nam,
1382 4952 1486 4998 etc.

198 4948 295 5008 26)
329 4948 517 4997 Lamb.
545 4948 771 5012 loqueris
815 4948 964 4997 mihi.
992 4948 1152 4997 Ades.
1191 4948 1357 5009 Nam,
1382 4952 1486 4998 etc.

173 4948 297 5085 (27)
324 5012 475 5085 Dodl.
507 5013 912 5070 demonstraret.
942 5013 1134 5069 Lamb.
1159 5013 1637 5067 demonstraretur.

174 5083 296 5152 (28)
325 5083 510 5154 Lamb.
547 5088 799 5154 7uamvis.

177 5156 299 5223 (29)
327 5153 517 5208 Lamb.
554 5153 864 5209 commissa.

177 5222 298 5295 (50)
324 5224 462 5295 Mss.
492 5226 651 5295 Angl.
686 5228 879 5281 nuntii.
924 5224 1018 5281 Sic
1045 5233 1101 5281 et
1129 5224 1261 5279 edit.
1296 5222 1473 5280 Oxon.

176 5293 297 5365 (51)
324 5293 513 5348 Lamb.
539 5293 757 5364 primos.

177 5366 298 5435 (52)
327 5365 520 5436 Lamb.
548 5366 639 5435 qui
662 5369 851 5436 possit.

175 5434 295 5505 (53)
324 5434 453 5506 Mss.
498 5434 670 5506 Aug].
690 5437 811 5501 Dic,
837 5438 883 5491 si
906 5437 1031 5506 quid
1061 5437 1159 5491 vis.

322 5505 470 5590 'Mss:
488 5505 644 5590 Aug}.
672 5505 924 5590 magnam
951 5514 1264 5590 potestatem
1290 5514 1338 5559 et
1371 5505 1673 5575 imperium.

199 5578 293 5647 55)
322 5575 510 5647 Lamb.
562 5575 631 5631 Et
663 5575 819 5632 dixi:
865 5577 1342 5642 Quemadmodum.

199 5588 293 5647 a5)
322 5588 510 5629 Lamb.
562 5588 631 5631 ιιι
663 5588 777 5631 dixi
800 5594 819 5632 .'
865 5588 1342 5642 Quemadmodum.

175 5588 297 5730 (Bt-3)
326 5646 514 5701 Lamb.
557 5664 677 5702 eum
725 5665 896 5719 quem.
957 5649 1022 5703 Et
1074 5664 1199 5701 mox
1227 5664 1240 5700 :
1270 5656 1319 5700 et
1353 5644 1530 5698 Filius
1561 5644 1674 5713 ejus

100 5730 329 5780 nuntiis.

172 5790 290 5861 (57)
329 5788 519 5846 Lamb.
552 5789 961 5861 conﬁrmandos.
991 5787 1055 5844 Et
1080 5788 1240 5859 paulo
1272 5796 1393 5859 post
1422 5805 1434 5841 :
1464 5795 1520 5843 ut
1544 5783 1675 5840 abo-

1790 4444 1932 4499 Audi
1959 4444 1977 4498 ξ
2016 4446 2179 4511 Quia.

1864 4516 1979 4585 ('59)
2005 4515 2198 4571 Lamb.
2230 4514 2383 4570 deest
2407 4514 2579 4569 illum.

1863 4586 1977 4655 (40)
2006 4586 2136 4641 Mss.
2176 4586 2337 4655 Angl.
2364 4597 2416 4640 et
2445 4586 2627 4640 Carm.
2663 4592 2893 4638 creatus.

1862 4652 1975 4726 (41)
2013 4655 2204 4710 Lamb.
2248 4652 2307 4709 in
2332 4672 2546 4724 corpore
2572 4657 2709 4726 quod
2741 4656 2788 4707 ei
2815 4655 3106 4726 videbatur.
3136 4652 3252 4707 Hoc
3275 4669 3363 4726 er-

1789 4743 1853 4796 go
1872 4724 2062 4796 corpus
2094 4727 2149 4780 in
2191 4742 2294 4796 quo
2330 4726 2593 4779 habitaret
2634 4725 2798 4796 Deus,
2839 4725 3115 4778 collocavit
3150 4724 3362 4796 intelle—

1791 4794 1907 4849 ctus
1934 4794 2136 4851 scilicet
2164 4794 2378 4866 carpare
2408 4797 2546 4865 quod
2575 4798 2623 4848 ei
2651 4795 2945 4866 videbatur.
2975 4796 3045 4848 At
3073 4812 3176 4850 ms.
3204 4794 3357 4866 Vict.

1786 4868 2053 4921 intellecto
2080 4863 2282 4920 scilicet
2307 4863 2520 4935 corpore
2552 4867 2690 4936 quod
2718 4867 2766 4919 ei
2791 4864 3083 4936 videbatur.
3114 4863 3361 4919 —Hunc

1786 4937 1965 4991 locum
1989 4937 2145 4991 valde
2167 4934 2509 5006 corruptum,
2532 4934 2596 4989 ex
2621 4951 2754 4991 mss.
2778 4945 2830 4990 et
2855 4934 3155 5006 editionum
3187 4936 3359 4989 colla-

1788 5007 1935 5061 tione
1957 5008 2037 5061 sic
2060 5007 2287 5075 corrigit
2334 5004 2692 5061 doctissimus
2723 5004 2962 5075 Grabius
2990 5023 3004 5057 τ
3046 5005 3224 5069 Quare
3259 5024 3358 5058 au-

1787 5087 1890 5129 tem
1924 5076 2180 5131 Dominus
2215 5074 2283 5131 (in
2314 5077 2535 5130 consilio
2583 5077 2882 5130 adhibuerit
2919 5074 3119 5127 Filium
3158 5076 3222 5128 de
3246 5077 3357 5129 ha:-

1783 5148 2028 5209 reditate,
2062 5149 2404 5217 honestosque
2447 5148 2681 5212 nuntios,
2731 5146 2857 5198 audi
2882 5160 2904 5198 :
2932 5144 3195 5214 Spiritum
3231 5162 3359 5198 san-

1782 5228 1924 5271 ctum
1950 5219 2039 5288 qui
2070 5227 2278 5288 creatus
2306 5226 2382 5270 est
2413 5218 2645 5269 omnium
2676 5218 2898 5285 primus,
2938 5219 3007 5288 in
3056 5232 3271 5283 corpore
3297 5219 3355 5269 in

1781 5304 1884 5357 quo
1924 5286 2187 5341 habitaret
2227 5287 2397 5349 Deus,
2428 5287 2741 5351 collocavit;
2776 5288 2830 5339 in
2861 5286 3059 5339 delecto
3097 5302 3353 5354 corpore,

1780 5360 1919 5427 quod
1948 5360 1995 5413 ei
2026 5357 2316 5412 videbatur.
2350 5357 2509 5411 WAR.

1854 5429 2111 5510 (42)Mss.
2131 5429 2290 5499 Angl.
2319 5429 2374 5481 in
2399 5445 2501 5499 quo
2526 5428 2804 5483 deductus.
2833 5426 2925 5486 Sic
2955 5439 3009 5485 et
3034 5428 3175 5483 Vict.
3212 5427 3344 5481 abs-

1820 5514 1888 5553 ue
1910 5516 1985 5553 ιιι.

1780 5513 1985 5567 quein.

1853 5570 1965 5638 (45)
1991 5568 2180 5622 Lamb.
2216 5579 2602 5625 conservatum.

1863 5640 1976 5709 (44)
2021 5639 2150 5692 Mss.
2175 5638 2356 5693 Germ.
2386 5648 2440 5695 et
2475 5639 2610 5696 Vict.
2650 5648 3029 5713 receptumque.
3061 5638 3129 5694 At
3157 5638 3350 5695 Carm.

1778 5720 2159 5765 conservatum.

1856 5780 1968 5852 (45)
2000 5780 2103 5836 Ms.
2142 5777 2276 5836 Vict.
2307 5780 2460 5851 hujus
2508 5797 2639 5840 esse.
