3822 6218
77 304 193 361 965

1189 280 1488 340 PASTOR.
1526 314 1595 325 —
1632 278 1765 341 LIB.
1808 281 1913 349 lll,.
1938 279 2140 338 SIMIL.
2184 283 2275 341 Vl.

3269 283 3376 341 966

1542 392 1773 448 CAPUT
1832 395 1899 449 Il.

152 483 267 543 Καὶ
295 484 444 558 λέγει
480 505 590 560 μοι·
629 487 858 553 Βλέπεις
889 486 981 542 τὸν
1016 487 1252 558 ποιμένα
1290 484 1511 552 τοῦτον;
1544 486 1676 539 Βλέ-

1852 485 1943 539 Ait
1965 485 2099 540 mihi
2115 486 2344 557 angelus
2367 503 2383 543 :
2404 485 2569 542 Vides
2582 494 2766 543 autem
2784 487 2898 559 (65')
2915 488 3060 544 hunc
3073 487 3377 560 pastorem?

70 600 191 645 πω,
218 580 381 651 φημὶ,
418 579 595 652 κύριε.
626 573 814 647 Οὗτος,
854 580 1041 652 φησὶν,
1077 579 1307 649 ἄγγελος
1338 581 1551 651 τρυφῆς
1583 580 1679 633 καὶ

69 672 304 742 ἀπάτης
333 670 501 723 ἐστίν.
536 668 709 735 Οῦτος
742 670 984 743 ἐκτρίϐει
1027 669 1127 734 τὰς
1171 669 1350 740 ψυχὰς
1398 670 1508 723 τῶν
1555 670 1678 724 δού-

70 760 188 813 λων
226 758 323 812 τοῦ
360 759 520 823 Θεοῦ,
574 760 667 813 καὶ
712 759 1080 831 καταστρέφει
1119 760 1229 813 ἀπὸ
1260 761 1363 831 τῆς
1398 759 1675 831 ἀληθείας,

70 849 312 903 ἀπατῶν
336 849 508 912 αύτάς
540 852 664 913 ταῖς
694 850 1012 922 ἐπιθυμίαις
1046 853 1165 915 ταῖς
1190 853 1476 922 πονηραῖς,
1504 852 1561 905 ἐν
1595 848 1683 915 αἶς

75 942 417 996 ἀπόλλυνται
446 942 929 1015 ἐπιλανθανόμενοι
950 943 1063 997 τῶν
1089 943 1319 997 ἐντολῶν
1350 943 1445 997 τοῦ
1481 943 1682 1009 ζῶντος

70 1035 176 1089 τοῦ
209 1034 371 1101 Θεοῦ,
404 1036 501 1089 καὶ
518 1036 873 1108 πορευόμενοι
909 1036 1007 1109 (ἐν)
1031 1039 1152 1100 ταῖς
1183 1036 1684 1109 ματαίαιςτρυφαίς

1787 574 1981 642 Video,
2027 579 2275 648 inquam,
2309 580 2552 635 domine.
2597 579 2664 634 Et
2700 581 2842 635 dixit
2882 581 3017 636 mihi
3053 600 3067 636 :
3102 580 3203 637 llic
3231 597 3379 637 nun-

1785 670 1896 726 tius
1924 670 2232 727 dulcedinis
2263 688 2327 726 ac
2359 672 2657 743 voluptatis
2684 681 2771 728 est
2799 673 2937 743 (66).
2965 672 3065 730 Hic
3086 691 3217 747 ergo
3246 689 3375 732 cor-

1783 758 1987 828 rumpit
2016 769 2227 814 mentes
2261 776 2549 816 servorum
2582 760 2697 830 Dei,
2725 772 2780 818 et
2810 765 3007 819 avertit
3044 780 3141 821 eos
3173 782 3203 821 a
3230 767 3377 823 veri-

1784 858 1915 915 tate,
1953 839 2241 905 oblect'ans
2272 852 2710 920 cupiditatibus;
2764 862 2820 908 et
2864 864 3114 924 pereunt.
3164 856 3376 912 Oblivi-

1785 951 2021 997 scuntur
2048 942 2195 996 enim
2236 943 2495 997 mandata
2533 942 2630 998 Dei
2656 944 2787 1009 vivi,
2824 954 2879 1000 et
2904 945 2957 999 in
2984 946 3220 1003 luxuriis
3243 964 3378 1005 cona

1786 1043 2080 1089 versantur
2106 1042 2161 1088 et
2188 1033 2401 1090 deliciis
2430 1035 2608 1102 vanis,
2633 1044 2687 1091 et
2711 1048 3147 1109 corrumpuntur
3172 1039 3242 1095 ab
3269 1041 3377 1096 hoc

73 1130 173 1183 καὶ
208 1130 449 1194 ἀπάταις
476 1128 571 1184 τοῦ
608 1130 726 1201 βίου
759 1129 1087 1188 τούτουμΔιὸ
1114 1131 1206 1184 καὶ
1229 1130 1559 1185 ἀπόλλυνται
1578 1131 1684 1185 ὑπὸ

1835 1126 1981 1179 untio
2002 1125 2147 1179 malo
2172 1124 2284 1197 (67)
2302 1126 2470 1197 aliqui
2490 1143 2664 1198 usque
2682 1128 2749 1182 ad
2772 1137 3029 1196 mortem,
3048 1130 3219 1200 aliqui
3246 1147 3378 1187 vero

72 1221 175 1275 τοῦ
201 1221 441 1290 ἀγγέλου
462 1222 653 1275 τούτου
670 1223 752 1285 είς
770 1221 1000 1277 θάνατον
1016 1223 1110 1276 καὶ
1134 1223 1503 1295 καταφθοράν.
1522 1224 1684 1293 Λέγω

74 1314 258 1387 αὐτῷ·
294 1314 370 1367 Οὐ
402 1314 679 1384 γινώσκω,
711 1313 890 1387 κύριε,
921 1317 976 1369 τί
1005 1318 1152 1370 ἐστιν
1180 1320 1268 1384 εὶς
1303 1315 1562 1370 θάνατον
1591 1316 1685 1369 καὶ

76 1406 485 1475 καταφθοράν.
521 1408 631 1461 Καὶ
676 1407 825 1476 λέγει
860 1424 971 1480 μοι’
1011 1409 1207 1462 Ἀκουε
1234 1448 1251 1475 ,
1288 1410 1474 1479 φησίν·
1511 1410 1579 1461 Ἃ
1606 1404 1684 1461 εἷ-

74 1503 169 1565 δες
203 1500 455 1572 πρόϐατα
483 1500 650 1573 ἱλαρά
672 1504 769 1556 καὶ
796 1503 1121 1576 σκιρτῶντα,
1138 1498 1284 1559 οὗτοί
1317 1506 1453 1558 εἰσιν
1481 1506 1529 1557 οἱ
1553 1505 1687 1558 ἀπε-

78 1592 395 1662 σπασμένοι
434 1592 543 1645 ἀπὸ
574 1593 670 1647 τοῦ
700 1593 835 1648 Θεοῦ
859 1596 940 1659 εἰς
964 1596 1139 1660 τέλος,
1168 1597 1263 1650 καὶ
1296 1597 1683 1669 παραδεδωκό-

74 1702 176 1747 τες
208 1686 436 1749 ἑαυτοὺς
465 1672 586 1751 ταῖς
614 1686 934 1759 ἐπιθυμίαις
966 1688 1061 1742 τοῦ
1104 1690 1299 1756 αἰῶνος
1337 1692 1547 1745 τούτου.
1598 1693 1685 1746 Ἐν

74 1776 301 1840 τούτοις
335 1780 594 1848 μετάνοια
635 1779 783 1851 ζωῆς
821 1782 923 1834 οὐκ
954 1780 1121 1835 ἐστιν’
1169 1783 1250 1836 ὅτι
1284 1785 1379 1837 καὶ
1418 1784 1481 1838 τὸ
1511 1785 1686 1857 ὄνομα

1788 1231 1965 1285 usque
1986 1215 2056 1270 ad
2074 1215 2435 1272 defectionem
2454 1219 2590 1291 (68).
2610 1218 2744 1275 Dico
2765 1220 2814 1276 ei
2841 1240 2853 1275 :
2877 1220 3128 1289 Domine,
3151 1238 3260 1277 non
3293 1223 3381 1277 in-

1786 1308 1990 1377 telligo,
2018 1308 2151 1379 quid
2178 1310 2249 1365 sit
2278 1311 2346 1363 ad
2375 1321 2617 1377 mortem,
2654 1320 2709 1368 et
2742 1313 2874 1383 quid
2905 1318 2974 1366 ad
3005 1314 3374 1384 defectionem.

1786 1403 1950 1469 Audi,
1984 1402 2164 1473 inquit
2191 1422 2204 1459 :
2236 1402 2590 1474 Quaecunque
2623 1420 2823 1475 pecora
2850 1405 3033 1460 vidisti
3069 1406 3225 1461 valde
3253 1406 3378 1460 laeta

1787 1506 1843 1552 et
1864 1496 2218 1562 exsultantia,
2251 1497 2287 1550 ii
2317 1506 2447 1551 sunt
2474 1498 2569 1567 qui
2602 1498 2656 1551 in
2686 1507 3010 1568 perpetuum
3048 1497 3160 1568 (69)
3191 1514 3221 1552 a
3264 1497 3377 1552 Deo

1788 1588 2184 1655 discesserunt,
2224 1597 2280 1643 et
2301 1589 2645 1644 tradiderunt
2670 1606 2729 1645 se
2754 1590 3042 1645 desideriis
3076 1591 3242 1660 hujus
3269 1605 3376 1645 sa:-

1790 1681 1921 1736 culi.
1951 1680 2022 1737 lis
2048 1696 2179 1752 ergo
2208 1695 2319 1734 non
2344 1691 2427 1737 est
2450 1696 2545 1752 per
2579 1682 2961 1753 paenitentiam
2992 1698 3279 1754 regressus
3308 1683 3378 1739 ad

1790 1774 1957 1828 vitam
1988 1792 2003 1841 ;
2029 1773 2289 1843 quoniam
2318 1773 2540 1844 quidem
2574 1774 2894 1844 adjecerunt
2928 1775 2994 1829 ad
3041 1776 3250 1846 reliqua
3281 1776 3377 1830 de-

73 1866 181 1920 τοῦ
214 1867 351 1921 Θεοῦ
386 1870 454 1923 δι’
488 1871 685 1939 αὐτοὺς
724 1871 1146 1947 βλασφημεῖται.
1199 1877 1322 1931 Τῶν
1352 1877 1609 1934 τοιούτων
1649 1880 1682 1950 ἡ

1835 1875 1913 1921 cla
1935 1882 2055 1932 sua,
2070 1874 2334 1921 etnomen
2355 1865 2467 1937 (70)
2487 1866 2703 1923 Domini
2723 1867 2974 1923 nefandis
2998 1868 3245 1923 insectati
3262 1868 3378 1941 (71)

77 1963 204 2036 ζωὴ
238 1964 467 2031 θάνατός
493 1968 660 2021 ἐστιν.
703 1970 771 2021 Ἃ
810 1968 867 2021 δὲ
898 1965 1038 2034 εἶδες
1073 1970 1148 2041 μὴ
1176 1970 1477 2041 σκιρτῶντα
1498 2012 1513 2036 ,
1548 1972 1686 2025 ἀλλὰ

76 2058 183 2110 καὶ
214 2058 275 2111 ἐν
306 2059 460 2130 τόπῳ
493 2058 829 2132 βοσκόμενα,
863 2056 1009 2115 οὗτοί
1040 2064 1178 2116 εἰσιν
1223 2066 1270 2117 οἱ
1305 2065 1687 2137 παραδεδωκό-

76 2167 181 2213 τες
203 2150 304 2220 μὲν
327 2153 394 2222 τῇ
428 2154 608 2224 τρυφῇ
631 2153 726 2205 κα)⁵
754 2153 940 2227 ἀπάτῃ
973 2156 1220 2220 ἑαυτοὺς,
1239 2157 1319 2219 είς
1352 2156 1409 2210 δὲ
1444 2156 1537 2209 τὸν
1568 2158 1687 2211 Κύέ

82 2260 208 2313 ριον
229 2242 304 2313 μὴ
336 2242 830 2316 βλασφημήσαντες
847 2262 860 2276 ’
879 2242 1022 2300 οὗτοι
1039 2243 1130 2301 οῦν
1158 2248 1593 2321 κατεφθαρμένοι
1610 2251 1689 2304 εί-

83 2341 178 2392 σὶν
210 2340 321 2393 ἀπὸ
351 2340 454 2410 τῆς
499 2340 774 2411 ἀληθείας·
822 2341 881 2396 ἐν
913 2343 1123 2407 τούτοις
1167 2342 1324 2407 ἐλπίς
1356 2345 1472 2397 ἐστι
1521 2361 1688 2416 μετα-

82 2430 264 2494 νοίας,
300 2430 360 2482 ἐν
469 2428 725 2483 δύνανται
769 2430 955 2501 ζῆσαι.
1009 2432 1074 2484 Ἦ
1110 2431 1433 2504 καταφθορά
1475 2428 1569 2486 οῦν
1600 2432 1689 2485 ἐλ-

82 2518 222 2572 πίδα
250 2517 366 2589 ἔχει
399 2519 752 2583 ἀναστάσεως
783 2519 890 2584 ἐως
928 2522 1092 2585 τινόςο
1127 2524 1154 2576 ό
1184 2522 1243 2576 δὲ
1269 2522 1498 2587 θάνατος
1531 2522 1686 2577 ἀπώ-

84 2612 241 2665 λειαν
287 2610 400 2682 ἔχει
443 2612 680 2666 αἰώνιον.
734 2612 902 2668 Πάλιν
951 2615 1267 2687 προέϐημεν
1317 2616 1543 2688 μικρὸν,
1594 2617 1689 2672 καὶ

1789 1957 2147 2014 ευηι”γειί)ἰδ.
2190 1955 2517 2029 Hujusmodi
2549 1959 2797 2015 homines
2843 1960 3009 2014 morti
3043 1970 3171 2015 sunt
3202 1961 3376 2016 desii-

1787 2050 1924 2105 nati.
1957 2048 2090 2115 Quae
2120 2064 2249 2105 vero
2295 2050 2482 2104 vidisti
2526 2065 2724 2119 pecora
2761 2066 2869 2105 non
2901 2052 3252 2119 exsultantia,
3279 2051 3380 2109 sed

1789 2158 1902 2198 uno
1929 2142 2052 2198 loco
2076 2142 2383 2208 vescentia;
2418 2142 2457 2195 ii
2481 2152 2629 2209 sunt,
2665 2142 2759 2213 qui
2790 2143 3129 2198 tradiderunt
3164 2158 3224 2199 se
3249 2145 3378 2214 qui-

1791 2234 1914 2289 dem
1946 2233 2159 2288 deliciis
2189 2248 2255 2288 ac
2299 2232 2708 2303 voluptatibus,
2743 2232 2881 2286 nihil
2918 2248 3048 2288 vero
3079 2233 3378 2291 nefandum

1790 2324 1847 2379 in
1862 2324 2156 2381 Dominum
2173 2326 2342 2381 locuti
2364 2335 2514 2382 sunt.
2538 2325 2603 2380 Hi
2619 2326 2785 2398 igitur
2801 2342 2909 2381 non
2931 2326 3045 2398 (72)
3061 2327 3379 2384 defecerunt

1791 2419 2102 2486 averitate,
2144 2418 2378 2489 ideoque
2409 2421 2710 2491 repositam
2748 2418 2931 2474 adhuc
2978 2419 3182 2476 habent
3224 2437 3376 2492 spem

1790 2512 1916 2566 vitae
1931 2513 1985 2566 in
2002 2511 2344 2579 paenitentia.
2358 2510 2601 2567 Deiectio
2623 2511 2769 2566 enim
2787 2511 2951 2566 habet
2968 2527 3119 2581 spem
3136 2512 3378 2582 aliquam

1791 2601 2300 2672 redintegrationis;
2335 2617 2486 2657 mors
2530 2617 2659 2657 vero
2694 2610 2958 2673 perpetuo
2985 2610 3201 2657 tenetur
3226 2600 3388 2655 inter-

84 2703 334 2758 δείκνυσί
382 2722 473 2775 μοι
518 2705 704 2777 ἓτερον
752 2706 985 2777 ποιμένα
1035 2707 1228 2778 μέγαν,
1281 2708 1357 2771 ὡς
1397 2708 1587 2781 ἄγριον
1618 2710 1687 2781 τῇ

92 2797 229 2869 ἰδέᾳ,
275 2798 656 2869 περικείμενον
700 2797 874 2870 δέρμα
906 2792 1083 2869 αῖγιον
1119 2799 1330 2865 λευκὸν,
1366 2804 1461 2855 καὶ
1507 2804 1689 2875 πήραν

1838 2784 1879 2837 it
1906 2784 2043 2838 mihi
2075 2793 2352 2854 pastorem
2378 2799 2658 2855 magnum,
2689 2795 2743 2840 et
2768 2786 2917 2840 velut
2948 2795 3216 2856 agrestem
3242 2788 3382 2859 ligu-

87 2888 218 2942 τινὰ
247 2884 396 2959 εἶχεν
431 2890 522 2942 ἐπ)⁸
554 2891 645 2944 τὸν
680 2884 850 2962 ὦμον,
886 2892 979 2944 καὶ
1016 2892 1209 2963 ῥάϐδον
1256 2894 1500 2966 σκληρὰν
1545 2895 1686 2962 λίαν,

1835 2891 1909 2930 tm
1965 2876 2255 2931 habentem
2294 2876 2444 2947 (75),
2474 2878 2735 2933 amictum
2778 2879 2918 2948 pelle
2961 2879 3085 2934 alba
3131 2879 3382 2950 caprina,

90 2986 189 3038 κα).
213 2984 374 3049 ὄζους
402 2984 647 3055 ἔχουσαν,
671 2986 846 3040 καὶτὸ
878 2986 1095 3059 βλέμμα
1125 2984 1269 3060 εἶχεν
1304 2989 1519 3061 πικρὸν,
1548 2989 1689 3067 ᾦισεςε

1835 2984 1977 3024 eram
2011 2977 2314 3040 gestantem
2344 2971 2399 3024 in
2425 2970 2676 3035 humero,
2704 2978 2759 3025 et
2785 2986 2951 3025 manu
2976 2972 3183 3043 virgam
3210 2974 3384 3029 nodo‘

99 3076 406 3147 ,ροϐηθῆναί
441 3095 509 3149 με
542 3078 723 3132 αὐτόν.
774 3075 942 3142 Οὗτος
973 3076 1067 3133 οῦν
1098 3080 1126 3132 ὁ
1161 3084 1366 3152 ποιμὴν
1399 3061 1690 3155 παρελάμ-

1835 3079 1909 3118 λη]
1932 3071 1987 3118 et
2005 3062 2160 3117 valde
2190 3061 2407 3127 duram,
2425 3070 2479 3116 et
2494 3061 2765 3134 ﬂagellum
2792 3062 2905 3133 (74)
2926 3063 2977 3118 in
3002 3080 3199 3128 manu;
3225 3080 3384 3135 aspe-

93 3169 225 3222 ϐανε
258 3168 330 3222 τὰ
364 3170 613 3241 πρόϐατα
641 3172 750 3225 ἀπὸ
787 3171 883 3225 τοῦ
922 3172 1178 3243 ποιμένος
1209 3172 1303 3226 τοῦ
1343 3174 1559 3245 πρώτω
1592 3154 1689 3231 τοῦ

1835 3165 1942 3210 tum
1974 3164 2156 3211 autem
2183 3165 2390 3209 trucem
2416 3154 2529 3225 (75)
2554 3162 2608 3210 et
2633 3168 2837 3209 saevum
2866 3156 3129 3224 habebat,
3160 3166 3222 3212 ut
3249 3171 3380 3227 pos-

94 3259 405 3323 νεανὶσκου,
440 3261 624 3314 ἐκεῖνα
650 3261 721 3315 τὰ
750 3262 1132 3327 σπαταλῶντα,
1154 3262 1249 3316 καὶ
1278 3264 1590 3334 τρυφῶντα,
1612 3266 1686 3340 μὴ

1835 3259 1881 3304 et
1927 3258 2135 3303 terrere
2166 3249 2382 3317 aliquos
2416 3247 2527 3319 (76)
2569 3266 2581 3301 :
2628 3248 2755 3303 talis
2781 3256 2900 3303 erat
2952 3258 3206 3319 aspectus
3236 3250 3379 3320 ejus.

96 3352 411 3425 σκιρτῶντα
437 3354 516 3418 δὲ,
555 3355 650 3429 καὶ
682 3354 905 3409 ἔϐαλλεν
933 3355 1074 3409 αύτά
1095 3356 1176 3419 είς
1199 3372 1324 3410 τινα
1354 3358 1518 3411 τόπον
1552 3375 1690 3431 κρη-

1835 3342 1896 3397 lic
1916 3356 2047 3413 ergo
2068 3341 2451 3411 accipiebatab
2479 3340 2572 3394 illo
2592 3340 2792 3410 juvene
2821 3348 3042 3410 pastore
3064 3356 3129 3395 ea
3161 3356 3384 3411 pecora,

97 3445 309 3515 μνώδη,
346 3447 440 3499 καὶ
472 3446 778 3517 ἀκανθώδη,
813 3446 906 3499 καὶ
937 3447 1255 3519 τριϐολώδη·
1285 3448 1426 3523 ᾠηστε
1448 3451 1557 3504 ἀπὸ
1578 3450 1690 3504 τῶν

1837 3451 1919 3490 ua:
1948 3435 2171 3491 delicias
2197 3434 2311 3505 (77)
2343 3434 2562 3504 quidem
2592 3434 2848 3503 agebant,
2884 3433 2979 3489 sed
3007 3449 3115 3489 non
3140 3434 3387 3490 exsulta-

1784 2693 1887 2748 itu.
1953 2690 2196 2748 Rursum
2223 2694 2499 2763 progressi
2523 2708 2717 2749 sumus
2746 2694 3070 2763 paululum:
3105 2702 3161 2749 et
3189 2703 3380 2749 osten-
3478 2686 3479 2689 “

97 3539 357 3595 ἀκανθῶν
373 3541 465 3593 καὶ
494 3540 758 3611 τριϐόλων
786 3540 1132 3612 μὴδύνασθαι
1166 3543 1424 3610 ἐκπλέξαι
1455 3543 1526 3597 τὰ
1555 3544 1690 3617 πρό-

97 3634 261 3695 ϐατα,
295 3632 411 3685 ἀλλ’
442 3632 811 3703 ἐμπλέκεσθαι
835 3637 957 3698 ταῖς
989 3635 1253 3698 ἀκάνθαις
1273 3637 1369 3690 καὶ
1398 3637 1689 3709 τριϐόλοις,

96 3726 196 3779 καὶ
225 3725 345 3778 λίαν
380 3724 785 3796 ἐταλαιπώρουν
817 3727 1081 3798 δερόμενα
1114 3729 1206 3781 ὑπ’
1241 3728 1427 3781 αὐτοῦ’
1464 3732 1557 3784 καὶ
1590 3727 1692 3785 ὦδε

98 3820 267 3872 κάκεῖ
298 3818 649 3891 περιέλαυνεν
682 3820 841 3874 αύτά’
877 3823 971 3876 καὶ
1010 3823 1148 3886 ὅλως
1168 3822 1478 3878 ἀνάπαυσιν
1509 3826 1693 3891 αὐτοῖς

96 3912 202 3963 οὐκ
234 3910 429 3977 ἐδίδου,
467 3912 588 3964 οὐδὲ
622 3912 859 3965 ἵσταντο.

1798 3547 1961 3614 bant;
1990 3555 2046 3600 et
2076 3544 2438 3615 compellebat
2463 3560 2525 3599 ea
2554 3545 2609 3598 in
2634 3545 2970 3615 praecipitem
2988 3545 3169 3600 locum
3192 3561 3387 3616 quem-

1800 3642 1950 3707 dam,
1980 3655 2046 3695 ac
2083 3639 2369 3708 spinosum
2396 3638 2724 3708 tribulisquc
2740 3637 3072 3703 confertum,
3098 3653 3274 3708 usque
3289 3638 3389 3694 ad-

1799 3750 1866 3791 eo
1890 3744 1950 3789 ut
1974 3735 2040 3789 de
2067 3733 2242 3802 spinis
2279 3740 2335 3787 et
2371 3732 2586 3786 tribulis
2614 3746 2674 3786 se
2699 3745 2807 3785 non
2836 3741 3060 3800 possent
3088 3732 3384 3802 explicare;

1801 3826 1897 3883 sed
1928 3826 2191 3895 implicita
2233 3824 2308 3879 ibi
2338 3824 2705 3893 pascebantur
2743 3823 2916 3893 Spinis
2947 3831 3002 3877 et
3047 3823 3300 3890 tribulis;
3333 3831 3391 3879 et

1799 3934 1993 3991 graves
2008 3916 2405 3988 (78)cruciatus
2416 3915 2840 3985 experiebantur
2857 3930 2924 3970 ex
2940 3914 3259 3971 verberibus
3272 3915 3387 3986 (79)

98 4004 224 4074 ejus
254 4020 267 4055 :
299 4004 497 4074 agebat
521 4005 667 4060 enim
693 4020 779 4069 ea,
811 4012 867 4060 et
896 4018 997 4059 nec
1020 4005 1361 4061 consistendi
1384 4006 1467 4063 eis
1490 4007 1673 4063 locum
1699 4019 1794 4065 aut
1821 4018 2041 4078 tempus
2067 4005 2180 4077 (80)
2210 4005 2584 4075 permittebat.

1554 4118 1784 4175 CAPUT
1822 4120 1915 4173 ΙΙΙ.

178 4211 403 4266 Βλέπων
433 4204 525 4265 οῦν
558 4208 696 4263 αὐτὰ
721 4208 832 4278 ἐγὼ
864 4208 1037 4273 οὕτως
1074 4207 1445 4281 μαστιζόμενα
1476 4211 1570 4264 καὶ
1601 4228 1700 4264 τα-

100 4301 521 4373 λαιπωροῦντα,
559 4301 872 4371 ἐλυπούμην
906 4299 992 4352 ἐπ’
1026 4300 1228 4364 αὐτοῖς,
1262 4301 1344 4355 ὅτι
1366 4301 1539 4365 οὕτως
1569 4302 1699 4355 ἐϐα-

1881 4207 2020 4263 Cum
2061 4208 2304 4263 viderem
2347 4222 2480 4278 ergo
2524 4207 2607 4263 sic
2652 4222 2717 4263 ea
2752 4206 3015 4279 ﬂagellari
3044 4216 3099 4264 et
3131 4209 3389 4265 miserias

1810 4300 2071 4372 experiri,
2101 4300 2354 4356 dolebam
2385 4314 2486 4369 pro
2512 4299 2614 4365 eis,
2646 4299 2777 4369 quia
2798 4299 2957 4355 valde
2977 4300 3387 4369 cruciabantur,

103 4394 409 4458 σανίζοντο,
446 4394 540 4447 καὶ
563 4392 761 4464 ἀνοχὴν
788 4391 926 4455 ὅλως
956 4391 1056 4444 οὐκ
1092 4388 1255 4462 εἶχον.
1306 4393 1417 4446 Καὶ
1449 4392 1592 4462 λέγω
1623 4394 1698 4465 τῷ

1835 4409 1913 4450 nec
1944 4394 2055 4449 ulla
2102 4393 2325 4464 requies
2365 4393 2447 4447 eis
2470 4392 2725 4447 dabatur.
2755 4390 2887 4446 Dico
2913 4390 2982 4445 ad
3010 4400 3283 4462 pastorem
3316 4394 3388 4448 il-

100 4484 325 4555 ἀγγέλῳ
352 4483 430 4555 τῷ
466 4484 583 4555 μετ’
617 4483 752 4554 ἐμοῦ
785 4480 1056 4536 λαλοῦντι·
1093 4482 1287 4554 Κύριε,
1322 4484 1407 4547 τίς
1442 4484 1589 4539 ἐστιν
1616 4481 1698 4540 οὗ·

1837 4504 1927 4543 um
1950 4488 2045 4558 qui
2076 4496 2196 4542 erat
2223 4501 2439 4541 mecum
2468 4502 2484 4538 :
2518 4483 2653 4552 Quis
2678 4492 2783 4552 est,
2806 4482 3055 4551 Domine,
3088 4485 3177 4540 hic
3201 4494 3391 4556 pastor

1225 4595 1460 4650 VARl/E
1501 4596 1888 4658 LECTIONES
1920 4602 2008 4658 ET
2043 4601 2275 4658 ΝΟΤᾹΞ.

102 4696 266 4751 sione
285 4692 494 4747 librarii
518 4691 731 4746 incuria
755 4689 1014 4742 videntur
1032 4688 1324 4759 excidisse.
1338 4688 1497 4758 Apud
1516 4690 1698 4759 ipsum

105 4779 352 4833 namque
379 4762 542 4834 paulo
570 4770 695 4834 post
722 4760 840 4834 haec
863 4759 1122 4834 leguntur
1147 4775 1159 4810 :
1193 4758 1323 4823 Quae
1366 4776 1484 4834 vero
1517 4758 1700 4816 vidisti

102 4828 297 4903 pecora
325 4828 429 4887 non
468 4828 821 4903 exsultantia,
846 4828 936 4883 sed
970 4844 1072 4881 uno
1103 4828 1517 4903 loc‘ouves‘centia
1534 4848 1551 4893 ;
1579 4848 1701 4901 qua:

103 4898 243 4961 sane
271 4906 477 4958 omissa
503 4900 859 4971 praecedentia
884 4908 1143 4970 arguunt.
1169 4900 1270 4954 Cll.
1300 4898 1546 4955 Pastoris
1578 4898 1698 4957 edi-

108 4986 265 5032 tores
296 4975 345 5027 id
386 4974 594 5043 fugisse
619 4972 811 5026 miror.

182 5046 298 5116 ((35)
358 5038 550 5098 Lamb.
605 5044 804 5098 desunt
854 5038 1075 5110 angelus
1132 5048 1186 5095 et
1239 5048 1438 5095 autem.
1502 5041 1594 5098 Sic
1646 5052 1701 5098 et

104 5116 321 5172 Graeca.

182 5188 296 5258 (66)
338 5189 415 5239 Ita
446 5184 629 5239 Fellus
653 5199 720 5258 ex
751 5198 882 5258 mss.
911 5180 1067 5258 Angl.
1104 5182 1305 5253 quibus
1336 5180 1487 5239 deest
1524 5182 1699 5239 illece-

106 5253 353 5321 brarum,
386 5258 530 5326 quod
564 5255 771 5307 addunt
798 5253 950 5326 editi.

182 5328 298 5398 (67)
333 5323 525 5380 Lamb.
552 5328 703 5398 deest
726 5323 889 5377 malo.

182 5395 297 5465 (68)
335 5398 543 5461 Graeca,
575 5396 643 5448 ad
676 5395 1090 5463 corruptionem.

180 5470 296 5537 (69)
330 5467 523 5521 Lamb.
552 5475 821 5536 perpetuo.

184 5536 299 5610 (70)
334 5537 528 5592 Lamb.
576 5553 696 5602 sua,
732 5537 890 5589 etiam
931 5536 1027 5589 hoc
1074 5536 1209 5592 quod
1253 5552 1461 5591 nomen.
1513 5536 1604 5591 Sic
1640 5544 1696 5592 et

110 5609 318 5664 Folius.

186 5682 299 5749 (7i)
331 5678 463 5734 Mss.
499 5679 655 5749 Angl.
692 5677 938 5733 insecuti.

186 5752 300 5823 (ἳῖ)
334 5750 464 5807 Mss.
494 5751 650 5822 Angl.
697 5751 848 5808 deest
875 5764 977 5802 non
1005 5763 1021 5802 :
1051 5764 1225 5819 neque
1254 5749 1417 5823 illud,
1452 5749 1698 5821 agnoscit

1803 4696 1934 4749 edit.
1968 4696 2141 4748 Oxon.
2174 4692 2362 4748 Graeca
2390 4710 2402 4746 :
2442 4689 2515 4746 Hi
2534 4691 2747 4762 quidem
2766 4690 3002 4761 corrupti
3025 4697 3076 4743 et
3109 4707 3141 4744 a
3167 4690 3393 4746 veritate

1805 4766 2007 4819 seducti
2038 4774 2185 4820 sunt.

1878 4836 1996 4904 (75)
2037 4835 2229 4889 Lamb.
2260 4833 2414 4904 deest
2443 4832 2743 4904 habentem.

1878 4900 1992 4975 (74)
2026 4905 2218 4959 Lamb.
2250 4912 2298 4957 et
2330 4903 2653 4975 vehementer
2680 4902 2876 4975 durum
2912 4900 3206 4970 ﬂagellum.

1876 4970 1988 5047 (75)
2025 4975 2219 5030 Lamb.
2252 4989 2516 5047 amarum.
2537 4970 2629 5025 Sic
2649 4980 2703 5025 et
2724 4971 2856 5026 edit.
2884 4975 3060 5025 Oxon.
3080 4988 3202 5041 qua:
3222 4972 3390 5029 etiam

1804 5043 2038 5101 severum
2056 5061 2155 5101 pro
2184 5060 2380 5098 samum
2426 5043 2609 5097 habet.

1876 5064 2038 5100 terum
2093 5062 2155 5099 ro
2184 5062 2380 5098 samum
2429 5062 2609 5097 naDCl.

1876 5118 1989 5199 (76)
2040 5062 2233 5171 Bamb.
2292 5114 2504 5167 horrere
2559 5112 2774 5182 aliquis.
2825 5112 2912 5166 Al.
2957 5112 3237 5169 exhorrere
3284 5113 3391 5169 ali-

1804 5204 1993 5327 ῳιῖῗίτ)
2026 5254 2220 5327 Lamb.
2255 5270 2379 5309 cum
2405 5253 2533 5309 edit.
2570 5254 2742 5327 0x9n.
2775 5253 2999 5307 deliciis.

1878 5322 1991 5399 (78)
2029 5325 2224 5381 Lamb.
2250 5336 2609 5395 pascerentur.
2642 5322 2838 5393 Spinas
2867 5336 2915 5378 et
2944 5323 3167 5379 tribulos
3195 5332 3245 5378 et
3272 5340 3371 5395 gra

1799 5416 1987 5597 2:12.79)
2010 5467 2115 5592 bsic
2146 5481 2286 5522 mss.
2320 5466 2479 5537 Angl.
2515 5474 2571 5521 et
2611 5465 2796 5522 Carm.
2824 5465 2915 5522 Sic
2943 5475 2998 5522 et
3037 5465 3169 5522 edit.
3208 5464 3367 5521 Oxon

1873 5580 1886 5592 .
1920 5556 2006 5593 ver
2044 5555 2114 5594 18.

1873 5580 1886 5592 .
1920 5555 2114 5594 vernis.

1807 5693 1822 5735 ι
1877 5612 1990 5681 (80)
2020 5611 2100 5666 Ita
2129 5607 2315 5666 Fellus
2367 5623 2435 5664 ex
2464 5622 2599 5666 mss.
2634 5606 2787 5665 Bodl.
2829 5618 2882 5666 ct
2912 5606 3105 5664 Lamb.
3135 5606 3222 5663 Al.
3266 5616 3390 5661 ante

1829 5698 2030 5735 emnus.

1829 5698 2030 5751 tempus.
