  <div class='ocr_page' id='page_1' title='image "/cluster/home/n/w/nwhite01/storage/ocr_20150623/2/nnc1.0114695790/556.png"; bbox 0 0 3822 6218; ppageno 0'>
   <div class='ocr_carea' id='block_1_1' title="bbox 140 334 242 390">
    <p class='ocr_par' dir='ltr' id='par_1_1' title="bbox 140 334 242 390">
     <span class='ocr_line' id='line_1_1' title="bbox 140 334 242 390; baseline 0 0"><span class='ocrx_word' id='word_1_1' title='bbox 140 334 242 390; x_wconf 81' lang='lat'><strong>969</strong></span> 
     </span>
    </p>
   </div>
   <div class='ocr_carea' id='block_1_2' title="bbox 1252 320 2333 380">
    <p class='ocr_par' dir='ltr' id='par_1_2' title="bbox 1252 320 2333 380">
     <span class='ocr_line' id='line_1_2' title="bbox 1252 320 2333 380; baseline -0.002 -1"><span class='ocrx_word' id='word_1_2' title='bbox 1252 323 1545 380; x_wconf 79' lang='lat' dir='ltr'><strong>PASTOR.</strong></span> <span class='ocrx_word' id='word_1_3' title='bbox 1588 322 1802 379; x_wconf 91' lang='lat' dir='ltr'><strong>—LlB.</strong></span> <span class='ocrx_word' id='word_1_4' title='bbox 1847 321 1933 378; x_wconf 88' lang='grc'><strong>111.</strong></span> <span class='ocrx_word' id='word_1_5' title='bbox 1972 322 2174 379; x_wconf 85' lang='lat' dir='ltr'><strong>SlMlL.</strong></span> <span class='ocrx_word' id='word_1_6' title='bbox 2221 320 2333 377; x_wconf 83' lang='lat' dir='ltr'><strong>Vll.</strong></span> 
     </span>
    </p>
   </div>
   <div class='ocr_carea' id='block_1_3' title="bbox 3281 320 3388 374">
    <p class='ocr_par' dir='ltr' id='par_1_3' title="bbox 3281 320 3388 374">
     <span class='ocr_line' id='line_1_3' title="bbox 3281 320 3388 374; baseline -0.009 0"><span class='ocrx_word' id='word_1_7' title='bbox 3281 320 3388 374; x_wconf 86' lang='lat'><strong>970</strong></span> 
     </span>
    </p>
   </div>
   <div class='ocr_carea' id='block_1_4' title="bbox 1599 442 1931 500">
    <p class='ocr_par' dir='ltr' id='par_1_4' title="bbox 1599 442 1931 500">
     <span class='ocr_line' id='line_1_4' title="bbox 1599 442 1931 500; baseline -0.003 0"><span class='ocrx_word' id='word_1_8' title='bbox 1599 442 1829 500; x_wconf 84' lang='lat' dir='ltr'><strong>CAPUT</strong></span> <span class='ocrx_word' id='word_1_9' title='bbox 1872 442 1931 499; x_wconf 72' lang='grc' dir='ltr'><strong>ν.</strong></span> 
     </span>
    </p>
   </div>
   <div class='ocr_carea' id='block_1_5' title="bbox 206 531 3396 616">
    <p class='ocr_par' dir='ltr' id='par_1_5' title="bbox 206 531 3396 616">
     <span class='ocr_line' id='line_1_5' title="bbox 206 531 3396 616; baseline -0.005 -13"><span class='ocrx_word' id='word_1_10' title='bbox 206 547 322 603; x_wconf 89' lang='lat' dir='ltr'><strong>Dixi</strong></span> <span class='ocrx_word' id='word_1_11' title='bbox 352 547 400 601; x_wconf 90' lang='lat' dir='ltr'><strong>ei</strong></span> <span class='ocrx_word' id='word_1_12' title='bbox 434 564 450 602; x_wconf 90' lang='lat'><strong>:</strong></span> <span class='ocrx_word' id='word_1_13' title='bbox 483 545 736 609; x_wconf 90' lang='lat' dir='ltr'><strong>Domine,</strong></span> <span class='ocrx_word' id='word_1_14' title='bbox 765 542 1030 616; x_wconf 83' lang='lat' dir='ltr'><strong>quoniam</strong></span> <span class='ocrx_word' id='word_1_15' title='bbox 1061 554 1170 595; x_wconf 91' lang='lat' dir='ltr'><strong>non</strong></span> <span class='ocrx_word' id='word_1_16' title='bbox 1205 539 1449 609; x_wconf 82' lang='lat' dir='ltr'><strong>intelligo</strong></span> <span class='ocrx_word' id='word_1_17' title='bbox 1480 538 1664 592; x_wconf 86' lang='lat' dir='ltr'><strong>omnia</strong></span> <span class='ocrx_word' id='word_1_18' title='bbox 1695 536 1810 607; x_wconf 83' lang='lat'><strong>(95)</strong></span> <span class='ocrx_word' id='word_1_19' title='bbox 1842 546 2087 607; x_wconf 90' lang='lat' dir='ltr'><strong>tempora</strong></span> <span class='ocrx_word' id='word_1_20' title='bbox 2134 536 2249 592; x_wconf 68' lang='lat' dir='ltr'><strong>haec</strong></span> <span class='ocrx_word' id='word_1_21' title='bbox 2277 534 2581 591; x_wconf 82' lang='lat' dir='ltr'><strong>dulcedinis</strong></span> <span class='ocrx_word' id='word_1_22' title='bbox 2604 532 2895 603; x_wconf 73' lang='lat' dir='ltr'><strong>voluptatis</strong></span> <span class='ocrx_word' id='word_1_23' title='bbox 2932 548 2995 588; x_wconf 91' lang='lat' dir='ltr'><strong>ac</strong></span> <span class='ocrx_word' id='word_1_24' title='bbox 3022 547 3222 602; x_wconf 66' lang='lat' dir='ltr'><strong>paenae,</strong></span> <span class='ocrx_word' id='word_1_25' title='bbox 3256 531 3396 588; x_wconf 79' lang='lat' dir='ltr'><strong>luci-</strong></span> 
     </span>
    </p>
   </div>
   <div class='ocr_carea' id='block_1_6' title="bbox 138 627 3400 709">
    <p class='ocr_par' dir='ltr' id='par_1_6' title="bbox 138 627 3400 709">
     <span class='ocr_line' id='line_1_6' title="bbox 138 627 3400 709; baseline -0.004 -12"><span class='ocrx_word' id='word_1_26' title='bbox 138 642 258 697; x_wconf 89' lang='lat' dir='ltr'><strong>dius</strong></span> <span class='ocrx_word' id='word_1_27' title='bbox 286 640 420 695; x_wconf 88' lang='lat' dir='ltr'><strong>mihi</strong></span> <span class='ocrx_word' id='word_1_28' title='bbox 450 640 519 696; x_wconf 92' lang='lat' dir='ltr'><strong>de</strong></span> <span class='ocrx_word' id='word_1_29' title='bbox 549 640 634 696; x_wconf 90' lang='lat' dir='ltr'><strong>his</strong></span> <span class='ocrx_word' id='word_1_30' title='bbox 664 652 896 709; x_wconf 83' lang='lat' dir='ltr'><strong>expone.</strong></span> <span class='ocrx_word' id='word_1_31' title='bbox 931 632 1231 703; x_wconf 81' lang='lat' dir='ltr'><strong>Respondit</strong></span> <span class='ocrx_word' id='word_1_32' title='bbox 1269 631 1426 699; x_wconf 89' lang='lat' dir='ltr'><strong>mihi,</strong></span> <span class='ocrx_word' id='word_1_33' title='bbox 1453 630 1642 685; x_wconf 88' lang='lat' dir='ltr'><strong>dicens</strong></span> <span class='ocrx_word' id='word_1_34' title='bbox 1674 645 1687 682; x_wconf 91' lang='lat'><strong>:</strong></span> <span class='ocrx_word' id='word_1_35' title='bbox 1722 627 2040 699; x_wconf 83' lang='lat' dir='ltr'><strong>[nsipientia</strong></span> <span class='ocrx_word' id='word_1_36' title='bbox 2069 628 2182 699; x_wconf 89' lang='lat'><strong>(96)</strong></span> <span class='ocrx_word' id='word_1_37' title='bbox 2212 638 2302 683; x_wconf 92' lang='lat' dir='ltr'><strong>tua</strong></span> <span class='ocrx_word' id='word_1_38' title='bbox 2348 627 2445 682; x_wconf 91' lang='lat' dir='ltr'><strong>tibi</strong></span> <span class='ocrx_word' id='word_1_39' title='bbox 2480 639 2893 697; x_wconf 81' lang='lat' dir='ltr'><strong>perseveranter</strong></span> <span class='ocrx_word' id='word_1_40' title='bbox 2927 630 3175 686; x_wconf 74' lang='lat' dir='ltr'><strong>inhzeret.</strong></span> <span class='ocrx_word' id='word_1_41' title='bbox 3209 627 3400 687; x_wconf 78' lang='lat' dir='ltr'><strong>Nonne</strong></span> 
     </span>
    </p>
   </div>
   <div class='ocr_carea' id='block_1_7' title="bbox 137 717 3399 802">
    <p class='ocr_par' dir='ltr' id='par_1_7' title="bbox 137 717 3399 802">
     <span class='ocr_line' id='line_1_7' title="bbox 137 717 3399 802; baseline -0.003 -14"><span class='ocrx_word' id='word_1_42' title='bbox 137 733 216 788; x_wconf 84' lang='lat' dir='ltr'><strong>vis</strong></span> <span class='ocrx_word' id='word_1_43' title='bbox 242 731 421 802; x_wconf 87' lang='lat' dir='ltr'><strong>potius</strong></span> <span class='ocrx_word' id='word_1_44' title='bbox 452 739 691 786; x_wconf 84' lang='lat' dir='ltr'><strong>mentem</strong></span> <span class='ocrx_word' id='word_1_45' title='bbox 722 739 870 783; x_wconf 89' lang='lat' dir='ltr'><strong>tuam</strong></span> <span class='ocrx_word' id='word_1_46' title='bbox 898 726 1210 797; x_wconf 90' lang='lat' dir='ltr'><strong>puriticare,</strong></span> <span class='ocrx_word' id='word_1_47' title='bbox 1229 730 1283 776; x_wconf 89' lang='lat' dir='ltr'><strong>et</strong></span> <span class='ocrx_word' id='word_1_48' title='bbox 1309 720 1418 775; x_wconf 88' lang='lat' dir='ltr'><strong>Deo</strong></span> <span class='ocrx_word' id='word_1_49' title='bbox 1446 719 1689 775; x_wconf 80' lang='lat' dir='ltr'><strong>servire?</strong></span> <span class='ocrx_word' id='word_1_50' title='bbox 1717 717 1871 784; x_wconf 81' lang='lat' dir='ltr'><strong>Vide,</strong></span> <span class='ocrx_word' id='word_1_51' title='bbox 1895 734 1963 775; x_wconf 92' lang='lat' dir='ltr'><strong>ne</strong></span> <span class='ocrx_word' id='word_1_52' title='bbox 1994 717 2135 774; x_wconf 89' lang='lat' dir='ltr'><strong>forte</strong></span> <span class='ocrx_word' id='word_1_53' title='bbox 2159 718 2526 789; x_wconf 83' lang='lat' dir='ltr'><strong>(97)tempore</strong></span> <span class='ocrx_word' id='word_1_54' title='bbox 2555 730 2766 787; x_wconf 81' lang='lat' dir='ltr'><strong>exacto,</strong></span> <span class='ocrx_word' id='word_1_55' title='bbox 2795 731 2846 774; x_wconf 91' lang='lat' dir='ltr'><strong>tu</strong></span> <span class='ocrx_word' id='word_1_56' title='bbox 2875 722 3136 791; x_wconf 90' lang='lat' dir='ltr'><strong>insipiens</strong></span> <span class='ocrx_word' id='word_1_57' title='bbox 3161 724 3399 795; x_wconf 85' lang='lat' dir='ltr'><strong>reperia-</strong></span> 
     </span>
    </p>
   </div>
   <div class='ocr_carea' id='block_1_8' title="bbox 140 810 1927 890">
    <p class='ocr_par' dir='ltr' id='par_1_8' title="bbox 140 810 1927 890">
     <span class='ocr_line' id='line_1_8' title="bbox 140 810 1927 890; baseline -0.009 -11"><span class='ocrx_word' id='word_1_58' title='bbox 140 823 234 879; x_wconf 87' lang='lat' dir='ltr'><strong>ris.</strong></span> <span class='ocrx_word' id='word_1_59' title='bbox 263 821 405 876; x_wconf 85' lang='lat' dir='ltr'><strong>Audi</strong></span> <span class='ocrx_word' id='word_1_60' title='bbox 437 817 1084 890; x_wconf 87' lang='lat' dir='ltr'><strong>nunc,quemadmodum</strong></span> <span class='ocrx_word' id='word_1_61' title='bbox 1113 814 1217 879; x_wconf 88' lang='lat' dir='ltr'><strong>vis,</strong></span> <span class='ocrx_word' id='word_1_62' title='bbox 1249 827 1360 882; x_wconf 87' lang='lat' dir='ltr'><strong>quo</strong></span> <span class='ocrx_word' id='word_1_63' title='bbox 1397 810 1613 866; x_wconf 81' lang='lat' dir='ltr'><strong>facilius</strong></span> <span class='ocrx_word' id='word_1_64' title='bbox 1635 811 1927 882; x_wconf 81' lang='lat' dir='ltr'><strong>intelligas.</strong></span> 
     </span>
    </p>
   </div>
   <div class='ocr_carea' id='block_1_9' title="bbox 205 900 1719 986">
    <p class='ocr_par' dir='ltr' id='par_1_9' title="bbox 205 900 1719 986">
     <span class='ocr_line' id='line_1_9' title="bbox 205 900 1719 986; baseline -0.011 -16"><span class='ocrx_word' id='word_1_65' title='bbox 205 916 313 986; x_wconf 84' lang='lat'><strong>(98)</strong></span> <span class='ocrx_word' id='word_1_66' title='bbox 353 914 411 969; x_wconf 84' lang='lat'><strong>&#39;0</strong></span> <span class='ocrx_word' id='word_1_67' title='bbox 445 911 670 985; x_wconf 81' lang='grc' dir='ltr'>τρυφῶν</span> <span class='ocrx_word' id='word_1_68' title='bbox 711 911 806 965; x_wconf 81' lang='grc' dir='ltr'>καὶ</span> <span class='ocrx_word' id='word_1_69' title='bbox 842 906 1221 979; x_wconf 83' lang='grc' dir='ltr'><strong>ἀπατώμενος,</strong></span> <span class='ocrx_word' id='word_1_70' title='bbox 1250 904 1349 958; x_wconf 70' lang='grc' dir='ltr'><strong>καὶ</strong></span> <span class='ocrx_word' id='word_1_71' title='bbox 1390 903 1650 972; x_wconf 82' lang='grc' dir='ltr'><strong>πράσσων</strong></span> <span class='ocrx_word' id='word_1_72' title='bbox 1682 900 1719 954; x_wconf 72' lang='grc' dir='ltr'>ἃ</span> 
     </span>
    </p>
   </div>
   <div class='ocr_carea' id='block_1_10' title="bbox 136 993 1717 1078">
    <p class='ocr_par' dir='ltr' id='par_1_10' title="bbox 136 993 1717 1078">
     <span class='ocr_line' id='line_1_10' title="bbox 136 993 1717 1078; baseline -0.008 -18"><span class='ocrx_word' id='word_1_73' title='bbox 136 1008 379 1078; x_wconf 81' lang='grc' dir='ltr'>βούλεται</span> <span class='ocrx_word' id='word_1_74' title='bbox 402 1044 417 1073; x_wconf 87' lang='grc'><strong>,</strong></span> <span class='ocrx_word' id='word_1_75' title='bbox 475 1004 675 1076; x_wconf 80' lang='grc' dir='ltr'>πολλὴν</span> <span class='ocrx_word' id='word_1_76' title='bbox 725 1000 1035 1075; x_wconf 80' lang='grc' dir='ltr'><strong>ἀφροσύνην</strong></span> <span class='ocrx_word' id='word_1_77' title='bbox 1087 997 1391 1053; x_wconf 68' lang='grc' dir='ltr'>ὲνδέδυταιο</span> <span class='ocrx_word' id='word_1_78' title='bbox 1440 994 1560 1049; x_wconf 81' lang='grc' dir='ltr'>ἀντὶ</span> <span class='ocrx_word' id='word_1_79' title='bbox 1608 993 1717 1065; x_wconf 81' lang='grc' dir='ltr'><strong>γὰρ</strong></span> 
     </span>
    </p>
   </div>
   <div class='ocr_carea' id='block_1_11' title="bbox 134 1084 1716 1171">
    <p class='ocr_par' dir='ltr' id='par_1_11' title="bbox 134 1084 1716 1171">
     <span class='ocr_line' id='line_1_11' title="bbox 134 1084 1716 1171; baseline -0.009 -19"><span class='ocrx_word' id='word_1_80' title='bbox 134 1100 228 1169; x_wconf 82' lang='grc' dir='ltr'>τῆς</span> <span class='ocrx_word' id='word_1_81' title='bbox 266 1100 478 1171; x_wconf 79' lang='grc' dir='ltr'><strong>τρυφῆς</strong></span> <span class='ocrx_word' id='word_1_82' title='bbox 516 1097 611 1151; x_wconf 75' lang='grc' dir='ltr'>καὶ</span> <span class='ocrx_word' id='word_1_83' title='bbox 657 1097 872 1169; x_wconf 84' lang='grc' dir='ltr'><strong>ἀπάτης</strong></span> <span class='ocrx_word' id='word_1_84' title='bbox 911 1092 1150 1161; x_wconf 78' lang='grc' dir='ltr'>ἑκάστης</span> <span class='ocrx_word' id='word_1_85' title='bbox 1194 1087 1428 1161; x_wconf 77' lang='grc' dir='ltr'>ἡμέρας,</span> <span class='ocrx_word' id='word_1_86' title='bbox 1468 1084 1716 1140; x_wconf 82' lang='grc' dir='ltr'>ἀποτίσει</span> 
     </span>
    </p>
   </div>
   <div class='ocr_carea' id='block_1_12' title="bbox 135 1181 1250 1263">
    <p class='ocr_par' dir='ltr' id='par_1_12' title="bbox 135 1181 1250 1263">
     <span class='ocr_line' id='line_1_12' title="bbox 135 1181 1250 1263; baseline -0.009 -17"><span class='ocrx_word' id='word_1_87' title='bbox 135 1192 362 1261; x_wconf 82' lang='grc' dir='ltr'><strong>βάσανον</strong></span> <span class='ocrx_word' id='word_1_88' title='bbox 388 1190 653 1263; x_wconf 83' lang='grc' dir='ltr'><strong>μεγάλην,</strong></span> <span class='ocrx_word' id='word_1_89' title='bbox 684 1186 927 1242; x_wconf 76' lang='grc' dir='ltr'>ἐνιαυτὸν</span> <span class='ocrx_word' id='word_1_90' title='bbox 955 1187 1023 1257; x_wconf 78' lang='grc' dir='ltr'>τῇ</span> <span class='ocrx_word' id='word_1_91' title='bbox 1048 1181 1250 1256; x_wconf 73' lang='grc' dir='ltr'>ἡμέρᾳ.</span> 
     </span>
    </p>
   </div>
   <div class='ocr_carea' id='block_1_13' title="bbox 1893 899 3400 975">
    <p class='ocr_par' dir='ltr' id='par_1_13' title="bbox 1893 899 3400 975">
     <span class='ocr_line' id='line_1_13' title="bbox 1893 899 3400 975; baseline 0.009 -20"><span class='ocrx_word' id='word_1_92' title='bbox 1893 902 1997 967; x_wconf 85' lang='lat' dir='ltr'><strong>Qui</strong></span> <span class='ocrx_word' id='word_1_93' title='bbox 2032 918 2140 956; x_wconf 92' lang='lat' dir='ltr'><strong>uno</strong></span> <span class='ocrx_word' id='word_1_94' title='bbox 2162 902 2248 956; x_wconf 89' lang='lat' dir='ltr'><strong>die</strong></span> <span class='ocrx_word' id='word_1_95' title='bbox 2270 902 2607 958; x_wconf 88' lang='lat' dir='ltr'><strong>commiserit</strong></span> <span class='ocrx_word' id='word_1_96' title='bbox 2630 920 2687 959; x_wconf 90' lang='lat' dir='ltr'><strong>se</strong></span> <span class='ocrx_word' id='word_1_97' title='bbox 2718 899 3109 975; x_wconf 78' lang='lat' dir='ltr'><strong>voluptatibus,</strong></span> <span class='ocrx_word' id='word_1_98' title='bbox 3133 924 3186 965; x_wconf 90' lang='lat' dir='ltr'><strong>et</strong></span> <span class='ocrx_word' id='word_1_99' title='bbox 3210 910 3400 968; x_wconf 71' lang='lat' dir='ltr'><strong>fecerit</strong></span> 
     </span>
    </p>
   </div>
   <div class='ocr_carea' id='block_1_14' title="bbox 1818 993 3397 1073">
    <p class='ocr_par' dir='ltr' id='par_1_14' title="bbox 1818 993 3397 1073">
     <span class='ocr_line' id='line_1_14' title="bbox 1818 993 3397 1073; baseline 0.008 -26"><span class='ocrx_word' id='word_1_100' title='bbox 1818 993 2082 1064; x_wconf 81' lang='lat' dir='ltr'><strong>quidquid</strong></span> <span class='ocrx_word' id='word_1_101' title='bbox 2136 994 2339 1063; x_wconf 88' lang='lat' dir='ltr'><strong>appetit</strong></span> <span class='ocrx_word' id='word_1_102' title='bbox 2388 994 2606 1050; x_wconf 89' lang='lat' dir='ltr'><strong>animus</strong></span> <span class='ocrx_word' id='word_1_103' title='bbox 2659 997 2818 1067; x_wconf 87' lang='lat' dir='ltr'><strong>ejus,</strong></span> <span class='ocrx_word' id='word_1_104' title='bbox 2870 1000 3104 1068; x_wconf 88' lang='lat' dir='ltr'><strong>plurima</strong></span> <span class='ocrx_word' id='word_1_105' title='bbox 3158 1003 3397 1073; x_wconf 85' lang='lat' dir='ltr'><strong>repletur</strong></span> 
     </span>
    </p>
   </div>
   <div class='ocr_carea' id='block_1_15' title="bbox 1819 1085 3396 1164">
    <p class='ocr_par' dir='ltr' id='par_1_15' title="bbox 1819 1085 3396 1164">
     <span class='ocr_line' id='line_1_15' title="bbox 1819 1085 3396 1164; baseline 0.007 -24"><span class='ocrx_word' id='word_1_106' title='bbox 1819 1086 2068 1151; x_wconf 87' lang='lat' dir='ltr'><strong>stultitia,</strong></span> <span class='ocrx_word' id='word_1_107' title='bbox 2100 1100 2201 1140; x_wconf 89' lang='lat' dir='ltr'><strong>nec</strong></span> <span class='ocrx_word' id='word_1_108' title='bbox 2232 1085 2482 1156; x_wconf 82' lang='lat' dir='ltr'><strong>intelligit</strong></span> <span class='ocrx_word' id='word_1_109' title='bbox 2504 1087 2633 1157; x_wconf 91' lang='lat' dir='ltr'><strong>quid</strong></span> <span class='ocrx_word' id='word_1_110' title='bbox 2660 1089 2936 1157; x_wconf 87' lang='lat' dir='ltr'><strong>admittat;</strong></span> <span class='ocrx_word' id='word_1_111' title='bbox 2968 1107 3030 1147; x_wconf 91' lang='lat' dir='ltr'><strong>ac</strong></span> <span class='ocrx_word' id='word_1_112' title='bbox 3056 1094 3143 1148; x_wconf 88' lang='lat' dir='ltr'><strong>die</strong></span> <span class='ocrx_word' id='word_1_113' title='bbox 3173 1106 3396 1164; x_wconf 91' lang='lat' dir='ltr'><strong>postero</strong></span> 
     </span>
    </p>
   </div>
   <div class='ocr_carea' id='block_1_16' title="bbox 1819 1178 3393 1252">
    <p class='ocr_par' dir='ltr' id='par_1_16' title="bbox 1819 1178 3393 1252">
     <span class='ocr_line' id='line_1_16' title="bbox 1819 1178 3393 1252; baseline 0.007 -20"><span class='ocrx_word' id='word_1_114' title='bbox 1819 1179 2180 1243; x_wconf 80' lang='lat' dir='ltr'><strong>obliviscitur,</strong></span> <span class='ocrx_word' id='word_1_115' title='bbox 2220 1178 2349 1247; x_wconf 89' lang='lat' dir='ltr'><strong>quid</strong></span> <span class='ocrx_word' id='word_1_116' title='bbox 2388 1178 2576 1234; x_wconf 79' lang='lat' dir='ltr'><strong>fecerit</strong></span> <span class='ocrx_word' id='word_1_117' title='bbox 2604 1178 2716 1250; x_wconf 83' lang='lat'><strong>(99)</strong></span> <span class='ocrx_word' id='word_1_118' title='bbox 2753 1184 2959 1252; x_wconf 84' lang='lat' dir='ltr'><strong>pridie;</strong></span> <span class='ocrx_word' id='word_1_119' title='bbox 2987 1186 3218 1243; x_wconf 83' lang='lat' dir='ltr'><strong>dulcedo</strong></span> <span class='ocrx_word' id='word_1_120' title='bbox 3248 1190 3393 1243; x_wconf 89' lang='lat' dir='ltr'><strong>enim</strong></span> 
     </span>
    </p>
   </div>
   <div class='ocr_carea' id='block_1_17' title="bbox 134 1273 3397 1359">
    <p class='ocr_par' dir='ltr' id='par_1_17' title="bbox 134 1273 3397 1359">
     <span class='ocr_line' id='line_1_17' title="bbox 134 1273 3397 1359; baseline -0.002 -16"><span class='ocrx_word' id='word_1_121' title='bbox 134 1298 185 1343; x_wconf 87' lang='lat' dir='ltr'><strong>et</strong></span> <span class='ocrx_word' id='word_1_122' title='bbox 208 1288 455 1359; x_wconf 85' lang='lat' dir='ltr'><strong>voluptas</strong></span> <span class='ocrx_word' id='word_1_123' title='bbox 482 1286 757 1342; x_wconf 88' lang='lat' dir='ltr'><strong>mundana</strong></span> <span class='ocrx_word' id='word_1_124' title='bbox 784 1280 933 1352; x_wconf 75' lang='grc'><strong>(100)</strong></span> <span class='ocrx_word' id='word_1_125' title='bbox 965 1279 1170 1335; x_wconf 87' lang='lat' dir='ltr'><strong>nullam</strong></span> <span class='ocrx_word' id='word_1_126' title='bbox 1216 1275 1539 1331; x_wconf 83' lang='lat' dir='ltr'><strong>memoriam</strong></span> <span class='ocrx_word' id='word_1_127' title='bbox 1570 1273 1795 1340; x_wconf 88' lang='lat' dir='ltr'><strong>habent,</strong></span> <span class='ocrx_word' id='word_1_128' title='bbox 1836 1286 2055 1344; x_wconf 90' lang='lat' dir='ltr'><strong>propter</strong></span> <span class='ocrx_word' id='word_1_129' title='bbox 2087 1275 2370 1335; x_wconf 89' lang='lat' dir='ltr'><strong>stultitiam</strong></span> <span class='ocrx_word' id='word_1_130' title='bbox 2421 1292 2543 1346; x_wconf 77' lang='lat' dir='ltr'><strong>quae</strong></span> <span class='ocrx_word' id='word_1_131' title='bbox 2592 1276 2753 1333; x_wconf 89' lang='lat' dir='ltr'><strong>insita</strong></span> <span class='ocrx_word' id='word_1_132' title='bbox 2788 1289 2873 1335; x_wconf 91' lang='lat' dir='ltr'><strong>est</strong></span> <span class='ocrx_word' id='word_1_133' title='bbox 2916 1282 3044 1337; x_wconf 87' lang='lat' dir='ltr'><strong>illis.</strong></span> <span class='ocrx_word' id='word_1_134' title='bbox 3084 1282 3221 1338; x_wconf 90' lang='lat' dir='ltr'><strong>Cum</strong></span> <span class='ocrx_word' id='word_1_135' title='bbox 3267 1300 3397 1342; x_wconf 85' lang='lat' dir='ltr'><strong>vero</strong></span> 
     </span>
    </p>
   </div>
   <div class='ocr_carea' id='block_1_18' title="bbox 134 1374 3397 1450">
    <p class='ocr_par' dir='ltr' id='par_1_18' title="bbox 134 1374 3397 1450">
     <span class='ocr_line' id='line_1_18' title="bbox 134 1374 3397 1450; baseline 0.001 -16"><span class='ocrx_word' id='word_1_136' title='bbox 134 1395 238 1434; x_wconf 85' lang='lat' dir='ltr'><strong>uno</strong></span> <span class='ocrx_word' id='word_1_137' title='bbox 255 1380 343 1435; x_wconf 88' lang='lat' dir='ltr'><strong>die</strong></span> <span class='ocrx_word' id='word_1_138' title='bbox 371 1379 664 1436; x_wconf 89' lang='lat' dir='ltr'><strong>accesserit</strong></span> <span class='ocrx_word' id='word_1_139' title='bbox 694 1375 903 1433; x_wconf 89' lang='lat' dir='ltr'><strong>homini</strong></span> <span class='ocrx_word' id='word_1_140' title='bbox 948 1374 1230 1429; x_wconf 89' lang='lat' dir='ltr'><strong>cruciatus</strong></span> <span class='ocrx_word' id='word_1_141' title='bbox 1275 1386 1341 1429; x_wconf 85' lang='lat' dir='ltr'><strong>ac</strong></span> <span class='ocrx_word' id='word_1_142' title='bbox 1397 1385 1581 1441; x_wconf 68' lang='lat' dir='ltr'><strong>paena,</strong></span> <span class='ocrx_word' id='word_1_143' title='bbox 1634 1377 1747 1423; x_wconf 85' lang='lat' dir='ltr'><strong>tuto</strong></span> <span class='ocrx_word' id='word_1_144' title='bbox 1796 1384 1942 1422; x_wconf 88' lang='lat' dir='ltr'><strong>anno</strong></span> <span class='ocrx_word' id='word_1_145' title='bbox 1973 1375 2291 1437; x_wconf 88' lang='lat' dir='ltr'><strong>torquetur;</strong></span> <span class='ocrx_word' id='word_1_146' title='bbox 2331 1386 2586 1442; x_wconf 83' lang='lat' dir='ltr'><strong>magnam</strong></span> <span class='ocrx_word' id='word_1_147' title='bbox 2618 1374 2763 1427; x_wconf 91' lang='lat' dir='ltr'><strong>enim</strong></span> <span class='ocrx_word' id='word_1_148' title='bbox 2802 1380 3123 1433; x_wconf 88' lang='lat' dir='ltr'><strong>memoriam</strong></span> <span class='ocrx_word' id='word_1_149' title='bbox 3156 1382 3397 1450; x_wconf 83' lang='lat' dir='ltr'><strong>possidet</strong></span> 
     </span>
    </p>
   </div>
   <div class='ocr_carea' id='block_1_19' title="bbox 130 1465 3400 1547">
    <p class='ocr_par' dir='ltr' id='par_1_19' title="bbox 130 1465 3400 1547">
     <span class='ocr_line' id='line_1_19' title="bbox 130 1465 3400 1547; baseline 0.001 -21"><span class='ocrx_word' id='word_1_150' title='bbox 130 1486 306 1540; x_wconf 75' lang='lat' dir='ltr'><strong>pcena.</strong></span> <span class='ocrx_word' id='word_1_151' title='bbox 339 1469 482 1531; x_wconf 86' lang='lat' dir='ltr'><strong>Toto</strong></span> <span class='ocrx_word' id='word_1_152' title='bbox 512 1470 675 1541; x_wconf 79' lang='lat' dir='ltr'><strong>igitur</strong></span> <span class='ocrx_word' id='word_1_153' title='bbox 705 1486 853 1527; x_wconf 88' lang='lat' dir='ltr'><strong>anno</strong></span> <span class='ocrx_word' id='word_1_154' title='bbox 890 1470 1084 1527; x_wconf 89' lang='lat' dir='ltr'><strong>dolens</strong></span> <span class='ocrx_word' id='word_1_155' title='bbox 1126 1467 1380 1524; x_wconf 89' lang='lat' dir='ltr'><strong>meminit</strong></span> <span class='ocrx_word' id='word_1_156' title='bbox 1407 1485 1421 1534; x_wconf 89' lang='lat'><strong>;</strong></span> <span class='ocrx_word' id='word_1_157' title='bbox 1466 1476 1516 1521; x_wconf 91' lang='lat' dir='ltr'><strong>et</strong></span> <span class='ocrx_word' id='word_1_158' title='bbox 1569 1478 1703 1523; x_wconf 91' lang='lat' dir='ltr'><strong>tunc</strong></span> <span class='ocrx_word' id='word_1_159' title='bbox 1749 1465 2069 1521; x_wconf 88' lang='lat' dir='ltr'><strong>recordatur</strong></span> <span class='ocrx_word' id='word_1_160' title='bbox 2089 1465 2399 1523; x_wconf 89' lang='lat' dir='ltr'><strong>dulcedinis</strong></span> <span class='ocrx_word' id='word_1_161' title='bbox 2448 1468 2596 1524; x_wconf 91' lang='lat' dir='ltr'><strong>illius</strong></span> <span class='ocrx_word' id='word_1_162' title='bbox 2622 1485 2774 1526; x_wconf 72' lang='lat' dir='ltr'><strong>vana:</strong></span> <span class='ocrx_word' id='word_1_163' title='bbox 2799 1473 2877 1542; x_wconf 87' lang='lat' dir='ltr'><strong>(l)</strong></span> <span class='ocrx_word' id='word_1_164' title='bbox 2908 1490 2972 1530; x_wconf 92' lang='lat' dir='ltr'><strong>ac</strong></span> <span class='ocrx_word' id='word_1_165' title='bbox 3003 1477 3318 1547; x_wconf 87' lang='lat' dir='ltr'><strong>voluptatis,</strong></span> <span class='ocrx_word' id='word_1_166' title='bbox 3342 1494 3400 1536; x_wconf 73' lang='lat' dir='ltr'><strong>et</strong></span> 
     </span>
    </p>
   </div>
   <div class='ocr_carea' id='block_1_20' title="bbox 130 1564 3395 1646">
    <p class='ocr_par' dir='ltr' id='par_1_20' title="bbox 130 1564 3395 1646">
     <span class='ocr_line' id='line_1_20' title="bbox 130 1564 3395 1646; baseline 0.004 -26"><span class='ocrx_word' id='word_1_167' title='bbox 130 1565 290 1620; x_wconf 88' lang='lat' dir='ltr'><strong>sentit</strong></span> <span class='ocrx_word' id='word_1_168' title='bbox 319 1571 606 1635; x_wconf 88' lang='lat' dir='ltr'><strong>propterea</strong></span> <span class='ocrx_word' id='word_1_169' title='bbox 633 1580 692 1619; x_wconf 90' lang='lat' dir='ltr'><strong>se</strong></span> <span class='ocrx_word' id='word_1_170' title='bbox 713 1580 905 1635; x_wconf 75' lang='lat' dir='ltr'><strong>poenas</strong></span> <span class='ocrx_word' id='word_1_171' title='bbox 935 1565 1067 1635; x_wconf 91' lang='lat' dir='ltr'><strong>pati.</strong></span> <span class='ocrx_word' id='word_1_172' title='bbox 1104 1564 1431 1636; x_wconf 85' lang='lat' dir='ltr'><strong>Quicunque</strong></span> <span class='ocrx_word' id='word_1_173' title='bbox 1491 1564 1657 1637; x_wconf 83' lang='lat' dir='ltr'><strong>igitur</strong></span> <span class='ocrx_word' id='word_1_174' title='bbox 1710 1578 1771 1619; x_wconf 86' lang='lat' dir='ltr'><strong>se</strong></span> <span class='ocrx_word' id='word_1_175' title='bbox 1817 1564 2089 1621; x_wconf 89' lang='lat' dir='ltr'><strong>dulcedini</strong></span> <span class='ocrx_word' id='word_1_176' title='bbox 2125 1574 2180 1619; x_wconf 91' lang='lat' dir='ltr'><strong>et</strong></span> <span class='ocrx_word' id='word_1_177' title='bbox 2211 1564 2475 1635; x_wconf 86' lang='lat' dir='ltr'><strong>voluptati</strong></span> <span class='ocrx_word' id='word_1_178' title='bbox 2522 1566 2613 1620; x_wconf 89' lang='lat' dir='ltr'><strong>tali</strong></span> <span class='ocrx_word' id='word_1_179' title='bbox 2660 1568 3001 1635; x_wconf 87' lang='lat' dir='ltr'><strong>tradiderint,</strong></span> <span class='ocrx_word' id='word_1_180' title='bbox 3039 1571 3119 1627; x_wconf 92' lang='lat' dir='ltr'><strong>sic</strong></span> <span class='ocrx_word' id='word_1_181' title='bbox 3151 1576 3395 1646; x_wconf 91' lang='lat' dir='ltr'><strong>puniun-</strong></span> 
     </span>
    </p>
   </div>
   <div class='ocr_carea' id='block_1_21' title="bbox 132 1658 2193 1731">
    <p class='ocr_par' dir='ltr' id='par_1_21' title="bbox 132 1658 2193 1731">
     <span class='ocr_line' id='line_1_21' title="bbox 132 1658 2193 1731; baseline 0 -19"><span class='ocrx_word' id='word_1_182' title='bbox 132 1666 219 1712; x_wconf 91' lang='lat' dir='ltr'><strong>tur</strong></span> <span class='ocrx_word' id='word_1_183' title='bbox 250 1658 368 1728; x_wconf 73' lang='lat'><strong>(2);</strong></span> <span class='ocrx_word' id='word_1_184' title='bbox 404 1659 667 1729; x_wconf 90' lang='lat' dir='ltr'><strong>quoniam</strong></span> <span class='ocrx_word' id='word_1_185' title='bbox 699 1659 868 1713; x_wconf 89' lang='lat' dir='ltr'><strong>vitam</strong></span> <span class='ocrx_word' id='word_1_186' title='bbox 898 1660 1187 1728; x_wconf 89' lang='lat' dir='ltr'><strong>habentes,</strong></span> <span class='ocrx_word' id='word_1_187' title='bbox 1219 1661 1321 1731; x_wconf 92' lang='lat' dir='ltr'><strong>ipsi</strong></span> <span class='ocrx_word' id='word_1_188' title='bbox 1358 1676 1417 1716; x_wconf 88' lang='lat' dir='ltr'><strong>se</strong></span> <span class='ocrx_word' id='word_1_189' title='bbox 1444 1660 1678 1716; x_wconf 90' lang='lat' dir='ltr'><strong>reddunt</strong></span> <span class='ocrx_word' id='word_1_190' title='bbox 1705 1659 1973 1717; x_wconf 87' lang='lat' dir='ltr'><strong>obnoxios</strong></span> <span class='ocrx_word' id='word_1_191' title='bbox 2009 1660 2193 1715; x_wconf 92' lang='lat' dir='ltr'><strong>morti.</strong></span> 
     </span>
    </p>
   </div>
   <div class='ocr_carea' id='block_1_22' title="bbox 194 1752 1710 1829">
    <p class='ocr_par' dir='ltr' id='par_1_22' title="bbox 194 1752 1710 1829">
     <span class='ocr_line' id='line_1_22' title="bbox 194 1752 1710 1829; baseline -0.001 -22"><span class='ocrx_word' id='word_1_192' title='bbox 194 1752 303 1807; x_wconf 79' lang='grc' dir='ltr'><strong>Καὶ</strong></span> <span class='ocrx_word' id='word_1_193' title='bbox 333 1753 480 1823; x_wconf 82' lang='grc' dir='ltr'><strong>λέγω</strong></span> <span class='ocrx_word' id='word_1_194' title='bbox 510 1753 588 1826; x_wconf 85' lang='grc' dir='ltr'>τῷ</span> <span class='ocrx_word' id='word_1_195' title='bbox 620 1752 867 1825; x_wconf 74' lang='grc' dir='ltr'><strong>ἀγγέλῳο</strong></span> <span class='ocrx_word' id='word_1_196' title='bbox 905 1755 1062 1809; x_wconf 71' lang='lat' dir='ltr'><strong>[fciat</strong></span> <span class='ocrx_word' id='word_1_197' title='bbox 1110 1756 1315 1829; x_wconf 84' lang='grc' dir='ltr'>τρυφαι</span> <span class='ocrx_word' id='word_1_198' title='bbox 1365 1756 1469 1807; x_wconf 76' lang='grc' dir='ltr'>εἱσι</span> <span class='ocrx_word' id='word_1_199' title='bbox 1515 1752 1710 1824; x_wconf 77' lang='grc' dir='ltr'>βλαϐε-</span> 
     </span>
    </p>
   </div>
   <div class='ocr_carea' id='block_1_23' title="bbox 130 1844 1707 1920">
    <p class='ocr_par' dir='ltr' id='par_1_23' title="bbox 130 1844 1707 1920">
     <span class='ocr_line' id='line_1_23' title="bbox 130 1844 1707 1920; baseline 0.001 -23"><span class='ocrx_word' id='word_1_200' title='bbox 130 1844 251 1915; x_wconf 83' lang='grc' dir='ltr'>ραί;</span> <span class='ocrx_word' id='word_1_201' title='bbox 278 1845 406 1914; x_wconf 85' lang='grc' dir='ltr'><strong>λέγε</strong></span> <span class='ocrx_word' id='word_1_202' title='bbox 446 1864 554 1918; x_wconf 88' lang='grc' dir='ltr'>μοι.</span> <span class='ocrx_word' id='word_1_203' title='bbox 608 1847 762 1899; x_wconf 78' lang='grc' dir='ltr'>Πᾶσα</span> <span class='ocrx_word' id='word_1_204' title='bbox 798 1846 998 1919; x_wconf 79' lang='grc' dir='ltr'>πρᾶξις</span> <span class='ocrx_word' id='word_1_205' title='bbox 1042 1847 1277 1920; x_wconf 86' lang='grc' dir='ltr'>σαρκικὴ</span> <span class='ocrx_word' id='word_1_206' title='bbox 1309 1848 1487 1919; x_wconf 82' lang='grc' dir='ltr'>τρυφή</span> <span class='ocrx_word' id='word_1_207' title='bbox 1537 1848 1707 1909; x_wconf 75' lang='grc' dir='ltr'>ἐστιν,</span> 
     </span>
    </p>
   </div>
   <div class='ocr_carea' id='block_1_24' title="bbox 1893 1753 3398 1831">
    <p class='ocr_par' dir='ltr' id='par_1_24' title="bbox 1893 1753 3398 1831">
     <span class='ocr_line' id='line_1_24' title="bbox 1893 1753 3398 1831; baseline 0.009 -24"><span class='ocrx_word' id='word_1_208' title='bbox 1893 1753 2011 1809; x_wconf 83' lang='lat' dir='ltr'><strong>Dixi</strong></span> <span class='ocrx_word' id='word_1_209' title='bbox 2070 1757 2119 1810; x_wconf 90' lang='lat' dir='ltr'><strong>ei</strong></span> <span class='ocrx_word' id='word_1_210' title='bbox 2149 1772 2161 1808; x_wconf 94' lang='lat'><strong>:</strong></span> <span class='ocrx_word' id='word_1_211' title='bbox 2196 1755 2328 1822; x_wconf 77' lang='lat' dir='ltr'><strong>Quae</strong></span> <span class='ocrx_word' id='word_1_212' title='bbox 2373 1766 2525 1823; x_wconf 91' lang='lat' dir='ltr'><strong>sunt,</strong></span> <span class='ocrx_word' id='word_1_213' title='bbox 2570 1756 2809 1824; x_wconf 86' lang='lat' dir='ltr'><strong>domine,</strong></span> <span class='ocrx_word' id='word_1_214' title='bbox 2840 1759 3141 1831; x_wconf 86' lang='lat' dir='ltr'><strong>voluptates</strong></span> <span class='ocrx_word' id='word_1_215' title='bbox 3187 1767 3398 1823; x_wconf 68' lang='lat' dir='ltr'><strong>noxiae?</strong></span> 
     </span>
    </p>
   </div>
   <div class='ocr_carea' id='block_1_25' title="bbox 1815 1845 3397 1928">
    <p class='ocr_par' dir='ltr' id='par_1_25' title="bbox 1815 1845 3397 1928">
     <span class='ocr_line' id='line_1_25' title="bbox 1815 1845 3397 1928; baseline 0.008 -27"><span class='ocrx_word' id='word_1_216' title='bbox 1815 1845 1998 1912; x_wconf 82' lang='lat' dir='ltr'><strong>Omni,</strong></span> <span class='ocrx_word' id='word_1_217' title='bbox 2057 1847 2253 1919; x_wconf 89' lang='lat' dir='ltr'><strong>inquit,</strong></span> <span class='ocrx_word' id='word_1_218' title='bbox 2318 1848 2525 1903; x_wconf 81' lang='lat' dir='ltr'><strong>homini</strong></span> <span class='ocrx_word' id='word_1_219' title='bbox 2571 1850 2822 1920; x_wconf 86' lang='lat' dir='ltr'><strong>voluptas</strong></span> <span class='ocrx_word' id='word_1_220' title='bbox 2890 1862 2968 1908; x_wconf 89' lang='lat' dir='ltr'><strong>est</strong></span> <span class='ocrx_word' id='word_1_221' title='bbox 3030 1856 3397 1928; x_wconf 83' lang='lat' dir='ltr'><strong>quodcunque</strong></span> 
     </span>
    </p>
   </div>
   <div class='ocr_carea' id='block_1_26' title="bbox 127 1935 1701 2011">
    <p class='ocr_par' dir='ltr' id='par_1_26' title="bbox 127 1935 1701 2011">
     <span class='ocr_line' id='line_1_26' title="bbox 127 1935 1701 2011; baseline 0.001 -22"><span class='ocrx_word' id='word_1_222' title='bbox 127 1935 216 1989; x_wconf 82' lang='grc' dir='ltr'>νῦν</span> <span class='ocrx_word' id='word_1_223' title='bbox 258 1937 335 2008; x_wconf 81' lang='lat'><strong>(&#39;5)</strong></span> <span class='ocrx_word' id='word_1_224' title='bbox 378 1937 556 2009; x_wconf 80' lang='grc' dir='ltr'><strong>ἡδέως</strong></span> <span class='ocrx_word' id='word_1_225' title='bbox 603 1939 749 1990; x_wconf 83' lang='grc' dir='ltr'>ποιεῖ</span> <span class='ocrx_word' id='word_1_226' title='bbox 797 1938 986 2010; x_wconf 84' lang='grc' dir='ltr'>αὐτήν.</span> <span class='ocrx_word' id='word_1_227' title='bbox 1024 1937 1118 2011; x_wconf 87' lang='grc' dir='ltr'><strong>[Ὀ</strong></span> <span class='ocrx_word' id='word_1_228' title='bbox 1158 1938 1290 2011; x_wconf 84' lang='grc' dir='ltr'><strong>γὰρ]</strong></span> <span class='ocrx_word' id='word_1_229' title='bbox 1341 1938 1593 2010; x_wconf 82' lang='grc' dir='ltr'>ὀξύχολος</span> <span class='ocrx_word' id='word_1_230' title='bbox 1634 1938 1701 2008; x_wconf 66' lang='grc' dir='ltr'>τῷ</span> 
     </span>
    </p>
   </div>
   <div class='ocr_carea' id='block_1_27' title="bbox 1838 1935 3393 2011">
    <p class='ocr_par' dir='ltr' id='par_1_27' title="bbox 1838 1939 3393 2007">
     <span class='ocr_line' id='line_1_27' title="bbox 1838 1939 3393 2007; baseline 0.01 -16"><span class='ocrx_word' id='word_1_231' title='bbox 1838 1940 2047 1996; x_wconf 87' lang='lat' dir='ltr'><strong>ibenter</strong></span> <span class='ocrx_word' id='word_1_232' title='bbox 2075 1940 2225 1996; x_wconf 82' lang='lat' dir='ltr'><strong>facit.</strong></span> <span class='ocrx_word' id='word_1_233' title='bbox 2266 1939 2479 1997; x_wconf 88' lang='lat' dir='ltr'><strong>Etenim</strong></span> <span class='ocrx_word' id='word_1_234' title='bbox 2507 1942 2806 1999; x_wconf 88' lang='lat' dir='ltr'><strong>iracundus</strong></span> <span class='ocrx_word' id='word_1_235' title='bbox 2840 1947 3188 2006; x_wconf 78' lang='lat' dir='ltr'><strong>satisfaciens</strong></span> <span class='ocrx_word' id='word_1_236' title='bbox 3225 1954 3393 2007; x_wconf 90' lang='lat' dir='ltr'><strong>mori-</strong></span> 
     </span>
    </p>
   </div>
   <div class='ocr_carea' id='block_1_28' title="bbox 125 2029 1715 2104">
    <p class='ocr_par' dir='ltr' id='par_1_28' title="bbox 125 2029 1715 2104">
     <span class='ocr_line' id='line_1_28' title="bbox 125 2029 1715 2104; baseline -0.001 -20"><span class='ocrx_word' id='word_1_237' title='bbox 125 2031 311 2085; x_wconf 77' lang='grc' dir='ltr'>ἑαυτοῦ</span> <span class='ocrx_word' id='word_1_238' title='bbox 343 2030 506 2086; x_wconf 84' lang='grc' dir='ltr'>πάθει</span> <span class='ocrx_word' id='word_1_239' title='bbox 543 2029 606 2083; x_wconf 83' lang='grc' dir='ltr'><strong>τὸ</strong></span> <span class='ocrx_word' id='word_1_240' title='bbox 640 2032 821 2085; x_wconf 79' lang='grc' dir='ltr'>ἱκανὸν</span> <span class='ocrx_word' id='word_1_241' title='bbox 854 2031 1025 2085; x_wconf 87' lang='grc' dir='ltr'>ποιῶν</span> <span class='ocrx_word' id='word_1_242' title='bbox 1070 2034 1285 2104; x_wconf 80' lang='grc' dir='ltr'>τρυφᾷ’</span> <span class='ocrx_word' id='word_1_243' title='bbox 1325 2032 1527 2103; x_wconf 86' lang='grc' dir='ltr'>ὁμοίως</span> <span class='ocrx_word' id='word_1_244' title='bbox 1561 2031 1656 2084; x_wconf 76' lang='grc' dir='ltr'><strong>καὶ</strong></span> <span class='ocrx_word' id='word_1_245' title='bbox 1686 2033 1715 2083; x_wconf 89' lang='lat'><strong>6</strong></span> 
     </span>
    </p>
   </div>
   <div class='ocr_carea' id='block_1_29' title="bbox 127 2122 1717 2197">
    <p class='ocr_par' dir='ltr' id='par_1_29' title="bbox 127 2122 1717 2197">
     <span class='ocr_line' id='line_1_29' title="bbox 127 2122 1717 2197; baseline -0.003 -18"><span class='ocrx_word' id='word_1_246' title='bbox 127 2125 326 2197; x_wconf 80' lang='grc' dir='ltr'>μοιχὸς,</span> <span class='ocrx_word' id='word_1_247' title='bbox 352 2123 449 2179; x_wconf 75' lang='grc' dir='ltr'><strong>καὶ</strong></span> <span class='ocrx_word' id='word_1_248' title='bbox 471 2125 501 2177; x_wconf 98' lang='lat'><strong>6</strong></span> <span class='ocrx_word' id='word_1_249' title='bbox 529 2123 779 2197; x_wconf 78' lang='grc' dir='ltr'><strong>μέθυσος,</strong></span> <span class='ocrx_word' id='word_1_250' title='bbox 824 2125 918 2178; x_wconf 56' lang='grc' dir='ltr'><strong>καὶ⁹</strong></span> <span class='ocrx_word' id='word_1_251' title='bbox 964 2126 992 2178; x_wconf 89' lang='lat'><strong>6</strong></span> <span class='ocrx_word' id='word_1_252' title='bbox 1041 2124 1367 2190; x_wconf 86' lang='grc' dir='ltr'>κατάλαλος,</span> <span class='ocrx_word' id='word_1_253' title='bbox 1396 2124 1491 2177; x_wconf 78' lang='grc' dir='ltr'><strong>καὶ</strong></span> <span class='ocrx_word' id='word_1_254' title='bbox 1521 2125 1551 2177; x_wconf 91' lang='lat'><strong>6</strong></span> <span class='ocrx_word' id='word_1_255' title='bbox 1578 2122 1717 2193; x_wconf 78' lang='grc' dir='ltr'>ψεύ-</span> 
     </span>
    </p>
   </div>
   <div class='ocr_carea' id='block_1_30' title="bbox 126 2214 1717 2289">
    <p class='ocr_par' dir='ltr' id='par_1_30' title="bbox 126 2214 1717 2289">
     <span class='ocr_line' id='line_1_30' title="bbox 126 2214 1717 2289; baseline 0 -21"><span class='ocrx_word' id='word_1_256' title='bbox 126 2232 274 2288; x_wconf 82' lang='grc' dir='ltr'>στης,</span> <span class='ocrx_word' id='word_1_257' title='bbox 301 2217 402 2270; x_wconf 76' lang='grc' dir='ltr'><strong>καὶ</strong></span> <span class='ocrx_word' id='word_1_258' title='bbox 428 2217 457 2269; x_wconf 87' lang='grc' dir='ltr'>ὁ</span> <span class='ocrx_word' id='word_1_259' title='bbox 486 2214 837 2286; x_wconf 86' lang='grc' dir='ltr'><strong>πλεονέκτης,</strong></span> <span class='ocrx_word' id='word_1_260' title='bbox 877 2218 968 2269; x_wconf 72' lang='grc' dir='ltr'><strong>καὶ</strong></span> <span class='ocrx_word' id='word_1_261' title='bbox 998 2218 1026 2270; x_wconf 90' lang='lat'><strong>6</strong></span> <span class='ocrx_word' id='word_1_262' title='bbox 1059 2216 1456 2289; x_wconf 82' lang='grc' dir='ltr'>ἀποστερητὴς,</span> <span class='ocrx_word' id='word_1_263' title='bbox 1492 2216 1585 2269; x_wconf 75' lang='grc' dir='ltr'><strong>καὶ</strong></span> <span class='ocrx_word' id='word_1_264' title='bbox 1616 2216 1717 2269; x_wconf 81' lang='grc' dir='ltr'>ὅσα</span> 
     </span>
    </p>
   </div>
   <div class='ocr_carea' id='block_1_31' title="bbox 122 2302 1716 2382">
    <p class='ocr_par' dir='ltr' id='par_1_31' title="bbox 122 2302 1716 2382">
     <span class='ocr_line' id='line_1_31' title="bbox 122 2302 1716 2382; baseline -0.001 -21"><span class='ocrx_word' id='word_1_265' title='bbox 122 2306 377 2365; x_wconf 80' lang='grc' dir='ltr'>τοιαῦτα·</span> <span class='ocrx_word' id='word_1_266' title='bbox 422 2307 671 2381; x_wconf 78' lang='grc' dir='ltr'>τρυφῶσι</span> <span class='ocrx_word' id='word_1_267' title='bbox 713 2309 822 2382; x_wconf 86' lang='grc' dir='ltr'><strong>γὰρ</strong></span> <span class='ocrx_word' id='word_1_268' title='bbox 860 2311 917 2362; x_wconf 81' lang='grc' dir='ltr'>ὲν</span> <span class='ocrx_word' id='word_1_269' title='bbox 939 2311 1006 2381; x_wconf 76' lang='grc' dir='ltr'>τῇ</span> <span class='ocrx_word' id='word_1_270' title='bbox 1050 2307 1233 2362; x_wconf 78' lang='grc' dir='ltr'>αὐτῶν</span> <span class='ocrx_word' id='word_1_271' title='bbox 1283 2308 1498 2379; x_wconf 77' lang='grc' dir='ltr'>πράξει.</span> <span class='ocrx_word' id='word_1_272' title='bbox 1545 2302 1716 2362; x_wconf 73' lang='grc' dir='ltr'>Αὖται</span> 
     </span>
    </p>
   </div>
   <div class='ocr_carea' id='block_1_32' title="bbox 121 2398 1711 2474">
    <p class='ocr_par' dir='ltr' id='par_1_32' title="bbox 121 2398 1711 2474">
     <span class='ocr_line' id='line_1_32' title="bbox 121 2398 1711 2474; baseline -0.001 -19"><span class='ocrx_word' id='word_1_273' title='bbox 121 2400 176 2455; x_wconf 79' lang='grc' dir='ltr'><strong>δὲ</strong></span> <span class='ocrx_word' id='word_1_274' title='bbox 211 2402 267 2456; x_wconf 79' lang='grc' dir='ltr'>αἱ</span> <span class='ocrx_word' id='word_1_275' title='bbox 316 2400 549 2473; x_wconf 79' lang='grc' dir='ltr'>πράξεις</span> <span class='ocrx_word' id='word_1_276' title='bbox 583 2400 840 2474; x_wconf 72' lang='grc' dir='ltr'>βλαϐερά(</span> <span class='ocrx_word' id='word_1_277' title='bbox 878 2402 985 2455; x_wconf 84' lang='grc' dir='ltr'>εῑσι</span> <span class='ocrx_word' id='word_1_278' title='bbox 1027 2404 1141 2465; x_wconf 78' lang='grc' dir='ltr'>τοῖς</span> <span class='ocrx_word' id='word_1_279' title='bbox 1181 2399 1387 2464; x_wconf 80' lang='grc' dir='ltr'>δούλοις</span> <span class='ocrx_word' id='word_1_280' title='bbox 1419 2398 1514 2452; x_wconf 80' lang='grc' dir='ltr'><strong>τοῦ</strong></span> <span class='ocrx_word' id='word_1_281' title='bbox 1551 2398 1711 2453; x_wconf 81' lang='grc' dir='ltr'>Θεοῦ.</span> 
     </span>
    </p>
   </div>
   <div class='ocr_carea' id='block_1_33' title="bbox 122 2490 1714 2565">
    <p class='ocr_par' dir='ltr' id='par_1_33' title="bbox 122 2490 1714 2565">
     <span class='ocr_line' id='line_1_33' title="bbox 122 2490 1714 2565; baseline -0.003 -17"><span class='ocrx_word' id='word_1_282' title='bbox 122 2493 239 2548; x_wconf 72' lang='grc' dir='ltr'>Εἰσὶ</span> <span class='ocrx_word' id='word_1_283' title='bbox 269 2494 327 2548; x_wconf 81' lang='grc' dir='ltr'><strong>δὲ</strong></span> <span class='ocrx_word' id='word_1_284' title='bbox 363 2492 461 2547; x_wconf 77' lang='grc' dir='ltr'><strong>καὶ</strong></span> <span class='ocrx_word' id='word_1_285' title='bbox 485 2493 690 2564; x_wconf 76' lang='grc' dir='ltr'>τρυφαὶ</span> <span class='ocrx_word' id='word_1_286' title='bbox 707 2492 977 2558; x_wconf 80' lang='grc' dir='ltr'>σώζουσαι</span> <span class='ocrx_word' id='word_1_287' title='bbox 1002 2495 1128 2558; x_wconf 79' lang='grc' dir='ltr'>τοὺς</span> <span class='ocrx_word' id='word_1_288' title='bbox 1151 2490 1491 2565; x_wconf 83' lang='grc' dir='ltr'>ἀνθρώπους.</span> <span class='ocrx_word' id='word_1_289' title='bbox 1522 2490 1714 2544; x_wconf 76' lang='grc' dir='ltr'>Πολλοὶ</span> 
     </span>
    </p>
   </div>
   <div class='ocr_carea' id='block_1_34' title="bbox 122 2580 1709 2659">
    <p class='ocr_par' dir='ltr' id='par_1_34' title="bbox 122 2580 1709 2659">
     <span class='ocr_line' id='line_1_34' title="bbox 122 2580 1709 2659; baseline -0.003 -19"><span class='ocrx_word' id='word_1_290' title='bbox 122 2586 226 2659; x_wconf 81' lang='grc' dir='ltr'><strong>γὰρ</strong></span> <span class='ocrx_word' id='word_1_291' title='bbox 252 2585 438 2656; x_wconf 81' lang='grc' dir='ltr'>ἀγαθὰ</span> <span class='ocrx_word' id='word_1_292' title='bbox 465 2583 822 2658; x_wconf 76' lang='grc' dir='ltr'>ἐργαζόμενοι</span> <span class='ocrx_word' id='word_1_293' title='bbox 853 2585 1150 2658; x_wconf 80' lang='grc' dir='ltr'>τρυφῶσιν.</span> <span class='ocrx_word' id='word_1_294' title='bbox 1181 2584 1330 2655; x_wconf 74' lang='grc' dir='ltr'>Αὕτη</span> <span class='ocrx_word' id='word_1_295' title='bbox 1350 2580 1442 2637; x_wconf 81' lang='grc' dir='ltr'><strong>οὖν</strong></span> <span class='ocrx_word' id='word_1_296' title='bbox 1467 2585 1500 2654; x_wconf 81' lang='grc' dir='ltr'>ἠ</span> <span class='ocrx_word' id='word_1_297' title='bbox 1526 2584 1709 2654; x_wconf 80' lang='grc' dir='ltr'>τρυφὴ</span> 
     </span>
    </p>
   </div>
   <div class='ocr_carea' id='block_1_35' title="bbox 1816 2033 3397 2107">
    <p class='ocr_par' dir='ltr' id='par_1_35' title="bbox 1816 2033 3397 2107">
     <span class='ocr_line' id='line_1_35' title="bbox 1816 2033 3397 2107; baseline 0.008 -20"><span class='ocrx_word' id='word_1_298' title='bbox 1816 2033 1922 2088; x_wconf 89' lang='lat' dir='ltr'><strong>bus</strong></span> <span class='ocrx_word' id='word_1_299' title='bbox 1950 2033 2066 2089; x_wconf 89' lang='lat' dir='ltr'><strong>suis</strong></span> <span class='ocrx_word' id='word_1_300' title='bbox 2116 2033 2346 2103; x_wconf 88' lang='lat' dir='ltr'><strong>percipit</strong></span> <span class='ocrx_word' id='word_1_301' title='bbox 2385 2034 2714 2103; x_wconf 85' lang='lat' dir='ltr'><strong>voluptatem</strong></span> <span class='ocrx_word' id='word_1_302' title='bbox 2766 2051 2959 2105; x_wconf 87' lang='lat' dir='ltr'><strong>suam;</strong></span> <span class='ocrx_word' id='word_1_303' title='bbox 3005 2049 3058 2093; x_wconf 85' lang='lat' dir='ltr'><strong>et</strong></span> <span class='ocrx_word' id='word_1_304' title='bbox 3079 2041 3313 2107; x_wconf 87' lang='lat' dir='ltr'><strong>adulter,</strong></span> <span class='ocrx_word' id='word_1_305' title='bbox 3341 2054 3397 2099; x_wconf 80' lang='lat' dir='ltr'><strong>et</strong></span> 
     </span>
    </p>
   </div>
   <div class='ocr_carea' id='block_1_36' title="bbox 1815 2123 3398 2203">
    <p class='ocr_par' dir='ltr' id='par_1_36' title="bbox 1815 2123 3398 2203">
     <span class='ocr_line' id='line_1_36' title="bbox 1815 2123 3398 2203; baseline 0.009 -25"><span class='ocrx_word' id='word_1_306' title='bbox 1815 2123 2065 2181; x_wconf 87' lang='lat' dir='ltr'><strong>ebriosus</strong></span> <span class='ocrx_word' id='word_1_307' title='bbox 2091 2125 2192 2197; x_wconf 74' lang='grc'>(4),</span> <span class='ocrx_word' id='word_1_308' title='bbox 2220 2134 2273 2180; x_wconf 88' lang='lat' dir='ltr'><strong>et</strong></span> <span class='ocrx_word' id='word_1_309' title='bbox 2292 2126 2589 2194; x_wconf 89' lang='lat' dir='ltr'><strong>detractor,</strong></span> <span class='ocrx_word' id='word_1_310' title='bbox 2615 2136 2667 2182; x_wconf 91' lang='lat' dir='ltr'><strong>et</strong></span> <span class='ocrx_word' id='word_1_311' title='bbox 2697 2129 2930 2184; x_wconf 86' lang='lat' dir='ltr'><strong>mendax</strong></span> <span class='ocrx_word' id='word_1_312' title='bbox 2960 2139 3015 2186; x_wconf 92' lang='lat' dir='ltr'><strong>et</strong></span> <span class='ocrx_word' id='word_1_313' title='bbox 3057 2136 3308 2203; x_wconf 86' lang='lat' dir='ltr'><strong>cupidus,</strong></span> <span class='ocrx_word' id='word_1_314' title='bbox 3341 2146 3398 2193; x_wconf 90' lang='lat' dir='ltr'><strong>et</strong></span> 
     </span>
    </p>
   </div>
   <div class='ocr_carea' id='block_1_37' title="bbox 1816 2215 3392 2297">
    <p class='ocr_par' dir='ltr' id='par_1_37' title="bbox 1816 2215 3392 2297">
     <span class='ocr_line' id='line_1_37' title="bbox 1816 2215 3392 2297; baseline 0.011 -27"><span class='ocrx_word' id='word_1_315' title='bbox 1816 2215 2121 2284; x_wconf 88' lang='lat' dir='ltr'><strong>fraudator,</strong></span> <span class='ocrx_word' id='word_1_316' title='bbox 2148 2227 2203 2273; x_wconf 90' lang='lat' dir='ltr'><strong>et</strong></span> <span class='ocrx_word' id='word_1_317' title='bbox 2231 2219 2545 2288; x_wconf 86' lang='lat' dir='ltr'><strong>quicunque</strong></span> <span class='ocrx_word' id='word_1_318' title='bbox 2586 2219 2657 2275; x_wconf 87' lang='lat' dir='ltr'><strong>iis</strong></span> <span class='ocrx_word' id='word_1_319' title='bbox 2694 2221 2873 2277; x_wconf 89' lang='lat' dir='ltr'><strong>simile</strong></span> <span class='ocrx_word' id='word_1_320' title='bbox 2902 2223 3107 2293; x_wconf 84' lang='lat' dir='ltr'><strong>aliquid</strong></span> <span class='ocrx_word' id='word_1_321' title='bbox 3132 2227 3392 2297; x_wconf 73' lang='lat' dir='ltr'><strong>admittit,</strong></span> 
     </span>
    </p>
   </div>
   <div class='ocr_carea' id='block_1_38' title="bbox 1818 2309 3395 2386">
    <p class='ocr_par' dir='ltr' id='par_1_38' title="bbox 1818 2309 3395 2386">
     <span class='ocr_line' id='line_1_38' title="bbox 1818 2309 3395 2386; baseline 0.011 -25"><span class='ocrx_word' id='word_1_322' title='bbox 1818 2309 2011 2363; x_wconf 87' lang='lat' dir='ltr'><strong>morbo</strong></span> <span class='ocrx_word' id='word_1_323' title='bbox 2038 2325 2139 2365; x_wconf 90' lang='lat' dir='ltr'><strong>suo</strong></span> <span class='ocrx_word' id='word_1_324' title='bbox 2160 2324 2381 2380; x_wconf 89' lang='lat' dir='ltr'><strong>parens,</strong></span> <span class='ocrx_word' id='word_1_325' title='bbox 2405 2310 2636 2380; x_wconf 88' lang='lat' dir='ltr'><strong>percipit</strong></span> <span class='ocrx_word' id='word_1_326' title='bbox 2656 2327 2722 2365; x_wconf 82' lang='lat' dir='ltr'><strong>ex</strong></span> <span class='ocrx_word' id='word_1_327' title='bbox 2749 2328 2812 2367; x_wconf 88' lang='lat' dir='ltr'><strong>ea</strong></span> <span class='ocrx_word' id='word_1_328' title='bbox 2837 2328 2898 2368; x_wconf 90' lang='lat' dir='ltr'><strong>re</strong></span> <span class='ocrx_word' id='word_1_329' title='bbox 2921 2315 3276 2386; x_wconf 81' lang='lat' dir='ltr'><strong>voluptatem.</strong></span> <span class='ocrx_word' id='word_1_330' title='bbox 3301 2320 3395 2378; x_wconf 78' lang='lat' dir='ltr'><strong>liae</strong></span> 
     </span>
    </p>
   </div>
   <div class='ocr_carea' id='block_1_39' title="bbox 1815 2399 3394 2471">
    <p class='ocr_par' dir='ltr' id='par_1_39' title="bbox 1815 2399 3394 2471">
     <span class='ocr_line' id='line_1_39' title="bbox 1815 2399 3394 2471; baseline 0.012 -20"><span class='ocrx_word' id='word_1_331' title='bbox 1815 2411 2010 2453; x_wconf 90' lang='lat' dir='ltr'><strong>omnes</strong></span> <span class='ocrx_word' id='word_1_332' title='bbox 2039 2399 2356 2456; x_wconf 85' lang='lat' dir='ltr'><strong>dulcedines</strong></span> <span class='ocrx_word' id='word_1_333' title='bbox 2391 2416 2458 2455; x_wconf 86' lang='lat' dir='ltr'><strong>ac</strong></span> <span class='ocrx_word' id='word_1_334' title='bbox 2480 2401 2786 2471; x_wconf 85' lang='lat' dir='ltr'><strong>voluptates</strong></span> <span class='ocrx_word' id='word_1_335' title='bbox 2834 2405 3013 2462; x_wconf 77' lang='lat' dir='ltr'><strong>noxia:</strong></span> <span class='ocrx_word' id='word_1_336' title='bbox 3052 2416 3184 2465; x_wconf 77' lang='lat' dir='ltr'><strong>sunt</strong></span> <span class='ocrx_word' id='word_1_337' title='bbox 3217 2414 3394 2471; x_wconf 84' lang='lat' dir='ltr'><strong>servis</strong></span> 
     </span>
    </p>
   </div>
   <div class='ocr_carea' id='block_1_40' title="bbox 1816 2488 3394 2571">
    <p class='ocr_par' dir='ltr' id='par_1_40' title="bbox 1816 2488 3394 2571">
     <span class='ocr_line' id='line_1_40' title="bbox 1816 2488 3394 2571; baseline 0.011 -28"><span class='ocrx_word' id='word_1_338' title='bbox 1816 2488 1931 2545; x_wconf 85' lang='lat' dir='ltr'><strong>Dei.</strong></span> <span class='ocrx_word' id='word_1_339' title='bbox 1981 2491 2213 2562; x_wconf 83' lang='lat' dir='ltr'><strong>Propter</strong></span> <span class='ocrx_word' id='word_1_340' title='bbox 2253 2495 2355 2549; x_wconf 88' lang='lat' dir='ltr'><strong>has</strong></span> <span class='ocrx_word' id='word_1_341' title='bbox 2406 2494 2593 2563; x_wconf 87' lang='lat' dir='ltr'><strong>itaque</strong></span> <span class='ocrx_word' id='word_1_342' title='bbox 2637 2496 2957 2552; x_wconf 81' lang='lat' dir='ltr'><strong>cruciantur</strong></span> <span class='ocrx_word' id='word_1_343' title='bbox 3005 2508 3062 2555; x_wconf 90' lang='lat' dir='ltr'><strong>et</strong></span> <span class='ocrx_word' id='word_1_344' title='bbox 3112 2503 3394 2571; x_wconf 78' lang='lat' dir='ltr'><strong>patiuntur</strong></span> 
     </span>
    </p>
   </div>
   <div class='ocr_carea' id='block_1_41' title="bbox 1814 2581 3394 2656">
    <p class='ocr_par' dir='ltr' id='par_1_41' title="bbox 1814 2581 3394 2656">
     <span class='ocr_line' id='line_1_41' title="bbox 1814 2581 3394 2656; baseline 0.013 -22"><span class='ocrx_word' id='word_1_345' title='bbox 1814 2597 2026 2651; x_wconf 62' lang='lat' dir='ltr'><strong>pinnas.</strong></span> <span class='ocrx_word' id='word_1_346' title='bbox 2080 2581 2222 2637; x_wconf 89' lang='lat' dir='ltr'><strong>Sunt</strong></span> <span class='ocrx_word' id='word_1_347' title='bbox 2258 2583 2422 2640; x_wconf 84' lang='lat' dir='ltr'><strong>etiam</strong></span> <span class='ocrx_word' id='word_1_348' title='bbox 2460 2584 2787 2655; x_wconf 78' lang='lat' dir='ltr'><strong>voluptates,</strong></span> <span class='ocrx_word' id='word_1_349' title='bbox 2819 2589 3049 2645; x_wconf 85' lang='lat' dir='ltr'><strong>salutem</strong></span> <span class='ocrx_word' id='word_1_350' title='bbox 3078 2591 3394 2656; x_wconf 79' lang='lat' dir='ltr'><strong>hominibus</strong></span> 
     </span>
    </p>
   </div>
   <div class='ocr_carea' id='block_1_42' title="bbox 121 2672 1701 2751">
    <p class='ocr_par' dir='ltr' id='par_1_42' title="bbox 121 2674 1701 2750">
     <span class='ocr_line' id='line_1_42' title="bbox 121 2674 1701 2750; baseline -0.002 -16"><span class='ocrx_word' id='word_1_351' title='bbox 121 2684 229 2745; x_wconf 82' lang='grc' dir='ltr'>τοῖς</span> <span class='ocrx_word' id='word_1_352' title='bbox 278 2680 491 2744; x_wconf 87' lang='grc' dir='ltr'>δούλοις</span> <span class='ocrx_word' id='word_1_353' title='bbox 539 2678 636 2733; x_wconf 77' lang='grc' dir='ltr'>τοῦ</span> <span class='ocrx_word' id='word_1_354' title='bbox 691 2678 827 2732; x_wconf 86' lang='grc' dir='ltr'>Θεοῦ</span> <span class='ocrx_word' id='word_1_355' title='bbox 876 2680 1239 2749; x_wconf 82' lang='grc' dir='ltr'>περιποιεῖται</span> <span class='ocrx_word' id='word_1_356' title='bbox 1296 2674 1475 2750; x_wconf 80' lang='grc' dir='ltr'>ζωήν·</span> <span class='ocrx_word' id='word_1_357' title='bbox 1536 2678 1592 2730; x_wconf 78' lang='grc' dir='ltr'><strong>αἱ</strong></span> <span class='ocrx_word' id='word_1_358' title='bbox 1647 2676 1701 2731; x_wconf 78' lang='grc' dir='ltr'><strong>δὲ</strong></span> 
     </span>
    </p>
   </div>
   <div class='ocr_carea' id='block_1_43' title="bbox 1838 2672 3392 2751">
    <p class='ocr_par' dir='ltr' id='par_1_43' title="bbox 1838 2672 3392 2751">
     <span class='ocr_line' id='line_1_43' title="bbox 1838 2672 3392 2751; baseline 0.006 -21"><span class='ocrx_word' id='word_1_359' title='bbox 1838 2672 2121 2730; x_wconf 72' lang='grc' dir='ltr'>ισετθηιεε.</span> <span class='ocrx_word' id='word_1_360' title='bbox 2189 2672 2342 2729; x_wconf 81' lang='lat' dir='ltr'><strong>Multi</strong></span> <span class='ocrx_word' id='word_1_361' title='bbox 2390 2675 2536 2733; x_wconf 86' lang='lat' dir='ltr'><strong>enim</strong></span> <span class='ocrx_word' id='word_1_362' title='bbox 2591 2690 2754 2745; x_wconf 81' lang='lat' dir='ltr'><strong>opera</strong></span> <span class='ocrx_word' id='word_1_363' title='bbox 2810 2676 3068 2737; x_wconf 81' lang='lat' dir='ltr'><strong>bonitatis</strong></span> <span class='ocrx_word' id='word_1_364' title='bbox 3109 2681 3392 2751; x_wconf 77' lang='lat' dir='ltr'><strong>facientes,</strong></span> 
     </span>
    </p>
   </div>
   <div class='ocr_carea' id='block_1_44' title="bbox 124 2766 1701 2842">
    <p class='ocr_par' dir='ltr' id='par_1_44' title="bbox 124 2766 1025 2842">
     <span class='ocr_line' id='line_1_44' title="bbox 124 2766 1025 2842; baseline -0.001 -20"><span class='ocrx_word' id='word_1_365' title='bbox 124 2767 516 2842; x_wconf 82' lang='grc' dir='ltr'>προειρημέναι</span> <span class='ocrx_word' id='word_1_366' title='bbox 546 2767 751 2839; x_wconf 73' lang='grc' dir='ltr'>τρυφαὶ</span> <span class='ocrx_word' id='word_1_367' title='bbox 777 2766 1025 2838; x_wconf 82' lang='grc' dir='ltr'>βάσανον.</span> 
     </span>
    </p>
   </div>
   <div class='ocr_carea' id='block_1_45' title="bbox 1838 2766 3396 2842">
    <p class='ocr_par' dir='ltr' id='par_1_45' title="bbox 1838 2767 3396 2838">
     <span class='ocr_line' id='line_1_45' title="bbox 1838 2767 3396 2838; baseline 0.007 -17"><span class='ocrx_word' id='word_1_368' title='bbox 1838 2767 2120 2837; x_wconf 72' lang='grc' dir='ltr'>ιθτοὶρίιιιιι</span> <span class='ocrx_word' id='word_1_369' title='bbox 2159 2767 2513 2838; x_wconf 83' lang='lat' dir='ltr'><strong>voluptatem,</strong></span> <span class='ocrx_word' id='word_1_370' title='bbox 2556 2767 2843 2829; x_wconf 85' lang='lat' dir='ltr'><strong>dulcedine</strong></span> <span class='ocrx_word' id='word_1_371' title='bbox 2891 2786 2991 2826; x_wconf 86' lang='lat' dir='ltr'><strong>sua</strong></span> <span class='ocrx_word' id='word_1_372' title='bbox 3034 2775 3212 2837; x_wconf 81' lang='lat' dir='ltr'><strong>tracti.</strong></span> <span class='ocrx_word' id='word_1_373' title='bbox 3271 2774 3396 2832; x_wconf 73' lang='lat' dir='ltr'><strong>llzee</strong></span> 
     </span>
    </p>
   </div>
   <div class='ocr_carea' id='block_1_46' title="bbox 122 2857 3397 2936">
    <p class='ocr_par' dir='ltr' id='par_1_46' title="bbox 122 2857 3397 2936">
     <span class='ocr_line' id='line_1_46' title="bbox 122 2857 3397 2936; baseline 0.003 -21"><span class='ocrx_word' id='word_1_374' title='bbox 122 2874 246 2929; x_wconf 82' lang='lat' dir='ltr'><strong>ergo</strong></span> <span class='ocrx_word' id='word_1_375' title='bbox 275 2859 533 2928; x_wconf 88' lang='lat' dir='ltr'><strong>voluptas</strong></span> <span class='ocrx_word' id='word_1_376' title='bbox 568 2858 719 2913; x_wconf 90' lang='lat' dir='ltr'><strong>utilis</strong></span> <span class='ocrx_word' id='word_1_377' title='bbox 752 2866 837 2913; x_wconf 80' lang='lat' dir='ltr'><strong>est</strong></span> <span class='ocrx_word' id='word_1_378' title='bbox 867 2859 1040 2913; x_wconf 88' lang='lat' dir='ltr'><strong>servis</strong></span> <span class='ocrx_word' id='word_1_379' title='bbox 1071 2857 1187 2924; x_wconf 86' lang='lat' dir='ltr'><strong>Dei,</strong></span> <span class='ocrx_word' id='word_1_380' title='bbox 1216 2868 1272 2913; x_wconf 93' lang='lat' dir='ltr'><strong>et</strong></span> <span class='ocrx_word' id='word_1_381' title='bbox 1306 2859 1475 2913; x_wconf 88' lang='lat' dir='ltr'><strong>vitam</strong></span> <span class='ocrx_word' id='word_1_382' title='bbox 1504 2868 1662 2929; x_wconf 89' lang='lat' dir='ltr'><strong>parat</strong></span> <span class='ocrx_word' id='word_1_383' title='bbox 1694 2859 2011 2930; x_wconf 86' lang='lat' dir='ltr'><strong>hujusmodi</strong></span> <span class='ocrx_word' id='word_1_384' title='bbox 2032 2858 2372 2915; x_wconf 87' lang='lat' dir='ltr'><strong>hominibus.</strong></span> <span class='ocrx_word' id='word_1_385' title='bbox 2403 2858 2513 2919; x_wconf 72' lang='grc' dir='ltr'>ιιιεε</span> <span class='ocrx_word' id='word_1_386' title='bbox 2536 2876 2665 2916; x_wconf 92' lang='lat' dir='ltr'><strong>vero</strong></span> <span class='ocrx_word' id='word_1_387' title='bbox 2694 2862 2871 2916; x_wconf 72' lang='lat' dir='ltr'><strong>noxia:</strong></span> <span class='ocrx_word' id='word_1_388' title='bbox 2896 2880 3020 2933; x_wconf 70' lang='lat' dir='ltr'><strong>qua:</strong></span> <span class='ocrx_word' id='word_1_389' title='bbox 3045 2882 3208 2936; x_wconf 88' lang='lat' dir='ltr'><strong>supra</strong></span> <span class='ocrx_word' id='word_1_390' title='bbox 3238 2865 3397 2924; x_wconf 63' lang='lat' dir='ltr'><strong>dictae</strong></span> 
     </span>
    </p>
   </div>
   <div class='ocr_carea' id='block_1_47' title="bbox 125 2948 3396 3033">
    <p class='ocr_par' dir='ltr' id='par_1_47' title="bbox 125 2948 3396 3033">
     <span class='ocr_line' id='line_1_47' title="bbox 125 2948 3396 3033; baseline 0.006 -31"><span class='ocrx_word' id='word_1_391' title='bbox 125 2948 569 3019; x_wconf 68' lang='lat' dir='ltr'><strong>sunt,‘tormenta</strong></span> <span class='ocrx_word' id='word_1_392' title='bbox 598 2958 655 3005; x_wconf 91' lang='lat' dir='ltr'><strong>et</strong></span> <span class='ocrx_word' id='word_1_393' title='bbox 688 2964 882 3020; x_wconf 65' lang='lat' dir='ltr'><strong>poenas</strong></span> <span class='ocrx_word' id='word_1_394' title='bbox 915 2949 1157 3017; x_wconf 87' lang='lat' dir='ltr'><strong>pariunt.</strong></span> <span class='ocrx_word' id='word_1_395' title='bbox 1188 2948 1515 3020; x_wconf 84' lang='lat' dir='ltr'><strong>Quicunque</strong></span> <span class='ocrx_word' id='word_1_396' title='bbox 1547 2966 1678 3006; x_wconf 87' lang='lat' dir='ltr'><strong>vero</strong></span> <span class='ocrx_word' id='word_1_397' title='bbox 1708 2952 2114 3021; x_wconf 83' lang='lat' dir='ltr'><strong>permanserint</strong></span> <span class='ocrx_word' id='word_1_398' title='bbox 2149 2952 2206 3007; x_wconf 91' lang='lat' dir='ltr'><strong>in</strong></span> <span class='ocrx_word' id='word_1_399' title='bbox 2246 2953 2377 3019; x_wconf 89' lang='lat' dir='ltr'><strong>illis,</strong></span> <span class='ocrx_word' id='word_1_400' title='bbox 2404 2966 2503 3008; x_wconf 89' lang='lat' dir='ltr'><strong>nec</strong></span> <span class='ocrx_word' id='word_1_401' title='bbox 2543 2953 2910 3009; x_wconf 88' lang='lat' dir='ltr'><strong>admissorum</strong></span> <span class='ocrx_word' id='word_1_402' title='bbox 2934 2972 3163 3014; x_wconf 89' lang='lat' dir='ltr'><strong>suorum</strong></span> <span class='ocrx_word' id='word_1_403' title='bbox 3186 2966 3396 3033; x_wconf 86' lang='lat' dir='ltr'><strong>egerint</strong></span> 
     </span>
    </p>
   </div>
   <div class='ocr_carea' id='block_1_48' title="bbox 125 3038 1279 3110">
    <p class='ocr_par' dir='ltr' id='par_1_48' title="bbox 125 3038 1279 3110">
     <span class='ocr_line' id='line_1_48' title="bbox 125 3038 1279 3110; baseline 0.001 -16"><span class='ocrx_word' id='word_1_404' title='bbox 125 3038 531 3110; x_wconf 70' lang='lat' dir='ltr'><strong>pmnitentiam,</strong></span> <span class='ocrx_word' id='word_1_405' title='bbox 564 3048 795 3093; x_wconf 90' lang='lat' dir='ltr'><strong>mortem</strong></span> <span class='ocrx_word' id='word_1_406' title='bbox 834 3038 939 3093; x_wconf 85' lang='lat' dir='ltr'><strong>sibi</strong></span> <span class='ocrx_word' id='word_1_407' title='bbox 968 3039 1279 3108; x_wconf 83' lang='lat' dir='ltr'><strong>acquirent.</strong></span> 
     </span>
    </p>
   </div>
   <div class='ocr_carea' id='block_1_49' title="bbox 1465 3132 2117 3196">
    <p class='ocr_par' dir='ltr' id='par_1_49' title="bbox 1465 3132 2117 3196">
     <span class='ocr_line' id='line_1_49' title="bbox 1465 3132 2117 3196; baseline -0.006 -2"><span class='ocrx_word' id='word_1_408' title='bbox 1465 3132 1943 3196; x_wconf 78' lang='lat' dir='ltr'><strong>SIMILITUDO</strong></span> <span class='ocrx_word' id='word_1_409' title='bbox 1976 3132 2117 3192; x_wconf 83' lang='lat' dir='ltr'><strong>Vl].</strong></span> 
     </span>
    </p>
   </div>
   <div class='ocr_carea' id='block_1_50' title="bbox 783 3230 2774 3315">
    <p class='ocr_par' dir='ltr' id='par_1_50' title="bbox 783 3230 2774 3315">
     <span class='ocr_line' id='line_1_50' title="bbox 783 3230 2774 3315; baseline 0.005 -23"><span class='ocrx_word' id='word_1_410' title='bbox 783 3230 1239 3294; x_wconf 76' lang='lat' dir='ltr'><strong>Pamitentibus</strong></span> <span class='ocrx_word' id='word_1_411' title='bbox 1280 3234 1607 3313; x_wconf 71' lang='lat' dir='ltr'><strong>faciendos</strong></span> <span class='ocrx_word' id='word_1_412' title='bbox 1660 3253 1787 3297; x_wconf 74' lang='lat' dir='ltr'><strong>esse</strong></span> <span class='ocrx_word' id='word_1_413' title='bbox 1821 3236 2204 3315; x_wconf 65' lang='lat' dir='ltr'><strong>pauitantia</strong></span> <span class='ocrx_word' id='word_1_414' title='bbox 2238 3233 2463 3313; x_wconf 81' lang='lat' dir='ltr'><strong>dignos</strong></span> <span class='ocrx_word' id='word_1_415' title='bbox 2498 3237 2774 3315; x_wconf 81' lang='lat' dir='ltr'><strong>fructus.</strong></span> 
     </span>
    </p>
   </div>
   <div class='ocr_carea' id='block_1_51' title="bbox 1500 3364 2077 3422">
    <p class='ocr_par' dir='ltr' id='par_1_51' title="bbox 1500 3364 2077 3422">
     <span class='ocr_line' id='line_1_51' title="bbox 1500 3364 2077 3422; baseline -0.005 0"><span class='ocrx_word' id='word_1_416' title='bbox 1500 3365 1733 3422; x_wconf 88' lang='lat' dir='ltr'><strong>CAPUT</strong></span> <span class='ocrx_word' id='word_1_417' title='bbox 1783 3364 2077 3422; x_wconf 82' lang='lat' dir='ltr'><strong>UNICUM.</strong></span> 
     </span>
    </p>
   </div>
   <div class='ocr_carea' id='block_1_52' title="bbox 187 3456 3392 3537">
    <p class='ocr_par' dir='ltr' id='par_1_52' title="bbox 187 3456 3392 3537">
     <span class='ocr_line' id='line_1_52' title="bbox 187 3456 3392 3537; baseline 0.003 -23"><span class='ocrx_word' id='word_1_418' title='bbox 187 3457 316 3516; x_wconf 87' lang='lat' dir='ltr'><strong>Post</strong></span> <span class='ocrx_word' id='word_1_419' title='bbox 337 3457 461 3515; x_wconf 89' lang='lat' dir='ltr'><strong>dies</strong></span> <span class='ocrx_word' id='word_1_420' title='bbox 495 3470 703 3528; x_wconf 90' lang='lat' dir='ltr'><strong>paucos</strong></span> <span class='ocrx_word' id='word_1_421' title='bbox 730 3456 889 3513; x_wconf 91' lang='lat' dir='ltr'><strong>video</strong></span> <span class='ocrx_word' id='word_1_422' title='bbox 924 3458 1078 3515; x_wconf 92' lang='lat' dir='ltr'><strong>illum</strong></span> <span class='ocrx_word' id='word_1_423' title='bbox 1110 3460 1167 3515; x_wconf 92' lang='lat' dir='ltr'><strong>in</strong></span> <span class='ocrx_word' id='word_1_424' title='bbox 1195 3476 1262 3517; x_wconf 92' lang='lat' dir='ltr'><strong>eo</strong></span> <span class='ocrx_word' id='word_1_425' title='bbox 1287 3476 1504 3533; x_wconf 91' lang='lat' dir='ltr'><strong>campo,</strong></span> <span class='ocrx_word' id='word_1_426' title='bbox 1538 3463 1593 3517; x_wconf 93' lang='lat' dir='ltr'><strong>in</strong></span> <span class='ocrx_word' id='word_1_427' title='bbox 1633 3477 1745 3533; x_wconf 92' lang='lat' dir='ltr'><strong>quo</strong></span> <span class='ocrx_word' id='word_1_428' title='bbox 1789 3472 2037 3532; x_wconf 86' lang='lat' dir='ltr'><strong>pastores</strong></span> <span class='ocrx_word' id='word_1_429' title='bbox 2086 3460 2208 3515; x_wconf 92' lang='lat' dir='ltr'><strong>illos</strong></span> <span class='ocrx_word' id='word_1_430' title='bbox 2254 3468 2380 3514; x_wconf 91' lang='lat' dir='ltr'><strong>ante</strong></span> <span class='ocrx_word' id='word_1_431' title='bbox 2412 3458 2653 3515; x_wconf 87' lang='lat' dir='ltr'><strong>videram</strong></span> <span class='ocrx_word' id='word_1_432' title='bbox 2692 3458 2794 3529; x_wconf 87' lang='lat'><strong>(5).</strong></span> <span class='ocrx_word' id='word_1_433' title='bbox 2823 3459 2892 3517; x_wconf 85' lang='lat' dir='ltr'><strong>Et</strong></span> <span class='ocrx_word' id='word_1_434' title='bbox 2930 3464 3007 3519; x_wconf 89' lang='lat' dir='ltr'><strong>ait</strong></span> <span class='ocrx_word' id='word_1_435' title='bbox 3045 3465 3180 3521; x_wconf 89' lang='lat' dir='ltr'><strong>mihi</strong></span> <span class='ocrx_word' id='word_1_436' title='bbox 3206 3484 3222 3523; x_wconf 91' lang='lat'><strong>:</strong></span> <span class='ocrx_word' id='word_1_437' title='bbox 3248 3466 3392 3537; x_wconf 85' lang='lat' dir='ltr'><strong>Quid</strong></span> 
     </span>
    </p>
   </div>
   <div class='ocr_carea' id='block_1_53' title="bbox 124 3551 3394 3629">
    <p class='ocr_par' dir='ltr' id='par_1_53' title="bbox 124 3551 3394 3629">
     <span class='ocr_line' id='line_1_53' title="bbox 124 3551 3394 3629; baseline 0.002 -19"><span class='ocrx_word' id='word_1_438' title='bbox 124 3556 394 3629; x_wconf 78' lang='lat' dir='ltr'><strong>inquiris?</strong></span> <span class='ocrx_word' id='word_1_439' title='bbox 415 3551 574 3623; x_wconf 79' lang='lat' dir='ltr'><strong>Veni,</strong></span> <span class='ocrx_word' id='word_1_440' title='bbox 603 3553 852 3624; x_wconf 89' lang='lat' dir='ltr'><strong>inquam,</strong></span> <span class='ocrx_word' id='word_1_441' title='bbox 884 3568 1081 3623; x_wconf 81' lang='lat' dir='ltr'><strong>rogare</strong></span> <span class='ocrx_word' id='word_1_442' title='bbox 1114 3561 1186 3624; x_wconf 87' lang='lat' dir='ltr'><strong>te,</strong></span> <span class='ocrx_word' id='word_1_443' title='bbox 1221 3555 1463 3619; x_wconf 89' lang='lat' dir='ltr'><strong>domine,</strong></span> <span class='ocrx_word' id='word_1_444' title='bbox 1495 3562 1557 3608; x_wconf 92' lang='lat' dir='ltr'><strong>ut</strong></span> <span class='ocrx_word' id='word_1_445' title='bbox 1586 3564 1865 3629; x_wconf 82' lang='lat' dir='ltr'><strong>pastorem</strong></span> <span class='ocrx_word' id='word_1_446' title='bbox 1898 3555 2053 3609; x_wconf 92' lang='lat' dir='ltr'><strong>illum</strong></span> <span class='ocrx_word' id='word_1_447' title='bbox 2090 3551 2445 3624; x_wconf 62' lang='lat' dir='ltr'><strong>praepositum</strong></span> <span class='ocrx_word' id='word_1_448' title='bbox 2496 3565 2674 3622; x_wconf 60' lang='lat' dir='ltr'><strong>paenae</strong></span> <span class='ocrx_word' id='word_1_449' title='bbox 2714 3552 2911 3623; x_wconf 87' lang='lat' dir='ltr'><strong>jubeas</strong></span> <span class='ocrx_word' id='word_1_450' title='bbox 2951 3557 3019 3611; x_wconf 91' lang='lat' dir='ltr'><strong>de</strong></span> <span class='ocrx_word' id='word_1_451' title='bbox 3058 3573 3178 3614; x_wconf 89' lang='lat' dir='ltr'><strong>mea</strong></span> <span class='ocrx_word' id='word_1_452' title='bbox 3220 3561 3394 3618; x_wconf 88' lang='lat' dir='ltr'><strong>domo</strong></span> 
     </span>
    </p>
   </div>
   <div class='ocr_carea' id='block_1_54' title="bbox 122 3646 3391 3724">
    <p class='ocr_par' dir='ltr' id='par_1_54' title="bbox 122 3646 3391 3724">
     <span class='ocr_line' id='line_1_54' title="bbox 122 3646 3391 3724; baseline 0 -16"><span class='ocrx_word' id='word_1_453' title='bbox 122 3653 286 3719; x_wconf 84' lang='lat' dir='ltr'><strong>exire,</strong></span> <span class='ocrx_word' id='word_1_454' title='bbox 318 3650 455 3724; x_wconf 86' lang='lat' dir='ltr'><strong>quia</strong></span> <span class='ocrx_word' id='word_1_455' title='bbox 483 3650 837 3706; x_wconf 87' lang='lat' dir='ltr'><strong>vehementer</strong></span> <span class='ocrx_word' id='word_1_456' title='bbox 867 3666 955 3705; x_wconf 92' lang='lat' dir='ltr'><strong>me</strong></span> <span class='ocrx_word' id='word_1_457' title='bbox 989 3649 1199 3720; x_wconf 78' lang='lat' dir='ltr'><strong>afﬂigit.</strong></span> <span class='ocrx_word' id='word_1_458' title='bbox 1233 3649 1301 3704; x_wconf 91' lang='lat' dir='ltr'><strong>Et</strong></span> <span class='ocrx_word' id='word_1_459' title='bbox 1348 3651 1687 3721; x_wconf 89' lang='lat' dir='ltr'><strong>respondens</strong></span> <span class='ocrx_word' id='word_1_460' title='bbox 1717 3671 1730 3705; x_wconf 89' lang='lat'><strong>:</strong></span> <span class='ocrx_word' id='word_1_461' title='bbox 1765 3649 2000 3707; x_wconf 86' lang='lat' dir='ltr'><strong>Necesse</strong></span> <span class='ocrx_word' id='word_1_462' title='bbox 2036 3659 2139 3717; x_wconf 90' lang='lat' dir='ltr'><strong>est,</strong></span> <span class='ocrx_word' id='word_1_463' title='bbox 2187 3649 2384 3721; x_wconf 91' lang='lat' dir='ltr'><strong>inquit,</strong></span> <span class='ocrx_word' id='word_1_464' title='bbox 2417 3647 2644 3721; x_wconf 88' lang='lat' dir='ltr'><strong>patiaris</strong></span> <span class='ocrx_word' id='word_1_465' title='bbox 2688 3646 3034 3704; x_wconf 89' lang='lat' dir='ltr'><strong>incommoda</strong></span> <span class='ocrx_word' id='word_1_466' title='bbox 3065 3660 3120 3705; x_wconf 90' lang='lat' dir='ltr'><strong>et</strong></span> <span class='ocrx_word' id='word_1_467' title='bbox 3146 3654 3391 3708; x_wconf 79' lang='lat' dir='ltr'><strong>vexatio-</strong></span> 
     </span>
    </p>
   </div>
   <div class='ocr_carea' id='block_1_55' title="bbox 120 3736 3390 3821">
    <p class='ocr_par' dir='ltr' id='par_1_55' title="bbox 120 3736 3390 3821">
     <span class='ocr_line' id='line_1_55' title="bbox 120 3736 3390 3821; baseline -0.002 -19"><span class='ocrx_word' id='word_1_468' title='bbox 120 3763 217 3806; x_wconf 88' lang='lat' dir='ltr'><strong>nes</strong></span> <span class='ocrx_word' id='word_1_469' title='bbox 244 3748 360 3821; x_wconf 87' lang='lat'><strong>(6);</strong></span> <span class='ocrx_word' id='word_1_470' title='bbox 396 3747 479 3809; x_wconf 90' lang='lat' dir='ltr'><strong>sic</strong></span> <span class='ocrx_word' id='word_1_471' title='bbox 507 3745 653 3801; x_wconf 91' lang='lat' dir='ltr'><strong>enim</strong></span> <span class='ocrx_word' id='word_1_472' title='bbox 684 3740 942 3816; x_wconf 68' lang='lat' dir='ltr'><strong>praecepit</strong></span> <span class='ocrx_word' id='word_1_473' title='bbox 982 3739 1049 3794; x_wconf 90' lang='lat' dir='ltr'><strong>de</strong></span> <span class='ocrx_word' id='word_1_474' title='bbox 1080 3748 1133 3793; x_wconf 91' lang='lat' dir='ltr'><strong>te</strong></span> <span class='ocrx_word' id='word_1_475' title='bbox 1171 3738 1262 3794; x_wconf 91' lang='lat' dir='ltr'><strong>ille</strong></span> <span class='ocrx_word' id='word_1_476' title='bbox 1304 3740 1534 3795; x_wconf 90' lang='lat' dir='ltr'><strong>nuntius</strong></span> <span class='ocrx_word' id='word_1_477' title='bbox 1577 3739 1756 3797; x_wconf 91' lang='lat' dir='ltr'><strong>bonus</strong></span> <span class='ocrx_word' id='word_1_478' title='bbox 1796 3740 1911 3811; x_wconf 83' lang='lat'><strong>(7):</strong></span> <span class='ocrx_word' id='word_1_479' title='bbox 1946 3740 2074 3811; x_wconf 88' lang='lat' dir='ltr'><strong>quia</strong></span> <span class='ocrx_word' id='word_1_480' title='bbox 2124 3748 2337 3795; x_wconf 88' lang='lat' dir='ltr'><strong>tentare</strong></span> <span class='ocrx_word' id='word_1_481' title='bbox 2380 3748 2433 3793; x_wconf 90' lang='lat' dir='ltr'><strong>te</strong></span> <span class='ocrx_word' id='word_1_482' title='bbox 2474 3738 2609 3794; x_wconf 89' lang='lat' dir='ltr'><strong>vult.</strong></span> <span class='ocrx_word' id='word_1_483' title='bbox 2664 3736 2842 3806; x_wconf 90' lang='lat' dir='ltr'><strong>Quod,</strong></span> <span class='ocrx_word' id='word_1_484' title='bbox 2873 3739 3117 3809; x_wconf 90' lang='lat' dir='ltr'><strong>inquam,</strong></span> <span class='ocrx_word' id='word_1_485' title='bbox 3148 3742 3390 3801; x_wconf 65' lang='lat' dir='ltr'><strong>domine.</strong></span> 
     </span>
    </p>
   </div>
   <div class='ocr_carea' id='block_1_56' title="bbox 124 3831 3389 3917">
    <p class='ocr_par' dir='ltr' id='par_1_56' title="bbox 124 3831 3389 3917">
     <span class='ocr_line' id='line_1_56' title="bbox 124 3831 3389 3917; baseline -0.003 -15"><span class='ocrx_word' id='word_1_486' title='bbox 124 3856 229 3902; x_wconf 79' lang='lat' dir='ltr'><strong>tam</strong></span> <span class='ocrx_word' id='word_1_487' title='bbox 260 3858 430 3917; x_wconf 85' lang='lat' dir='ltr'><strong>grave</strong></span> <span class='ocrx_word' id='word_1_488' title='bbox 462 3852 749 3914; x_wconf 88' lang='lat' dir='ltr'><strong>peccatum</strong></span> <span class='ocrx_word' id='word_1_489' title='bbox 786 3835 1005 3903; x_wconf 87' lang='lat' dir='ltr'><strong>admisi,</strong></span> <span class='ocrx_word' id='word_1_490' title='bbox 1031 3843 1095 3889; x_wconf 90' lang='lat' dir='ltr'><strong>ut</strong></span> <span class='ocrx_word' id='word_1_491' title='bbox 1139 3833 1269 3889; x_wconf 91' lang='lat' dir='ltr'><strong>huic</strong></span> <span class='ocrx_word' id='word_1_492' title='bbox 1292 3833 1487 3888; x_wconf 91' lang='lat' dir='ltr'><strong>nuntio</strong></span> <span class='ocrx_word' id='word_1_493' title='bbox 1508 3833 1791 3889; x_wconf 84' lang='lat' dir='ltr'><strong>traderer?</strong></span> <span class='ocrx_word' id='word_1_494' title='bbox 1817 3834 2074 3899; x_wconf 87' lang='lat' dir='ltr'><strong>Adverte,</strong></span> <span class='ocrx_word' id='word_1_495' title='bbox 2118 3834 2318 3903; x_wconf 91' lang='lat' dir='ltr'><strong>inquit.</strong></span> <span class='ocrx_word' id='word_1_496' title='bbox 2349 3832 2644 3901; x_wconf 83' lang='lat' dir='ltr'><strong>Complura</strong></span> <span class='ocrx_word' id='word_1_497' title='bbox 2674 3831 2893 3900; x_wconf 88' lang='lat' dir='ltr'><strong>quidem</strong></span> <span class='ocrx_word' id='word_1_498' title='bbox 2926 3832 3097 3889; x_wconf 87' lang='lat' dir='ltr'><strong>habes</strong></span> <span class='ocrx_word' id='word_1_499' title='bbox 3127 3847 3345 3904; x_wconf 85' lang='lat' dir='ltr'><strong>peccata</strong></span> <span class='ocrx_word' id='word_1_500' title='bbox 3374 3855 3389 3904; x_wconf 89' lang='lat'><strong>;</strong></span> 
     </span>
    </p>
   </div>
   <div class='ocr_carea' id='block_1_57' title="bbox 120 3927 3387 4001">
    <p class='ocr_par' dir='ltr' id='par_1_57' title="bbox 120 3927 3387 4001">
     <span class='ocr_line' id='line_1_57' title="bbox 120 3927 3387 4001; baseline -0.003 -5"><span class='ocrx_word' id='word_1_501' title='bbox 120 3940 212 3995; x_wconf 76' lang='lat' dir='ltr'><strong>sed</strong></span> <span class='ocrx_word' id='word_1_502' title='bbox 240 3953 351 3995; x_wconf 91' lang='lat' dir='ltr'><strong>non</strong></span> <span class='ocrx_word' id='word_1_503' title='bbox 374 3947 489 3992; x_wconf 87' lang='lat' dir='ltr'><strong>tam</strong></span> <span class='ocrx_word' id='word_1_504' title='bbox 513 3936 706 4001; x_wconf 89' lang='lat' dir='ltr'><strong>multa,</strong></span> <span class='ocrx_word' id='word_1_505' title='bbox 737 3939 799 3986; x_wconf 92' lang='lat' dir='ltr'><strong>ut</strong></span> <span class='ocrx_word' id='word_1_506' title='bbox 830 3931 958 3986; x_wconf 92' lang='lat' dir='ltr'><strong>huic</strong></span> <span class='ocrx_word' id='word_1_507' title='bbox 987 3928 1183 3983; x_wconf 90' lang='lat' dir='ltr'><strong>nuntio</strong></span> <span class='ocrx_word' id='word_1_508' title='bbox 1212 3927 1414 3983; x_wconf 90' lang='lat' dir='ltr'><strong>debeas</strong></span> <span class='ocrx_word' id='word_1_509' title='bbox 1460 3928 1601 3989; x_wconf 85' lang='lat' dir='ltr'><strong>tradi</strong></span> <span class='ocrx_word' id='word_1_510' title='bbox 1632 3929 1745 3999; x_wconf 89' lang='lat'><strong>(8);</strong></span> <span class='ocrx_word' id='word_1_511' title='bbox 1778 3928 1874 3985; x_wconf 91' lang='lat' dir='ltr'><strong>sed</strong></span> <span class='ocrx_word' id='word_1_512' title='bbox 1910 3928 2082 3983; x_wconf 75' lang='lat' dir='ltr'><strong>multa</strong></span> <span class='ocrx_word' id='word_1_513' title='bbox 2110 3928 2311 3984; x_wconf 90' lang='lat' dir='ltr'><strong>delicta</strong></span> <span class='ocrx_word' id='word_1_514' title='bbox 2351 3937 2406 3983; x_wconf 91' lang='lat' dir='ltr'><strong>et</strong></span> <span class='ocrx_word' id='word_1_515' title='bbox 2456 3927 2666 3984; x_wconf 86' lang='lat' dir='ltr'><strong>scelera</strong></span> <span class='ocrx_word' id='word_1_516' title='bbox 2697 3927 2894 3982; x_wconf 90' lang='lat' dir='ltr'><strong>domus</strong></span> <span class='ocrx_word' id='word_1_517' title='bbox 2941 3937 3033 3982; x_wconf 88' lang='lat' dir='ltr'><strong>tua</strong></span> <span class='ocrx_word' id='word_1_518' title='bbox 3071 3932 3387 3999; x_wconf 81' lang='lat' dir='ltr'><strong>commisit,</strong></span> 
     </span>
    </p>
   </div>
   <div class='ocr_carea' id='block_1_58' title="bbox 123 4018 3388 4107">
    <p class='ocr_par' dir='ltr' id='par_1_58' title="bbox 123 4018 3388 4107">
     <span class='ocr_line' id='line_1_58' title="bbox 123 4018 3388 4107; baseline -0.004 -17"><span class='ocrx_word' id='word_1_519' title='bbox 123 4034 349 4107; x_wconf 84' lang='lat' dir='ltr'><strong>ideoque</strong></span> <span class='ocrx_word' id='word_1_520' title='bbox 374 4031 535 4091; x_wconf 86' lang='lat' dir='ltr'><strong>factis</strong></span> <span class='ocrx_word' id='word_1_521' title='bbox 555 4045 745 4087; x_wconf 89' lang='lat' dir='ltr'><strong>eorum</strong></span> <span class='ocrx_word' id='word_1_522' title='bbox 768 4028 860 4084; x_wconf 91' lang='lat' dir='ltr'><strong>ille</strong></span> <span class='ocrx_word' id='word_1_523' title='bbox 883 4026 1061 4083; x_wconf 90' lang='lat' dir='ltr'><strong>bonus</strong></span> <span class='ocrx_word' id='word_1_524' title='bbox 1091 4023 1320 4080; x_wconf 88' lang='lat' dir='ltr'><strong>nuntius</strong></span> <span class='ocrx_word' id='word_1_525' title='bbox 1346 4024 1771 4090; x_wconf 86' lang='lat' dir='ltr'><strong>exarcerbatus,</strong></span> <span class='ocrx_word' id='word_1_526' title='bbox 1802 4024 1972 4095; x_wconf 86' lang='lat' dir='ltr'><strong>jussit</strong></span> <span class='ocrx_word' id='word_1_527' title='bbox 2002 4033 2055 4080; x_wconf 93' lang='lat' dir='ltr'><strong>te</strong></span> <span class='ocrx_word' id='word_1_528' title='bbox 2077 4024 2418 4093; x_wconf 88' lang='lat' dir='ltr'><strong>aliquantum</strong></span> <span class='ocrx_word' id='word_1_529' title='bbox 2446 4021 2709 4091; x_wconf 88' lang='lat' dir='ltr'><strong>temporis</strong></span> <span class='ocrx_word' id='word_1_530' title='bbox 2740 4018 3082 4074; x_wconf 88' lang='lat' dir='ltr'><strong>vexationem</strong></span> <span class='ocrx_word' id='word_1_531' title='bbox 3113 4023 3388 4092; x_wconf 84' lang='lat' dir='ltr'><strong>experiri;</strong></span> 
     </span>
    </p>
   </div>
   <div class='ocr_carea' id='block_1_59' title="bbox 124 4111 3390 4190">
    <p class='ocr_par' dir='ltr' id='par_1_59' title="bbox 124 4111 3390 4190">
     <span class='ocr_line' id='line_1_59' title="bbox 124 4111 3390 4190; baseline -0.004 -6"><span class='ocrx_word' id='word_1_532' title='bbox 124 4133 183 4183; x_wconf 85' lang='lat' dir='ltr'><strong>ut</strong></span> <span class='ocrx_word' id='word_1_533' title='bbox 206 4138 263 4183; x_wconf 89' lang='lat' dir='ltr'><strong>et</strong></span> <span class='ocrx_word' id='word_1_534' title='bbox 290 4128 373 4183; x_wconf 90' lang='lat' dir='ltr'><strong>illi</strong></span> <span class='ocrx_word' id='word_1_535' title='bbox 405 4124 776 4182; x_wconf 87' lang='lat' dir='ltr'><strong>admissorum</strong></span> <span class='ocrx_word' id='word_1_536' title='bbox 809 4134 1034 4176; x_wconf 90' lang='lat' dir='ltr'><strong>suorum</strong></span> <span class='ocrx_word' id='word_1_537' title='bbox 1062 4126 1228 4190; x_wconf 87' lang='lat' dir='ltr'><strong>agant</strong></span> <span class='ocrx_word' id='word_1_538' title='bbox 1251 4117 1651 4187; x_wconf 72' lang='lat' dir='ltr'><strong>paenitentiam,</strong></span> <span class='ocrx_word' id='word_1_539' title='bbox 1693 4124 1747 4171; x_wconf 91' lang='lat' dir='ltr'><strong>et</strong></span> <span class='ocrx_word' id='word_1_540' title='bbox 1785 4116 2011 4171; x_wconf 89' lang='lat' dir='ltr'><strong>abluant</strong></span> <span class='ocrx_word' id='word_1_541' title='bbox 2055 4131 2116 4172; x_wconf 87' lang='lat' dir='ltr'><strong>se</strong></span> <span class='ocrx_word' id='word_1_542' title='bbox 2157 4115 2226 4171; x_wconf 89' lang='lat' dir='ltr'><strong>ab</strong></span> <span class='ocrx_word' id='word_1_543' title='bbox 2273 4115 2423 4170; x_wconf 91' lang='lat' dir='ltr'><strong>omni</strong></span> <span class='ocrx_word' id='word_1_544' title='bbox 2447 4113 2745 4184; x_wconf 89' lang='lat' dir='ltr'><strong>cupiditate</strong></span> <span class='ocrx_word' id='word_1_545' title='bbox 2776 4111 2944 4181; x_wconf 87' lang='lat' dir='ltr'><strong>hujus</strong></span> <span class='ocrx_word' id='word_1_546' title='bbox 2990 4113 3197 4168; x_wconf 72' lang='lat' dir='ltr'><strong>saeculi.</strong></span> <span class='ocrx_word' id='word_1_547' title='bbox 3249 4112 3390 4170; x_wconf 88' lang='lat' dir='ltr'><strong>Cum</strong></span> 
     </span>
    </p>
   </div>
   <div class='ocr_carea' id='block_1_60' title="bbox 125 4206 3386 4291">
    <p class='ocr_par' dir='ltr' id='par_1_60' title="bbox 125 4206 3386 4291">
     <span class='ocr_line' id='line_1_60' title="bbox 125 4206 3386 4291; baseline -0.003 -15"><span class='ocrx_word' id='word_1_548' title='bbox 125 4222 305 4291; x_wconf 86' lang='lat' dir='ltr'><strong>itaque</strong></span> <span class='ocrx_word' id='word_1_549' title='bbox 335 4218 551 4291; x_wconf 80' lang='lat' dir='ltr'><strong>egerint</strong></span> <span class='ocrx_word' id='word_1_550' title='bbox 574 4212 955 4287; x_wconf 60' lang='lat' dir='ltr'><strong>penitentiam</strong></span> <span class='ocrx_word' id='word_1_551' title='bbox 985 4219 1040 4266; x_wconf 92' lang='lat' dir='ltr'><strong>et</strong></span> <span class='ocrx_word' id='word_1_552' title='bbox 1073 4208 1350 4281; x_wconf 82' lang='lat' dir='ltr'><strong>purificati</strong></span> <span class='ocrx_word' id='word_1_553' title='bbox 1386 4206 1610 4276; x_wconf 88' lang='lat' dir='ltr'><strong>fuerint,</strong></span> <span class='ocrx_word' id='word_1_554' title='bbox 1638 4217 1767 4263; x_wconf 91' lang='lat' dir='ltr'><strong>tunc</strong></span> <span class='ocrx_word' id='word_1_555' title='bbox 1802 4207 2045 4264; x_wconf 88' lang='lat' dir='ltr'><strong>discedet</strong></span> <span class='ocrx_word' id='word_1_556' title='bbox 2075 4224 2105 4263; x_wconf 70' lang='grc' dir='ltr'><strong>τι</strong></span> <span class='ocrx_word' id='word_1_557' title='bbox 2139 4217 2194 4263; x_wconf 90' lang='lat' dir='ltr'><strong>te</strong></span> <span class='ocrx_word' id='word_1_558' title='bbox 2222 4209 2446 4263; x_wconf 89' lang='lat' dir='ltr'><strong>nuntius</strong></span> <span class='ocrx_word' id='word_1_559' title='bbox 2477 4208 2569 4262; x_wconf 91' lang='lat' dir='ltr'><strong>ille</strong></span> <span class='ocrx_word' id='word_1_560' title='bbox 2603 4206 2699 4277; x_wconf 86' lang='lat' dir='ltr'><strong>qui</strong></span> <span class='ocrx_word' id='word_1_561' title='bbox 2727 4206 3053 4276; x_wconf 73' lang='lat' dir='ltr'><strong>praepositus</strong></span> <span class='ocrx_word' id='word_1_562' title='bbox 3074 4217 3161 4263; x_wconf 89' lang='lat' dir='ltr'><strong>est</strong></span> <span class='ocrx_word' id='word_1_563' title='bbox 3190 4224 3386 4279; x_wconf 67' lang='lat' dir='ltr'><strong>patrm.</strong></span> 
     </span>
    </p>
   </div>
   <div class='ocr_carea' id='block_1_61' title="bbox 126 4296 3387 4373">
    <p class='ocr_par' dir='ltr' id='par_1_61' title="bbox 126 4296 3387 4373">
     <span class='ocr_line' id='line_1_61' title="bbox 126 4296 3387 4373; baseline -0.003 -11"><span class='ocrx_word' id='word_1_564' title='bbox 126 4308 253 4366; x_wconf 91' lang='lat' dir='ltr'><strong>Dico</strong></span> <span class='ocrx_word' id='word_1_565' title='bbox 279 4310 332 4366; x_wconf 88' lang='lat' dir='ltr'><strong>ei</strong></span> <span class='ocrx_word' id='word_1_566' title='bbox 360 4326 375 4362; x_wconf 93' lang='lat'>:</span> <span class='ocrx_word' id='word_1_567' title='bbox 408 4308 661 4371; x_wconf 91' lang='lat' dir='ltr'><strong>Domine,</strong></span> <span class='ocrx_word' id='word_1_568' title='bbox 687 4304 733 4361; x_wconf 90' lang='lat' dir='ltr'><strong>si</strong></span> <span class='ocrx_word' id='word_1_569' title='bbox 761 4304 834 4359; x_wconf 90' lang='lat' dir='ltr'><strong>ita</strong></span> <span class='ocrx_word' id='word_1_570' title='bbox 865 4303 944 4358; x_wconf 91' lang='lat' dir='ltr'><strong>illi</strong></span> <span class='ocrx_word' id='word_1_571' title='bbox 964 4302 1032 4358; x_wconf 77' lang='lat' dir='ltr'><strong>&#39;se</strong></span> <span class='ocrx_word' id='word_1_572' title='bbox 1061 4308 1370 4373; x_wconf 85' lang='lat' dir='ltr'><strong>gesserunt,</strong></span> <span class='ocrx_word' id='word_1_573' title='bbox 1404 4307 1465 4354; x_wconf 91' lang='lat' dir='ltr'><strong>ut</strong></span> <span class='ocrx_word' id='word_1_574' title='bbox 1510 4300 1888 4370; x_wconf 81' lang='lat' dir='ltr'><strong>exasperarint</strong></span> <span class='ocrx_word' id='word_1_575' title='bbox 1934 4301 2187 4355; x_wconf 86' lang='lat' dir='ltr'><strong>nuntium</strong></span> <span class='ocrx_word' id='word_1_576' title='bbox 2231 4299 2436 4355; x_wconf 87' lang='lat' dir='ltr'><strong>bonum</strong></span> <span class='ocrx_word' id='word_1_577' title='bbox 2460 4318 2476 4367; x_wconf 87' lang='lat'><strong>;</strong></span> <span class='ocrx_word' id='word_1_578' title='bbox 2504 4315 2607 4372; x_wconf 70' lang='lat' dir='ltr'><strong>ego</strong></span> <span class='ocrx_word' id='word_1_579' title='bbox 2650 4298 2783 4368; x_wconf 89' lang='lat' dir='ltr'><strong>quid</strong></span> <span class='ocrx_word' id='word_1_580' title='bbox 2814 4296 2954 4353; x_wconf 81' lang='lat' dir='ltr'><strong>feci?</strong></span> <span class='ocrx_word' id='word_1_581' title='bbox 2990 4297 3348 4368; x_wconf 79' lang='lat' dir='ltr'><strong>Respondeas</strong></span> <span class='ocrx_word' id='word_1_582' title='bbox 3370 4317 3387 4352; x_wconf 92' lang='lat'><strong>:</strong></span> 
     </span>
    </p>
   </div>
   <div class='ocr_carea' id='block_1_62' title="bbox 123 4388 3389 4469">
    <p class='ocr_par' dir='ltr' id='par_1_62' title="bbox 123 4388 3389 4469">
     <span class='ocr_line' id='line_1_62' title="bbox 123 4388 3389 4469; baseline -0.001 -15"><span class='ocrx_word' id='word_1_583' title='bbox 123 4401 314 4468; x_wconf 80' lang='lat' dir='ltr'><strong>Aliter,</strong></span> <span class='ocrx_word' id='word_1_584' title='bbox 346 4400 548 4469; x_wconf 80' lang='lat' dir='ltr'><strong>inquit,</strong></span> <span class='ocrx_word' id='word_1_585' title='bbox 580 4412 690 4452; x_wconf 90' lang='lat' dir='ltr'><strong>non</strong></span> <span class='ocrx_word' id='word_1_586' title='bbox 726 4402 957 4467; x_wconf 91' lang='lat' dir='ltr'><strong>possunt</strong></span> <span class='ocrx_word' id='word_1_587' title='bbox 995 4393 1071 4448; x_wconf 90' lang='lat' dir='ltr'><strong>illi</strong></span> <span class='ocrx_word' id='word_1_588' title='bbox 1102 4391 1445 4446; x_wconf 80' lang='lat' dir='ltr'><strong>vexationem</strong></span> <span class='ocrx_word' id='word_1_589' title='bbox 1480 4390 1613 4457; x_wconf 90' lang='lat' dir='ltr'><strong>pati,</strong></span> <span class='ocrx_word' id='word_1_590' title='bbox 1648 4390 1757 4445; x_wconf 89' lang='lat' dir='ltr'><strong>nisi</strong></span> <span class='ocrx_word' id='word_1_591' title='bbox 1802 4399 1858 4445; x_wconf 92' lang='lat' dir='ltr'><strong>tu</strong></span> <span class='ocrx_word' id='word_1_592' title='bbox 1898 4391 1991 4461; x_wconf 89' lang='lat' dir='ltr'><strong>qui</strong></span> <span class='ocrx_word' id='word_1_593' title='bbox 2033 4399 2196 4460; x_wconf 88' lang='lat' dir='ltr'><strong>caput</strong></span> <span class='ocrx_word' id='word_1_594' title='bbox 2244 4405 2305 4446; x_wconf 82' lang='lat' dir='ltr'><strong>es</strong></span> <span class='ocrx_word' id='word_1_595' title='bbox 2353 4388 2523 4445; x_wconf 87' lang='lat' dir='ltr'><strong>t0tius</strong></span> <span class='ocrx_word' id='word_1_596' title='bbox 2565 4389 2784 4458; x_wconf 90' lang='lat' dir='ltr'><strong>domus,</strong></span> <span class='ocrx_word' id='word_1_597' title='bbox 2833 4391 3065 4448; x_wconf 84' lang='lat' dir='ltr'><strong>labores.</strong></span> <span class='ocrx_word' id='word_1_598' title='bbox 3113 4392 3389 4466; x_wconf 86' lang='lat' dir='ltr'><strong>Quidquid</strong></span> 
     </span>
    </p>
   </div>
   <div class='ocr_carea' id='block_1_63' title="bbox 118 4485 3388 4562">
    <p class='ocr_par' dir='ltr' id='par_1_63' title="bbox 118 4485 3388 4562">
     <span class='ocr_line' id='line_1_63' title="bbox 118 4485 3388 4562; baseline -0.001 -13"><span class='ocrx_word' id='word_1_599' title='bbox 118 4494 265 4549; x_wconf 84' lang='lat' dir='ltr'><strong>enim</strong></span> <span class='ocrx_word' id='word_1_600' title='bbox 289 4503 349 4552; x_wconf 78' lang='lat' dir='ltr'><strong>tu</strong></span> <span class='ocrx_word' id='word_1_601' title='bbox 380 4506 577 4562; x_wconf 82' lang='lat' dir='ltr'><strong>passus</strong></span> <span class='ocrx_word' id='word_1_602' title='bbox 609 4491 799 4556; x_wconf 89' lang='lat' dir='ltr'><strong>fueris,</strong></span> <span class='ocrx_word' id='word_1_603' title='bbox 830 4506 1055 4547; x_wconf 88' lang='lat' dir='ltr'><strong>necesse</strong></span> <span class='ocrx_word' id='word_1_604' title='bbox 1077 4498 1161 4544; x_wconf 89' lang='lat' dir='ltr'><strong>est</strong></span> <span class='ocrx_word' id='word_1_605' title='bbox 1190 4496 1249 4543; x_wconf 92' lang='lat' dir='ltr'><strong>ut</strong></span> <span class='ocrx_word' id='word_1_606' title='bbox 1277 4496 1333 4542; x_wconf 92' lang='lat' dir='ltr'><strong>et</strong></span> <span class='ocrx_word' id='word_1_607' title='bbox 1365 4486 1441 4540; x_wconf 90' lang='lat' dir='ltr'><strong>illi</strong></span> <span class='ocrx_word' id='word_1_608' title='bbox 1471 4485 1750 4553; x_wconf 90' lang='lat' dir='ltr'><strong>sentiant;</strong></span> <span class='ocrx_word' id='word_1_609' title='bbox 1787 4488 2030 4557; x_wconf 86' lang='lat' dir='ltr'><strong>quandiu</strong></span> <span class='ocrx_word' id='word_1_610' title='bbox 2069 4502 2199 4542; x_wconf 85' lang='lat' dir='ltr'><strong>vero</strong></span> <span class='ocrx_word' id='word_1_611' title='bbox 2240 4496 2297 4541; x_wconf 93' lang='lat' dir='ltr'><strong>tu</strong></span> <span class='ocrx_word' id='word_1_612' title='bbox 2342 4487 2479 4543; x_wconf 90' lang='lat' dir='ltr'><strong>bene</strong></span> <span class='ocrx_word' id='word_1_613' title='bbox 2520 4486 2796 4541; x_wconf 90' lang='lat' dir='ltr'><strong>stabilitus</strong></span> <span class='ocrx_word' id='word_1_614' title='bbox 2844 4486 3035 4554; x_wconf 89' lang='lat' dir='ltr'><strong>fueris,</strong></span> <span class='ocrx_word' id='word_1_615' title='bbox 3069 4488 3145 4543; x_wconf 84' lang='lat' dir='ltr'><strong>illi</strong></span> <span class='ocrx_word' id='word_1_616' title='bbox 3181 4491 3388 4546; x_wconf 70' lang='lat' dir='ltr'><strong>nullam</strong></span> 
     </span>
    </p>
   </div>
   <div class='ocr_carea' id='block_1_64' title="bbox 124 4574 3388 4652">
    <p class='ocr_par' dir='ltr' id='par_1_64' title="bbox 124 4574 3388 4652">
     <span class='ocr_line' id='line_1_64' title="bbox 124 4574 3388 4652; baseline 0.001 -16"><span class='ocrx_word' id='word_1_617' title='bbox 124 4583 469 4639; x_wconf 79' lang='lat' dir='ltr'><strong>vexationem</strong></span> <span class='ocrx_word' id='word_1_618' title='bbox 496 4590 731 4652; x_wconf 89' lang='lat' dir='ltr'><strong>possunt</strong></span> <span class='ocrx_word' id='word_1_619' title='bbox 760 4580 1020 4651; x_wconf 86' lang='lat' dir='ltr'><strong>experiri.</strong></span> <span class='ocrx_word' id='word_1_620' title='bbox 1046 4577 1113 4633; x_wconf 90' lang='lat' dir='ltr'><strong>Et</strong></span> <span class='ocrx_word' id='word_1_621' title='bbox 1155 4576 1268 4631; x_wconf 86' lang='lat' dir='ltr'><strong>dixi</strong></span> <span class='ocrx_word' id='word_1_622' title='bbox 1300 4594 1314 4630; x_wconf 91' lang='lat'>:</span> <span class='ocrx_word' id='word_1_623' title='bbox 1350 4574 1457 4631; x_wconf 88' lang='lat' dir='ltr'><strong>Sed</strong></span> <span class='ocrx_word' id='word_1_624' title='bbox 1487 4590 1617 4631; x_wconf 88' lang='lat' dir='ltr'><strong>ecce</strong></span> <span class='ocrx_word' id='word_1_625' title='bbox 1657 4576 1770 4645; x_wconf 90' lang='lat' dir='ltr'><strong>jam</strong></span> <span class='ocrx_word' id='word_1_626' title='bbox 1811 4592 1981 4643; x_wconf 88' lang='lat' dir='ltr'><strong>nunc,</strong></span> <span class='ocrx_word' id='word_1_627' title='bbox 2024 4574 2265 4642; x_wconf 86' lang='lat' dir='ltr'><strong>domine,</strong></span> <span class='ocrx_word' id='word_1_628' title='bbox 2297 4584 2466 4647; x_wconf 82' lang='lat' dir='ltr'><strong>agunt</strong></span> <span class='ocrx_word' id='word_1_629' title='bbox 2510 4576 2882 4646; x_wconf 80' lang='lat' dir='ltr'><strong>pcenitentiam</strong></span> <span class='ocrx_word' id='word_1_630' title='bbox 2907 4579 3034 4634; x_wconf 91' lang='lat' dir='ltr'><strong>totis</strong></span> <span class='ocrx_word' id='word_1_631' title='bbox 3074 4582 3388 4651; x_wconf 75' lang='lat' dir='ltr'><strong>pneeordiis</strong></span> 
     </span>
    </p>
   </div>
   <div class='ocr_carea' id='block_1_65' title="bbox 127 4673 3387 4750">
    <p class='ocr_par' dir='ltr' id='par_1_65' title="bbox 127 4673 3387 4750">
     <span class='ocr_line' id='line_1_65' title="bbox 127 4673 3387 4750; baseline 0.002 -21"><span class='ocrx_word' id='word_1_632' title='bbox 127 4682 269 4737; x_wconf 80' lang='lat' dir='ltr'><strong>suis.</strong></span> <span class='ocrx_word' id='word_1_633' title='bbox 298 4680 368 4736; x_wconf 84' lang='lat' dir='ltr'><strong>Et</strong></span> <span class='ocrx_word' id='word_1_634' title='bbox 392 4694 495 4748; x_wconf 85' lang='lat' dir='ltr'><strong>ego</strong></span> <span class='ocrx_word' id='word_1_635' title='bbox 523 4678 661 4743; x_wconf 89' lang='lat' dir='ltr'><strong>scio,</strong></span> <span class='ocrx_word' id='word_1_636' title='bbox 695 4678 894 4748; x_wconf 87' lang='lat' dir='ltr'><strong>inquit,</strong></span> <span class='ocrx_word' id='word_1_637' title='bbox 918 4677 1050 4733; x_wconf 83' lang='lat' dir='ltr'><strong>totis</strong></span> <span class='ocrx_word' id='word_1_638' title='bbox 1076 4675 1395 4747; x_wconf 80' lang='lat' dir='ltr'><strong>praecordiis</strong></span> <span class='ocrx_word' id='word_1_639' title='bbox 1425 4688 1520 4729; x_wconf 89' lang='lat' dir='ltr'><strong>eos</strong></span> <span class='ocrx_word' id='word_1_640' title='bbox 1558 4689 1720 4746; x_wconf 83' lang='lat' dir='ltr'><strong>agere</strong></span> <span class='ocrx_word' id='word_1_641' title='bbox 1746 4676 2147 4745; x_wconf 66' lang='lat' dir='ltr'><strong>paenitentiam.</strong></span> <span class='ocrx_word' id='word_1_642' title='bbox 2191 4673 2448 4745; x_wconf 86' lang='lat' dir='ltr'><strong>Nunquid</strong></span> <span class='ocrx_word' id='word_1_643' title='bbox 2472 4691 2624 4745; x_wconf 80' lang='lat' dir='ltr'><strong>ergo,</strong></span> <span class='ocrx_word' id='word_1_644' title='bbox 2661 4677 2760 4744; x_wconf 89' lang='lat' dir='ltr'><strong>ait,</strong></span> <span class='ocrx_word' id='word_1_645' title='bbox 2788 4678 3038 4747; x_wconf 86' lang='lat' dir='ltr'><strong>protinus</strong></span> <span class='ocrx_word' id='word_1_646' title='bbox 3064 4691 3225 4750; x_wconf 83' lang='lat' dir='ltr'><strong>putas</strong></span> <span class='ocrx_word' id='word_1_647' title='bbox 3253 4683 3387 4737; x_wconf 78' lang='lat' dir='ltr'><strong>alio—</strong></span> 
     </span>
    </p>
   </div>
   <div class='ocr_carea' id='block_1_66' title="bbox 121 4766 3386 4847">
    <p class='ocr_par' dir='ltr' id='par_1_66' title="bbox 121 4766 3386 4847">
     <span class='ocr_line' id='line_1_66' title="bbox 121 4766 3386 4847; baseline -0.002 -15"><span class='ocrx_word' id='word_1_648' title='bbox 121 4776 224 4833; x_wconf 86' lang='lat' dir='ltr'><strong>leri</strong></span> <span class='ocrx_word' id='word_1_649' title='bbox 266 4776 470 4832; x_wconf 80' lang='lat' dir='ltr'><strong>delicta</strong></span> <span class='ocrx_word' id='word_1_650' title='bbox 503 4789 698 4831; x_wconf 89' lang='lat' dir='ltr'><strong>eorum</strong></span> <span class='ocrx_word' id='word_1_651' title='bbox 724 4774 818 4844; x_wconf 91' lang='lat' dir='ltr'><strong>qui</strong></span> <span class='ocrx_word' id='word_1_652' title='bbox 855 4782 1027 4847; x_wconf 88' lang='lat' dir='ltr'><strong>agunt</strong></span> <span class='ocrx_word' id='word_1_653' title='bbox 1050 4769 1464 4842; x_wconf 71' lang='lat' dir='ltr'><strong>pmnitentiam‘?</strong></span> <span class='ocrx_word' id='word_1_654' title='bbox 1489 4766 1610 4822; x_wconf 81' lang='lat' dir='ltr'><strong>Non</strong></span> <span class='ocrx_word' id='word_1_655' title='bbox 1635 4768 1865 4836; x_wconf 89' lang='lat' dir='ltr'><strong>proinde</strong></span> <span class='ocrx_word' id='word_1_656' title='bbox 1905 4768 2201 4833; x_wconf 91' lang='lat' dir='ltr'><strong>continuo;</strong></span> <span class='ocrx_word' id='word_1_657' title='bbox 2231 4767 2327 4823; x_wconf 91' lang='lat' dir='ltr'><strong>sed</strong></span> <span class='ocrx_word' id='word_1_658' title='bbox 2351 4776 2566 4838; x_wconf 83' lang='lat' dir='ltr'><strong>oportet</strong></span> <span class='ocrx_word' id='word_1_659' title='bbox 2583 4782 2710 4823; x_wconf 91' lang='lat' dir='ltr'><strong>eum</strong></span> <span class='ocrx_word' id='word_1_660' title='bbox 2733 4768 2829 4838; x_wconf 91' lang='lat' dir='ltr'><strong>qui</strong></span> <span class='ocrx_word' id='word_1_661' title='bbox 2863 4769 2975 4840; x_wconf 87' lang='lat' dir='ltr'><strong>agit</strong></span> <span class='ocrx_word' id='word_1_662' title='bbox 3006 4771 3386 4840; x_wconf 62' lang='lat' dir='ltr'><strong>penitentiam</strong></span> 
     </span>
    </p>
   </div>
   <div class='ocr_carea' id='block_1_67' title="bbox 1215 4862 2289 4923">
    <p class='ocr_par' dir='ltr' id='par_1_67' title="bbox 1215 4862 2289 4923">
     <span class='ocr_line' id='line_1_67' title="bbox 1215 4862 2289 4923; baseline -0.005 0"><span class='ocrx_word' id='word_1_663' title='bbox 1215 4864 1456 4923; x_wconf 75' lang='lat' dir='ltr'><strong>VABIAE‘.</strong></span> <span class='ocrx_word' id='word_1_664' title='bbox 1496 4863 1885 4920; x_wconf 86' lang='lat' dir='ltr'><strong>LECTIONES</strong></span> <span class='ocrx_word' id='word_1_665' title='bbox 1920 4865 2010 4921; x_wconf 87' lang='lat' dir='ltr'><strong>ET</strong></span> <span class='ocrx_word' id='word_1_666' title='bbox 2048 4862 2289 4920; x_wconf 66' lang='lat' dir='ltr'><strong>NOTAE.</strong></span> 
     </span>
    </p>
   </div>
   <div class='ocr_carea' id='block_1_68' title="bbox 195 4957 1705 5039">
    <p class='ocr_par' dir='ltr' id='par_1_68' title="bbox 195 4957 1705 5039">
     <span class='ocr_line' id='line_1_68' title="bbox 195 4957 1705 5039; baseline -0.01 -17"><span class='ocrx_word' id='word_1_667' title='bbox 195 4966 317 5039; x_wconf 10' lang='lat'><strong>(95),</strong></span> <span class='ocrx_word' id='word_1_668' title='bbox 336 4963 531 5019; x_wconf 91' lang='lat' dir='ltr'><strong>Lamb.</strong></span> <span class='ocrx_word' id='word_1_669' title='bbox 567 4962 742 5028; x_wconf 89' lang='lat' dir='ltr'><strong>deest,</strong></span> <span class='ocrx_word' id='word_1_670' title='bbox 785 4961 983 5018; x_wconf 82' lang='lat' dir='ltr'><strong>omnia.</strong></span> <span class='ocrx_word' id='word_1_671' title='bbox 1016 4959 1139 5015; x_wconf 85' lang='lat' dir='ltr'><strong>Mox</strong></span> <span class='ocrx_word' id='word_1_672' title='bbox 1184 4957 1367 5013; x_wconf 86' lang='lat' dir='ltr'><strong>Fellus</strong></span> <span class='ocrx_word' id='word_1_673' title='bbox 1394 4973 1407 5009; x_wconf 89' lang='lat'><strong>:</strong></span> <span class='ocrx_word' id='word_1_674' title='bbox 1440 4958 1493 5009; x_wconf 88' lang='lat' dir='ltr'><strong>d.</strong></span> <span class='ocrx_word' id='word_1_675' title='bbox 1523 4971 1586 5009; x_wconf 90' lang='lat' dir='ltr'><strong>ac</strong></span> <span class='ocrx_word' id='word_1_676' title='bbox 1616 4970 1705 5008; x_wconf 75' lang='lat' dir='ltr'><strong>vo-</strong></span> 
     </span>
    </p>
   </div>
   <div class='ocr_carea' id='block_1_69' title="bbox 126 5036 469 5101">
    <p class='ocr_par' dir='ltr' id='par_1_69' title="bbox 126 5036 469 5101">
     <span class='ocr_line' id='line_1_69' title="bbox 126 5036 469 5101; baseline 0.009 -10"><span class='ocrx_word' id='word_1_677' title='bbox 126 5036 370 5101; x_wconf 71' lang='lat' dir='ltr'><strong>luptatis,</strong></span> <span class='ocrx_word' id='word_1_678' title='bbox 397 5048 469 5094; x_wconf 84' lang='lat' dir='ltr'><strong>et.</strong></span> 
     </span>
    </p>
   </div>
   <div class='ocr_carea' id='block_1_70' title="bbox 184 5054 1699 5175">
    <p class='ocr_par' dir='ltr' id='par_1_70' title="bbox 184 5054 1699 5175">
     <span class='ocr_line' id='line_1_70' title="bbox 184 5054 1699 5175; baseline -0.009 -13"><span class='ocrx_word' id='word_1_679' title='bbox 184 5054 469 5175; x_wconf 48' lang='lat' dir='ltr'><strong>’(ggﬁises‘:</strong></span> <span class='ocrx_word' id='word_1_680' title='bbox 493 5103 652 5175; x_wconf 84' lang='lat' dir='ltr'><strong>Angl.</strong></span> <span class='ocrx_word' id='word_1_681' title='bbox 696 5102 949 5175; x_wconf 70' lang='lat' dir='ltr'><strong>stultitia.</strong></span> <span class='ocrx_word' id='word_1_682' title='bbox 1000 5098 1270 5175; x_wconf 36' lang='lat' dir='ltr'><strong>Etnpaulo</strong></span> <span class='ocrx_word' id='word_1_683' title='bbox 1303 5105 1445 5168; x_wconf 89' lang='lat' dir='ltr'><strong>post,</strong></span> <span class='ocrx_word' id='word_1_684' title='bbox 1479 5095 1699 5150; x_wconf 80' lang='lat' dir='ltr'><strong>stultus.</strong></span> 
     </span>
    </p>
   </div>
   <div class='ocr_carea' id='block_1_71' title="bbox 197 5170 1365 5247">
    <p class='ocr_par' dir='ltr' id='par_1_71' title="bbox 197 5170 1365 5247">
     <span class='ocr_line' id='line_1_71' title="bbox 197 5170 1365 5247; baseline -0.009 -16"><span class='ocrx_word' id='word_1_685' title='bbox 197 5170 313 5247; x_wconf 81' lang='lat'><strong>(97)</strong></span> <span class='ocrx_word' id='word_1_686' title='bbox 347 5176 539 5231; x_wconf 86' lang='lat' dir='ltr'><strong>Lamb.</strong></span> <span class='ocrx_word' id='word_1_687' title='bbox 567 5170 924 5247; x_wconf 58' lang='lat' dir='ltr'><strong>quando._Sic</strong></span> <span class='ocrx_word' id='word_1_688' title='bbox 944 5180 997 5225; x_wconf 91' lang='lat' dir='ltr'><strong>et</strong></span> <span class='ocrx_word' id='word_1_689' title='bbox 1025 5170 1159 5247; x_wconf 71' lang='lat' dir='ltr'><strong>edit.</strong></span> <span class='ocrx_word' id='word_1_690' title='bbox 1189 5170 1365 5247; x_wconf 80' lang='lat' dir='ltr'><strong>Oxon.</strong></span> 
     </span>
    </p>
   </div>
   <div class='ocr_carea' id='block_1_72' title="bbox 200 5237 1705 5315">
    <p class='ocr_par' dir='ltr' id='par_1_72' title="bbox 200 5237 1705 5315">
     <span class='ocr_line' id='line_1_72' title="bbox 200 5237 1705 5315; baseline -0.007 -13"><span class='ocrx_word' id='word_1_691' title='bbox 200 5237 313 5315; x_wconf 82' lang='lat'><strong>(98)</strong></span> <span class='ocrx_word' id='word_1_692' title='bbox 340 5247 472 5301; x_wconf 88' lang='lat' dir='ltr'><strong>Post</strong></span> <span class='ocrx_word' id='word_1_693' title='bbox 498 5237 659 5300; x_wconf 75' lang='lat' dir='ltr'><strong>verba</strong></span> <span class='ocrx_word' id='word_1_694' title='bbox 686 5244 921 5315; x_wconf 85' lang='grc' dir='ltr'>βασάνου</span> <span class='ocrx_word' id='word_1_695' title='bbox 956 5240 1142 5315; x_wconf 74' lang='grc' dir='ltr'>πολύς,</span> <span class='ocrx_word' id='word_1_696' title='bbox 1175 5241 1350 5315; x_wconf 73' lang='lat' dir='ltr'><strong>modo</strong></span> <span class='ocrx_word' id='word_1_697' title='bbox 1368 5237 1705 5315; x_wconf 76' lang='lat' dir='ltr'><strong>relata,_h2ec</strong></span> 
     </span>
    </p>
   </div>
   <div class='ocr_carea' id='block_1_73' title="bbox 130 5307 1702 5387">
    <p class='ocr_par' dir='ltr' id='par_1_73' title="bbox 130 5307 1702 5387">
     <span class='ocr_line' id='line_1_73' title="bbox 130 5307 1702 5387; baseline -0.01 -13"><span class='ocrx_word' id='word_1_698' title='bbox 130 5307 313 5374; x_wconf 72' lang='lat' dir='ltr'><strong>atatim</strong></span> <span class='ocrx_word' id='word_1_699' title='bbox 340 5317 518 5374; x_wconf 87' lang='lat' dir='ltr'><strong>subdit</strong></span> <span class='ocrx_word' id='word_1_700' title='bbox 553 5307 1143 5387; x_wconf 65' lang='lat' dir='ltr'><strong>pseudo-Athanasius,</strong></span> <span class='ocrx_word' id='word_1_701' title='bbox 1168 5308 1450 5387; x_wconf 74' lang='lat' dir='ltr'><strong>paululum</strong></span> <span class='ocrx_word' id='word_1_702' title='bbox 1474 5307 1702 5387; x_wconf 54' lang='lat' dir='ltr'><strong>variata:</strong></span> 
     </span>
    </p>
   </div>
   <div class='ocr_carea' id='block_1_74' title="bbox 129 5378 1704 5447">
    <p class='ocr_par' dir='ltr' id='par_1_74' title="bbox 129 5378 1704 5447">
     <span class='ocr_line' id='line_1_74' title="bbox 129 5378 1704 5447; baseline -0.01 -4"><span class='ocrx_word' id='word_1_703' title='bbox 129 5388 343 5444; x_wconf 67' lang='lat' dir='ltr'><strong>caneris</strong></span> <span class='ocrx_word' id='word_1_704' title='bbox 370 5378 588 5441; x_wconf 80' lang='lat' dir='ltr'><strong>interim</strong></span> <span class='ocrx_word' id='word_1_705' title='bbox 624 5384 869 5441; x_wconf 86' lang='lat' dir='ltr'><strong>omissis.</strong></span> <span class='ocrx_word' id='word_1_706' title='bbox 904 5382 995 5436; x_wconf 87' lang='lat' dir='ltr'><strong>Sic</strong></span> <span class='ocrx_word' id='word_1_707' title='bbox 1028 5391 1085 5435; x_wconf 90' lang='lat' dir='ltr'><strong>et</strong></span> <span class='ocrx_word' id='word_1_708' title='bbox 1132 5378 1260 5434; x_wconf 84' lang='lat' dir='ltr'><strong>mox</strong></span> <span class='ocrx_word' id='word_1_709' title='bbox 1291 5378 1454 5441; x_wconf 87' lang='lat' dir='ltr'><strong>infra,</strong></span> <span class='ocrx_word' id='word_1_710' title='bbox 1484 5386 1606 5447; x_wconf 86' lang='lat' dir='ltr'><strong>post</strong></span> <span class='ocrx_word' id='word_1_711' title='bbox 1636 5378 1704 5447; x_wconf 80' lang='grc' dir='ltr'>τῇ</span> 
     </span>
    </p>
   </div>
   <div class='ocr_carea' id='block_1_75' title="bbox 128 5445 1631 5530">
    <p class='ocr_par' dir='ltr' id='par_1_75' title="bbox 128 5445 1631 5530">
     <span class='ocr_line' id='line_1_75' title="bbox 128 5445 1631 5530; baseline -0.009 -16"><span class='ocrx_word' id='word_1_712' title='bbox 128 5458 626 5530; x_wconf 59' lang='lat' dir='ltr'><strong>huépa,_continuo</strong></span> <span class='ocrx_word' id='word_1_713' title='bbox 657 5454 906 5530; x_wconf 83' lang='lat' dir='ltr'><strong>sequitur</strong></span> <span class='ocrx_word' id='word_1_714' title='bbox 933 5470 947 5506; x_wconf 86' lang='lat'><strong>:</strong></span> <span class='ocrx_word' id='word_1_715' title='bbox 981 5452 1089 5505; x_wconf 80' lang='grc' dir='ltr'>Καὶ</span> <span class='ocrx_word' id='word_1_716' title='bbox 1120 5450 1263 5520; x_wconf 79' lang='grc' dir='ltr'><strong>λέγω</strong></span> <span class='ocrx_word' id='word_1_717' title='bbox 1289 5449 1367 5520; x_wconf 83' lang='grc' dir='ltr'><strong>τῷ</strong></span> <span class='ocrx_word' id='word_1_718' title='bbox 1393 5445 1631 5515; x_wconf 83' lang='grc' dir='ltr'><strong>ἀγγέλῳ.</strong></span> 
     </span>
    </p>
   </div>
   <div class='ocr_carea' id='block_1_76' title="bbox 220 5527 741 5596">
    <p class='ocr_par' dir='ltr' id='par_1_76' title="bbox 220 5527 741 5596">
     <span class='ocr_line' id='line_1_76' title="bbox 220 5527 741 5596; baseline -0.008 -13"><span class='ocrx_word' id='word_1_719' title='bbox 220 5527 313 5596; x_wconf 80' lang='lat'><strong>99)</strong></span> <span class='ocrx_word' id='word_1_720' title='bbox 344 5528 533 5581; x_wconf 89' lang='lat' dir='ltr'><strong>Lamb.</strong></span> <span class='ocrx_word' id='word_1_721' title='bbox 560 5527 741 5596; x_wconf 80' lang='lat' dir='ltr'><strong>fuerit.</strong></span> 
     </span>
    </p>
   </div>
   <div class='ocr_carea' id='block_1_77' title="bbox 197 5530 1703 5669">
    <p class='ocr_par' dir='ltr' id='par_1_77' title="bbox 197 5530 1703 5669">
     <span class='ocr_line' id='line_1_77' title="bbox 220 5530 741 5596; baseline -0.008 -13"><span class='ocrx_word' id='word_1_722' title='bbox 220 5530 313 5596; x_wconf 80' lang='lat'><strong>99)</strong></span> <span class='ocrx_word' id='word_1_723' title='bbox 344 5530 533 5581; x_wconf 89' lang='lat' dir='ltr'><strong>Lamb.</strong></span> <span class='ocrx_word' id='word_1_724' title='bbox 560 5530 741 5596; x_wconf 79' lang='lat' dir='ltr'><strong>fuerit.</strong></span> 
     </span>
     <span class='ocr_line' id='line_1_78' title="bbox 197 5530 1703 5669; baseline -0.007 -18"><span class='ocrx_word' id='word_1_725' title='bbox 197 5530 350 5669; x_wconf 71' lang='grc'>(100)</span> <span class='ocrx_word' id='word_1_726' title='bbox 379 5596 468 5653; x_wconf 89' lang='lat' dir='ltr'><strong>Sic</strong></span> <span class='ocrx_word' id='word_1_727' title='bbox 496 5597 674 5669; x_wconf 82' lang='lat' dir='ltr'><strong>Fellus</strong></span> <span class='ocrx_word' id='word_1_728' title='bbox 708 5596 760 5650; x_wconf 93' lang='lat' dir='ltr'><strong>in</strong></span> <span class='ocrx_word' id='word_1_729' title='bbox 787 5596 918 5651; x_wconf 87' lang='lat' dir='ltr'><strong>edit.</strong></span> <span class='ocrx_word' id='word_1_730' title='bbox 948 5590 1125 5648; x_wconf 81' lang='lat' dir='ltr'><strong>Oxon.</strong></span> <span class='ocrx_word' id='word_1_731' title='bbox 1159 5608 1226 5647; x_wconf 85' lang='lat' dir='ltr'><strong>ex</strong></span> <span class='ocrx_word' id='word_1_732' title='bbox 1262 5606 1394 5647; x_wconf 86' lang='lat' dir='ltr'><strong>mss.</strong></span> <span class='ocrx_word' id='word_1_733' title='bbox 1431 5588 1591 5660; x_wconf 78' lang='lat' dir='ltr'><strong>Angl.’</strong></span> <span class='ocrx_word' id='word_1_734' title='bbox 1618 5588 1703 5642; x_wconf 85' lang='lat' dir='ltr'><strong>Al.</strong></span> 
     </span>
    </p>
   </div>
   <div class='ocr_carea' id='block_1_78' title="bbox 129 5668 706 5724">
    <p class='ocr_par' dir='ltr' id='par_1_78' title="bbox 129 5668 706 5724">
     <span class='ocr_line' id='line_1_79' title="bbox 129 5668 706 5724; baseline -0.007 -1"><span class='ocrx_word' id='word_1_735' title='bbox 129 5668 396 5724; x_wconf 85' lang='lat' dir='ltr'><strong>omittunt</strong></span> <span class='ocrx_word' id='word_1_736' title='bbox 420 5668 706 5722; x_wconf 80' lang='lat' dir='ltr'><strong>mundana.</strong></span> 
     </span>
    </p>
   </div>
   <div class='ocr_carea' id='block_1_79' title="bbox 201 5738 1036 5807">
    <p class='ocr_par' dir='ltr' id='par_1_79' title="bbox 201 5738 1036 5807">
     <span class='ocr_line' id='line_1_80' title="bbox 201 5738 1036 5807; baseline -0.004 -15"><span class='ocrx_word' id='word_1_737' title='bbox 201 5740 281 5807; x_wconf 68' lang='lat'><strong>(1)</strong></span> <span class='ocrx_word' id='word_1_738' title='bbox 318 5738 452 5794; x_wconf 84' lang='lat' dir='ltr'><strong>Mss.</strong></span> <span class='ocrx_word' id='word_1_739' title='bbox 482 5739 640 5807; x_wconf 82' lang='lat' dir='ltr'><strong>Angl.</strong></span> <span class='ocrx_word' id='word_1_740' title='bbox 666 5738 838 5801; x_wconf 87' lang='lat' dir='ltr'><strong>deest,</strong></span> <span class='ocrx_word' id='word_1_741' title='bbox 870 5751 1036 5790; x_wconf 64' lang='lat' dir='ltr'><strong>vane.</strong></span> 
     </span>
    </p>
   </div>
   <div class='ocr_carea' id='block_1_80' title="bbox 200 5809 825 5881">
    <p class='ocr_par' dir='ltr' id='par_1_80' title="bbox 200 5809 825 5881">
     <span class='ocr_line' id='line_1_81' title="bbox 200 5809 825 5881; baseline -0.002 -18"><span class='ocrx_word' id='word_1_742' title='bbox 200 5809 281 5881; x_wconf 73' lang='grc' dir='ltr'>(Ξ)</span> <span class='ocrx_word' id='word_1_743' title='bbox 315 5809 503 5865; x_wconf 87' lang='lat' dir='ltr'><strong>Lamb.</strong></span> <span class='ocrx_word' id='word_1_744' title='bbox 528 5809 825 5877; x_wconf 78' lang='lat' dir='ltr'><strong>patiuntur.</strong></span> 
     </span>
    </p>
   </div>
   <div class='ocr_carea' id='block_1_81' title="bbox 450 5898 1002 5963">
    <p class='ocr_par' dir='ltr' id='par_1_81' title="bbox 450 5898 1002 5963">
     <span class='ocr_line' id='line_1_82' title="bbox 450 5898 1002 5963; baseline -0.011 0"><span class='ocrx_word' id='word_1_745' title='bbox 450 5903 725 5963; x_wconf 64' lang='lat' dir='ltr'><strong>Parnm.</strong></span> <span class='ocrx_word' id='word_1_746' title='bbox 767 5902 885 5961; x_wconf 81' lang='lat' dir='ltr'><strong>Gtt.</strong></span> <span class='ocrx_word' id='word_1_747' title='bbox 924 5898 1002 5959; x_wconf 88' lang='lat' dir='ltr'><strong>II.</strong></span> 
     </span>
    </p>
   </div>
   <div class='ocr_carea' id='block_1_82' title="bbox 1886 4952 3387 5025">
    <p class='ocr_par' dir='ltr' id='par_1_82' title="bbox 1886 4952 3387 5025">
     <span class='ocr_line' id='line_1_83' title="bbox 1886 4952 3387 5025; baseline 0 -14"><span class='ocrx_word' id='word_1_748' title='bbox 1886 4956 1964 5025; x_wconf 80' lang='lat'><strong>(5)</strong></span> <span class='ocrx_word' id='word_1_749' title='bbox 1996 4955 2071 5010; x_wconf 84' lang='lat' dir='ltr'><strong>lta</strong></span> <span class='ocrx_word' id='word_1_750' title='bbox 2101 4954 2288 5011; x_wconf 83' lang='lat' dir='ltr'><strong>Graeca</strong></span> <span class='ocrx_word' id='word_1_751' title='bbox 2321 4954 2464 5009; x_wconf 89' lang='lat' dir='ltr'><strong>edita</strong></span> <span class='ocrx_word' id='word_1_752' title='bbox 2500 4968 2530 5007; x_wconf 92' lang='lat' dir='ltr'><strong>a</strong></span> <span class='ocrx_word' id='word_1_753' title='bbox 2565 4952 2635 5009; x_wconf 91' lang='lat' dir='ltr'><strong>cl.</strong></span> <span class='ocrx_word' id='word_1_754' title='bbox 2666 4952 3387 5025; x_wconf 74' lang='lat' dir='ltr'><strong>Montfaucono.Fabricius</strong></span> 
     </span>
    </p>
   </div>
   <div class='ocr_carea' id='block_1_83' title="bbox 1811 5024 3383 5096">
    <p class='ocr_par' dir='ltr' id='par_1_83' title="bbox 1811 5024 3383 5096">
     <span class='ocr_line' id='line_1_84' title="bbox 1811 5024 3383 5096; baseline -0.001 -14"><span class='ocrx_word' id='word_1_755' title='bbox 1811 5024 1994 5083; x_wconf 84' lang='lat' dir='ltr'><strong>tamen</strong></span> <span class='ocrx_word' id='word_1_756' title='bbox 2022 5041 2122 5096; x_wconf 87' lang='lat' dir='ltr'><strong>pro</strong></span> <span class='ocrx_word' id='word_1_757' title='bbox 2147 5024 2244 5079; x_wconf 78' lang='grc' dir='ltr'>νῦν</span> <span class='ocrx_word' id='word_1_758' title='bbox 2276 5025 2404 5095; x_wconf 87' lang='lat' dir='ltr'><strong>legit</strong></span> <span class='ocrx_word' id='word_1_759' title='bbox 2432 5026 2536 5089; x_wconf 82' lang='grc' dir='ltr'>ὅτι,</span> <span class='ocrx_word' id='word_1_760' title='bbox 2571 5025 2733 5096; x_wconf 69' lang='lat' dir='ltr'><strong>veteri</strong></span> <span class='ocrx_word' id='word_1_761' title='bbox 2772 5024 3054 5094; x_wconf 83' lang='lat' dir='ltr'><strong>interpreti</strong></span> <span class='ocrx_word' id='word_1_762' title='bbox 3085 5024 3383 5096; x_wconf 71' lang='lat' dir='ltr'><strong>ittll.«_l‘t&#39;ll.~‘.</strong></span> 
     </span>
    </p>
   </div>
   <div class='ocr_carea' id='block_1_84' title="bbox 1804 5092 3390 5163">
    <p class='ocr_par' dir='ltr' id='par_1_84' title="bbox 1804 5092 3390 5163">
     <span class='ocr_line' id='line_1_85' title="bbox 1804 5092 3390 5163; baseline 0 -11"><span class='ocrx_word' id='word_1_763' title='bbox 1804 5092 2052 5153; x_wconf 79' lang='lat' dir='ltr'><strong>Clericus</strong></span> <span class='ocrx_word' id='word_1_764' title='bbox 2099 5106 2279 5152; x_wconf 91' lang='lat' dir='ltr'><strong>autem</strong></span> <span class='ocrx_word' id='word_1_765' title='bbox 2319 5092 2501 5149; x_wconf 80' lang='lat' dir='ltr'><strong>omisit</strong></span> <span class='ocrx_word' id='word_1_766' title='bbox 2538 5093 2655 5159; x_wconf 82' lang='grc' dir='ltr'>νῦν,</span> <span class='ocrx_word' id='word_1_767' title='bbox 2696 5109 2797 5148; x_wconf 89' lang='lat' dir='ltr'><strong>nec</strong></span> <span class='ocrx_word' id='word_1_768' title='bbox 2840 5092 3043 5163; x_wconf 81' lang='lat' dir='ltr'><strong>recepit</strong></span> <span class='ocrx_word' id='word_1_769' title='bbox 3070 5096 3170 5149; x_wconf 77' lang='grc' dir='ltr'>ὅτι.</span> <span class='ocrx_word' id='word_1_770' title='bbox 3204 5092 3294 5152; x_wconf 86' lang='lat' dir='ltr'><strong>Sic</strong></span> <span class='ocrx_word' id='word_1_771' title='bbox 3335 5110 3390 5152; x_wconf 90' lang='lat' dir='ltr'><strong>et</strong></span> 
     </span>
    </p>
   </div>
   <div class='ocr_carea' id='block_1_85' title="bbox 1807 5168 2571 5236">
    <p class='ocr_par' dir='ltr' id='par_1_85' title="bbox 1807 5168 2571 5236">
     <span class='ocr_line' id='line_1_86' title="bbox 1807 5168 2571 5236; baseline -0.005 -14"><span class='ocrx_word' id='word_1_772' title='bbox 1807 5168 2096 5223; x_wconf 84' lang='lat' dir='ltr'><strong>Russelius</strong></span> <span class='ocrx_word' id='word_1_773' title='bbox 2123 5168 2300 5236; x_wconf 90' lang='lat' dir='ltr'><strong>ipsum</strong></span> <span class='ocrx_word' id='word_1_774' title='bbox 2331 5175 2571 5236; x_wconf 82' lang='lat' dir='ltr'><strong>secutus.</strong></span> 
     </span>
    </p>
   </div>
   <div class='ocr_carea' id='block_1_86' title="bbox 1878 5234 3390 5307">
    <p class='ocr_par' dir='ltr' id='par_1_86' title="bbox 1878 5234 3390 5307">
     <span class='ocr_line' id='line_1_87' title="bbox 1878 5234 3390 5307; baseline -0.004 -14"><span class='ocrx_word' id='word_1_775' title='bbox 1878 5238 1958 5307; x_wconf 70' lang='lat'><strong>(4)</strong></span> <span class='ocrx_word' id='word_1_776' title='bbox 1987 5234 2181 5292; x_wconf 81' lang='lat' dir='ltr'><strong>Lamb.</strong></span> <span class='ocrx_word' id='word_1_777' title='bbox 2223 5236 2420 5291; x_wconf 78' lang='lat' dir='ltr'><strong>ebrius.</strong></span> <span class='ocrx_word' id='word_1_778' title='bbox 2462 5234 2526 5289; x_wconf 78' lang='lat' dir='ltr'><strong>Et</strong></span> <span class='ocrx_word' id='word_1_779' title='bbox 2570 5251 2697 5291; x_wconf 86' lang='lat' dir='ltr'><strong>mox</strong></span> <span class='ocrx_word' id='word_1_780' title='bbox 2747 5251 2870 5290; x_wconf 90' lang='lat' dir='ltr'><strong>cum</strong></span> <span class='ocrx_word' id='word_1_781' title='bbox 2909 5234 3063 5290; x_wconf 88' lang='lat' dir='ltr'><strong>Bodl.</strong></span> <span class='ocrx_word' id='word_1_782' title='bbox 3097 5237 3390 5294; x_wconf 77' lang='lat' dir='ltr'><strong>infamatur</strong></span> 
     </span>
    </p>
   </div>
   <div class='ocr_carea' id='block_1_87' title="bbox 1808 5309 3266 5379">
    <p class='ocr_par' dir='ltr' id='par_1_87' title="bbox 1808 5309 3266 5379">
     <span class='ocr_line' id='line_1_88' title="bbox 1808 5309 3266 5379; baseline -0.001 -16"><span class='ocrx_word' id='word_1_783' title='bbox 1808 5324 1908 5379; x_wconf 87' lang='lat' dir='ltr'><strong>pro</strong></span> <span class='ocrx_word' id='word_1_784' title='bbox 1934 5309 2225 5379; x_wconf 75' lang='lat' dir='ltr'><strong>detractor.</strong></span> <span class='ocrx_word' id='word_1_785' title='bbox 2505 5377 2513 5379; x_wconf 78' lang='lat'><strong><em>_</em></strong></span> <span class='ocrx_word' id='word_1_786' title='bbox 2548 5376 2557 5379; x_wconf 89' lang='lat'>_</span> <span class='ocrx_word' id='word_1_787' title='bbox 2723 5377 2732 5379; x_wconf 20' lang='grc'><strong><em>4</em></strong></span> <span class='ocrx_word' id='word_1_788' title='bbox 2762 5378 2769 5379; x_wconf 15' lang='lat'><em>7</em></span> <span class='ocrx_word' id='word_1_789' title='bbox 2980 5374 3019 5379; x_wconf 96' lang='lat'><strong><em>_</em></strong></span> <span class='ocrx_word' id='word_1_790' title='bbox 3040 5374 3073 5379; x_wconf 23' lang='grc' dir='ltr'><strong>,Α</strong></span> <span class='ocrx_word' id='word_1_791' title='bbox 3108 5376 3119 5379; x_wconf 87' lang='lat'>_</span> <span class='ocrx_word' id='word_1_792' title='bbox 3248 5326 3266 5339; x_wconf 86' lang='grc'><strong>·</strong></span> 
     </span>
    </p>
   </div>
   <div class='ocr_carea' id='block_1_88' title="bbox 1880 5374 3383 5447">
    <p class='ocr_par' dir='ltr' id='par_1_88' title="bbox 1880 5374 3383 5447">
     <span class='ocr_line' id='line_1_89' title="bbox 1880 5374 3383 5447; baseline -0.005 -13"><span class='ocrx_word' id='word_1_793' title='bbox 1880 5380 1959 5447; x_wconf 83' lang='grc'>(5)</span> <span class='ocrx_word' id='word_1_794' title='bbox 1988 5378 2175 5434; x_wconf 88' lang='lat' dir='ltr'><strong>Lamb.</strong></span> <span class='ocrx_word' id='word_1_795' title='bbox 2206 5386 2475 5447; x_wconf 14' lang='lat' dir='ltr'><strong>pastorem,</strong></span> <span class='ocrx_word' id='word_1_796' title='bbox 2497 5376 2647 5429; x_wconf 86' lang='lat' dir='ltr'><strong>illum</strong></span> <span class='ocrx_word' id='word_1_797' title='bbox 2685 5377 2937 5430; x_wconf 85' lang='lat' dir='ltr'><strong>videram.</strong></span> <span class='ocrx_word' id='word_1_798' title='bbox 2978 5374 3160 5431; x_wconf 85' lang='lat' dir='ltr'><strong>Editio</strong></span> <span class='ocrx_word' id='word_1_799' title='bbox 3202 5384 3383 5429; x_wconf 86' lang='lat' dir='ltr'><strong>autem</strong></span> 
     </span>
    </p>
   </div>
   <div class='ocr_carea' id='block_1_89' title="bbox 1810 5445 2557 5505">
    <p class='ocr_par' dir='ltr' id='par_1_89' title="bbox 1810 5445 2557 5505">
     <span class='ocr_line' id='line_1_90' title="bbox 1810 5445 2557 5505; baseline -0.007 -1"><span class='ocrx_word' id='word_1_800' title='bbox 1810 5445 1947 5505; x_wconf 88' lang='lat' dir='ltr'><strong>Felli</strong></span> <span class='ocrx_word' id='word_1_801' title='bbox 1974 5450 2152 5505; x_wconf 87' lang='lat' dir='ltr'><strong>Oxon.</strong></span> <span class='ocrx_word' id='word_1_802' title='bbox 2185 5445 2389 5505; x_wconf 76' lang='lat' dir='ltr'><strong>amittit</strong></span> <span class='ocrx_word' id='word_1_803' title='bbox 2414 5445 2557 5500; x_wconf 79' lang='lat' dir='ltr'><strong>illos.</strong></span> 
     </span>
    </p>
   </div>
   <div class='ocr_carea' id='block_1_90' title="bbox 1883 5516 3187 5731">
    <p class='ocr_par' dir='ltr' id='par_1_90' title="bbox 1883 5516 3187 5731">
     <span class='ocr_line' id='line_1_91' title="bbox 1906 5516 3187 5587; baseline -0.009 -12"><span class='ocrx_word' id='word_1_804' title='bbox 1906 5520 1961 5587; x_wconf 87' lang='grc'>6)</span> <span class='ocrx_word' id='word_1_805' title='bbox 1993 5519 2184 5574; x_wconf 90' lang='lat' dir='ltr'><strong>Lamb.</strong></span> <span class='ocrx_word' id='word_1_806' title='bbox 2218 5527 2276 5573; x_wconf 85' lang='lat' dir='ltr'><strong>ut</strong></span> <span class='ocrx_word' id='word_1_807' title='bbox 2302 5518 2637 5571; x_wconf 78' lang='lat' dir='ltr'><strong>incommoda</strong></span> <span class='ocrx_word' id='word_1_808' title='bbox 2657 5526 2705 5570; x_wconf 84' lang='lat' dir='ltr'><strong>et</strong></span> <span class='ocrx_word' id='word_1_809' title='bbox 2736 5517 3033 5570; x_wconf 67' lang='lat' dir='ltr'><strong>vexationes</strong></span> <span class='ocrx_word' id='word_1_810' title='bbox 3057 5516 3187 5569; x_wconf 80' lang='lat' dir='ltr'><strong>sint.</strong></span> 
     </span>
     <span class='ocr_line' id='line_1_92' title="bbox 1913 5586 2825 5645; baseline -0.003 -2"><span class='ocrx_word' id='word_1_811' title='bbox 1913 5591 1942 5643; x_wconf 86' lang='lat'><strong>7</strong></span> <span class='ocrx_word' id='word_1_812' title='bbox 1991 5589 2147 5645; x_wconf 89' lang='lat' dir='ltr'><strong>Bodl.</strong></span> <span class='ocrx_word' id='word_1_813' title='bbox 2172 5588 2438 5642; x_wconf 79' lang='lat' dir='ltr'><strong>honestus.</strong></span> <span class='ocrx_word' id='word_1_814' title='bbox 2468 5586 2559 5641; x_wconf 90' lang='lat' dir='ltr'><strong>Sic</strong></span> <span class='ocrx_word' id='word_1_815' title='bbox 2580 5596 2634 5641; x_wconf 88' lang='lat' dir='ltr'><strong>et</strong></span> <span class='ocrx_word' id='word_1_816' title='bbox 2662 5586 2825 5641; x_wconf 90' lang='lat' dir='ltr'><strong>infra.</strong></span> 
     </span>
     <span class='ocr_line' id='line_1_93' title="bbox 1883 5525 3187 5731; baseline -0.005 -15"><span class='ocrx_word' id='word_1_817' title='bbox 1883 5525 1966 5731; x_wconf 51' lang='lat'><strong>38)</strong></span> <span class='ocrx_word' id='word_1_818' title='bbox 1992 5660 2181 5731; x_wconf 82' lang='lat' dir='ltr'><strong>Lamb.</strong></span> <span class='ocrx_word' id='word_1_819' title='bbox 2206 5659 2425 5721; x_wconf 83' lang='lat' dir='ltr'><strong>desunt,</strong></span> <span class='ocrx_word' id='word_1_820' title='bbox 2448 5658 2642 5731; x_wconf 74' lang='lat' dir='ltr'><strong>sedad</strong></span> <span class='ocrx_word' id='word_1_821' title='bbox 2673 5657 2835 5713; x_wconf 88' lang='lat' dir='ltr'><strong>tradi.</strong></span> <span class='ocrx_word' id='word_1_822' title='bbox 2865 5654 3131 5711; x_wconf 78' lang='lat' dir='ltr'><strong>Videntur</strong></span> <span class='ocrx_word' id='word_1_823' title='bbox 3161 5655 3187 5710; x_wconf 75' lang='lat' dir='ltr'><strong>ll</strong></span> 
     </span>
    </p>
   </div>
   <div class='ocr_carea' id='block_1_91' title="bbox 1913 5586 2825 5645">
    <p class='ocr_par' dir='ltr' id='par_1_91' title="bbox 1913 5586 2825 5645">
     <span class='ocr_line' id='line_1_94' title="bbox 1913 5586 2825 5645; baseline -0.003 -2"><span class='ocrx_word' id='word_1_824' title='bbox 1913 5586 1966 5645; x_wconf 84' lang='lat'><strong>7)</strong></span> <span class='ocrx_word' id='word_1_825' title='bbox 1991 5589 2147 5645; x_wconf 89' lang='lat' dir='ltr'><strong>Bodl.</strong></span> <span class='ocrx_word' id='word_1_826' title='bbox 2172 5588 2438 5642; x_wconf 79' lang='lat' dir='ltr'><strong>honestus.</strong></span> <span class='ocrx_word' id='word_1_827' title='bbox 2468 5586 2559 5641; x_wconf 90' lang='lat' dir='ltr'><strong>Sic</strong></span> <span class='ocrx_word' id='word_1_828' title='bbox 2580 5596 2634 5641; x_wconf 88' lang='lat' dir='ltr'><strong>et</strong></span> <span class='ocrx_word' id='word_1_829' title='bbox 2662 5586 2825 5641; x_wconf 90' lang='lat' dir='ltr'><strong>infra.</strong></span> 
     </span>
    </p>
   </div>
   <div class='ocr_carea' id='block_1_92' title="bbox 1906 5593 3389 5731">
    <p class='ocr_par' dir='ltr' id='par_1_92' title="bbox 1906 5593 3389 5731">
     <span class='ocr_line' id='line_1_95' title="bbox 1913 5593 2825 5645; baseline -0.003 -2"><span class='ocrx_word' id='word_1_830' title='bbox 1913 5593 1942 5643; x_wconf 87' lang='lat'><strong>7</strong></span> <span class='ocrx_word' id='word_1_831' title='bbox 1991 5593 2147 5645; x_wconf 88' lang='lat' dir='ltr'><strong>Bodl.</strong></span> <span class='ocrx_word' id='word_1_832' title='bbox 2172 5593 2438 5642; x_wconf 79' lang='lat' dir='ltr'><strong>honestus.</strong></span> <span class='ocrx_word' id='word_1_833' title='bbox 2468 5593 2559 5641; x_wconf 85' lang='lat' dir='ltr'><strong>Sic</strong></span> <span class='ocrx_word' id='word_1_834' title='bbox 2580 5596 2634 5641; x_wconf 88' lang='lat' dir='ltr'><strong>et</strong></span> <span class='ocrx_word' id='word_1_835' title='bbox 2662 5593 2825 5641; x_wconf 84' lang='lat' dir='ltr'><strong>infra.</strong></span> 
     </span>
     <span class='ocr_line' id='line_1_96' title="bbox 1906 5593 3389 5731; baseline -0.004 -15"><span class='ocrx_word' id='word_1_836' title='bbox 1906 5593 1966 5731; x_wconf 72' lang='lat'><strong>8)</strong></span> <span class='ocrx_word' id='word_1_837' title='bbox 1992 5660 2181 5731; x_wconf 82' lang='lat' dir='ltr'><strong>Lamb.</strong></span> <span class='ocrx_word' id='word_1_838' title='bbox 2206 5659 2425 5721; x_wconf 83' lang='lat' dir='ltr'><strong>desunt,</strong></span> <span class='ocrx_word' id='word_1_839' title='bbox 2448 5658 2642 5731; x_wconf 74' lang='lat' dir='ltr'><strong>sedad</strong></span> <span class='ocrx_word' id='word_1_840' title='bbox 2673 5657 2835 5713; x_wconf 88' lang='lat' dir='ltr'><strong>tradi.</strong></span> <span class='ocrx_word' id='word_1_841' title='bbox 2865 5654 3131 5711; x_wconf 78' lang='lat' dir='ltr'><strong>Videntur</strong></span> <span class='ocrx_word' id='word_1_842' title='bbox 3161 5655 3389 5711; x_wconf 84' lang='lat' dir='ltr'><strong>librario</strong></span> 
     </span>
    </p>
   </div>
   <div class='ocr_carea' id='block_1_93' title="bbox 1812 5728 2580 5800">
    <p class='ocr_par' dir='ltr' id='par_1_93' title="bbox 1812 5728 2580 5800">
     <span class='ocr_line' id='line_1_97' title="bbox 1812 5728 2580 5800; baseline -0.01 -12"><span class='ocrx_word' id='word_1_843' title='bbox 1812 5728 2083 5789; x_wconf 83' lang='lat' dir='ltr'><strong>excidisse</strong></span> <span class='ocrx_word' id='word_1_844' title='bbox 2112 5730 2182 5786; x_wconf 91' lang='lat' dir='ltr'><strong>ob</strong></span> <span class='ocrx_word' id='word_1_845' title='bbox 2207 5743 2442 5800; x_wconf 89' lang='lat' dir='ltr'><strong>sequens</strong></span> <span class='ocrx_word' id='word_1_846' title='bbox 2471 5728 2580 5783; x_wconf 78' lang='lat' dir='ltr'><strong>sed.</strong></span> 
     </span>
    </p>
   </div>
   <div class='ocr_carea' id='block_1_94' title="bbox 2996 5881 3070 5942">
    <p class='ocr_par' dir='ltr' id='par_1_94' title="bbox 2996 5881 3070 5942">
     <span class='ocr_line' id='line_1_98' title="bbox 2996 5881 3070 5942; baseline 0.014 -1"><span class='ocrx_word' id='word_1_847' title='bbox 2996 5881 3070 5942; x_wconf 75' lang='lat'><strong>31</strong></span> 
     </span>
    </p>
   </div>
  </div>
