3822 6218
448 336 553 397 9⁵71
1895 343 1953 398 S.

3641 354 3776 411 972

454 458 697 529 atlhgcre
732 459 809 529 (9)
838 459 1078 514 animam
1114 472 1293 522 suam,
1329 464 1383 511 et
1418 456 1677 511 humilem
1717 473 1904 512 animo
1939 474 1998 515 se
2034 468 2296 530 praestare
2330 460 2447 532 (l0)
2490 460 2545 514 in
2598 463 2749 517 omni
2801 463 3039 535 negotio,
3074 474 3129 521 et
3169 468 3488 528 vexationes
3530 474 3775 531 multas

457 552 747 622 variasque
782 552 894 623 (11)
930 552 1207 623 perferre;
1261 569 1498 624 cumque
1530 570 1829 625 perpessus
1876 554 2043 611 fuerit
2090 558 2275 612 omnia
2308 572 2433 627 quae
2477 557 2552 612 illi
2606 558 2853 614 instituta
2904 558 3106 619 fuerint
3140 565 3292 636 (l2),
3338 577 3467 625 tunc
3497 570 3771 629 forsitan

452 646 550 718 qui
575 661 701 702 eum
736 648 944 703 creavit
975 658 1029 703 et
1060 650 1155 719 qui
1183 647 1436 705 formavit
1460 652 1716 706 universa
1752 652 1888 721 (13),
1923 653 2368 709 commovebitur
2400 669 2528 723 erga
2571 670 2697 709 eum
2740 656 3028 713 clementia
3053 673 3174 727 sua,
3208 670 3265 716 et
3294 662 3516 733 aliquod
3556 682 3770 725 reme-

452 744 605 799 dium
640 744 789 799 dabit
817 762 831 809 ;
860 744 1022 814 idque
1047 744 1144 812 ita,
1172 745 1216 799 si
1253 744 1591 816 videritejus
1626 748 1721 816 qui
1755 748 2132 817 paenitentiam
2179 749 2311 819 agit,
2362 764 2458 804 cor
2502 765 2702 819 purum
2736 767 2859 807 esse
2891 753 2961 808 ab
2991 756 3143 810 omni
3171 772 3339 828 opere
3360 762 3765 833 nequissimo.

452 839 574 896 Tibi
599 852 778 897 autem
800 850 855 896 et
886 840 1073 895 domui
1106 850 1213 895 tua:
1237 843 1421 896 vexari
1455 858 1602 898 nunc
1634 844 1873 913 expedit,
1907 852 1963 899 et
1996 844 2224 899 multam
2260 845 2600 901 vexationem
2646 848 2755 916 pati
2792 863 3017 905 necesse
3049 860 3134 906 est
3165 854 3279 926 (14)
3308 874 3322 922 ;
3355 857 3498 912 sicut
3525 875 3764 929 prace—

449 940 531 1009 pit
555 940 783 994 nuntius
818 938 1036 992 Domini
1071 937 1166 1007 qui
1213 943 1264 989 te
1304 934 1441 988 mihi
1477 933 1723 989 tradidit.
1771 933 1916 1001 Quin
1961 936 2145 1005 potius
2193 936 2397 1008 gratias
2443 952 2575 1009 agas
2629 939 2895 1007 Domino;
2926 945 3072 1013 quod
3104 950 3364 1015 praescius
3398 954 3579 1008 futuri
3619 956 3759 1025 (15)

448 1035 675 1105 dignum
710 1044 764 1089 te
788 1033 999 1100 habuit,
1035 1034 1123 1088 cui
1158 1030 1479 1103 praediceret
1532 1030 1939 1087 tribulationem
1990 1032 2199 1089 instare
2250 1033 2559 1091 valentibus
2601 1051 2723 1091 eam
2780 1038 3075 1094 sustinere.
3111 1038 3245 1097 Dico
3286 1044 3336 1098 ei
3365 1062 3379 1098 :
3413 1044 3481 1101 Et
3514 1056 3606 1115 tu,
3640 1050 3764 1107 do-

448 1128 621 1192 mine,
650 1141 865 1181 mecum
895 1135 1051 1193 esto;
1079 1134 1133 1181 et
1167 1124 1330 1181 facile
1360 1142 1578 1181 omnem
1608 1128 1953 1182 vexationem
1991 1127 2298 1183 sustinebo.
2342 1127 2476 1197 Ego,
2518 1129 2715 1199 inquit,
2741 1146 2837 1186 ero
2870 1141 3051 1187 tecum
3080 1152 3093 1187 :
3124 1135 3217 1189 sed
3245 1144 3299 1189 et
3330 1138 3542 1207 rogabo
3589 1156 3759 1196 nun-

448 1221 585 1276 tium
620 1221 773 1277 illum
807 1221 903 1292 qui
936 1222 1264 1291 praepositus
1296 1228 1385 1275 est
1418 1236 1615 1291 poenas,
1659 1231 1719 1277 ut
1764 1221 1937 1277 levius
1980 1231 2033 1277 te
2068 1222 2313 1293 aﬂligat;
2370 1223 2467 1278 sed
2498 1235 2553 1279 et
2582 1226 2782 1296 exiguo
2807 1236 3052 1298 tempore
3092 1228 3316 1298 patieris
3347 1230 3609 1293 adversa.
3639 1234 3760 1289 iteb

446 1334 681 1389 rumque
715 1328 810 1371 tuo
857 1316 977 1372 loco
1020 1317 1365 1383 restitueris;
1411 1315 1795 1375 tantummodo
1830 1320 1884 1373 in
1915 1318 2225 1373 humilitate
2249 1334 2561 1389 persevera.
2590 1319 2730 1378 Pare
2761 1321 2995 1378 Domino
3021 1333 3201 1381 mente
3224 1341 3381 1396 pura,
3416 1328 3761 1400 domusque

448 1430 542 1475 tua
576 1434 640 1473 ac
674 1418 786 1471 nati
814 1415 962 1483 (l6);
1012 1424 1067 1470 et
1100 1417 1155 1470 in
1191 1417 1469 1472 mandatis
1513 1418 1634 1488 ejus
1669 1416 1910 1482 ambula,
1946 1432 2069 1487 qua:
2102 1416 2360 1487 praecepit
2398 1416 2511 1486 (17)
2548 1418 2643 1472 tibi
2672 1436 2687 1473 :
2720 1427 2777 1474 et
2806 1420 3128 1491 pwnitentia
3162 1421 3357 1489 poterit
3396 1437 3525 1478 esse
3578 1422 3759 1477 ﬁrma

445 1521 610 1581 atque
644 1525 801 1581 pura.
836 1507 905 1561 Et
938 1507 983 1563 si
1012 1507 1127 1561 haec
1160 1506 1489 1561 custodieris
1512 1522 1637 1562 cum
1671 1506 1837 1561 domo
1873 1515 1988 1572 tua,
2016 1506 2368 1561 incommoda
2392 1520 2423 1560 a
2460 1514 2513 1561 te
2553 1508 2809 1565 recalent
2834 1526 2849 1563 :
2879 1507 2974 1564 sed
3004 1515 3061 1563 et
3095 1506 3165 1562 ab
3198 1509 3457 1567 omnibus
3494 1511 3757 1581 quicun-

445 1619 552 1677 que
586 1603 642 1658 in
676 1602 765 1657 his
798 1599 1070 1656 mandatis
1105 1598 1506 1654 ambulaverint
1539 1598 1719 1653 omnis
1746 1597 1962 1652 vexatio
2007 1598 2246 1652 recedet.

1760 1710 2235 1774 SIMILITUDO
2262 1712 2424 1773 VIII.

444 1827 833 1898 Electorum,
870 1833 927 1883 et
953 1819 1400 1903 pmniterttium
1426 1823 1833 1895 peccatorum
1869 1812 2068 1873 multa
2103 1822 2252 1873 sunt
2281 1829 2513 1903 genera
2535 1834 2575 1903 τ’
2622 1830 2830 1903 omnes
2880 1823 3110 1903 autem,
3163 1834 3288 1897 pro
3333 1818 3748 1897 paenitentia:

1120 1908 1175 1959 et
1216 1890 1521 1958 bonorum
1552 1910 1815 1968 operum
1845 1909 2106 1952 suorum
2154 1890 2361 1965 modo,
2392 1890 2707 1953 habebunt
2734 1892 3095 1959 mercedem.

1794 2000 2026 2058 CAPUT
2061 2000 2357 2058 PRIMUM.

510 2110 763 2168 Ostendit
786 2108 918 2163 mihi
948 2105 1170 2162 salicem
1209 2113 1478 2175 tegentem
1504 2114 1731 2170 campos
1755 2113 1820 2153 ac
1847 2107 2083 2164 montes,
2110 2096 2215 2151 sub
2239 2096 2400 2166 cujus
2432 2096 2686 2150 umbram
2718 2104 2985 2153 venerunt
3015 2112 3207 2154 omnes
3230 2099 3323 2169 qui
3350 2098 3534 2153 vocati
3569 2110 3741 2155 erant

440 2207 496 2260 in
524 2203 749 2260 nomine
776 2200 1015 2255 Domini.
1052 2197 1118 2251 Et
1146 2198 1304 2268 juxta
1338 2194 1560 2251 salicem
1590 2191 1769 2247 stabat
1813 2189 2042 2244 nuntius
2074 2188 2295 2243 Domini
2339 2187 2497 2243 valde
2531 2188 2830 2258 praeclarus
2852 2198 2907 2243 et
2939 2188 3218 2255 sublimis;
3245 2198 3300 2243 et
3331 2190 3567 2245 secabat
3601 2207 3735 2247 cum

438 2302 579 2357 falce
600 2314 800 2371 magna
826 2298 895 2353 ab
928 2297 1021 2352 illa
1044 2294 1212 2351 salice
1239 2293 1354 2364 (18)
1389 2307 1614 2358 ramos;
1644 2298 1698 2346 et
1723 2287 1927 2359 populo
1954 2287 2031 2341 illi
2076 2286 2171 2355 qui
2204 2299 2325 2341 erat
2358 2286 2463 2341 sub
2497 2286 2691 2340 umbra
2733 2287 2919 2341 salicis
2957 2286 3126 2353 illtus,
3179 2286 3413 2356 exiguas
3462 2297 3522 2343 et
3562 2298 3729 2359 quasi

436 2392 704 2449 cubitales
738 2391 919 2461 virgas
952 2386 1282 2460 porrigebat.
1315 2383 1613 2454 Postquam
1648 2391 1832 2434 autem
1876 2377 2220 2448 accepissent
2244 2375 2512 2441 universi,
2538 2374 2790 2445 deposuit
2836 2373 3062 2445 falcem;
3089 2387 3145 2433 et
3174 2378 3341 2434 arbor
3370 2379 3468 2434 illa
3506 2382 3733 2453 integra

438 2478 760 2549 permansit,
797 2478 940 2532 sicut
965 2486 1127 2531 antea
1172 2479 1417 2535 videram
1453 2493 1576 2533 eam
1606 2495 1618 2530 :
1647 2490 1812 2546 quam
1856 2488 1958 2543 ego
1991 2487 2105 2527 rem
2142 2472 2385 2526 mirabar
2419 2470 2556 2541 (l9),
2603 2479 2767 2541 atque
2801 2471 2943 2526 intra
2991 2490 3079 2531 me
3110 2475 3459 2547 disputabam
3486 2476 3616 2548 (20)
3639 2480 3732 2535 Ait

436 2575 506 2630 ad
530 2589 619 2629 me
639 2583 828 2644 pastor
854 2573 942 2627 ille
968 2591 982 2627 :
1010 2572 1209 2629 Desine
1232 2575 1424 2628 mirari
1448 2572 1597 2643 quod
1638 2570 1802 2625 arbor
1835 2570 1928 2624 illa
1963 2576 2043 2624 tot
2068 2567 2185 2638 (2|)
2210 2568 2381 2623 ramis
2415 2567 2665 2637 praecisis
2706 2569 3071 2637 permanserit
3105 2570 3350 2642 integra;
3378 2571 3475 2625 sed
3518 2588 3730 2643 exspe-

434 2678 564 2724 cta:
600 2681 750 2721 nunc
788 2666 1258 2722 demonstrabitur
1290 2666 1391 2721 tibi
1424 2664 1572 2736 quod
1612 2662 1883 2733 signiticet
1914 2659 2146 2731 angelus
2180 2659 2269 2714 ille
2315 2658 2411 2729 qui
2446 2657 2649 2728 populo
2681 2657 2923 2727 porrexit
2949 2662 3151 2731 virgas.
3194 2658 3259 2715 Et
3292 2676 3488 2715 rursus
3522 2677 3624 2718 eas
3656 2665 3728 2719 ab

433 2764 523 2818 his
548 2762 871 2833 reposcebat
904 2760 1056 2830 (22);
1096 2771 1152 2817 et
1190 2778 1301 2833 quo
1349 2762 1588 2833 quisque
1618 2774 1713 2816 eas
1756 2766 2078 2828 perceperat
2100 2756 2314 2822 ordine,
2364 2756 2557 2810 eodem
2590 2757 2756 2811 etiam
2791 2755 3090 2811 vocabatur
3115 2751 3181 2807 ad
3210 2752 3386 2819 illum,
3422 2753 3725 2826 virgasque

434 2860 548 2931 (23)
573 2859 869 2925 reddebat;
898 2874 1039 2930 quas
1061 2874 1188 2914 cum
1223 2864 1510 2917 acceperat
1533 2854 1643 2917 ille,
1670 2852 2082 2910 considerabat.
2119 2851 2166 2904 A
2198 2850 2529 2921 quibusdam
2573 2849 2723 2905 enim
2768 2848 3069 2920 accipiebat
3118 2846 3303 2902 aridas
3344 2856 3401 2901 et
3436 2850 3721 2917 putridas,

432 2949 581 3003 velut
612 2964 643 3003 a
671 2948 819 3003 tinea
846 2956 1020 3003 tactas
1050 2966 1063 3003 :
1089 2956 1141 3003 et
1166 2946 1396 3018 jubebat
1425 2959 1521 3000 eos
1553 2942 1649 3014 qui
1672 2942 1991 3012 hujusmodi
2017 2940 2200 3011 virgas
2226 2939 2589 3006 tradiderant,
2628 2940 2842 2995 secerni
2868 2948 2923 2994 et
2956 2953 3207 2994 seorsum
3238 2938 3430 2993 statui.
3458 2938 3569 2993 Alii
3597 2956 3728 3011 por-

430 3045 680 3117 rigebant
709 3044 893 3100 aridas
916 3044 1160 3115 quidem.
1188 3042 1282 3100 sed
1312 3058 1422 3097 non
1467 3051 1643 3097 tactas
1683 3055 1713 3095 a
1750 3040 1894 3093 tinea
1930 3056 1943 3091 :
1982 3047 2036 3092 et
2070 3038 2171 3092 hos
2206 3051 2457 3091 seorsum
2494 3035 2662 3091 statui
2698 3034 2946 3106 jubebat.
2994 3034 3104 3088 Alii
3152 3034 3509 3105 porrigebant
3543 3038 3719 3091 semi-

429 3134 613 3189 aridas
646 3135 829 3207 virgas
856 3158 870 3191 :
898 3144 955 3192 et
987 3135 1042 3189 hi
1068 3148 1288 3205 quoque
1314 3147 1563 3188 seorsum
1590 3130 1993 3187 statuebantur.
2040 3127 2276 3196 Quidam
2303 3136 2485 3183 autem
2509 3128 2714 3183 dabant
2746 3128 2930 3199 virgas
2969 3143 3100 3184 suas
3134 3128 3463 3184 semiaridas
3492 3139 3551 3185 et
3578 3131 3718 3185 scis-

428 3240 591 3281 suras
615 3224 879 3280 habentes
906 3244 919 3279 :
946 3234 1001 3279 et
1027 3225 1082 3279 hi
1104 3241 1355 3283 seorsum
1381 3226 1784 3283 statuebantur.
1811 3224 1918 3279 Alii
1946 3225 2131 3296 virgas
2168 3238 2300 3278 suas
2340 3222 2456 3292 (24)
2493 3222 2812 3289 ail‘erebant,
2849 3240 3085 3295 quarum
3116 3224 3347 3280 dimidia
3392 3241 3527 3295 pars
3557 3229 3713 3282 arida

427 3328 566 3383 erat,
591 3319 816 3375 dimidia
844 3320 958 3389 (25)
987 3335 1114 3377 vero
1154 3322 1347 3378 viridis
1389 3331 1489 3377 :ct
1537 3322 1592 3375 hi
1641 3334 1893 3376 seorsum
1942 3318 2341 3376 statuebantur.
2398 3318 2505 3373 Alii
2554 3318 2738 3389 virgas
2790 3336 2919 3377 suas
2952 3324 3284 3393 aﬂ‘erebant;
3315 3341 3558 3397 quarum
3593 3327 3718 3382 dum

428 3427 614 3488 partes
641 3418 832 3475 viridze
871 3430 1047 3488 crant,
1076 3420 1236 3476 tertia
1264 3434 1395 3475 vero
1442 3418 1593 3475 arida
1628 3437 1641 3473 :
1675 3426 1731 3473 et
1777 3417 1833 3472 hi
1874 3432 2128 3474 seorsum
2162 3416 2562 3472 statuebantur.
2602 3417 2708 3471 Alii
2735 3416 2918 3488 virgas
2948 3435 3078 3476 suas
3121 3422 3441 3490 all‘erehant,
3469 3440 3715 3493 quarum

426 3514 550 3569 duae
578 3522 760 3584 partes
791 3526 949 3570 erant
974 3516 1163 3584 aridae,
1194 3516 1354 3571 tertia
1379 3528 1511 3569 vero
1544 3513 1735 3569 viridis
1762 3532 1776 3569 :
1806 3522 1861 3568 et
1902 3513 1956 3567 hi
1985 3528 2235 3569 seorsum
2268 3512 2670 3569 statuebantur.
2711 3512 2945 3579 Quidam
2972 3518 3324 3589 porrigebant
3351 3520 3541 3591 virgas
3581 3537 3714 3576 suas

424 3605 709 3674 paululum
738 3605 853 3676 (26)
874 3606 1060 3663 aridas
1103 3604 1544 3676 (exiguissimum
1574 3604 1720 3658 enim
1767 3601 1982 3658 aridum
2026 3612 2145 3659 erat
2177 3602 2232 3657 in
2279 3602 2449 3673 virgis
2494 3618 2709 3670 eorum,
2751 3604 2805 3659 id
2833 3614 2917 3659 est
2944 3606 3187 3676 ipsarum
3229 3626 3494 3667 cacumen
3534 3612 3709 3686 [27]),

426 3701 701 3756 scissuras
729 3716 860 3756 vero
884 3701 1155 3756 habebant
1186 3718 1198 3753 :
1233 3710 1288 3757 et
1317 3700 1372 3755 hi
1408 3714 1656 3756 seorsum
1679 3698 2081 3755 statuebantur.
2117 3697 2367 3755 Aliorum
2393 3708 2577 3754 autem
2611 3699 2666 3754 in
2701 3700 2870 3771 virgis
2892 3701 3148 3772 exiguum
3186 3713 3305 3757 erat
3334 3702 3537 3769 viride,
3575 3707 3709 3759 reli-

422 3808 597 3859 quum
620 3808 751 3848 vero
784 3792 997 3848 aridum
1026 3811 1041 3848 :
1077 3802 1132 3849 et
1161 3794 1217 3849 hi
1251 3809 1497 3850 seorsum
1532 3793 1935 3849 statuebantur.
1976 3792 2084 3847 Alii
2117 3793 2407 3850 veniebant
2451 3794 2741 3852 aﬂ‘erentes
2779 3795 2965 3869 virgas
3018 3814 3147 3855 suas
3191 3798 3334 3854 sicut
3376 3811 3711 3871 acceperant

424 3888 648 3957 virides,
676 3891 1024 3962 maximaque
1054 3907 1181 3962 pars
1212 3892 1397 3963 populi
1428 3890 1749 3961 hujusmodi
1771 3891 1952 3961 virgas
1983 3891 2324 3962 porrigebat;
2357 3901 2411 3947 et
2445 3908 2704 3963 magnum
2728 3909 2798 3949 ex
2820 3894 2905 3949 his
2934 3894 3163 3949 nuntius
3196 3891 3284 3947 ille
3312 3893 3583 3962 gaudium
3612 3912 3707 3951 ce.

423 3983 543 4053 pit:
583 3992 637 4038 et
663 3983 719 4037 hi
744 4000 994 4039 seorsum
1023 3985 1429 4040 statuebantur.
1455 3983 1562 4037 Alii
1585 3982 1885 4037 all'erebant
1916 3982 2098 4054 virgas
2133 3998 2263 4039 suas
2291 3983 2495 4040 virides
2523 3994 2579 4040 et
2614 3986 2905 4056 pampinos
2936 3987 3197 4041 habentes
3224 4004 3237 4039 :
3267 3994 3321 4039 et
3351 3986 3410 4040 hi
3444 4001 3703 4044 seorsum

422 4074 839 4144 statuebantur;
876 4085 931 4131 et
962 4076 1063 4130 hos
1096 4091 1322 4146 quoque
1368 4075 1599 4130 nuntius
1647 4073 1737 4129 ille
1785 4089 1981 4144 magna
2016 4090 2143 4129 cum
2183 4074 2456 4131 hilaritate
2504 4076 2809 4146 excipiebat
2842 4077 2979 4147 (28).
3016 4077 3120 4131 Alii
3168 4076 3473 4132 aﬂ‘erebant
3520 4081 3705 4151 virgas

421 4187 553 4228 suas
575 4173 798 4240 virides,
825 4188 895 4227 ex
927 4172 1128 4242 quibus
1156 4181 1505 4227 excreverant
1537 4170 1783 4242 pampini
1830 4186 2019 4225 earum
2047 4170 2195 4241 (29);
2238 4170 2333 4243 qui
2378 4172 2618 4243 pampini
2649 4174 2919 4244 quosdam
2967 4173 3182 4231 fructus
3230 4174 3559 4232 ati‘erebant.
3597 4178 3702 4246 Qui

420 4266 738 4338 hujusmodi
765 4266 879 4336 (50)
910 4267 1092 4337 virgas
1136 4266 1490 4338 porrigebant
1554 4264 1711 4319 valde
1753 4264 1953 4320 hilares
2014 4272 2175 4319 erant
2237 4264 2426 4332 vultu;
2486 4266 2580 4321 sed
2623 4275 2679 4321 et
2741 4268 2968 4324 nuntius
3023 4268 3140 4339 ipse
3201 4267 3428 4334 quidem
3496 4284 3572 4326 ex
3622 4274 3699 4328 eis

1505 4359 1742 4416 VARUE
1782 4359 2171 4415 LECTIONES
2206 4359 2294 4416 ET
2334 4359 2569 4415 NOTAE.

489 4460 569 4530 (9)
595 4460 727 4515 Mss.
759 4460 919 4530 Angl.
944 4460 1207 4530 cruciare.
1335 4528 1345 4530 μ
1591 4526 1602 4530 _
1659 4526 1669 4530 _
1844 4525 1878 4530 _
1939 4526 1974 4530 __
2177 4455 2292 4530 (Ἢ)
2318 4455 2395 4530 [ta
2426 4455 2609 4530 Fellus
2634 4473 2871 4530 eximss.
2897 4456 3244 4530 Editi.,_tota.
3298 4464 3303 4471 ‘

488 4525 603 4612 (10)
651 4530 743 4586 Sic
785 4525 973 4612 Fellus
1018 4529 1211 4612 Lamb.
1230 4528 1434 4612 ‘animo
1480 4543 1533 4610 se
1580 4526 1789 4581 habere.
2105 4611 2109 4612 ν
2173 4525 2285 4612 (22)
2317 4527 2407 4582 Sic
2437 4528 2603 4583 editio
2633 4528 2765 4583 Felli
2795 4528 2973 4584 Oxon.
3002 4546 3069 4583 ex
3095 4527 3286 4583 Lamb.
3318 4525 3410 4580 Al.
3456 4528 3573 4584 illis
3615 4547 3691 4584 re-

416 4596 596 4655 animo
623 4618 676 4657 se
704 4618 898 4672 gerere.
935 4602 1119 4672 Carm.
1152 4608 1207 4653 et
1230 4596 1372 4653 Vict.
1418 4600 1651 4672 animum
1698 4614 1869 4668 agere.
1894 4596 1994 4672 __Al'.
2098 4600 2287 4672 poscit.

417 4672 654 4753 aaimose
675 4667 880 4753 “agere:
946 4671 1243 4753 Exhibent
1276 4683 1512 4753 quoque.
1538 4667 1807 4753 animose
1841 4667 1996 4722 editt.
2169 4668 2284 4753 (2a)
2311 4667 2507 4753 Lamb.
2539 4670 2647 4724 ista
2678 4686 2797 4753 qua:
2826 4680 3095 4738 acceperat
3139 4668 3343 4730 ordine,
3376 4669 3567 4725 eodem
3607 4689 3688 4726 ro-

415 4742 655 4821 Cler.__et_
675 4737 897 4821 Bussel.
921 4744 1105 4797 minus
1138 4737 1310 4821 recte,
1332 4749 1391 4795 ut
1408 4737 1641 4808 quidem
1669 4738 1901 4794 videtur.
2098 4737 2418 4821 cabatur‘ad
2444 4740 2617 4821 illam.
2637 4737 2973 4821 rigataque.
3094 4819 3101 4821 _
3190 4808 3201 4820 _

488 4814 603 4887 (11)
630 4816 715 4887 Al.
747 4815 1040 4887 ampliusque
1064 4828 1163 4887 pro
1187 4811 1487 4887 variasque.
2134 4808 2283 4887 .(24)
2331 4808 2568 4880 Conjicit
2600 4812 2670 4865 cl.
2703 4808 3143 4887 Waltius,__ante
3187 4808 3291 4863 ista
3334 4810 3510 4887 verba
3536 4831 3551 4868 :
3582 4815 3687 4887 Atii

628 4880 831 4961 _Lam_b.
864 4880 981 4961 qua:
1007 4880 1318 4961 instituerit.
1380 4880 1386 4881 ⁷
1416 4960 1419 4961 ν
1464 4950 1483 4961 Α
1670 4950 1702 4961 ,Δ
1809 4951 1820 4961 .
2096 4880 2270 4960 virgas
2308 4890 2617 4961 saas,.etc.,
2654 4880 2924 4961 excidisse
2957 4882 3183 4961 librario
3222 4883 3514 4961 sequentia
3542 4903 3556 4936 :
3582 4886 3683 4961 Alii

487 4949 599 5025 (15)
625 4949 1142 5025 Ιδειιηὺειιὶιίετεσυὶι
1174 4952 1353 5025 omnia
1374 4960 1422 5025 et
1455 4950 1707 5025 formavit
1726 4951 1993 5006 universa.
2096 4950 2268 5025 uirga;
2298 4949 2611 5025 alerebant,
2640 4953 2835 5005 virides
2876 4953 3112 5025 quidem.
3142 4952 3240 5025 sed
3276 4952 3548 5025 sciamus
3590 4957 3679 5007 Ita-

486 5020 600 5094 (14)
627 5026 768 5080 Edit.
796 5020 974 5080 om.
1012 5035 1061 5077 et
1090 5023 1229 5093 quod
1273 5022 1497 5075 multam
1534 5021 1860 5076 vexationem
1901 5038 1998 5091 pa-
2097 5020 2290 5094 battles.
2335 5020 2460 5077 Haec
2495 5023 2947 5094 enimimemorat
2970 5020 3199 5078 Hermas
3227 5021 3284 5075 in
3321 5020 3427 5078 hat.
3457 5039 3575 5094 Ipsa
3604 5025 3681 5080 Si-

416 5091 812 5169 tiarisnecesse
844 5104 941 5169 est.
1104 5091 1119 5169 ί
1168 5166 1196 5169 __
1475 5164 1485 5169 _
1545 5162 1555 5169 ‘
1615 5162 1627 5169 _
2095 5091 2284 5169 n1ilit_.,
2312 5105 2468 5169 capp.
2510 5092 2544 5144 5
2571 5102 2626 5169 et
2660 5093 2710 5144 7.

486 5168 598 5239 (15)
623 5166 756 5223 Mss.
787 5166 947 5239 Angl.
981 5166 1119 5239 quod
1138 5166 1362 5239 dignum
1391 5173 1439 5217 te
1466 5162 1685 5239 (tabuit,
1705 5179 1825 5215 cum
1839 5180 1995 5239 _pf(B-
2306 5160 2506 5239 tamn,
2540 5162 2651 5239 alia
2678 5180 2796 5239 vero
2821 5164 3068 5239 dimidia.

412 5231 607 5293 diceret
634 5231 1019 5292 incommddum
1052 5237 1147 5290 tibi
1174 5231 1372 5289 iastare
1400 5233 1595 5289 valenti
1629 5232 1685 5285 id
1715 5233 1993 5300 sustinere,
2166 5231 2278 5303 (26)
2302 5231 2433 5303 Mss.
2452 5232 2625 5303 iAngl.
2650 5233 2812 5303 paulo
2835 5235 3027 5287 minus.
3058 5231 3151 5287 Sic
3180 5241 3234 5287 et
3259 5231 3436 5303 editio
3464 5232 3639 5288 Oxon.

411 5312 665 5378 prwscius
692 5311 880 5379 futuri.
1298 5377 1306 5379 ν
2097 5372 2141 5379 __
2167 5302 2280 5370 (27)
2312 5302 2402 5379 Sic
2442 5302 2658 5379 Fellus.
2681 5304 2769 5379 Al.
2796 5305 2972 5379 ipsum
2996 5302 3404 5379 _cacumen.__l_ta
3431 5314 3493 5379 et
3525 5305 3669 5361 Bodl.

485 5381 600 5451 (16)
635 5372 824 5451 Lamb.
850 5380 1074 5451 desunt,
1102 5395 1165 5431 ac
1193 5377 1350 5451 nati.-
1512 5448 1523 5451 _
1686 5447 1695 5451 Δ
1756 5447 1765 5451 _
2094 5372 2325 5451 Ilerma‘s
2346 5373 2588 5451 ipse_sub
2620 5376 2867 5451 init.ca_p.
2901 5374 2969 5427 10
2996 5375 3160 5441 hujus
3179 5374 3396 5451 similit.
3430 5374 3549 5430 haec
3582 5380 3669 5430 ha—

485 5382 577 5451 (16
635 5382 824 5437 Lamb.
850 5382 1074 5442 desunt,
1102 5395 1165 5431 ac
1193 5382 1326 5430 nati.
2096 5382 2325 5428 Hermas
2346 5382 2463 5442 ipse
2485 5382 2588 5428 sub
2620 5382 2867 5443 init.cap.
2901 5382 2969 5427 w
2996 5382 3160 5441 hujus
3179 5382 3396 5429 simiht.
3430 5382 3549 5430 hac
3582 5382 3657 5430 ha-

484 5382 600 5521 (17)
627 5451 759 5505 Mss.
802 5450 963 5521 Angl.
1011 5447 1379 5521 inAmandatis
1424 5448 1548 5500 meis
1588 5447 1836 5514 ambula,
1876 5463 1993 5517 qua:
2094 5446 2186 5521 bet
2217 5442 2900 5521 {ﬁxceptiscacuminibus
2944 5461 3148 5497 earum.
3185 5443 3509 5521 Sic_rursus
3549 5462 3657 5517 cap.

412 5512 657 5593 praecepi.
692 5522 784 5575 Sic
813 5528 868 5574 et
890 5512 1034 5593 'edit.
1058 5517 1236 5593 Oxon.
1410 5587 1440 5593 __
1823 5512 1830 5514 ⁷
1888 5512 1898 5517 ⁷
2095 5516 2154 5570 11
2172 5512 2354 5593 .Alﬁliuc
2383 5516 2929 5593 coniit'maturnlectio
2955 5530 3121 5584 quam
3148 5514 3463 5593 sequimur.

483 5583 596 5663 (18)
628 5591 817 5663 Lamb.
844 5606 963 5663 cu‘m
989 5591 1125 5659 falce
1154 5590 1217 5642 de
1240 5605 1311 5663 ea
1338 5587 1519 5663 salice.
1647 5657 1683 5663 _
1707 5658 1737 5663 __
1774 5660 1781 5663 Α
1855 5658 1895 5663 _
2304 5583 2498 5663 [_._an_1_b.
2529 5601 2720 5655 magna
2748 5583 3318 5663 hilaritateeapiebat.

484 5654 597 5732 (l9)
627 5661 756 5717 Mss.
788 5661 942 5730 Angl.
976 5654 1077 5731 quo
1111 5660 1318 5732 nomine
1362 5658 1616 5713 mirabar.
1644 5657 1823 5714 Editio
1855 5658 1987 5716 Felli
2308 5654 2469 5732 _Bodl_.
2500 5654 2785 5732 earumque
2811 5656 3072 5732 pampini.

411 5723 589 5789 Ox'nn.’
623 5732 704 5785 Ea:
729 5748 830 5799 quo
860 5723 1010 5800 ὄρενὲ
1042 5729 1297 5784 mirabar.
1385 5799 1392 5800 ί
1958 5758 1959 5765 η
2162 5723 2276 5797 (50)
2306 5723 2499 5800 Lamb.
2530 5723 2816 5800 quemdam
2841 5723 3077 5793 fraetum
3108 5726 3408 5795 aﬂ'erebant
3446 5741 3467 5781 :
3496 5743 3659 5783 eorum

483 5805 595 5875 (20)
626 5803 709 5856 Al.
736 5797 1051 5872 rogitabam.
1087 5801 1175 5857 Sic
1205 5810 1256 5856 et
1287 5799 1487 5856 Fcllus.
2095 5802 2325 5855 virorum
2352 5799 2442 5867 qui
2474 5797 2802 5868 hujusntodi.
