3822 6218
101 308 227 365 975
1224 312 1513 371 PASTOR.
1552 346 1621 355 —
1678 315 1806 370 LIB.
1848 315 1935 372 Ill.
1972 316 2175 373 SlMlL.
2220 317 2358 374 Vlll.
3282 335 3389 391 974

102 445 379 504 magnam
417 430 660 488 laetitiam
704 428 1071 503 percipiebat;
1106 446 1208 488 nec
1236 432 1423 489 minus
1450 441 1638 504 pastor
1671 433 1763 489 ille
1784 450 1911 490 cum
1961 451 2029 491 eo
2060 436 2177 509 (5|)
2202 452 2268 494 ex
2309 437 2501 495 eadem
2535 452 2703 496 causa
2749 441 3079 507 hilaritatem
3117 450 3385 521 capiebat.
3430 480 3435 483 τ

1572 554 1803 611 CAPUT
1852 556 1915 611 ll.

184 642 351 702 Tunc
376 643 605 702 nuntius
638 642 858 702 Domini
893 663 1129 706 coronas
1153 648 1322 721 jussit
1355 650 1562 708 afferri.
1598 652 1791 709 Allata:
1830 662 1961 710 sunt
2003 665 2188 711 autem
2219 614 2439 713 corona:
2469 658 2618 715 velut
2642 675 2709 715 ex
2736 661 2933 732 palmis
2969 663 3153 732 factae;
3195 674 3248 721 et
3291 682 3385 722 co-

98 743 340 799 ronavit
389 757 487 799 eos
514 742 668 799 viros
712 744 967 812 nuntius,
1017 745 1074 800 in
1105 761 1341 816 quorum
1381 748 1555 819 virgis
1597 750 1888 820 pampinos
1917 752 2202 807 invenerat
2229 762 2284 808 et
2312 752 2553 808 fructum
2592 753 2742 823 (52);
2795 757 3040 827 etjussit
3076 775 3171 815 eos
3203 760 3283 816 ire
3328 763 3384 817 in

98 843 340 899 turrim.
374 842 482 899 Sed
528 850 583 898 et
609 840 733 898 illos
762 841 914 897 viros
944 841 1095 897 misit
1124 842 1180 896 in
1212 844 1435 910 turrim,
1473 844 1530 897 in
1566 859 1804 914 quorum
1835 845 2005 916 virgis
2035 847 2156 902 sine
2190 847 2373 903 fructu
2420 848 2536 918 (55)
2569 849 2856 909 invenerat
2899 856 3211 926 pampinos,
3256 858 3387 914 dato

98 938 195 995 eis
227 937 433 1009 sigillo.
464 935 604 992 Nam
635 946 843 993 vestem
873 936 1121 992 eamdem
1156 937 1451 1005 habebant,
1485 938 1537 993 id
1570 948 1657 994 est
1679 940 1971 996 candidam
2006 943 2149 999 sicut
2177 944 2396 1012 nivem;
2430 960 2558 1001 cum
2596 961 2703 1015 qua
2732 948 2961 1019 jubebat
2989 949 3141 1019 ipsos
3164 950 3242 1005 ire
3269 951 3384 1021 (54)

101 1033 165 1087 in
204 1030 429 1085 turrim.
457 1027 570 1084 Nec
601 1027 788 1084 minus
825 1038 882 1083 et
909 1041 1006 1083 eos
1047 1027 1144 1097 qui
1172 1027 1527 1083 reddiderant
1552 1028 1739 1100 virgas
1768 1045 1899 1086 suas
1922 1073 1937 1098 ,
1969 1032 2135 1087 sicuti
2168 1042 2495 1104 acceperant
2521 1033 2746 1105 virides,
2788 1039 2913 1093 data
2956 1039 3038 1095 eis
3066 1048 3215 1094 veste
3249 1056 3384 1096 can-

95 1127 272 1194 dida;
306 1135 363 1183 et
390 1127 470 1183 sic
499 1142 595 1183 eos
625 1124 838 1182 dimisit
867 1125 946 1180 ire
978 1125 1092 1196 (55)
1129 1126 1186 1180 in
1223 1126 1442 1181 turrim.
1481 1124 1581 1182 His
1607 1128 2028 1195 consummatis,
2060 1130 2137 1184 ait
2164 1129 2233 1185 ad
2282 1139 2558 1203 pastorem
2590 1131 2743 1186 illum
2776 1151 2789 1186 :
2829 1130 2943 1202 Ego
2969 1132 3139 1198 vado;
3172 1140 3231 1187 tu
3255 1148 3388 1188 vero

95 1218 330 1275 dimitte
361 1219 464 1275 hos
495 1218 640 1274 intra
674 1233 887 1287 muros,
921 1219 976 1274 in
1007 1235 1075 1275 eo
1104 1220 1228 1276 loco
1258 1235 1370 1292 quo
1402 1222 1635 1293 quisque
1678 1225 1874 1279 metuit
1919 1223 2188 1288 habitare,
2223 1225 2589 1281 consideratis
2634 1229 2789 1297 prius
2818 1229 2988 1300 virgis
3019 1244 3211 1284 eorum
3258 1228 3385 1284 dili-

96 1323 347 1383 genter:
380 1324 589 1383 tamen,
641 1331 711 1371 ne
740 1318 866 1386 quis
916 1325 968 1371 te
1012 1315 1187 1383 fallat,
1230 1320 1543 1375 considera.
1574 1317 1682 1375 Sed
1711 1328 1767 1375 et
1790 1320 1835 1376 si
1867 1321 1993 1391 quis
2024 1329 2076 1375 te
2119 1320 2465 1391 praeterierit,
2511 1321 2710 1392 inquit,
2749 1337 2851 1393 ego
2896 1336 2994 1377 eos
3033 1335 3198 1391 super
3229 1335 3384 1376 aram

94 1406 384 1511 probabo.
425 1405 523 1511 liis
553 1409 623 1463 ad
666 1418 944 1511 pastorem
989 1413 1177 1481 dictis,
1207 1418 1456 1473 recessit.
1489 1415 1796 1489 Postquam
1826 1418 1916 1473 ille
1945 1418 2297 1487 discesserat,
2350 1420 2431 1474 ait
2478 1420 2615 1474 mihi
2664 1427 2890 1491 pastor:
2924 1420 3273 1489 Accipiamus
3311 1419 3384 1475 ab

95 1500 374 1605 omnibus
416 1500 633 1573 virgas;
666 1512 722 1559 et
757 1504 1071 1575 plantemus
1096 1505 1244 1567 illas.
1293 1507 1340 1561 si
1370 1507 1588 1577 possint
1632 1508 1965 1564 revirescere
2003 1508 2139 1579 (56).
2171 1507 2305 1565 Dico
2327 1510 2378 1563 ei
2411 1526 2424 1563 :
2460 1508 2712 1578 Domine,
2750 1512 2868 1568 istae
2894 1526 3017 1581 quae.
3052 1520 3183 1566 sunt
3216 1511 3384 1566 arida:

95 1599 302 1665 virgae,
339 1610 450 1666 quo
485 1599 653 1653 modo
682 1611 919 1669 possunt
932 1600 1426 1673 revirescere?(37)
1456 1603 1545 1657 Ait
1571 1603 1708 1659 mihi
1737 1622 1750 1658 :
1780 1602 1961 1660 Arbor
1983 1605 2087 1660 ista
2117 1605 2257 1661 salix
2288 1614 2397 1673 est,
2432 1615 2489 1661 et
2522 1620 2737 1676 semper
2760 1612 2910 1659 amat
2926 1603 3111 1658 vitam.
3141 1602 3198 1658 Si
3227 1603 3384 1674 plan-

96 1695 236 1790 ⁸³ιέ
263 1703 397 1758 θιῈο
422 1686 630 1790 fuerint
675 1691 989 1790 haehvirgaa,
1026 1700 1396 1768 exiguumque
1424 1698 1675 1756 humoris
1714 1702 2028 1771 acceperint
2069 1700 2206 1773 (58),
2248 1702 2499 1772 plurima:
2526 1717 2590 1757 ex
2625 1702 2705 1757 eis
2734 1701 3093 1758 revirescent.
3129 1698 3382 1755 Tentaho

90 1781 707 1883 enim,.et-suﬂundam
741 1786 855 1883 (59)
891 1787 973 1842 eis
999 1802 1197 1858 aquam
1233 1806 1247 1842 :
1280 1798 1334 1843 et
1359 1788 1407 1844 si
1436 1805 1543 1859 qua
1576 1805 1767 1845 earum
1813 1791 2057 1861 potuerit
2088 1791 2293 1857 vivere,
2324 1790 2644 1860 gratulabor
2673 1790 2760 1857 ei;
2802 1790 2949 1861 quod
2988 1789 3034 1845 si
3071 1805 3202 1856 non,
3234 1798 3384 1845 certe

88 1885 230 1976 non
244 1872 472 1976 videbor
503 1888 605 1944 ego
639 1876 921 1976 negligens
951 1881 1144 1939 fuisse.
1186 1880 1366 1939 Jussit
1391 1885 1591 1941 deinde
1620 1901 1709 1942 me
1736 1900 1938 1942 vocare
1969 1901 2089 1941 eos.
2120 1884 2186 1941 Et
2222 1886 2367 1942 sicut
2409 1894 2680 1941 steterunt
2706 1887 2945 1955 quisque
2967 1899 3183 1952 eorum,
3216 1900 3382 1941 vene-

90 1973 239 2018 runt
265 1964 458 2020 ordine
487 1980 611 2034 suo,
642 1968 940 2043 virgasque
978 1991 1109 2031 suas
1139 1975 1524 2033 tradiderunt:
1580 1993 1720 2049 quas
1750 1990 2007 2050 acceptas
2050 1979 2143 2033 ille
2187 1978 2434 2049 singulas
2485 1977 2751 2049 plantavit
2792 1976 3079 2033 ordinibus
3125 1978 3264 2033 suis.
3314 1977 3383 2033 Et

85 2067 397 2129 postquam
426 2061 728 2130 plantasset
757 2080 972 2134 omnes,
1002 2083 1205 2139 aquam
1236 2068 1468 2125 multam
1511 2071 1871 2142 supereﬂ‘udit
1907 2071 2023 2143 (40)
2054 2071 2192 2140 illis;
2224 2071 2300 2126 ita
2339 2080 2399 2125 ut
2426 2076 2741 2142 tegerentur
2778 2069 2847 2124 ab
2886 2084 3051 2140 aqua,
3093 2083 3271 2140 neque
3310 2068 3382 2123 ab

84 2166 163 2207 ea
195 2161 504 2208 exstarent.
537 2153 744 2211 Deinde
790 2173 915 2214 cum
947 2160 1231 2232 irrigasset
1278 2162 1424 2230 illas,
1454 2163 1532 2217 ait
1574 2163 1711 2218 mihi
1740 2182 1753 2218 :
1786 2162 2025 2231 Eamus;
2067 2174 2123 2219 et
2152 2172 2278 2235 post
2309 2176 2515 2235 paucos
2557 2162 2675 2217 dies
2706 2170 3066 2229 revertamur,
3096 2170 3151 2216 et
3194 2162 3382 2217 visite-

84 2263 232 2305 rnus
262 2263 377 2305 eas.
415 2247 521 2316 Qui
552 2251 762 2307 creavit
786 2252 936 2307 enim
962 2253 1106 2308 hanc
1133 2253 1415 2321 arborem,
1446 2253 1633 2310 vivere
1664 2256 1783 2311 vult
1819 2255 1934 2327 (41)
1966 2270 2160 2311 omnes
2190 2271 2306 2322 eos,
2343 2255 2438 2325 qui
2469 2270 2535 2309 ex
2564 2269 2628 2308 ea
2666 2264 2997 2325 acceperunt
3032 2255 3237 2326 virgas.
3264 2254 3379 2325 Ego

83 2355 292 2404 autem
325 2362 511 2419 spero,
543 2363 672 2405 cum
702 2349 817 2406 sint
846 2363 991 2422 aqua
1034 2350 1400 2422 superinfusaa
1430 2352 1515 2407 hae
1546 2353 1659 2423 (4%)
1694 2354 1879 2424 virgae,
1912 2353 2179 2424 plurimas
2212 2352 2455 2410 victuras
2486 2352 2719 2407 humore
2760 2360 2921 2423 capto
2953 2351 3089 2421 (45).

1558 2473 1791 2530 CAPUT
1838 2474 1924 2531 Ill.

168 2566 315 2625 Dico
343 2570 395 2626 ei
429 2589 443 2626 :
489 2572 671 2629 Arbor
708 2572 846 2638 haec,
888 2574 1143 2643 Domine,
1175 2574 1495 2632 demonstra
1533 2577 1694 2641 mihi,
1737 2576 1866 2646 quid
1899 2576 1974 2631 sit
2003 2595 2017 2631 :
2052 2576 2215 2632 valde
2257 2574 2404 2631 enim
2442 2588 2688 2641 moveor,
2724 2571 2873 2644 quod
2907 2578 2988 2626 tot
3017 2568 3191 2623 ramis
3226 2565 3368 2620 reci.

83 2666 179 2722 sis
232 2666 350 2737 (44)
391 2665 604 2740 integra
654 2668 911 2725 videatur
955 2686 1111 2740 esse;
1164 2687 1266 2728 nec
1307 2672 1534 2728 omnino
1583 2674 1889 2744 quidquam
1926 2673 1995 2727 de
2017 2687 2083 2728 ea
2128 2673 2319 2731 minus,
2360 2671 2577 2728 videtur
2618 2681 2744 2727 esse
2770 2682 2788 2733 ;
2817 2679 2929 2735 quo
2977 2659 3219 2716 maxime
3258 2655 3376 2727 (45)

84 2769 320 2830 stupeo.
344 2759 529 2827 Audi,
561 2762 741 2833 inquit
774 2762 995 2819 :Arbor
1034 2763 1149 2819 haec
1184 2779 1382 2835 magna
1431 2780 1555 2834 qua:
1595 2779 1821 2836 campos
1851 2765 1985 2835 tegit
2031 2780 2097 2819 ac
2154 2774 2374 2819 montes
2422 2772 2704 2833 totamque
2760 2769 2963 2814 terram
2989 2796 3005 2823 ,
3051 2755 3140 2808 lex
3168 2760 3250 2806 est
3281 2746 3375 2802 Dei

84 2853 150 2908 in
204 2862 379 2909 totum
436 2856 625 2911 orbem
674 2867 949 2913 terrarum
990 2858 1140 2914 data.
1175 2854 1287 2912 Hac
1334 2864 1517 2911 autem
1573 2856 1691 2928 lege
1742 2854 1915 2912 Filius
1960 2855 2058 2911 Dei
2114 2856 2446 2927 pradicatus
2486 2855 2601 2926 (46)
2635 2863 2722 2909 est
2777 2853 2835 2906 in
2875 2847 3136 2904 omnibus
3170 2839 3378 2897 linibns

85 2946 255 3002 orbis
280 2958 461 3003 terrae.
489 2946 686 3020 Populi
708 2966 843 3006 vero
867 2959 1078 3007 stantes
1108 2951 1213 3007 sub
1241 2953 1434 3007 umbra
1454 2994 1471 3021 ,
1496 2952 1535 3006 ii
1561 2960 1690 3006 sunt
1715 2951 1812 3023 qui
1828 2950 2124 3007 audierunt
2149 2952 2564 3022 praedicationes
2585 2949 2727 3019 ejus,
2751 2955 2805 3001 et
2827 2941 3200 3000 crediderunt.
3224 2934 3379 2989 Nun-

85 3039 215 3094 tius
248 3047 433 3094 autem
467 3038 557 3096 ille
583 3042 911 3115 magniﬁcus
932 3051 987 3097 et
1013 3042 1193 3098 bonus
1217 3042 1330 3113 (47)
1357 3042 1587 3098 Michael
1615 3050 1741 3109 est,
1774 3043 1869 3112 qui
1920 3044 2108 3114 p0puli
2137 3043 2303 3113 hujus
2328 3043 2495 3098 habet
2523 3046 2851 3112 potestatem
2876 3042 2932 3090 et
2961 3032 3230 3104 gubernat
3252 3042 3372 3083 eos.

86 3133 205 3191 Hic
256 3134 405 3190 enim
452 3135 507 3191 in
537 3138 705 3193 corde
742 3152 934 3193 eorum
967 3137 1063 3209 qni
1092 3138 1463 3202 crediderunt,
1498 3138 1695 3193 inserit
1732 3137 1907 3209 legem
1935 3137 2070 3209 (48).
2102 3134 2306 3193 Visitat
2332 3137 2499 3207 igitur
2524 3150 2643 3202 eos,
2678 3129 2880 3203 quibus
2911 3124 3060 3180 dedit
3094 3122 3290 3192 legem,
3324 3120 3373 3174 si

86 3242 224 3282 eam
258 3228 661 3284 custodierunt.
694 3226 857 3285 Videt
881 3240 1065 3285 autem
1101 3230 1545 3301 uniuscujusque
1578 3230 1814 3302 virgam,
1846 3240 1900 3286 et
1926 3245 1992 3286 ex
2021 3232 2102 3287 eis
2131 3231 2335 3285 multas
2367 3229 2686 3285 labefactas.
2732 3222 2841 3277 Illae
2865 3219 3014 3273 enim
3044 3215 3232 3283 virgae,
3267 3209 3377 3264 Do-

89 3320 237 3378 mini
264 3320 351 3375 lex
375 3330 523 3376 sunt.
552 3320 852 3393 Cognoscit
875 3330 1060 3377 autem
1088 3322 1205 3391 (49)
1232 3322 1431 3377 deinde
1460 3336 1655 3378 omnes
1680 3336 1799 3388 eos,
1840 3322 1937 3392 qui
1968 3337 2079 3377 non
2108 3328 2469 3378 servaverunt
2499 3321 2707 3389 legem;
2740 3314 2921 3371 sciens
2951 3307 3137 3364 sedem
3172 3305 3370 3358 unius-

88 3413 373 3483 cujusque
401 3428 617 3469 eorum.
654 3412 786 3469 Dico
814 3413 906 3469 ei:
945 3390 1149 3480 Quare,
1178 3414 1423 3484 inquam,
1464 3411 1722 3480 Domine,
1758 3390 1900 3467 alios
1928 3411 2139 3467 dimisit
2166 3412 2222 3465 in
2255 3410 2475 3477 turrim,
2529 3408 2667 3463 alios
2700 3404 2797 3461 tibi
2842 3402 2933 3456 hic
2968 3395 3229 3466 reliquit?
3267 3390 3372 3450 Hi.

89 3504 303 3576 inquit,
331 3503 648 3575 quicunque
675 3504 1020 3575 supergressi
1048 3513 1178 3559 sunt
1206 3503 1379 3574 legem
1410 3517 1575 3573 quam
1612 3503 1682 3558 ab
1715 3516 1784 3558 eo
1818 3510 2170 3571 acceperunt,
2213 3500 2268 3555 in
2297 3515 2421 3555 mea
2460 3499 2636 3554 relicti
2668 3504 2797 3552 sunt
2834 3497 3136 3564 potestate;
3170 3493 3232 3540 ut
3276 3485 3376 3538 ad-

91 3603 403 3658 missorum
440 3601 555 3673 (50)
589 3617 820 3657 suorum
868 3605 1033 3669 agant
1062 3596 1479 3666 paenitentiam;
1512 3595 1607 3666 qui
1643 3604 1827 3651 autem
1866 3591 2254 3650 satisfecerunt
2282 3591 2385 3661 legi
2414 3599 2468 3646 et
2503 3594 2861 3645 servaverunt
2903 3597 3048 3648 eam,
3074 3579 3178 3636 sub
3222 3578 3372 3631 illius

90 3702 374 3766 potestate
399 3703 547 3749 sunt.
582 3692 687 3761 Qui
716 3702 846 3748 sunt
882 3704 1034 3760 ergo,
1062 3663 1314 3753 Domine,
1345 3663 1594 3756 inquam,
1627 3686 1682 3739 in
1712 3685 1906 3740 turrim
1937 3690 2131 3738 euntes
2165 3680 2455 3737 coronati?
2478 3678 2571 3732 Ait
2610 3674 2745 3732 mihi
2771 3692 2785 3729 :
2817 3672 3144 3740 Quicunque
3179 3663 3371 3720 luctati

92 3801 231 3841 cum
256 3784 478 3840 diabolo
507 3758 760 3840 vicerunt
782 3797 933 3847 eum,
953 3758 1045 3835 illi
1073 3788 1205 3836 sunt
1240 3779 1513 3835 coronati.
1545 3777 1626 3832 Illi
1658 3787 1843 3833 autem
1878 3782 2029 3841 sunt,
2056 3775 2153 3845 qui
2185 3782 2246 3829 ut
2291 3780 2574 3829 servarent
2597 3773 2795 3840 legem,
2841 3761 3085 3836 perpessi
3113 3769 3245 3817 sunt
3268 3758 3377 3811 ini-

86 3894 211 3952 qua
236 3879 376 3949 (51).
416 3877 498 3932 llli
530 3892 683 3945 vero,
712 3878 808 3948 qui
839 3876 1043 3930 virides
1084 3874 1270 3945 virgas
1305 3872 1713 3943 pampinosque
1755 3870 1877 3926 sine
1911 3868 2095 3923 fructu
2137 3866 2404 3922 habentes
2438 3862 2812 3925 tradiderunt,
2863 3863 3088 3926 propter
3121 3850 3373 3907 eamdem

89 3970 327 4043 quidem
357 3970 531 4043 legem
577 3972 923 4026 vexationem
963 3968 1366 4035 sustinuerunt,
1410 3981 1521 4023 non
1553 3966 1812 4023 obierunt
1840 3972 2023 4020 autem
2053 3973 2287 4018 mortem
2332 3960 2486 4031 (52);
2527 3957 2623 4014 sed
2656 3969 2754 4010 nec
2795 3953 3205 4022 abnegaverunt
3245 3960 3377 4001 san-
3406 4008 3427 4025 η

86 4073 246 4119 ctam
273 4062 389 4132 (55)
414 4062 610 4135 legem.
637 4062 703 4118 Hi
734 4077 887 4128 vero,
919 4063 1016 4134 qui
1052 4061 1276 4127 virides,
1302 4059 1447 4114 sicut
1475 4065 1822 4129 acceperant,
1852 4055 2226 4123 tradiderunt;
2254 4052 2488 4108 modesti
2511 4059 2640 4107 sunt
2661 4060 2825 4122 atque
2850 4049 3007 4121 justi,
3025 4056 3079 4102 et
3100 4047 3193 4116 qui
3217 4044 3374 4100 valde

88 4174 237 4230 pura
268 4170 451 4215 mente
486 4159 740 4215 vixerunt
765 4168 820 4214 et
845 4158 1225 4216 custodierunt
1252 4155 1509 4211 mandata
1553 4154 1669 4211 Dei.
1703 4152 1938 4224 Reliqua
1974 4162 2161 4208 autem
2200 4150 2365 4217 scies,
2394 4163 2523 4205 cum
2556 4148 2985 4204 consideravero
3028 4144 3153 4197 illas
3180 4141 3370 4212 virgas

88 4271 240 4328 quas
270 4253 513 4326 plantavi
552 4266 608 4312 et
636 4256 885 4328 irrigavi.

1561 4322 1793 4380 CAPUT
1839 4320 1931 4379 Ν.

164 4436 305 4496 Post
329 4454 536 4512 paucos
561 4455 696 4498 vero
725 4440 844 4497 dies
864 4439 1070 4497 reversi
1095 4453 1326 4503 sumus;
1358 4435 1663 4506 eodemque
1690 4433 1813 4490 loco
1839 4431 2088 4490 consedit
2110 4429 2341 4486 nuntius
2368 4428 2461 4484 ille
2484 4424 2844 4497 magniﬁcus;
2876 4438 2979 4494 ego
3011 4430 3193 4478 autem
3217 4418 3370 4475 astiti

1216 4572 1456 4629 VARI/E
1496 4569 1883 4627 LECTIONES
1918 4568 2009 4626 ET
2046 4566 2278 4625 NOTIE.

165 4700 288 4773 (51)
317 4699 407 4773 Sic
435 4700 621 4757 Fellus
643 4716 710 4755 ex
736 4698 929 4773 Lamb.
968 4697 1053 4751 Al.
1081 4694 1376 4773 ‘omittunt,
1411 4708 1531 4745 cum
1550 4707 1631 4772 e_o.
1993 4687 2189 4773 Lamb:
2219 4687 2378 4773 huimo
2397 4683 2828 4773 receptaszodl.
2858 4682 3078 4773 Ιιιιςζηςξε
3097 4692 3358 4748 perceptu.

314 4747 620 4827 ian-bi};
647 4747 1164 4843 eiuro—sti'X‘q—u—o—ruvm
1196 4747 1375 4843 uirgis
1402 4762 1680 4832 pampino--
1999 4757 2131 4843 Mss.
2160 4756 2321 4843 Angl.
2351 4747 2608 4837 prmejhis.
2638 4752 2731 4809 Sic
2759 4762 2814 4807 cl.
2840 4752 2974 4807 edit.
3003 4747 3182 4804 Oxon.

88 4825 515 4899 runtiurcncrdt
539 4825 771 4912 fructum
797 4825 815 4893 ξ
842 4825 1074 4912 omisso,
1102 4825 1341 4889 nuntiu's.
1402 4825 1412 4831 ’
1528 4825 1538 4832 ’
2002 4829 2132 4912 Mss.
2162 4825 2327 4912 _Ang.|_.
2355 4825 2585 4880 nomine.

161 4888 1161 4985 hbéh'.§i;'_£iﬁé'fagi..._
1243 4972 1306 4985 ω
1352 4982 1360 4985 _
1426 4971 1438 4985 _
1498 4972 1510 4985 Ι
1561 4971 1573 4985 Ι
1668 4978 1680 4985 _
2020 4897 2214 4953 Lamb.
2255 4888 2396 4951 Ἡωε
2438 4903 2619 4951 autem
2647 4892 2733 4948 lea:
2764 4892 2942 4947 Filius
2975 4888 3072 4945 Dei
3103 4899 3200 4958 est,
3231 4905 3368 4958 pm:-

166 4971 506 5056 Lamb.
537 4971 972 5054 quibus'jubeout
1003 4979 1105 5032 ire.
1134 4977 1206 5030 At
1243 4972 1388 5029 Vict.
1418 4971 1680 5026 habebant
1780 4973 2005 5056 dicta'lult't‘s.‘

86 5029 506 5129 provisis—1767:
538 5029 725 5129 im"
1007 5029 1037 5032 ῃ
1062 5029 1103 5032 η
1192 5029 1199 5030 7
1779 5110 1820 5129 π
1855 5039 2146 5129 ςέῆιᾷξδελ
2182 5037 2350 5129 Angl'.‘
2374 5052 2597 5129 magnus
2629 5045 2677 5088 et
2707 5029 3106 5129 ’ἠογζεξηέξηιιει
3147 5043 3369 5129 quicque

540 5124 838 5199 deest,_ire.
910 5191 921 5199 _
960 5191 971 5199 _
1170 5186 1190 5199 _
1496 5182 1550 5199 Ν
1662 5192 1674 5199 _
1779 5098 1915 5165 Felli
1940 5098 2073 5192 edit.
2103 5098 2674 5199 QEOD'TH‘UDCVIOE'UII‘I:
2707 5102 2897 5199 laudat
2920 5100 3185 5199 Origenes
3206 5098 3366 5199 Cont-

162 5168 1136 5270 i§§)_§5&i'."é§f.§ih’b:'fguiuiscere.
1169 5186 1249 5269 na
1285 5199 1476 5270 stripe;
1496 5182 1589 5238 Sic
1626 5192 1681 5270 et
1778 5182 2048 5270 manuni?
2114 5179 2307 5233 Matth.
2358 5185 2492 5230 toni.
2549 5173 2696 5240 xw,
2727 5174 2860 5229 edit.
2912 5186 3039 5226 nov.
3090 5180 3225 5226 tom.
3282 5168 3365 5233 ιι,

89 5250 405 5326 russi—Vict.
439 5277 493 5320 et
520 5265 708 5320 Carm.
741 5264 922 5318 Fellus
953 5270 1136 5316 autem
1169 5258 1223 5312 in
1261 5250 1395 5311 edit.
1433 5253 1611 5310 Oxon.
1637 5256 1681 5307 si
1778 5250 2064 5326 pag.__t_i4_4.

91 5316 231 5411 forte
259 5339 462 5411 possint
492 5316 880 5411 reuirescere.“
1004 5401 1015 5411 .
1213 5398 1224 5409 .
1779 5316 1796 5320 ’
1993 5317 2187 5411 Lamb.
2220 5316 2380 5400 legent
2407 5326 2581 5411 suqm.

523 5381 943 5480 subice
967 5401 1085 5455 ei...
1119 5398 1450 5455 revirescere.
1792 5461 1832 5480 μ
1847 5381 2365 5480 £49)‘La‘m_b_.‘ea::inif
2390 5384 2586 5480 tiu-tit}:
2612 5397 2849 5440 vexatas.
2880 5382 3002 5439 Illa:
3032 5383 3171 5438 enim
3200 5381 3361 5447 virga!

536 5454 841 5548 iaiiﬂé‘feinf
976 5454 983 5455 ί
1054 5454 1081 5455 νγ
1154 5454 1159 5455 ί
1788 5454 2362 5548 ιεαξνςέξ..ϐοθξξοδεεηδ
2387 5454 2596 5536 deinde.

538 5527 833 5619 chiridotis.
879 5614 911 5619 __
1044 5611 1077 5619 __
1135 5611 1164 5619 η
2010 5528 2207 5619 Lamb;
2230 5527 2655 5619 commissorum.

186 5552 284 5613 59)
316 5547 508 5603 Lamb.
541 5563 569 5600 e
614 5547 833 5599 undam.
1859 5547 1953 5601 (ου
2015 5547 2204 5583 Lamb.
2230 5547 2413 5580 comm:

186 5621 283 5683 40)
317 5618 505 5673 Lamb.
534 5547 746 5687 egrum.
783 5614 939 5671 Bodl.
964 5611 1218 5681 suffudit.
1859 5547 1977 5687 Ξ
2193 5597 2413 5687 inﬁgit}:

187 5666 283 5759 4Ῐ
784 5666 938 5671 7""
972 5666 991 5759 θ’
1030 5666 1057 5681 ”
1205 5666 1214 5667 ί
2007 5669 2208 5759 Lamb;
2228 5666 2610 5759 oderunt‘rero
2630 5666 2820 5759 Legem.

314 5735 943 5828 ᾗξξίλιῖᾆῖίᾶἇαιιααιω
972 5753 1075 5808 hae.
1868 5735 1984 5795 ῖ55ἰ
2018 5739 2153 5797 “es.
2177 5735 2516 5805 Anal.,Vict.
2547 5744 2603 5794 et
2630 5735 2815 5794 carm.
2846 5751 3023 5791 suam.
