3822 6218
428 281 537 336 975
1874 277 1931 333 S.

2219 278 2244 333 Ξ
3621 283 3728 338 976

423 399 494 452 ei.
550 396 703 449 Tunc
748 394 826 448 ait
876 393 1009 447 mihi
1057 412 1070 448 :
1161 393 1431 462 Succinge
1493 390 1632 459 (54)
1696 398 1746 444 te
1816 390 2055 457 sabano,
2100 400 2155 447 et
2214 389 2465 446 ministra
2503 390 2660 446 mihi.
2719 390 2983 452 Succinxi
3037 408 3126 449 me
3196 396 3405 454 sabano
3446 401 3725 467 mundo,

424 492 571 560 quod
617 496 734 543 erat
778 485 982 541 factum
1030 500 1097 540 ex
1136 499 1318 539 sacco.
1372 482 1441 536 Ut
1482 494 1664 536 autem
1724 482 1860 535 vidit
1916 498 2002 537 me
2058 485 2322 551 cinctum,
2354 492 2408 537 et
2461 495 2712 552 paratum
2773 485 2847 539 illi
2894 488 3010 558 (55)
3036 491 3368 560 ministrare,
3405 498 3487 551 ait
3515 515 3533 552 :
3569 497 3724 554 Voca

423 587 572 641 viros
622 586 768 651 illos,
812 596 1050 655 quorum
1112 578 1280 647 virga:
1324 576 1579 645 plantatze
1628 583 1778 638 sunt,
1836 588 1938 628 suo
1995 589 2274 645 quemque
2333 575 2546 643 ordine,
2599 577 2743 631 sicut
2797 594 3159 648 porrexerunt
3212 587 3352 644 illas.
3421 589 3497 644 Et
3556 592 3726 647 duxit

424 697 513 736 mc
570 682 624 735 in
686 693 972 747 campum;
1026 684 1078 729 et
1138 670 1328 725 vocavi
1383 667 1497 737 (56)
1547 682 1773 732 omnes;
1829 669 1923 737 qui
1979 670 2145 723 etiam
2202 670 2440 726 universi
2490 672 2865 728 constiterunt
2904 681 3192 739 ordinibus
3237 686 3351 755 (57)
3412 689 3561 744 suis.
3630 674 3724 745 Ait

423 767 620 822 deinde
652 765 717 819 ad
745 764 867 818 illos
895 782 907 816 :
936 762 1183 830 Quisque
1209 760 1416 831 virgam
1445 775 1603 814 suam
1628 759 1904 825 extrahat,
1932 769 1987 814 et
2019 761 2086 815 ad
2113 776 2200 816 me
2234 761 2447 816 afferat.
2488 761 2553 816 Et
2577 764 2753 832 primo
2781 766 3141 839 tradiderunt,
3180 778 3273 845 qui
3302 777 3497 834 aridas
3522 789 3581 834 et
3612 797 3723 849 pu-

424 865 594 919 tridas
621 862 951 917 habuerunt.
986 858 1055 913 Et
1078 874 1316 929 quorum
1343 857 1456 928 (58)
1488 857 1721 927 putrida:
1745 866 1799 911 ct
1826 857 1996 912 aridae
2038 868 2266 926 reperta:
2300 869 2431 913 sunt
2452 859 2637 929 virgm,
2661 859 2829 929 jussit
2859 877 2954 917 eos
2997 874 3143 921 stare
3171 883 3443 922 seorsum.
3499 868 3723 925 Deinde

421 966 784 1027 porrexerunt
813 956 907 1026 qui
938 954 1124 1009 aridas
1158 950 1403 1021 quidem,
1436 948 1531 1003 sed
1565 964 1670 1001 non
1701 948 1951 1018 pulridas
1997 949 2327 1004 habuerunt.
2364 951 2547 1021 Aliqui
2577 968 2771 1007 eorum
2819 956 3160 1013 tradiderunt
3187 962 3369 1032 virgas
3415 962 3542 1032 (59)
3580 964 3722 1017 viri-

422 1055 559 1111 des:
590 1055 813 1125 quidam
864 1067 994 1107 vero
1038 1049 1223 1105 aridas
1253 1056 1307 1101 ct
1354 1045 1626 1117 putridas.
1660 1046 1807 1100 velut
1837 1063 1867 1100 a
1915 1047 2060 1101 tinea
2095 1056 2293 1102 tactas.
2327 1045 2436 1103 Eos
2463 1048 2557 1116 qui
2588 1049 2791 1105 virides
2840 1053 3205 1120 tradiderunt,
3250 1057 3415 1125 jussit
3447 1073 3721 1114 seorsum

421 1156 566 1201 stare
598 1162 612 1197 :
642 1145 764 1200 illos
794 1158 926 1199 vero
958 1143 1051 1212 qui
1083 1140 1267 1196 aridas
1294 1148 1349 1194 et
1379 1137 1627 1209 putridas
1656 1138 2021 1203 tradiderunt,
2049 1139 2388 1209 cumprimis
2420 1149 2567 1193 stare
2598 1137 2712 1209 (60)
2741 1141 2930 1210 jussit.
2976 1141 3353 1201 Porrexerunt
3393 1148 3602 1203 deinde
3638 1149 3719 1203 illi

420 1245 513 1314 qui
543 1243 867 1299 semiaridas
898 1241 1229 1303 habuerant,
1263 1248 1316 1293 et
1346 1239 1620 1293 scissuras
1664 1236 1929 1291 habentes
1962 1255 1973 1290 :
2014 1236 2172 1291 multi
2220 1252 2286 1290 ex
2338 1236 2447 1291 illis
2494 1236 2697 1291 virides
2744 1248 3131 1307 porrexerunt,
3162 1254 3262 1294 nec
3291 1240 3578 1296 scissuras
3616 1244 3720 1297 ha-

419 1337 645 1401 bentes;
678 1336 901 1406 quidam
933 1351 1065 1391 vero
1092 1336 1320 1401 virides,
1351 1334 1636 1405 pampinos
1669 1334 1955 1397 habentes,
1986 1346 2041 1389 et
2070 1335 2124 1388 in
2158 1333 2434 1404 pampinis
2462 1332 2731 1398 fructum,
2766 1334 2910 1388 sicut
2940 1335 3016 1389 illi
3045 1336 3139 1406 qui
3171 1337 3224 1390 in
3256 1339 3448 1392 turrim
3488 1339 3722 1395 iverunt

418 1434 685 1490 coronati.
730 1434 835 1487 Alii
884 1444 1248 1504 porrexerunt
1297 1432 1505 1495 aridas,
1555 1440 1613 1486 et
1645 1447 1754 1486 non
1793 1433 2061 1499 putridas.
2098 1430 2333 1498 Quidam
2361 1447 2494 1487 vero
2523 1432 2668 1487 sicut
2700 1432 2939 1501 fuerant,
2986 1429 3311 1485 semiaridas
3342 1439 3397 1483 et
3427 1431 3721 1488 scissuras

419 1530 702 1587 habentes.
744 1527 920 1585 Jussit
954 1544 1405 1600 unumquemque
1432 1543 1624 1583 eorum
1653 1543 1901 1584 seorsum
1935 1537 2111 1595 stare;
2148 1529 2284 1583 alios
2313 1543 2415 1583 suo
2448 1542 2725 1599 quemque
2758 1530 2951 1585 ordine
2975 1523 3110 1597 (61),
3140 1526 3276 1580 alios
3312 1540 3595 1581 seorsum.

1883 1623 2112 1679 CAPUT
2171 1623 2237 1679 Υ.

487 1720 693 1777 Deinde
718 1727 1081 1789 porrexerunt
1112 1720 1206 1790 qui
1254 1720 1560 1775 habuerant
1589 1720 1702 1791 (62)
1731 1720 1933 1775 virides
1965 1722 2186 1792 quidem
2233 1721 2438 1793 virgas,
2471 1722 2567 1777 sed
2615 1722 2892 1777 scissuras
2922 1721 3208 1779 habentes.
3240 1720 3305 1775 lli
3340 1735 3544 1776 omnes
3573 1720 3717 1775 viri-

415 1818 512 1873 des
539 1817 902 1880 tradiderunt,
934 1831 1145 1886 suoque
1173 1815 1368 1871 ordine
1398 1824 1689 1871 steterunt.
1736 1815 2011 1870 Gaudium
2048 1827 2229 1872 autem
2274 1832 2339 1872 ex
2374 1818 2461 1873 his
2494 1818 2734 1888 percepit
2762 1819 2851 1873 hic
2884 1818 3080 1871 Pastor
3108 1856 3125 1882 ,
3147 1815 3294 1885 quod
3325 1828 3527 1868 omnes
3558 1812 3709 1882 poli-

416 1924 485 1969 ta:
514 1913 628 1984 (65)
666 1922 872 1979 essent,
907 1923 961 1968 et
982 1912 1370 1982 deposuissent
1401 1913 1676 1968 scissuras
1725 1929 1876 1969 suas.
1908 1912 2115 1969 Deinde
2150 1924 2539 1985 porrexerunt,
2587 1918 2682 1986 qui
2714 1915 3000 1971 dimidiam
3031 1913 3285 1977 viridem,
3314 1920 3369 1965 et
3406 1909 3710 1965 dimidiam

414 2012 625 2067 aridam
658 2012 965 2065 habuerant
992 2029 1005 2064 :
1036 2011 1401 2080 quorumdam
1433 2026 1564 2066 vero
1594 2012 1827 2067 inventa;
1857 2023 1985 2067 sunt
2011 2020 2141 2067 tota:
2169 2011 2404 2077 virides;
2451 2014 2685 2068 aliorum
2720 2010 3059 2068 semiaridaz:
3128 2003 3362 2058 aliorum
3405 2001 3617 2055 νίΐίάθδ
3651 2009 3710 2054 ει

414 2105 702 2174 pampinos
726 2104 988 2159 habentes
1011 2103 1146 2175 (64).
1170 2102 1233 2157 lli
1253 2118 1445 2159 omnes
1460 2102 1674 2159 dimissi
1703 2112 1832 2158 sunt
1863 2105 2248 2174 unusquisque
2272 2106 2325 2159 in
2345 2121 2505 2159 suum
2531 2106 2776 2160 ordinem
2796 2104 2932 2173 (65).
2963 2098 3332 2155 Tradiderunt
3360 2093 3475 2165 (66)
3502 2094 3709 2149 deinde

414 2199 506 2266 qui
528 2198 836 2253 habuerant
870 2199 1008 2253 duas
1032 2207 1218 2268 partes
1242 2198 1518 2268 virgarum
1547 2214 1777 2255 suarum
1805 2200 2027 2265 virides,
2057 2200 2387 2271 tertiamque
2408 2201 2619 2255 aridam
2648 2200 2839 2256 :multi
2866 2214 2934 2253 ex
2969 2200 3049 2255 eis
3076 2196 3279 2250 virides
3308 2200 3705 2263 porrexerunt:

416 2294 573 2349 multi
605 2294 970 2362 semiaridas;
1003 2295 1187 2350 caeteri
1220 2310 1352 2349 vero
1388 2296 1571 2351 aridas
1607 2304 1660 2350 et
1686 2312 1794 2350 non
1819 2298 2092 2367 putridas.
2132 2297 2199 2353 lli
2232 2313 2425 2353 omnes
2447 2297 2662 2353 dimissi
2709 2304 2839 2353 sunt
2888 2298 2942 2351 in
2968 2310 3127 2351 suum
3159 2293 3395 2363 quisque
3418 2290 3704 2345 ordinem.

415 2391 621 2447 Deinde
648 2390 1025 2461 porrigebant,
1062 2388 1157 2458 qui
1189 2388 1496 2442 habuerant
1526 2390 1579 2443 in
1610 2390 1779 2459 virgis
1808 2392 1924 2445 suis
1956 2392 2094 2447 duas
2150 2399 2333 2461 partes
2363 2391 2569 2456 aridas,
2603 2389 2937 2457 tertiamque
2962 2388 3194 2442 viridem
3231 2403 3246 2440 :
3274 2384 3435 2437 multi
3470 2399 3704 2452 quoque

412 2504 479 2543 ex
512 2487 594 2542 eis
622 2494 988 2557 porrexerunt
1014 2484 1371 2551 semiaridas;
1405 2484 1629 2554 quidam
1660 2501 1789 2541 vero
1820 2486 2001 2541 aridas
2031 2496 2087 2541 et
2110 2486 2385 2556 putridas;
2421 2486 2511 2539 alii
2546 2494 2727 2540 autem
2759 2484 3084 2540 semiaridas
3106 2492 3161 2538 et
3189 2484 3463 2539 scissuras
3491 2484 3704 2538 haben-

421 2594 541 2639 tes:
576 2582 739 2652 pauci
770 2596 901 2635 vero
934 2580 1157 2634 virides.
1200 2576 1264 2632 lii
1298 2578 1463 2648 igitur
1489 2594 1681 2633 omnes
1726 2580 2095 2635 constiterunt
2135 2582 2189 2635 in
2235 2597 2337 2637 suo
2391 2582 2626 2652 quisque
2661 2581 2854 2635 ordine
2903 2580 3041 2650 (67).
3074 2579 3277 2634 Deinde
3304 2590 3701 2649 porrexerunt.

410 2678 503 2746 qui
530 2675 751 2731 tertium
779 2673 895 2743 (68)
930 2672 1236 2727 habuerant
1285 2669 1482 2735 viride,
1538 2672 1811 2741 reliquum
1852 2688 1983 2727 vero
2011 2673 2224 2727 aridum
2261 2692 2272 2728 :
2307 2675 2503 2728 horum
2542 2674 2706 2745 virgae
2748 2674 2945 2740 maiori
2998 2691 3061 2731 ex
3107 2687 3261 2745 parte
3293 2674 3538 2730 inveniar
3572 2684 3704 2731 sunt

414 2766 642 2832 virides,
676 2762 1024 2819 ramusculos
1055 2760 1343 2825 habentes,
1378 2772 1429 2814 et
1459 2761 1511 2814 in
1545 2762 1626 2815 cis
1658 2763 1991 2817 ramusculis
2024 2761 2301 2827 fructum;
2334 2775 2386 2819 et
2430 2765 2653 2834 reliqua:
2683 2766 2885 2820 virides
2927 2775 3075 2821 tota.
3111 2765 3187 2821 Ex
3226 2768 3315 2823 his
3346 2767 3521 2838 virgis
3565 2783 3703 2839 gau-

410 2862 558 2914 dium
586 2858 936 2912 vehementer
968 2852 1208 2924 percepit
1232 2862 1419 2923 pastor
1452 2854 1562 2921 ille,
1594 2856 1721 2924 quia
1752 2858 1833 2911 sic
1863 2857 2146 2913 invenerat
2176 2874 2290 2913 eas.
2319 2858 2587 2913 Abierunt
2612 2868 2664 2913 et
2699 2858 2776 2912 illi
2802 2860 2857 2913 in
2887 2859 3109 2914 ordines
3158 2875 3310 2915 suos.

1878 2964 2108 3020 CAPUT
2160 2965 2243 3020 Vl.

478 3062 776 3131 Postquam
808 3067 993 3114 autem
1026 3059 1271 3113 omnium
1301 3058 1414 3130 (69)
1448 3060 1629 3130 virgas
1657 3060 2084 3124 considerasset,
2129 3062 2206 3115 ait
2233 3061 2366 3116 mihi
2396 3081 2408 3115 :
2440 3061 2695 3117 Dixeram
2726 3062 2844 3125 tibi,
2879 3064 3134 3121 arborem
3180 3067 3325 3123 hanc
3348 3068 3585 3138 diligere
3609 3074 3697 3123 vi-

407 3168 542 3214 tam.
574 3157 757 3221 Vides,
790 3157 935 3225 quod
966 3156 1080 3226 (70)
1109 3155 1266 3208 multi
1294 3165 1524 3225 egerunt
1552 3155 1930 3225 pmnitcntiam
1950 3197 1966 3222 ,
2000 3167 2055 3210 et
2083 3157 2321 3211 assecuti
2356 3165 2483 3211 sunt
2514 3156 2774 3211 salutem.
2816 3154 3009 3224 Video,
3041 3158 3263 3227 inquam
3284 3199 3300 3225 ,
3336 3158 3590 3215 domine.
3626 3160 3699 3215 [3t

408 3250 573 3314 scias,
604 3248 801 3317 inquit,
827 3248 1125 3301 bonitatem
1158 3257 1212 3303 et
1234 3250 1580 3303 clementiam
1613 3249 1831 3303 Domini
1864 3266 2141 3321 magnam,
2180 3260 2235 3306 et
2280 3251 2662 3306 honoraudam
2694 3252 2809 3322 (71)
2837 3268 2981 3317 esse,
3024 3255 3121 3324 qui
3151 3255 3303 3310 dedit
3331 3257 3598 3326 spiritum
3626 3257 3699 3313 iis

407 3340 501 3410 qui
539 3339 686 3410 digni
714 3348 871 3393 erant
893 3354 1054 3408 agere
1083 3338 1196 3409 (72)
1229 3340 1632 3409 pmnitentiam.
1664 3338 1730 3393 Et
1757 3341 1871 3395 dixi
1898 3358 1913 3396 :
1947 3340 2129 3407 Quare
2165 3357 2319 3412 ergo,
2350 3341 2600 3409 Domine,
2635 3358 2747 3397 non
2780 3358 2972 3401 omnes
3009 3357 3239 3417 egerunt
3266 3350 3703 3417 paenitentiam?

407 3437 501 3490 Ait
532 3436 664 3490 mihi
696 3454 709 3490 :
750 3435 999 3501 Quorum
1027 3436 1239 3491 viderat
1270 3435 1660 3508 (75)Dominus
1699 3454 1869 3508 puras
1895 3448 2106 3495 mentes
2151 3437 2388 3505 futuras,
2421 3449 2478 3497 et
2511 3442 2813 3497 servituros
2842 3441 2890 3496 ci
2936 3458 3003 3496 ex
3031 3443 3158 3497 totis
3186 3442 3545 3513 praacordiis;
3589 3444 3700 3497 illis

406 3532 600 3586 tribuit
645 3532 1046 3600 pmnitentiam.
1086 3532 1154 3586 At
1196 3547 1435 3601 quorum
1483 3534 1696 3603 aspexit
1740 3535 1926 3589 dolum
1960 3545 2014 3590 et
2045 3536 2344 3606 nequitias,
2388 3547 2442 3591 et
2484 3537 2873 3592 animadvertit
2919 3536 2987 3592 ad
3032 3552 3091 3591 se
3118 3536 3389 3590 fallaciter
3438 3550 3703 3591 reversu-

407 3643 500 3683 ros
528 3626 666 3697 (74),
692 3627 907 3697 negavit
935 3626 1001 3681 iis
1033 3628 1100 3681 ad
1123 3628 1504 3697 paenitentiam
1540 3645 1873 3701 regressum,
1903 3646 1970 3685 ne
2012 3647 2207 3686 rursus
2249 3632 2425 3701 legem
2452 3632 2579 3701 ejus
2611 3630 2863 3687 nefandis
2893 3631 3287 3685 maledicercnt
3311 3630 3521 3685 verbis.
3565 3632 3701 3687 Dico

406 3724 455 3775 ci
488 3742 499 3775 :
535 3720 693 3776 Nunc
717 3722 880 3787 mihi,
916 3721 1158 3789 domine,
1190 3723 1535 3790 demonstra,
1560 3725 1741 3794 qualis
1774 3726 1845 3780 sit
1876 3725 1990 3795 (75)
2018 3726 2173 3782 locus
2198 3728 2473 3797 cujusque
2495 3742 2687 3782 eorum
2714 3727 2809 3797 qui
2832 3728 3016 3797 virgas
3046 3724 3423 3791 reddiderunt,
3450 3736 3507 3779 et
3534 3727 3702 3779 sedes

404 3834 595 3873 eorum
628 3817 741 3888 (76)
771 3836 782 3871 :
816 3826 878 3872 ut
908 3818 1112 3873 auditis
1147 3818 1233 3874 his
1263 3829 1317 3875 et
1345 3820 1593 3885 creditis,
1621 3821 1657 3875 ii
1682 3821 1776 3891 qui
1822 3836 1931 3875 non
1956 3822 2340 3878 custodierunt
2380 3823 2676 3893 integrum,
2702 3823 2798 3879 sed
2834 3822 3239 3892 dissipaverunt
3264 3819 3511 3890 sigillum
3543 3823 3699 3891 quod

401 3921 753 3981 acceperunt,
800 3911 999 3983 agnitis
1025 3912 1141 3965 suis
1184 3910 1366 3977 factis,
1398 3913 1778 3983 pcenitentiam
1822 3921 2021 3980 agant;
2063 3922 2119 3969 et
2142 3923 2369 3984 accepto
2398 3930 2428 3968 a
2458 3924 2512 3969 te
2541 3915 2743 3985 sigillo,
2772 3914 3008 3969 Domino
3053 3914 3184 3968 dent
3207 3912 3480 3967 honorem
3524 3912 3647 3981 (77)
3677 3954 3696 3981 ,

404 4007 549 4077 quod
574 4007 648 4061 sit
669 4022 833 4077 super
861 4005 974 4075 (78)
1004 4020 1103 4060 eos
1134 4015 1317 4061 motus
1344 4006 1638 4062 clementia
1666 4022 1788 4072 sua,
1821 4016 1874 4061 et
1898 4006 2117 4062 miserit
2145 4016 2218 4074 te,
2242 4018 2303 4062 ut
2326 4007 2557 4078 spiritus
2578 4022 2771 4062 eorum
2804 4020 3056 4062 renoves.
3084 4002 3250 4070 Audi,
3280 4002 3464 4071 inquit
3491 4021 3507 4057 :
3536 4003 3699 4067 Quo-

403 4120 525 4160 rum
553 4104 716 4175 virgae
745 4102 913 4158 arida:
941 4112 995 4156 et
1024 4099 1257 4171 putrida:
1287 4111 1519 4169 repertae
1548 4109 1698 4164 sunt,
1729 4108 1784 4153 et
1808 4101 1958 4154 velut
1982 4115 2014 4155 a
2037 4100 2182 4155 tinea
2207 4108 2396 4163 tactae;
2428 4101 2482 4153 hi
2516 4108 2646 4156 sunt
2669 4096 2990 4170 transfugae,
3014 4106 3067 4153 et
3100 4095 3216 4168 (79)
3243 4094 3511 4151 Ecclesia
3554 4109 3694 4163 pro-

1498 4221 1737 4279 VARIA‘I
1778 4221 2163 4278 LECTIONES
2200 4221 2291 4276 ET
2328 4220 2572 4277 NOTAE.

475 4322 589 4392 (54)
622 4320 753 4375 Mss.
791 4318 1208 4392 Angl.iucinge.
1253 4316 1485 4392 Etmox
1519 4316 1986 4392 incinxi.__Usita-
2087 4314 2646 4392 ίυηε-Τεαάίςζεταῃξτ
2680 4385 2732 4392 Π
3052 4382 3085 4392 η
3125 4382 3136 4392 _
3285 4380 3299 4392 .
3376 4379 3391 4392 ι
3420 4380 3433 4391 _
3509 4380 3532 4392 I
3577 4382 3589 4392 .

405 4379 515 4467 tam
552 4379 745 4467 autem
799 4379 1003 4467 Grageis
1034 4379 1243 4467 (vocem
1278 4387 1532 4467 σάίξανον,
1582 4403 1723 4467 quae
1753 4388 1985 4467 linteum
2159 4387 2273 4467 (67)
2306 4385 2840 4467 Conjicit_Wal‘t‘iu.s.,
2873 4380 3338 4467 librariiincuria
3367 4379 3473 4463 .hic
3507 4380 3684 4437 fuisse

405 4461 521 4515 sive
552 4461 846 4515 linteamen
880 4459 1123 4516 denotat.
1167 4468 1323 4513 vetus
1367 4451 1634 4527 interpres
1673 4458 1764 4513 hic
1800 4456 1857 4511 in
1886 4467 1992 4511 sua
2084 4451 2293 4511 omissa
2322 4451 2605 4525 sequentia
2635 4475 2647 4509 :
2680 4456 2915 4520 Quidam
2958 4455 3298 4527 porrigebant
3331 4451 3516 4521 virgas
3560 4469 3688 4505 sua:

405 4532 656 4586 versione
684 4528 925 4584 retinuit.
1510 4524 1527 4527 ’
2083 4527 2366 4597 paululum
2392 4524 2614 4591 aridas;
2641 4529 2877 4597 (aridum
2900 4527 3039 4597 enim
3065 4533 3179 4597 erat
3204 4524 3375 4597 ipsum
3407 4536 3689 4597 cacttmen)

496 4599 586 4667 55)
622 4597 813 4651 Lamb.
848 4597 967 4651 sibi.
2084 4594 2348 4651 scissuras
2378 4614 2497 4652 vero
2537 4594 2819 4651 habebant.
2856 4597 2933 4650 De
2966 4596 3052 4650 his
3090 4596 3236 4649 enim
3279 4594 3339 4647 ﬁt
3369 4594 3591 4647 mentio
3632 4595 3688 4648 in

444 4662 585 4737 ’(56)
616 4667 805 4738 Lamb.
843 4666 909 4720 Et
936 4669 1119 4721 eduxit
1151 4667 1205 4719 in
1245 4682 1455 4735 campo,
1482 4676 1532 4718 et
1558 4669 1781 4722 vocavit.
2084 4669 2252 4738 hujus
2285 4668 2500 4738 similit.
2531 4683 2652 4737 cap.
2689 4668 2716 4721 i
2747 4678 2801 4722 et
2832 4667 2921 4721 10.

471 4735 586 4808 (57)
614 4737 940 4811 Mss._Angl.
975 4738 1299 4810 agminibus.
2090 4735 2269 4811 __(68)
2291 4738 2391 4811 __Ex
2426 4737 2576 4794 Fello
2599 4735 2743 4794 mss.
2776 4740 2937 4807 Augl.
2970 4737 3251 4791 minimum
3298 4747 3400 4804 pro
3438 4735 3683 4789 tertium.

471 4811 585 4877 (58)
614 4808 806 4862 Lamb.
836 4807 974 4878 quin.
1014 4807 1024 4810 ⁷
2085 4807 2177 4865 Sic
2206 4817 2260 4862 et
2291 4808 2498 4864 Victor.

468 4880 582 4950 (59)
603 4880 793 4950 Lamb.
822 4882 970 4934 addit
994 4896 1140 4934 suas.
1170 4879 1235 4933 Et
1257 4894 1383 4934 mox
1401 4879 1604 4933 omittit
1630 4881 1816 4934 aridas
1844 4887 1913 4932 et.
2156 4880 2270 4950 (69)
2304 4879 2500 4950 Lamb.
2534 4895 2735 4935 omnes.

470 4882 583 5017 (59)
603 4882 793 4933 Lamb.
822 4882 970 4934 addit
994 4896 1140 4934 suas.
1170 4882 1235 4933 Et
1257 4894 1383 4934 mox
1401 4882 1604 4933 omittit
1630 4882 1816 4934 aridas
1844 4887 1913 4932 et.
2156 4882 2270 4950 (69)
2304 4882 2500 4934 Lamb.
2534 4895 2735 4935 omnes.

470 4951 561 5016 (60
630 4948 824 5004 Lamb.
875 4953 1148 5020 primariis
1201 4952 1431 5006 trudere.
1490 4950 1645 5004 Bodl.
1701 4954 1977 5021 primariis
2154 4949 2269 5021 (70)
2300 4948 2433 5021 Mss.
2465 4950 2625 5021 Augl.
2654 4967 2837 5020 quam.

397 5032 559 5075 stare.
612 5090 655 5091 η
1704 5020 1707 5021 ⁷
2155 5020 2267 5091 (71)
2302 5020 2403 5091 Ms.
2437 5020 2596 5091 Angl.
2626 5022 2921 5077 honestam.

467 5092 579 5161 (6|)
610 5090 710 5145 Ms.
739 5091 896 5163 Augl.
928 5108 1031 5163 suo
1051 5093 1516 5163 quoqueagmine.
1555 5091 1630 5146 Ita
1663 5108 1824 5163 saepe.
1869 5092 1973 5148 Ha-
2154 5089 2267 5163 (72)
2305 5089 2495 5163 Lamb.
2522 5089 2748 5160 diligunt
2778 5109 2955 5163 agere.

396 5163 719 5233 bcntetiam
750 5160 957 5233 agmine
993 5160 1130 5216 Vict.
1163 5160 1216 5216 et
1242 5160 1428 5216 Carm.
1745 5160 1754 5163 V
2145 5160 2272 5233 {(75)
2302 5160 2405 5233 Ms.
2434 5162 2594 5231 Angl.
2634 5164 2787 5217 vidit.

468 5232 582 5303 (62)
608 5231 799 5287 Lamb.
834 5233 1149 5286 habuerunt.
1189 5232 1281 5287 Sic
1309 5246 1363 5287 et
1394 5233 1558 5303 paulo
1590 5242 1735 5303 post,
1766 5244 1820 5290 et
1851 5250 1980 5304 pas—
2146 5231 2267 5304 (74)
2302 5231 2493 5304 Lamb.
2534 5248 2787 5290 reversos.

399 5300 518 5358 sim.
565 5300 572 5303 ⁷
620 5373 631 5375 Α
731 5373 738 5375 _
1272 5374 1277 5375 ν
1395 5300 1407 5303 ⁷
1590 5300 1606 5303 ’
1853 5300 1867 5304 ’
2153 5300 2267 5375 (75)
2297 5300 2389 5375 Sic
2418 5319 2553 5357 mss.
2588 5304 2747 5375 Angl.
2777 5313 2831 5359 et
2858 5303 3000 5360 Vict.
3035 5302 3128 5358 Sic
3149 5314 3205 5359 et
3232 5303 3369 5359 edit.
3398 5304 3592 5360 Oxon.
3612 5304 3680 5355 At

466 5322 518 5358 n.
693 5374 702 5384 .
954 5376 963 5385 _
1192 5376 1203 5385 .
2152 5310 2389 5425 (75"Sic
2418 5319 2553 5385 mss:
2588 5310 2747 5385 Angl.
2777 5313 2831 5359 et

466 5375 578 5445 (65)
604 5373 835 5441 Quidam
856 5390 928 5445 ex
953 5389 1237 5444 Impl‘eSSlS
1270 5374 1470 5429 habent
1503 5377 1751 5430 imitatw.
1780 5375 1865 5429 Al.
1898 5376 1977 5429 in-
2078 5375 2238 5445 edit._
2288 5389 2596 5445 arisquzs,
2627 5377 2754 5444 quid
2785 5377 2855 5430 is.

401 5442 592 5499 maias.
619 5449 689 5498 At
718 5461 820 5499 ms.
851 5442 1045 5499 Lamb.
1083 5446 1293 5498 mutati.
1324 5445 1417 5500 Sic
1448 5459 1502 5500 et
1532 5445 1736 5504 Victor.
2152 5442 2266 5514 (76)
2299 5442 2490 5514 Lamb.
2530 5442 2776 5501 sederunt
2809 5446 3051 5505 seorsim.

464 5518 578 5583 (o4)
611 5515 743 5571 Mss.
776 5518 932 5586 Angl.
971 5517 1203 5569 aliorum
1234 5519 1508 5585 pampinos
1533 5518 1816 5571 habebant.
2152 5513 2267 5583 (77)
2307 5513 2500 5570 Lamb.
2548 5528 2759 5584 accepto
2792 5520 2867 5570 ait
2906 5516 3110 5587 sigillo,
3144 5518 3392 5581 Domine,
3426 5518 3552 5571 dent
3580 5516 3673 5567 lio-

399 5587 577 5711 D(j6§j
625 5587 711 5643 Al.
770 5589 1127 5658 unusquisque
1176 5588 1229 5638 in
1288 5603 1383 5639 suo
1445 5589 1631 5641 ordine
1686 5600 1908 5643 sicterum

444 5674 525 5709 em
568 5674 612 5711 e.

1489 5589 1631 5641 rdine
1686 5598 1968 5644 steterunt.
2078 5602 2281 5643 norem.

2152 5656 2266 5725 (78)
2295 5654 2395 5711 Ms.
2431 5657 2589 5725 Angl.
2629 5660 2685 5711 in
2716 5673 2815 5725 pro
2841 5676 2998 5725 super

465 5675 612 5711 ειηαε,
2152 5675 2266 5725 (ιδ)
2295 5675 2395 5711 ms.
2431 5675 2589 5728 augt.
2629 5675 2685 5711 tn
2716 5675 2815 5728 pro
2841 5676 3016 5727 super.

465 5728 577 5797 (66)
611 5727 689 5782 lta
737 5726 870 5784 Felli
900 5730 1069 5785 editio
1113 5728 1292 5788 Oxon.
1346 5745 1411 5785 ex
1456 5728 1646 5784 Lamb.
1680 5729 1763 5783 Al.
1801 5729 1966 5785 omit-
2151 5727 2264 5799 (79)
2297 5728 2383 5781 Al.
2418 5739 2679 5784 omittunt
2721 5740 2794 5797 et,
2828 5735 2995 5801 ,quod
3023 5733 3247 5788 exhibet
3298 5730 3433 5787 edit.
3481 5728 3666 5785 Oxon.
