3822 6218
148 332 271 388 977
1250 344 1543 401 PASTOR.
1584 380 1654 393 ο-
1693 348 1820 403 LIB.
1862 351 1949 404 III.
1987 351 2184 406 SIMIL.
2228 353 2360 408 VIII.
3334 363 3439 419 978

146 451 377 507 ditores
410 496 424 519 ,
456 454 548 523 qui
584 456 726 511 inter
757 457 972 528 reliqua
1003 473 1105 514 sua
1148 458 1370 529 delicta,
1399 460 1651 517 nefandis
1680 464 1863 519 verbis
1903 464 2193 521 Dominum
2222 467 2475 523 iusectati
2503 468 2639 538 (80),
2676 484 2877 525 nomen
2921 468 3041 541 ejus
3065 486 3433 541 negaverunt,

145 545 317 614 quod
350 561 516 617 super
541 557 637 605 e05
664 561 785 607 erat
832 554 1179 611 invocatum.
1219 556 1283 612 Hi
1318 558 1487 630 igitur
1520 575 1714 616 omnes
1743 564 1949 617 mortui
2002 575 2131 619 sunt
2174 564 2318 632 Deo;
2353 578 2516 635 atque
2541 566 2706 621 etiam
2753 568 3030 623 neminem
3063 584 3253 624 eorum
3285 552 3436 626 vides

141 644 346 709 egisse
372 645 774 714 pmnitentiam,
807 651 1025 708 tametsi
1056 653 1331 708 audierint
1363 655 1624 711 mandata
1660 672 1802 725 mea,
1836 675 1958 728 quae
1987 667 2044 714 tu
2090 661 2172 714 eis
2218 662 2498 732 protulisti
2540 681 2553 716 :
2587 663 2654 717 ab
2700 664 3017 734 hujusmodi
3043 681 3173 731 ergo
3202 666 3435 721 homini-

145 738 270 793 bus
302 738 458 796 abest
482 742 590 797 vita
625 744 762 816 (81).
801 745 867 801 Hi
899 764 1123 819 quoque
1158 751 1253 820 qui
1283 752 1467 808 aridas
1499 763 1556 808 et
1599 769 1708 808 non
1742 757 1988 825 putritlas
2022 759 2385 824 tradiderunt,
2419 775 2529 814 non
2568 761 2763 830 procul
2793 763 2861 817 ab
2890 764 3002 833 (82)
3037 763 3141 818 illis
3170 762 3391 820 fuerunt
3415 805 3433 830 ,

146 835 275 891 ﬁcti
307 838 454 893 enim
484 850 662 905 erant,
696 851 751 897 et
776 844 1057 901 doctrinas
1084 862 1282 916 pravas
1305 848 1632 915 intulerunt,
1668 859 1721 904 et
1748 860 2131 920 pervertet-unt
2156 869 2347 910 servos
2385 853 2509 921 Dei;
2542 855 2820 924 praecipue
2852 871 2947 911 eos
2969 857 3061 926 qui
3088 867 3431 927 peccassent:

142 944 273 983 non
299 932 541 987 sinentes
565 948 663 988 eos
686 935 753 990 ad
783 938 1163 1006 pmnitentiam
1196 939 1395 1005 redire,
1427 939 1524 995 sed
1567 940 1836 996 doctrinis
1871 940 2039 997 fatuis
2069 942 2402 999 detinentes.
2440 941 2506 997 Hi
2537 958 2671 1015 ergo
2705 944 2909 998 habent
2947 947 3014 999 ad
3045 961 3194 1015 spem
3221 962 3435 1017 regres-

142 1037 285 1076 sum
318 1040 331 1078 :
365 1034 532 1095 atque
559 1025 723 1081 etiam
762 1030 971 1085 multos
989 1029 1142 1087 vides
1171 1045 1331 1101 agere
1367 1034 1772 1103 paenitentiam,
1808 1052 1875 1092 ex
1905 1054 2020 1108 quo
2046 1038 2127 1094 eis
2156 1040 2413 1094 mandata
2444 1056 2565 1094 mea
2596 1040 2882 1110 protulisti
2911 1059 2925 1107 ;
2959 1049 3015 1095 et
3063 1041 3241 1096 adhuc
3273 1052 3435 1113 agent

139 1121 564 1188 paenitentiam.
602 1122 929 1195 Quicunque
952 1140 1083 1181 vero
1116 1141 1227 1181 non
1257 1128 1473 1198 egerint
1497 1130 1905 1199 paenitentiam,
1933 1133 1970 1187 ii
2001 1142 2055 1187 et
2096 1129 2413 1197 patientiam
2442 1134 2818 1205 perdiderunt,
2851 1146 2904 1192 et
2936 1138 3104 1192 vitam
3135 1139 3248 1210 (85)
3272 1155 3431 1195 suam

139 1212 437 1269 amittent.
460 1215 531 1269 At
553 1215 639 1272 his
668 1217 762 1286 qui
787 1217 1019 1287 egerint,
1052 1233 1248 1273 murus
1276 1218 1330 1273 in
1366 1220 1563 1288 primis
1592 1222 1760 1291 coapit
1802 1236 1930 1278 esse
1957 1222 2116 1279 sedes
2151 1222 2265 1292 (84)
2316 1238 2545 1289 eorum;
2596 1225 2819 1293 quidam
2852 1244 2981 1283 vero
3012 1230 3175 1284 etiam
3218 1230 3329 1299 (85)
3374 1228 3429 1283 in

139 1310 359 1363 turrim
388 1311 771 1368 ascenderunt.
822 1312 988 1379 Vides
1029 1315 1219 1386 igitur,
1269 1316 1468 1388 inquit,
1506 1317 1559 1372 in
1595 1319 1939 1389 ptenitentia,
1973 1320 2317 1389 peccantium
2361 1320 2543 1374 inesse
2569 1321 2772 1392 vitam;
2814 1340 2922 1379 non
2954 1326 3233 1395 agentium
3300 1340 3431 1380 vero

136 1405 557 1473 paenitentiam,
583 1416 814 1464 mortem
846 1420 1111 1481 paratam.

1597 1523 1827 1580 CAPUT
1869 1524 1980 1579 VII.

226 1610 307 1665 De
335 1610 422 1667 his
451 1626 581 1667 vero
608 1613 703 1683 qui
743 1614 1068 1670 semiaridas
1096 1629 1281 1686 vugas
1312 1626 1682 1683 porrexerunt
1708 1656 1721 1679 ,
1759 1626 1815 1671 et
1852 1618 2127 1672 scissuras
2160 1617 2472 1672 habuerunt
2496 1658 2511 1681 ,
2545 1618 2695 1674 audi.
2749 1618 2998 1686 Quorum
3051 1612 3429 1676 tantummodo

134 1707 462 1762 semiaridas
488 1719 648 1764 erant
675 1710 874 1781 virgae;
908 1711 963 1765 hi
986 1710 1138 1765 dubii
1166 1719 1332 1777 sunt;
1368 1727 1470 1767 nec
1496 1713 1644 1767 enim
1678 1713 1786 1789 viui
1821 1722 1969 1779 sunt,
2003 1729 2104 1768 nec
2137 1714 2363 1769 mortui.
2395 1714 2466 1769 At
2498 1715 2550 1769 hi
2580 1716 2675 1786 qui
2710 1714 3043 1770 semiaridas
3074 1723 3127 1767 et
3156 1713 3428 1768 scissuras

132 1800 420 1858 habentes
448 1806 824 1875 tradiderunt;
856 1816 910 1863 et
938 1806 1091 1862 dubii
1123 1817 1273 1874 sunt,
1303 1817 1359 1863 et
1383 1808 1632 1863 maledici
1659 1851 1675 1876 ,
1708 1810 1776 1865 dc
1809 1810 2128 1865 absentibus
2158 1810 2532 1877 detrahentes,
2565 1819 2619 1864 et
2647 1825 2930 1879 nunquam
2972 1809 3114 1862 inter
3148 1824 3208 1863 se
3236 1822 3426 1875 pacem

135 1895 443 1962 habentes,
475 1907 530 1953 et
559 1899 701 1954 inter
729 1916 787 1956 se
823 1901 937 1973 (86)
971 1906 1298 1960 invidentes.
1337 1905 1404 1961 Et
1438 1906 1506 1962 iis
1534 1907 1755 1975 quidem
1786 1908 2069 1977 proposita
2099 1916 2184 1961 est
2213 1907 2531 1977 pmnitentia
2560 1925 2573 1960 :
2606 1905 2758 1960 vides
2792 1906 2939 1959 enim
2978 1920 3046 1959 ex
3092 1905 3178 1959 his
3214 1904 3428 1974 aliquos

134 1996 443 2062 pcenitere.
476 1994 801 2069 Quicunque
832 2014 961 2055 vero
989 2017 1181 2057 eorum
1213 2004 1322 2057 cito
1350 2012 1583 2074 egerunt
1608 2004 1723 2074 (87)
1758 2003 2139 2074 paenitentiam
2166 2041 2181 2065 ,
2231 2002 2285 2056 hi
2319 2003 2372 2055 in
2407 2002 2546 2055 turri
2616 2000 2819 2057 habent
2868 2004 3051 2057 sedem
3083 2020 3096 2056 :
3149 2011 3206 2056 at
3249 2001 3286 2055 ii
3333 2004 3429 2071 qui

135 2092 309 2146 tarde
332 2102 584 2164 egerunt,
611 2094 667 2148 in
693 2096 869 2151 muris
892 2096 1142 2152 habitant
1168 2098 1303 2169 (88).
1329 2098 1436 2165 Qui
1463 2115 1595 2154 vero
1620 2115 1728 2153 non
1753 2107 1986 2170 egerunt
2004 2098 2406 2168 paenitentiam,
2437 2096 2529 2151 sed
2558 2097 2611 2150 in
2638 2097 2757 2153 suis
2781 2109 3202 2170 permanserunt
3230 2097 3389 2154 factis
3411 2138 3427 2163 ,

131 2196 331 2242 morte
358 2189 681 2246 morientur.
710 2191 779 2246 At
804 2207 937 2246 vero
970 2192 1024 2247 hi
1052 2193 1147 2263 qui
1173 2195 1377 2250 virides
1400 2196 1619 2265 quidem
1643 2196 1849 2266 virgas,
1878 2195 1971 2250 sed
2001 2196 2276 2251 scissuras
2304 2194 2566 2249 habentes
2595 2193 2967 2259 tradiderunt;
2999 2194 3183 2248 fideles
3212 2208 3430 2262 semper

132 2282 376 2341 fuerunt
404 2296 457 2342 et
486 2287 639 2351 boui,
671 2289 764 2344 sed
796 2288 1061 2345 habentes
1089 2291 1232 2346 inter
1259 2308 1319 2346 se
1350 2293 1644 2362 quamdam
1680 2292 1943 2346 invidiam
1974 2300 2030 2346 et
2059 2291 2235 2344 zelum
2269 2290 2381 2361 (89)
2408 2290 2475 2344 de
2503 2289 2811 2361 principatu
2838 2300 2891 2346 et
2913 2291 3194 2362 dignitate.
3224 2288 3428 2343 Verum

129 2395 345 2437 omnes
376 2382 691 2453 hujusmodi
726 2385 1051 2456 insipientes
1082 2385 1197 2456 (90)
1230 2395 1359 2442 sunt
1386 2397 1441 2442 et
1466 2386 1625 2453 fatui,
1653 2388 1749 2458 qui
1784 2388 1986 2442 habent
2016 2388 2157 2441 inter
2185 2403 2245 2442 se
2275 2386 2679 2441 aemulationem
2710 2385 2777 2439 de
2808 2384 3138 2454 principatu.
3172 2382 3428 2438 Attamen

131 2478 204 2531 lii
230 2518 246 2543 ,
276 2494 402 2533 cum
438 2480 551 2537 sint
578 2483 782 2553 alioqui
814 2484 987 2552 boni,
1015 2484 1062 2539 si
1090 2484 1292 2540 auditis
1319 2486 1595 2541 mandatis
1625 2486 1748 2540 istis
1782 2486 1895 2555 (91)
1928 2484 2344 2540 emendaveriut
2374 2499 2433 2538 se
2454 2524 2468 2548 ,
2518 2492 2573 2538 et
2603 2482 2713 2537 cito
2746 2496 2841 2552 per
2888 2482 3202 2536 suasionem
3248 2494 3427 2533 meam

132 2577 265 2645 (92)
295 2576 505 2644 egerint
535 2578 952 2646 paenitentiam;
986 2578 1041 2631 in
1068 2577 1206 2632 turri
1235 2577 1473 2646 denique
1504 2576 1767 2646 incipient
1796 2576 2064 2639 habitare,
2099 2575 2244 2630 sicut
2272 2581 2327 2628 et
2357 2574 2413 2627 IlI
2442 2573 2537 2643 qui
2564 2584 2794 2643 egerunt
2822 2574 2984 2645 digne
3016 2574 3128 2644 (93)
3156 2574 3425 2644 paeniten-

130 2670 308 2724 tiam.
339 2670 496 2737 Quod
527 2672 573 2726 si
602 2672 728 2743 quis
756 2687 952 2728 eorum
982 2689 1178 2729 rursus
1206 2673 1274 2728 ad
1302 2675 1706 2729 dissensionem
1740 2672 1997 2735 redierit,
2032 2671 2326 2741 repelletur
2357 2670 2471 2741 (94)
2498 2685 2528 2723 a
2560 2671 2719 2736 turri,
2744 2680 2796 2725 et
2824 2672 2991 2726 vitam
3027 2687 3183 2727 suam
3217 2671 3423 2741 perdet.

133 2762 273 2819 Vita
300 2767 445 2820 enim
474 2782 666 2823 eorum
696 2768 791 2841 qui
818 2773 1136 2829 custodiunt
1175 2772 1433 2827 mandata
1478 2769 1720 2836 Domini,
1758 2770 1813 2824 in
1854 2769 2129 2824 mandatis
2162 2767 2452 2836 consistit;
2504 2782 2613 2821 non
2664 2766 2717 2821 iu
2758 2768 3065 2838 principatu
3117 2777 3211 2824 aut
3243 2768 3427 2838 aliqua

132 2861 434 2930 dignitate.
467 2861 571 2919 Per
600 2866 917 2935 patientiam
947 2867 1092 2923 enim
1118 2877 1173 2921 et
1200 2869 1566 2924 humilitatem
1596 2866 1796 2923 animae
1857 2867 2025 2922 vitam
2056 2867 2309 2924 homines
2340 2876 2788 2936 consequentur;
2836 2880 2931 2933 per
2959 2863 3256 2918 seditiones
3297 2876 3428 2915 vero

130 2969 200 3015 et
220 2969 592 3032 contemptum
624 2965 762 3036 legis
799 2975 1031 3021 mortem
1066 2966 1169 3021 sibi
1200 2968 1509 3037 acquirent.

1585 3081 1818 3142 CAPUT
1861 3083 1999 3139 VIII.

219 3169 326 3235 Qui
351 3185 482 3226 vero
509 3172 563 3227 in
584 3172 760 3244 virgis
790 3177 906 3232 suis
935 3176 1222 3233 dimidium
1256 3176 1470 3232 aridum
1498 3176 1794 3240 habebant,
1823 3185 1878 3231 et
1906 3148 2197 3230 dimidium
2230 3173 2436 3240 viride,
2469 3174 2524 3227 hi
2573 3180 2703 3228 sunt
2753 3171 3222 3244 negotiationibus
3270 3172 3425 3225 invo-

131 3265 291 3330 luti,
337 3283 512 3337 neque
549 3271 790 3341 appliciti
834 3276 1077 3330 sanatis:
1112 3274 1347 3345 ideoque
1386 3275 1552 3329 etiam
1583 3274 1873 3329 dimidium
1903 3288 2097 3328 eorum
2127 3272 2298 3337 vivit,
2335 3270 2623 3324 dimidium
2660 3284 2790 3323 vero
2826 3277 3101 3321 mortuum
3130 3274 3234 3319 est.
3270 3263 3425 3317 Multi

132 3357 317 3428 igitur
345 3374 411 3414 ex
440 3362 567 3427 illis,
598 3363 802 3420 auditis
831 3366 1127 3433 mandatis,
1153 3375 1382 3437 egerunt
1416 3365 1794 3436 paenitentiam
1817 3408 1831 3429 ,
1861 3372 1916 3418 et
1946 3363 2000 3416 in
2029 3364 2165 3416 turri
2196 3362 2445 3415 habitare
2470 3373 2791 3430 ctepcrunt;
2823 3364 3047 3434 quidam
3072 3378 3201 3417 vero
3233 3378 3425 3417 eorum

135 3453 200 3507 in
232 3462 403 3510 totum
438 3457 785 3514 destiterunt.
822 3458 920 3519 llis
952 3463 1118 3533 igitur
1146 3478 1256 3517 non
1288 3470 1373 3517 est
1402 3462 1558 3517 locus
1588 3461 1959 3532 pmnitentiae:
1992 3475 2024 3515 a
2054 3459 2423 3529 negotiatione
2454 3460 2601 3513 enim
2628 3477 2750 3525 sua,
2786 3459 3020 3515 nefanda
3048 3461 3101 3514 in
3128 3458 3423 3515 Dominum

131 3544 314 3602 locuti
344 3561 492 3617 sunt,
523 3561 577 3606 et
598 3568 722 3607 eum
754 3556 1183 3626 abnegaverunt.
1221 3554 1447 3625 Propter
1493 3556 1637 3610 hanc
1671 3554 1837 3625 igitur
1882 3553 2185 3622 nequitiam
2239 3552 2548 3607 amiserunt
2590 3553 2782 3607 vitam.
2828 3552 2983 3608 Multi
3041 3569 3169 3608 vero
3223 3569 3290 3609 ex
3338 3554 3425 3607 bis

135 3641 373 3696 dubiam
409 3656 643 3703 mentem
677 3648 994 3705 induerunt.
1022 3652 1219 3708 Adhuc
1244 3662 1297 3706 et
1327 3653 1394 3707 iis
1418 3662 1501 3707 est
1530 3664 1848 3722 regressus;
1882 3651 1975 3722 qui
2006 3651 2051 3705 si
2080 3649 2190 3705 cito
2220 3650 2599 3719 paenitentiam
2646 3652 2896 3721 egerint,
2947 3654 3002 3707 in
3054 3654 3191 3708 turri
3238 3655 3424 3709 sedem

136 3736 464 3807 habebunt;
496 3742 542 3797 si
573 3758 703 3799 vero
733 3746 942 3802 tardius
970 3748 1203 3817 egerint,
1234 3749 1286 3803 in
1318 3749 1493 3804 muris
1524 3748 1885 3815 babitabunt;
1918 3747 1961 3802 si
1990 3755 2173 3801 autem
2208 3761 2319 3801 non
2355 3747 2566 3816 egerint
2599 3744 2713 3815 (95)
2741 3785 2756 3808 ,
2810 3755 3040 3800 mortem
3087 3747 3192 3802 sibi
3236 3740 3425 3815 acqui-

133 3841 289 3886 rent.
318 3832 388 3888 At
411 3833 463 3889 hi
497 3837 591 3907 qui
621 3838 759 3894 duas
788 3850 973 3909 partes
1000 3842 1279 3913 virgarum
1316 3858 1541 3898 suarum
1576 3843 1776 3898 virides
1809 3842 2141 3907 habuerunt,
2181 3850 2236 3895 et
2266 3841 2481 3896 tertiam
2525 3841 2738 3896 aridam
2766 3859 2782 3907 ;
2830 3842 3205 3912 compluribus
3244 3838 3422 3893 modis

132 3929 423 4000 depravati
464 3934 615 4005 (96),
660 3947 996 4006 negaverunt
1021 3937 1339 3995 Dominum.
1372 3939 1451 3994 Ex
1482 3940 1571 3995 his
1602 3939 1769 4005 igitur
1802 3937 1957 3991 multi
1995 3944 2227 4008 egerunt
2255 3934 2632 4006 pmnitentiam
2653 3977 2670 4001 ,
2703 3946 2868 4007 atque
2897 3938 2970 3991 ita
3006 3936 3059 3989 in
3090 3935 3225 3990 turri
3262 3934 3420 3987 habi-

131 4035 258 4082 tare
280 4042 600 4099 coeperunt;
630 4042 685 4086 et
711 4033 863 4087 multi
895 4049 924 4087 a
960 4033 1072 4089 Deo
1102 4035 1156 4089 in
1197 4045 1524 4106 perpetuum
1556 4043 1933 4091 recesserunt:
1969 4034 2047 4087 illi
2086 4034 2248 4102 igitur
2274 4033 2329 4086 in
2364 4041 2535 4086 totum
2567 4033 2877 4086 amiserunt
2907 4029 3074 4081 vitam
3107 4024 3243 4098 (97).
3275 4025 3410 4091 Qui-

130 4122 267 4177 dam
302 4139 430 4178 vero
459 4124 622 4181 dubia
651 4138 831 4182 mente
859 4139 1145 4201 concepta,
1174 4132 1553 4187 dissensiones
1585 4131 2034 4187 concitaverunt:
2072 4130 2139 4185 iis
2172 4130 2351 4184 adhuc
2384 4144 2667 4200 regressus
2698 4133 2802 4191 est,
2837 4124 2882 4178 si
2916 4124 3023 4177 cito
3053 4122 3262 4190 egerint
3292 4136 3408 4189 poe-

136 4211 468 4276 nitentiam,
508 4231 606 4271 nec
646 4218 1017 4289 voluptatibus
1053 4219 1167 4291 (98)
1214 4222 1331 4277 suis
1364 4222 1622 4277 remorati
1662 4222 1898 4287 fuerint;
1946 4222 1991 4275 si
2038 4230 2221 4276 autem
2267 4221 2670 4291 permanserint
2706 4220 2759 4272 in
2795 4217 2949 4272 factis
2984 4216 3134 4281 suis,
3180 4224 3413 4267 mortem

134 4304 243 4359 sibi
273 4309 578 4378 acquirent.

1595 4406 1824 4463 CAPUT
1864 4406 1955 4461 IX.

211 4518 317 4588 Qui
350 4538 479 4579 vero
506 4536 870 4589 porrexerunt
900 4531 1083 4602 virgas
1113 4547 1262 4597 suas,
1294 4549 1526 4604 quarum
1564 4534 1685 4589 dua:
1717 4543 1901 4602 partes
1932 4532 2099 4586 aridae
2139 4532 2380 4596 fuerant,
2420 4541 2474 4585 et
2504 4531 2662 4585 tertia
2702 4529 2933 4589 viridis;
2977 4527 3159 4580 fideles
3194 4524 3414 4594 quidem

136 4613 401 4685 fuerunt,
448 4622 542 4675 sed
586 4621 901 4693 locupletati
933 4634 985 4679 et
1013 4627 1313 4680 exsaturati
1346 4626 1460 4697 (99)
1492 4627 1653 4681 bouis
1676 4665 1690 4688 ,
1721 4625 1863 4694 apud
1897 4632 2117 4678 exteras
2146 4632 2332 4691 gentes
2360 4623 2692 4677 celebriores
2729 4637 2851 4677 esse
2897 4620 3186 4687 cupierunt
3228 4616 3377 4689 (ιο0)
3399 4660 3413 4684 ,

1250 4748 1485 4805 VARle
1528 4744 1914 4804 LECTIONES
1946 4744 2035 4800 ET
2080 4743 2314 4801 NOT/E.

216 4852 335 4928 (.80)
364 4852 464 4928 Με·
496 4857 658 4928 Α-ΠΕῙ·
694 4858 937 4918 δηδεεῑιιὶ.
1900 4858 2014 4928 (90)
2057 4857 2251 4914 Lamb.
2283 4858 2502 4921 desunt,
2532 4855 2840 4925 insipientes
2871 4861 2942 4907 et.

215 4923 334 5005 ίὲέ)
364 4924 566 5005 .ltamb:
591 4923 666 5005 “ﬂ
691 4929 849 4985 habes
878 4936 976 4991 ita.

2060 4928 2555 5005 ﬁssudnglmeis.
2729 4997 2741 5005 .
2964 4993 3102 5005 “Hd
3161 4992 3199 5005 ἢ
3271 4994 3280 5003 .
3358 4940 3360 4947 ·

208 4992 326 5069 (⁷82)
363 4995 514 5069 }j_ss._
528 4996 692 5067 Angl.
719 5018 879 5069 prope
916 5006 1003 5059 ab.
1850 5068 1857 5069 7
1899 4992 2014 5067 (92)
2058 4998 2190 5052 Mss.
2217 4992 2376 5067 Angl.
2406 4997 2768 5069 persuasionis
2801 5012 2941 5069 suat“.
2964 4993 3133 5069 Editt.
3161 4992 3333 5049 Paris.
3360 5005 3411 5049 et

207 5066 326 5147 (8.3)
368 5066 461 5147 Sic
492 5065 684 5147 Lamb.
719 5065 1048 5131 Sic'etFelli
1094 5078 1225 5133 edit.
1256 5077 1432 5133 Oxon.
1480 5078 1566 5132 Al.
1605 5078 1645 5131 ii
1678 5086 1725 5132 et
1826 5065 2026 5147 Clerici
2072 5065 2526 5147 persuasionemh
2558 5068 2843 5147 mendose.
2902 5065 3136 5147 Fabricii
3197 5081 3411 5137 quoque

132 5137 519 5208 paenitentiam,
550 5147 597 5191 et
632 5142 815 5197 vitam.
1826 5139 1995 5193 editio
2028 5140 2319 5208 typotheta:
2351 5137 2564 5191 incuria
2601 5139 2687 5191 hic
2722 5138 2863 5192 male
2891 5152 2950 5191 se
2979 5135 3163 5191 habet.

189 5207 325 5287 ,(84)
364 5206 557 5287 Lamb.
590 5211 643 5263 hi
675 5214 767 5283 qui
800 5216 1041 5284 egerint;
1078 5236 1264 5273 murus
1308 5230 1409 5273 erit
1450 5220 1616 5274 sedes.
1662 5221 1729 5274 At
2053 5206 2246 5287 ᾙξὶῐηὺα
2271 5209 2443 5287 ἀρθεὶς
2470 5209 2644 5278 digne.

136 5274 352 5361 ViCtoi“.
387 5279 559 5361 anulis
609 5274 707 5361 pro
747 5274 952 5361 initurus.
996 5274 1127 5361 Felli
1171 5299 1351 5343 autem
1381 5290 1511 5344 edit.
1547 5293 1645 5345 ΟΧ(

1184 5299 1351 5343 autem
1381 5290 1511 5344 edit.
1547 5293 1723 5345 Oxon.
2053 5280 2137 5361 5“-
2172 5279 2480 5361 ἔπρείζιῗῑαν·
2662 5349 2693 5361 λ,

132 5346 353 5428 sic;
371 5348 417 5428 _ii
445 5351 536 5419 qui
568 5346 801 5428 egerint,
836 5357 891 5409 in
925 5359 1111 5425 primis
1150 5362 1316 5413 muris
1348 5362 1520 5426 cmpit,
1548 5363 1656 5411 etc.
2052 5346 2243 5428 Bamb:
2271 5350 2396 5428 adfl-
2422 5349 2806 5428 Ρωηίιεῖιιίέιηὲ·
3019 5420 3049 5428 λ,
3167 5420 3179 5428 ,
3234 5417 3256 5428 -
3297 5417 3307 5428 .
3350 5416 3383 5428 ,.

371 5417 614 5500 Ita—mss.
650 5417 1051 5500 A_ngl.,Vi_ctor.
1098 5439 1151 5484 et
1182 5430 1366 5485 Carm.
1401 5417 1478 5484 I'ta
1509 5417 1567 5485 et
1592 5430 1723 5486 Felli
2050 5418 2183 5500 'L‘Iss“.
2214 5419 2375 5500 Angl,
2405 5417 2815 5500 quomplurimis
2855 5420 3126 5492 generibus
3161 5417 3400 5489 iuﬁciati.

130 5487 590 5566 edit.‘0x_pn_._Al_.
625 5487 781 5546 etiam
817 5487 909 5566 qui
941 5514 1063 5553 non.
2050 5490 2204 5566 Bodl.
2238 5487 2620 5566 ρρέηὶιίὲῃιὶιιτητ

229 5558 322 5629 86)
359 5557 515 5615 Bodl.
550 5562 750 5618 desunt
804 5557 945 5620 inter
977 5585 1052 5624 se.
1086 5570 1282 5625 Lamb.
1312 5573 1458 5626 intra
1481 5588 1555 5625 se.

1229 5572 1282 5625 1).
1312 5573 1458 5626 intra
1481 5588 1555 5625 se,
1896 5557 2008 5629 (98)
2051 5557 2246 5614 Lamb.
2274 5562 2331 5613 in
2360 5560 2738 5615 voluntatibus.

366 5629 705 5713 μεθ-ΛηθΙῇ
716 5648 1007 5713 gesserunt.

1750 5654 1759 5663 .
1896 5631 2020 5713 (si?)
2034 5630 2242 5713 Lamb.
2268 5633 2470 5713 ρωαςῑὶς
2618 5704 2648 5713 λ,
3042 5704 3050 5713 .

208 5700 324 5774 (88)
364 5699 916 5774 Lambrhhbiiabunt,
1896 5699 2046 5773 (IUO)
2089 5701 2219 5757 Mss.
2253 5702 2412 5772 Angl.
2446 5703 2764 5758 honestiores
2792 5721 2899 5758 esse
2932 5704 3161 5774 cupiere.

205 5770 319 5843 (89)
363 5769 454 5829 Sic
476 5772 657 5830 Fellus
691 5791 756 5831 ex
786 5776 978 5834 Lamb.
1013 5780 1097 5837 Al.
1136 5783 1543 5839 contentionem.
1907 5768 1911 5771 9
2030 5768 2037 5773 ’
2345 5768 2367 5772 ⁷
2998 5768 3008 5774 ’
3416 5768 3428 5823 i
