3830 6216
457 286 564 343 979
1911 304 1970 359 s.
2010 304 2278 363 nanum
3658 317 3765 370 asa

451 417 506 461 (δι
541 409 596 463 in
633 413 945 481 superbiam
995 433 1248 489 magnam
1293 422 1606 479 inciderunt
1650 426 1727 495 (l)
1750 466 1765 489 ,
1800 436 1853 482 et
1886 429 2142 485 sublimia
2186 445 2475 504 coeperunt
2516 435 2726 506 spirare
2757 442 2833 505 (2)
2859 473 2875 495 ,
2911 440 2962 489 et
3003 434 3283 490 veritatem
3322 434 3601 492 deserere
3638 437 3759 506 ('5);

449 518 630 600 neque
679 509 921 578 appliciti
963 521 1092 568 sunt
1127 514 1294 585 justis
1314 560 1329 583 ,
1371 518 1468 573 sed
1499 520 1578 591 (4)
1605 536 1731 576 eum
1761 527 1968 580 exteris
1996 528 2250 596 gentibus
2280 492 2679 600 convixerunt;
2709 492 2911 587 et‘h'aec
2939 530 3047 586 illis
3076 532 3186 586 vita
3217 529 3426 588 dulcior
3462 532 3595 587 visa

451 599 627 703 eo
657 610 838 703 an???
870 622 978 661 non
1011 622 1389 676 recesserunt,
1423 623 1478 669 θί
1506 615 1560 670 ίη
1595 615 1700 672 “de
1736 632 2228 687 PerseVel’aVerunt
2281 626 2392 695 (5);
2449 626 2547 682 sed
2598 643 2766 699 opera
2814 628 2940 683 ﬁdei
2983 639 3095 682 non
3142 633 3539 680 exercuerunt.
3586 622 3763 678 Multi

451 690 619 801 igitur
644 709 722 801 ex.
744 697 852 753 illis
878 710 1106 769 egerunt
1136 703 1552 773 paenitentiam;
1584 715 1638 762 et
1663 709 1823 765 sedes
1848 725 2041 767 eorum
2076 714 2131 768 in
2161 690 2297 769 turri
2332 690 2453 773 esse
2481 690 2791 790 coeperunt.
2824 719 2931 775 Alii
2970 736 3102 777 vero
3137 721 3386 778 viventes
3416 736 3558 777 cum
3592 730 3763 777 exte-

451 793 531 845 τῖε
557 793 832 893 ςξηῑίὺιιε,
864 806 918 893 ft
948 798 1442 893 elativanitatibus
1468 803 1584 859 suis
1616 804 1693 874 (6)
1714 847 1730 872 ,
1762 806 1815 861 in
1849 819 2172 878 perpetuum
2205 828 2236 867 a
2276 811 2388 869 Deo
2431 813 2754 871 defecerunt
2783 815 2862 887 (7)
2883 856 2899 881 ,
2947 818 3237 874 nationum
3290 816 3659 873 facinoribus
3709 828 3764 872 et

449 881 707 947 operibus
737 886 1053 946 servientes.
1086 890 1414 965 Hujusmodi
1442 908 1576 966 ergo
1606 896 1860 955 homines
1896 899 2241 959 adnumerati
2291 916 2420 961 sunt
2468 908 2672 964 exteris
2718 881 3057 967 nationibus.
3105 913 3213 968 Alii
3259 929 3326 968 ex
3372 912 3463 969 bis
3511 913 3761 968 dubiam

450 988 688 1089 ¹ξξθ¹¹ίθηξ
718 983 920 1042 habere
948 1000 1257 1089 cmperutit,
1288 1007 1396 1047 non
1429 1004 1716 1064 sperantes
1746 1010 1806 1050 se
1834 1007 2058 1068 propter
2086 998 2229 1057 facta
2256 1018 2354 1058 sua
2388 1004 2607 1076 assequi
2638 1020 2803 1076 posse
2834 1006 2911 1077 (8)
2943 1006 3177 1063 salutem
3204 1023 3218 1059 :
3254 1005 3345 1060 alii
3389 1005 3555 1061 dubii
3586 1006 3759 1073 facti,

448 1072 823 1137 dissensiones
848 1085 1243 1147 excitaverunt.
1285 1091 1379 1148 llis
1410 1092 1578 1164 igitur
1605 1104 1657 1150 et
1688 1095 1796 1151 illis
1825 1098 1920 1168 qui
1952 1109 2177 1170 propter
2205 1100 2350 1157 facta
2384 1119 2484 1159 sua
2516 1072 2671 1159 dubii
2699 1119 2824 1161 esse
2842 1072 3164 1175 coeperunt,
3196 1104 3376 1161 adhuc
3401 1113 3495 1162 est
3528 1120 3762 1177 regres-

449 1189 581 1283 fusj
615 1181 709 1236 sed
738 1182 855 1283 ³³³ξο
880 1188 1202 1256 Poenitentia
1230 1193 1336 1250 cita
1368 1194 1446 1265 (9)
1481 1211 1604 1251 esse
1631 1195 1833 1264 debet,
1868 1207 1930 1253 ut
1958 1199 2033 1254 sit
2062 1199 2116 1253 in
2148 1200 2289 1255 turri
2323 1200 2483 1257 sedes
2513 1216 2731 1258 eorum.
2767 1199 2865 1258 His
2894 1216 3027 1258 vero
3060 1204 3155 1274 qui
3192 1218 3298 1260 non
3339 1212 3520 1275 agunt
3561 1203 3761 1273 peni-

448 1275 700 1341 tentiam,
733 1278 829 1333 sed
860 1294 1183 1349 permanent
1213 1286 1268 1341 in
1300 1288 1674 1358 voluptatibus
1703 1289 1842 1356 suis,
1877 1305 2028 1346 mors
2060 1306 2229 1363 prope
2255 1303 2359 1347 est.

1925 1416 2157 1474 CAPUT
2194 1417 2266 1476 X.

518 1483 593 1539 Αι
621 1486 676 1582 lli
702 1490 799 1582 qui
830 1492 1016 1565 virgas
1042 1498 1247 1557 virides
1276 1516 1646 1573 porrexerunt
1669 1548 1685 1570 .
1716 1510 1961 1579 exceptis
1988 1510 2374 1566 cacuminibus
2400 1524 2594 1565 earum
2623 1524 2747 1582 qua
2777 1510 2895 1566 sola
2923 1510 3082 1567 arida
3113 1509 3225 1579 (l0)
3254 1515 3412 1564 erant
3435 1546 3452 1572 ,
3508 1514 3571 1563 et
3600 1506 3762 1561 seis-

448 1590 610 1691 fura?
644 1579 950 1691 habebam;
982 1604 1199 1691 ξθωβετ
1227 1598 1358 1656 boni
1386 1611 1551 1673 atque
1579 1604 1767 1661 ﬁdeles
1802 1616 1858 1662 et
1888 1607 2042 1678 probi
2076 1622 2206 1678 erga
2241 1606 2412 1663 Deum
2444 1608 2562 1677 (ll)
2602 1579 2859 1672 fuerunt;
2907 1606 3003 1661 sed
3050 1617 3344 1675 parumper
3382 1599 3760 1669 deliquerunt

448 1685 887 1781 Ρηξρίθτείηίξηίῗδ
916 1687 1245 1761 νοιυβιδιεε,
1278 1705 1334 1752 et
1362 1699 1605 1755 minutas
1633 1702 1995 1773 cogitationes
2025 1702 2163 1771 (12),
2195 1718 2335 1773 quas
2366 1703 2506 1757 intra
2533 1702 2649 1774 (15)
2679 1716 2739 1757 se
2770 1701 3109 1756 habuerunt.
3140 1696 3357 1752 Auditis
3385 1710 3527 1766 ergo
3556 1694 3758 1749 verbis

448 1773 856 1843 meis'plurimi
879 1794 1107 1852 eBet'unt
1141 1791 1521 1859 pmnitentiam
1554 1795 1837 1864 celeriter;
1869 1807 1925 1853 et
1961 1798 2014 1853 in
2049 1798 2187 1853 turri
2217 1798 2469 1855 habitare
2498 1806 2809 1869 coeperunt.
2839 1795 3074 1863 Quidam
3112 1804 3292 1851 autem
3323 1810 3391 1850 ex
3423 1792 3518 1849 his
3548 1808 3759 1848 evase-

450 1875 581 1921 τυηι
608 1868 791 1937 dUhii:
819 1876 1041 1944 quidam
1071 1882 1391 1951 adjecerunt
1414 1888 1483 1942 ad
1510 1887 1731 1944 dubiam
1764 1900 2004 1946 mentem
2024 1932 2040 1958 ,
2092 1892 2259 1946 etiam
2290 1868 2667 1947 dissensiones
2708 1903 2951 1945 movere.
2985 1887 3043 1942 ln
3084 1887 3170 1942 his
3196 1885 3361 1957 igitur
3386 1884 3565 1939 etiam
3597 1899 3757 1939 nunc

450 1978 577 2063 89F?
602 1975 1020 2042 estresressus.
1048 1980 1181 2049 quia
1211 1981 1341 2037 boni
1375 1998 1592 2054 semper
1632 1984 1893 2055 fuerunt;
1937 1986 2154 2043 diﬂicile
2200 1996 2384 2043 autem
2436 1986 2808 2043 movebuntur
2853 1983 2993 2055 (14).
3044 1976 3151 2045 Qui
3193 1992 3325 2033 vero
3371 1975 3570 2046 virgas
3612 1992 3756 2032 suas

449 2052 633 2109 aridas
657 2071 1040 2132 porrexerunt,
1064 2069 1308 2140 exceptis
1332 2052 1720 2131 cacuminibus
1746 2052 1939 2132 earum
1967 2092 2091 2148 qua:
2117 2076 2238 2133 sola
2284 2084 2447 2132 erant
2489 2075 2686 2131 viridia
2729 2052 2879 2145 (15),
2925 2052 3283 2129 crediderunt
3316 2068 3549 2139 quidem
3593 2068 3750 2131 Deo,

546 2152 846 2251 sceleribus
884 2175 1015 2217 vero
1064 2167 1377 2221 conversati
1419 2178 1549 2225 sunt
1572 2169 1723 2240 (l6);
1754 2186 2036 2241 nunquam
2069 2180 2251 2226 tamen
2286 2185 2319 2225 a
2346 2169 2458 2226 Deo
2487 2175 2870 2232 recesserunt,
2901 2167 2998 2223 sed
3028 2181 3244 2238 semper
3272 2180 3475 2221 nomen
3515 2163 3750 2220 Domini

447 2237 677 2299 libenter
694 2247 955 2315 tulerunt,
972 2261 1027 2307 et
1048 2253 1276 2311 libenter
1293 2257 1347 2312 in
1366 2237 1620 2331 hospitiis
1637 2262 1754 2317 suis
1773 2260 1867 2317 Dei
1890 2237 2082 2319 servos
2103 2262 2497 2332 susceperunt(
2505 2261 2615 2331 17).
2634 2260 2835 2316 Audito
2852 2259 3019 2332 igitur
3038 2237 3164 2323 hoc,
3186 2258 3422 2328 regressi
3442 2256 3564 2329 (l8)
3579 2298 3598 2323 ,
3621 2258 3750 2312 sine

447 2347 885 2439 rnorafgerunt
927 2347 1342 2439 pmnriitentiam,
1386 2361 1441 2405 et
1487 2367 1706 2408 omnem
1752 2353 1972 2411 virtutis
2012 2355 2327 2425 aequitatem
2370 2353 2483 2424 (i9)
2526 2362 2913 2411 exercuerunt.
2962 2353 3148 2424 Aliqui
3184 2367 3315 2409 vero
3348 2367 3552 2409 eorum
3585 2368 3747 2409 mor-

449 2432 558 2478 tem
589 2426 879 2501 obierunt;
908 2444 960 2490 et
988 2437 1084 2492 alii
1112 2440 1351 2499 libenter
1380 2444 1611 2501 adversa
1640 2445 1787 2517 passi
1815 2457 1966 2509 sunt,
1996 2460 2270 2501 memores
2294 2444 2408 2516 (20)
2437 2444 2707 2501 factorum
2733 2459 2989 2501 suorum.

1900 2560 2132 2618 CAPUT
2172 2561 2262 2617 XI.

519 2640 820 2750 Postquam
862 2649 1076 2706 ﬁnisset
1124 2653 1373 2708 omnium
1410 2654 1689 2726 virgarum
1730 2654 2146 2725 explanationes
2181 2656 2319 2731 (21),
2368 2662 2448 2710 att
2486 2654 2662 2710 mihi:
2695 2650 2877 2719 Vade,
2920 2661 2975 2709 et
3015 2652 3106 2709 dic
3146 2652 3430 2716 omnibus,
3477 2664 3545 2708 ut
3575 2662 3748 2723 agant

448 2743 861 2806 paenitentiam;
904 2751 959 2798 et
1007 2744 1192 2800 vivent
1232 2743 1375 2812 Deo,
1421 2746 1551 2816 quia
1598 2754 1783 2801 motus
1812 2744 2081 2802 Dominus
2119 2762 2317 2816 magna
2347 2746 2639 2803 clementia
2665 2760 2765 2801 sua
2790 2744 2927 2815 (22),
2956 2744 3108 2800 misit
3137 2759 3224 2799 me
3255 2752 3317 2799 ut
3344 2747 3744 2816 pcenitentiam

449 2831 761 2888 nuntiarem
789 2834 1069 2904 omnibus,
1102 2837 1187 2893 his
1215 2841 1380 2896 etiam
1411 2842 1507 2912 qui
1540 2857 1651 2897 non
1701 2851 1982 2899 merentur
2031 2842 2146 2913 (23)
2192 2850 2417 2913 propter
2456 2840 2601 2896 facta
2649 2856 2748 2895 sua
2791 2839 3014 2910 assequi
3061 2839 3317 2895 salutem.
3362 2838 3470 2895 Sed
3518 2843 3745 2909 patiens

449 2939 535 2985 est
586 2929 889 3001 Dominus,
934 2943 989 2989 et
1037 2936 1419 2995 invitationem
1463 2956 1560 3011 per
1606 2939 1808 2995 Filium
1854 2956 2017 2997 suum
2063 2938 2265 2995 iactam
2308 2938 2429 2993 vult
2474 2951 2825 2993 conservare.
2876 2934 3009 2992 Dico
3053 2933 3147 2986 ei:
3195 2932 3367 3002 Spero
3394 2974 3413 2999 ,
3460 2932 3743 2999 Domine,

450 3020 573 3073 fore
619 3031 680 3076 ut
714 3024 928 3085 auditis
977 3024 1063 3081 bis
1106 3027 1349 3083 universi
1411 3041 1579 3101 agant
1620 3030 1735 3099 (24)
1787 3031 2187 3101 paenitentiam.
2245 3028 2427 3085 Credo
2472 3029 2655 3095 enim,
2704 3038 3155 3097 unumquemque
3196 3024 3400 3094 agnitis
3447 3023 3571 3094 (25)
3623 3024 3744 3078 suis

452 3108 616 3167 factis
639 3120 695 3166 et
724 3124 950 3185 accepto
980 3114 1077 3172 Dei
1112 3116 1334 3183 timore,
1369 3119 1436 3175 ad
1476 3120 1857 3192 paenitentiam
1892 3136 2296 3192 regressurum.
2331 3120 2425 3175 Ait
2456 3120 2630 3176 mihi:
2666 3118 2993 3188 Quicunque
3036 3130 3150 3177 toto
3182 3120 3346 3177 corde
3378 3121 3601 3191 egerint
3624 3136 3744 3191 pas-

452 3208 765 3278 nitentiam,
796 3222 851 3268 et
880 3213 1292 3284 puriﬁcaverint
1324 3228 1383 3269 se
1417 3213 1485 3267 ab
1519 3213 1671 3267 omni
1702 3212 1946 3282 nequitia
1976 3228 2100 3283 qua:
2130 3227 2298 3282 supra
2330 3211 2475 3266 dicta
2507 3219 2594 3265 est
2627 3209 2742 3280 (26)
2769 3251 2785 3275 ,
2819 3218 2874 3264 et
2921 3224 3031 3265 non
3082 3209 3389 3278 adiecerint
3438 3210 3628 3265 adhuc
3672 3210 3744 3263 ad

450 3307 653 3364 delicta
689 3326 789 3366 sua
822 3311 1159 3382 quidquam;
1193 3310 1469 3381 accipient
1498 3324 1528 3364 a
1554 3308 1793 3365 Domino
1823 3308 2127 3363 remedium
2163 3308 2410 3378 priorum
2442 3305 2557 3375 (27)
2589 3312 2940 3376 peccatorum
2978 3320 3227 3375 suorum,
3262 3309 3311 3363 si
3342 3308 3483 3363 nihil
3517 3309 3747 3364 dubita-

453 3406 635 3461 verint
679 3407 747 3462 de
787 3408 1063 3463 mandatis
1102 3408 1189 3463 bis
1223 3406 1373 3476 (28);
1404 3416 1460 3461 et
1486 3405 1670 3460 vivent
1696 3403 1829 3461 Deo.
1864 3403 1972 3471 Qui
2012 3417 2144 3459 vero
2190 3401 2528 3472 adiecerint,
2563 3401 2780 3471 inquit,
2821 3400 2890 3455 ad
2922 3395 3118 3457 delicta
3147 3415 3247 3455 sua
3272 3441 3288 3465 ,
3331 3408 3387 3457 et
3425 3400 3747 3457 conversati

454 3497 661 3556 fuerint
691 3503 749 3557 in
778 3502 1167 3574 cupiditatibus
1197 3500 1311 3570 (29)
1342 3498 1529 3556 seaculi
1573 3498 1774 3568 hujus;
1811 3496 2153 3552 damnabunt
2181 3495 2395 3565 seipsos
2428 3492 2496 3549 ad
2543 3502 2798 3548 mortem.
2832 3490 2913 3547 Tu
2945 3508 3078 3550 vero
3109 3495 3332 3551 ambula
3367 3496 3424 3549 in
3460 3496 3748 3550 mandatis

455 3595 613 3664 istis;
648 3604 703 3652 et
731 3598 881 3653 vives
909 3597 1056 3653 Deo:
1086 3606 1141 3652 et
1170 3596 1489 3667 quicunque
1514 3592 1921 3648 ambulaverint
1947 3592 2003 3646 in
2039 3591 2126 3647 his
2150 3633 2165 3658 ,
2204 3598 2261 3645 et
2298 3599 2446 3646 recte
2486 3604 2550 3644 ea
2596 3587 2949 3644 exercuerint
2971 3630 2987 3655 ,
3028 3589 3214 3645 vivent
3252 3588 3384 3645 Deo.
3434 3587 3743 3660 Postquam

457 3701 587 3743 vero
616 3689 731 3746 haec
759 3690 944 3748 omnia
973 3690 1108 3747 mihi
1138 3693 1397 3760 ostendit,
1426 3691 1506 3747 ait
1535 3690 1707 3745 mibi:
1744 3688 1977 3761 Reliqua
2005 3697 2129 3760 post
2157 3688 2277 3744 dies
2306 3701 2514 3759 paucos
2542 3685 2640 3742 tibi
2676 3684 2985 3741 ostendam.

1805 3809 2282 3873 SIMILITUDO
2324 3808 2440 3870 IX.

914 3938 1324 4019 Ediﬁcandw
1348 3941 1685 4004 militantis
1718 3948 1775 3999 et
1808 3937 2260 4016 triumphantis
2306 3933 2619 3997 Ecclesia.-
2654 3933 2962 4013 mysteria
2985 3932 3286 3995 maxima.

1821 4061 2054 4120 CAPUT
2090 4059 2385 4116 PRIMUM.

533 4158 830 4231 Postquam
882 4165 1077 4237 scripsi
1131 4164 1384 4222 Mandata
1431 4175 1486 4222 et
1525 4164 1926 4221 Similitudines
1955 4161 2194 4233 pastoris
2224 4161 2372 4214 illius
2396 4200 2413 4226 ,
2449 4158 2677 4213 nuntius
2709 4155 3045 4228 ptenitentia:
3080 4151 3230 4208 venit
3260 4148 3329 4204 ad
3358 4162 3451 4204 me
3474 4187 3489 4212 ,
3517 4153 3579 4201 et
3607 4143 3745 4200 dixit

462 4258 634 4313 mihi:
670 4258 806 4316 Volo
833 4262 1120 4318 ostendere
1152 4264 1247 4318 tibi
1288 4279 1630 4335 quaecunque
1660 4262 1901 4333 Spiritus
1933 4257 2030 4314 tibi
2065 4255 2346 4318 ostendit,
2380 4253 2476 4324 qui
2512 4253 2567 4307 in
2594 4250 2775 4322 efﬁgie
2820 4248 3079 4306 Ecclesia:
3125 4248 3345 4303 locutus
3380 4253 3483 4335 est
3531 4251 3737 4299 tecum.

462 4349 557 4407 ille
580 4352 725 4408 cnim
757 4353 997 4423 Spiritus
1020 4398 1035 4423 ,
1066 4356 1238 4413 Filius
1268 4354 1361 4411 Dei
1388 4365 1492 4411 est.
1529 4334 1596 4411 Et
1628 4356 1756 4426 quia
1789 4351 2060 4408 inﬁrmior
2088 4364 2214 4404 eras
2244 4359 2519 4415 corpore,
2558 4358 2670 4397 non
2705 4350 2833 4397 ante
2862 4356 2958 4412 per
2988 4339 3242 4395 nuntium
3274 4334 3627 4392 declaratum
3660 4340 3741 4386 est

1577 4494 1818 4551 VARUE
1860 4487 2247 4548 LECTIONES
2283 4485 2374 4542 ET
2414 4483 2644 4540 NUTIE.

536 4615 615 4685 (1)
658 4612 850 4685 Lamb.
886 4615 1185 4685 superbiam
1213 4631 1462 4685 magnam
1488 4614 1795 4667 induerunt.
2376 4604 2507 4685 ass.
2541 4603 2700 4685 Angl.
2736 4608 3062 4685 receperunt.

537 4674 616 4753 (2)
657 4683 736 4739 Ita
763 4686 915 4740 Bodl.
943 4674 1134 4740 Lamb.
1160 4696 1215 4741 et
1249 4674 1391 4741 Vict.
1421 4686 1585 4751 Editi,
1619 4699 1848 4753 sperare.
2378 4676 2511 4753 Mss.
2538 4675 2697 4753 Angl.
2732 4674 2827 4727 hoc
2854 4682 3123 4753 regressu.

520 4741 620 4827 (ὅ)
661 4754 791 4827 μεθ.
825 4756 984 4827 Ansl-
1019 4759 1429 4827 deseruerunt-
1573 4741 1671 4827 ’ί
1768 4824 1787 4827 ,
1980 4825 2023 4827 η
2223 4741 2338 4827 (1?)
2378 4741 2857 4827 Υῖοιρτοιξίηὲιέιενῐι
2880 4741 3171 4827 ωσαξεφξξετ

659 4810 1079 4882 ὃίοίηιδεΪνὶοι.
1107 4837 1163 4883 et
1182 4826 1370 4883 Carm.
1399 4825 1492 4882 Sic
1516 4835 1571 4881 et
1591 4825 1723 4881 edit.
1754 4824 1932 4882 Oxon.
1965 4825 2049 4878 Al.
2225 4810 2340 4893 (20)
2380 4815 2573 4893 Lamb.
2600 4825 2651 4893 et
2678 4815 2903 4893 libenter
2929 4810 3228 4883 patiuntur,
3253 4815 3539 4856 memoret-

465 4886 751 4965 omittnnt,
779 4898 891 4951 sed.
2226 4886 2340 4965 (gl
2378 4888 2461 4965 Al.
2489 4886 2868 4965 «resolutiones.

542 4941 1068 5037 (3')“La’nib:'ﬁdeles
1097 4978 1557 5037 perseveraverant
1590 4985 1721 5023 esse.
2382 4941 2576 5013 Lamb.
2624 4956 2811 5009 mortis
2859 4950 3120 5008 Dominus
3167 4944 3228 4999 in
3272 4941 3448 4996 multa
3489 4957 3596 4995 sua
3637 4941 3736 4994 cle-

542 5030 622 5105 (6)
662 5036 792 5093 Mss.
821 5030 979 5107 Angl.
1006 5030 1167 5093 evel-ti
1189 5040 1510 5094 vanitatibus
1540 5055 1742 5093 eorum.
2155 5030 2433 5107 metgljfl."
2568 5097 2582 5107 _
2677 5096 2691 5107 _
2886 5093 2916 5107 η
3053 5091 3067 5107 ,
3112 5102 3214 5107 ΠΜ
3293 5092 3339 5107 Δ,
3381 5084 3591 5107 --.ΠΨ
3628 5086 3707 5107 Au:

1006 5084 1509 5164 mw
1541 5084 1742 5093 "um"
2161 5170 2172 5179 Ι
2226 5098 2341 5179 (2'5)
2383 5096 2514 5153 Mss.
2554 5093 2994 5179 Anglaomnibus
3031 5091 3251 5150 darem,
3286 5092 3339 5137 el
3375 5084 3594 5153 quidem
3621 5086 3735 5153 qni-

544 5166 622 5248 (8')
664 5177 857 5250 Lamb.
892 5166 1063 5237 deest.
1102 5196 1274 5250 posse.
2153 5166 2511 5250 busdam-oon
2540 5166 2883 5249 merentibus.

1103 5224 1274 5250 rum
2157 5309 2193 5322 n
2226 5239 2340 5322 (24)
2382 5239 2470 5293 Al.
2495 5233 2996 5322 quoniamnaudi‘tis
3017 5231 3121 5298 his,
3144 5226 3374 5282 universi
3392 5233 3575 5296 agent.
3603 5224 3712 5280 Edit

547 5304 661 5393 (11))
701 5320 897 5393 Lamb.
924 5320 1111 5393 solida:
1136 5322 1326 5376 aridw.
1462 5392 1469 5393 ί
2154 5304 2338 5393 Partis:
2359 5304 2631 5393 quoniam,
2657 5307 2882 5393 eruditis
2904 5304 3009 5358 Itis.

547 5378 662 5462 (11)
703 5391 897 5462 Lamb.
926 5391 1129 5445 honesti
1156 5409 1283 5462 erga
1313 5392 1623 5444 Dominum.
1742 5461 1745 5462 ν
2382 5379 2576 5462 Lami).
2604 5378 2827 5462 (luditis.

546 5440 660 5535 (ii)
699 5440 901 5535 gssit};
921 5440 1898 5535 έῆιεῆέῑρῑξτξηῑιςιάῑέιῑερξιιαιίοηρε.

2384 5448 2579 5535 L‘amb‘.
2608 5440 3335 5535 desupthutejupra-dicta
3360 5446 3460 5492 est.

577 5516 660 5600 l5)
703 5532 856 5587 Bodl.
884 5533 960 5585 in.
994 5530 1185 5587 Lamb.
1218 5533 1375 5586 inter.
1574 5516 1585 5532 ’
1712 5516 1720 5518 ⁷
2384 5519 2707 5600 biss._Angl.
2730 5516 2905 5600 deest,
2937 5516 3198 5600 priorum“.

702 5577 1518 5671 ﬁcile
1549 5604 1909 5659 movebuntur.

2228 5577 2343 5673 (es)
2383 5590 2576 5673 Lamb.
2599 5577 2755 5673 picis.
2787 5577 2959 5643 Sic'e't
2984 5587 3112 5641 edit.
3142 5581 3277 5637 Felli
3306 5577 3491 5637 Oxon.

548 5603 662 5673 (14)
702 5603 893 5657 Lamb.
923 5603 1044 5655 boni
1070 5618 1269 5670 semper
1293 5603 1518 5671 difﬁcile
1549 5604 1909 5659 movebuntur.
2228 5603 2343 5733 (τιδς
2383 5603 2576 5645 Lamll-
2599 5606 2755 5671 ,ηιειξς
2788 5603 2801 5639 ἕ

548 5676 663 5741 (15)
704 5674 897 5730 Lamb.
927 5690 1045 5743 qua:
1067 5673 1195 5729 sola:
1223 5682 1373 5727 erant
1402 5673 1615 5728 virides.
2229 5663 2320 5733 (ἓξ)
2382 5662 2469 5716 M-
2496 5660 2801 5717 άεδιάενιη.

549 5745 665 5814 (16)
704 5746 787 5798 Al.
815 5745 912 5799 etsi
939 5744 1007 5799 ad
1038 5745 1233 5801 scelera
1260 5744 1442 5815 aliqua
1474 5746 1708 5816 prolapsi
1736 5754 1878 5801 sunt.
