3830 6216
406 251 511 304 933
1856 253 1913 307 s.
1948 250 2214 307 uenus:
3568 264 3695 321 934

407 384 531 424 esse
561 383 839 423 curiosus.
880 365 991 437 Ego
1017 376 1196 421 autem
1232 366 1621 421 demonstrabo
1652 366 1745 420 tibi
1771 377 1987 429 cuncta,
2018 381 2357 437 quaecunque
2380 366 2553 423 debeo
2596 370 2713 441 (56)
2753 373 3077 431 ostendere:
3116 392 3261 434 nunc
3304 385 3487 433 autem
3537 381 3691 434 reli-

405 486 512 541 quu
553 467 861 526 considera.

1848 584 2078 641 CAPUT
2118 586 2203 644 Ill.

474 700 541 757 Et
564 708 689 758 cum
716 703 830 759 bare
857 703 1088 762 dixisset
1110 706 1266 773 mihi,
1294 711 1513 780 suspexi
1547 709 1661 780 (57)
1693 726 1704 761 :
1731 718 1785 765 et
1809 724 1936 767 ecce
1966 710 2077 766 vidi
2102 712 2319 767 venisse
2341 726 2436 768 sex
2454 712 2599 769 viros
2631 713 2881 771 excelsos
2907 727 2971 770 ac
3002 712 3362 778 venerandos,
3385 720 3438 767 et
3465 725 3687 767 omnes

404 798 618 853 similes
651 798 768 869 (58)
802 800 992 869 vultu;
1030 812 1084 858 et
1116 819 1346 861 vocasse
1368 805 1664 877 quamdam
1696 806 2100 862 multitudinem
2123 807 2367 863 virorum
2391 826 2405 875 ;
2426 817 2480 863 et
2506 807 2560 862 hi
2588 809 2683 878 qui
2708 819 2970 865 venerant
2999 810 3180 866 vocati
3211 808 3431 875 abillis,
3460 815 3524 862 et
3559 808 3684 876 ipsi

402 911 625 967 quoque
655 896 857 953 excelsi
883 906 937 952 et
963 896 1134 956 fortes
1177 914 1352 957 erant.
1388 901 1682 959 Iusserunt
1711 913 1892 960 autem
1926 904 2005 959 illi
2054 920 2150 961 sex
2179 921 2277 961 eos
2325 906 2519 961 turrim
2553 902 2850 978 quamdam
2902 904 3017 978 (59)
3069 917 3233 973 super
3290 915 3410 955 eam
3440 909 3681 971 portam

400 989 695 1044 aediﬁcare.
728 988 959 1060 Magnus
985 1007 1115 1047 vero
1147 1002 1279 1046 tunc
1305 989 1559 1047 fremitus
1584 993 1751 1062 cmpit
1771 1006 1893 1049 esse
1926 993 2337 1050 decurrentium
2369 996 2517 1051 circa
2566 1006 2779 1068 portam
2813 998 2920 1053 huc
2946 1005 3113 1066 atque
3138 994 3267 1048 illuc
3299 990 3432 1064 (60),
3463 1005 3678 1046 eorum

400 1085 645 1140 virorum
670 1090 761 1157 qui
795 1082 861 1142 ad
885 1088 1260 1143 azdiileandam
1295 1089 1493 1143 turrim
1525 1098 1894 1144 convenerant
1925 1090 2059 1161 (6i).
2099 1088 2345 1163 Virgines
2367 1107 2498 1148 vero
2514 1086 3381 1162 illaequaestabantcircaportam,
3392 1088 3683 1160 jubebant

394 1182 479 1238 eis
504 1184 917 1241 mdilicationem
937 1187 1106 1242 turris
1136 1186 1438 1242 accelerare
1463 1186 1599 1257 (62).
1625 1186 1760 1257 Ipsa:
1786 1199 1972 1243 autem
1988 1200 2427 1260 exporrexerunt
2454 1206 2652 1247 manus
2670 1205 2821 1255 suas,
2847 1200 3105 1261 tanquam
3135 1186 3336 1260 aliquid
3354 1197 3681 1255 acceptura:

395 1280 469 1335 ab
506 1281 634 1335 illis.
668 1280 824 1340 Tunc
871 1283 949 1339 illi
993 1300 1085 1340 sex
1113 1283 1423 1355 jusserunt.
1463 1294 1523 1341 ut
1549 1283 1664 1355 (65)
1707 1300 1773 1339 ex
1816 1285 2056 1354 quodam
2083 1283 2357 1355 profundo
2404 1285 2617 1354 lapides
2662 1285 2997 1352 attollerent,
3033 1293 3089 1340 et
3138 1284 3193 1338 in
3241 1282 3679 1338 aediﬁcationem

400 1381 570 1437 turris
592 1392 985 1453 praepararent.
1039 1381 1107 1437 Et
1149 1380 1343 1436 elevati
1376 1390 1507 1436 sunt
1531 1382 1718 1437 decem
1750 1379 1961 1452 lapides
1994 1381 2235 1447 candidi,
2266 1381 2522 1452 quadrati
2548 1381 2683 1452 (64),
2708 1379 3045 1438 circumcisi.
3081 1377 3374 1451 Postquam
3398 1394 3536 1434 vero
3564 1395 3672 1435 sex

397 1475 476 1530 llli
508 1478 919 1533 advocaverunt
943 1477 1041 1532 bas
1074 1476 1336 1549 virgines,
1361 1479 1647 1550 jusserunt
1673 1496 1769 1535 eas
1807 1480 2095 1536 universos
2143 1480 2373 1550 lapides,
2404 1482 2725 1551 qtticunque
2770 1479 2827 1534 in
2875 1480 3048 1535 turris
3077 1478 3501 1536 aediﬁcationem
3530 1478 3674 1534 mit-

395 1571 549 1628 tendi
585 1584 788 1642 essent,
818 1584 1040 1645 portare
1070 1575 1217 1644 (65);
1251 1586 1306 1632 et
1336 1576 1635 1633 translatos
1674 1592 1772 1647 per
1801 1585 2015 1647 portam
2056 1575 2274 1632 tradere
2298 1576 2410 1646 (66)
2453 1575 2535 1633 eis
2577 1577 2671 1647 qui
2699 1574 3021 1632 mdilicaturi
3057 1583 3217 1629 erant
3238 1572 3430 1628 turrim
3482 1571 3673 1627 illam.

394 1664 672 1721 Continuo
695 1668 779 1722 hae
798 1668 1042 1738 virgines
1075 1670 1297 1726 eosdem
1328 1670 1538 1740 lapides
1561 1671 1656 1741 qui
1688 1669 1840 1742 prius
1865 1669 2059 1725 olevati
2082 1676 2242 1725 erant
2270 1668 2385 1738 (67)
2415 1668 2485 1724 de
2506 1667 2808 1740 prolundo,
2837 1667 2980 1723 inter
3002 1682 3063 1724 se
3087 1666 3304 1724 elevare
3329 1663 3442 1736 (68)
3472 1678 3675 1733 cmpe—

395 1773 529 1818 runt
560 1765 767 1834 pariter
792 1782 1005 1822 omnes.

1842 1882 2073 1939 CAPUT
2112 1882 2197 1937 IV.

464 2003 570 2072 Qui
596 2014 778 2062 autem
804 2017 1074 2063 steterunt
1108 2009 1252 2063 circa
1295 2018 1532 2080 portam,
1588 2009 1669 2065 sic
1696 2009 1861 2065 etiam
1892 2008 2215 2079 portabant;
2246 2016 2306 2061 ut
2328 2004 2423 2076 qui
2456 2002 2786 2058 videbantur
2832 2016 2956 2059 esse
2987 1999 3269 2063 fortiores,
3322 1995 3390 2052 ad
3423 1994 3670 2065 angulos

392 2112 763 2170 ponerentur;
797 2105 978 2160 ceteri
1006 2121 1137 2160 vero
1182 2104 1392 2175 lapides
1434 2105 1503 2160 ad
1536 2106 1707 2160 latera
1732 2104 2173 2175 subjiciebantur
2214 2100 2329 2173 (69)
2358 2118 2370 2154 :
2406 2107 2571 2169 atque
2604 2098 2679 2153 ita
2709 2098 2999 2153 universos
3043 2095 3252 2166 lapides
3282 2091 3661 2165 pertulerunt.

391 2211 599 2267 eosque
624 2212 719 2267 per
744 2209 958 2268 portam
991 2201 1106 2271 (70)
1138 2199 1439 2257 translatos
1463 2199 1884 2267 mdiﬁcantibus,
1912 2200 2055 2254 sicut
2076 2199 2247 2268 jussae
2276 2203 2435 2253 erant
2472 2190 2611 2267 (7i),
2641 2192 3011 2249 tradiderunt.
3040 2188 3121 2243 llli
3140 2200 3271 2241 vero
3294 2184 3664 2253 excipientes,

390 2291 958 2349 exstruxerunt‘illos.
995 2290 1119 2348 Haec
1148 2307 1329 2352 autem
1358 2297 1651 2353 aediﬁcatio
1682 2311 1849 2367 super
1873 2297 2020 2351 illam
2052 2307 2263 2367 petram
2288 2306 2543 2364 magnam
2570 2300 2624 2347 et
2669 2300 2883 2361 portam
2912 2288 3116 2353 liebat;
3156 2292 3320 2354 atque
3339 2280 3410 2335 ab
3442 2280 3515 2335 iis
3546 2286 3667 2331 tota

391 2384 566 2441 turris
598 2387 1035 2445 sustentabatur.
1072 2389 1281 2445 Horum
1309 2402 1492 2447 autem
1516 2395 1705 2448 decem
1731 2393 1971 2463 lapidum
2004 2401 2283 2447 structura
2311 2398 2481 2445 totam
2522 2394 2737 2458 portam
2773 2385 2925 2439 illam
2974 2380 3226 2449 τεριθνίίο
3261 2391 3386 2445 ηυδε
3420 2376 3487 2463 i“,
3528 2372 3665 2463 “‘9'

389 2476 650 2533 damento
676 2481 845 2535 turris
872 2482 1022 2538 illius
1045 2499 1168 2540 esse
1197 2487 1384 2555 coepit.
1416 2484 1547 2540 Post
1570 2486 1693 2540 illos
1719 2461 1851 2540 vero
1885 2485 2077 2541 decem
2112 2484 2343 2553 lapides)
2385 2480 2479 2535 alii
2504 2477 2699 2546 viginti
2751 2476 3000 2546 quinque
3030 2467 3225 2528 elevati
3276 2475 3409 2521 sunt
3434 2462 3554 2532 (72)
3594 2461 3667 2516 de

389 2573 698 2646 profundo;
734 2588 787 2632 et
824 2579 879 2633 hi
909 2582 1103 2636 structi
1138 2591 1269 2636 sunt
1291 2582 1345 2635 in
1369 2581 1793 2637 aediﬁcationem
1827 2581 1999 2636 turris
2027 2580 2297 2650 ejusdem,
2331 2590 2427 2647 per
2452 2573 2575 2628 illas
2595 2570 2840 2641 virgines
2864 2570 3050 2636 levati,
3074 2569 3219 2627 sicut
3242 2566 3475 2638 priores.
3532 2560 3669 2616 Post

388 2665 515 2732 bos,
542 2668 635 2723 alii
661 2669 885 2739 triginta
907 2673 1153 2742 quinque
1178 2676 1374 2731 elevati
1405 2686 1566 2742 sunt,
1592 2685 1648 2733 et
1668 2677 1725 2731 hi
1752 2676 2006 2731 similiter
2035 2676 2092 2731 in
2112 2674 2306 2730 eodem
2344 2684 2512 2741 opere
2542 2666 2713 2738 aptati
2762 2674 2917 2721 sunt.
2962 2667 3094 2722 Post
3144 2667 3267 2732 hos,
3293 2657 3665 2734 quadraginta

389 2762 601 2833 lapides
623 2767 1030 2837 ascenderunt;
1056 2782 1107 2827 et
1146 2773 1199 2827 hi
1229 2789 1420 2831 omnes
1439 2774 1639 2845 adjecti
1667 2783 1796 2830 sunt
1823 2776 1879 2829 in
1915 2782 2248 2830 structuram
2277 2771 2448 2827 turris
2471 2766 2642 2823 illius.
2671 2767 2925 2832 Quatuor
2951 2778 3082 2833 ergo
3114 2760 3337 2816 ordines
3370 2756 3667 2857 coeperunt

387 2871 512 2912 esse
540 2858 594 2913 in
626 2852 987 2919 fundamento
1013 2869 1182 2923 turris
1222 2869 1369 2926 illius
1400 2869 1515 2943 (73)
1539 2887 1553 2937 ;
1580 2871 1865 2927 desierunt
1882 2870 2028 2925 enim
2062 2869 2271 2940 lapides
2299 2870 2515 2925 extrahi
2548 2872 2618 2928 de
2636 2866 2749 2941 (74)
2768 2863 3042 2935 profundo
3070 2880 3083 2915 ε
3116 2857 3396 2929 Paulisper
3412 2859 3468 2907 ει
3487 2848 3666 2919 ιιίψιί

388 2949 756 3017 mditicabant,
794 2956 1146 3025 quieverunt.
1170 2960 1370 3017 lterum
1402 2964 1478 3018 illi
1510 2976 1605 3020 sex
1638 2964 1742 3019 viri
1771 2963 2112 3019 multitudini
2136 2962 2212 3018 illi
2239 2963 2670 3033 imperaverunt,
2701 2972 2762 3018 ut
2791 2962 2859 3017 de
2888 2956 2997 3015 illis
3043 2950 3336 3009 duodecim
3375 2943 3667 3001 montibus

390 3053 747 3111 apportarent
777 3047 893 3118 (75)
924 3050 1132 3118 lapides
1161 3054 1227 3107 ad
1250 3054 1670 3112 aediﬁcationem
1704 3056 1873 3113 turris
1893 3055 2161 3126 ejusdem.
2187 3054 2267 3109 llli
2289 3064 2473 3111 autem
2496 3057 2820 3112 excidebant
2840 3054 2907 3107 de
2935 3046 3212 3105 universis
3248 3039 3539 3097 montibus
3564 3050 3667 3089 va-

389 3134 598 3190 riorum
630 3139 881 3196 colorum
907 3142 1116 3213 lapides
1142 3144 1253 3215 (76)
1278 3162 1293 3211 ;
1324 3156 1379 3202 et
1409 3147 1719 3204 deterentes
1747 3163 1844 3206 eos
1871 3148 1985 3217 (77)
2030 3149 2384 3220 porrigebant
2414 3150 2722 3222 virginibus
2751 3166 2765 3201 :
2798 3161 2943 3217 quos
2976 3144 3081 3200 illa:
3111 3139 3446 3209 accipientes
3470 3143 3666 3189 trans-

390 3223 642 3285 ferebant
682 3232 821 3303 (78),
846 3242 904 3289 et
939 3235 994 3290 in
1021 3236 1443 3295 aediﬁcationem
1490 3242 1660 3297 turris
1691 3240 2065 3312 porrigebant.
2100 3238 2159 3294 In
2203 3256 2313 3310 qua
2358 3255 2484 3296 cum
2517 3242 2711 3297 structi
2743 3246 2931 3295 essent
2960 3234 3075 3306 (79)
3127 3233 3245 3298 illi,
3280 3225 3531 3289 candidi,
3568 3240 3669 3276 \a-

389 3320 569 3391 riique
593 3323 798 3380 ﬁebant
826 3343 841 3379 :
874 3336 930 3382 et
957 3328 1213 3385 similiter
1233 3347 1424 3389 omnes
1453 3335 1666 3404 priores
1698 3330 1813 3405 (80)
1849 3333 2139 3389 mutabant
2183 3334 2418 3391 colores.
2453 3334 2690 3402 Quidam
2715 3347 2846 3389 vero
2872 3330 2943 3386 ab
2971 3331 3107 3399 ipsis
3128 3327 3263 3381 viris
3291 3318 3666 3394 porrigeban-

392 3427 518 3487 tur;
552 3422 797 3491 quicum
830 3426 886 3479 in
915 3436 1038 3481 eam
1065 3427 1483 3486 mdiiicationem
1510 3431 1811 3499 venissent,
1848 3430 2041 3502 quales
2070 3430 2440 3500 ponebantur,
2485 3431 2625 3486 tales
2654 3440 2709 3485 et
2751 3424 3170 3499 permanebant.
3205 3416 3272 3471 Hi
3300 3430 3406 3470 nec
3433 3407 3666 3468 candidi

391 3510 615 3577 fiebant,
650 3529 751 3569 nec
782 3516 955 3583 varii;
980 3521 1245 3588 quoniam
1279 3538 1388 3578 non
1414 3535 1571 3580 erant
1608 3542 1638 3580 a
1673 3526 1981 3597 virginibus
2010 3541 2105 3595 per
2136 3534 2350 3595 portam
2387 3527 2660 3582 translati.
2699 3523 2763 3579 lii
2805 3538 2935 3591 ergo
2958 3518 3169 3590 lapides
3200 3512 3471 3570 deformes
3500 3513 3670 3564 erant

394 3607 452 3661 in
485 3610 854 3669 aedificatione
879 3614 995 3683 (81)
1024 3635 1038 3682 ;
1068 3633 1210 3687 quos
1241 3636 1366 3676 cum
1399 3622 1921 3679 animadvertissent
1956 3622 2034 3678 illi
2067 3634 2160 3678 se‘t
2193 3622 2319 3685 viri.
2363 3622 2651 3692 jusserunt
2699 3621 2817 3678 tolli
2866 3629 2921 3675 et
2948 3631 3051 3674 suo
3101 3614 3224 3669 loco
3260 3610 3453 3679 reponi
3510 3607 3669 3663 unde

391 3699 558 3757 delati
600 3702 821 3761 fuerant
846 3708 985 3777 (82).
1021 3709 1088 3765 Et
1110 3714 1305 3769 dicunt
1332 3716 1399 3770 ad
1432 3715 1559 3771 illos
1603 3717 1700 3787 qui
1733 3716 1941 3787 lapides
1973 3715 2101 3770 illos
2129 3714 2434 3770 aﬂ'erebant
2467 3731 2480 3767 :
2516 3714 2754 3771 Omnino
2787 3729 2886 3770 vos
2937 3709 3097 3765 nobis
3128 3706 3195 3761 ad
3236 3702 3665 3760 azdilicationem

398 3791 543 3849 banc
566 3795 775 3866 lapides
803 3802 1085 3874 porrigere
1113 3805 1318 3873 nolite;
1350 3806 1445 3861 sed
1466 3807 1624 3877 quta
1651 3807 1845 3862 turrim
1877 3805 2064 3877 ponite
2088 3820 2205 3868 eos,
2233 3814 2296 3859 ut
2322 3805 2406 3859 ha:
2435 3804 2677 3875 virgines
2705 3803 3002 3859 translatos
3024 3800 3307 3872 porrigant
3335 3813 3347 3848 :
3379 3795 3485 3850 nisi
3508 3794 3665 3849 enim

388 3881 461 4026 :b
513 3884 598 3939 bis
645 3888 954 3960 virginibus
992 3900 1242 3956 translati
1282 3900 1486 3958 fuerint
1514 3918 1611 3973 per
1641 3903 1783 3958 hanc
1812 3912 2051 3973 portam,
2111 3900 2327 3956 colores
2380 3914 2513 3955 suos
2562 3910 2779 3955 mutare
2828 3914 2938 3955 non
2975 3904 3209 3968 possunt
3242 3916 3252 3950 :
3285 3892 3457 3948 nolite
3489 3891 3665 3963 igitur

416 3984 592 4026 rustra
621 3979 874 4026 lahnrnrn

416 3984 592 4031 rustra
621 3979 893 4040 laborare.

1486 4111 1723 4168 VARUB
1762 4107 2146 4167 LECTIONES
2184 4106 2273 4161 ET
2311 4106 2543 4163 NOTAE.

614 4217 803 4295 Lamb.
835 4227 1068 4290 potueris
1120 4241 1216 4295 pro
1253 4228 1433 4281 debeo.

461 4287 576 4362 (57)
614 4289 803 4362 Lamb.
830 4287 1054 4362 inspetri.

424 4357 578 4481 ἰ
618 4359 811 4417 Lamb.
853 4357 1050 4420 venisse
1090 4369 1231 4421 viros
1277 4369 1542 4434 excelsos,
1584 4369 1877 4440 dignitosbs
1920 4378 1969 4421 et

564 4446 609 4481 8.

386 4442 609 4483 ειηηιεκ.

618 4500 810 4577 Lamb.
836 4522 927 4577 eos
953 4506 1038 4560 illi
1064 4523 1128 4562 ea:
1160 4518 1301 4562 turre
1322 4510 1630 4577 quamdam.

463 4569 774 4651 (ϐω-ΒΜ).
808 4576 1223 4651 discurrentium
1247 4569 1389 4651 circa
1420 4591 1629 4647 portam
1662 4581 1783 4634 hinc
1812 4591 1971 4651 atque

387 4637 569 4717 illinc.
590 4640 783 4717 Lamb.
817 4662 1039 4717 quoque
1077 4649 1239 4702 habet
1270 4650 1392 4702 hinc
1420 4637 1579 4717 atque
1603 4650 1772 4705 illinc.

388 4710 577 4834 "'(ltlil)
619 4714 709 4768 Sic
735 4710 927 4770 Lamb.
951 4710 1047 4772 Sic
1072 4728 1126 4773 et
1158 4719 1291 4773 Felii
1321 4720 1451 4775 edit.
1489 4710 1667 4775 Oxon.
1702 4722 1788 4776 Al.
1820 4737 1993 4775 υεηεον

461 4850 576 4932 ((52)
617 4853 809 4912 Lamb.
832 4858 1084 4932 uidebant
1131 4860 1542 4932 wdiﬁcationem
1568 4864 1731 4915 turris
1767 4866 1969 4916 accetea-

388 4929 510 5002 rari
534 4934 789 5002 oportere.
831 4929 962 5002 Felii
1001 4940 1181 4985 autem
1208 4929 1339 4984 edit.
1376 4930 1552 4985 Oxon.
1579 4935 1699 4986 sic:
1736 4934 1971 5002 Agnove-

389 4995 737 5071 ruut_ab__cis
760 5000 1167 5071 aediﬁcationem
1200 5004 1365 5056 turris
1396 5002 1681 5055 accelerari
1710 4995 1966 5071 oportere.

462 5062 576 5131 (65)
614 5064 745 5122 Mss.
771 5062 930 5140 Angl.
958 5071 1130 5138 deest,
1156 5081 1233 5125 ut.
1272 5071 1335 5125 Et
1362 5087 1487 5126 mox
1533 5089 1633 5141 pro
1666 5062 1969 5128 attollerent

389 5138 444 5185 et.
465 5138 1084 5212 prwpararent,'liabettt
1121 5142 1399 5196 ascendere
1430 5152 1484 5197 et
1514 5138 1711 5212 aptari.
1747 5144 1971 5199 Statim-

388 5206 639 5289 quenzhEt
662 5212 1008 5289 ascenderunt
1032 5214 1229 5266 decem.

463 5275 578 5352 (64)
618 5276 811 5336 Lamb.
862 5283 1072 5351 quidem
1116 5294 1169 5337 et
1206 5283 1481 5352 quadrati.
1531 5283 1625 5339 Sic
1670 5295 1725 5340 et
1763 5286 1965 5341 Felltts.

390 5339 527 5423 yo‘ci
553 5339 739 5423 autem
768 5339 1039 5421 sequenti,
1057 5339 1379 5419 circumcisi,
1412 5339 1968 5423 prmntittendttmnec

388 5413 545 5483 jubet
567 5413 877 5476 Colelerius
894 5437 961 5475 ex
988 5413 1112 5483 cat).
1148 5424 1180 5475 5
1208 5432 1262 5477 et
1288 5413 1377 5478 16.

389 5487 579 5608 “(65)
620 5489 809 5547 Lamb.
842 5493 955 5560 ejus
995 5487 1400 5564 wdiﬁcationem
1440 5494 1571 5548 ituri
1607 5510 1776 5553 essent
1841 5517 1966 5570 por-

478 5577 524 5608 ε.

415 5570 524 5613 are.

470 5631 584 5701 (66)
625 5631 817 5687 Lamb.
846 5649 968 5688 cum
1001 5635 1146 5693 Fello
1183 5654 1195 5690 :
1228 5638 1409 5691 itidem
1436 5640 1661 5694 tradere.

463 5703 576 5771 (U7)
615 5701 749 5762 Mss.
774 5705 931 5776 Angl.
955 5708 1113 5778 primi
1137 5709 1502 5764 ascenderunt.

2144 4222 2258 4293 (68)
2298 4222 2430 4294 Mss.
2460 4223 2620 4294 Angl.
2646 4224 2894 4279 alienare.

2150 4288 2261 4363 (69)
2309 4292 2460 4348 Bodl.
2516 4288 2847 4348 a'lateribus
2899 4293 3170 4348 subibant.
3217 4289 3310 4345 Sic
3347 4297 3403 4345 et
3430 4288 3659 4352 Lamb.,

2082 4365 2467 4435 praéposttione
2492 4374 2677 4419 tamen
2712 4382 2744 4418 a
2774 4366 2828 4419 in
2859 4376 2887 4418 ι
2915 4374 3141 4418 mutata.

2133 4435 2246 4504 (70)
2289 4432 2482 4489 Lamb.
2516 4450 2718 4505 portas.
2763 4435 2829 4489 Et
2856 4436 3019 4505 paulo
3042 4442 3189 4505 post,
3216 4441 3367 4503 porta
3400 4447 3502 4500 pro
3534 4447 3653 4500 por-

2073 4514 2200 4558 tam.

2146 4575 2260 4647 (ῃ)
2299 4572 2430 4647 Mss.
2465 4576 2626 4647 Angl.
2650 4577 2943 4644 iusserant.

2172 4644 2258 4711 79.)
2297 4644 2425 4701 Mss.
2453 4644 2611 4711 Angl.
2642 4648 3013 4708 ascenderunt,
3041 4654 3103 4699 ut
3131 4659 3293 4710 saepe.

2172 4715 2260 4783 75)
2302 4713 2494 4770 Lamb.
2532 4713 2891 4783 fundamentis
2928 4718 3093 4769 turris
3115 4716 3290 4783 hujus.

2145 4784 2259 4857 (7ft)
2298 4783 2496 4857 Lamb.
2524 4783 2648 4857 ergo
2682 4788 2883 4855 lapides
2906 4787 3181 4857 ascendere
3208 4786 3293 4857 de.

2143 4854 2258 4924 (75)
2298 4854 2375 4909 De
2391 4854 2814 4926 quibus'meutio
2836 4872 2955 4927 cap.
2975 4858 3001 4910 l
3045 4856 3209 4925 hujus
3231 4855 3447 4910 similit.
3471 4854 3662 4911 Fellus

2072 4936 2254 4980 autent
2288 4928 2497 4993 statim,
2540 4927 2808 4995 deferrent
2853 4942 2952 4997 pro
2978 4936 3350 4995 apportarent,
3374 4928 3529 4996 quod
3564 4944 3661 4982 ex-

2079 4998 2267 5066 hibent
2293 5011 2429 5066 mss.
2456 4998 2617 5066 Angl.

2142 5065 2255 5137 (76)
2296 5064 2427 5137 Mss.
2460 5064 2618 5137 Angl.
2638 5066 2840 5135 lapides
2868 5068 3033 5122 variis
3064 5065 3352 5121 coloribus.

2142 5135 2256 5208 (:7?)
2296 5135 2426 5208 Mss.
2459 5135 2615 5208 Angl.
2646 5148 2973 5207 apportatos.

2143 5206 2429 5279 (78)_Mss.
2452 5206 2610 5279 Arng'l.
2638 5206 3069 5278 porrigebant,et
3089 5224 3215 5265 mox
3234 5209 3656 5279 transferebant.

2073 5275 2165 5333 Sic
2186 5288 2238 5330 et
2262 5275 2397 5333 Felii
2420 5275 2564 5332 edit:
2584 5275 2763 5334 Oxon.

2142 5347 2258 5418 (79)
2300 5346 2491 5418 Lamb.
2514 5364 2675 5417 quam
2701 5365 2821 5402 cum
2852 5350 3123 5405 instructi.

2144 5418 2255 5488 (80)
2296 5417 2488 5495 L_amb.
2510 5428 2559 5495 et
2578 5420 2776 5495 similes
2792 5433 2969 5495 omnes
2984 5434 3034 5475 et
3052 5420 3413 5491 prioremﬂss.
3432 5437 3658 5495 quoque

2075 5488 2221 5561 Vict.
2246 5488 2502 5561 et_Carm.
2538 5488 2758 5561 habent,
2788 5501 2837 5543 et
2864 5488 3084 5561 priores.

2141 5560 2255 5627 (8i)
2296 5558 2486 5613 Lamb.
2513 5558 2944 5627 wdiﬁcatiouem.

2146 5629 2262 5699 (82)
2302 5628 2435 5685 Mss.
2465 5630 2623 5701 Angl.
2660 5630 2845 5685 referri
2876 5634 3015 5690 unde
3036 5634 3324 5707 deportati.
