3830 6216
79 278 206 337 985
1254 282 1791 338 PASTOR.-——LlB.
1838 282 1923 339 Ill.
1971 282 2171 340 SIMIL.
2213 282 2308 339 IX.
3266 287 3369 345 986

1556 396 1789 452 CAPUT
1829 396 1895 453 V.

173 483 387 540 Eﬂ'ecta
414 491 501 540 est
526 491 709 538 autem
740 490 1020 540 structura
1051 485 1144 539 illo
1166 486 1287 552 die;
1322 486 1415 541 sed
1447 486 1613 541 turris
1644 495 2028 542 consummata
2060 501 2170 540 non
2206 494 2292 541 est
2319 504 2335 553 ;
2366 484 2614 540 futurum
2665 487 2811 542 enim
2860 499 2998 556 erat,
3032 501 3091 545 ut
3128 489 3368 546 aediﬁca-

82 588 260 635 retur
296 580 451 650 (85);
484 586 773 650 propterea
797 576 962 634 etiam
994 592 1141 632 nunc
1162 587 1218 632 et
1245 578 1494 647 quaedam
1525 577 1717 633 dilatio
1766 576 1911 633 facta
1941 586 2047 635 est.
2078 577 2146 633 Et
2191 578 2482 648 jusserunt
2512 577 2590 632 illi
2620 594 2738 646 sex,
2780 594 2878 636 eos
2898 582 2991 651 qui
3024 583 3370 640 aediﬁcabant

84 679 258 733 abire
277 686 332 733 et
350 677 516 732 veluti
542 676 859 747 aliquandiu
888 674 1173 745 quiescere
1208 673 1347 746 (84);
1378 674 1487 728 illis
1510 688 1640 730 vero
1662 674 1963 745 virginibus
1984 683 2377 745 praeceperunt,
2400 689 2470 729 ne
2492 689 2523 729 a
2549 675 2688 729 turri
2718 676 3065 732 discederent
3086 677 3222 747 (85):
3241 694 3370 749 pro—

83 783 292 844 pterea
314 780 498 827 autem
519 770 849 826 videbantur
877 769 1014 824 mihi
1038 768 1261 834 relictae,
1285 777 1346 823 ut
1383 768 1728 824 custodirent
1759 770 1952 824 turrim
1980 769 2154 824 illam.
2179 767 2481 840 Postquam
2508 782 2690 826 autem
2720 784 3091 838 recesserunt,
3111 773 3235 829 dico
3254 774 3367 846 (86)

85 864 163 918 ad
186 872 469 934 pastorem
498 862 652 916 illum
680 878 696 917 :
727 860 935 927 Quare,
958 860 1200 924 domine,
1231 874 1338 915 non
1378 868 1463 915 est
1492 867 1715 929 peracta
1747 858 2038 914 :ediﬂeatio
2061 859 2264 914 turris?
2286 857 2403 915 Non
2428 861 2598 926 enim,
2628 863 2825 937 inquit,
2849 876 2976 923 ante
2997 870 3369 924 consummari

83 966 306 1026 potest,
334 970 503 1026 quam
541 954 726 1010 veniat
756 950 1017 1009 dominus
1043 952 1188 1023 ejus,
1220 960 1276 1007 et
1302 960 1641 1007 structuram
1680 952 1823 1006 hanc
1852 952 2075 1021 probet;
2108 960 2168 1005 ut
2199 951 2245 1006 si
2276 966 2416 1023 quos
2448 954 2655 1024 lapides
2682 972 2789 1011 non
2836 958 3012 1015 bonus
3043 960 3096 1015 in
3123 976 3187 1016 ea
3211 961 3367 1017 inve-

85 1053 269 1119 nerit,
296 1059 617 1106 mutentur:
648 1048 717 1104 ad
737 1048 1073 1104 voluntatem
1109 1048 1257 1103 enim
1309 1047 1432 1117 ejus
1459 1046 1769 1102 aediﬁcatur
1793 1045 1909 1117 (87)
1945 1045 2062 1101 haec
2092 1045 2285 1101 turris.
2332 1045 2557 1114 Vellem,
2610 1050 2857 1121 inquam,
2904 1050 3154 1122 Domine,
3201 1056 3366 1124 seire,

83 1148 231 1219 quid
265 1148 537 1219 signiticet
558 1145 847 1202 aediﬁcatio
872 1147 1044 1203 turris
1069 1144 1255 1215 hujus,
1284 1154 1339 1199 et
1367 1144 1434 1198 de
1463 1143 1564 1198 hac
1590 1152 1769 1213 petra,
1802 1151 1855 1197 et
1881 1143 1949 1197 de
1978 1142 2079 1197 hac
2105 1150 2261 1212 porta
2289 1158 2643 1213 cognoscere,
2677 1156 2731 1200 et
2759 1147 2826 1201 de
2857 1150 3157 1216 montibus,
3204 1160 3257 1205 et
3300 1152 3368 1208 de

82 1239 433 1309 virginibus,
455 1248 509 1293 et
533 1238 602 1292 de
637 1235 912 1306 lapidibus
940 1234 1035 1305 qui
1070 1232 1302 1289 extracti
1325 1242 1455 1287 sunt
1480 1230 1594 1302 (88)
1620 1230 1688 1285 de
1717 1230 2016 1301 profundo,
2049 1246 2150 1285 nec
2172 1230 2489 1286 circumcisi
2521 1243 2670 1301 sunt,
2698 1236 2792 1291 sed
2816 1235 2957 1292 sicut
2978 1239 3366 1310 ascenderunt,

83 1334 175 1390 sic
198 1334 359 1391 missi
397 1341 528 1389 sunt
554 1332 668 1404 (89)
700 1332 757 1387 in
792 1341 1164 1397 structuram;
1190 1337 1245 1384 et
1265 1344 1436 1399 quare
1460 1328 1700 1398 primum
1726 1326 1935 1397 lapides
1961 1327 2149 1381 decem
2181 1326 2236 1381 in
2258 1325 2614 1384 fundamento
2635 1328 2826 1383 structi
2851 1336 2980 1383 sunt
3002 1327 3137 1399 (90),
3171 1330 3367 1387 deinde

80 1429 295 1500 viginti
334 1428 600 1499 quinque,
625 1426 823 1482 deinde
851 1421 1074 1489 triginta
1100 1419 1366 1489 quinque,
1421 1418 1619 1473 deinde
1644 1416 2013 1487 quadraginta
2044 1431 2058 1468 :
2091 1416 2219 1471 item
2250 1418 2318 1472 de
2348 1417 2458 1472 illis
2510 1418 2786 1489 lapidibus
2815 1418 2909 1489 qui
2960 1420 3122 1488 positi
3149 1430 3279 1475 sunt
3308 1422 3362 1476 in

81 1528 456 1582 structuram,
490 1520 798 1589 iterumque
825 1510 1046 1577 sublati,
1072 1519 1127 1566 et
1154 1510 1209 1564 in
1231 1510 1414 1564 locum
1448 1524 1610 1563 suum
1640 1508 1756 1577 (91)
1788 1507 1967 1564 relati.
1998 1505 2075 1562 De
2097 1507 2355 1562 omnibus
2389 1507 2498 1573 his,
2528 1508 2771 1577 domine,
2804 1511 3135 1566 desiderium
3168 1512 3366 1568 anima;

84 1629 236 1668 meae
273 1614 511 1683 comple,
536 1621 588 1667 et
620 1610 806 1666 omnia
834 1607 969 1663 mihi
1001 1606 1339 1661 demonstra.
1368 1602 1436 1658 Et
1461 1603 1602 1659 dixit
1620 1602 1757 1658 mihi
1788 1618 1803 1654 :
1840 1600 1899 1656 Si
1931 1602 2139 1658 arduus
2178 1602 2292 1675 (92)
2322 1617 2425 1657 non
2453 1601 2647 1665 fueris,
2676 1602 2863 1657 omnia
2897 1618 3192 1673 cognosces
3225 1604 3360 1674 (95),

80 1715 145 1760 et
181 1705 401 1760 videbis
435 1703 645 1773 reliqua
671 1714 795 1772 quae
824 1698 1012 1754 futura
1043 1705 1173 1751 sunt
1220 1695 1349 1750 huic
1382 1694 1559 1760 turri;
1598 1701 1654 1749 et
1675 1708 1868 1748 omnes
1904 1693 2295 1749 similitudines
2325 1693 2618 1765 diligenter
2640 1710 2960 1767 cognosces.
3016 1694 3084 1750 Et
3111 1698 3363 1752 venimus

81 1814 221 1877 post
270 1805 391 1861 dies
417 1819 623 1876 paucos
655 1804 708 1856 in
754 1795 1007 1855 eumdem
1060 1792 1268 1857 locum,
1296 1791 1388 1845 ubi
1424 1792 1763 1856 sederamus,
1797 1800 1851 1844 et
1878 1790 2018 1844 dixit
2066 1790 2200 1844 mihi
2229 1810 2242 1846 :
2290 1788 2685 1847 Perveniamus
2734 1794 2802 1848 ad
2836 1794 3065 1849 turrim:
3099 1792 3364 1850 Dominus

78 1904 241 1959 enim
270 1902 393 1973 ejus
414 1911 683 1957 venturus
710 1906 815 1964 est,
839 1901 900 1949 ut
929 1889 1241 1947 consideret
1268 1904 1409 1944 eam.
1436 1886 1702 1943 Venimus
1751 1888 1919 1959 igitur
1949 1888 2098 1954 illuc,
2141 1898 2196 1942 et
2242 1889 2519 1945 nemiuem
2549 1889 2718 1945 alium
2756 1903 2923 1959 quam
2965 1889 3206 1961 virgines
3238 1888 3363 1945 illas

77 1998 430 2055 invenimus.
469 1997 535 2052 Et
565 1990 923 2063 interrogavit
968 2004 1087 2057 eas,
1118 2002 1187 2042 an
1211 1985 1477 2042 adfuisset
1526 1986 1600 2041 ibi
1655 1981 1918 2041 dominus
1947 1986 2118 2041 turris
2149 1984 2332 2041 illius?
2380 1985 2449 2041 Et
2495 1985 2918 2057 responderunt,
2948 1988 3210 2042 continuo
3236 2002 3363 2042 eum

73 2086 415 2142 adfuturum
447 2084 583 2157 (94),
614 2093 675 2140 ut
712 2078 1023 2139 censideret
1050 2085 1395 2133 structuram
1424 2076 1596 2131 illam.

1544 2197 1776 2254 CAPUT
1815 2198 1905 2256 Vl.

152 2295 300 2353 Post
332 2297 594 2368 pusillum
623 2312 757 2353 vero
790 2295 953 2351 video
985 2294 1402 2351 multitudinem
1437 2295 1683 2350 virorum
1716 2311 1969 2366 magnam
1998 2296 2330 2363 venientem,
2356 2303 2412 2351 et
2460 2295 2513 2350 in
2547 2296 2729 2351 medio
2751 2310 2943 2352 eorum
2978 2295 3051 2351 ita
3081 2296 3359 2352 excelsum

74 2389 296 2456 virum,
326 2398 386 2445 ut
411 2391 787 2461 magnitudine
818 2408 914 2448 sua
949 2393 1123 2464 ipsam
1158 2393 1353 2449 turrim
1383 2400 1699 2462 superaret;
1728 2402 1782 2448 et
1818 2394 1965 2449 circa
1992 2409 2117 2448 eum
2148 2409 2244 2448 sex
2275 2393 2400 2449 illos
2430 2407 2571 2462 quos
2601 2409 2657 2449 In
2687 2394 3056 2449 aediﬁcatione
3080 2394 3358 2463 imperare

72 2485 359 2552 videram,
389 2494 444 2539 et
479 2500 575 2541 eos
606 2500 801 2542 omnes
831 2488 926 2557 qui
976 2488 1387 2545 aediﬁcaverunt
1444 2489 1641 2543 turrim
1677 2489 1849 2554 illam,
1897 2498 1953 2543 et
2004 2498 2271 2559 prieterea
2324 2489 2464 2545 alios
2515 2484 2870 2558 quamplures
2920 2482 3184 2552 dignitate
3242 2480 3358 2551 (95)

72 2575 407 2643 splendidos
444 2576 608 2631 viros.
641 2576 889 2648 Virgines
912 2599 1044 2640 vero
1074 2586 1179 2641 illa:
1195 2601 1319 2655 quae
1344 2586 1727 2641 custodiebant
1749 2587 1946 2641 turrim
1973 2586 2143 2653 illam,
2164 2595 2521 2642 accurrerunt
2541 2596 2595 2641 et
2616 2585 2877 2642 osculatae
2903 2590 3034 2638 sunt
3060 2595 3187 2635 eum
3217 2578 3357 2651 (96),

74 2682 135 2727 et
167 2686 347 2741 prope
370 2686 495 2728 eum
536 2674 651 2745 (97)
679 2691 973 2746 coeperunt
1007 2682 1310 2738 ambulare.
1347 2682 1440 2738 llle
1463 2693 1647 2738 autem
1682 2692 1792 2737 tam
1823 2684 2113 2754 diligenter
2161 2683 2550 2739 considerabat
2601 2687 2932 2737 structuram
2963 2676 3111 2729 illam
3144 2681 3206 2727 ut
3238 2671 3359 2727 sin-

76 2767 252 2838 gulos
279 2766 490 2838 lapides
512 2780 879 2826 contrectaret
901 2771 1054 2841 (98);
1082 2773 1383 2843 quinetiam
1420 2774 1670 2844 singulos
1700 2775 1849 2845 virga
1874 2790 2039 2844 quam
2069 2776 2123 2828 in
2157 2790 2322 2828 manu
2349 2775 2568 2831 tenebat
2599 2772 2735 2844 (99),
2760 2770 3007 2825 feriebat.
3055 2766 3135 2820 Ex
3157 2765 3360 2836 quibus

76 2866 325 2938 quidam
357 2884 484 2923 cum
511 2882 697 2927 essent
727 2873 998 2941 percussi,
1046 2874 1189 2941 nigri
1221 2873 1425 2929 ﬁebant
1474 2875 1622 2947 velut
1664 2873 1866 2945 fuligo;
1898 2874 2123 2944 quidam
2154 2882 2337 2929 autem
2389 2882 2653 2940 tauquam
2702 2864 2915 2928 scabri;
2944 2860 3167 2931 quidam
3198 2856 3359 2927 quasi

85 2959 381 3015 “3355"”
411 2960 710 3029 habentes;
743 2967 969 3034 Quidam
999 2970 1140 3024 curti
1168 2988 1182 3036 ;
1211 2971 1436 3041 quidam
1469 2986 1573 3026 nec
1600 2971 1742 3042 nigri
1792 2987 1896 3027 nec
1947 2971 2055 3026 albi
2106 2969 2255 3039 (100)
2282 2988 2296 3037 ;
2350 2968 2576 3039 quidam
2623 2960 2826 3034 asperi,
2860 2972 2960 3014 nec
2990 2970 3114 3011 cum
3145 2952 3359 3009 οωιθτίε

74 3046 366 3119 lapidibus
400 3054 829 3123 convenientes;
864 3061 1089 3131 quidam
1122 3063 1392 3130 plurimas
1420 3062 1665 3117 maculas
1690 3062 1977 3118 habentes.
2011 3060 2105 3117 Hae
2135 3071 2267 3116 sunt
2294 3060 2584 3114 varietates
2615 3054 2856 3124 lapidum
2910 3049 3152 3112 illorum,
3183 3046 3279 3114 qui
3302 3044 3360 3098 in

84 3154 378 3202 structura
408 3148 499 3202 illa
531 3164 640 3203 non
674 3150 857 3207 idonei
881 3151 961 3223 (1)
987 3152 1188 3221 reperti
1222 3160 1375 3207 sunt.
1404 3150 1578 3207 Jussit
1602 3167 1699 3207 eos
1736 3147 1999 3208 dominus
2028 3168 2220 3209 omnes
2252 3151 2319 3206 de
2348 3150 2487 3205 turri
2523 3145 2747 3217 deponi,
2775 3153 2829 3199 et
2850 3143 3006 3213 juxta
3041 3154 3162 3196 eam
3194 3138 3359 3193 relin-

74 3243 219 3312 qui;
251 3250 308 3297 et
339 3244 479 3300 alios
508 3245 716 3316 lapides
741 3248 948 3317 aﬂ‘erri,
979 3257 1033 3304 et
1069 3250 1191 3304 loco
1216 3262 1407 3304 eorum
1440 3248 1654 3317 reponi.
1688 3248 1755 3303 Et
1779 3250 2253 3319 interrogaverunt
2280 3262 2407 3302 eum
2441 3246 2535 3315 qui
2562 3242 2923 3306 aediﬁcabant,
2945 3255 3012 3294 cx
3041 3253 3149 3308 quo
3174 3243 3360 3289 monte

74 3333 255 3387 vellet
282 3333 487 3399 aﬂ‘erri,
520 3346 576 3391 et
602 3340 792 3407 reponi
820 3342 876 3396 in
911 3343 1093 3397 locum
1127 3342 1473 3411 ejectorum?
1517 3341 1594 3395 De
1627 3343 1907 3398 montibus
1944 3344 2169 3412 quidem
2202 3342 2376 3397 vetuit
2407 3339 2626 3404 all‘erri;
2661 3335 2754 3390 sed
2804 3350 2871 3388 ex
2901 3346 3094 3399 campo
3118 3328 3357 3398 quodam

78 3420 183 3490 qui
216 3436 388 3491 prope
416 3432 555 3490 erat,
594 3425 765 3495 jussit
807 3428 986 3483 atlerri
1021 3430 1119 3501 (2).
1153 3430 1436 3485 Fuderunt
1464 3431 1609 3485 enim
1647 3447 1900 3501 campum
1936 3432 2112 3498 illum,
2140 3440 2194 3485 et
2243 3432 2574 3484 invenerunt
2617 3426 2827 3500 lapides
2855 3422 3187 3495 splendidos,
3219 3434 3359 3489 qua-

79 3513 321 3580 dratos;
353 3518 622 3585 quosdam
650 3535 777 3574 vero
812 3521 977 3576 etiam
1006 3524 1292 3578 rotundos.
1321 3521 1647 3591 Quicunque
1665 3533 1847 3578 autem
1877 3531 2036 3578 erant
2061 3524 2114 3577 in
2143 3523 2237 3577 illo
2261 3538 2477 3591 campo,
2512 3535 2705 3574 omnes
2729 3517 2879 3573 allati
2904 3526 3053 3578 sunt,
3074 3522 3127 3567 et
3155 3527 3248 3582 per
3276 3511 3356 3581 ('5)

78 3619 311 3680 portam
345 3617 701 3684 transportati
728 3618 805 3687 (4)
843 3635 874 3673 a
914 3620 1224 3689 virginibus
1250 3620 1360 3675 illis
1391 3638 1403 3673 :
1446 3630 1499 3674 et
1531 3624 1622 3690 qui
1653 3636 1719 3675 ex
1746 3621 1828 3676 eis
1870 3620 2124 3691 quadrati
2158 3627 2338 3689 erant,
2385 3616 2675 3673 deformati
2720 3614 2797 3685 (5)
2830 3621 2980 3678 sunt,
3013 3618 3067 3665 et
3104 3608 3267 3678 positi
3299 3607 3355 3660 in

78 3704 216 3759 loco
247 3707 326 3777 (6)
349 3707 671 3778 ejectorum.
699 3714 770 3765 At
796 3725 925 3765 vero
953 3712 1049 3781 qui
1088 3711 1333 3778 rotundi,
1383 3725 1495 3765 non
1549 3720 1680 3766 sunt
1717 3711 1917 3781 adjecti
1954 3711 2009 3764 in
2057 3718 2429 3772 structuram;
2475 3704 2737 3778 quoniam
2782 3701 2907 3754 duri
2958 3707 3117 3754 erant
3152 3697 3251 3767 (7),
3301 3705 3358 3751 et

77 3800 319 3869 longum
342 3815 464 3857 esse
485 3803 771 3859 ridebatur
799 3803 1197 3859 circumcidere
1220 3819 1347 3858 eos:
1384 3804 1476 3857 scd
1502 3802 1662 3873 positi
1692 3813 1821 3858 sunt
1854 3803 2001 3859 circa
2027 3802 2244 3866 turrim,
2273 3810 2533 3871 tanquam
2560 3798 2806 3855 futurum
2831 3808 2996 3865 esset,
3037 3806 3096 3851 ut
3118 3796 3357 3852 circum-

77 3894 433 3961 ciderentur,
466 3903 520 3951 et
550 3896 608 3951 in
637 3906 968 3952 structuram
997 3896 1343 3949 mitterentur
1374 3895 1487 3966 (8);
1526 3894 1681 3949 valde
1703 3895 1847 3949 enim
1879 3893 2149 3965 splendidi
2178 3902 2355 3950 erant.

1518 4013 1749 4071 CAPUT
1794 4013 1903 4070 Vll.

158 4097 295 4154 Haec
318 4114 443 4155 cum
474 4101 697 4161 vidisset
721 4105 806 4159 vir
834 4106 925 4162 ille
949 4106 1215 4177 dignitate
1242 4106 1320 4178 (9)
1351 4106 1677 4177 praecipuus,
1710 4115 1765 4161 et
1818 4103 2077 4160 dominus
2105 4104 2274 4160 totius
2306 4104 2499 4171 turris,
2532 4104 2750 4161 vocavit
2782 4107 2925 4159 [tunc
2950 4110 3223 4172 pastorem
3252 4120 3266 4169 ;
3297 4111 3357 4157 et

73 4190 321 4249 tradidit
349 4192 399 4247 ei
422 4193 630 4264 lapides
660 4196 753 4266 qui
784 4198 1053 4267 reprobati
1072 4206 1250 4265 erant,
1279 4207 1331 4252 et
1352 4196 1513 4267 positi
1537 4197 1680 4251 circa
1714 4196 1941 4261 turrim;
1971 4204 2025 4249 et
2048 4195 2125 4249 ait
2156 4195 2221 4248 ad
2249 4195 2398 4248 illum
2430 4211 2441 4245 :
2471 4194 2811 4250 Communda
2837 4195 3122 4265 diligenter
3148 4194 3352 4263 lapides

78 4284 223 4350 hos,
252 4292 309 4338 et
334 4294 459 4355 apta
491 4287 546 4341 in
571 4295 903 4348 structuram
936 4293 1049 4365 (10)
1084 4294 1277 4359 turris,
1310 4302 1371 4346 ut
1395 4307 1520 4347 cum
1554 4292 1765 4347 caeteris
1798 4292 2013 4361 possint
2056 4292 2382 4357 convenire;
2409 4306 2504 4345 eos
2533 4302 2712 4347 autem
2744 4293 2838 4362 qui
2864 4308 2972 4346 non
2996 4290 3348 4356 conveniunt,

1187 4404 1424 4462 VARUE
1466 4405 1855 4461 LECTIONES
1894 4404 1984 4459 ET
2022 4405 2255 4462 NOTAE.

164 4522 287 4589 (8'5)
326 4522 519 4578 Lamb.
554 4524 656 4594 fuit
681 4542 697 4579 :
727 4525 968 4593 futurum
998 4525 1159 4587 enim,
1189 4534 1247 4579 ut
1276 4524 1594 4593 wdiﬁcetur.
1852 4522 1964 4594 (94)
2004 4520 2135 4594 Mss.
2164 4522 2321 4594 Angl.
2348 4534 2639 4576 venturum.
2672 4520 2858 4574 Lamb.
2886 4519 3011 4594 add.
3043 4534 3173 4573 esse.

164 4593 286 4664 (84)
327 4594 453 4665 μεθ.
477 4591 632 4665 Λιιέῐ.
658 4591 893 4649 recedere
913 4605 961 4649 et
984 4591 1423 4665 velutiquiescere
1445 4594 1672 4664 aliquid.
1854 4593 1969 4665 (95)
2007 4591 2331 4665 blss.7Angl.
2366 4594 2677 4663 dignitosos,
2708 4600 2766 4665 ut
2802 4592 3027 4665 passim.

167 4662 287 4732 (85)
328 4664 518 4719 Lamb.
552 4662 864 4718 recederent.
1172 4662 1180 4665 ⁷
1536 4662 1544 4664 “
1853 4664 1965 4732 (96)
2007 4662 2198 4716 Lamb.
2223 4662 2564 4717 occurrerunt
2588 4662 2820 4716 osculari
2842 4676 2980 4715 eunt.

164 4734 285 4806 (δο)
326 4734 521 4806 Lamb.
544 4750 721 4806 omnes
746 4743 1086 4806 recesserunt,
1110 4735 1246 4806 diagi.
1325 4805 1333 4806 7
1442 4805 1445 4806 7
1474 4805 1479 4806 7
1853 4734 1963 4806 (977)
2001 4732 2193 4806 Lamb.
2218 4733 2370 4806 deest
2397 4752 2537 4789 eum.

166 4803 287 4871 (87)
329 4804 406 4858 lta
436 4804 615 4859 Fellus
637 4804 691 4858 in
714 4805 848 4860 edit.
876 4805 1054 4860 Oxon.
1086 4822 1153 4861 ex
1186 4805 1377 4861 Lamb.
1421 4805 1508 4860 Al.
1542 4806 1682 4860 wdi-
1852 4804 1965 4874 (98)
2005 4803 2328 4874 biss.7Angl.
2353 4813 2727 4874 pertractant.

80 4874 381 4948 litabatur:
505 4944 515 4948 7
612 4946 623 4948 7
866 4946 873 4948 7
1399 4947 1405 4948 7
1853 4872 2198 4948 (99)7L_amb_.
2231 4872 2391 4948 ntan'u
2426 4874 2653 4948 gerebat.

166 4881 381 4928 abatnr.
1877 4881 1967 4940 99)
2008 4881 2198 4927 Lamb.
2231 4890 2391 4927 manu
2426 4881 2653 4944 gerebat.

166 4942 287 5012 (88)
326 4942 459 5040 Mss.
488 4944 647 5015 Angl.
684 4946 1053 5027 ascenderunt,
1086 4955 1145 4999 ut
1174 4961 1316 5015 saepe
1339 4947 1496 5001 alias.
1852 4881 2018 5066 i100)!
2040 4944 2233 4997 Lamb.
2267 4945 2466 5027 desunt
2517 4945 2825 5014 quidam...
2858 4943 2986 4997 albi.

166 5010 286 5066 (89)
327 5016 455 5066 Mss.
480 5017 639 5066 Angl.
678 5025 872 5066 ierunt.
1852 5014 1930 5066 tl)
2026 5030 2101 5066 ss.
2134 5013 2291 5066 Anal.
2328 5016 2469 5066 bom.

165 5010 286 5085 (‘89)
327 5016 455 5070 Mss.
480 5010 639 5085 Angl.
678 5018 872 5070 ierunt.
1040 5010 1046 5012 ⁷
1253 5010 1268 5015 ’
1852 5010 1930 5083 (1)
1972 5010 2101 5085 Mss.
2134 5013 2291 5085 Aug].
2328 5016 2469 5069 boni.

167 5084 293 5153 490)
334 5086 436 5166 bis.
490 5084 630 5166 Vict.
688 5086 1049 5166 [undamentis
1106 5098 1419 5143 structum.
1477 5088 1670 5143 Lamb.
1970 5084 2615 5166 biss.7Ang7l7.apportari.

82 5156 535 5231 quqq7ue_ltabet,
574 5154 953 5225 fundamentis.
1792 5224 1817 5231 Α
1854 5154 1930 5223 (3)
1973 5154 2165 5231 Lamb.
2217 5154 2361 5231 illati
2390 5154 2537 5231 sunt
2585 5172 2696 5231 per.
2752 5154 2886 5211 Felli
2944 5161 3127 5211 aute'n
3182 5156 3349 5213 editio

166 5223 289 5293 (91)
330 5224 521 5280 Lamb.
545 5223 659 5281 loco
689 5244 804 5280 suo.
1780 5224 1958 5281 Oxon.
1985 5226 2172 5278 ablati.
2200 5223 2283 5278 An
2308 5227 2607 5281 mendose?

168 5297 288 5368 ('92)
328 5295 404 5368 l7ta
428 5295 927 5368 mss.7An_gl.,Vict.
956 5307 1009 5352 et
1035 5297 1419 5368 Carm.7Editi,
1459 5301 1670 5353 tardus.
1853 5298 1929 5368 (47)
1970 5295 2161 5368 Lamb.
2196 5297 2469 5368 translati.

166 5364 292 5439 (95)
333 5365 406 5419 Ita
438 5366 633 5439 Lamb.
666 5364 741 5421 lia
779 5377 835 5422 et
877 5366 1007 5423 Felli
1035 5368 1165 5422 edit.
1212 5364 1527 5439 Oxon.’7Al.
1574 5386 1679 5424 non
1852 5364 1931 5439 (ἐξ)
1971 5365 2047 5439 l_ta
2070 5364 2263 5439 Lamb.
2293 5366 2458 5439 Editi,
2493 5366 2873 5439 formati.Vide
2902 5367 3042 5423 infra
3074 5378 3187 5423 not.
3218 5368 3308 5422 30.

83 5458 142 5496 ct
160 5434 405 5510 jnosces.
457 5436 728 5491 Omittunt
781 5452 1004 5508 quoque
1056 5454 1180 5503 non,
1238 5455 1373 5493 mss.
1428 5438 1564 5493 Vict.
1624 5450 1680 5493 et
1852 5436 1928 5507 (‘3)
1972 5435 2064 5491 Sic
2085 5434 2276 5489 Lamb.
2307 5445 2362 5489 et
2388 5434 2519 5492 Felli
2545 5439 2675 5493 edit.
2699 5438 2881 5493 Oxon.
2922 5439 3003 5493 Al.
3044 5439 3239 5494 locum.

84 5514 291 5558 Carm.
324 5506 393 5558 At
416 5505 558 5558 Vict.
589 5508 668 5558 sic
695 5525 708 5558 :
738 5508 919 5558 omnia
962 5510 1265 5558 cuanoscis:
1292 5519 1406 5558 nost
1448 5509 1673 5558 uidebis.
1854 5509 1932 5558 t7)
1970 5505 2164 5558 Lamb.
2202 5515 2251 5558 et
2280 5507 2471 5558 durum
2498 5518 2637 5558 emt.
2668 5521 2717 5558 et
2742 5511 2955 5558 tardum
2992 5526 3124 5558 esse-

84 5505 291 5567 Ca'rm.
324 5506 393 5560 At
416 5505 558 5562 Vict.
589 5508 668 5562 sic
695 5525 708 5561 :
738 5505 925 5561 omnia
962 5510 1265 5577 cognoscis;
1290 5519 1406 5577 post
1448 5509 1673 5563 videbis.
1863 5505 1932 5571 ‘7)
1970 5505 2164 5560 Lamb.
2202 5515 2251 5559 et
2280 5507 2471 5560 durum
2498 5518 2637 5575 erat,
2668 5521 2717 5564 et
2742 5511 2955 5564 tardum
2992 5526 3124 5565 esse.

86 5584 288 5658 Carm.
326 5590 486 5658 vero;
511 5593 904 5658 0.7cogttosces;_
914 5594 978 5658 7p.
1010 5578 1677 5658 vLQuasmsSLIectiones
1969 5576 2102 5658 biss.
2134 5575 2290 5658 litigi.
2322 5578 2480 5658 irent.

86 5649 354 5705 tltericus
382 5646 626 5704 invertit.
652 5644 838 5719 Neque
855 5644 1014 5704 aliter
1039 5647 1345 5707 Russelius.
1381 5649 1547 5706 Recte
1573 5648 1677 5703 Fa-
1853 5644 1935 5719 (9)7
1952 5646 2098 5719 Mss.
2128 5644 2285 5719 A7ngl.
2309 5647 2623 5716 dignitosus.

90 5720 331 5779 bricius.
747 5716 766 5719 ”
1856 5716 1968 5789 (10)
2010 5716 2199 5771 Lamb.
2228 5733 2359 5788 pone
2392 5721 2445 5772 in
2475 5730 2765 5775 structura.
