3830 6216
500 254 603 310 987
1944 252 2002 307 S.
2044 252 2057 307 l

2166 253 2311 309 {ME
3681 264 3783 320 988

503 369 667 439 longe
694 384 723 423 a
754 369 894 424 turri
939 368 1225 439 projicies.
1276 365 1404 423 Haec
1451 383 1576 423 cum
1607 369 1959 441 prmeepisset
2000 371 2074 435 ei,
2119 386 2245 425 cum
2279 370 2541 426 omnibus
2571 386 2695 430 cum
2743 373 2946 442 quibus
2992 381 3215 429 venerat
3238 372 3307 429 ad
3335 375 3563 441 turrim,
3590 375 3781 431 abiit:

503 461 749 532 virgines
787 470 969 516 autem
997 462 1103 515 illa:
1143 469 1415 517 steterunt
1443 460 1592 515 circa
1632 461 1851 526 turrim,
1870 462 2244 517 custodientes
2270 476 2419 516 eam.
2455 459 2523 514 Et
2550 462 2665 516 dixi
2695 462 2762 517 ad
2787 472 3062 532 pastorem
3086 464 3241 519 illum
3272 483 3287 518 :
3316 462 3583 531 Quonam
3614 466 3785 520 modo

502 562 739 625 possunt
766 554 976 624 lapides
1006 554 1061 609 hi
1089 554 1145 608 in
1178 561 1517 608 structuram
1550 550 1715 619 hujus
1746 553 1937 618 turris,
1967 568 2093 608 cum
2118 553 2394 623 reprobati
2423 553 2555 619 sint,
2594 553 2813 608 redire?
2838 554 2906 609 Et
2934 555 3075 612 dixit
3111 556 3245 610 mihi
3272 575 3286 610 :
3317 555 3431 626 Ego
3458 558 3535 612 de
3578 557 3784 627 lapidi-

503 647 608 702 bus
640 649 761 703 istis
786 648 1055 717 majorem
1087 654 1297 716 partem
1328 645 1722 700 circumcidam
1748 653 1799 698 et
1831 644 2087 713 adjiciam
2138 644 2193 698 in
2242 652 2606 710 structuram,
2635 651 2691 697 et
2717 645 3043 700 convenient
3069 663 3195 702 cum
3229 650 3462 704 caeteris.
3502 649 3576 703 Et
3614 650 3737 703 dixi
3768 667 3779 700 :

501 738 624 805 Quo
652 741 835 806 modo,
862 741 1107 802 domine,
1133 748 1365 809 possunt
1393 740 1709 795 circumcisi
1741 740 1999 794 eumdem
2032 740 2213 795 locum
2246 740 2472 809 implere
2502 739 2660 810 (ll)?
2693 738 3041 810 Quicunque,
3066 742 3263 813 inquit,
3290 745 3539 799 minores
3568 746 3782 803 inventi

501 828 726 897 fuerint,
760 832 814 885 in
840 831 1075 885 mediam
1101 840 1436 885 structuram
1466 831 1625 885 ibunt
1657 830 1803 899 (12);
1834 832 2073 900 majores
2104 846 2236 886 vero
2264 831 2333 886 de
2383 830 2520 887 foris
2550 840 2847 901 ponentur,
2874 840 2929 887 et
2949 835 3306 890 continebunt
3332 851 3449 892 eos.
3484 832 3626 892 Haec
3655 853 3782 893 cum

505 924 737 980 dixisset
766 926 900 979 milii
933 924 1199 993 :Eamus,
1230 926 1429 995 inquit,
1456 938 1509 982 et
1535 938 1661 998 post
1693 928 1937 982 triduum
1996 938 2377 996 revertamur;
2428 937 2485 983 et
2535 929 2866 986 emundatos
2921 929 3026 985 hos
3074 930 3283 1001 lapides
3328 932 3384 987 in
3424 942 3782 988 structuram

505 1022 787 1091 adjiciam.
830 1021 906 1076 Ea
934 1022 1080 1078 enim
1115 1038 1241 1092 qua:
1263 1034 1394 1079 sunt
1424 1026 1573 1079 circa
1604 1033 1823 1090 turrim,
1854 1024 2235 1079 commundari
2257 1024 2460 1080 debent
2484 1026 2705 1090 omnia;
2741 1040 2810 1080 ne
2840 1024 2981 1080 forte
3024 1024 3206 1080 subito
3247 1024 3662 1096 paterfamilias
3692 1042 3786 1080 su-

498 1120 807 1187 perveniat,
838 1129 891 1175 et
918 1120 1207 1175 immunda
1238 1136 1303 1176 ea
1332 1136 1457 1191 quae
1479 1123 1625 1176 circa
1660 1123 1858 1175 turrim
1890 1130 2040 1187 sunt,
2071 1120 2334 1189 inveniat,
2356 1128 2412 1176 et
2441 1120 2518 1175 ita
2545 1130 2872 1191 aspernetur
2897 1120 3047 1191 (l5);
3070 1129 3126 1175 et
3168 1120 3223 1175 hi
3267 1121 3475 1191 lapides
3504 1136 3626 1176 non
3654 1121 3783 1175 mit-

497 1222 684 1269 tantur
712 1215 824 1286 (14)
852 1216 903 1270 ἰη
942 1226 1280 1273 structuram
1305 1218 1477 1273 turris
1501 1217 1689 1289 hujus,
1720 1226 1775 1273 et
1804 1233 1905 1288 ego
1934 1218 2216 1289 negligens
2236 1218 2633 1288 paterfamilias
2661 1218 2776 1290 (15)
2824 1218 3011 1272 videar
3042 1233 3185 1273 esse.
3214 1216 3345 1275 Post
3373 1218 3635 1274 triduum
3666 1218 3779 1286 (16)

496 1319 680 1365 autem
707 1328 834 1366 cum
868 1314 1214 1369 venissemus
1240 1314 1307 1369 ad
1336 1316 1587 1370 eamdem
1618 1315 1842 1381 turrim,
1874 1316 1951 1369 ait
1974 1315 2109 1369 mihi
2141 1332 2154 1366 :
2185 1315 2620 1371 Consideremus
2659 1317 2763 1371 bos
2797 1314 3007 1385 lapides
3031 1328 3246 1383 omnes,
3275 1323 3331 1370 et
3351 1314 3657 1371 videamus
3688 1316 3778 1385 qui

491 1421 559 1461 ex
590 1409 671 1465 eis
692 1418 925 1479 possunt
952 1410 1009 1464 in
1043 1418 1377 1467 structuram
1410 1412 1491 1466 ire
1520 1410 1568 1481 (l
1582 1410 1657 1480 7).
1688 1409 1824 1466 Dico
1847 1411 1895 1465 ei
1929 1424 1945 1464 :
1974 1410 2423 1478 Consideremus,
2449 1410 2689 1466 domine.

1912 1521 2142 1578 CAPUT
2182 1520 2315 1577 Vlll.

560 1616 806 1673 Primum
838 1620 1085 1676 omnium
1116 1620 1387 1691 coepimus
1413 1620 1765 1677 considerare
1791 1635 1888 1677 eos
1917 1620 2011 1691 qui
2055 1620 2197 1690 nigri
2229 1618 2467 1674 fuerant.
2509 1617 2712 1686 Quales
2741 1618 2887 1673 enim
2916 1633 2944 1672 a
2964 1622 3241 1672 structura
3254 1613 3490 1685 depositi
3525 1611 3779 1677 fuerant,

490 1715 627 1772 tales
655 1726 784 1773 sunt
816 1718 1033 1788 reperti.
1066 1716 1239 1774 Jussit
1264 1733 1359 1772 eos
1383 1733 1412 1771 a
1445 1717 1583 1772 turri
1618 1718 1847 1781 moveri,
1881 1725 1934 1770 et
1964 1731 2213 1771 seorsum
2240 1716 2429 1785 reponi
2462 1714 2596 1787 (l8).
2627 1714 2833 1770 Deinde
2855 1713 3227 1770 consideravit
3254 1727 3348 1767 eos
3373 1711 3472 1781 qui
3516 1709 3779 1764 scabrosi

487 1812 746 1872 fuerant:
779 1826 834 1871 et
860 1816 1062 1872 multos
1093 1832 1159 1871 ex
1190 1816 1270 1871 eis
1300 1816 1620 1871 circumcidi
1644 1815 1846 1885 jussit,
1881 1822 1936 1869 et
1967 1830 2063 1884 per
2094 1810 2332 1885 virgines
2377 1830 2473 1870 eos
2512 1815 2567 1869 in
2599 1823 2930 1870 structuram
2963 1814 3133 1869 turris
3172 1810 3349 1883 aptari
3379 1830 3391 1863 :
3431 1810 3544 1864 illa:
3581 1815 3780 1862 autem

489 1910 740 1963 sublatos
770 1924 866 1964 eos
898 1918 1225 1979 aptaverunt
1272 1906 1327 1960 in
1364 1906 1544 1961 media
1586 1914 1884 1961 structura.
1935 1903 2195 1975 Reliquos
2248 1916 2428 1961 autem
2459 1905 2627 1975 jussit
2656 1921 2780 1961 cum
2830 1906 2939 1961 illis
2987 1906 3161 1977 nigris
3203 1902 3597 2005 reponis-nam
3625 1909 3692 2005 et
3725 1899 3777 2005 hi

486 2014 783 2060 evaserunt
819 2005 981 2076 nigri.
1010 2004 1217 2060 Deinde
1243 2002 1631 2059 considerabat
1652 2017 1749 2057 eos
1774 2002 1867 2071 qui
1906 2002 2181 2057 scissuras
2210 2002 2519 2058 habebant:
2553 2011 2608 2057 et
2642 2017 2709 2057 ex
2752 2002 2861 2059 illis
2898 2002 3102 2056 multos
3147 1995 3466 2098 circumcidi
3493 1995 3692 2098 jussit,
3726 1999 3779 2097 et

486 2114 584 2168 per
615 2098 736 2155 illas
767 2099 1007 2170 virgines
1036 2100 1197 2169 adjici
1222 2101 1274 2155 in
1309 2108 1667 2156 structuram.
1705 2096 1770 2151 lli
1802 2097 1870 2153 de
1892 2097 2027 2152 foris
2051 2097 2213 2167 positi
2241 2106 2389 2164 sunt,
2417 2098 2683 2167 quoniam
2716 2098 2830 2167 (19)
2874 2096 3071 2166 integri
3110 2092 3313 2193 inventi
3355 2098 3488 2145 sunt
3518 2106 3541 2193 τ’

485 2202 667 2247 autem
695 2200 916 2263 propter
943 2193 1347 2249 multituJinem
1377 2193 1748 2248 scissurarum
1780 2205 1889 2245 non
1918 2199 2216 2261 potuerunt
2248 2189 2525 2243 afformari
2554 2188 2692 2259 (20),
2723 2196 3015 2259 propterea
3060 2186 3291 2289 projecti
3332 2193 3461 2289 sunt
3488 2181 3565 2236 ab
3594 2181 3775 2289 aedili:

485 2286 708 2341 catione
745 2286 939 2341 turris.
975 2285 1184 2341 Deinde
1222 2286 1608 2342 considerabat
1634 2299 1729 2339 eos
1768 2284 1863 2354 qui
1888 2289 2031 2339 curti
2059 2282 2189 2340 facti
2215 2293 2372 2339 erant
2402 2302 2415 2338 :
2455 2284 2610 2339 multi
2657 2299 2725 2338 ex
2763 2283 2871 2339 illis
2899 2283 3174 2339 scissuras
3205 2280 3503 2344 habebant,
3538 2286 3595 2333 et
3626 2280 3773 2347 nigri

482 2395 805 2454 evaserant;
839 2387 931 2442 alii
955 2402 1088 2443 vero
1110 2388 1382 2443 scissuras
1410 2400 1640 2457 magnas
1666 2384 1959 2452 habebant,
1994 2400 2136 2455 quos
2173 2384 2342 2454 jussit
2370 2382 2572 2454 apponi
2596 2398 2721 2438 cum
2756 2381 2864 2436 illis
2896 2380 3011 2450 (21)
3045 2378 3142 2449 qui
3183 2375 3562 2481 rejectifrant
3591 2390 3605 2424 :
3640 2373 3774 2481 reli-

482 2493 624 2546 quos
647 2487 827 2535 autem
858 2482 1277 2537 commundatos
1302 2490 1359 2537 et
1383 2482 1701 2536 afformatos
1737 2480 1900 2551 adjici
1934 2480 2102 2550 jussit
2131 2480 2187 2534 in
2219 2489 2553 2536 structuram
2576 2520 2591 2544 ,
2625 2492 2767 2548 quos
2797 2474 3315 2571 sub|_at9§__Vil’8i'_'es
3361 2471 3474 2571 “EB.
3498 2470 3769 2571 i“

482 2575 760 2623 structura
790 2578 1152 2638 aptaverunt;
1186 2571 1520 2627 infirmiores
1546 2571 1696 2626 enim
1718 2581 1895 2627 erant.
1922 2570 2127 2627 Deinde
2158 2572 2546 2627 considerabat
2588 2586 2718 2637 eos,
2748 2569 2843 2639 qui
2874 2561 3477 2664 dimidii-qui-dem-a-lbi
3502 2602 3518 2626 ,
3552 2561 3771 2664 dimidii

482 2666 662 2711 autem
696 2659 836 2728 nigri
869 2659 1088 2717 fuerant
1115 2664 1345 2733 reperti;
1379 2672 1434 2717 et
1455 2663 1613 2718 multi
1641 2680 1706 2719 ex
1733 2663 1842 2719 illis
1878 2664 2021 2734 nigri
2053 2663 2260 2719 inventi
2295 2672 2425 2719 sunt
2461 2683 2474 2717 :
2503 2663 2672 2733 jussit
2704 2670 2760 2716 et
2802 2661 2905 2716 hos
2932 2657 3221 2714 transferri
3350 2656 3478 2754 illos
3502 2655 3600 2725 qui
3625 2656 3771 2754 reje-

481 2752 553 2804 cti
580 2760 758 2805 erant.
791 2752 1009 2826 Reliqui
1033 2773 1165 2812 vero
1201 2757 1300 2811 toti
1324 2758 1542 2812 candidi
1573 2742 1778 2815 inventi
1808 2768 1940 2815 sunt
1972 2776 1985 2812 :
2023 2766 2079 2812 et
2106 2758 2163 2812 hi
2187 2756 2387 2812 sublati
2414 2763 2546 2812 sunt
2583 2770 2615 2809 a
2649 2754 2980 2826 virginibus,
3012 2761 3067 2807 et
3094 2747 3262 2819 aptati
3290 2748 3347 2801 in
3369 2748 3570 2802 eadem
3597 2746 3763 2810 turri;

481 2841 782 2900 exteriores
810 2855 993 2902 autem
1019 2850 1180 2917 positi
1208 2863 1337 2907 sunt
1359 2854 1452 2924 qui
1481 2854 1595 2923 (22)
1624 2855 1817 2926 integri
1843 2855 2049 2911 inventi
2087 2862 2248 2921 sunt,
2283 2854 2355 2909 ita
2387 2862 2448 2908 ut
2486 2860 2710 2922 possent
2737 2850 3016 2906 continere
3042 2862 3138 2901 eos
3175 2848 3269 2915 qui
3318 2844 3375 2898 in
3406 2843 3592 2897 medio
3621 2857 3763 2897 eon-

483 2940 677 2996 structi
704 2951 890 3009 erant;
942 2943 1080 2997 nihil
1111 2946 1256 2999 enim
1301 2948 1382 3003 eis
1426 2948 1541 3018 (23)
1583 2950 1818 3005 recisum
1871 2958 1975 3007 est.
2022 2949 2226 3006 Deinde
2254 2949 2632 3005 considerabat
2655 2962 2752 3003 eos
2792 2946 2886 3016 qui
2927 2944 3049 2999 duri
3080 2950 3133 2998 et
3163 2938 3597 3044 asperifuerunt

482 3031 645 3099 pauci
672 3047 736 3086 ex
768 3034 853 3089 his
882 3035 1077 3106 adjecti
1110 3040 1223 3111 (25)
1258 3052 1408 3110 sunt,
1456 3046 1716 3114 quoniam
1760 3062 1868 3101 non
1909 3054 2163 3117 poterant
2192 3045 2553 3111 circumcidi;
2587 3044 2745 3099 valde
2772 3043 2919 3098 enim
2962 3040 3088 3095 duri
3121 3036 3324 3108 reperti
3351 3045 3529 3091 sunt:
3564 3035 3767 3104 reliqui

480 3132 661 3176 autem
696 3122 914 3181 formati
945 3128 1058 3199 (26)
1086 3140 1234 3200 sunt,
1267 3144 1320 3189 et
1348 3136 1402 3189 in
1436 3137 1613 3191 media
1638 3146 1917 3192 structura
1946 3153 1975 3191 a
2004 3138 2313 3208 virginibus
2344 3135 2550 3207 aptati;
2584 3136 2919 3189 infirmiores
2947 3133 3094 3187 enim
3123 3140 3303 3186 erant.
3338 3128 3554 3183 Deinde
3578 3128 3769 3183 consi-

480 3217 711 3275 derabat
738 3222 861 3279 illos
883 3226 978 3294 qui
1013 3230 1260 3283 maculas
1288 3228 1599 3298 habebant;
1631 3239 1685 3285 et
1710 3246 1776 3285 ex
1818 3232 1899 3287 eis
1927 3233 2087 3301 pauci
2126 3230 2329 3301 reperti
2358 3240 2490 3287 sunt
2524 3230 2687 3301 nigri,
2714 3238 2768 3284 et
2796 3228 2852 3283 hi
2895 3229 2961 3283 ad
2989 3224 3440 3325 cmteros_adjecti
3472 3223 3763 3325 suntZQui

478 3328 612 3369 vero
639 3316 1044 3386 superfuerant,
1074 3324 1289 3378 candidi
1317 3333 1373 3379 et
1395 3324 1592 3397 integri
1617 3326 1824 3381 inventi
1857 3337 2019 3395 sunt;
2050 3337 2105 3383 et
2128 3326 2185 3382 hi
2221 3344 2254 3383 a
2291 3326 2598 3399 virginibus
2623 3327 2680 3381 in
2706 3332 3041 3381 structuram
3069 3321 3238 3393 aptati
3261 3332 3415 3381 sunt,
3443 3328 3502 3373 et
3530 3318 3603 3373 de
3627 3316 3766 3371 foris

480 3405 666 3475 positi,
704 3416 928 3479 propter
951 3408 1325 3473 fortitudinem
1350 3434 1527 3475 suam.

1935 3488 2168 3545 CAPUT
2207 3488 2299 3544 IX.

556 3566 716 3624 Venit
743 3571 960 3641 deinde,
999 3585 1059 3630 ut
1087 3580 1467 3637 consideraret
1496 3583 1610 3654 (27)
1640 3599 1737 3641 eos
1768 3584 1997 3655 lapides,
2029 3586 2124 3654 qui
2149 3584 2367 3639 candidi
2394 3591 2449 3639 et
2471 3584 2690 3640 rotundi
2713 3592 2906 3651 erant;
2935 3592 2988 3637 et
3013 3581 3089 3635 ait
3110 3579 3242 3634 mihi
3272 3597 3287 3633 :
3320 3577 3461 3645 Quid
3490 3577 3765 3632 faciemus

479 3660 549 3715 de
576 3660 660 3717 his
697 3663 1005 3732 lapidibus?
1033 3666 1101 3722 Et
1122 3685 1224 3738 ego
1250 3672 1363 3726 dixi
1396 3691 1411 3728 :
1453 3673 1704 3741 Domine,
1739 3676 1948 3730 nescio.
1984 3674 2128 3729 Nihil
2156 3690 2305 3746 ergo,
2330 3675 2528 3743 inquit,
2551 3676 2829 3747 excogitas
2855 3677 2923 3731 de
2949 3676 3077 3731 his?
3106 3674 3237 3744 Ego,
3270 3675 3502 3743 inquam
3529 3713 3545 3735 ,
3588 3684 3762 3727 artem

482 3754 643 3822 hanc,
681 3754 922 3826 domine,
950 3776 1059 3815 non
1086 3760 1233 3824 novi,
1264 3776 1364 3816 nec
1390 3760 1687 3831 lapidarius
1728 3780 1875 3831 sum,
1915 3779 2015 3819 nec
2060 3778 2285 3835 possum
2322 3765 2626 3836 intelligere
2668 3766 2991 3836 quidquam.
3022 3763 3091 3818 Et
3126 3764 3262 3819 dixit
3292 3783 3305 3818 :
3332 3762 3455 3817 Non
3484 3765 3645 3819 vides
3667 3781 3762 3819 eos

480 3847 637 3901 valde
666 3852 933 3907 rotundos
961 3855 1113 3908 esse?
1134 3853 1293 3921 Quod
1321 3856 1369 3910 si
1404 3857 1630 3912 voluero
1655 3873 1752 3914 eos
1782 3859 2082 3929 quadratos
2107 3860 2386 3930 redigere,
2415 3861 2715 3931 plurimum
2754 3863 2885 3917 mihi
2912 3878 2976 3916 ex
3011 3860 3097 3915 his
3123 3859 3485 3915 recidendum
3515 3870 3633 3927 est;
3665 3864 3761 3918 sed

481 3952 707 3994 necesse
735 3950 818 3995 est
843 3942 1061 4012 aliquos
1084 3960 1147 4000 ex
1178 3944 1266 4001 bis
1293 3946 1348 4001 in
1375 3957 1708 4003 structuram
1743 3951 1912 4005 turris
1944 3950 2178 4006 transire
2201 3950 2338 4023 (28).
2367 3951 2435 4005 Ει
2458 3952 2571 4007 dixi
2602 3971 2615 4007 :
2648 3952 2705 4007 Si
2732 3969 2956 4010 necesse
2981 3964 3086 4022 est,
3118 3955 3247 4026 quid
3274 3956 3442 4027 igitur
3473 3966 3529 4013 te
3577 3958 3759 4027 impli-

482 4048 577 4088 cas
601 4034 737 4107 (29),
771 4047 824 4091 et
848 4054 955 4093 non
979 4042 1158 4109 eligis,
1190 4046 1235 4099 si
1262 4060 1405 4115 quos
1438 4046 1607 4100 habes
1640 4046 1869 4115 eligere,
1899 4058 1953 4103 et
1973 4058 2127 4118 aptas
2158 4048 2212 4102 in
2246 4056 2582 4104 structuram
2621 4050 2809 4105 illam?
2846 4051 2913 4106 Et
2949 4052 3115 4125 elegit
3140 4070 3282 4125 quos
3311 4054 3450 4109 vidit
3478 4054 3759 4113 maximos

480 4135 535 4180 et
557 4128 1052 4199 splendidissimos,
1078 4143 1133 4188 et
1154 4135 1727 4207 afformavit(50)eos,
1746 4155 1887 4208 quos
1912 4140 2159 4195 sublatos
2187 4140 2423 4210 virgines
2457 4141 2563 4195 illa:
2588 4142 2643 4196 in
2678 4144 3043 4202 exterioribus
3071 4147 3316 4216 partibus
3344 4157 3643 4204 structura:
3664 4165 3759 4219 po—

482 4234 733 4282 suerunt.
769 4225 984 4298 Reliqui
1009 4246 1139 4285 vero
1164 4232 1258 4301 qui
1283 4232 1693 4303 superfuerunt,
1722 4236 1946 4304 repositi
1976 4246 2105 4290 sunt
2126 4235 2182 4290 in
2212 4235 2464 4291 eumdem
2492 4251 2749 4307 campum
2776 4239 2889 4307 (5|)
2923 4247 3067 4297 unde
3094 4244 3298 4314 sumpti
3327 4252 3522 4313 erant;
3557 4245 3754 4317 abjecti

1576 4350 1812 4405 VARIE
1850 4350 2235 4407 LECTIONES
2272 4350 2360 4406 ET
2401 4352 2633 4408 ΝΟΤᾹΣ.

2259 4445 2352 4515 24)
2380 4443 2569 4515 Lamb.
2612 4446 2843 4515 fuerant.

2262 4514 2512 4589 25)(ᾃξεε.
2549 4514 2759 4589 Lamb.,
2779 4518 2912 4574 Vict.
2945 4529 2999 4575 et
3025 4520 3209 4575 Carm.
3242 4520 3456 4589 abjecti.

2385 4584 2700 4659 _Mss.-Angl.
2730 4590 3036 4659 deformati.

694 4434 826 4508 Mss.
856 4436 1016 4508 Angl.
1042 4438 1266 4508 explere.

541 4505 781 4629 (ianua
798 4523 932 4562 mss.
950 4505 1115 4578 lngl.
1140 4510 1323 4567 Fellus
1344 4522 1524 4569 tamen
1544 4513 1597 4567 in
1622 4530 1722 4569 sua
1737 4515 1867 4569 edit.
1884 4515 2061 4574 Oxon.

541 4590 551 4626 l
608 4592 669 4628 en
700 4593 784 4629 ur.

477 4589 784 4629 mutentur.

550 4646 597 4718 (l
610 4646 665 4718 7;)
690 4645 820 4718 Mss.
848 4646 1011 4718 Angl.
1045 4663 1403 4718 exasperetur.

552 4716 666 4789 (14)
698 4716 891 4789 Lamb.
916 4716 973 4772 u't
1002 4730 1051 4774 et
1083 4721 1137 4773 hi
1170 4716 1373 4789 lapides
1401 4740 1504 4777 non
1532 4726 1658 4780 sint.

551 4786 667 4869 (‘15)
696 4786 889 4869 Lamb.
924 4786 1365 4869 patrisfamilias.
1402 4793 1565 4849 Forte
1590 4838 1605 4862 ,
1649 4799 2059 4869 patrifamilias,

478 4862 540 4907 ut
562 4855 850 4918 legendum
886 4855 1071 4915 censet
1098 4855 1419 4918 Cotelerius.

538 4927 664 5011 μϐ)
696 4927 900 5011 Ιιθῐηὺιῄ
938 4932 1175 4985 biduum.
1220 4933 1291 4987 At
1330 4935 1494 4989 modo
1542 4937 1850 5010 legebamus
1888 4958 1903 4994 :
1943 4951 2059 5011 post

477 4999 716 5050 triduum
739 5009 1078 5054 revertamur.

552 5066 664 5135 (l7)
691 5066 883 5124 Lamb.
914 5072 1202 5125 convenire.

698 5137 889 5217 Lamb.
913 5142 1064 5217 poni.
1090 5140 1181 5197 Sic
1208 5154 1262 5200 et
1282 5146 1447 5213 paulo
1476 5157 1615 5217 post.

702 5208 991 5289 elli_edit.
1006 5211 1218 5289 ΔΟποιι.Δ
1234 5208 1354 5289 qui”
1374 5208 1771 5289 prp'quom'am.

555 5278 680 5359 (20)¹
702 5278 895 5359 Lamb:
930 5278 1405 5359 deformat'i.'Edit-.
1438 5278 1608 5344 Paris.
1640 5292 1933 5359 e/formari.
1966 5292 2057 5350 Sic

479 5360 608 5470 mo‘x
630 5349 810 5471 2ibdem
870 5348 1062 5405 Lamb.
1125 5354 1452 5424 deformatos
1507 5348 1695 5430 adjici.
1744 5362 1879 5418 Vide
1927 5348 2057 5420 mox

479 5432 552 5471 no
584 5457 597 5470 .
706 5457 721 5471 .

478 5432 597 5471 IIOL
630 5432 721 5472 ou.

550 5488 666 5625 (21)
696 5487 889 5569 Lamb.
918 5491 1164 5572 habentes
1187 5496 1353 5564 jussit
1388 5515 1473 5552 eos
1499 5502 1623 5568 poni
1647 5518 1766 5556 cum
1797 5505 1885 5559 iis.

579 5557 644 5610 22
700 5557 792 5614 Sic
814 5568 869 5614 et
897 5563 1025 5616 edit.
1056 5563 1233 5621 Paris.
1270 5578 1325 5621 et
1355 5568 1532 5622 Oxon.
1580 5572 1649 5625 At
1674 5572 1867 5625 Lamb.

579 5557 666 5632 _22)
700 5557 792 5614 Sic
814 5568 869 5614 et
897 5563 1025 5616 edit.
1056 5557 1233 5621 Paris.
1270 5578 1325 5621 et
1355 5557 1532 5622 Oxon.
1580 5572 1649 5626 At
1674 5557 1867 5630 Lamb.
1910 5574 2049 5632 Vict.

466 5634 534 5681 et
558 5628 741 5707 tiara].
768 5633 1037 5707 quoniam,
1064 5646 1125 5690 ut
1147 5637 1307 5691 modo
1337 5655 1522 5707 supra.

550 5695 666 5770 (25)
695 5695 884 5757 Laiub.
912 5695 1157 5763 instructi
1186 5718 1372 5776 erant;
1400 5695 1533 5764 nihil
1560 5714 1696 5767 enim
1721 5730 1786 5769 ea:
1811 5717 1904 5771 eis.

2261 4655 2351 4725 27)
2383 4654 2574 4709 Lamb.
2609 4654 2806 4712 deinde
2827 4662 3182 4715 considerare.

2260 4725 2353 4797 28)
2385 4725 2517 4797 Mss.
2552 4728 2712 4797 Angl.
2744 4731 2839 4783 ire.

2259 4794 2350 4865 29)
2386 4794 2538 4850 Bodl.
2566 4794 2823 4854 tristaris.
2858 4800 3053 4855 Lamb.
3082 4812 3130 4855 te
3153 4804 3332 4856 tricas.

2235 4866 2350 4934 (50)
2380 4864 2939 4942 La_mb._deformarit.
2967 4871 3094 4927 Haec
3130 4883 3278 4927 recta
3303 4882 3390 4927 est
3417 4874 3609 4942 lectio,
3646 4893 3749 4930 non

2162 4936 2347 5016 inepta
2380 4945 2434 4989 et
2459 4938 2721 5016 inusitata
2754 4956 2854 4995 vox
2888 4943 3193 5016 a/f'ormare.
3228 4942 3329 5016 Sic
3349 4954 3405 4998 et
3430 4936 3605 5015 supra
3630 4964 3745 5016 cap.

2160 5006 2214 5083 ξ,
2244 5007 2536 5083 deformari
2560 5023 2845 5083 perperam
2874 5006 3142 5067 mutatum
3176 5006 3572 5083 ina/formari,
3597 5006 3749 5071 etd'e-

2161 5077 2420 5154 [ορ-ηεσιοδ
2445 5076 2498 5129 in
2531 5076 2863 5154 a/f'ormatos,
2901 5092 2956 5136 et
2991 5084 3278 5153 deformati
3298 5076 3365 5138 'in
3395 5076 3641 5154 formati.
3662 5088 3749 5141 Ni—

2159 5146 2360 5200 mirum
2384 5188 2399 5213 ,
2425 5149 2797 5225 exscriptores
2847 5146 3235 5207 existimarunt
3275 5146 3583 5225 deformare
3634 5174 3745 5213 esse

2157 5217 2702 5291 tantumAdeformem
2732 5229 2786 5274 et
2817 5230 3028 5291 turpem
3057 5226 3303 5288 reddere,
3335 5217 3462 5279 cum
3490 5229 3564 5281 sit
3587 5230 3742 5282 etiam

2159 5286 2487 5364 simpliciter
2523 5299 2730 5364 mutare
2768 5286 2997 5359 formam
3043 5294 3097 5347 in
3130 5286 3381 5364 quamvis
3421 5300 3613 5353 aliam.
3649 5299 3742 5351 νει

2156 5364 2299 5436 teres
2321 5356 2527 5436 Glossa;
2553 5376 2566 5411 :
2594 5356 2865 5436 Deforme,
2886 5356 3270 5436 Ausmyop'qx'b,
3298 5369 3623 5436 μετατυπῶ.
3650 5370 3739 5421 ltr-

2157 5426 2328 5509 formo
2364 5428 2466 5509 (_si_c
2509 5426 3207 5509 ιθεθηίιψιι),ςᾴ’τεοτελέὼέ
3248 5426 3733 5509 ἐιρεεᾷεὶεηὶίίςειὶο

2156 5498 2362 5578 Optime
2388 5499 2477 5578 hic
2498 5498 2774 5579 convenit,
2799 5498 2896 5556 ubi
2924 5503 3101 5558 forma
3127 5498 3362 5579 rotunda
3386 5498 3633 5579 lapidum
3656 5524 3729 5563 re-

2156 5571 2398 5621 sectione
2424 5569 2477 5621 in
2509 5570 2832 5638 quadratam
2870 5583 3133 5631 mutatur.
3166 5576 3333 5633 Cm.

2229 5638 2340 5709 (51)
2370 5638 2561 5695 Lamb.
2595 5642 2773 5695 eodem
2800 5660 3004 5713 campo.
