3830 6216
132 270 236 327 989
1278 270 1573 327 PASTOR.
1614 302 1644 309 —

1889 268 1978 325 Ill.
2021 270 2222 326 SlMlL.
2268 273 2397 328 ιχ..
3281 268 3386 326 990

130 395 262 434 vero
291 394 394 436 non
419 389 568 435 sunt.
600 377 898 447 Quoniam,
932 382 1129 454 inquit,
1161 382 1342 440 adhuc
1365 385 1624 455 exiguum
1648 386 1801 440 deest
1832 386 1959 441 huic
1987 387 2147 453 turri,
2172 388 2322 457 quod
2352 386 2729 445 aedificandum
2753 389 2892 457 erit;
2924 399 2978 446 et
3010 388 3240 446 forsitan
3268 388 3386 444 vult

140 471 397 530 dominus
428 475 529 531 bos
560 475 772 546 lapides
798 480 972 548 aptari
1010 480 1064 534 in
1096 496 1157 535 ea
1190 489 1491 543 structura.
1523 481 1653 551 quia
1693 481 1851 538 valde
1891 483 2110 537 candidi
2162 491 2291 538 sunt
2339 482 2475 554 (32).
2508 481 2729 539 Vocataa
2760 493 2889 541 sunt
2913 485 3108 539 deinde
3133 484 3390 540 mulieres

132 567 556 637 speciosissima;
585 568 898 638 duodecim,
928 572 1083 643 nigra
1112 581 1263 629 veste
1291 574 1523 636 vestitae,
1559 573 1833 639 incinctae,
1861 582 1917 628 et
1942 573 2144 628 exertis
2180 573 2448 639 humeris,
2488 575 2810 647 capillisque
2838 577 3032 632 solutis
3059 577 3198 646 (55).
3229 575 3393 630 Vide-

134 663 333 718 bantur
356 672 537 720 autem
562 663 699 718 mihi
730 664 814 720 hae
838 663 1097 719 mulieres
1120 672 1365 733 agrestes
1394 679 1538 719 esse.
1563 662 1631 718 Et
1650 663 1818 733 jussit
1848 678 1942 719 eas
1964 673 2149 734 pastor
2184 664 2274 719 ille
2304 665 2497 720 tollere
2525 664 2735 735 lapides
2758 667 2882 723 illos
2904 668 3000 738 qui
3026 668 3093 722 de
3114 675 3392 723 structura

134 758 292 827 ejecti
319 766 477 813 erant
509 759 647 830 (54),
678 768 733 813 et
751 774 847 814 eos
872 758 1061 816 referri
1094 758 1147 813 in
1179 766 1392 814 montes
1419 758 1563 814 unde
1588 760 1755 815 ablati
1784 759 2021 815 fuerant.
2045 759 2112 814 Et
2150 760 2256 815 illa:
2282 760 2581 830 gaudentes
2609 760 2953 815 sustulerunt
2984 774 3199 825 omnes,
3225 767 3281 815 et
3307 775 3395 815 re-

132 858 490 919 portaverunt
523 866 621 907 eos
648 851 793 906 unde
819 851 1048 906 extracti
1080 848 1321 905 fuerant.
1348 848 1649 920 Postquam
1676 858 1859 905 autem
1904 851 2089 906 nullus
2128 851 2269 921 lapis
2303 851 2450 906 circa
2481 851 2677 907 turrim
2700 852 2927 921 jaceret,
2955 852 3031 907 ait
3059 852 3197 906 mihi
3223 874 3236 906 :
3267 851 3394 911 Cir-

132 958 453 1000 eumeamus
484 945 626 1001 hanc
659 946 879 1012 turrim,
908 954 964 1002 et
990 945 1280 1002 videamus
1303 946 1554 1015 nunquid
1585 945 1793 1016 aliquid
1820 947 1964 1003 desit
1992 947 2106 1020 (55)
2139 948 2239 1003 illi.
2267 946 2551 1020 Cmpimus
2577 962 2709 1018 ergo
2736 948 3026 1003 circumire
3063 963 3206 1004 eam.
3241 947 3309 1003 Et
3335 958 3399 1008 ut

130 1038 274 1095 vid.t
300 1054 423 1094 eam
454 1040 713 1096 decenter
741 1039 1089 1105 aedificatam,
1120 1037 1289 1107 cmpit
1315 1036 1475 1091 valde
1507 1037 1700 1093 hilaris
1730 1051 1852 1093 esse
1882 1052 1898 1090 :
1932 1038 2009 1092 ita
2040 1038 2185 1093 enim
2214 1037 2471 1093 decenter
2496 1037 2759 1093 aedificata
2786 1036 2987 1105 fuerat,
3014 1048 3075 1092 ut
3109 1039 3203 1109 qui
3222 1037 3396 1093 vidis-

132 1144 238 1199 set,
271 1137 683 1207 concupisceret
703 1142 1039 1192 structuram
1068 1135 1221 1203 ejus;
1254 1134 1515 1204 quoniam
1542 1132 1703 1204 quasi
1727 1134 1795 1191 de
1817 1149 1930 1190 uno
1951 1133 2133 1204 lapide
2150 1134 2439 1191 videbatur
2462 1147 2608 1200 esse,
2632 1145 2737 1189 nec
2765 1145 3001 1201 usquam
3027 1130 3396 1186 commissura

133 1231 450 1301 apparebat,
482 1232 578 1288 sed
607 1247 673 1288 ex
699 1240 853 1302 petra
881 1244 991 1284 una
1016 1226 1131 1299 (56)
1159 1227 1446 1283 videbatur
1471 1228 1777 1298 exsculpta.

203 1459 323 1532 Ego
353 1467 534 1515 autem
566 1458 885 1529 hujusmodi
918 1458 1118 1514 turrim
1167 1466 1372 1513 attente
1418 1368 1824 1529 consulti)th
1840 1369 1999 1516 vxalde
2039 1460 2267 1516 laetabar
2312 1458 2450 1529 (57).
2484 1456 2553 1515 Et
2597 1458 2674 1513 ait
2716 1456 2852 1511 mihi
2884 1476 2898 1514 :
2934 1455 3082 1512 Aﬂer
3113 1455 3315 1511 calcem
3346 1459 3402 1509 et

132 1564 309 1609 testas
331 1555 593 1619 minutas,
627 1560 686 1606 ut
708 1551 917 1608 formas
945 1568 1139 1609 eorum
1168 1553 1412 1623 lapidum
1442 1554 1537 1625 qui
1566 1556 1767 1610 sublati
1801 1565 1931 1612 sunt
1961 1556 2029 1612 de
2066 1566 2343 1613 structura
2367 1564 2422 1610 et
2449 1554 2648 1610 iterum
2689 1554 2937 1624 repositi,
2965 1553 3214 1623 expleam
3242 1550 3355 1624 ('58)
3380 1571 3396 1620 ;

130 1666 195 1705 ea
227 1652 374 1706 enim
400 1665 524 1720 quae
544 1648 688 1703 circa
718 1649 914 1702 turrim
944 1657 1073 1704 sunt
1114 1650 1323 1716 omnia,
1365 1651 1569 1721 aequari
1609 1652 1826 1708 debent.
1862 1653 1929 1708 Et
1968 1654 2072 1709 feci
2115 1655 2261 1710 sicut
2293 1653 2460 1724 jussit
2488 1650 2647 1717 mihi,
2684 1658 2740 1706 et
2772 1650 2931 1704 attuli
2968 1650 3035 1704 ad
3066 1664 3214 1704 eum.
3240 1647 3309 1702 Et
3328 1647 3409 1703 ait

136 1742 277 1796 mihi
308 1740 554 1797 :Przesto
588 1739 736 1795 adsis
765 1737 903 1793 mihi
927 1756 941 1804 ;
965 1746 1021 1792 et
1047 1738 1156 1793 eito
1196 1738 1310 1807 (59)
1340 1739 1445 1794 boe
1488 1755 1626 1809 opus
1655 1742 1986 1810 perﬁcietur.
2020 1741 2325 1811 Complevit
2373 1755 2506 1811 ergo
2553 1738 2763 1797 formas
2810 1741 3033 1796 illorum
3060 1735 3327 1806 lapidum,
3351 1742 3407 1789 et

128 1840 305 1909 jussit
330 1838 513 1893 locum
544 1835 801 1890 mundari
829 1835 977 1889 eirea
1006 1832 1225 1888 turrim.
1260 1834 1415 1890 Tune
1431 1836 1671 1908 virgines
1695 1837 1801 1893 illa;
1824 1838 2306 1908 apprehenderunt
2347 1851 2574 1906 scopas,
2604 1843 2658 1889 et
2698 1834 3104 1892 mandaverunt
3130 1836 3324 1893 totum,
3351 1833 3409 1881 et

134 1934 479 1987 sustulerunt
520 1939 867 1987 excrementa
913 1929 1051 2000 (40),
1100 1938 1155 1984 et
1200 1940 1523 2000 sparserunt
1565 1947 1763 2002 aquam
1793 1951 1807 1986 :
1837 1947 1949 2002 quo
1992 1932 2287 2002 completo,
2314 1929 2493 1985 factus
2526 1938 2611 1984 est
2632 1927 2789 1984 locus
2814 1922 3153 1982 delectabilis
3180 1920 3318 1989 (41),
3350 1925 3407 1973 et

133 2030 308 2085 turris
331 2030 551 2085 decora.
579 2029 669 2083 Ait
698 2027 895 2084 deinde
929 2027 1062 2081 mibi
1093 2043 1109 2082 :
1134 2024 1331 2083 Omnia
1362 2029 1753 2084 commundata
1778 2038 1905 2085 sunt
1938 2047 1953 2083 :
1983 2030 2029 2084 si
2057 2028 2267 2084 venerit
2312 2026 2571 2082 dominus
2598 2025 2740 2079 hanc
2768 2017 2965 2074 turrim
2999 2024 3407 2074 consummare,

134 2123 278 2177 nihil
304 2124 540 2179 inveniet
569 2123 717 2194 quod
746 2123 814 2177 de
850 2122 1012 2177 nobis
1074 2132 1360 2193 queratur.
1395 2123 1520 2179 Haec
1549 2141 1677 2180 cum
1706 2124 1958 2192 dixisset,
1994 2125 2210 2179 volebat
2239 2123 2411 2178 abire.
2449 2122 2520 2175 At
2561 2136 2661 2191 ego
2692 2109 3021 2187 apprehendi
3044 2121 3231 2179 peram
3262 2103 3407 2174 ejus,

131 2224 189 2270 et
222 2218 367 2287 ccepi
399 2232 596 2290 rogare
616 2233 742 2273 eum
775 2233 873 2289 per
899 2216 1218 2285 Dominum,
1250 2227 1312 2272 ut
1339 2219 1475 2273 mihi
1506 2220 1693 2274 omnia
1724 2237 1848 2291 quae
1870 2220 2216 2286 ostenderat,
2249 2218 2544 2287 explicaret
2575 2214 2711 2287 (42).
2743 2214 2834 2268 Ait
2872 2210 3043 2266 mihi:
3074 2207 3263 2262 Habeo
3287 2218 3411 2258 mo-

133 2307 320 2364 dicam
368 2312 819 2382 occupationem;
872 2325 926 2372 at
973 2317 1161 2371 omnia
1195 2318 1291 2373 tibi
1323 2319 1649 2389 explicabo:
1684 2328 1942 2389 exspecta
1974 2328 2154 2373 autem
2198 2332 2285 2372 me
2326 2317 2447 2382 hic,
2472 2314 2603 2369 dum
2641 2313 2821 2367 venio.
2870 2309 3004 2364 Dico
3034 2307 3123 2363 ei:
3156 2303 3409 2368 Domine,

133 2409 271 2478 quid
300 2409 390 2465 hic
413 2410 564 2465 solus
593 2410 824 2466 faciam?
855 2411 1154 2483 Respondit
1182 2434 1194 2469 :
1223 2413 1341 2469 Non
1374 2430 1435 2470 es
1497 2416 1680 2482 solus;
1712 2430 1906 2471 omnes
1935 2415 2081 2470 enim
2120 2414 2361 2482 virgines
2389 2421 2570 2467 tecum
2612 2415 2758 2464 sunt.
2794 2404 2861 2458 Et
2889 2403 3003 2459 dixi
3036 2422 3049 2456 :
3083 2399 3263 2455 Trade
3299 2412 3409 2462 me,

144 2505 394 2568 domine,
422 2520 554 2579 ergo
580 2507 680 2562 eis.
717 2508 788 2562 At
812 2509 902 2564 ille
930 2511 1146 2565 vocavit
1173 2512 1316 2577 illas,
1344 2519 1399 2567 et
1428 2512 1568 2567 dixit
1594 2511 1707 2584 (45)
1737 2512 1819 2568 eis
1843 2529 1856 2565 :
1887 2511 2226 2567 Commendo
2248 2511 2402 2565 vobis
2427 2508 2595 2572 hunc,
2625 2506 2799 2561 donec
2819 2500 3000 2557 venio.
3029 2496 3287 2553 Remansi
3310 2495 3415 2565 igi-

136 2605 227 2649 tur
249 2610 377 2649 cum
403 2598 711 2668 virginibus
745 2599 873 2656 illis.
902 2598 1012 2656 Illae
1050 2609 1233 2656 autem
1262 2601 1463 2657 hilares
1490 2610 1670 2670 erant,
1703 2609 1758 2655 et
1783 2600 2029 2657 affabiles
2054 2599 2219 2666 mihi;
2252 2598 2526 2669 praecipue
2545 2605 2725 2653 tamen
2750 2606 3009 2669 quatuor,
3039 2611 3161 2666 qua:
3187 2604 3414 2651 caeteras

136 2686 526 2755 praecedebant
549 2688 839 2760 dignitate.

1594 2780 1830 2838 CAPUT
1867 2781 1960 2838 Xl.

212 2890 417 2945 Dicunt
450 2891 585 2947 mihi
616 2894 813 2950 deinde
846 2896 1090 2968 virgines
1132 2897 1276 2954 illae:
1310 2897 1480 2955 Hodie
1506 2894 1695 2969 pastor
1736 2900 1827 2955 ille
1850 2901 1960 2955 huc
1983 2908 2249 2954 venturus
2286 2913 2397 2953 non
2424 2905 2529 2955 est.
2556 2896 2624 2952 Et
2659 2913 2761 2971 ego
2802 2899 2916 2955 dixi
2944 2916 2956 2952 τ
2991 2897 3133 2967 Quid
3157 2911 3288 2969 ergo
3312 2910 3416 2967 ego

138 2984 379 3040 faciam?
411 2985 478 3041 Et
502 2987 694 3044 dicunt
716 2991 850 3045 mihi
881 3010 894 3045 ε
926 2991 1111 3064 Usque
1133 2997 1185 3048 in
1210 3010 1494 3064 vesperam
1522 3003 1803 3064 exspecta,
1823 2996 1870 3050 si
1899 2993 2087 3049 forsan
2111 2994 2321 3049 venerit
2347 3003 2400 3049 et
2430 2993 2684 3064 loquetur
2708 2991 2822 3065 (44)
2854 3002 3066 3055 tecum;
3100 2989 3184 3044 sin
3210 2988 3415 3055 minus,

138 3079 431 3133 nobiscum
461 3080 590 3135 dum
624 3082 829 3146 veniat,
864 3087 1279 3158 manebis,(45).
1313 3087 1435 3142 Dixi
1465 3088 1582 3143 eis:
1616 3086 1956 3158 Exspectabo
1983 3102 2107 3141 eum
2146 3103 2319 3157 usque
2360 3085 2427 3139 ad
2459 3099 2739 3154 vesperam
2766 3105 2776 3138 :
2804 3084 2950 3155 quod
2976 3084 3021 3139 si
3046 3098 3153 3137 non
3181 3079 3419 3139 venerit,

139 3171 370 3226 domum
395 3173 507 3237 ibo,
533 3186 586 3229 et
618 3189 858 3231 revertar
883 3195 1062 3235 mane.
1097 3180 1521 3253 Responderunt
1548 3183 1683 3237 mihi
1712 3201 1727 3238 :
1760 3181 1931 3239 Nobis
1966 3182 2279 3252 assignatus
2302 3197 2362 3237 es
2393 3201 2406 3236 :
2439 3196 2547 3235 non
2575 3189 2730 3249 potes
2757 3177 3009 3231 recedere
3039 3174 3151 3243 (46)
3179 3187 3210 3225 a
3234 3169 3417 3224 nobis.

141 3262 208 3318 Et
234 3264 351 3318 dixi
379 3281 391 3315 :
422 3264 526 3321 Ubi
563 3271 833 3324 manebo?
865 3270 1059 3326 Dicunt
1087 3274 1219 3327 mihi
1249 3294 1261 3328 :
1296 3274 1599 3331 Nobiscum
1629 3275 1871 3332 dormies
1896 3286 1956 3331 ut
1983 3274 2171 3344 frateq,
2197 3291 2307 3329 non
2342 3283 2403 3329 ut
2432 3273 2667 3328 maritus
2697 3289 2710 3324 :
2743 3272 2910 3326 frater
2938 3267 3084 3323 enim
3114 3271 3303 3319 noster
3334 3276 3417 3323 es,

139 3364 195 3410 et
228 3360 301 3413 de
332 3370 529 3415 caztero
559 3373 735 3417 tecum
772 3365 1018 3422 habitare
1039 3380 1239 3437 paratae
1264 3387 1457 3427 sumus
1482 3374 1618 3444 (47);
1651 3374 1808 3430 valde
1836 3374 1982 3429 enim
2007 3374 2235 3428 charum
2272 3383 2320 3427 te
2344 3372 2630 3427 habemus.
2664 3367 2779 3438 Ego
2809 3373 2992 3419 autem
3019 3352 3417 3454 erubescebam

142 3461 272 3501 cum
297 3447 377 3504 eis
400 3465 621 3506 manere
649 3452 785 3522 (48).
820 3452 896 3508 Ea
928 3470 1056 3509 vero
1077 3471 1199 3525 qua:
1229 3473 1294 3513 ex
1324 3461 1433 3515 illis
1456 3463 1632 3531 prima
1662 3478 1785 3518 esse
1815 3462 2127 3529 videbatur,
2157 3462 2465 3532 amplexata
2500 3474 2586 3514 me
2618 3468 2723 3521 est,
2753 3465 2809 3511 et
2836 3450 3076 3508 osculari
3108 3461 3195 3501 me
3224 3447 3413 3513 erepit.

142 3541 372 3599 Caetera
414 3561 544 3601 vero
570 3562 694 3603 cum
730 3550 997 3606 vidissent
1025 3569 1113 3609 me
1157 3557 1457 3626 amplexari
1488 3558 1601 3630 (49)
1645 3560 1712 3614 ah
1752 3561 1841 3615 illa
1863 3602 1880 3627 ,
1910 3570 1963 3615 et
1992 3561 2125 3630 ipsa:
2154 3567 2443 3629 ceperunt
2471 3573 2559 3612 me
2584 3565 2645 3610 ut
2686 3551 2913 3605 fratrem
2944 3539 3205 3605 osculari,
3232 3545 3287 3591 et
3313 3534 3419 3590 du-

142 3654 273 3693 cere
305 3640 416 3709 (50)
440 3640 586 3695 circa
620 3643 837 3710 turrim,
866 3657 919 3702 et
944 3648 1130 3705 ludere
1157 3667 1395 3709 meeum.
1434 3654 1695 3723 Quaadam
1740 3666 1925 3713 autem
1961 3674 2029 3713 ex
2062 3659 2171 3713 illis
2199 3658 2443 3728 psalmos
2482 3654 2754 3710 canebant
2782 3646 2918 3715 (5ης
2943 3639 3194 3712 quaedam
3223 3634 3421 3689 ⁰¹³⁰¹⁵⁰³

143 3736 445 3792 ducebant.
479 3735 593 3808 Ego
618 3748 801 3795 autem
826 3740 971 3798 circa
999 3744 1114 3815 (52)
1156 3750 1353 3804 turrim
1394 3750 1449 3805 in
1483 3752 1703 3807 silentio
1749 3752 1907 3808 laetus
1934 3768 2059 3807 cum
2104 3753 2186 3808 eis
2212 3752 2585 3812 ambulabam,
2618 3755 2668 3803 et
2709 3743 2936 3798 videbar
2966 3735 3102 3791 mihi
3123 3732 3308 3804 junior
3334 3728 3421 3784 fa-

145 3836 272 3882 CWS
311 3842 431 3884 esse
472 3829 609 3899 (55).
654 3829 955 3903 Postquam
986 3851 1117 3892 vero
1144 3854 1373 3910 vespera
1403 3857 1526 3898 esse
1548 3844 1736 3913 coepit,
1778 3844 2005 3899 domum
2040 3852 2265 3915 repente
2289 3843 2404 3914 (54)
2437 3842 2590 3897 abire
2614 3836 2902 3897 volebam;
2944 3830 3051 3884 “‘33
3077 3834 3256 3880 autem
3290 3820 3422 3877 Teii”

147 3932 392 3975 nuerunt
423 3921 538 3991 (55)
571 3938 676 3987 me,
709 3932 764 3978 et
790 3941 899 3979 non
944 3928 1315 3996 permiserunt
1349 3934 1523 3992 abire.
1567 3933 1742 3991 Mansi
1789 3950 1921 4005 ergo
1973 3936 2065 3989 illa
2110 3944 2269 3991 nocte
2307 3951 2432 3990 cum
2463 3935 2544 3989 eis
2569 3933 2728 4003 juxta
2764 3928 3012 3985 eamdem
3057 3922 3252 3977 turrim
3283 3918 3418 3989 (56).

149 4010 483 4066 Straverunt
512 4023 694 4069 autem
721 4018 938 4078 tunicas
962 4039 1092 4081 suas
1114 4027 1314 4084 linteas
1352 4030 1407 4084 in
1440 4038 1665 4097 terram,
1697 4040 1753 4087 et
1796 4047 1884 4086 me
1911 4032 1965 4086 in
1993 4031 2176 4087 medio
2217 4031 2663 4087 collocaverunt:
2699 4041 2799 4082 nec
2829 4022 3128 4095 quidquam
3161 4015 3306 4070 aliud
3339 4011 3424 4067 fa-

148 4102 393 4164 ciebant,
423 4103 528 4157 nisi
558 4105 704 4173 quod
738 4110 990 4169 orabant.
1022 4112 1128 4177 Sed
1158 4128 1212 4172 et
1240 4136 1341 4190 ego
1364 4136 1488 4176 eum
1522 4122 1631 4178 illis
1659 4122 1778 4178 sine
1806 4122 2218 4178 intermissione
2242 4125 2492 4189 orabam,
2516 4139 2692 4194 neque
2719 4123 2904 4177 minus
2950 4132 3113 4188 quam
3148 4110 3424 4178 ίιιεεοριιεε

148 4217 280 4257 cum
314 4219 401 4259 me
436 4204 517 4260 sic
540 4215 787 4263 orantem
812 4212 1100 4283 vidissent,
1133 4220 1326 4291 ingens
1349 4223 1608 4289 gaudium
1640 4235 2037 4294 perceperunt;
2063 4234 2119 4280 et
2149 4241 2274 4281 cum
2314 4225 2394 4280 eis
2421 4225 2533 4280 illic
2558 4224 2632 4279 fui
2659 4234 2834 4290 usque
2856 4216 2927 4272 ad
2947 4215 3090 4270 diem
3118 4218 3420 4281 posterum.

1248 4336 1487 4393 VARle
1529 4336 1918 4393 LECTIONES
1952 4336 2043 4392 ET
2080 4337 2319 4393 ΝΟΤιιΕ.

228 4437 349 4501 (52)
380 4434 575 4508 Lamb.
600 4453 705 4508 qua
731 4432 1289 4508 caldegcandidauest.
1361 4501 1373 4508 .
1818 4417 1980 4508 .mss.
2018 4431 2296 4508 exhibere,
2326 4429 2649 4508 explicaret,
2682 4440 2743 4508 ut
2780 4440 2943 4508 saepe.
2974 4418 3277 4508 Αῌιςῄιξῑςιι

231 4488 350 4575 (55)
376 4488 699 4576 Ιῖίέξξλιῆςιξ
727 4503 1090 4576 capillisrvero
1123 4501 1432 4576 dissolutis._
1489 4571 1499 4576 _
1692 4570 1703 4576 _
1847 4488 3011 4576 rieu_s_,gcujusad'notationem'videsis'mox
3030 4492 3171 4546 infra
3190 4497 3305 4543 not.
3327 4488 3419 4544 6‘2.

230 4570 349 4647 (54)
376 4576 570 4633 Lamb.
615 4570 721 4646 leg.
765 4570 955 4647 abjecti
987 4583 1187 4647 _erant,
1233 4580 1289 4626 et
1325 4571 1529 4625 omittit
1556 4570 1743 4625 omnia
1919 4573 2035 4647 (45)
2062 4571 2255 4647 Lamb.
2282 4579 2465 4647 vagat,
2480 4581 2531 4623 et
2558 4570 2719 4647 dixit.

158 4634 288 4718 quae
312 4634 640 4718 sequuntur,
671 4634 852 4713 usque
882 4645 950 4718 ad
978 4642 1491 4718 _Postquar’nautem;
1661 4711 1693 4718 η
2068 4641 2199 4718 Mss.
2230 4642 2388 4718 Angl.
2413 4641 2465 4718 si
2497 4641 2715 4701 venerit,
2754 4637 2980 4718 forsitan
3018 4634 3282 4702 loquetur.

237 4718 354 4787 (55)
383 4708 514 4773 Mss.
558 4708 719 4787 Angl.
760 4708 821 4769 ne
863 4715 988 4785 quid
1023 4708 1179 4767 desit.
1230 4711 1321 4767 Sic
1361 4720 1415 4766 et
1450 4711 1578 4766 Felli
1610 4711 1741 4765 edit.
2063 4711 2201 4787 _Ifelli
2234 4708 2369 4787 edit.
2406 4708 2583 4787 Oxon.
2611 4709 2922 4763 moraberis.
3148 4780 3161 4787 _
3272 4770 3308 4787 μ

237 4726 354 4787 (55)
383 4726 514 4773 Mss.
558 4726 719 4787 Angl.
760 4732 821 4769 ne
863 4726 987 4785 quia
1023 4726 1179 4767 desit.
1230 4726 1321 4767 διο
1361 4726 1415 4766 et
1450 4726 1578 4766 rem
1610 4726 1741 4765 edit.
1918 4726 2010 4776 (45
2073 4726 2201 4765 retu
2234 4726 2363 4765 emt.
2406 4726 2583 4765 uxon.
2611 4726 2922 4763 moraberis.
3297 4770 3308 4781 .

159 4787 342 4844 Oxon.
796 4824 803 4827 -
1252 4852 1257 4853 γ
1580 4852 1587 4853 γ
1917 4726 2032 4852 (46)
2058 4782 2189 4839 Mss.
2232 4781 2394 4853 Angl.
2438 4782 2779 4851 consignatus
2812 4794 2865 4833 es
2890 4793 2909 4831 :
2939 4790 3042 4829 non
3074 4780 3219 4842 potes
3251 4770 3425 4824 disce»

235 4860 351 4927 (56)
376 4857 567 4912 Lamb.
591 4857 712 4911 illa.
742 4856 813 4909 At
841 4855 1116 4927 vulgatam
1141 4852 1426 4927 lectionem
1459 4852 1746 4927 confirmat
1846 4853 1987 4927 dere.

156 4921 450 5000 Origenes,
475 4929 569 5000 qui
602 4928 749 4980 hunc
790 4927 969 5000 locum
996 4924 1180 5000 laudat
1211 4922 1509 5000 Cortimfnt.
1532 4924 1586 4974 in
1616 4921 1746 5000 0s_e_e
2056 4922 2209 5000 Bodl.
2240 4922 2561 5000 habitatura:
2587 4934 2790 4972 sumus.

156 5016 226 5053 ex
261 4991 597 5052 VPhilo'ca'liw
638 5012 760 5066 cap.
807 4996 860 5061 8,
901 4995 1107 5049 noviss.
1160 4993 1293 5047 edit.
1347 4992 1452 5046 BB.
1500 5002 1633 5046 tom.
1678 4991 1745 5059 Il,
1920 4994 2032 5066 (48)
2061 4994 2247 5066 Lamb.
2275 4993 2534 5066 habitare.

157 5069 439 5141 pas-45.9:
553 5137 563 5141 _
968 5134 1000 5141 .-
1167 5134 1213 5141 ..
1425 5131 1436 5141 .

1920 5059 2378 5141 (abbas-ens!-
2409 5059 2778 5141 ιξωριρπιιτηο,
2968 5128 2981 5141 .
3042 5128 3105 5141 ,.
3201 5123 3314 5141 _...

261 5123 352 5208 57)
386 5123 514 5193 Mss.
538 5137 700 5208 Augl.
740 5134 1000 5206 ejusmodi
1031 5134 1370 5189 considerans
1418 5131 1560 5197 bene,
1596 5133 1748 5186 t'alde

263 5228 324 5257 HS
350 5225 515 5257 eram.

1920 5123 2034 5201 (50)
2071 5132 2201 5188 Mss.
2229 5123 2388 5203 Angl.
2413 5123 2709 5194 ducebant;
2730 5136 2786 5184 et
2809 5144 2938 5184 mox
2961 5128 3234 5183 ludebant.
3261 5123 3353 5180 Sic
3373 5129 3429 5177 et

1917 5204 1983 5257 :lli
2015 5204 2146 5257 edit.
2184 5202 2361 5257 Oxon.

276 5204 515 5261 ts'eram.
629 5204 652 5208 ’
764 5204 775 5206 “
1847 5204 1983 5257 Felli
2015 5204 2146 5257 edit.
2184 5204 2361 5257 Oxon.

160 5210 324 5265 littus
350 5225 515 5262 eram.
1848 5210 1983 5257 belli
2015 5210 2146 5257 edit.
2184 5210 2361 5257 Oxon.

238 5278 357 5348 (58)
387 5278 551 5334 Editt.
571 5277 767 5333 Clerici
796 5286 848 5331 et
866 5275 1083 5348 Russel.
1109 5274 1287 5328 omitt.
1321 5275 1403 5327 de.
1435 5271 1535 5326 Ms.
1553 5271 1742 5327 Lamb.
1920 5273 2034 5348 (5|)
2060 5272 2250 5348 Lamb.
2279 5273 2509 5348 enimﬁex
2533 5270 2615 5323 his
2646 5268 2877 5339 psalmos
2909 5269 3220 5324 cantabant.
3254 5264 3429 5320 Habet

159 5338 465 5423 structura,
498 5350 752 5423 repositos
778 5346 1081 5423 expleam.“
1108 5416 1117 5423 _
1304 5414 1336 5423 _r
1457 5413 1470 5423 _
1491 5412 1505 5423 ε
1640 5413 1675 5423 η
1698 5414 1710 5423 _
1847 5338 2227 5423 εηίξῃιᾼξξιῆξῗθιμ
2249 5342 2380 5423 edit.
2395 5338 2580 5423 9x01).

244 5420 362 5488 (59)
407 5408 600 5474 Lamb.
641 5408 857 5473 Praesto
882 5417 957 5470 sis
990 5416 1152 5476 mihi;
1186 5425 1236 5468 et
1268 5414 1393 5467 cito.
1442 5412 1528 5467 Al.
1582 5413 1745 5479 mihi,
1919 5414 2034 5488 ($2)
2062 5412 2157 5488 _Sie
2186 5412 2318 5488 elli
2348 5411 2487 5488 edi_t._
2507 5409 2685 5488 Otton.
2711 5410 2797 5465 Al.
2839 5408 3050 5488 addunt
3074 5422 3211 5463 eam.

163 5481 366 5561 inquit.
395 5558 438 5561 Α,
566 5559 575 5561 4
676 5559 686 5561 _
2061 5483 2252 5561 Lamb.
2285 5483 2443 5561 veluti
2459 5481 2727 5550 juniorem
2749 5497 2859 5535 esse
2885 5481 3105 5551 factum.

242 5552 358 5627 (40)
395 5558 525 5630 Mss.
551 5559 710 5629 Angl.
739 5566 964 5630 stercus.
1921 5552 2035 5630 (54)
2062 5552 2386 5630 _Mss._An_gl._
2403 5553 2575 5617 deest,
2601 5560 2824 5620 repente.
3033 5622 3044 5630 _
3296 5616 3309 5630 ι
3331 5616 3344 5630 ⁸

241 5616 357 5697 (bl)
382 5628 510 5684 Mss.
540 5616 699 5697 Angl.
732 5628 943 5681 hilaris.
1921 5616 2037 5697 (55)
2062 5623 2251 5697 Lamb.
2281 5616 2615 5697 detinuerunt
2635 5616 2731 5697 {_et
2748 5636 2899 5690 mox,
2924 5637 3003 5676 mc
3026 5622 3100 5675 ire
3145 5616 3422 5689 proabire.

244 5691 362 5772 (42)
389 5700 570 5755 Fellus
609 5691 664 5753 in
711 5699 841 5756 edit.
879 5699 1056 5760 Oxon.
1104 5698 1416 5761 exsolveret;
1457 5704 1747 5765 monetque
1924 5691 2037 5769 (56)
2068 5694 2253 5750 Lamb.
2285 5694 2353 5748 ad
2387 5708 2505 5747 eam
2534 5691 2742 5747 turrim.
