3830 6216
452 288 551 343 991
1905 289 1963 344 S.
2012 288 2041 341 li

2196 286 2275 341 ΙᾸΞ
3672 274 3767 327 993

449 400 666 457 Etcum
693 402 1087 459 adorassemus
1117 402 1439 471 Dominum,
1466 413 1596 460 tunc
1630 405 1781 459 venit
1805 413 1993 476 pastor
2018 406 2128 469 ille,
2155 414 2208 460 et
2232 406 2307 458 ait
2334 402 2402 457 ad
2427 403 2547 457 illas
2581 420 2594 457 :
2627 400 2842 454 Nullam
2865 398 2915 453 ei
2947 394 3158 450 fecistis
3191 393 3306 464 (57)
3346 392 3637 461 injuriam
3663 394 3687 443 ?
3707 393 3760 445 Et

444 496 708 551 dixerunt
734 498 785 553 ei
814 517 827 551 :
860 496 1042 567 Ipsum
1076 499 1374 567 interroga.
1409 498 1545 554 Dico
1580 501 1628 555 ei
1658 519 1669 553 :
1706 501 1956 565 Domine,
1988 516 2183 570 magna
2217 500 2471 569 voluptas
2498 514 2585 553 me
2607 498 2775 566 coepit
2798 493 2934 564 (58),
2979 487 3125 561 quod
3161 484 3337 540 mansi
3366 500 3507 538 cum
3544 486 3662 538 eis.
3706 485 3760 536 Et

443 594 584 649 dixit
612 594 744 648 mihi
779 612 792 649 :
822 594 965 661 Quid
994 596 1255 651 cmnastt?
1287 594 1352 648 Et
1377 596 1487 649 dixi
1518 613 1532 650 :
1563 594 1811 657 Ctenavi,
1850 596 2095 661 domine,
2129 604 2243 651 tota
2271 605 2429 649 nocte
2451 594 2616 649 verba
2647 592 2761 661 (59)
2794 585 3034 643 Domini.
3070 580 3233 643 Bene,
3261 577 3471 647 inquit,
3512 584 3574 630 te
3610 592 3757 631 acce-

442 687 683 757 perunt?
707 686 772 742 Et
792 688 900 742 dixi
933 707 947 741 :
982 686 1126 742 Bene
1161 687 1296 753 (60),
1336 688 1583 743 domine.
1621 687 1876 759 Nunquid
1908 689 1993 743 vis
2020 703 2167 742 nunc
2199 686 2433 742 audire?
2462 685 2529 741 Et
2557 685 2669 739 dixi
2701 704 2715 739 :
2748 681 2922 747 Volo,
2954 674 3175 732 domine
3206 672 3320 741 (6i)
3349 688 3363 723 :
3388 677 3450 723 et
3486 670 3752 743 primum,

443 788 588 835 Sicut
614 788 665 833 te
689 780 1117 851 interrogavero,
1150 793 1283 847 rogo
1316 789 1376 834 ut
1401 780 1483 836 sic
1511 782 1644 836 mihi
1664 782 2033 838 demonstres.
2054 780 2530 848 Quemadmodum
2556 778 2661 845 vis,
2688 774 2887 846 inquit,
2913 771 2992 827 sic
3008 766 3108 823 tibi
3128 780 3242 819 rem
3266 763 3604 834 explanabo
3630 762 3753 832 (ϐξ),

444 882 547 924 nec
574 869 877 941 quidquam
903 878 956 926 te
983 871 1193 929 celabo.

1889 971 2121 1029 CAPUT
2155 972 2270 1027 XII.

516 1058 762 1116 Primum
791 1063 1041 1119 omnium
1063 1108 1079 1132 ,
1114 1067 1360 1141 domine,
1396 1074 1647 1146 inquam,
1678 1076 1783 1131 hoc
1834 1075 1950 1148 (63)
2002 1075 2136 1130 mihi
2166 1074 2485 1130 demonstra
2518 1092 2530 1127 :
2570 1071 2731 1126 Petra
2757 1071 2895 1133 haec,
2926 1076 2980 1123 et
3024 1070 3181 1132 porta
3211 1058 3343 1129 quid
3378 1055 3562 1112 sunt?
3590 1050 3746 1114 Αιιάί,

442 1153 621 1223 inquit
650 1172 664 1209 :
698 1153 858 1209 Petra
888 1158 1005 1213 haec
1029 1170 1083 1215 et
1113 1172 1271 1231 porta
1301 1165 1439 1236 (64),
1478 1165 1651 1223 Filius
1681 1165 1775 1221 Dei
1806 1175 1911 1221 est.
1968 1165 2221 1233 Quonam
2254 1174 2436 1234 pacto,
2484 1164 2733 1232 inquam,
2765 1158 3007 1224 domine,
3056 1165 3208 1229 petra
3238 1163 3401 1209 vetus
3449 1160 3568 1211 est,
3604 1159 3748 1218 porta

442 1259 627 1306 autem
670 1254 845 1307 nova?
886 1255 1064 1322 Audi,
1102 1257 1311 1327 inquit,
1345 1259 1613 1330 insipiens
1639 1303 1653 1327 ,
1682 1269 1736 1315 et
1765 1260 2026 1330 intellige.
2055 1258 2227 1313 Filius
2252 1256 2475 1327 quidem
2523 1254 2619 1308 Dei
2651 1252 2802 1309 omni
2836 1259 3088 1305 creatura
3118 1245 3404 1315 antiquior
3434 1250 3552 1303 est,
3589 1242 3664 1294 ita
3698 1252 3748 1295 ut

442 1346 497 1398 in
536 1345 767 1400 consilio
794 1345 941 1402 Patri
976 1367 1078 1406 suo
1102 1349 1341 1405 adfuerit
1384 1328 1829 1405 ad'condendam
1864 1328 1978 1419 (65)
2017 1356 2353 1403 creaturam.
2388 1343 2551 1399 Porta
2606 1352 2790 1397 autem
2835 1349 3121 1411 pr0pterea
3170 1350 3310 1391 nova
3352 1341 3480 1398 est,
3523 1332 3660 1401 quia
3699 1328 3747 1381 in

441 1442 919 1496 consummatione
955 1443 1008 1497 in
1042 1446 1359 1501 novissimis
1386 1447 1580 1501 diebus
1605 1446 1890 1516 apparebit
1936 1445 2051 1516 (66)
2073 1486 2088 1511 ,
2130 1454 2189 1498 ut
2228 1443 2324 1514 qui
2354 1438 2663 1496 assecuturi
2697 1446 2825 1495 sunt
2854 1437 3111 1500 salutem,
3156 1448 3251 1504 per
3281 1446 3408 1487 eam
3452 1430 3675 1482 intrent
3700 1427 3744 1479 in

441 1550 671 1604 regnum
718 1534 832 1589 Dei.
870 1534 1086 1601 Vidisti,
1136 1539 1335 1609 inquit,
1393 1539 1601 1609 lapides
1634 1540 1757 1595 illos
1803 1540 1898 1609 qui
1930 1554 2025 1608 per
2060 1546 2275 1608 portam
2320 1533 2571 1591 translati
2621 1539 2772 1597 sunt,
2820 1530 2873 1584 in
2907 1538 3243 1584 structuram
3273 1523 3454 1578 turris
3504 1522 3745 1576 colloca-

442 1634 529 1680 tos
561 1626 696 1697 (67);
730 1643 825 1682 eos
855 1644 987 1684 vero
1026 1630 1121 1700 qui
1158 1645 1268 1697 non
1297 1640 1455 1685 erant
1494 1631 1748 1686 translati
1792 1647 1891 1701 per
1933 1640 2174 1701 portam,
2208 1628 2455 1698 abjeclos
2498 1626 2552 1679 in
2585 1624 2768 1678 locum
2802 1636 2965 1676 suum
2992 1618 3143 1688 (68)?
3180 1617 3244 1671 Et
3266 1615 3385 1670 dixi
3412 1632 3429 1667 :
3466 1612 3625 1673 Vidi.
3657 1612 3746 1666 do-

444 1724 611 1779 mine.
644 1723 757 1791 Sic,
784 1725 982 1795 inquit,
1017 1744 1181 1783 nemo
1213 1726 1443 1783 intrabit
1471 1730 1524 1782 in
1562 1745 1792 1800 regnum
1824 1728 1943 1794 Dei,
1973 1728 2079 1783 nisi
2109 1726 2203 1798 qui
2234 1724 2507 1794 acceperit.
2545 1736 2745 1777 nomen
2785 1717 2906 1772 Filii
2936 1717 3055 1773 Dei.
3106 1716 3162 1771 Si
3191 1715 3340 1771 enim
3375 1713 3433 1767 in
3463 1711 3743 1767 civitatem

441 1818 683 1889 aliquam
711 1820 954 1875 volueris
980 1821 1208 1891 intrare,
1233 1836 1287 1880 et
1307 1826 1502 1882 civitas
1531 1827 1622 1881 illa
1654 1828 1836 1882 cincta
1864 1827 1937 1882 sit
1962 1840 2145 1893 muro,
2182 1834 2234 1879 et
2276 1837 2442 1877 unam
2477 1817 2735 1875 habuerit
2765 1814 3151 1871 tantummodo
3182 1820 3443 1882 portam;
3496 1806 3743 1876 nunquid

441 1917 650 1984 poteris
680 1916 901 1971 aliunde
932 1917 1047 1987 (69)
1081 1920 1289 1976 intrare
1318 1924 1596 1979 civitatem
1634 1924 1807 1990 illam,
1834 1924 1941 1978 nisi
1974 1938 2071 1992 per
2097 1929 2311 1991 portam
2340 1933 2506 1988 quam
2535 1914 2743 1969 habet?
2768 1910 2834 1966 Et
2862 1922 3110 1980 quonam
3134 1902 3323 1966 modo,
3364 1898 3743 1969 inquam.doo

442 2009 610 2074 mine,
644 2009 805 2064 aliter
832 2009 949 2065 fieri
983 2014 1200 2081 potest?
1230 2014 1385 2071 Sicut
1428 2033 1597 2089 ergo,
1645 2017 1856 2087 inquit,
1906 2018 1959 2070 in
1994 2016 2142 2069 illam
2175 2015 2368 2068 urbem
2406 2026 2516 2065 non
2561 2016 2742 2079 potest
2782 2003 2977 2058 intrari
3009 1996 3147 2071 (70),
3188 2011 3356 2068 quam
3398 2009 3505 2063 per
3530 2000 3739 2061 portam

440 2102 562 2171 ejus
589 2120 601 2156 :
634 2103 705 2157 ita
738 2119 840 2158 nec
872 2104 925 2159 in
954 2121 1181 2177 regnum
1218 2109 1311 2165 Dei
1344 2081 1522 2181 potest
1546 2081 1704 2168 aliter
1721 2081 1924 2165 intrari
1951 2109 2089 2179 (7i),
2116 2108 2222 2162 nisi
2248 2122 2343 2175 per
2375 2119 2576 2159 nomen
2610 2100 2733 2155 Filii
2780 2096 2902 2165 ejus
2929 2092 3029 2163 qui
3055 2100 3140 2146 est
3166 2090 3215 2143 ei
3246 2085 3649 2142 charissimus.
3682 2081 3743 2134 Et

441 2199 581 2255 dixit
612 2201 746 2255 mihi
778 2225 789 2257 :
820 2175 1265 2258 Vidistivturbam
1297 2175 1487 2258 eorum
1516 2205 1608 2274 qui
1636 2175 1981 2259 aediﬁcabant
2012 2175 2205 2255 turrim
2237 2197 2431 2251 illam?
2456 2194 2601 2260 Vidi,
2629 2194 2877 2261 inquam,
2906 2184 3149 2240 domine.
3180 2179 3247 2233 Et
3276 2178 3415 2233 dixit
3444 2196 3460 2230 :
3501 2175 3587 2229 llli
3619 2190 3731 2228 om-

441 2309 541 2350 nes
564 2296 741 2349 nuntii
774 2298 1190 2368 suntdignitate
1223 2299 1338 2369 (72)
1377 2271 1696 2355 venerandi.
1748 2296 1845 2353 His
1889 2297 2057 2368 igitur
2104 2296 2270 2349 veluti
2309 2307 2469 2347 muro
2505 2290 2720 2345 cinctus
2760 2293 2844 2340 est
2874 2281 3162 2337 Dominus.
3200 2276 3371 2331 Porta
3403 2289 3546 2329 vero
3576 2271 3739 2326 Filius

446 2387 538 2446 Dei
570 2400 674 2456 est,
707 2392 802 2463 qui
831 2394 985 2449 solus
1013 2404 1098 2449 est
1122 2411 1385 2453 accessus
1417 2399 1486 2452 ad
1518 2398 1711 2453 Deum.
1737 2397 1911 2451 Aliter
1932 2413 2041 2467 ergt

2196 2409 2249 2447 to
2274 2391 2501 2447 intrabit
2521 2390 2587 2444 ad
2624 2386 2817 2450 Deum,
2847 2380 2952 2436 nisi
2983 2394 3079 2449 per
3109 2376 3308 2430 Filium
3338 2374 3488 2443 ejus.
3522 2369 3734 2433 Vidisti,

440 2482 641 2553 inquit,
675 2484 800 2541 illos
826 2501 921 2540 sex
953 2487 1121 2555 viros,
1149 2498 1203 2543 et
1224 2489 1279 2543 in
1311 2492 1491 2546 medio
1521 2506 1714 2546 eorum
1743 2490 2065 2559 praecelsum
2096 2487 2278 2541 virum
2310 2485 2465 2538 illum
2492 2497 2559 2537 ac
2587 2493 2846 2549 magnum
2875 2472 2992 2543 (75)
3014 2514 3029 2538 ,
3056 2471 3153 2541 qui
3182 2470 3330 2524 circa
3371 2467 3582 2521 turrim
3623 2481 3736 2518 am-

440 2576 672 2646 bulavit,
698 2589 753 2634 et
784 2580 992 2649 lapides
1024 2582 1091 2636 de
1116 2591 1396 2637 structura
1429 2555 1756 2652 reproliavit
1776 2581 1934 2650 (74)?
1963 2578 2107 2645 Vidi,
2136 2579 2385 2647 inquam,
2417 2573 2657 2629 domine.
2692 2572 2807 2635 Ille,
2849 2566 3050 2636 inquit,
3071 2562 3369 2633 praecelsus
3393 2559 3547 2625 (75),
3572 2555 3735 2610 Filius

441 2665 537 2723 Dei
561 2680 673 2736 est;
698 2680 751 2724 et
782 2672 858 2724 illi
892 2688 1012 2739 sex,
1038 2674 1217 2727 nuntii
1251 2684 1381 2729 sunt
1410 2651 1677 2745 dignitate
1720 2673 1835 2743 (76)
1870 2670 2179 2740 conspicui,
2208 2670 2400 2723 dextra
2431 2667 2675 2735 laavaque
2721 2677 2846 2717 eum
2876 2663 3300 2715 circumstantes
3347 2653 3491 2725 (77).
3523 2651 3603 2704 Ex
3628 2651 3733 2715 his,

441 2762 639 2833 inquit,
664 2768 1059 2822 excellentibus
1084 2768 1197 2838 (78)
1227 2770 1455 2835 nuntiis,
1494 2785 1656 2823 nemo
1680 2770 1799 2823 sine
1828 2783 1895 2823 eo
1928 2766 2154 2822 intrabit
2183 2765 2252 2820 ad
2285 2764 2479 2819 Deum.
2522 2761 2587 2816 Et
2619 2759 2758 2816 dixit
2789 2778 2801 2814 :
2833 2756 3161 2825 Quicunque
3204 2766 3337 2821 ergo
3372 2765 3577 2805 nomen
3618 2748 3735 2817 ejus

441 2870 549 2909 non
576 2858 870 2927 acceperit,
905 2874 1014 2912 non
1048 2858 1274 2913 intrabit
1300 2860 1353 2913 in
1380 2876 1608 2929 regnum
1635 2858 1751 2913 Dei.

1878 2973 2113 3031 CAPUT
2161 2972 2299 3028 Xlll.

518 3073 586 3129 Et
610 3075 763 3130 dixi:
796 3075 936 3143 Quid
964 3088 1047 3131 est
1076 3075 1280 3131 deinde
1315 3075 1432 3130 haec
1467 3073 1677 3129 turris?
1701 3070 2059 3142 Haec,inquit,
2094 3070 2339 3127 Ecclesia
2366 3077 2467 3123 est.
2501 3066 2569 3121 Et
2596 3066 2838 3134 virgines
2871 3065 2974 3129 hae,
3000 3078 3124 3132 qua:
3155 3069 3318 3125 sunt,
3360 3059 3619 3114 domine?
3672 3056 3736 3110 Et

451 3166 593 3221 dixit
616 3168 749 3220 mihi
775 3186 787 3221 :
820 3167 935 3233 lla},
964 3168 1165 3237 inquit,
1197 3166 1441 3236 Spiritus
1467 3165 1644 3220 sancti
1670 3173 1829 3217 sunt:
1865 3178 1973 3217 non
2002 3162 2157 3216 aliter
2189 3161 2335 3215 enim
2368 3158 2482 3229 (79)
2510 3159 2675 3212 homo
2699 3163 2881 3226 potest
2912 3155 2968 3207 in
2993 3166 3225 3223 regnum
3250 3148 3345 3204 Dei
3378 3149 3612 3209 intrare,
3631 3148 3735 3200 nisi

446 3264 532 3318 lue
559 3263 841 3318 induerint
862 3280 987 3318 eum
1019 3272 1166 3318 veste
1211 3279 1331 3317 sua.
1366 3260 1577 3315 Etenim
1621 3259 1758 3312 nihil
1793 3258 2030 3327 proderit
2061 3256 2159 3311 tibi
2186 3255 2436 3324 accipere
2502 3266 2699 3305 nomen
2749 3248 2875 3301 Filii
2928 3246 3046 3311 Dei,
3085 3243 3191 3299 nisi
3221 3243 3390 3297 etiam
3435 3251 3494 3295 et
3524 3250 3733 3295 vestem

444 3375 637 3415 earum
671 3362 953 3430 acceperis
975 3361 1044 3415 ab
1072 3360 1173 3415 eis.
1204 3358 1297 3414 lla:
1328 3371 1568 3427 namque
1590 3356 1853 3425 virgines,
1894 3361 2195 3423 potestates
2225 3359 2355 3406 sunt
2387 3348 2514 3403 Filii
2537 3346 2655 3403 Dei.
2709 3344 2785 3398 Ita
2815 3343 3015 3397 frustra
3071 3354 3275 3393 nomen
3317 3341 3441 3407 ejus
3492 3336 3736 3404 portabit

449 3455 578 3524 quis
610 3456 749 3523 (80),
783 3428 889 3508 nisi
925 3454 1090 3507 etiam
1124 3460 1427 3521 potestates
1451 3451 1572 3519 ejus
1604 3448 1903 3517 portaverit
1934 3445 2072 3515 (81).
2105 3442 2170 3498 Ει
2201 3442 2341 3496 dixit
2370 3439 2542 3494 mihi:
2574 3436 2774 3491 Vidisti
2806 3432 3020 3503 lapides
3046 3431 3169 3486 illos
3198 3430 3293 3499 qui
3338 3428 3541 3497 abjecti
3572 3429 3736 3481 sunt?

449 3551 537 3603 Illi
564 3552 708 3604 enim
742 3564 943 3604 nomen
973 3550 1197 3619 quidem
1233 3555 1523 3616 portarunt
1546 3544 1696 3614 (89.);
1731 3550 1937 3595 vestem
1964 3549 2146 3594 autem
2180 3539 2395 3593 illarum
2427 3550 2536 3589 non
2589 3532 2910 3587 induerunt.
2944 3527 3009 3582 Et
3058 3527 3204 3582 dixi:
3252 3524 3389 3591 Quae
3428 3532 3513 3577 est
3566 3526 3739 3578 vestis

447 3656 666 3707 earum,
690 3641 951 3695 domine?
989 3613 1136 3710 ipsa,
1168 3613 1370 3707 inquit,
1400 3636 1622 3690 nomina
1649 3634 1785 3704 (85),
1817 3631 1985 3687 vestis
2022 3646 2214 3685 earum
2248 3638 2351 3683 est.
2391 3626 2719 3692 Quicunque
2742 3638 2907 3692 ergo,
2941 3618 3143 3689 inquit,
3197 3631 3399 3671 nomen
3438 3613 3571 3668 Filii
3619 3615 3736 3681 (8i)

444 3732 539 3787 Dei
573 3742 773 3803 portat,
807 3708 1250 3803 liarumiquoque
1272 3729 1493 3785 nomina
1526 3736 1747 3799 portare
1773 3725 1974 3779 debet:
2014 3738 2142 3778 nam
2167 3730 2222 3776 et
2244 3720 2418 3774 Filius
2446 3717 2673 3772 nomina
2708 3724 2892 3785 portat
2937 3729 3152 3769 earum.
3186 3711 3562 3778 Quoscunque
3596 3708 3738 3777 (85),

1540 3848 1789 3905 VARle
1837 3847 2225 3904 LECTIONES
2263 3844 2353 3900 ET
2392 3840 2627 3897 ΝΟΤᾸΞ.

654 3942 799 4023 Bks.
831 3944 998 4023 _Angl.
1041 3945 1122 3999 Ne
1150 3947 1285 4016 forte
1313 3946 1537 4023 fecistis.

511 4015 625 4087 (58)
651 4014 781 4087 Mss.
815 4012 975 4085 Augi.
1011 4012 1262 4087 magnam
1298 4012 1621 4085 uoluptatem
1651 4012 1880 4082 percepi.

515 4084 631 4153 (59)
658 4086 850 4140 Lamb.
885 4084 1121 4142 verbum.

515 4154 632 4225 (60)
658 4155 852 4210 Lamb.
882 4156 991 4210 Ita.

514 4222 601 4295 (61
613 4246 630 4295 )
662 4226 854 4282 Lamb.
890 4228 1113 4295 desunt,
1160 4225 1441 4300 Nunquid,
1474 4242 1652 4298 usque
1680 4223 1747 4279 ad
1773 4222 1999 4278 Domine
2021 4237 2039 4274 :

443 4306 516 4352 ει.

516 4367 633 4437 (62)
659 4366 761 4422 Ms.
786 4367 979 4423 Lamb.
1003 4384 1128 4423 cum
1156 4368 1305 4424 Fello
1332 4389 1344 4423 :
1372 4369 1655 4423 exsolvam.
1692 4366 1781 4421 Sic
1807 4376 1860 4422 et
1883 4363 2038 4437 alibi,

443 4439 536 4519 ubi
564 4436 797 4519 verbum
824 4440 1113 4519 explanare
1146 4441 1239 4494 alii
1271 4441 1432 4519 codd.
1460 4454 1656 4519 praise
1681 4437 1882 4491 ferunt.
1918 4436 2043 4519 Fuit

444 4509 706 4563 nimirum
730 4509 915 4565 Graece
937 4510 1179 4577 ὲκλύσω,
1206 4507 1485 4580 expediant
1513 4510 1597 4580 vel
1627 4507 2037 4580 interpretabor.

444 4580 694 4660 Clossze:
727 4580 926 4660 ὲδςλύω,
956 4582 1177 4660 resoluo,
1210 4578 1408 4660 eubda.
1434 4579 1560 4633 Vid.
1588 4594 1746 4648 capp.
1784 4579 1928 4660 [δἐι
1953 4578 2038 4641 16,

444 4651 498 4774 ἓι
543 4651 685 4719 line,
742 4652 833 4705 ubi
882 4653 1271 4707 exsolutionem
1324 4653 1592 4707 habemus
1651 4664 1751 4719 pro
1798 4648 2036 4701 ἔκλυσιν.

494 4736 613 4773 LER.

494 4736 613 4773 LER.

479 4860 490 4870 .
518 4792 632 4859 (63)
664 4792 856 4870 Lamb.
882 4793 1101 4870 desunt,
1128 4796 1365 4870 inquam.
1401 4792 1665 4870 hoc._Quo
1691 4790 1745 4843 in
1768 4788 1903 4870 cod;
1923 4804 2044 4869 pas:

446 4860 551 4940 sim
580 4865 918 4940 omittuntur
943 4865 1169 4940 inquam
1208 4873 1261 4918 et
1285 4865 1478 4940 inquit.
1526 4862 1653 4940 llaec
1693 4861 1838 4914 enim
1865 4859 2039 4940 Grzeci

444 4931 749 5003 dialogisve
798 4930 1101 5002 supplenda
1157 4930 1365 4989 lectori'
1398 4935 1742 5003 permittunt,
1796 4940 1856 4984 ut
1895 4930 2041 5000 apud

444 4998 729 5056 Platonem
765 4998 994 5072 passim.
1030 5005 1199 5059 Cum.

521 5074 642 5153 (64)
676 5070 781 5153 Sic'
813 5074 867 5153 in
918 5077 1090 5153 sacris
1134 5070 2042 5153 litteris,_Dominuspetra-cuju-

445 5157 563 5215 nuaﬁ
592 5139 817 5196 dicitur.
850 5143 927 5197 Ita
967 5145 1170 5200 Fellus.
1216 5147 1282 5199 Et
1326 5148 1559 5200 alterum
1596 5139 1816 5215 quidem
1848 5139 1876 5193 1
1914 5140 2038 5194 Cor.

446 5228 506 5279 x,
540 5214 602 5277 4;
634 5217 870 5267 alterum
900 5231 1034 5268 vero
1060 5216 1221 5270 Joan.
1259 5235 1313 5283 χ,
1344 5218 1395 5281 7,
1424 5218 1477 5272 9.

519 5284 634 5353 (65)
670 5283 866 5338 Lamb.
895 5290 1283 5341 constituendo.
1334 5288 1489 5343 Bodl.
1530 5284 1908 5340 constituendi.
1950 5283 2041 5339 Sic

446 5356 589 5424 apud
624 5354 853 5409 Fellum.
890 5356 1065 5409 Aliter
1092 5358 1358 5414 Clericus.

678 5424 1023 5506 Mss._'A_i.gl.
1065 5435 1118 5506 et
1159 5428 1342 5506 Carm.
1375 5430 1658 5506 apparuit.
1705 5426 1779 5480 Ita
1811 5423 2042 5506 et_l“elli

446 5493 780 5568 edit._0xon.
810 5493 1036 5568 Vulgata
1071 5498 1229 5552 lectio
1247 5493 1561 5554 contirinari
1589 5509 1765 5568 potest
1786 5511 1851 5550 ex
1880 5494 2043 5551 Hebr.

446 5581 521 5690 ἒξ
540 5565 773 5692 ῑὸἑὴῖυῗ
810 5566 955 5692 lim;
975 5570 1219 5639 respexit
1256 5569 1504 5627 Hermas.
1538 5565 1719 5625 Altera
1751 5583 1880 5621 vero
1907 5582 2040 5622 mss.

492 5650 521 5690 κ
554 5650 714 5692 nenr.
756 5655 795 5703 ι,
834 5650 887 5697 ι,
921 5650 977 5692 2.

532 5706 645 5781 (67)
684 5707 875 5767 Lamb.
906 5711 1149 5768 collatos.

2215 3939 2331 4009 (68)
2358 3936 2549 4009 Lamb.
2579 3933 2691 4009 loco
2719 3945 2834 4009 suo.

2216 3994 2329 4077 (69)
2362 4010 2456 4061 Sic
2499 4000 2826 4077 Lamb._Sic
2863 4009 2917 4077 et
2946 3997 3077 4077 Felli
3115 3999 3244 4077 edit.
3272 3994 3570 4077 φχοηηέιι.
3598 3994 3737 4077 alia.

2218 4068 2332 4149 (70)
2374 4077 2569 4131 Lamb.
2609 4072 2844 4149 omisso,
2877 4070 3094 4149 inquit;
3122 4071 3239 4149 sic:
3288 4070 3340 4148 in
3371 4068 3557 4149 eadem
3610 4068 3742 4149 urbe

2145 4137 2251 4203 non
2280 4137 2425 4217 petes
2451 4149 2609 4201 aliter
2637 4137 3021 4217 intrare._Hinc
3058 4139 3271 4195 Fellus:
3300 4139 3352 4190 in
3375 4137 3530 4187 illam
3555 4138 3741 4189 urbem

2146 4238 2251 4275 non
2275 4214 2447 4288 patest
2501 4214 2904 4288 aliterintrari.

2218 4284 2331 4359 (7i)
2375 4287 2571 4359 Lamb.
2603 4284 2800 4359 aliquis
2832 4284 3053 4359 intrare.

2220 4355 2333 4433 (72)
2375 4359 2505 4433 Mss.
2537 4355 2700 4433 Angl.
2737 4355 3020 4433 fiignitosi.

2219 4423 2335 4503 (75)
2374 4423 2694 4503 Mss._Angl.
2728 4425 3005 4478 honestum
3038 4423 3209 4476 virum
3233 4431 3389 4490 atque
3421 4434 3688 4488 magnum

2220 4499 2335 4572 (74)
2379 4499 2572 4572 Lamb.
2611 4505 2864 4572 portavit.

2218 4566 2335 4644 (75)
2377 4572 2509 4644 Mss.
2547 4568 2707 4644 Angl.
2741 4566 3012 4644 honestus.

2220 4638 2334 4715 (76)
2374 4642 2507 4715 Mss.
2535 4639 2695 4715 Angl.
2731 4638 3007 4715 dignitosi.

2220 4709 2335 4785 (77)
2376 4713 2506 4785 Mss.
2724 4709 3070 4785 continentes.

2219 4778 2333 4854 (78)
2375 4784 2516 4854 Mss.
2542 4781 2701 4848 Angl.
2736 4778 3042 4854 dignitosis.

2219 4790 2310 4854 (78
2375 4790 2505 4837 Mss.
2542 4790 2701 4848 Angt.
2736 4790 3042 4847 dignitosts.

2218 4790 2333 4924 (79)
2366 4853 2560 4908 Lamb.
2594 4862 2770 4902 autent
2794 4864 2893 4917 pro
2917 4850 3078 4901 enim.
3107 4844 3173 4899 Et
3197 4862 3357 4901 mox:
3401 4843 3508 4897 nisi
3530 4844 3629 4896 has
3664 4846 3737 4895 iu-

2145 4929 2319 4983 duerit
2344 4941 2486 4979 cum.

2221 5000 2334 5067 (80)
2376 4994 2567 5067 Lamb.
2606 4990 2796 5059 Itaque
2833 4990 2947 5043 sine
2981 5005 3146 5067 causa
3184 4989 3301 5067 quis
3349 4986 3594 5067 portabit
3644 5001 3734 5037 no-

2147 5058 2283 5132 men,
2318 5058 2424 5121 nisi
2456 5066 2621 5118 etiam
2646 5058 3013 5129 et'potestates
3042 5060 3156 5128 ejus
3188 5058 3441 5111 induerit.

2220 5140 2334 5211 (8-1)
2375 5137 2507 5211 Mss.
2534 5133 2691 5211 Angl.
2724 5132 3014 5211 induerint.

2224 5204 2337 5281 (82)
2378 5204 2705 5281 _Mss._Angl.
2731 5204 2986 5281 tulerunt.

2224 5274 2339 5351 (85)
2378 5276 2571 5351 Lamb.
2599 5274 3038 5351 lpsun:,hii_tqui_t_,
3069 5287 3279 5351 nomen.

2225 5337 2340 5423 (84)
2383 5348 2575 5402 Lamb.
2620 5337 2950 5423 deesifmi.
2984 5343 3061 5396 De
3083 5344 3309 5423 nomine
3354 5339 3480 5423 Filii
3546 5337 3645 5393 Dei
3680 5337 3732 5423 ab

2151 5409 2339 5479 electis
2369 5428 2602 5491 gestato,
2628 5413 2952 5491 vide_Apoc.
3003 5430 3064 5479 ιι,
3098 5414 3200 5491 l7}
3237 5428 3320 5491 Ψ,
3380 5410 3482 5472 12;
3527 5409 3727 5491 xtv,_l,

2149 5506 2203 5549 et
2225 5495 2291 5547 de
2318 5481 2465 5544 veste
2491 5486 2719 5555 nuptiali
2740 5481 2931 5538 Matth.
2964 5502 3103 5550 χχιι,
3134 5484 3221 5537 11.
3246 5482 3418 5535 Porro
3448 5481 3727 5555 apostolus

2150 5566 2353 5619 Paulus
2377 5560 2528 5627 jubet
2556 5551 3087 5627 Christuminduere,
3115 5555 3274 5612 Rom.
3298 5568 3425 5627 xm,
3452 5551 3545 5603 Η.
3579 5551 3725 5603 Fui.

2226 5634 2338 5703 (85)
2379 5624 2786 5703 Lamb.__Filius
2819 5627 2960 5680 enim
3007 5627 3249 5703 Dciuipsa
3282 5624 3503 5703 nogtina
3537 5632 3725 5703 portat.

2163 5692 2530 5772 Quosettiique.
2571 5700 2743 5755 liabet
2783 5696 3195 5770 quoquel’ilius
3220 5695 3311 5748 Dei
3349 5692 3483 5747 Felli
3519 5695 3614 5747 ed.
3643 5693 3728 5744 Ox.
