3830 6216
96 307 227 363 995
1260 307 1551 363 PASTOR.
1592 342 1641 350 —
1692 310 1818 366 LIB.
1860 312 1948 369 III.
1992 313 2191 370 SIMIL.
2231 316 2322 371 IX.
3279 332 3384 388 994

100 401 324 471 inquit,
354 400 565 471 lapides
588 399 773 457 vidisti
803 400 858 454 in
891 408 1168 457 structura
1199 406 1537 460 remansisse
1571 422 1669 476 per
1690 424 1888 465 manus
1922 411 2119 467 harum
2156 414 2410 480 traditos,
2430 430 2631 473 earum
2681 424 2953 486 potestate
2999 419 3185 475 vestiti
3235 434 3384 480 sunt.

96 494 358 565 Ideoque
389 502 560 549 totam
596 496 795 549 turrim
820 497 1151 552 concordem
1186 500 1298 569 (86)
1328 500 1479 555 vides
1504 518 1630 556 cum
1661 514 1837 572 petra,
1881 515 1934 560 et
1962 508 2111 562 velut
2136 524 2203 562 ex
2229 525 2339 565 uno
2366 511 2547 580 lapide
2578 510 2804 568 factam.
2831 510 2923 567 Sic
2964 528 3187 583 quoque
3229 515 3265 568 ii
3294 515 3385 585 qui

93 590 469 646 crediderunt
502 590 614 645 Deo
651 606 746 661 per
769 590 965 647 Filium
991 593 1135 663 ejus,
1166 594 1346 650 induti
1384 608 1514 652 sunt
1547 596 1813 668 Spiritum
1844 601 1990 657 hunc
2022 604 2159 674 (87).
2187 604 2327 661 Ecce
2351 622 2496 661 unus
2519 608 2626 662 erit
2655 606 2906 676 spiritus,
2950 616 3004 661 et
3043 623 3215 661 unum
3257 624 3387 663 cor-

93 702 242 755 pus,
270 697 323 741 et
351 703 494 743 unus
519 688 673 743 color
702 690 937 745 vestium
971 707 1164 748 eorum
1191 693 1344 765 (88);
1376 697 1469 751 sed
1496 706 1551 751 et
1582 698 1660 752 illi
1682 711 2048 769 assequentur
2071 704 2197 770 ista,
2223 707 2316 775 qui
2351 708 2689 775 portaverint
2713 706 2826 777 (89)
2859 706 3081 760 nomina
3112 705 3385 776 virginum

96 785 340 840 harum.
368 782 432 837 Et
458 784 572 839 dixi
595 802 607 835 :
630 782 815 851 Quare
838 802 992 859 ergo,
1018 790 1265 856 domine,
1293 792 1491 862 abjecti
1516 804 1646 851 sunt
1673 795 1882 865 lapides
1905 798 1998 867 qui
2033 801 2311 869 reprobati
2346 800 2592 867 fuerunt,
2623 815 2748 856 cum
2781 798 2884 868 ipsi
2910 814 3004 867 per
3029 806 3244 867 portam
3269 796 3383 869 (90)

97 881 370 935 translati
402 880 631 943 fuerint,
669 890 724 934 et
766 883 952 937 traditi
983 898 1079 953 per
1106 900 1305 940 manus
1352 887 1627 957 virginum
1662 889 1860 945 harum
1915 893 1968 945 in
2000 902 2334 951 structuram
2373 899 2544 952 turris
2580 896 2781 966 hujus?
2835 893 3130 960 Quoniam,
3182 896 3383 965 inquit,

96 988 249 1027 cura
275 972 369 1027 tibi
403 980 487 1027 est
518 972 704 1027 omnia
723 973 1015 1043 diligenter
1041 974 1341 1045 inquirere,
1381 978 1507 1032 audi
1536 978 1603 1033 de
1633 980 1701 1035 iis
1727 981 2004 1050 lapidibus
2033 985 2127 1053 qui
2158 985 2359 1055 abjecti
2384 997 2531 1041 sunt.
2574 985 2636 1040 Hi
2667 1002 2860 1041 omnes
2899 1001 3097 1040 nomen
3136 985 3260 1039 Filii
3288 986 3383 1046 Dei

94 1077 468 1139 acceperunt,
504 1068 598 1123 sed
626 1077 681 1123 et
709 1078 1036 1136 potestatem
1071 1073 1347 1142 virginum
1386 1073 1605 1130 harum.
1642 1074 1741 1132 His
1768 1093 1901 1148 ergo
1928 1079 2215 1148 spiritibus
2243 1084 2502 1150 acceptis,
2537 1082 2906 1137 consummati
2933 1079 3177 1145 fuerunt,
3227 1088 3282 1135 et
3325 1081 3382 1137 in

93 1178 409 1218 numerum
441 1177 727 1218 servorum
756 1161 852 1216 Dei
879 1164 1107 1231 redacti,
1136 1173 1191 1219 et
1224 1182 1394 1219 unum
1432 1182 1634 1236 corpus
1657 1183 1847 1223 eorum
1878 1186 2002 1225 esse
2025 1172 2189 1240 coepit
2220 1183 2384 1243 atque
2412 1189 2521 1227 una
2552 1175 2754 1241 vestis;
2784 1174 3034 1228 eamdem
3066 1171 3180 1241 (91)
3233 1171 3381 1225 enim

95 1256 434 1314 sentiebant
464 1254 805 1325 aequitatem,
830 1269 995 1325 quam
1026 1256 1233 1323 pariter
1274 1256 1626 1312 exercebant.
1658 1258 1728 1313 At
1754 1275 1883 1314 vero
1910 1270 2201 1331 postquam
2235 1264 2492 1320 viderunt
2530 1265 2790 1320 mulieres
2830 1266 2972 1328 illas,
2998 1279 3137 1334 quas
3187 1264 3380 1317 adver-

96 1357 230 1410 tisti
263 1354 419 1425 nigra
451 1362 603 1408 veste
627 1352 854 1408 vestitas
888 1393 903 1419 ,
957 1353 1161 1407 exertis
1190 1352 1437 1407 humeris
1470 1361 1526 1406 ct
1549 1355 1746 1409 solutis
1768 1356 1884 1425 (9‘2)
1907 1358 2154 1413 crinibus
2175 1399 2190 1425 ,
2231 1361 2663 1429 concupiverunt
2690 1360 2985 1413 sollicitare
3010 1358 3130 1412 illas
3166 1357 3237 1411 ob
3260 1357 3383 1426 pul-

97 1450 486 1505 claritudinem
520 1446 635 1517 (95)
665 1459 879 1510 earum,
915 1452 969 1497 et
1011 1441 1189 1496 induti
1222 1452 1352 1496 sunt
1402 1451 1673 1512 potestate
1700 1461 1927 1513 earum;
1982 1448 2263 1519 virginum
2294 1465 2424 1505 vero
2463 1451 2815 1521 projecerunt
2845 1450 3107 1504 amictum
3141 1448 3276 1518 (94).
3311 1447 3381 1502 Ili

96 1543 286 1614 igitur
324 1540 523 1610 abjecti
570 1546 700 1594 sunt
728 1553 759 1591 a
801 1536 969 1590 domo
998 1531 1117 1590 Dei.
1168 1541 1223 1586 et
1284 1534 1469 1588 traditi
1521 1536 1845 1591 mulieribus
1888 1538 2016 1593 illis.
2051 1539 2122 1593 At
2168 1539 2223 1593 hi
2249 1539 2343 1609 qui
2373 1554 2484 1594 non
2533 1549 2662 1595 sunt
2686 1540 2927 1610 corrupti
2975 1541 3381 1609 pulchritudine

94 1649 327 1699 earum,
369 1635 424 1687 in
455 1633 621 1688 domo
666 1629 764 1685 Dei
794 1636 1197 1684 remanserunt.
1235 1625 1434 1696 Ilabes,
1460 1629 1659 1700 inquit,
1695 1631 1892 1686 horum
1921 1634 2162 1703 lapidum
2192 1636 2285 1704 qui
2311 1635 2512 1705 abjecti
2535 1645 2682 1701 sunt,
2724 1636 3148 1707 eXplicationem
3192 1636 3332 1705 (95).

1535 1743 1766 1799 CAPUT
1804 1746 1945 1803 XIV.

172 1843 250 1900 Et
278 1844 391 1897 dixi
421 1861 435 1896 :
479 1840 539 1895 Si
585 1839 682 1910 qui
733 1849 887 1907 ergo,
916 1833 1158 1901 domine,
1189 1834 1473 1889 hominum
1506 1836 1599 1905 qui
1628 1836 1945 1906 hujusmodi
1971 1846 2119 1903 sunt,
2146 1838 2357 1908 egerint
2382 1839 2783 1909 paenitentiam,
2809 1847 2863 1893 et
2893 1837 3191 1908 abjeceriut
3220 1838 3380 1907 cupi-

92 1940 337 1993 ditatem
370 1936 667 1990 mulierum
698 1930 940 1991 illarum,
968 1938 1023 1980 et
1057 1926 1311 1981 conversi
1343 1927 1609 1982 redierint
1636 1928 1704 1982 ad
1744 1928 2008 1997 virgines,
2049 1938 2103 1984 et
2129 1945 2319 1983 earum
2354 1939 2677 1998 potestatem
2728 1930 3046 1996 induerint;
3080 1945 3262 1985 nonne
3295 1931 3381 1984 in-

94 2031 334 2085 trabunt
358 2030 413 2083 in
438 2030 667 2083 domum
706 2024 845 2078 Dei?
872 2023 1182 2091 Intrabunt,
1213 2024 1412 2094 inquit,
1446 2024 1493 2080 si
1520 2025 1824 2094 abjeceriut
1854 2027 2041 2080 omnia
2069 2042 2235 2097 opera
2273 2028 2565 2082 mulierum
2592 2028 2833 2091 illarum,
2866 2036 2920 2082 et
2960 2028 3156 2082 harum
3199 2028 3377 2098 virgi-

92 2143 241 2183 num
281 2124 684 2194 resumpserint
710 2129 1062 2191 potestatem,
1086 2129 1139 2175 et
1164 2121 1217 2175 in
1242 2121 1501 2189 operibus
1530 2136 1717 2175 earum
1748 2122 2171 2175 ambulaverint.
2201 2121 2265 2175 Et
2291 2122 2412 2176 ideo
2438 2122 2778 2177 intermissio
2808 2120 2951 2177 facta
2986 2129 3071 2175 est
3109 2122 3375 2187 struendi,

94 2233 158 2276 ut
197 2222 249 2277 si
277 2221 331 2274 hi
368 2216 1007 2291 egerintpmnitentiam,
1047 2216 1378 2287 adjiciantur
1404 2216 1457 2269 in
1482 2226 1810 2271 structuram
1837 2220 2042 2272 turris:
2067 2217 2113 2271 si
2140 2225 2321 2270 autem
2355 2216 2468 2287 (96)
2495 2219 2603 2272 n'on
2637 2216 3262 2287 egerintptenitentiam,
3285 2216 3375 2270 alii

92 2323 394 2370 struantur
416 2314 537 2368 loco
561 2326 792 2377 eorum;
824 2318 879 2364 et
900 2310 981 2363 illi
1042 2319 1176 2366 tunc
1198 2310 1532 2379 abjiciantur
1556 2310 1610 2363 in
1635 2318 1746 2364 toto
1772 2310 1907 2381 (97).
1940 2308 2020 2363 Ad
2062 2310 2176 2364 hac
2207 2310 2391 2363 omnia
2421 2309 2536 2381 (98)
2569 2313 2775 2381 gratias
2824 2313 2909 2383 egi
2940 2311 3196 2375 Domino,
3228 2313 3376 2382 quod

95 2410 153 2465 in
186 2426 389 2467 omnes
424 2410 478 2464 in
508 2409 712 2480 quibus
742 2409 1060 2463 invocatum
1088 2415 1174 2463 est
1203 2422 1404 2461 nomen
1431 2408 1575 2477 ejus,
1620 2417 1802 2462 motus
1829 2407 2114 2462 clementia
2145 2407 2357 2461 miserit
2413 2408 2701 2477 pratsidem
2736 2410 2993 2463 nuntium
3039 2410 3376 2480 paenitentiae

94 2512 165 2565 ad
198 2527 331 2577 nos,
359 2510 454 2580 qui
489 2507 827 2579 deliquimus
852 2506 939 2573 ei;
998 2516 1054 2560 et
1080 2504 1227 2575 quod
1254 2504 1601 2559 renovaverit
1625 2504 1857 2574 spiritus
1887 2512 2111 2559 nostros
2156 2504 2271 2573 jam
2314 2509 2463 2558 certe
2495 2503 2846 2571 deﬁcientes,
2893 2520 3069 2576 neque
3116 2506 3376 2560 habentes

98 2620 263 2675 spem
295 2602 529 2669 salutis;
562 2616 713 2655 nunc
731 2615 863 2654 vero
886 2608 1167 2655 recreatos
1196 2598 1310 2671 (99)
1335 2599 1403 2653 ad
1458 2599 1978 2669 redintegrationem
2013 2600 2158 2653 vitae.
2216 2598 2282 2654 Et
2309 2598 2423 2653 dixi
2459 2614 2474 2652 :
2504 2597 2684 2667 Nunc,
2747 2600 2994 2668 domine,
3057 2601 3376 2657 demonstra

94 2700 270 2767 mihi,
305 2714 480 2770 quare
507 2713 617 2753 non
649 2698 704 2751 in
730 2706 875 2751 terra
898 2695 1205 2751 aediﬁcatur
1232 2696 1345 2749 hmc
1377 2694 1568 2757 turris,
1600 2694 1694 2749 sed
1727 2710 1893 2765 supra
1919 2704 2128 2764 petram
2164 2703 2220 2750 et
2252 2694 2507 2764 portam?
2536 2692 2831 2763 Quoniam,
2860 2697 3062 2768 inquit,
3108 2698 3376 2768 insipiens

96 2808 151 2852 et
172 2799 302 2852 sine
343 2795 618 2851 intellectu
652 2809 748 2857 es,
809 2792 932 2847 ideo
974 2791 1304 2859 interrogas.
1337 2789 1405 2844 Et
1431 2790 1546 2845 dixi
1574 2808 1586 2843 :
1636 2788 1870 2844 Necesse
1911 2790 2107 2856 habeo,
2134 2790 2378 2855 domine,
2403 2789 2590 2843 omnia
2622 2797 2673 2845 te
2700 2791 3073 2863 interrogare;
3108 2793 3374 2863 quoniam

97 2896 242 2950 nihil
268 2893 497 2949 omnino
521 2891 804 2962 intelligo:
841 2903 1108 2959 responsa
1136 2888 1284 2942 enim
1316 2887 1502 2941 omnia
1533 2885 1681 2957 (100)
1704 2901 1899 2957 magna
1931 2895 1984 2940 et
2015 2886 2280 2957 przeclara
2313 2895 2463 2950 sunt,
2496 2893 2552 2938 et
2575 2899 2698 2953 quae
2733 2884 2987 2939 homines
3031 2885 3122 2939 vix
3172 2885 3375 2941 intelli-

98 3003 228 3056 gere
260 2993 514 3056 possunt.
541 2982 708 3048 Audi,
734 2983 912 3053 inquit
932 3003 945 3037 :
965 2982 1175 3037 Nomen
1205 2981 1329 3036 Filii
1352 2982 1446 3037 Dei
1471 2998 1730 3052 magnum
1764 2991 1819 3037 et
1848 2982 2177 3037 immensum
2209 2989 2314 3047 est,
2333 2990 2387 3035 et
2414 2988 2561 3035 totus
2583 2980 2652 3033 ab
2670 2998 2735 3035 eo
2756 2990 3099 3037 sustentatur
3131 2983 3281 3036 orbis
3303 2980 3370 3048 ⁸⁸,

100 3084 160 3139 Si
190 3098 351 3154 ergo,
378 3082 627 3151 inquam,
653 3079 834 3135 omnis
872 3080 951 3149 (1)
982 3078 1074 3134 Dei
1105 3088 1358 3157 creatura
1392 3094 1486 3148 per
1515 3078 1715 3133 Filium
1742 3079 1861 3148 ejus
1894 3086 2266 3144 sustentatur;
2299 3093 2397 3131 cur
2420 3092 2530 3131 non
2556 3086 2611 3130 et
2633 3091 2730 3129 eos
2771 3084 3005 3130 sustinet
3033 3074 3129 3145 qui
3155 3074 3371 3128 invitati

99 3192 232 3237 sunt
256 3181 327 3235 ab
366 3195 455 3246 eo,
485 3188 540 3235 et
563 3192 766 3233 nomen
797 3176 917 3244 ejus
950 3174 1155 3242 ferunt,
1187 3182 1243 3229 et
1267 3174 1322 3227 in
1348 3174 1633 3243 preceptis
1663 3174 1784 3243 ejus
1804 3173 2135 3228 ambulant?
2161 3170 2356 3228 Nonne
2381 3172 2546 3227 etiam
2591 3172 2771 3239 vides,
2800 3171 2997 3242 inquit,
3021 3171 3167 3240 quod
3198 3170 3371 3225 susti-

99 3287 193 3333 net
217 3276 302 3349 (2)
331 3291 448 3341 eos,
476 3274 571 3344 qui
599 3290 666 3329 ex
697 3272 825 3327 totis
849 3270 1169 3341 praecordiis
1192 3278 1413 3341 portant
1444 3286 1643 3325 nomen
1687 3270 1852 3341 ejus?
1882 3268 2003 3340 Ipse
2024 3269 2193 3339 igitur
2240 3266 2661 3323 fundamentum
2700 3274 2783 3319 est
2808 3278 3023 3330 eorum,
3053 3271 3106 3317 et
3138 3262 3375 3316 libenter

98 3381 285 3445 portat
309 3388 407 3428 eos
430 3372 525 3441 qui
556 3369 633 3442 (ὅ)
664 3385 776 3424 non
818 3379 1019 3441 negant
1040 3383 1239 3425 nomen
1256 3368 1398 3438 ejus,
1442 3369 1538 3423 sed
1569 3368 1802 3422 libenter
1827 3367 2104 3423 sustinent
2136 3365 2290 3420 illum
2319 3364 2418 3438 (4).

1534 3477 1764 3532 CAPUT
1803 3478 1922 3533 XV.

172 3578 238 3633 Et
272 3577 421 3631 dixi:
454 3573 778 3627 Dcmonstra
811 3571 965 3637 mihi,
1000 3571 1244 3639 domine,
1288 3572 1512 3626 nomina
1561 3570 1835 3641 virginum
1869 3571 2063 3624 harum
2096 3579 2152 3624 et
2213 3570 2506 3624 mulierum
2557 3569 2799 3634 illarum,
2853 3583 2976 3638 quae
3030 3565 3184 3636 nigra
3221 3573 3373 3621 veste

103 3687 231 3733 sunt
257 3674 464 3729 indutae
501 3672 599 3744 (Pi).
642 3671 811 3738 Audi,
850 3670 1030 3740 inquit
1057 3688 1069 3724 :
1102 3668 1337 3725 Nomina
1367 3669 1643 3740 virginum
1680 3684 1804 3739 qua:
1832 3667 2171 3738 potentiores
2203 3675 2352 3733 sunt,
2378 3682 2500 3735 quae
2522 3666 2883 3721 obtinuerunt
2910 3662 3142 3733 angulos
3169 3668 3366 3732 portae,

103 3767 218 3822 1ηεο
256 3773 385 3819 sunt
414 3763 528 3837 (6):
560 3762 741 3817 Prima
773 3771 1000 3817 vocatur
1036 3760 1218 3826 Fides,
1276 3762 1518 3817 secunda
1556 3761 1901 3817 Ahstinentia
1924 3800 1938 3822 ,
1985 3759 2145 3816 tertia
2210 3757 2494 3825 Potestas,
2553 3768 2750 3829 quarta
2807 3756 3120 3822 Patientia;
3161 3762 3370 3810 caetera;

104 3870 289 3915 autem
320 3873 444 3928 quae
472 3854 615 3910 infra
643 3855 742 3909 has
769 3853 1079 3909 consistunt
1111 3852 1213 3926 (7),
1243 3853 1330 3909 his
1353 3853 1672 3907 nominibus
1695 3861 1998 3907 vocantur:
2029 3848 2386 3920 Simplicitas,
2420 3849 2760 3917 Innocentia,
2792 3847 3053 3915 Castitas,
3087 3846 3368 3911 Hilaritas,

108 3951 346 4015 Veritas,
383 3948 767 4019 Intelligentia,
794 3947 1122 4014 Concordia,
1160 3948 1441 4005 Charitas.
1486 3946 1812 4018 Quicunque
1844 3948 2030 4016 itaque
2069 3955 2294 4016 portant
2344 3949 2460 4001 ham
2495 3946 2717 4000 nomina
2744 3955 2799 3999 et
2855 3960 3054 3998 nomen
3090 3941 3216 3998 Filii
3252 3942 3366 4007 Dei,

108 4047 161 4101 in
189 4061 422 4117 regnum
453 4044 547 4100 Dei
576 4053 836 4114 poterunt
864 4044 1092 4099 intrare.
1119 4044 1263 4099 Audi
1296 4060 1444 4099 nunc
1462 4044 1757 4097 mulierum
1790 4042 2040 4108 nomina,
2071 4056 2194 4110 qua:
2227 4041 2383 4112 nigra
2414 4050 2562 4095 veste
2609 4040 2820 4096 vestitae
2858 4047 3007 4095 sunt.
3064 4038 3142 4092 Ex
3176 4038 3264 4093 his
3289 4037 3366 4108 (8)

107 4152 345 4213 quatuor
375 4141 717 4212 potentiores
748 4149 911 4194 sunt:
944 4155 1181 4209 quarum
1212 4141 1388 4211 prima
1443 4138 1697 4207 Perﬁdia,
1749 4139 1988 4195 secunda
2043 4139 2490 4208 lntemperantia,
2550 4138 2710 4192 tertia
2746 4137 3127 4202 lncredulitas,
3169 4144 3366 4206 quarta

110 4238 377 4310 Voluptas
430 4237 508 4309 (9)
528 4238 867 4292 nominatur.
900 4235 1204 4308 Sequentes
1227 4252 1359 4293 vero
1384 4239 1582 4294 harum
1635 4239 1716 4294 sic
1750 4238 2139 4292 nominantur:
2183 4235 2451 4303 Tristitia,
2496 4235 2723 4303 Malitia,
2778 4235 2993 4301 Libido,
3053 4233 3363 4297 Iracundia.

108 4330 472 4396 Mendacium,
506 4329 772 4396 Stultitia,
800 4327 1039 4395 lnﬂatio,
1074 4326 1293 4383 Odium.
1329 4326 1443 4384 Hos
1473 4329 1701 4399 spiritus
1750 4328 1845 4397 qui
1877 4334 2060 4397 portat
2092 4325 2189 4380 Dei
2229 4340 2443 4390 servus,
2472 4340 2697 4395 regnum
2734 4326 2827 4381 Dei
2877 4324 3086 4379 videbit
3119 4325 3365 4394 quidem,

173 4429 218 4461 ⁸⁸
238 4426 377 4484 Heb.
419 4443 458 4489 ι,
483 4427 537 4481 3.

316 4546 319 4547 ν
1219 4517 1456 4574 VARIIE
1497 4516 1881 4573 LECTIONES
1918 4517 2008 4572 ET
2045 4514 2280 4573 ΝΟΤᾸΞ.

178 4687 290 4757 (86)
331 4680 867 4757 Bodl._e_o_nsiyiilem._
899 4679 1083 4757 Pelius
1125 4679 1179 4757 in
1210 4692 1310 4733 sua
1341 4677 1473 4757 edit.
1499 4676 1678 4732 Oxon.
1790 4745 1824 4757 Α
1860 4677 1973 4749 (99)
2010 4680 2093 4757 ita
2132 4692 2268 4731 mss.
2308 4675 2469 4746 Angl.
2508 4682 2561 4729 et
2609 4672 2751 4727 Vict.
2808 4674 2890 4725 lta
2939 4678 2993 4723 et
3022 4668 3150 4723 edit.
3207 4666 3341 4723 Felli

113 4745 452 4812 concolorem.
486 4753 622 4807 Vide
650 4750 901 4821 Origenis
921 4750 1190 4821 Phi_local.
1223 4763 1341 4821 cap.
1371 4749 1446 4821 8._
1642 4817 1654 4821 _
1785 4745 2080 4821 Oxon;
2109 4758 2333 4821 recreat.

181 4829 293 4898 (87)
334 4826 526 4880 Lamb.
562 4812 849 4876 Dominum
873 4837 965 4890 per
998 4819 1201 4873 Filium
1239 4812 1375 4887 ejits,
1426 4817 1524 4871 hoc
1572 4817 1686 4886 spi-
2049 4816 2565 4898 La_mb:‘_responsis.
2604 4813 2796 4893 Omnia
2828 4812 2988 4865 enim.

114 4885 217 4953 ritu
246 4885 422 4952 induti
452 4904 595 4949 sunt.
873 4885 883 4890 ’
1264 4885 1271 4887 ⁷
1363 4885 1366 4887 ’
1600 4885 1606 4886 ί
1766 4952 1775 4960 ,
1979 4887 2170 4960 Lamb.
2216 4887 2307 4960 Sic
2330 4885 2681 4960 et'gvomnis.‘

555 4964 687 5041 odor
727 4962 951 5041 uestium
977 4976 1181 5015 earum.
1766 4952 1775 4960 ’
1979 4957 2169 5041 Lamb.
2205 4948 2564 5037 Atqueveliam
2599 4954 2740 5009 vides
2762 4968 2849 5006 eos
2873 4966 3001 5022 quos
3040 4948 3290 5003 sustinet.

204 4971 294 5041 88)
335 4971 526 5020 Lamb.
555 4971 687 5018 odor
727 4971 951 5016 vestrum
977 4976 1181 5015 earum.
1859 4971 1937 5027 (2)
1980 4971 2169 5012 Lamb.
2205 4971 2376 5025 Atque
2403 4971 2462 5009 et;

182 4971 295 5111 (89)
334 5035 650 5111 Mss._Angl.
678 5033 916 5087 tulerint.
1965 5029 2165 5111 'Lamb.
2189 5027 2462 5111 quoniam.

183 5089 295 5178 (90)
340 5089 528 5161 Lamb.
569 5089 906 5178 desunt,_per
929 5111 1158 5169 partam.
1790 5170 1802 5178 .
1965 5089 2340 5178 Lambdllud.
2381 5094 2516 5149 Felli
2546 5093 2677 5148 edit.
2734 5090 2910 5145 Oxon.
2962 5089 3055 5143 sed
3101 5089 3364 5142 sustinent

182 5167 293 5249 191)
334 5167 1012 5249 ιθωὺοαίέεα.ηι4έτηέ..-
1426 5239 1456 5249 -
1516 5239 1529 5249 .
1597 5238 1608 5247 .
1783 5167 2231 5249 ίρεὲεῖῖιέὲθεηεςν·

185 5182 263 5249 (91
334 5182 526 5233 Lamb.
557 5182 625 5228 ad
653 5182 910 5227 eamdem.
1783 5185 1958 5239 ipsum
1990 5182 2231 5221 twenter.

185 5182 296 5319 (9‘2;
335 5248 529 5305 Lamb.
556 5244 854 5299 dissolutis.
914 5241 1051 5296 Vide
1075 5254 1241 5309 supra
1274 5253 1395 5307 cap.
1424 5239 1459 5292 2
1516 5238 1680 5306 hujus
1976 5236 2112 5319 μεθ.
2143 5236 2302 5319 Angl:
2332 5237 2575 5319 vgstz'tw,‘
2600 5240 2661 5319 ut
2689 5230 2852 5319 infra.

118 5298 294 5377 simil-.I
335 5298 501 5305 ΜΨ*
580 5298 607 5299 ἡ
652 5298 655 5299 ν
1144 5298 1162 5309 ³
1342 5298 1358 5307 ⁵
1589 5298 1606 5306 ⁷
1975 5307 2104 5361 Mss.
2140 5298 2504 5377 Laljtb.Vict.
2529 5298 2583 5377 ej.
2613 5304 2796 5377 Carm.
2839 5298 2969 5377 Haec
2994 5310 3118 5377 sunt
3149 5313 3366 5377 npmtra

207 5371 295 5461 9:3)
336 5389 465 5444 Mss.
499 5386 658 5459 Angl.
684 5384 1063 5455 concupierunt
1085 5380 1223 5434 enim
1249 5395 1360 5442 eas,
1401 5378 1683 5433 sollicitati
1782 5371 1985 5461 earum.
2018 5377 2111 5461 Sic
2141 5376 2350 5461 etuFellni
2376 5372 2726 5461 edit;10xon.A
2741 5371 2990 5461 Laudant
3017 5371 3161 5452 hunc
3182 5371 3363 5447 locum

187 5394 295 5514 $95)
336 5394 465 5444 MSS.
499 5394 658 5459 Allgl.
684 5394 1063 5455 concupierunt
1085 5396 1223 5434 etiam
1249 5395 1360 5442 eas,
1401 5394 1681 5433 somcuatt
1782 5394 1985 5434 earum.
2018 5394 2111 5431 διο
2141 5394 2195 5429 el.
2222 5394 2350 5428 rem
2376 5394 2504 5428 emt.
2539 5394 2713 5426 uxon.
2741 5394 2990 5424 Lamiam.
3017 5394 3161 5452 nunc:
3185 5394 3360 5447 Iucun-

120 5478 183 5531 pu
207 5461 523 5531 chritndine.
668 5528 679 5531 Α
721 5529 730 5531 _
763 5527 772 5531 _
1782 5450 2043 5531 Origenes
2066 5445 2256 5531 homril.
2284 5446 2373 5531 15.
2400 5443 2677 5531 indiserte;
2690 5440 3268 5531 ‘A_llglgf‘q?£fl:‘iﬂz.
3305 5453 3360 5531 tl"

572 5527 887 5601 amiciti-am.
995 5592 1046 5601 Α.
1184 5590 1225 5601 ﬂ
1505 5589 1539 5601 Α
1785 5510 2128 5601 Maii/223(1):,
2154 5516 2245 5596 28,
2273 5524 2326 5601 et
2363 5514 2597 5601 scriptor
2621 5511 2755 5601 γῆμε
2776 5508 3139 5601 S.‘Gcnovefa2
3159 5524 3279 5576 cap.
3304 5507 3362 5560 4.

188 5584 297 5671 (98)
339 5601 528 5654 Lamb.
557 5598 957 5671 (gratulationem.
994 5592 1085 5647 Sic
1109 5603 1163 5646 ct
1184 5590 1315 5671 Felli
1341 5591 1472 5645 edit.
1500 5589 1675 5646 Oxon.
1976 5586 2169 5671 Lamb.
2212 5588 2350 5671 inter
2370 5584 2871 5671 Altashconstiterttnt:

557 5644 1178 5735 h"e§iiﬁi,'£§é"rini.lf.
1223 5644 1527 5715 siautem.‘
1594 5644 1631 5645 Ἠ
1979 5657 2054 5739 Ita
2113 5672 2218 5739 ms.
2269 5654 2406 5709 Vict.
2467 5656 2543 5709 ita
2591 5667 2813 5724 quoque
2861 5649 2991 5706 Felli
3038 5656 3092 5704 et
3140 5644 3359 5701 Russel.

189 5728 296 5810 (97)
338 5743 526 5795 Lamb.
568 5728 782 5810 totum.
1109 5803 1120 5810 _
1783 5730 1937 5810 edit‘t.
2092 5728 2269 5810 eritis:

338 5812 530 5871 Lamb.
569 5807 802 5877 singula.
838 5805 903 5859 Et
935 5818 1063 5859 mox
1091 5803 1262 5867 deest,
1299 5818 1401 5871 egi.
1857 5801 1933 5871 (9)
1976 5797 2104 5851 Mss.
2129 5798 2286 5869 Angl.
2313 5795 2569 5850 Dulcedo.
