3830 6216
55 341 190 398 997
1182 325 1708 387 PASTOR.—LIB.
1748 323 1836 379 III.
1880 324 2084 381 SIMIL.
2126 323 2218 378 IX.
3259 334 3364 394 998

1492 442 1724 501 CAPUT
1760 441 1924 497 XVII.

141 554 225 613 Et
267 554 379 611 dixi
413 573 428 610 :
458 553 617 611 Nunc
652 553 874 617 iterum,
922 544 1171 612 .domine,
1211 550 1266 600 et
1295 542 1363 599 de
1392 541 1678 597 montibus
1724 538 1834 595 illis
1869 538 2006 593 mihi
2054 538 2373 595 demonstra
2394 580 2410 605 ,
2454 553 2626 608 quare
2652 539 2813 608 varii,
2846 549 2903 595 et
2931 541 3038 596 alia
3066 551 3232 614 atque
3254 547 3362 600 alia

56 660 218 708 sunt
265 650 459 721 ﬁgura.
486 646 653 711 Audi,
686 644 864 715 inquit
896 661 909 698 :
940 641 1006 697 Hi
1053 639 1343 697 duodecim
1389 643 1605 692 montes
1638 648 1780 704 quos
1808 632 1985 697 vides,
2021 632 2315 688 duodecim
2362 640 2493 687 suut
2540 642 2728 702 gentes
2758 651 2881 704 qua
2909 645 3084 692 totum
3111 638 3364 696 omnem

54 748 274 801 orbem
294 743 429 817 (24).
448 741 785 797 Pradicatus
815 747 901 795 est
927 754 1057 809 ergo
1088 738 1145 792 in
1177 735 1258 791 eis
1285 732 1459 788 Filius
1483 731 1599 797 Dei,
1619 745 1715 799 per
1744 744 1839 784 eos
1867 744 2012 799 quos
2042 728 2160 799 ipse
2190 729 2260 783 ad
2289 728 2411 783 illos
2447 730 2620 783 misit.
2647 728 2830 795 Quare
2862 740 3071 797 autem,
3111 732 3359 802 inquam,

54 840 225 895 varii
250 845 469 903 sunt,et
496 835 605 890 alia
636 843 801 903 atque
832 831 938 885 alia
963 828 1178 902 ﬁgura?
1200 826 1342 881 Audi
1378 844 1391 880 :
1424 824 1519 881 Ha
1548 824 1838 881 duodecim
1867 835 2057 897 gentes
2077 842 2201 897 qua
2230 834 2404 881 totum
2436 827 2687 881 obtinent
2714 828 2926 896 orbem,
2955 829 3244 885 duodecim
3272 846 3363 884 na-

58 935 265 990 tiones
314 942 444 988 sunt
476 949 490 985 :
522 938 578 986 et
606 930 750 984 sicut
772 941 868 982 eos
890 934 1104 980 montes
1126 922 1312 978 vidisti
1330 922 1542 987 varios;
1576 922 1651 975 ita
1680 929 1736 975 et
1778 921 1862 975 ha
1910 931 2119 992 gentes.
2160 920 2370 977 Sensus
2406 938 2627 993 quoque
2651 930 2706 976 et
2736 933 2894 979 actus
2922 924 3361 995 uniuscujusque

59 1032 297 1087 montis
343 1038 421 1085 te
448 1028 679 1084 docebo.
714 1024 899 1092 Prius,
933 1026 1182 1097 inquam,
1228 1023 1472 1087 domine,
1508 1022 1613 1076 hoc
1668 1020 1804 1074 mihi
1854 1021 2172 1076 demonstra
2208 1040 2222 1076 :
2255 1037 2381 1076 cum
2413 1022 2524 1076 sint
2556 1030 2665 1076 tam
2699 1028 2837 1082 varii
2870 1028 2983 1099 (25)
3018 1026 3073 1080 hi
3104 1034 3356 1090 montes,

58 1140 327 1198 quonam
376 1131 538 1195 pacto
564 1122 618 1177 in
631 1128 968 1177 structuram
1013 1119 1180 1189 hujus
1213 1118 1381 1173 turris
1424 1116 1804 1183 convenerint,
1832 1132 2053 1187 unoque
2078 1117 2397 1186 redigantur
2425 1118 2632 1182 colore,
2662 1127 2715 1172 et
2744 1134 2849 1172 non
2880 1118 3064 1173 minus
3090 1115 3359 1186 splendidi

60 1223 211 1287 sint,
246 1234 416 1291 quam
454 1217 552 1289 qui
598 1217 970 1272 ascenderunt
1016 1231 1085 1271 ex
1124 1213 1437 1284 profundo?
1466 1211 1762 1279 Quoniam,
1802 1214 2002 1283 inquit,
2033 1214 2305 1269 universa
2334 1215 2589 1269 nationes
2613 1231 2734 1284 qua
2766 1218 2870 1272 sub
2906 1217 3047 1272 coelo
3077 1232 3224 1278 sunt,
3255 1230 3360 1269 au-

61 1319 307 1373 dierunt
355 1326 410 1371 et
460 1315 836 1381 crediderunt,
863 1324 918 1369 et
960 1329 1075 1368 uno
1119 1314 1344 1368 nomine
1389 1311 1513 1367 Filii
1561 1311 1680 1378 Dei,
1704 1313 1883 1367 vocati
1917 1322 2047 1370 sunt
2077 1312 2214 1385 (26).
2245 1315 2485 1383 Accepto
2530 1313 2698 1383 igitur
2726 1311 2846 1382 ejus
2877 1309 3076 1381 sigillo,
3107 1309 3357 1363 eamdem

59 1424 278 1466 omnes
333 1407 684 1478 prudentiam
734 1407 1103 1476 eumdemque
1140 1419 1366 1459 sensum
1421 1411 1784 1473 acceperunt;
1811 1411 1866 1457 et
1895 1418 2004 1457 una
2034 1402 2169 1458 ﬁdes
2196 1412 2362 1473 atque
2396 1402 2642 1458 charitas
2676 1420 2865 1459 eorum
2894 1402 3016 1468 fuit,
3046 1412 3098 1454 et
3130 1398 3361 1468 spiritus

60 1512 360 1585 virginum
409 1502 759 1564 harum'cum
787 1508 909 1578 ejus
940 1507 1166 1562 nomine
1193 1503 1464 1560 ferebant.
1500 1502 1738 1574 Ideoque
1768 1511 2048 1559 structura
2074 1503 2245 1558 turris
2269 1503 2436 1573 hujus
2476 1499 2734 1558 concolor
2761 1495 3069 1557 videbatur,
3101 1500 3157 1546 et
3185 1488 3359 1559 fulge-

60 1612 167 1667 bat
194 1623 380 1680 usque
420 1607 489 1661 ad
534 1605 669 1661 solis
716 1602 1046 1658 claritatem.
1072 1598 1144 1653 At
1174 1612 1307 1653 vero
1337 1605 1633 1668 postquam
1665 1596 1741 1650 ita
1769 1602 2064 1652 senserunt
2091 1595 2237 1667 (27);
2266 1610 2438 1649 unum
2468 1609 2671 1663 corpus
2698 1605 2889 1647 eorum
2912 1586 3079 1656 capit
3100 1599 3220 1639 esse
3240 1597 3361 1635 om-

62 1710 259 1766 nium.
297 1706 531 1775 Quidam
581 1714 767 1758 tamen
804 1716 874 1756 ex
917 1699 999 1755 eis
1043 1695 1461 1752 maculaverunt
1501 1708 1580 1757 se,
1611 1702 1665 1748 et
1692 1692 1924 1763 projecti
1953 1700 2082 1747 sunt
2115 1691 2182 1747 de
2216 1706 2416 1762 genere
2440 1690 2741 1761 justorum,
2769 1693 2825 1741 et
2850 1684 3048 1738 iterum
3081 1678 3363 1734 redierunt

61 1806 138 1862 ad
180 1813 397 1861 statum
439 1798 760 1871 pristinum,
792 1796 961 1859 atque
988 1784 1158 1842 etiam
1185 1781 1492 1839 deteriores
1514 1796 1682 1851 quam
1716 1780 1869 1851 prius
1899 1778 2013 1852 (28)
2048 1788 2367 1835 evaserunt.

1493 1897 1729 1955 CAPUT
1766 1897 1960 1954 XVIII.

145 2013 281 2082 Quo
314 2010 501 2079 modo,
530 2008 779 2079 inquam,
807 2001 1033 2060 domine
1055 1997 1191 2071 (‘29),
1222 1996 1525 2053 deteriores
1558 1995 1655 2065 qui
1699 2005 2076 2066 cognoverunt
2114 1994 2447 2049 Dominum?
2475 1991 2542 2046 Et
2570 1991 2708 2046 dixit
2737 2010 2750 2045 :
2792 1989 2842 2045 Is
2866 1988 3089 2060 quidem
3123 1985 3219 2057 qui
3248 1999 3359 2039 non

65 2112 232 2168 novit
270 2109 570 2165 Dominum
589 2146 605 2172 ,
633 2104 682 2161 si
712 2102 966 2173 nequiter
993 2096 1148 2164 vivit,
1174 2103 1362 2149 manet
1398 2093 1456 2147 in
1492 2108 1560 2148 eo
1584 2090 1698 2163 (50)
1724 2092 1984 2162 nequitia
2028 2106 2145 2147 sua
2171 2106 2357 2161 pana.
2388 2088 2460 2145 At
2489 2089 2584 2159 qui
2609 2087 2765 2143 novit
2795 2084 3113 2149 Dominum,
3134 2080 3363 2136 onmiuo

68 2205 366 2261 abstinere
396 2217 456 2257 se
483 2199 646 2255 debet
671 2198 740 2251 ab
765 2193 918 2251 omni
957 2191 1225 2263 nequitia,
1260 2198 1315 2244 et
1346 2188 1521 2259 magis
1546 2187 1832 2257 magisque
1862 2188 2070 2243 servire
2098 2187 2329 2242 bonitati
2349 2186 2418 2241 ⁸⁷.
2450 2184 2644 2239 Nonne
2666 2199 2796 2253 ergo
2823 2182 2915 2237 ille
2939 2180 3035 2250 qui
3058 2180 3363 2235 bonitatem

71 2302 240 2374 Sequi
292 2299 545 2363 debebat,
578 2296 623 2350 si
662 2291 926 2363 nequitia
959 2287 1213 2360 praferat
1237 2292 1446 2355 partes,
1476 2283 1601 2353 plus
1629 2297 1858 2352 peccare
1884 2281 2119 2345 videtur,
2153 2294 2322 2351 quam
2356 2280 2404 2334 is
2435 2278 2527 2348 qui
2564 2277 2796 2349 deliquit
2832 2279 3093 2349 ignorans
3124 2275 3217 2331 Dei
3246 2276 3363 2329 vir-

76 2369 301 2451 tutem?
336 2393 593 2461 Ideoque,
619 2387 675 2441 hi
698 2384 919 2457 quidem
944 2379 1111 2437 morti
1141 2377 1401 2433 destinati
1434 2384 1566 2430 sunt
1599 2392 1613 2429 :
1650 2385 1705 2428 at
1735 2388 1867 2428 vero
1886 2373 1943 2427 hi
1967 2374 2063 2443 qui
2089 2380 2469 2441 cognoverunt
2502 2369 2820 2436 Dominum,
2853 2379 3017 2440 atque
3044 2369 3165 2439 ejus
3196 2369 3365 2423 mira-

70 2493 211 2548 bilia
239 2504 412 2560 opera
436 2486 715 2547 viderunt,
748 2480 796 2537 si
821 2477 1073 2549 nequiter
1104 2475 1317 2540 vivunt,
1350 2471 1519 2541 duplo
1548 2470 1663 2540 (51)
1702 2469 1938 2539 amplius
1971 2468 2292 2538 punientur,
2321 2474 2375 2520 et
2407 2465 2510 2536 ipsi
2540 2467 2847 2521 morientur
2880 2468 2934 2521 in
2970 2480 3170 2520 avum.
3207 2462 3364 2518 Sicut

73 2602 212 2658 ergo
246 2582 464 2649 vidisti,
493 2588 786 2651 postquam
819 2576 982 2647 ejecti
1016 2581 1146 2630 sunt
1170 2570 1380 2641 lapides
1423 2569 1491 2623 de
1519 2567 1659 2622 turri
1693 2565 1786 2636 qui
1824 2564 2099 2635 reprobati
2126 2571 2305 2628 erant,
2343 2561 2529 2616 traditi
2559 2573 2690 2618 sunt
2722 2564 3008 2633 spiritibus
3038 2561 3365 2632 perniciosis

75 2649 248 2753 atque
280 2677 470 2743 savis;
497 2649 560 2731 et
589 2674 663 2729 ita
689 2671 1037 2743 puriﬁcatam
1072 2668 1272 2723 turrim
1306 2664 1494 2719 vidisti
1526 2662 1664 2735 ('52),
1689 2670 1751 2716 ut
1781 2661 2099 2716 crederetur
2128 2675 2193 2714 ex
2224 2674 2334 2714 uno
2367 2658 2546 2728 lapide
2575 2670 2696 2712 esse
2724 2663 2836 2707 tota
2871 2671 2884 2706 :
2926 2653 2999 2706 ita
3038 2660 3093 2706 et
3120 2649 3365 2705 Ecclesia

77 2743 177 2829 Dei
205 2786 339 2828 cum
375 2768 665 2840 puriﬁcata
697 2763 885 2826 fuerit,
921 2760 1114 2831 ejectis
1145 2772 1214 2813 ex
1241 2772 1305 2812 ea
1337 2755 1499 2810 malis
1528 2764 1691 2824 atque
1716 2754 1880 2819 ﬁctis,
1909 2751 2157 2807 scelestis
2181 2760 2234 2805 et
2263 2750 2467 2814 dubiis,
2498 2759 2553 2803 et
2593 2747 2909 2818 quicunque
2942 2743 3191 2813 nequiter
3218 2743 3271 2796 in
3300 2758 3365 2797 ea

77 2881 137 2922 se
168 2868 493 2937 gesserunt,
521 2874 587 2914 ac
616 2856 788 2912 variis
808 2852 1073 2923 nequitia
1095 2856 1446 2920 peccatorum
1475 2844 1768 2915 generibus
1814 2843 1925 2897 erit
1985 2858 2156 2897 unum
2180 2856 2381 2911 corpus
2407 2841 2550 2910 ejus,
2574 2854 2719 2893 unus
2748 2833 3366 2904 intellectus(55),unus

81 2928 307 3022 Sensus,
342 2969 450 3009 una
490 2952 646 3017 Iides,
681 2950 981 3021 eademque
1030 2946 1270 3003 charitas
1312 2961 1327 2998 :
1366 2951 1420 2998 et
1452 2954 1585 2998 tunc
1638 2939 1813 2995 Filius
1852 2937 1950 2993 Dei
2003 2938 2281 2992 Iatabitur
2312 2936 2427 3008 (54)
2472 2938 2613 2991 inter
2642 2932 2789 2999 illos,
2813 2941 2868 2987 et
2900 2930 3128 3000 recipiet
3176 2928 3369 2982 volun.

77 3056 192 3106 tate
233 3061 375 3119 pura
399 3044 664 3117 populum
709 3056 871 3098 suum
895 3038 1033 3113 (55).
1066 3037 1133 3092 Et
1161 3035 1275 3093 dixi
1310 3050 1324 3087 :
1360 3033 1614 3097 Domine,
1641 3029 1932 3101 magniﬁce
1955 3038 2010 3083 et
2040 3028 2339 3083 honorilice
2363 3024 2477 3097 (56)
2502 3042 2560 3081 se
2586 3025 2789 3083 habent
2812 3035 3030 3083 cuncta.
3064 3023 3222 3079 Nunc
3263 3024 3368 3077 ini-

81 3140 137 3199 hi
168 3142 494 3198 demonstra
527 3135 783 3192 eﬂectum
828 3146 887 3195 et
929 3139 1040 3193 vim
1076 3134 1515 3205 uniuscujusque
1565 3130 1803 3196 montis;
1837 3136 1899 3183 ut
1932 3126 2114 3182 omnis
2148 3126 2332 3180 anima
2378 3124 2434 3177 in
2485 3123 2723 3182 Domino
2776 3126 2976 3191 ﬁdens,
3012 3122 3219 3178 auditis
3251 3120 3364 3187 his,

82 3235 326 3291 honoret
355 3247 618 3303 magnum
653 3245 719 3285 ac
748 3231 1004 3288 mirabile
1024 3238 1080 3286 et
1108 3237 1363 3285 sanctum
1395 3224 1510 3296 (57)
1544 3237 1746 3278 nomen
1780 3221 1921 3291 ejus.
1942 3218 2110 3288 Audi,
2135 3218 2335 3289 inquit,
2357 3219 2681 3274 varietatem
2704 3218 2817 3289 (58)
2845 3218 3041 3272 horum
3070 3213 3365 3281 montium,

82 3332 136 3388 id
166 3340 256 3389 est
286 3329 577 3387 duodecim
606 3328 875 3400 gentium.

1505 3405 1738 3465 CAPUT
1790 3404 1933 3458 XIX.

155 3519 233 3576 De
262 3516 446 3590 primo
482 3525 671 3573 monte
703 3514 862 3585 nigro
897 3530 912 3567 :
956 3511 1051 3582 qui
1094 3506 1468 3573 crediderunt,
1502 3503 1804 3575 transfuga
1847 3509 2003 3567 sunt,
2037 3515 2103 3556 ac
2133 3498 2371 3554 nefanda
2407 3497 2465 3552 in
2503 3495 2797 3551 Dominum
2831 3494 3116 3564 loquentes
3165 3500 3218 3547 et
3251 3503 3379 3561 pro-

87 3618 297 3675 ditores
328 3616 444 3688 (59)
473 3627 760 3671 servorum
796 3610 914 3666 Dei.
956 3607 1072 3664 Illis
1100 3605 1389 3679 proposita
1433 3616 1586 3657 mors
1616 3608 1720 3665 est,
1757 3598 2081 3671 panitentia
2114 3612 2225 3651 non
2256 3602 2361 3660 est,
2401 3594 2637 3663 ideoque
2670 3588 2815 3660 nigri
2847 3594 3009 3652 sunt;
3040 3585 3171 3655 quia
3198 3596 3372 3654 genus

89 3731 284 3773 eorum
315 3682 609 3771 scelestum
645 3717 750 3766 est.
788 3706 868 3762 De
900 3704 1147 3762 secundo
1173 3715 1306 3757 vero
1354 3707 1541 3754 monte
1575 3697 1835 3768 glabroso
1852 3693 1966 3767 (40)
1993 3712 2010 3749 :
2047 3692 2157 3747 ﬁcti
2189 3700 2320 3748 sunt
2347 3690 2443 3761 qui
2479 3687 2853 3751 crediderunt,
2877 3692 2932 3738 et
2961 3682 3217 3736 doctores
3244 3687 3373 3734 sunt

92 3811 379 3884 nequitia;
410 3819 466 3865 et
508 3808 565 3864 hi
620 3803 859 3879 proximi
916 3810 1048 3858 sunt
1093 3797 1499 3869 superioribus,
1534 3811 1645 3851 non
1679 3793 1957 3849 habentes
1986 3791 2130 3846 inter
2159 3804 2217 3844 se
2246 3787 2490 3842 fructum
2523 3782 2820 3855 aquitatis.
2847 3780 3001 3834 Sicut
3032 3777 3177 3832 enim
3214 3785 3375 3829 mons

93 3923 293 3965 eorum
332 3905 537 3963 sterilis
570 3912 655 3959 est
683 3901 820 3971 (41),
856 3914 922 3954 ac
969 3896 1090 3953 sine
1140 3894 1356 3959 fructu;
1394 3894 1469 3947 ita
1518 3902 1573 3946 et
1632 3887 1958 3960 hujusmodi
1994 3885 2247 3940 homines
2294 3883 2499 3938 habent
2549 3880 2773 3951 quidem
2833 3889 3058 3938 nomen,
3087 3871 3193 3925 ﬁde
3242 3882 3375 3923 vero

97 3999 289 4053 inanes
320 4000 471 4060 sunt,
500 3968 804 4062 neque-est
836 3986 893 4040 in
927 3984 1010 4041 eis
1043 3983 1191 4039 ullus
1225 3980 1440 4035 fructus
1469 3978 1741 4033 veritatis.
1769 3976 1868 4031 His
1900 3986 2082 4030 tamen
2116 3974 2243 4028 data
2268 3982 2352 4029 est
2381 3971 2727 4043 poenitentia,
2754 3969 2801 4025 si
2835 3968 2947 4021 cito
2981 3979 3103 4019 eam
3134 3975 3370 4031 sequun-

93 4096 179 4143 tur
234 4103 251 4142 :
301 4086 391 4142 sin
442 4092 627 4139 autem
690 4078 932 4146 tardant,
966 4085 1132 4132 erunt
1163 4083 1219 4129 et
1250 4074 1357 4145 ipsi
1409 4072 1606 4127 mortis
1634 4069 1882 4139 priorum
1919 4075 2230 4123 consortes.
2272 4064 2473 4131 Quare,
2502 4064 2751 4133 inquam,
2780 4058 3022 4123 domine,
3052 4055 3119 4110 iis
3150 4052 3374 4124 quidem

94 4177 277 4233 aditus
307 4183 391 4231 est
413 4175 481 4229 ad
513 4169 920 4243 panitentiam,
945 4165 1225 4237 prioribus
1258 4178 1392 4218 vero
1426 4177 1535 4216 non
1568 4160 1693 4214 est?
1722 4173 1859 4228 pene
1892 4157 2039 4211 enim
2064 4170 2255 4210 eorum
2291 4154 2480 4209 eadem
2516 4164 2646 4209 sunt
2678 4153 2941 4209 admissa.
2972 4149 3118 4213 Ideo,
3170 4145 3371 4215 inquit,

22 4330 23 4333 η
92 4276 175 4322 est
206 4267 300 4323 his
320 4281 417 4337 per
444 4238 824 4334 panitentiam
851 4257 965 4329 (η)
990 4269 1279 4327 regressus
1321 4253 1389 4308 ad
1439 4251 1634 4316 vitam,
1658 4249 1787 4320 quia
1816 4248 1932 4318 (45)
1963 4247 2101 4302 nihil
2132 4246 2186 4301 in
2210 4245 2504 4301 Dominum
2529 4261 2691 4300 suum
2720 4245 2883 4301 locuti
2917 4248 3047 4298 sunt
3078 4238 3374 4295 nefandum

95 4378 275 4437 neque
300 4332 615 4434 proditores
643 4369 934 4415 servorum
969 4351 1065 4407 Dei
1096 4349 1323 4405 fuerunt
1357 4366 1371 4402 :
1401 4346 1496 4402 sed
1522 4359 1621 4417 per
1650 4343 1947 4415 quamdam
1972 4340 2214 4397 habendi
2240 4340 2352 4411 (44)
2376 4338 2733 4409 cupiditatem
2770 4336 3080 4393 fefellerunt
3099 4332 3374 4394 homines.

164 4478 207 4511 07
228 4479 275 4511 ll
301 4476 362 4511 'I'i

228 4479 277 4533 lI
301 4474 445 4531 Tim.
476 4490 539 4541 ll,
565 4472 655 4528 l9.

1213 4555 1453 4615 VABIJE
1490 4552 1740 4611 LECTIO

1213 4555 1453 4615 VABIJE
1490 4550 1887 4611 LECTIONES
1924 4545 2016 4605 ET
2052 4544 2288 4601 NOTAE}.

168 4686 284 4759 (9.4)
316 4686 520 4759 Auctor
563 4676 1004 4759 _Opefis.imperf.
1054 4676 1111 4729 in
1165 4672 1361 4759 Matth.
1416 4687 1547 4759 ¥IX,J
1563 4668 1634 4751 28
1663 4685 1678 4723 :
2004 4664 2206 4759 'Lam‘b.
2233 4673 2283 4759 et
2304 4662 2622 4759 ejit'corpus
2652 4658 2765 4728 ejus
2805 4671 2942 4709 unus
2966 4651 3285 4708 intellectus.

105 4733 635 4823 Quidriiair—t:‘ihquit,'
666 4733 989 4823 Iudaeorum
1039 4744 1266 4816 populus
1302 4745 1357 4823 in
1403 4733 1679 4823 duodecim
2002 4736 2198 4823 L‘anlilb.
2230 4733 2562 4823 laudabitur.

107 4739 389 4823 Οιῖὦίέαηι.
426 4739 634 4820 inquit;
671 4739 989 4804 Iudaeorum
1039 4744 1266 4816 populus
1302 4745 1357 4797 in
1403 4741 1679 4794 duodecim
1883 4739 1973 4801 54)
2002 4739 2198 4790 Lamb.
2230 4739 2562 4787 laudabitur.

107 4830 272 4883 tribus
299 4822 651 4894 fuitdivisus;
675 4822 763 4894 sic
783 4830 833 4894 et
862 4821 1138 4894 universus
1160 4814 1394 4894 papulas.
1416 4810 1674 4865 Christia—
1790 4739 1973 4894 ⁸⁸155)
2009 4806 2173 4894 βοιᾘἱ
2200 4790 3227 4894 voiup‘t‘a‘tem‘pu-rauhnrefepfg'populo
3254 4805 3374 4844 suo.

106 4917 197 4953 nus
232 4875 433 4951 diuisus
457 4875 535 4947 est
564 4875 927 4944 in'duodecim
971 4875 1173 4950 tribus,
1202 4875 1489 4937 secundum
1515 4898 1681 4953 quas-
1790 4875 1971 4953 Sic_et
2005 4876 2201 4953 Lamb.
2229 4876 2439 4953 omissa
2473 4882 2652 4927 tamen
2681 4884 2834 4934 voce,
2864 4875 3088 4935 recepto.

106 4945 602 5038 Eliiﬁib'ﬁrietazes
628 4962 950 5024 animorum,
974 4968 1079 5014 etc.
1112 4945 1276 5010 F'ELL.
1526 4945 1539 4953 ⁷
1886 4949 1976 5013 56)
2005 4946 2198 5002 Lamb.
2226 4945 2461 4999 honeste.

314 5035 511 5159 hang.
534 5043 789 5114 tanquam
818 5046 959 5110 aqua
990 5028 1150 5151 υὲζῖξε
1185 5095 1228 5149 D
1267 5096 1279 5106 ‘
1672 5092 1684 5104 .
2000 5017 2193 5071 Lamb.
2220 5017 2440 5078 desunt,

368 5124 414 5159 δ.
500 5112 590 5159 ict.
616 5111 667 5156 et
695 5117 753 5155 in
787 5116 993 5154 nomine
1064 5114 1083 5151 ι
1109 5113 1150 5150 ii
1230 5112 1299 5159 ei,
1323 5110 1355 5147 a
1383 5109 1486 5150 auo
1512 5100 1684 5145 vocati
1846 5158 1851 5159 ί
1961 5087 2087 5159 )_lta
2125 5101 2260 5159 mss.
2308 5085 2461 5159 Laml

194 5017 509 5105 ΞΞῆ-Ϊλὶιιιῴτ
534 5043 789 5105 tanquam
818 5017 959 5105 aqua
990 5028 1150 5105 varii.
1194 5095 1224 5105 Ἀ
1267 5096 1279 5105 _
1652 5092 1684 5105 Α
2000 5017 2193 5105 Lamb.
2220 5017 2521 5105 des'unt,|e1
2530 5021 2814 5105 (sanciunt.

194 5044 289 5105 25)
314 5044 506 5091 Lamb.
534 5044 789 5102 tanquam
818 5046 959 5100 aqua
990 5044 1147 5081 vam.
1884 5044 1975 5084 at)
2000 5044 2193 5071 hall").
2220 5044 2440 5078 ucsum,
2472 5044 2521 5067 σι
2551 5044 2814 5066 smmum.

173 5044 414 5179 (26)_Ms_.
450 5103 590 5179 Vict.
609 5111 667 5179 et
695 5103 753 5155 in
787 5102 993 5179 nomine
1014 5097 1150 5151 Filii
1177 5095 1355 5179 _Dei,‘a
1383 5109 1486 5150 auo
1506 5092 1684 5179 pacati
1798 5044 2105 5179 AldSth‘a
2125 5101 2260 5179 m‘s‘s.
2281 5082 2717 5179 “Latna-farm.
2744 5092 2800 5136 et
2818 5074 3027 5131 Victor.
3055 5072 3146 5129 Sic
3164 5082 3219 5129 et
3240 5070 3377 5128 Felli

112 5156 413 5236 [Fc—lli
439 5156 572 5230 edit.
601 5171 781 5228 Oxon.
812 5170 1017 5226 omissa
1066 5156 1476 5237 conjunctione,
1499 5163 1557 5216 in
1582 5178 1686 5215 uno
1790 5156 2245 5237 €dI£.nQ§0ll._AI.
2281 5156 2574 5237 veritatem.

113 5226 410 5308 homin—ef"
445 5226 571 5230 nm
619 5226 630 5228 ἡ
654 5226 673 5227 Π
699 5226 709 5228 ⁷
1170 5226 1189 5237 ⁷
1461 5226 1472 5231 ⁷
2007 5226 2200 5308 Lamb:
2229 5226 2537 5308 ιναςίὶιονεὲτ

176 5292 517 5388 (Ιῇῖὶιθιηὶ).
561 5317 705 5370 intra
743 5311 987 5388 se,BodI.
1031 5311 1253 5388 internae
1285 5314 1683 5388 consenserunt.
2005 5296 2157 5388 'Mss.‘
2178 5296 2371 5388 Lamb.
2400 5303 2455 5388 et
2485 5292 2622 5348 Vict.
2652 5299 2920 5348 scabrosa.

1285 5379 1485 5433 desunt
1529 5361 1688 5443 quant
1799 5456 1822 5463 Δ
2224 5367 2454 5463 “desunt
2498 5381 2647 5418 mons
2681 5374 2735 5419 et
2779 5373 2878 5418 est.
2926 5361 3108 5417 Felius
3154 5370 3376 5427 quoque

116 5434 289 5531 prius.I
592 5434 618 5458 ⁷
773 5434 845 5531 _r
909 5526 920 5531 _
1130 5434 1171 5435 Ἠ
1541 5434 1552 5443 ’
1794 5434 2099 5531 onlii'trti‘t'est
2130 5438 2183 5531 i|n
2222 5434 2561 5531 edit."Ox'on.

331 5534 525 5589 Lamb.
555 5530 728 5594 deest,
766 5526 1007 5580 Domine.

184 5606 292 5653 {50)
315 5605 508 5653 Lamb.
538 5617 658 5653 cum
688 5617 769 5653 eo.

1886 5511 1976 5575 42)
2006 5507 2196 5563 Lamb.
2223 5507 2560 5576 ρωηὶιεηιὶω.

1863 5515 1977 5653 (45)
2010 5578 2101 5633 Sic
2151 5595 2284 5634 mss.
2336 5577 2521 5631 Carm.
2554 5584 2608 5630 et
2652 5572 2792 5629 Vict.
2831 5572 2922 5627 Sic
2956 5569 3020 5625 et

1802 5565 2101 5676 “(t3)_Sic
2151 5565 2284 5634 mss.
2336 5577 2521 5631 Carm.
2554 5584 2608 5630 et
2652 5572 2792 5629 Vict.
2831 5572 2922 5627 Sic
2956 5569 3164 5625 et'edit.
3188 5565 3370 5622 Oxon.

316 5654 874 5744 Lambduplicius.“
939 5738 949 5744 _
1010 5735 1049 5744 __
1300 5731 1309 5741 ι
1352 5730 1385 5744 ,⁸
1424 5728 1464 5744 ﬂ
1792 5654 2015 5744 AI.'q’ui.

546 5716 971 5815 EEEQE’Wsm.
1006 5735 1126 5792 Huc
1168 5730 1393 5802 respicit
1422 5725 1686 5795 Origenes
1866 5716 1976 5793 (4'4)
2014 5720 2144 5778 Mss.
2172 5719 2333 5791 Angl.
2365 5716 2681 5784 accipiendi.

125 5802 377 5874 Ριιξιοὲαι.
411 5829 532 5883 cap.
566 5813 615 5867 8.
