3830 6216
482 318 588 375 999
1916 314 1974 367 S.

2247 311 2274 366 Β
3626 314 3759 368 1000

480 431 743 487 ducentes
761 448 854 489 eos
877 430 1176 487 secundum
1200 426 1527 497 cupiditates
1543 425 1655 494 (45)
1684 425 2061 494 peccantium;
2092 424 2214 481 ideo
2230 424 2440 479 dabunt
2468 422 2764 494 quamdam
2788 422 2909 493 ejus
2928 421 3006 476 rei
3028 434 3279 490 poenam;
3316 419 3409 475 sed
3444 430 3629 475 tamen
3651 424 3754 493 (46)

481 526 551 581 iis
584 527 866 595 proposita
900 534 984 580 est
1015 516 1636 594 paenitentia,quia(47)
1674 515 1811 570 nihil
1851 515 1906 569 in
1940 512 2237 569 Dominum
2273 528 2435 568 suum
2471 514 2731 569 dixerunt
2762 512 3085 569 nefandum.

1910 632 2141 688 CAPUT
2191 632 2311 687 XX.

551 734 627 791 De
678 734 843 789 tertio
895 749 1027 788 vero
1066 742 1251 788 monte
1294 729 1388 800 qui
1438 730 1627 798 spinas
1656 736 1711 781 et
1758 726 1993 781 tribulos
2037 725 2279 781 habebat
2318 744 2330 779 :
2371 725 2509 779 tales
2553 734 2682 779 sunt
2720 725 2815 794 qui
2863 725 3239 791 crediderunt,
3278 728 3477 784 divites
3506 728 3755 797 quidam,

479 829 702 901 quidam
763 836 944 882 autem
992 826 1241 895 plurimis
1294 826 1547 880 obstricti
1617 822 1850 893 negotiis
1911 822 2024 892 (48)
2061 840 2073 874 :
2112 821 2299 875 tribuli
2350 821 2499 876 enim
2542 821 2746 875 divitia:
2785 821 3008 887 sunt";
3051 824 3224 892 spinae
3259 839 3407 890 vero,
3435 827 3532 894 qui
3574 827 3756 885 multis

480 927 699 997 obligati
738 934 866 979 sunt
906 926 1158 995 negotiis.
1186 920 1249 974 lli
1280 936 1411 990 ergo
1438 920 1551 990 (49)
1582 918 1676 989 qui
1710 918 1968 987 plurimis
1994 918 2221 986 obligati
2252 926 2382 973 sunt
2406 918 2643 986 negotiis
2674 918 2951 987 variisque
2980 916 3168 983 rebus,
3205 933 3314 971 non
3352 917 3671 989 adjungunt
3689 935 3747 975 se

481 1018 652 1072 servis
690 1017 782 1070 Dei
803 1058 815 1077 .
852 1018 946 1073 sed
978 1018 1262 1081 aberrant,
1289 1015 1357 1069 ab
1386 1015 1471 1069 his
1498 1014 1731 1082 negotiis
1765 1012 2003 1067 revocati
2037 1010 2150 1081 (50)
2180 1028 2209 1065 a
2241 1012 2445 1081 quibus
2479 1011 2842 1068 suﬂ'ocantur.
2877 1011 3055 1066 Etiam
3085 1022 3141 1067 et
3171 1013 3226 1067 hi
3257 1013 3350 1083 qui
3374 1013 3579 1070 divites
3610 1027 3753 1081 sunt.

480 1107 582 1176 ipsi
623 1107 871 1161 dilliciles
916 1123 975 1161 se
1025 1108 1091 1160 ad
1127 1104 1601 1160 conversationem
1630 1104 1743 1173 (51)
1774 1118 2058 1156 servorum
2093 1101 2191 1155 Dei
2234 1102 2497 1173 praebent,
2534 1112 2841 1159 metuentes
2876 1118 2943 1157 ne
2976 1106 3107 1174 quid
3138 1117 3394 1176 poscatur
3422 1110 3492 1164 ab
3521 1110 3633 1165 illis
3663 1129 3675 1164 :
3704 1111 3756 1169 hi

478 1213 608 1269 ergo
634 1199 851 1253 difﬁcile
885 1201 938 1253 in
976 1216 1202 1269 regnum
1242 1199 1335 1253 Dei
1372 1200 1742 1255 intrabunt".
1782 1200 1940 1254 Sicut
1972 1199 2119 1253 enim
2165 1198 2492 1254 excalceatis
2526 1200 2781 1269 pedibus,
2808 1199 3023 1255 difﬁcile
3050 1202 3105 1257 in
3142 1203 3358 1259 tribulis
3385 1206 3707 1263 ambulatur
3739 1225 3753 1261 :

478 1298 558 1351 sic
582 1306 636 1351 et
669 1296 983 1366 hujusmodi
1022 1299 1271 1353 homines
1306 1298 1523 1352 difﬁcile
1546 1306 1629 1352 est
1663 1297 1717 1351 in
1746 1312 1972 1366 regnum
2000 1294 2097 1349 Dei
2143 1295 2372 1349 intrare.
2421 1293 2529 1349 Sed
2565 1304 2619 1349 et
2650 1297 2731 1353 eis
2758 1296 3015 1350 omnibus
3069 1296 3230 1352 datur
3264 1298 3333 1352 ad
3368 1299 3755 1367 pmnitentiam

477 1404 781 1459 regressus,
816 1390 861 1443 si
917 1398 1097 1445 tamen
1164 1394 1274 1447 cito
1331 1392 1595 1447 redierint
1650 1393 1717 1448 ad
1766 1393 1952 1457 illam;
1993 1400 2054 1444 ut
2105 1390 2234 1460 quia
2276 1390 2554 1461 prioribus
2588 1390 2782 1445 diebus
2824 1401 3181 1447 cessaverunt
3204 1394 3275 1448 ab
3302 1409 3489 1462 opere,
3524 1394 3754 1462 repetito

478 1489 723 1551 tempore
766 1482 973 1551 aliquid
1021 1484 1149 1538 boni
1185 1484 1363 1539 facere
1411 1485 1645 1554 possint.
1697 1484 1829 1538 Acta
1868 1484 2034 1554 igitur
2070 1484 2415 1553 paenitentia.
2466 1483 2513 1537 si
2565 1482 2793 1538 fecerint
2849 1498 3014 1552 opera
3069 1485 3355 1553 bonitatis,
3393 1487 3584 1540 vivent
3621 1505 3635 1541 :
3673 1488 3752 1542 sin

476 1583 660 1630 autem
697 1576 751 1629 in
787 1577 1044 1633 admissis
1078 1579 1195 1632 suis
1231 1575 1657 1644 permanserint,
1686 1575 1968 1629 tradentur
2002 1573 2326 1628 mulieribus
2361 1573 2470 1627 illis
2502 1590 2623 1642 qua:
2655 1574 2736 1628 eis
2772 1572 3025 1628 auferent
3051 1575 3238 1629 vitam.

1905 1694 2136 1750 CAPUT
2183 1692 2329 1748 XXI.

548 1792 624 1847 De
680 1802 877 1863 quarto
929 1806 1060 1843 vero
1115 1798 1301 1843 monte
1347 1790 1582 1845 habente
1627 1790 1917 1861 plurimam
1966 1788 2195 1842 herbam
2223 1785 2361 1857 (52),
2396 1786 2555 1854 cujus
2596 1786 2853 1855 superior
2896 1800 3024 1855 pars
3056 1785 3247 1841 viridis
3279 1794 3419 1849 erat,
3458 1787 3594 1856 ipsa:
3629 1804 3757 1844 vero

478 1889 691 1943 radices
746 1888 938 1953 aridae;
1000 1886 1248 1956 quaedam
1307 1886 1471 1939 etiam
1507 1901 1537 1939 a
1571 1886 1704 1941 solis
1728 1886 1924 1939 ardore
1951 1882 2065 1953 (53)
2092 1892 2251 1938 tactae
2284 1882 2609 1936 arescebant
2642 1900 2656 1935 :
2696 1880 3009 1950 hujusmodi
3045 1889 3175 1934 sunt
3208 1880 3430 1948 quidam
3466 1879 3620 1935 dubii
3660 1885 3750 1952 qui

476 1984 848 2047 crediderunt,
899 1993 953 2037 et
1010 1986 1231 2054 quidam
1267 1984 1359 2037 alii
1397 1985 1451 2037 in
1487 1985 1650 2040 labiis
1693 1982 2010 2045 Dominum,
2048 1997 2158 2036 non
2207 1980 2263 2034 in
2306 1980 2473 2034 corde
2516 1978 2773 2033 ferentes.
2814 1977 3049 2048 Ideoque
3081 1976 3249 2031 arida:
3281 1987 3429 2042 sunt,
3458 1988 3514 2032 et
3537 1979 3752 2035 nullum

478 2072 896 2127 fundamentum
924 2074 1038 2143 (54)
1066 2075 1329 2129 habentes
1372 2074 1555 2129 herbae
1589 2088 1781 2128 eorum
1815 2092 1828 2128 :
1866 2071 2051 2127 verbis
2084 2070 2232 2126 enim
2269 2070 2653 2125 tantummodo
2690 2069 2911 2136 vivunt,
2939 2084 3106 2141 Opera
3140 2084 3271 2126 vero
3304 2085 3497 2125 eorum
3534 2082 3753 2129 mortua

477 2175 624 2220 sunt.
662 2165 726 2219 lli
760 2182 890 2235 ergo
925 2181 1027 2221 nec
1071 2169 1273 2222 mortui
1312 2178 1443 2222 sunt
1472 2184 1572 2223 nec
1604 2168 1735 2234 vivi,
1762 2176 1817 2223 et
1843 2166 1994 2223 dubii
2030 2165 2283 2221 similiter
2317 2172 2467 2218 sunt.
2505 2163 2612 2234 Ipsi
2648 2165 2793 2218 enim
2829 2164 3002 2229 dubii,
3042 2180 3142 2221 nec
3181 2165 3385 2222 virides
3410 2176 3543 2221 sunt
3574 2184 3751 2237 neque

474 2258 650 2323 aridi;
686 2257 736 2311 id
770 2266 855 2312 est
888 2274 989 2315 nec
1019 2260 1128 2313 vivi
1156 2274 1255 2313 nec
1290 2260 1511 2313 mortui.
1549 2259 1704 2315 Sicut
1735 2260 1881 2314 enim
1915 2258 2097 2315 herbae
2123 2272 2339 2323 eorum,
2372 2257 2487 2311 sole
2514 2258 3062 2323 viso,aruerunt:ita
3088 2268 3143 2313 et
3172 2256 3343 2323 dubii,
3372 2259 3537 2314 simul
3565 2268 3624 2314 ut
3650 2276 3750 2313 au-

474 2351 698 2406 dierunt
733 2355 1191 2422 persecutionem,
1222 2354 1572 2410 incommoda
1598 2356 1712 2426 (55)
1749 2363 2075 2420 metuentes,
2107 2353 2391 2409 redierunt
2439 2354 2508 2408 ad
2557 2353 2882 2420 simulacra,
2912 2363 2968 2407 et
2992 2370 3184 2410 rursus
3217 2357 3533 2411 servierunt
3568 2357 3675 2423 eis,
3699 2366 3752 2412 ct

473 2449 821 2503 erubuerunt
853 2448 1073 2504 Domini
1109 2452 1193 2506 sui
1239 2452 1382 2507 ferre
1418 2470 1642 2507 nomen.
1716 2451 2046 2523 llujusmodi
2085 2466 2216 2521 ergo
2267 2450 2539 2515 homines,
2568 2466 2670 2507 nec
2726 2450 2834 2504 vivi
2877 2464 2979 2504 nec
3031 2448 3232 2502 mortui
3266 2458 3428 2515 sunt;
3468 2449 3563 2504 sed
3607 2460 3661 2505 et
3694 2451 3751 2505 hi

474 2552 707 2611 possunt
749 2544 954 2611 vivere,
982 2544 1028 2599 si
1080 2546 1192 2601 cito
1244 2550 1456 2619 egerint
1498 2550 1909 2620 paenitentiam;
1939 2548 2025 2605 sin
2074 2549 2261 2603 minus
2298 2547 2414 2617 jam
2458 2548 2644 2605 traditi
2675 2556 2805 2602 sunt
2843 2545 3167 2600 mulieribus
3203 2545 3307 2600 illis
3340 2560 3461 2614 qua:
3494 2545 3753 2602 auferent

473 2640 642 2694 vitam
678 2655 894 2695 eorum.

1892 2739 2120 2795 CAPUT
2162 2738 2329 2795 XX“.

546 2824 622 2881 De
669 2827 860 2896 quinto
914 2843 1045 2882 vero
1089 2840 1274 2887 monte
1303 2849 1500 2903 aspero
1532 2844 1586 2889 et
1618 2834 1818 2888 virides
1852 2834 2052 2887 herbas
2078 2834 2312 2887 habente
2345 2849 2361 2885 :
2397 2830 2714 2901 hujusmodi
2749 2838 2879 2884 sunt
2915 2830 3011 2898 qui
3041 2832 3385 2889 crediderunt
3412 2830 3599 2888 fideles
3628 2834 3754 2903 qui-

491 2918 639 2985 dem,
706 2921 801 2975 sed
835 2920 1051 2976 diﬂitile
1096 2924 1405 2987 credentes,
1448 2932 1502 2976 et
1547 2921 1784 2976 audaces
1840 2936 1904 2975 ac
1958 2920 2062 2974 sibi
2120 2922 2428 2990 placentes;
2459 2920 2705 2975 volentes
2741 2919 2909 2974 videri
2942 2919 3053 2985 (56)
3090 2932 3287 2979 cuncta
3322 2924 3463 2979 scire
3505 2923 3753 2995 nihilque

474 3014 701 3069 omnino
752 3016 1008 3071 scientes.
1042 3015 1274 3087 Propter
1329 3017 1470 3070 hanc
1528 3016 1691 3086 igitur
1736 3015 2046 3081 audaciam,
2078 3031 2277 3071 sensus
2319 3015 2579 3071 discessit
2630 3016 2699 3069 ab
2730 3014 2860 3082 illis,
2895 3023 2950 3068 et
2986 3015 3209 3070 intravit
3239 3015 3292 3068 in
3327 3030 3424 3069 eos
3457 3015 3753 3070 temeraria

472 3108 787 3177 arrogantia
821 3108 958 3181 (57).
996 3108 1272 3163 Sublimcs
1306 3114 1489 3159 autem
1539 3120 1600 3160 se
1637 3115 1855 3175 gerunt,
1890 3114 1945 3158 et
1980 3105 2146 3160 veluti
2197 3106 2524 3175 prudentes;
2571 3114 2627 3161 et
2683 3120 2810 3161 cum
2854 3106 2966 3161 sint
3004 3106 3178 3169 stulti,
3211 3105 3442 3176 cupiunt
3496 3107 3753 3162 doctores

474 3200 666 3255 videri.
698 3199 927 3269 Propter
969 3200 1109 3257 hanc
1146 3199 1470 3263 stultitiam,
1499 3198 1627 3252 dum
1675 3213 1733 3252 se
1772 3198 2147 3267 magniticant,
2182 3199 2341 3253 multi
2371 3214 2565 3254 eorum
2596 3199 2863 3253 exinaniti
2893 3208 3038 3254 sunt.
3068 3196 3323 3269 Magnum
3354 3198 3505 3252 enim
3542 3198 3751 3252 daemo-

475 3294 626 3348 nium
655 3304 738 3349 est
770 3295 997 3349 audacia
1026 3304 1079 3348 et
1099 3294 1425 3349 confidentia
1451 3292 1655 3349 inanis.
1685 3289 1761 3345 Ex
1794 3292 1879 3346 his
1916 3293 2082 3362 igitur
2111 3293 2263 3347 multi
2295 3293 2492 3363 abjecti
2524 3302 2675 3349 sunt.
2700 3294 2808 3347 Alii
2839 3302 3021 3347 autem
3052 3296 3240 3365 agnito
3265 3294 3381 3362 (58)
3405 3307 3598 3347 errore
3622 3307 3749 3361 suo,

474 3394 849 3463 pmnitentiam
900 3402 1147 3464 egerunt,
1183 3403 1235 3447 et
1268 3391 1636 3447 subdiderunt
1682 3405 1741 3444 se
1777 3390 2106 3445 habentibus
2154 3406 2399 3446 sensum.
2434 3389 2541 3446 Sed
2582 3401 2637 3445 et
2682 3391 2893 3446 caeteris
2926 3391 3122 3445 horum
3154 3385 3424 3440 similibus
3465 3384 3752 3453 proposita

471 3498 556 3541 est
586 3486 934 3556 ptenitentia;
970 3501 1145 3554 neque
1170 3486 1315 3540 enim
1344 3485 1474 3539 mali
1512 3482 1866 3550 fuerunt,sed
1892 3485 2218 3555 insipientes
2249 3486 2434 3557 potius
2463 3494 2519 3540 et
2552 3486 2725 3541 stulti.
2760 3485 2827 3540 Hi
2856 3501 3005 3555 ergo,
3036 3483 3085 3538 si
3115 3482 3751 3553 egerintpcenitentiam,

474 3578 655 3633 vivent
686 3576 795 3632 Deo
830 3594 844 3632 :
877 3578 961 3631 sin
994 3576 1199 3642 minus,
1235 3577 1560 3632 hahitabunt
1590 3591 1715 3631 cum
1763 3576 2088 3631 mulieribus
2123 3576 2250 3644 illis,
2287 3594 2411 3648 quae
2440 3580 2715 3649 nequitias
2745 3593 2875 3634 suas
2904 3577 3237 3633 exercebunt
3266 3576 3319 3631 in
3353 3577 3433 3630 eis
3458 3575 3607 3647 (59).

1869 3688 2102 3744 CAPUT
2144 3689 2337 3746 XXIII.

544 3789 621 3845 De
648 3800 802 3845 sexto
826 3804 957 3844 vero
983 3793 1166 3843 monte
1191 3783 1423 3838 habente
1446 3782 1722 3836 scissuras
1767 3781 2009 3850 majores
2049 3792 2105 3837 et
2131 3783 2378 3839 minores
2419 3803 2432 3837 ε
2468 3784 2787 3854 hujusmodi
2820 3795 2949 3841 sunt
2977 3785 3070 3856 qui
3105 3784 3474 3841 crediderunt.
3510 3783 3583 3841 Et
3611 3786 3669 3841 hi
3700 3785 3753 3841 in

472 3883 675 3952 quibus
706 3884 964 3937 scissura:
998 3878 1237 3933 minores
1262 3875 1511 3941 erant,hi
1542 3884 1673 3929 sunt
1693 3874 1789 3944 qui
1820 3875 1962 3929 inter
1994 3891 2055 3931 se
2084 3876 2290 3933 habent
2310 3878 2527 3944 lites,et
2551 3891 2774 3951 propter
2799 3880 3055 3950 querelas
3084 3898 3213 3937 suas
3235 3882 3292 3937 in
3326 3882 3430 3936 fide
3451 3884 3753 3954 languent;

474 3974 569 4028 sed
597 3974 753 4028 multi
787 3989 852 4029 ex
890 3973 957 4027 iis
988 3977 1219 4041 egerunt
1250 3968 1632 4038 ptenitentiam
1668 3984 1682 4021 :
1723 3966 1979 4036 idemque
2002 3971 2184 4024 centeri
2228 3970 2430 4027 facient
2457 3973 2592 4043 (60),
2616 3975 2821 4029 auditis
2850 3973 3123 4029 mandatis
3163 3974 3331 4039 meis;
3362 3972 3581 4045 exiguae
3606 3976 3753 4031 enim

472 4075 603 4121 sunt
626 4067 745 4122 lites
782 4080 997 4128 eorum,
1036 4079 1102 4118 ac
1132 4063 1289 4120 facile
1319 4065 1385 4119 ad
1424 4064 1808 4135 pmnitentiam
1844 4074 2132 4119 recurrent
2170 4065 2307 4135 (6|).
2332 4067 2403 4121 At
2434 4068 2489 4121 hi
2535 4069 2629 4139 qui
2662 4070 2900 4139 majores
2944 4068 3168 4134 habent,
3200 4067 3342 4123 sicut
3372 4066 3592 4137 lapides
3627 4084 3754 4137 per—

471 4158 681 4213 tinaces
725 4166 910 4224 erunt,
960 4156 1300 4211 simultatum
1335 4155 1447 4228 (62)
1479 4164 1534 4210 et
1578 4154 1916 4209 offensarum
1960 4164 2091 4211 sunt
2118 4172 2415 4224 memores,
2446 4159 2787 4215 iracundiam
2844 4160 2987 4214 inter
3031 4175 3091 4215 se
3129 4169 3472 4219 exercentes.
3510 4158 3578 4214 Hi
3626 4177 3754 4231 ergo

472 4252 671 4323 abjecti
730 4260 858 4308 sunt
888 4266 918 4305 a
954 4250 1113 4318 turri,
1142 4260 1196 4305 et
1228 4266 1257 4305 a
1288 4260 1565 4304 structura
1609 4249 1729 4318 ejus
1760 4248 2033 4317 reprobati
2068 4267 2081 4303 z
2120 4250 2433 4319 hujusmodi
2458 4268 2591 4323 ergo
2618 4253 2870 4307 homines
2899 4250 3116 4306 difiicilc
3147 4252 3350 4307 vivent.
3386 4251 3533 4309 Deus
3566 4263 3629 4309 et
3661 4252 3757 4307 Do-

471 4346 657 4400 minus
700 4354 888 4400 noster
929 4346 1025 4415 qui
1069 4346 1384 4400 dominatur
1411 4344 1660 4399 omnium
1709 4358 1918 4409 rerum,
1946 4352 2002 4397 et
2032 4354 2301 4400 creatura:
2328 4362 2445 4401 sua:
2472 4348 2741 4402 universae
2774 4346 2942 4401 habet
2970 4345 3087 4417 (63)
3126 4354 3476 4414 potestatem,
3509 4344 3754 4402 offensas

472 4439 789 4493 meminisse
816 4454 926 4492 non
958 4438 1106 4503 vult;
1135 4439 1229 4494 sed
1273 4438 1342 4493 ab
1373 4438 1457 4492 his
1488 4437 1582 4507 qui
1618 4445 1846 4506 peccata
1880 4453 1978 4492 sua
2013 4439 2368 4507 confitentur,
2397 4440 2557 4495 facile
2588 4441 2851 4511 placatur.
2885 4439 3064 4494 Homo
3092 4453 3222 4493 vero
3260 4453 3386 4493 cum
3424 4437 3500 4493 sit
3534 4438 3753 4511 langui-

470 4536 596 4599 dus,
650 4533 921 4599 mortalis,
979 4533 1229 4587 infirmus
1286 4544 1340 4589 et
1376 4534 1615 4604 repletus
1655 4535 1935 4604 peccatis,
1968 4536 2175 4590 homini
2233 4548 2648 4607 perseveranter
2704 4537 3044 4602 irascitur”,
3095 4543 3355 4603 tanquam
3418 4547 3755 4587 conservare

470 4638 597 4679 cum
624 4623 798 4693 possit
822 4631 920 4678 aut
955 4624 1181 4693 perdere
1200 4626 1268 4680 ⁹¹.
1296 4624 1408 4697 Ego
1438 4639 1621 4680 autem
1651 4640 1751 4680 vos
1780 4640 2000 4692 moneo,
2024 4627 2252 4684 nuntius
2285 4636 2342 4683 et
2370 4628 2696 4698 praepositus
2724 4625 3079 4697 paenitentia,
3103 4633 3163 4679 ut
3199 4623 3521 4693 quicunque
3550 4638 3751 4693 propo-

533 4744 579 4821 7“
607 4744 797 4799 Matth.
822 4761 944 4813 xm,
971 4745 1061 4800 2'2.
1138 4746 1391 4803 "Matth.
1435 4765 1549 4816 xix,
1570 4748 1661 4813 23,
1684 4750 1783 4815 24;
1815 4749 1984 4804 Mare.
2074 4763 2128 4813 x,
2200 4752 2305 4821 23;
2334 4750 2472 4808 Luc.
2498 4769 2659 4817 xvnt,
2682 4752 2776 4805 24.
2837 4752 2885 4784 ⁸ο
2907 4748 3077 4803 Eeeli.
3106 4759 3300 4808 xxvttt,
3326 4743 3380 4796 3.
3459 4742 3504 4772 ⁹¹
3526 4738 3655 4797 Jac.
3686 4757 3750 4803 tv,

1557 4907 1792 4963 VARUS
1834 4907 2219 4965 LECTIONES
2260 4909 2349 4964 ΕΤ
2388 4908 2625 4965 NOT/E.

544 5000 656 5069 (45)
686 4998 1004 5071 hlss.7Angl.
1029 4999 1315 5053 desideria.
1348 4997 1441 5055 Stc
1467 5008 1521 5054 et
1546 5001 1679 5054 edit.
1710 4999 1889 5054 Oxon.
2230 5001 2345 5071 (55)
2373 5001 2564 5055 Lamb.
2600 5001 2761 5055 simul
2806 5001 3077 5054 audientes
3113 4996 3532 5067 persecutionem
3582 5008 3637 5051 et
3681 5000 3752 5051 in-

543 5072 658 5141 (46)
684 5069 873 5123 Lamb.
905 5071 1170 5141 tormenti.
1223 5139 1249 5141 _
1719 5140 1741 5141 77
2159 5069 2455 5141 commoda.
2968 5140 2971 5141 7
3766 5093 3776 5103 ·

544 5138 656 5211 (47)
686 5141 795 5195 Sic.
813 5156 946 5194 mss.
969 5138 1111 5195 Vict.
1134 5150 1182 5193 et
1211 5139 1395 5194 Carm.
1422 5156 1522 5211 pro
1545 5140 1689 5210 quia.
1712 5140 1806 5196 Sic
1839 5150 1892 5195 et
1914 5141 2049 5196 edit.
2231 5141 2346 5211 (56)
2376 5140 2572 5196 Lamb.
2606 5141 2781 5208 deest,
2808 5140 2998 5195 videri.

471 5205 649 5267 Oxon.
690 5211 913 5281 Al.qui.
1062 5280 1065 5281 7
1423 5205 1440 5211 ⁷
1557 5205 1567 5210 ⁷
2175 5279 2189 5281 _
2232 5205 2346 5280 (57)
2385 5211 2518 5267 Mss.
2575 5212 2735 5281 Angl.
2769 5205 2943 5281 'fatua
3001 5207 3362 5277 prazsumptio.
3417 5205 3558 5261 Felli
3625 5209 3745 5263 edit.

543 5283 655 5353 (48)
686 5279 879 5353 Lamb.
903 5282 992 5351 qui
1014 5280 1257 5353 plurimis
1283 5281 1537 5353 obstricti
1558 5291 1678 5353 sunt
1700 5282 1944 5353 negotiis.
2158 5279 2342 5353 om.
2378 5279 3055 5353 temeraria—praesumptio.

542 5350 657 5423 (49)
686 5352 818 5407 Mss.
849 5350 1007 5423 Angl.
1036 5350 1087 5405 Ii
1118 5368 1257 5406 vero.
1295 5352 1387 5407 Sic
1416 5363 1470 5407 et
1502 5352 1633 5406 Felli
1660 5350 1793 5407 edit.
1817 5352 1995 5407 Oxon.
2234 5352 2347 5423 (58)
2374 5352 2505 5407 Mss.
2543 5350 2957 5423 Aiigl.:cognito.

543 5421 656 5495 (50)
680 5423 808 5495 Mss.
833 5421 993 5491 Angl.
1030 5424 1223 5495 uocati.
2228 5422 2346 5495 (59)
2370 5423 2515 5495 _Mss.7
2539 5421 2699 5495 Angl.
2733 5421 2996 5476 exercent.

542 5490 657 5565 (51)
690 5494 777 5547 Al.
815 5490 1224 5565 conuersionem.
2224 5490 2339 5565 (60)
2365 5492 2563 5565 Lamb.
2589 5493 2807 5561 ideoque
2834 5504 3025 5547 cratera
3056 5490 3283 5561 faciunt.

543 5562 656 5635 (52)
680 5564 765 5635 Al.
790 5562 1050 5635 plurimas
1086 5563 1297 5630 herbas,
1321 5580 1570 5635 quarum.
2225 5562 2338 5635 (βε)
2364 5562 2557 5635 Lamb.
2595 5574 2899 5635 recurrunt.

543 5631 659 5705 (55)
686 5633 1007 5705 Mss.7Angl.7
1031 5635 1223 5688 calore.
1334 5631 1343 5635 ’
1520 5704 1531 5705 7
1731 5702 1769 5705 _
1810 5704 1813 5705 7
1852 5704 1857 5705 7
2186 5704 2192 5705 7
2227 5631 2342 5701 (62)
2379 5633 2573 5688 Lamb.
2617 5634 2793 5701 deest,
2845 5631 3209 5688 simultatum.
3252 5631 3338 5686 Al.
3378 5631 3433 5684 in
3494 5631 3737 5685 simulta-

545 5702 658 5775 (54)
694 5702 886 5759 Lamb.
918 5702 1067 5759 nulla
1098 5705 1465 5774 fundamenta.
1510 5704 1600 5761 Sic
1643 5712 1695 5759 et
1730 5702 1864 5759 Felli
1918 5705 2051 5761 edit.
2155 5704 2415 5775 tibus7.7et_.

470 5772 646 5838 Oxtm.
1099 5772 1107 5774 “
2229 5774 2341 5843 (65)
2376 5772 2565 5830 Lamb.
2601 5774 2817 5831 habens.
