3830 6216
108 257 224 314 tom
1206 263 1496 319 pasron.
1536 295 1607 305 —
1638 244 1771 321 LIB.
1818 268 1904 321 ιιι.
1948 265 2149 320 SlMlL.
2192 267 2282 322 1x.
3201 279 3341 334 mna

105 382 253 432 situm
299 378 401 432 tale
428 378 542 449 (64)
592 379 827 441 habetis.
854 376 1140 448 deponatis
1181 381 1336 447 illud,
1364 390 1419 436 et
1459 383 1527 437 ad
1570 384 1946 451 paenitentiam
1978 384 2276 439 recurratis
2311 402 2322 436 ε
2354 392 2407 439 et
2434 384 2699 442 Dominus
2729 388 3032 445 medeliitur
3064 393 3339 462 prioribus

104 472 296 527 delictis
318 472 665 545 vestris(65),
696 476 741 529 si
772 475 843 528 ab
877 475 983 530 huc
1011 476 1284 532 daemonio
1308 493 1416 561 [vos
1445 478 1891 547 purificaveritis;
1929 479 2013 534 sin
2046 482 2250 547 minus,
2278 480 2345 533 ad
2375 490 2606 535 mortem
2634 485 2922 541 trademini
2958 488 3053 542 illi.

1463 596 1695 652 CAPUT
1750 597 1943 653 XXIV.

164 680 232 737 De
275 693 460 738 monte
506 699 638 740 vero
688 689 920 755 septimo
964 689 1020 743 in
1051 705 1161 760 quo
1195 689 1398 745 virides
1425 698 1478 744 et
1507 690 1710 744 hilares
1744 696 1900 744 erant
1932 689 2139 752 herbae,
2167 698 2220 743 et
2261 696 2413 744 totus
2443 704 2604 743 mons
2654 688 2847 745 fertilis
2891 700 3031 755 erat,
3071 706 3344 762 omneque

101 788 255 844 genus
300 777 570 844 pecudum
618 779 917 848 carpebant
944 779 1206 849 pabulum
1231 794 1297 835 ex
1322 779 1511 835 herbis
1544 779 1747 835 montis
1780 779 2064 849 ejusdem;
2094 788 2149 834 et
2179 790 2386 849 quanto
2416 780 2592 850 magis
2621 780 2802 837 herbae
2825 782 2930 837 illae
2951 783 3340 852 carpebantur,

99 877 235 923 tanto
277 869 510 927 laetiores
554 873 868 929 revirebant
896 873 1050 945 (66):
1086 874 1406 946 hujusmodi
1460 884 1589 932 sunt
1643 875 1736 945 qui
1782 875 2153 943 crediderunt,
2188 875 2467 945 simplices
2520 884 2574 929 et
2630 874 2760 928 boni
2810 890 3045 945 semper,
3079 886 3134 930 et
3162 876 3343 931 nullas

99 960 338 1018 habentes
380 963 525 1019 inter
560 980 620 1019 se
654 965 1059 1033 dissensiones;
1090 968 1187 1023 sed
1234 968 1482 1024 laetantes
1516 984 1733 1039 semper
1769 969 1837 1025 de
1878 969 2053 1025 servis
2080 969 2197 1035 Dei,
2228 969 2407 1025 induti
2435 969 2687 1039 spiritum
2722 967 2995 1038 virginum
3023 968 3251 1037 harum;
3287 979 3344 1027 et

99 1071 292 1126 semper
323 1057 374 1111 in
423 1074 619 1115 omnes
656 1060 911 1119 homines
935 1062 1047 1135 (67)
1073 1066 1140 1119 ad
1178 1064 1485 1121 faciendam
1515 1067 1952 1122 misericordiam
1986 1067 2244 1137 prompti,
2271 1075 2325 1121 et
2352 1066 2420 1122 de
2447 1066 2731 1122 laboribus
2762 1066 2881 1121 suis
2912 1069 3127 1123 cunctis
3156 1070 3340 1126 homi-

97 1149 242 1203 nibus
271 1149 424 1205 facile
454 1153 762 1211 tribuentes
796 1158 916 1211 sine
950 1157 1286 1228 improperio
1312 1168 1365 1214 et
1398 1160 1810 1216 deliberatione.
1845 1160 1975 1216 Visa
1997 1162 2164 1232 igitur
2186 1162 2454 1217 Dominus
2480 1161 2827 1231 simplicitate
2860 1172 2913 1219 et
2934 1166 3083 1219 omni
3110 1166 3338 1223 infantia

103 1253 297 1308 eorum,
324 1244 480 1297 auxit
537 1259 634 1301 eos
700 1244 757 1300 in
813 1245 1098 1303 laboribus
1144 1265 1413 1305 manuum
1470 1267 1720 1317 suarum,
1747 1260 1801 1307 et
1847 1251 1998 1307 dedit
2031 1252 2111 1308 eis
2140 1254 2194 1307 in
2222 1253 2374 1308 omni
2406 1267 2570 1323 opere
2592 1250 2704 1322 (68)
2737 1255 2987 1321 gratiam.
3013 1252 3126 1323 Ego
3154 1265 3339 1311 autem

102 1336 269 1390 hortor
290 1353 404 1404 vos,
429 1341 759 1408 praepositus
788 1344 1125 1412 pmuitentiae
1154 1346 1406 1412 nuntius,
1436 1349 1489 1402 in
1526 1349 1719 1405 eodem
1774 1350 2055 1419 proposito
2096 1366 2438 1420 permanere,
2476 1351 2793 1421 quicunque
2833 1348 2967 1404 estis
2998 1350 3336 1424 hujusmodi,

94 1443 151 1481 ne
179 1429 474 1485 eradicetur
504 1446 690 1486 semen
728 1442 968 1488 vestrum
1002 1437 1054 1489 in
1092 1452 1287 1490 :evum.
1318 1438 1584 1492 Dominus
1610 1438 1756 1493 enim
1784 1454 1885 1494 vos
1914 1440 2190 1507 probavit,
2223 1449 2276 1493 et
2300 1440 2628 1508 conscripsit
2650 1442 2704 1495 in
2736 1452 2987 1497 nostrum
3013 1460 3335 1515 numerum;

92 1529 137 1574 et
157 1536 306 1577 omne
357 1539 544 1579 semen
571 1523 683 1595 (69)
710 1534 954 1581 vestrum
986 1543 1110 1582 cum
1140 1528 1279 1583 Filio
1313 1530 1403 1583 Dci
1429 1529 1620 1583 ditavit
1642 1528 1785 1601 (70);
1816 1531 1883 1584 de
1919 1530 2125 1600 Spiritu
2154 1531 2299 1584 enim
2327 1530 2441 1601 (7|)
2477 1530 2596 1600 ejus
2627 1533 2760 1589 estis
2804 1551 3015 1590 omnes.

1474 1639 1706 1695 CAPUT
1749 1639 1918 1695 XXV.

150 1732 218 1787 De
248 1742 440 1790 octavo
470 1750 606 1791 vero
640 1748 850 1803 monte,
881 1753 935 1791 ιιι
961 1751 1072 1807 quo
1106 1738 1330 1808 plurimi
1366 1736 1733 1793 erant'fontes
1753 1779 1769 1805 ,
1812 1739 1866 1791 in
1895 1738 2095 1808 quibus
2119 1738 2233 1809 (72)
2267 1739 2649 1809 adaquabatur
2677 1756 2840 1795 omne
2871 1758 3042 1811 genus
3073 1759 3339 1800 creaturae

89 1820 205 1878 Dei:
236 1826 368 1880 tales
396 1836 525 1882 sunt
570 1828 664 1897 qui
710 1834 1058 1890 crediderunt
1095 1836 1397 1906 apostolis,
1438 1850 1579 1905 quos
1624 1837 1773 1892 misit
1824 1835 2090 1892 Dominus
2135 1838 2191 1891 in
2234 1845 2410 1892 totum
2456 1840 2645 1893 orbem
2688 1840 3011 1909 praedicare;
3039 1853 3091 1896 et
3114 1844 3337 1914 quidam

88 1919 336 1989 doctores,
368 1924 463 1994 qui
489 1924 606 1996 (73)
631 1937 784 1984 caste
814 1940 869 1986 et
903 1933 1117 1989 sincere
1158 1933 1599 2005 praedicaverunt
1648 1948 1712 1987 ac
1746 1933 2085 1999 docuerunt,
2122 1948 2223 1988 nec
2268 1934 2567 2003 quidquam
2611 1936 2837 1988 omnino
2888 1938 3339 2008 subscripserunt

88 2019 224 2073 malae
246 2022 531 2091 cupiditati
570 2042 583 2077 :
630 2026 726 2080 sed
776 2026 998 2082 assidue
1034 2028 1091 2082 in
1120 2032 1375 2100 aequitate
1398 2040 1452 2088 et
1481 2033 1596 2105 (74)
1631 2034 1861 2089 veritate
1892 2035 2334 2090 ambulaverunt.
2367 2033 2434 2088 Hi
2463 2050 2594 2107 ergo
2624 2034 2765 2090 inter
2794 2038 3016 2108 angelos
3044 2053 3339 2094 conversa-

88 2110 272 2168 tionem
296 2114 523 2172 habent.

1466 2222 1697 2280 CAPUT
1731 2223 1928 2282 XXVI.

145 2308 211 2365 De
240 2327 381 2369 nono
404 2323 592 2370 autem
628 2322 815 2370 monte
840 2312 1080 2375 deserto,
1112 2326 1180 2366 ac
1212 2324 1492 2383 serpentes
1527 2314 1760 2369 habente
1787 2315 1901 2385 (75)
1931 2333 1944 2368 :
1978 2314 2293 2384 hujusmodi
2326 2323 2454 2370 sunt
2483 2315 2576 2385 qui
2606 2316 2988 2383 crediderunt;
3019 2319 3111 2374 sed
3140 2327 3192 2374 et
3214 2319 3331 2392 (76)

85 2414 303 2468 maculas
337 2415 633 2471 habebant.
658 2414 725 2469 Hi
753 2422 882 2471 sunt
911 2411 1150 2467 ministri
1172 2413 1314 2467 male
1347 2414 1717 2470 ministerium
1749 2424 1992 2486 agentes,
2024 2413 2344 2483 diripientes
2372 2413 2662 2468 viduarum
2700 2413 2843 2468 bona
2873 2423 2927 2467 et
2958 2416 3328 2484 pupillorum;

86 2501 192 2567 sibi,
222 2520 323 2560 non
354 2507 499 2575 aliis,
534 2523 603 2562 ex
624 2507 714 2563 bis
737 2524 860 2578 qua:
887 2517 1237 2580 acceperunt,
1270 2508 1665 2567 ministrantes.
1690 2508 1779 2577 Hi,
1804 2510 1851 2565 si
1875 2509 1988 2579 (77)
2012 2508 2417 2579 permanserint
2437 2509 2492 2562 in
2519 2508 2708 2563 eadem
2740 2509 3057 2579 cupiditate,
3081 2512 3243 2565 morti
3271 2527 3332 2565 se

86 2592 420 2663 tradiderunt,
447 2612 553 2652 nec
576 2597 687 2652 ulla
709 2599 816 2653 erit
838 2599 895 2652 in
918 2597 999 2654 eis
1028 2612 1152 2668 spes
1188 2598 1344 2668 vitae;
1378 2600 1524 2669 quod
1557 2600 1604 2655 si
1638 2600 1891 2655 conversi
1920 2598 2167 2666 fuerint,
2215 2608 2272 2653 et
2321 2607 2475 2654 caste
2528 2601 3036 2655 consummaverint
3079 2602 3331 2657 ministe-

84 2684 205 2740 rium
233 2704 424 2758 suum,
466 2702 729 2763 poterunt
772 2694 978 2750 vivere.
1020 2691 1126 2760 Qui
1173 2709 1302 2750 vero
1346 2696 1594 2752 seabrosi
1638 2695 1840 2767 reperti
1870 2704 2018 2761 sunt,
2068 2695 2106 2749 ii
2134 2703 2261 2750 sunt
2288 2694 2383 2764 qui
2412 2710 2610 2784 nomen
2638 2692 2856 2749 Domini
2890 2695 3326 2763 abnegaverunt.

86 2795 168 2835 neu
190 2782 294 2854 (78)
321 2787 389 2842 ad
420 2787 721 2845 Dominum
746 2806 943 2850 rursus
969 2794 1276 2859 redierunt,
1319 2795 1412 2850 sed
1457 2804 1703 2867 agrestes
1728 2805 2024 2852 evaserunt
2052 2804 2217 2865 atque
2259 2794 2459 2850 deserti
2488 2782 2511 2860 ,7
2534 2807 2645 2848 non
2674 2792 3010 2863 applicantes
3046 2807 3104 2846 se
3133 2790 3202 2845 ad
3233 2790 3328 2847 Dei

85 2888 273 2948 servos;
307 2884 400 2939 sed
438 2887 677 2956 separati
710 2889 780 2945 ab
803 2890 883 2946 eis
909 2930 925 2958 ,
956 2905 1057 2961 pro
1083 2905 1252 2961 parva
1299 2891 1670 2947 sollicitudine
1695 2892 1864 2947 vitam
1897 2907 2053 2947 suam
2086 2891 2415 2945 amiserunt.
2450 2886 2607 2943 Sicut
2632 2887 2776 2940 enim
2802 2885 2931 2940 vitis
2957 2884 3139 2954 aliqua
3172 2883 3303 2938 dere

85 2965 189 3026 licia
215 2973 265 3028 in
291 2992 436 3047 sepe,
460 2980 550 3035 cui
580 2980 731 3036 nulla
756 2981 974 3036 cultura
1002 2982 1272 3053 contingit
1298 3024 1313 3046 ,
1355 2982 1585 3053 disperit
1640 2998 1705 3037 ac
1762 2983 2065 3038 suffocatur
2093 2981 2162 3036 ab
2188 2979 2376 3035 herbis
2396 3020 2411 3045 ,
2455 2986 2509 3031 et
2551 2976 2783 3047 agrestis
2813 2984 3057 3044 tempore
3097 2972 3329 3027 efficitur

85 3063 280 3131 (desinit
313 3074 457 3129 enim
484 3076 639 3132 utilis
658 3092 781 3133 esse
809 3076 1035 3133 domino
1066 3078 1190 3147 suo)
1218 3096 1233 3133 :
1258 3078 1340 3133 sic
1378 3086 1433 3132 et
1467 3077 1784 3148 hujusmodi
1815 3076 2068 3132 homines
2104 3075 2171 3130 de
2201 3072 2397 3144 seipsis
2441 3070 2795 3141 desperantes
2831 3064 2967 3136 (79),
2990 3063 3323 3130 exacerbati,

87 3160 285 3223 Domino
308 3187 407 3228 suo
433 3172 658 3230 inutiles
679 3190 801 3231 esse
826 3184 1129 3245 cmperunt.
1160 3174 1254 3231 His
1281 3191 1411 3246 ergo
1439 3175 1661 3231 demum
1703 3175 1865 3230 datur
1898 3173 2011 3244 (80)
2040 3170 2382 3243 pmnitentia,
2412 3167 2461 3225 si
2506 3182 2619 3221 non
2646 3177 2712 3217 ex
2761 3157 3082 3231 praecordiis
3120 3156 3325 3209 inventi

84 3256 257 3315 fuerint
279 3264 576 3336 denegasse
605 3286 618 3323 :
651 3270 797 3339 quod
843 3272 889 3326 si
915 3273 1040 3343 quis
1070 3288 1138 3328 ex
1168 3272 1485 3344 praecordiis
1517 3272 1771 3327 inventus
1824 3270 1991 3325 fuerit
2040 3269 2359 3339 denegasse,
2392 3280 2462 3319 an
2494 3262 2607 3333 (81)
2644 3261 2814 3315 vitam
2864 3252 3085 3354 assequﬁi
3126 3252 3323 3354 possit,

83 3349 266 3418 ignoro.
314 3355 550 3431 Ideoque
578 3359 723 3426 dice,
762 3371 824 3417 ut
855 3363 910 3417 in
939 3363 1025 3419 his
1060 3364 1274 3431 diebus,
1307 3364 1354 3420 si
1394 3364 1519 3434 quis
1562 3362 1801 3434 negavit,
1840 3362 1909 3417 ad
1941 3361 2055 3431 (82)
2092 3358 2472 3431 paenitentiam
2503 3361 2837 3416 revertatur;
2867 3360 2996 3401 nam
3045 3345 3161 3398 fieri
3210 3357 3323 3396 non
3399 3388 3404 3395 .

81 3451 233 3507 potest
260 3456 316 3501 ut
342 3465 491 3505 nunc
513 3449 808 3508 Dominum
872 3469 1033 3509 suum
1064 3454 1188 3525 quis
1239 3455 1518 3526 abnegans
1551 3452 1664 3525 (85)
1689 3461 1875 3523 postea
1931 3450 2154 3521 assequi
2196 3449 2373 3520 possit
2421 3446 2692 3509 salutem;
2739 3441 2835 3497 sed
2882 3439 2990 3493 illis
3037 3442 3325 3504 reputatur

81 3542 328 3607 Proposita
354 3546 697 3615 pcenitentia,
733 3548 825 3618 qui
857 3549 986 3615 olim
1017 3550 1447 3614 abnegaverunt.
1480 3547 1804 3605 Accelerare
1836 3544 1983 3602 enim
2016 3546 2111 3616 qui
2153 3553 2379 3600 acturus
2426 3549 2512 3598 est
2549 3534 2928 3611 paenitentiam
2958 3530 3137 3594 debet,
3166 3534 3323 3582 antc-

80 3645 220 3699 quam
247 3650 538 3712 peragatur
560 3642 849 3699 aedificatio
877 3645 1048 3701 turris
1073 3645 1269 3716 hujus;
1318 3645 1403 3701 sin
1430 3645 1637 3708 minus.
1678 3660 1711 3699 a
1742 3642 2065 3699 mulieribus
2093 3640 2201 3695 illis
2228 3639 2476 3694 trahetur
2503 3634 2618 3706 (84)
2660 3631 2729 3687 ad
2766 3636 3017 3685 mortem.
3050 3623 3154 3692 Qui
3194 3637 3322 3730 νεξτο

81 3724 175 3799 (85)
202 3736 351 3801 curti,
380 3738 562 3794 dolosi
594 3748 743 3807 sunt,
768 3750 822 3795 et
852 3742 997 3797 alius
1028 3742 1084 3795 in
1116 3741 1285 3797 alium
1322 3742 1836 3808 comininiscentes;
1866 3741 1921 3795 lii
1936 3747 2067 3795 sunt
2097 3744 2381 3807 serpentes
2412 3735 2468 3788 in
2496 3748 2561 3791 eo
2583 3739 2770 3785 monte
2799 3726 2969 3780 misti.
2995 3724 3149 3779 Sicut
3171 3724 3317 3775 enim

79 3823 387 3882 mortiferum
418 3840 506 3885 est
536 3830 854 3885 hominibus
885 3838 1205 3900 serpentum
1233 3846 1529 3898 venenum,
1562 3832 1638 3886 ita
1668 3839 1724 3887 et
1751 3831 1920 3886 verba
1940 3830 2132 3885 talium
2159 3827 2412 3883 inficiunt
2439 3823 2551 3897 (86)
2583 3820 2837 3876 homines
2867 3826 3033 3887 atque
3060 3815 3316 3886 perdunt.

79 3908 208 3969 Curti
236 3932 359 3977 sunt
384 3923 555 3993 igitur
584 3923 696 3995 (87)
722 3939 749 3979 a
775 3921 880 3977 fide
909 3936 1031 3989 sua,
1061 3931 1285 3994 propter
1312 3922 1421 3978 hoc
1442 3938 1614 3993 genus
1643 3922 1770 3978 vita:
1796 3937 1911 3978 suae
1944 3922 1998 3976 in
2042 3934 2153 3991 quo
2202 3925 2493 3973 morantur
2523 3914 2660 3985 (88).
2688 3914 2874 3985 Aliqui
2917 3928 3049 3968 vero
3097 3924 3316 3973 eorum,

79 4014 267 4076 accepta
290 4014 631 4081 ptenitentia,
665 4019 901 4072 assecuti
934 4026 1064 4073 sunt
1096 4019 1364 4087 salutem;
1402 4020 1499 4075 sed
1527 4028 1582 4075 et
1608 4020 1789 4075 caeteri
1836 4018 2151 4089 hujusmodi
2194 4016 2447 4072 homines
2490 4030 2644 4084 mque
2689 4020 3071 4083 assequentur,
3102 4010 3149 4065 si
3191 4024 3319 4079 ege-

77 4090 172 4146 rint
215 4102 583 4168 poenitentiam
622 4123 633 4158 :
669 4106 753 4161 sin
791 4106 996 4174 minus,
1049 4109 1354 4164 morientur
1405 4125 1531 4164 cum
1582 4110 1910 4166 mulieribus
1956 4109 2069 4179 (89)
2120 4108 2251 4175 illis,
2280 4121 2515 4177 quarum
2563 4106 2674 4160 vim
2720 4103 3005 4175 possident
3052 4114 3118 4156 ac
3158 4108 3317 4170 pote-

78 4192 145 4239 sta
151 4195 243 4245 tem
252 4230 266 4247 ο

1133 4299 1366 4356 VARle
1407 4299 1797 4357 LECTIONES
1837 4300 1927 4357 ET
1968 4300 2203 4357 NOTAE.

258 4403 442 4466 Lamb.
475 4412 820 4498 hujusmodi:
901 4486 912 4498 .
1044 4487 1055 4498 .
1281 4433 1293 4497 ‘.
1793 4416 1907 4540 (78)
1932 4416 2122 4473 Lamb.
2154 4415 2374 4481 desunt,
2396 4416 2506 4470 ii...
2538 4429 2651 4468 nec.

219 4478 235 4540 )
268 4477 392 4534 Mss.
426 4481 586 4540 Anal.
624 4486 935 4539 remedaabtt
974 4501 1155 4540 vrtora
1188 4485 1382 4540 delicta
1422 4495 1613 4539 vestra.
1820 4487 1906 4540 79)
1933 4487 2084 4540 Bodl.
2118 4487 2516 4540 despondentes.

156 4416 233 4485 tu)
258 4416 442 4466 Lamb.
475 4416 803 4481 hujusmodi.
1281 4433 1284 4436 ’
1819 4417 1907 4480 78)
1932 4416 2122 4473 Lamb.
2154 4416 2374 4481 desunt,
2396 4416 2506 4470 ii...

156 4473 235 4543 65)
268 4477 392 4534 Mss.
426 4481 586 4551 Angl.
624 4486 935 4539 remediabit
1012 4487 1155 4539 riora
1188 4485 1382 4540 delicta
1422 4495 1613 4539 vestra.
1820 4487 1906 4557 79)
1933 4487 2084 4542 Bodl.
2118 4487 2516 4557 despondentes.

156 4543 230 4629 lus
278 4558 457 4607 autem
510 4553 567 4608 in
615 4569 720 4610 sua
765 4558 897 4611 edit.
952 4502 1129 4611 ὄχθη.
1167 4557 1397 4611 remedia
1441 4559 1615 4628 provi—
1791 4416 1906 4629 (80)
1939 4558 2016 4612 Ita
2047 4572 2182 4629 mss.
2209 4555 2368 4628 Angl.
2394 4564 2448 4611 et
2464 4554 2516 4610 Vi

74 4537 230 4628 fellas
278 4558 457 4607 autem
510 4537 567 4608 i’n
615 4537 1397 4611 statas."exs’n.’ra.aaa
1427 4537 1615 4628 sisti;
1738 4627 1744 4628 ί
1791 4537 1906 4628 (sit
1934 4537 2370 4628 iussisset;
2385 4537 2603 4611 avra.
2628 4553 2706 4608 Ita
2736 4559 2790 4605 et
2812 4546 2946 4603 Felli
2974 4545 3105 4602 edit.
3129 4544 3307 4599 Oxon.

74 4609 213 4700 defigi]:
628 4609 635 4610 7
713 4609 718 4610 7
775 4609 893 4611 7777'
970 4609 981 4610 7
1048 4609 1062 4611 7
1204 4609 1233 4610 77
1285 4609 1291 4610 7
1441 4609 1463 4628 Γ
1545 4609 1555 4611 7

1545 4609 1555 4611 ‘
1718 4609 2327 4700 ΑιΥιίέηὶᾴΜᾶῐᾶὲῖίυ
2357 4609 2377 4700 7_
2543 4609 2552 4611 7
2738 4691 2771 4700 η
2960 4687 3013 4700 ,..

260 4688 570 4775 ἒίδεοβυϐί·
606 4698 985 4775 τβσνεδρεῦιζηζτ
1717 4768 1758 4775 _
1790 4700 1903 4775 (81)
1943 4698 2043 4775 Sic
2068 4715 2201 4775 mss.
2244 4694 2595 4775 Angl.,_\7ict.
2620 4702 2709 4775 ,ρι’
2732 4691 2916 4775 Carm.
2960 4687 3052 4743 Sic
3090 4701 3309 4775 quoque

256 4758 443 4837 Lamb.
480 4754 723 4821 ovmm'bus
760 4769 1079 4823 hominibus.

1794 4754 1850 4823 lli
1888 4754 2023 4825 edit.
2068 4767 2245 4824 Oxon.
2293 4754 2382 4825 ΑῙ.
2413 4754 2630 4821 7inventi
2682 4763 2877 4833 fuerint
2926 4754 3303 4837 negasseaan,

254 4830 441 4910 1.13"“?-
477 4845 727 4905 τεηιρονεο
1717 4824 2052 4895 intermediis
2080 4839 2343 4896 omissis:
2374 4824 2498 4906 quae
2550 4824 2693 4910 sane:
2722 4824 3012 4889 contextus
3052 4826 3303 4910 requirit,

267 4900 451 4982 iamp-
487 4893 671 4982 99n7u3'
704 4980 710 4982 Α
918 4979 942 4982 ,
1033 4981 1041 4982 ί
1117 4980 1125 4982 ,
1188 4980 1194 4982 Α
1300 4980 1306 4982 Α
1718 4893 2784 4982 videnturqueobnonnullasrepetitas
2823 4915 2986 4982 voces
3012 4893 3302 4982 excidisse;

135 4964 236 5051 (.70)
265 4971 449 5032 Lamb.
477 4964 649 5041 deest,
678 4980 889 5051 ditavit.
915 4979 1068 5035 Bold.
1098 4980 1366 5051 habitabit
1400 4996 1417 5034 :
1446 4996 1610 5051 quam
1786 4964 2131 5051 (89.)La7m7b.
2152 4980 2438 5035 insatiatus
2466 4964 2658 5046 aliquis
2694 4974 2762 5028 ad
2796 4972 2975 5042 paenit.
3018 4968 3218 5031 Fellus,
3256 4969 3302 5021 si

77 5030 1610 5123 {gc'gioigemsuum;estrem;militiam;3:15;:
1713 5030 2473 5123 quiﬂegeTjEui.:77_777777_
2553 5030 2566 5046 '
2736 5030 2845 5123 -ἠ
3006 5113 3017 5123 _
3135 5112 3146 5123 ,

71 5096 594 5194 Vi9£°.4€P“‘¢§5i7‘;777
634 5096 722 5194 ⁷υῄ
754 5096 777 5105 7
799 5096 934 5107 ψῃ
960 5096 1016 5107 777
1045 5096 1173 5107 μ’..
1203 5096 1373 5107 777777777
1401 5096 1469 5106 ω
1503 5096 1608 5107 777777
1714 5096 2385 5194 7Ecclesia
2421 5119 2703 5190 abnegans.
2736 5112 2941 5180 Fellus,
2971 5113 3017 5165 si
3056 5112 3174 5182 quis
3216 5110 3303 5163 ab-

128 5175 228 5264 )
249 5175 433 5264 Lamb.
460 5189 799 5264 deestenim.

419 5228 433 5242 .
460 5189 799 5264 deestenim.
1712 5175 1925 5264 negans.

252 5252 433 5313 Lamb.
456 5276 520 5313 ea:
549 5261 757 5330 quibus.
830 5336 842 5346 '
1715 5247 1743 5249 77
1777 5247 1899 5387 ’(84)
1932 5262 2127 5317 Lamb.
2155 5264 2418 5346 tradetur.

249 5323 372 5383 Mss.
393 5331 551 5387 Anal.
579 5333 733 5387 deest
752 5350 862 5387 aut.
1806 5334 1875 5387 85
1928 5332 2117 5387 Lamb.
2152 5334 2207 5387 In
2237 5351 2376 5387 vero.

249 5317 733 5404 bss._Angl.7deest
752 5336 862 5404 qui.
1782 5317 1897 5404 (85)
1928 5332 2117 5404 Lamb-
2152 5334 2207 5387 Ῑιί
2229 5317 2376 5389 νῑένοο

248 5394 437 5476 Lamb.
473 5388 669 5459 desunt
690 5388 947 5475 diénitate
977 5414 1047 5461 et.
1782 5388 1895 5476 (86)
1927 5403 2118 5476 Lamb.
2141 5388 2430 5475 decipiunt.

413 5459 1044 5546 serpentibusvhabitato.
1781 5459 1895 5546 (87)
1926 5473 2117 5546 Lamb.
2145 5459 2302 5531 enini.

117 5529 227 5669 ’(76)
251 5535 373 5595 Mss.
397 5529 555 5611 Angl.
580 5546 672 5614 qui
691 5554 761 5601 et.
854 5529 861 5530 7
887 5529 890 5530 7
1781 5529 1896 5616 (88)
1925 5543 2117 5600 Lamb.
2150 5547 2204 5599 in
2232 5529 2331 5618 quo
2360 5546 2677 5601 moriuntur.
2708 5543 2861 5601 Bodl.
2890 5544 2946 5596 in
2975 5555 3077 5612 quo
3107 5534 3297 5591 morati

147 5600 224 5669 ⁷⁷)
245 5605 429 5669 Lamb.
458 5615 558 5668 sibi
588 5616 723 5669 alios
764 5632 829 5669 ea:
878 5619 1173 5669 ministerio
1212 5618 1347 5669 nnod
1395 5633 1607 5669 acceve-
1709 5626 1852 5669 sunt.

147 5600 429 5694 Z7)Lamb.
458 5600 558 5668 sibi
588 5600 723 5670 alios
752 5600 829 5671 ex
863 5619 1173 5694 _ministerio
1212 5618 1347 5694 quod
1395 5633 1607 5688 accepe—
1709 5600 1852 5694 sunt.

68 5680 189 5739 runt,
219 5680 509 5738 ministrare
532 5696 765 5757 cogentes
787 5704 805 5741 :
828 5691 895 5744 si.
1225 5680 1237 5694 ”
1515 5680 1525 5688 ’
1783 5686 1896 5760 (89)
1922 5686 2114 5744 Lamb.
2141 5705 2173 5742 a
2206 5687 2534 5746 mulieribus.

354 5780 625 5843 PATROL.
671 5785 789 5846 GR.
828 5785 909 5846 Η.
2896 5781 2975 5839 8:2
