3830 6216
472 230 613 291 1003
1900 241 1955 291 S.
2018 237 2281 294 IIERMJE
3605 244 3731 299 10Οὲ

1857 374 2088 431 CAPUT
2140 376 2354 431 XXVII.

542 491 620 547 De
646 492 859 548 decimo
879 506 1009 547 vero
1039 501 1247 561 monte,
1289 491 1344 548 in
1376 507 1488 564 quo
1518 492 1746 551 arbores
1774 502 1929 549 erant
1968 504 2210 567 tegentes
2237 510 2439 567 pecora
2472 514 2485 550 :
2520 496 2655 552 tales
2685 505 2813 552 sunt
2854 496 2948 567 qui
2994 496 3339 552 crediderunt
3381 498 3600 568 quidam
3624 500 3731 567 cpi-

469 587 647 657 scopi,
680 586 735 642 id
771 595 855 641 est
872 586 1141 656 praesides
1166 583 1540 639 Ecclesiarum
1574 584 1712 656 (90).
1739 585 1846 639 Alii
1874 600 2027 651 vero,
2061 586 2117 640 hi
2144 587 2377 656 lapides,
2405 587 2499 656 qui
2532 605 2642 643 non
2672 590 2818 657 ficto,
2852 589 2944 644 sed
2971 590 3140 644 alacri
3183 590 3293 662 (91)
3322 595 3503 645 animo
3526 606 3732 659 semper

468 688 525 742 in
550 685 747 740 domos
779 698 909 738 suas
941 696 1132 737 servos
1162 680 1259 736 Dei
1287 691 1612 750 receperunt
1638 699 1651 734 :
1682 688 1735 735 et
1759 680 1956 736 deinde
1984 681 2078 750 qui
2109 682 2369 752 praesides
2396 693 2523 739 sunt
2562 685 3016 754 ministeriorum,
3046 688 3137 757 qui
3170 695 3223 741 et
3247 689 3436 757 inopes
3465 695 3518 742 et
3546 689 3731 742 viduas

465 791 825 856 protexerunt
856 781 994 854 (92),
1021 789 1076 836 et
1101 788 1310 836 castam
1338 786 1603 848 perpetuo
1632 776 2107 832 conversationem
2142 777 2475 833 habuerunt.
2508 778 2649 851 Ergo
2678 780 2733 834 hi
2764 781 3012 837 homines
3043 800 3073 839 a
3106 783 3336 839 Domino
3358 794 3728 855 proteguntur.

465 880 594 937 Haac
615 881 934 952 quicunque
962 879 1173 949 egerint
1199 876 1336 947 (95),
1369 875 1623 930 honorati
1655 891 1784 931 sunt
1814 874 1958 944 apud
1989 873 2317 930 Dominum:
2356 885 2410 932 et
2440 877 2583 933 inter
2611 877 2834 933 nuntios
2878 877 3033 934 locus
3070 891 3261 933 eorum
3307 888 3411 945 est,
3456 876 3501 932 si
3549 892 3730 947 perse-

464 979 776 1035 veraverint
803 991 981 1049 usque
1006 976 1063 1030 in
1088 969 1619 1031 consummationem
1655 982 1849 1038 parere
1878 966 2135 1022 Domino.

1842 1105 2073 1162 CAPUT
2115 1103 2351 1159 XXVIII.

532 1239 609 1295 De
631 1238 921 1294 undecimo
936 1244 1141 1301 monte,
1167 1234 1223 1288 in
1239 1246 1349 1302 quo
1370 1238 1525 1285 erant
1548 1227 1772 1282 arbores
1795 1226 1916 1281 aliis
1941 1235 2103 1297 atque
2127 1226 2251 1281 aliis
2278 1224 2548 1280 fructibus
2571 1233 2810 1280 oneratae
2832 1224 2946 1295 (94)
2974 1242 2987 1279 :
3014 1218 3068 1272 hi
3092 1227 3220 1273 sunt
3239 1217 3332 1288 qui
3364 1216 3731 1278 crediderunt,

459 1343 515 1391 et
547 1346 769 1406 propter
814 1348 1018 1389 nomen
1054 1328 1274 1384 Domini
1300 1334 1529 1381 mortem
1564 1324 1837 1389 obierunt,
1869 1331 1923 1377 et
1954 1322 2138 1377 animo
2170 1331 2421 1392 prompto
2447 1321 2592 1391 passi
2624 1330 2771 1385 sunt,
2810 1330 2864 1375 et
2919 1337 2983 1374 ex
3012 1328 3127 1373 toto
3168 1319 3331 1373 corde
3372 1334 3474 1372 suo
3521 1320 3733 1372 animas

458 1447 591 1489 suas
616 1429 978 1485 tradiderunt.
1018 1425 1085 1479 Et
1115 1421 1269 1478 dixi:
1304 1418 1486 1485 Quare
1513 1432 1665 1485 ergo,
1690 1417 1932 1481 domine,
1964 1432 2156 1471 omnes
2202 1415 2286 1473 Im
2334 1416 2559 1471 arbores
2604 1416 2806 1470 habent
2856 1416 3076 1485 quidem
3131 1414 3363 1480 fructus,
3406 1413 3499 1469 sed
3543 1430 3731 1469 eorum

456 1526 681 1598 quidam
717 1520 1092 1593 pulchriores?
1138 1517 1300 1582 Audi,
1335 1514 1554 1585 inquit:
1598 1510 1922 1579 Quicunque
1961 1522 2183 1583 propter
2225 1528 2423 1567 nomen
2472 1511 2688 1567 Domini
2717 1513 2865 1582 passi
2904 1522 3052 1577 sunt,
3079 1513 3329 1567 honorati
3377 1515 3520 1583 apud
3551 1513 3733 1569 Domi-

456 1638 589 1679 num
622 1622 890 1677 habentur
918 1638 929 1672 :
956 1626 1015 1672 et
1046 1615 1291 1671 omnium
1312 1628 1502 1667 eorum
1530 1611 1703 1665 deleta
1734 1611 1845 1680 (95)
1876 1618 2006 1665 sunt
2029 1609 2247 1675 delicta,
2286 1610 2412 1679 quia
2436 1618 2655 1679 propter
2686 1624 2884 1663 nomen
2908 1607 3028 1661 Filii
3062 1607 3154 1662 Dei
3183 1618 3414 1662 mortem
3452 1610 3731 1663 obierunt.

456 1714 639 1782 Quare
672 1720 856 1767 autem
891 1710 1103 1764 fructus
1126 1719 1315 1762 earum
1347 1703 1597 1773 dispares
1644 1701 1773 1766 sint,
1804 1710 1859 1755 et
1900 1701 2172 1756 excellant
2219 1700 2441 1772 quidam
2484 1702 2629 1756 inter
2666 1701 2819 1767 illos,
2869 1701 2994 1754 audi
3020 1699 3133 1769 (96)
3166 1718 3179 1753 :
3212 1699 3542 1770 Quicunque
3584 1703 3731 1756 enim

451 1808 701 1879 perducti
728 1806 793 1860 ad
820 1812 1142 1875 potestates,
1178 1802 1496 1873 interrogati
1536 1816 1644 1854 non
1671 1809 2006 1870 negaverunt
2044 1799 2334 1854 Dominum
2369 1800 2503 1869 (97),
2529 1802 2621 1855 sed
2668 1809 2921 1870 prompto
2963 1798 3148 1852 animo
3174 1798 3321 1867 passi
3357 1808 3517 1865 sunt;
3554 1799 3733 1855 hono-

452 1900 687 1955 ratiores
718 1905 848 1952 sunt
876 1894 1020 1965 apud
1056 1893 1226 1949 Deum
1254 1913 1267 1949 :
1300 1893 1393 1964 qui
1423 1892 1698 1947 excellunt
1741 1892 1906 1962 igitur
1951 1889 2183 1956 fructus,
2213 1906 2401 1945 eorum
2440 1899 2590 1945 sunt.
2630 1891 2733 1957 Qui
2765 1906 2894 1945 vero
2930 1891 3104 1949 timidi
3134 1902 3189 1948 et
3214 1893 3363 1947 dubii
3407 1892 3654 1961 fuerunt,
3683 1905 3737 1950 et

451 1994 893 2050 deliberaverunt
917 1990 971 2043 in
1003 1988 1168 2043 corde
1199 2000 1322 2050 suo,
1350 1994 1607 2039 utrumne
1644 1981 1947 2038 faterentur
1982 1997 2050 2036 an
2083 1991 2363 2054 negarent,
2402 1992 2454 2037 et
2481 1981 2594 2051 (98)
2622 1983 2769 2051 passi
2816 1993 2973 2051 sunt;
3008 1985 3203 2040 horum
3238 1987 3451 2043 fruetus
3478 1990 3733 2056 exiguio—

450 2102 544 2143 res
570 2096 718 2151 sunt,
745 2083 1004 2155 quoniam
1039 2082 1155 2135 haec
1184 2078 1443 2149 cogitatio
1482 2076 1729 2130 ascendit
1761 2074 1815 2129 in
1848 2074 2017 2129 corda
2042 2089 2232 2129 eorum
2262 2091 2275 2128 :
2308 2074 2449 2127 mala
2492 2072 2638 2127 enim
2686 2089 2753 2127 ac
2788 2090 3023 2144 nequam
3059 2086 3145 2132 est
3174 2078 3491 2149 hujusmodi
3527 2083 3734 2153 c0gita-

448 2182 550 2247 tio,
572 2178 798 2250 perinde
822 2177 935 2247 (99)
962 2191 1026 2231 ac
1050 2175 1094 2230 si
1124 2175 1252 2244 quis
1292 2188 1484 2230 servus
1510 2181 1671 2241 neget
1696 2171 2003 2226 dominum.
2032 2169 2235 2225 Cavete
2284 2170 2470 2240 igitur,
2500 2186 2598 2225 vos
2626 2170 2720 2240 qui
2755 2169 3069 2240 huiusmodi
3099 2175 3462 2245 cogitationes
3494 2177 3729 2243 habetis,

448 2290 520 2329 ne
550 2280 867 2343 permaneat
911 2271 1030 2324 haec
1075 2284 1233 2323 mens
1266 2268 1321 2321 in
1352 2267 1512 2321 vobis
1563 2264 1736 2334 (100),
1769 2274 1824 2318 ct
1868 2262 1978 2318 Deo
2009 2264 2342 2319 moriamini.
2380 2261 2489 2318 Vos
2532 2264 2696 2333 igitur
2738 2265 3052 2335 quicunque
3105 2277 3329 2338 propter
3374 2270 3482 2325 hoc
3532 2288 3731 2326 nomen

448 2374 684 2421 mortem
725 2365 916 2430 obitis,
953 2362 1247 2419 Dominum
1281 2365 1557 2419 honorare
1591 2363 1667 2434 (1)
1698 2362 1941 2429 debetis;
1969 2362 2114 2431 quod
2144 2363 2339 2433 dignos
2368 2377 2464 2417 vos
2514 2362 2675 2417 habet
2721 2361 3007 2428 Dominus,
3032 2373 3091 2418 ut
3133 2382 3332 2422 nomen
3364 2367 3487 2437 ejus
3518 2367 3735 2435 feratis,

445 2469 502 2516 et
523 2461 708 2515 omnia
737 2467 958 2529 peccata
991 2465 1171 2511 vestra
1210 2459 1552 2513 redimantur
1572 2458 1670 2527 (2).
1690 2456 1883 2511 Nonne
1911 2472 2041 2528 ergo
2072 2473 2171 2512 vos
2184 2458 2366 2528 potius
2393 2456 2578 2513 felices
2607 2458 2972 2514 existimatis?
3000 2457 3194 2514 Putate
3213 2460 3293 2530 (5)
3307 2463 3514 2531 potius,
3531 2465 3581 2518 si
3611 2468 3735 2534 quis

444 2572 511 2613 ex
540 2558 700 2613 vobis
725 2557 951 2627 patitur,
989 2570 1248 2625 magnum
1281 2570 1421 2624 opus
1451 2554 1731 2624 perficere.
1756 2552 1937 2607 Vitam
1974 2554 2119 2608 enim
2146 2554 2302 2609 vobis
2340 2554 2509 2608 donat
2537 2553 2823 2620 Dominus,
2849 2571 2949 2611 nec
2999 2554 3318 2628 intelligitis.
3353 2558 3567 2616 Delicta
3588 2564 3737 2618 enim

448 2664 632 2711 vestra
659 2670 757 2710 vos
790 2654 1127 2725 gravabant;
1160 2661 1217 2706 et
1246 2652 1351 2707 nisi
1378 2652 1527 2722 passi
1560 2652 1757 2707 essetis
1787 2651 1952 2721 hujus
1993 2652 2234 2707 nominis
2262 2667 2451 2718 causa,
2483 2661 2704 2723 propter
2732 2662 2954 2723 peccata
2986 2663 3132 2709 certe
3174 2657 3251 2723 (4)
3296 2668 3478 2713 vestra
3526 2666 3737 2716 mortui

446 2752 613 2809 eratis
642 2752 773 2806 Deo.
800 2749 928 2805 Haec
962 2751 1130 2820 igitur
1151 2749 1307 2804 vobis
1350 2748 1495 2816 dico,
1518 2749 1830 2820 quicunque
1864 2749 2177 2804 deliberatis
2222 2749 2290 2804 de
2338 2748 2683 2805 confessione
2722 2760 2818 2804 aut
2842 2750 2910 2805 de
2937 2750 3315 2821 abnegatione.
3342 2754 3736 2813 Conﬁteamini

448 2846 624 2917 igitur
647 2859 743 2899 vos
787 2844 988 2898 habere
1020 2842 1314 2898 Dominum
1364 2841 1566 2907 Deum,
1613 2855 1682 2896 ne
1717 2840 1857 2895 forte
1888 2841 1967 2910 (5)
1996 2849 2280 2911 negantes,
2309 2841 2601 2895 tradamini
2645 2841 2698 2895 in
2743 2840 2983 2895 vincula.
3031 2840 3088 2895 Si
3124 2858 3318 2898 omnes
3357 2845 3506 2899 enim
3544 2858 3739 2917 gentes

443 2950 636 2992 servos
671 2950 801 2989 suos
829 2934 1082 3003 puniunt,
1113 2936 1429 3008 quicunque
1456 2937 1739 2991 dominum
1767 2953 1927 2993 suum
1972 2948 2342 3008 negaverunt;
2378 2937 2507 3009 quid
2544 2938 2748 3009 putatis
2773 2954 2872 2995 vos
2914 2938 3207 2995 Dominum
3231 2942 3387 2997 vehis
3426 2943 3735 3012 facturum,

441 3028 540 3100 qui
571 3028 955 3083 universorum
1014 3028 1177 3084 habet
1204 3040 1546 3101 potestatem.
1590 3030 1883 3087 Removete
1913 3031 2080 3102 igitur
2114 3032 2180 3087 de
2218 3032 2536 3102 pra:cordiis
2575 3033 2773 3090 vestris
2815 3035 2919 3091 has
2960 3035 3359 3108 disputationes
3403 3041 3509 3112 (6),
3564 3055 3627 3099 ut
3680 3042 3735 3098 in

447 3132 776 3196 perpetuum
810 3123 1011 3179 vivatis
1041 3122 1176 3179 Deo.

1855 3221 2088 3279 CAPUT
2135 3222 2329 3279 XXIX.

509 3352 585 3401 De
613 3345 940 3401 duodecimo
976 3361 1105 3401 vero
1136 3357 1321 3403 monte
1344 3348 1579 3403 candido
1603 3348 1681 3420 (7)
1712 3368 1724 3404 :
1752 3350 1885 3405 tales
1911 3360 2042 3407 sunt
2070 3352 2165 3423 qui
2204 3353 2553 3410 crediderunt
2597 3357 2743 3413 sicut
2784 3354 3027 3415 infantes
3066 3355 3289 3423 sinceri,
3316 3357 3529 3428 quibus
3580 3357 3737 3412 nulla

441 3437 656 3493 malitia
693 3437 941 3491 ascendit
966 3437 1018 3491 in
1048 3454 1295 3504 sensum,
1330 3456 1429 3494 nec
1468 3440 1746 3495 sciverunt
1780 3442 1913 3511 quid
1944 3442 2016 3497 sit
2049 3444 2282 3510 malitia,
2306 3448 2399 3502 sed
2444 3463 2658 3519 semper
2682 3450 2736 3503 in
2781 3451 3099 3511 sinceritate
3139 3444 3493 3510 manserunt:
3524 3453 3739 3524 Hujus-

437 3528 589 3581 modi
619 3542 750 3597 ergo
773 3526 1023 3583 homines
1052 3526 1130 3598 (8)
1160 3530 1280 3585 sine
1330 3530 1440 3585 ulla
1487 3532 1831 3587 dubitatione
1876 3534 2261 3591 inhabitabunt
2310 3554 2537 3608 regnum
2573 3537 2669 3595 Dei
2705 3542 2783 3611 (9)
2831 3560 2844 3596 :
2892 3546 3153 3613 quoniam
3202 3547 3255 3601 in
3305 3545 3457 3600 nullo
3508 3548 3743 3617 negotio

438 3622 702 3680 mandata
740 3622 838 3677 Dei
864 3624 1281 3679 maeulaverunt
1311 3626 1447 3697 (10),
1474 3627 1566 3682 sed
1598 3644 1723 3681 cum
1755 3628 2068 3684 sinceritate
2112 3641 2535 3700 permanserunt
2564 3650 2756 3691 omnes
2801 3636 2918 3691 dies
2965 3640 3091 3691 vitae
3133 3652 3267 3699 suae,
3291 3637 3484 3691 eodem
3534 3654 3742 3692 sensus

433 3729 644 3774 tenore.
661 3715 985 3787 Quicunque
1019 3731 1148 3786 ergo
1177 3719 1577 3787 permanserint
1600 3718 1949 3790 (II),inquit,
1968 3720 2107 3775 sicut
2136 3720 2392 3790 infantes,
2424 3741 2534 3781 non
2564 3726 2828 3782 habentes
2852 3729 3137 3797 malitiam,
3162 3729 3553 3783 honoratiores
3570 3738 3744 3783 erunt

433 3809 695 3864 omnibus
724 3809 831 3865 illis
858 3824 998 3879 quos
1023 3808 1137 3879 jam
1162 3808 1297 3865 dixi.
1328 3809 1531 3866 Omnes
1576 3810 1723 3866 enim
1767 3811 2006 3869 infantes
2033 3814 2293 3871 honorati
2322 3827 2452 3873 sunt
2480 3820 2623 3889 apud
2662 3820 2976 3889 Dominum,
3009 3832 3061 3876 et
3088 3822 3248 3892 primi
3300 3821 3602 3875 habentur.
3635 3821 3744 3873 Fc-

438 3908 575 3963 Iices
602 3921 734 3977 ergo
763 3922 883 3972 vos,
918 3905 1236 3975 quicunque
1260 3902 1604 3958 removeritis
1633 3904 1898 3958 malitiam
1930 3921 1960 3959 a
1996 3906 2172 3974 vobis,
2215 3918 2271 3963 et
2301 3909 2590 3966 indueritis
2639 3913 3043 3980 innocentiam;
3087 3913 3214 3983 quia
3238 3912 3396 3981 primi
3427 3911 3547 3981 (12)
3580 3914 3742 3967 vide-

431 4003 564 4060 bitis
598 4002 792 4057 Deum.
819 4000 1118 4071 Postquam
1149 3998 1324 4052 finivit
1348 3997 1596 4053 omnium
1637 4001 1910 4055 montium
1938 4003 2379 4073 explanationem
2417 4009 2557 4077 (15),
2586 4010 2710 4065 dico
2740 4011 2791 4065 ei
2824 4031 2836 4065 :
2875 4010 3125 4075 Domine,
3159 4025 3304 4066 nunc
3340 4026 3560 4080 expone
3595 4014 3740 4067 mihi

430 4095 501 4148 de
526 4093 797 4163 lapidibus
829 4092 916 4147 his
954 4090 1049 4161 qui
1082 4089 1231 4145 allati
1262 4104 1563 4179 exgcampo
1593 4089 1648 4146 in
1687 4092 1871 4147 locum
1904 4098 2322 4165 reprobatorum
2352 4101 2491 4173 (14),
2531 4105 2596 4159 ad
2644 4115 2975 4162 structuram
3009 4104 3179 4161 turris
3208 4105 3363 4161 missi
3405 4116 3543 4161 sunt
3568 4108 3694 4179 (15)
3726 4126 3739 4161 ;

430 4184 563 4238 item
588 4182 655 4237 de
683 4180 963 4252 lapidibus
992 4178 1103 4235 illis
1133 4177 1405 4245 rotundis,
1429 4178 1525 4249 qui
1550 4177 1609 4233 in
1642 4188 1976 4236 structuram
2003 4185 2170 4240 turris
2212 4187 2410 4258 adjecti
2444 4200 2594 4260 sunt,
2620 4202 2677 4248 et
2705 4194 2775 4250 de
2809 4194 2895 4250 his
2918 4203 3012 4266 qui
3047 4202 3227 4258 adhuc
3253 4204 3475 4259 rotundi
3509 4177 3743 4261 remain-

430 4288 642 4337 serunt.
1528 4363 1766 4423 unus
1806 4365 2197 4428 LECTIONES
2254 4373 2345 4429 ET
2386 4374 2626 4433 NOTIE.

496 4486 610 4568 (90)
641 4485 792 4540 Bodl.
838 4485 1114 4568 episcopis,
1125 4486 1332 4568 “idest
1379 4486 1693 4568 praesulibus
1736 4487 2010 4568 Ecclesiae.
2117 4563 2163 4568 _
2188 4495 2267 4568 (Ξ)
2296 4496 2398 4554 Ms.
2432 4497 2575 4555 Vict.
2606 4503 2979 4557 remedientur.
3021 4504 3093 4558 At
3136 4503 3321 4561 Carm.
3366 4510 3733 4567 redimentur.

424 4556 618 4648 Lamb.
656 4571 877 4628 quoque
901 4558 1082 4623 habet,
1116 4556 1407 4613 Ecclesiae:
1437 4566 1652 4626 caetera,
1686 4568 1748 4613 ut
1795 4559 1851 4615 in
1894 4562 2015 4616 vul~
2116 4556 2329 4648 Habent
2362 4586 2583 4648 quoque
2608 4556 2975 4648 remedientur
2998 4556 3334 4648 ms‘s._'.i}{§i.
3368 4556 3735 4647 SBHE

642 4697 746 4718 nu
813 4697 937 4718 Au.
995 4698 1055 4718 m
1078 4716 1104 4718 (ν
1137 4701 1174 4718 _.
2115 4636 2262 4718 Ium_,
2297 4630 2468 4718 quam
2494 4630 2784 4718 lectionem
2812 4644 3057 4718 Clericus
3089 4630 3294 4718 aliique:
3325 4630 3676 4710 omiserunt:

636 4697 768 4783 Mss.
802 4697 960 4783 {mg}.
988 4698 1193 4783 lihenti.
1230 4771 1241 4782 .
1344 4770 1355 4783 _
1601 4780 1609 4783 _
1694 4772 1706 4783 _
1733 4771 1743 4783 l
2186 4697 2265 4783 (5)
2296 4697 2488 4783 Lamb.
2518 4697 2835 4769 wstimatis.
2856 4697 3220 4783 Sediportwntej.

494 4770 607 4839 (92)
635 4768 768 4825 Mss.
791 4768 948 4840 Angl.
982 4770 1298 4839 ministerio,
1337 4770 1513 4842 inapes
1561 4780 1611 4824 et
1657 4771 1844 4827 viduas
1883 4790 2009 4842 por-
2296 4778 2489 4849 Lamb.
2514 4783 2686 4846 deest,
2719 4768 2876 4849 certe.
2905 4768 3332 4844 Fel'lusintiestra
3363 4801 3535 4849 certe.

422 4850 689 4925 restituet.
772 4912 782 4925 _
1040 4913 1050 4924 _
1098 4922 1107 4925 Δ
1158 4911 1194 4925 η
1230 4912 1264 4925 η
1530 4912 1541 4922 _
1592 4921 1600 4925 _
1664 4913 1676 4925 .
1910 4923 1913 4925 Α
2295 4848 2934 4925 Lamb._Donzinum;ne
2956 4860 3187 4925 quando.

516 4980 607 5072 ἓ
990 4983 1176 5072 “fugi.
2291 4990 2615 5072 Mss._Angl._
2639 4980 2949 5072 candidato.

635 4910 826 4994 Lamb.
858 4913 1130 4994 gesserint.
1155 4911 1372 4969 Fellus:
1403 4912 1624 4981 egerint,
1656 4913 2005 4971 honorantur.
2291 4920 2387 4994 Sic
2415 4929 2476 4994 et
2500 4923 2652 4979 Bodl.
2679 4926 2751 4980 At
2773 4910 2904 4980 Felli
2933 4910 3285 4986 editrnOron.
3322 4933 3732 4994 dubitationes.

516 4923 605 4981 95)
636 4923 822 4965 Lamb.
858 4923 1130 4980 gesserint.
1155 4923 1372 4969 r‘euus:
1403 4923 1624 4981 egerint,
1656 4923 2005 4971 honorantur.
2207 4923 2262 4990 6)
2294 4923 2387 4975 Sic
2415 4929 2468 4975 et
2500 4923 2652 4979 Bodl.
2679 4926 2751 4980 At
2773 4925 2853 4980 Fel

492 4923 607 5053 (94)
634 4980 765 5037 Mss.
797 4982 955 5050 Angl.
990 4983 1176 5064 plenae.
2179 4923 2259 5122 g7)
2291 4990 2421 5048 Mss.
2453 4993 2612 5063 Angl.
2639 4997 2853 5050 candida

636 5051 959 5131 Mss._Angl.
984 5054 1256 5131 laboltta.“
1736 5125 1766 5131 __
1842 5124 1892 5131 Α-
2207 5060 2262 5131 8)
2292 5060 2486 5117 Lamb.
2514 5066 2568 5117 hi
2595 5066 2853 5122 homines.

489 5116 827 5213 jL‘am‘b.
860 5116 987 5177 sunt
1013 5136 1062 5178 et
1090 5125 1421 5181 excellunt...
1462 5140 1599 5178 nunc
1640 5125 1787 5179 audi.
1838 5124 1930 5182 Sic
1953 5135 2001 5182 cl

1875 5127 1930 5182 lic
1953 5135 2007 5182 et
2990 5143 3046 5195 in
3076 5160 3232 5213 regno
3266 5144 3387 5199 Dei.

418 5193 709 5268 Felli_ed_it.
734 5194 911 5268 Oxon.
1072 5263 1100 5268 _
1207 5266 1216 5268 Α
2180 5193 2293 5268 (10)
2326 5203 2480 5259 Bodl.
2514 5193 2801 5262 Dominum
2828 5193 3243 5268 .nacuiaueiiiii.

634 5264 824 5351 Lamb.
857 5266 1033 5351 deest,
1060 5263 1367 5322 Dominum.
2180 5263 2293 5351 (II)
2327 5275 2459 5351 Mss:
2491 5276 2649 5351 Aug].
2682 5263 3111 5347 permanseritis.
3131 5263 3375 5351 IlI-t‘niox,
3403 5291 3727 5347 honoratio—

491 5335 792 5430 ($3,893!)
817 5337 1294 5430 θίξιίξωιξιηιξιξίῌ,
1376 5408 1462 5430 σε*
1526 5421 1565 5430 Α.
1823 5409 1968 5430 ΛΑΝ
2108 5335 2845 5430 περίμειρμὼιῖξέωιίω
2879 5335 3721 5430 βάρι,ςιὲῃῖιὶὶ›ῗὲὲἕιὶι’)ᾌὶιῖ’ἇὲὲὶ

488 5405 1034 5501 (9'9)ALam‘bL-_d-eest,
1082 5406 1314 5476 perinde.
1376 5408 1467 5465 Sic
1517 5421 1572 5466 et
1631 5410 1759 5466 edit.
1822 5409 1998 5467 Oxon.
2322 5405 2839 5501 Lamb.quicuizque
2869 5405 3718 5501 triten;35595513.;55.7532}:

414 5478 505 5553 AI.
519 5492 686 5553 _I_I_l§8._
704 5486 760 5529 ιιι
786 5478 924 5553 quiat.
2178 5478 2292 5553 (15)
2321 5486 2514 5542 Lamb.
2542 5478 2879 5546 solutionem.
2911 5492 3001 5549 Sic
3026 5478 3079 5551 et
3108 5478 3308 5553 Pelius.

450 5546 854 5675 dgloggsLamb.
881 5547 1098 5616 desunt,
1129 5567 1185 5603 ιη
1210 5557 1351 5606 vobis
1369 5569 1388 5617 ;
1418 5562 1472 5608 ct
1509 5561 1631 5624 post
1675 5553 1999 5620 moriamim',
2107 5546 2457 5682 τοιξέιὶ
2480 5558 2615 5617 edit.
2653 5557 2829 5617 Oxon.
2865 5546 3351 5639 auaia'éx‘c'iﬁipb,
3382 5582 3431 5625 et
3462 5577 3722 5643 reproba-

415 5634 540 5675 auu.
575 5634 684 5671 vos.
2107 5638 2280 5687 torum
2306 5634 2440 5683 loco.

490 5689 567 5760 (1)
603 5688 795 5746 Lamb.
824 5707 1011 5760 orare;
1042 5702 1095 5751 et
1132 5708 1281 5763 mox,
1314 5694 1526 5751 habeat.
2175 5699 2289 5770 (15)
2319 5699 2450 5759 Mss.
2487 5703 2648 5777 Angl.
2678 5705 2877 5763 ierunt.
