3830 6216
132 267 254 321 1005
1198 262 1488 319 PASTOR.
1528 293 1597 304 —
1634 262 1644 316 l

1834 260 1890 316 ll.
1930 261 2129 318 SIMIL.
2173 261 2264 318 IX.
3209 265 3346 320 1006

1490 372 1721 428 CAPUT
1761 373 1931 430 XXX.
1986 390 1990 393 ‘

190 475 313 529 Audi
344 488 502 540 nunc,
532 472 727 543 inquit,
752 471 820 527 de
842 470 1135 542 lapidibus.
1161 469 1266 537 Qui
1305 470 1453 526 allati
1493 469 1605 542 (16)
1633 470 1700 526 de
1722 486 1917 541 campo
1947 472 2002 526 in
2047 479 2381 527 structuram
2428 471 2595 526 turris
2620 470 2782 541 positi
2831 480 2962 528 sunt
2995 488 3185 528 eorum
3228 474 3351 527 loco

131 569 212 639 qui
240 567 343 637 (17)
366 566 636 637 reprobati
664 573 824 620 erant
855 604 870 629 ,
895 565 1110 619 radices
1141 573 1269 619 sunt
1294 563 1441 618 illius
1467 563 1682 617 candidi
1715 564 1940 619 montis.
1966 562 2103 617 Cum
2140 563 2305 635 igitur
2345 564 2399 618 hi
2427 564 2522 634 qui
2545 563 2612 619 de
2647 563 2739 618 illo
2766 573 2952 619 monte
2980 566 3349 629 crediderunt,

127 664 238 719 facti
267 674 386 720 sunt
410 663 760 729 innocentes;
786 662 953 732 jussit
975 661 1240 717 Dominus
1260 660 1381 729 ejus
1423 660 1614 723 turris,
1646 674 1742 714 eos
1772 659 1866 730 qui
1892 659 1960 715 de
1994 660 2269 716 radicibus
2300 659 2499 714 montis
2528 665 2732 725 essent,
2768 657 2825 712 in
2860 667 3191 713 structuram
3232 658 3351 713 col-

127 752 295 809 locari.
323 752 586 808 lntellexit
617 751 730 823 (18)
759 752 927 819 enim,
960 752 1005 807 si
1038 753 1104 807 ad
1131 752 1545 807 aediﬁcationem
1591 751 1785 807 iissent
1824 750 1959 822 (19),
1990 752 2302 822 splendidos
2346 752 2466 806 illos
2494 767 2909 821 permansuros,
2939 771 3041 811 nec
3080 755 3252 811 ullum
3283 756 3354 811 de

128 847 200 902 his
230 846 447 916 amplius
489 845 886 917 denigrandum
932 845 1068 916 (20).
1108 844 1263 911 Quod
1300 846 1346 899 si
1386 844 1458 898 ita
1491 843 1603 913 (21)
1643 844 1711 899 de
1757 843 1966 899 caeteris
2012 844 2290 898 montibus
2337 844 2647 915 adjecisset,
2673 861 2782 900 non
2817 861 3038 903 necesse
3066 849 3354 905 habuisset

126 950 294 990 rursus
318 934 532 989 visitare
559 947 678 988 eam
711 936 907 989 turrim
934 942 1099 1004 atque
1126 948 1381 1005 purgare.
1423 931 1490 987 Hi
1519 942 1701 987 autem
1730 947 1920 987 omnes
1945 933 2187 997 candidi,
2222 933 2450 1003 juvenes
2477 935 2590 1007 (22)
2621 946 2752 992 sunt
2771 939 2864 1007 qui
2896 940 3265 1005 crediderunt,
3298 950 3354 996 et

124 1036 203 1104 qui
226 1032 469 1089 credituri
495 1040 662 1099 sunt;
701 1046 768 1087 ex
789 1032 979 1087 eodem
1004 1030 1151 1085 enim
1181 1044 1379 1102 genere
1407 1038 1553 1085 sunt.
1581 1028 1733 1085 Felix
1758 1030 1863 1086 hoc
1890 1045 2083 1100 genus,
2123 1030 2253 1100 quia
2288 1030 2585 1087 innocuum
2611 1042 2713 1089 est.
2742 1035 2888 1090 Audi
2921 1051 3068 1092 nunc
3094 1045 3149 1092 et
3183 1037 3252 1093 de
3284 1038 3353 1092 il-

126 1133 181 1187 lis
200 1131 431 1186 rotundis
463 1129 738 1199 lapidibus
773 1137 827 1184 et
865 1126 1187 1198 splendidis.
1211 1124 1278 1179 Hi
1305 1140 1497 1181 omnes
1523 1125 1591 1180 de
1618 1125 1725 1180 hoc
1759 1126 1994 1180 candido
2025 1136 2210 1180 monte
2247 1133 2394 1181 sunt.
2423 1125 2602 1193 Quare
2624 1129 2738 1200 (25)
2766 1141 2946 1186 autem
2972 1132 3189 1188 rotundi
3224 1141 3355 1188 sunt

122 1224 312 1293 reperti,
342 1238 502 1279 causa
532 1232 617 1277 est
648 1221 779 1291 quia
800 1220 1001 1275 divitiae
1027 1235 1141 1276 suae
1190 1218 1312 1274 illos
1339 1218 1597 1289 pusillum
1650 1233 1681 1273 a
1726 1218 1953 1273 veritate
1998 1218 2435 1275 obscuraverunt
2480 1228 2645 1291 atque
2688 1222 3155 1294 obfuscaverunt;
3190 1226 3286 1282 sed
3318 1242 3353 1281 a

125 1311 217 1367 Deo
242 1328 508 1383 nunquam
540 1318 912 1377 recesserunt,
943 1325 1046 1366 nec
1079 1309 1251 1363 ullum
1283 1308 1508 1363 verbum
1538 1309 1743 1363 malum
1769 1308 2037 1379 processit
2067 1310 2134 1364 de
2170 1324 2265 1365 ore
2292 1325 2521 1377 eorum;
2550 1310 2644 1366 sed
2678 1313 2859 1368 omnis
2892 1314 3142 1382 aequitas,
3179 1314 3352 1368 virtus

120 1415 165 1459 ct
190 1408 372 1462 veritas
403 1406 538 1477 (24).
565 1403 772 1460 Horum
806 1418 937 1475 ergo
963 1409 1200 1458 mentem
1233 1415 1358 1456 cum
1382 1400 1610 1455 vidisset
1657 1399 1971 1464 Dominus,
2001 1409 2054 1454 et
2098 1415 2261 1470 posse
2310 1415 2405 1455 eos
2450 1401 2664 1455 veritati
2712 1400 2927 1470 favere;
2965 1404 3132 1474 jussit
3179 1409 3352 1460 bonos

121 1517 309 1571 quoque
330 1515 665 1571 permanere,
696 1509 749 1554 et
776 1515 909 1569 opes
959 1513 1151 1553 eorum
1185 1496 1505 1552 circumcidi
1531 1514 1546 1563 ;
1576 1511 1685 1551 non
1715 1495 1861 1550 enim
1895 1495 2070 1550 voluit
2111 1496 2167 1549 in
2214 1504 2388 1551 totum
2423 1496 2544 1551 illas
2591 1498 2705 1552 tolli
2732 1498 2868 1570 (25),
2892 1508 2952 1553 ιιι
2976 1510 3196 1569 possent
3223 1500 3351 1555 boni

120 1598 298 1667 aliquid
324 1597 497 1653 facere
529 1596 644 1665 (26)
675 1596 742 1651 de
771 1611 838 1652 eo
866 1594 1014 1664 quod
1049 1594 1129 1649 eis
1152 1594 1402 1649 relictum
1446 1601 1560 1660 est;
1598 1600 1652 1647 et
1690 1593 1875 1648 vivent
1904 1594 2016 1665 (27)
2042 1591 2176 1660 Deo,
2205 1595 2465 1663 quoniam
2496 1600 2550 1648 et
2577 1595 2677 1664 ipsi
2709 1596 2777 1651 de
2799 1612 2996 1668 genere
3026 1599 3171 1653 bono
3201 1607 3350 1654 sunt.

123 1690 236 1747 Ideo
258 1708 381 1764 ergo
402 1693 664 1764 pusillum
694 1690 1006 1746 circumcisi
1031 1697 1184 1758 sunt,
1208 1698 1262 1745 et
1288 1689 1451 1759 positi
1478 1689 1532 1743 in
1556 1697 1888 1744 structuram
1927 1690 2097 1746 turris
2124 1690 2309 1760 hujus.

1478 1806 1709 1864 CAPUT
1746 1807 1941 1864 XXXI.

174 1928 350 1985 Caeteri
377 1943 508 1984 vero
531 1925 626 1997 qui
654 1924 835 1981 adhuc
880 1924 1102 1980 rotundi
1145 1928 1587 1993 permanserunt,
1616 1934 1796 1991 neque
1832 1921 1942 1991 apti
1967 1921 2166 1991 reperti
2210 1921 2325 1992 (28)
2370 1933 2501 1979 sunt
2549 1925 2604 1980 in
2654 1941 2775 1982 eam
2830 1936 3190 1997 structuram,
3223 1934 3356 2003 quia

117 2026 334 2080 nondum
364 2030 696 2092 acceperunt
740 2016 1005 2087 sigillum,
1043 2013 1268 2085 repositi
1296 2021 1426 2068 sunt
1451 2013 1505 2066 in
1538 2011 1660 2067 loco
1687 2025 1821 2079 suo;
1854 2011 2009 2067 valde
2049 2012 2195 2067 enim
2234 2014 2459 2068 rotundi
2493 2020 2687 2086 reperti
2721 2030 2873 2079 sunt.
2902 2021 3127 2092 Oportet
3173 2035 3354 2081 autem

116 2118 404 2177 circumcidi
430 2119 541 2174 hoc
568 2113 829 2172 saeculum
860 2109 928 2163 ab
966 2105 1096 2170 illis,
1126 2111 1181 2158 et
1213 2101 1485 2157 vanitates
1527 2115 1694 2170 cpum
1738 2115 1995 2168 suarum;
2024 2111 2080 2156 et
2116 2110 2248 2157 tunc
2280 2105 2608 2160 convenient
2658 2109 2712 2163 in
2754 2126 2924 2182 regno
2964 2112 3081 2168 Dei.
3122 2113 3357 2174 Necesse

114 2229 185 2274 est
201 2218 338 2274 enim
362 2231 457 2272 eos
481 2215 688 2269 intrare
717 2210 774 2264 in
796 2218 1026 2277 regnum
1054 2200 1187 2266 Dei;
1222 2200 1330 2254 hoc
1366 2197 1514 2252 enim
1546 2212 1717 2268 genus
1760 2196 2062 2252 innocuum
2105 2197 2384 2253 benedixit
2424 2201 2710 2261 Dominus.
2757 2205 2834 2261 Ex
2868 2208 2975 2263 hoc
2998 2225 3128 2279 ergo
3156 2227 3356 2281 genere

114 2330 207 2369 non
235 2312 514 2369 intercidet
539 2308 863 2380 quisquam;
889 2299 1092 2357 ctenim
1124 2298 1251 2352 licet
1279 2294 1407 2366 quis
1444 2308 1634 2349 eorum
1675 2301 1914 2348 tentatus
1940 2309 1971 2348 a
2003 2295 2344 2365 nequissimo
2385 2296 2628 2365 diabolo,
2652 2296 2859 2367 aliquid
2898 2300 3208 2370 deliquerit,
3236 2303 3351 2358 cito

114 2411 332 2458 recurret
358 2401 425 2457 ad
453 2398 750 2456 Dominum
782 2392 957 2449 Deum
990 2405 1176 2446 suum.
1202 2385 1411 2443 Felices
1443 2400 1542 2441 vos
1569 2384 1682 2455 (29)
1703 2384 1892 2455 judico
1913 2400 2015 2455 ego
2057 2389 2285 2443 nuntius
2309 2390 2664 2458 paenitentiae,
2688 2392 3001 2461 quicunque
3032 2392 3354 2451 innocentes

113 2501 229 2556 estis
254 2501 392 2555 sicut
418 2497 658 2552 infantes
680 2531 695 2559 ,
729 2488 989 2562 quoniam
1020 2500 1151 2556 pars
1176 2491 1358 2538 vestra
1380 2481 1523 2536 bona
1554 2489 1635 2536 est
1665 2488 1720 2535 et
1756 2482 2024 2537 honorata
2066 2483 2209 2553 apud
2246 2483 2565 2541 Dominum.
2593 2486 2726 2543 Dico
2758 2498 2941 2545 autem
2973 2492 3233 2549 omnibus
3259 2510 3358 2549 vo-

113 2595 202 2661 bis,
228 2595 541 2665 quicunque
573 2586 814 2660 sigillum
839 2584 945 2639 hoc
973 2579 1263 2651 accepistis
1288 2597 1301 2633 :
1330 2576 1733 2647 simplicitatem
1770 2576 1986 2645 habete,
2020 2592 2199 2648 neque
2239 2577 2573 2635 oﬂ‘ensarum
2624 2594 2899 2637 memores
2942 2592 3140 2652 estote,
3179 2601 3358 2655 neque

109 2690 158 2744 in
184 2692 377 2746 malitia
400 2693 717 2760 permanete
745 2682 859 2753 (50)
880 2698 895 2749 ;
925 2695 1103 2751 neque
1128 2678 1184 2733 in
1208 2676 1476 2733 memoria
1502 2674 1833 2731 oﬂensarum
1859 2675 2255 2732 amaritudines
2283 2677 2339 2733 in
2363 2677 2800 2749 uniuscujusque
2822 2678 3019 2749 spiritu
3044 2681 3179 2737 [iant
3201 2682 3317 2754 (51)
3340 2700 3358 2751 ;

112 2785 191 2839 sed
212 2784 291 2840 bis
320 2783 477 2838 malis
508 2775 772 2835 scissuris
799 2774 919 2845 (52)
951 2771 1192 2827 remedia
1220 2777 1538 2843 procurate,
1564 2776 1730 2837 atque
1759 2767 1931 2823 tollite
1958 2767 2080 2823 illas
2103 2782 2135 2822 a
2182 2768 2341 2825 vobis
2368 2786 2382 2824 :
2419 2778 2480 2825 ut
2528 2770 2786 2827 dominus
2814 2786 3073 2842 pecorum
3124 2775 3360 2844 gaudeat

112 2874 169 2929 de
204 2876 349 2931 vobis
374 2875 514 2946 (53);
560 2868 815 2943 gaudebit
861 2876 1079 2930 autem,
1106 2865 1154 2922 si
1195 2863 1377 2921 omnia
1423 2861 1695 2918 invenerit
1746 2875 1901 2917 sana.
1954 2858 2013 2915 Si
2065 2869 2249 2916 autem
2302 2875 2467 2932 pecus
2492 2862 2716 2933 aliquod
2752 2879 2818 2920 ex
2840 2865 3042 2923 talibus
3090 2865 3360 2923 invenerit

112 2970 409 3041 dissipatum
437 2987 453 3038 ;
487 2983 571 3023 vae
605 2966 711 3021 erit
734 2963 1073 3036 pastoribus.
1094 2959 1249 3027 Quod
1277 2958 1324 3015 sl
1374 2957 1480 3028 ipsi
1530 2965 1779 3027 pastores
1821 2955 2070 3026 dissipati
2103 2955 2327 3023 fuerint,
2351 2956 2482 3028 quid
2519 2960 2927 3029 respondebunt
2956 2963 3120 3019 etiam
3159 2964 3210 3019 ei
3243 2964 3359 3035 (5.1)

112 3077 196 3132 pro
225 3062 543 3133 pecoribus?
577 3058 836 3129 Nunquid
864 3057 1067 3122 dicent,
1100 3067 1132 3108 a
1170 3066 1368 3123 pecore
1402 3065 1464 3107 se
1505 3048 1778 3105 vexatos?
1825 3049 1939 3119 (55)
1970 3047 2088 3103 Non
2132 3049 2384 3104 credetur
2424 3049 2554 3107 illis.
2588 3051 2923 3110 Incredibilis
2951 3055 3097 3110 enim
3125 3070 3214 3112 res
3250 3066 3356 3120 est.

114 3167 359 3225 pastorem
383 3156 495 3227 pati
521 3168 685 3224 posse
714 3168 742 3207 a
774 3164 973 3221 pecore
998 3166 1013 3216 ;
1048 3155 1103 3202 et
1134 3146 1310 3217 magis
1330 3142 1556 3214 punitur
1578 3140 1690 3215 (56)
1718 3148 1941 3211 propter
1968 3138 2312 3195 mendacium
2345 3155 2529 3197 suum.
2556 3140 2625 3197 Et
2644 3156 2744 3216 ego
2769 3161 2892 3202 sum
2922 3156 3146 3217 pastor;
3174 3157 3229 3206 et
3259 3166 3357 3205 va-

111 3249 347 3308 lidissime
379 3258 598 3322 oportet
626 3262 715 3304 me
733 3248 801 3304 de
830 3243 987 3301 vobis
1010 3240 1279 3298 rationem
1311 3237 1559 3295 reddere.

1362 3381 1698 3446 Anrlocuus,
1734 3378 1956 3433 homitia
1981 3377 2071 3434 94.

173 3531 337 3586 Καλόν
364 3534 480 3585 ἐστι
506 3531 725 3602 κρατεῖν
753 3528 851 3600 τὴν
877 3526 1153 3595 ἁπλότητα
1175 3522 1269 3577 καὶ
1294 3520 1392 3593 τὴν
1417 3520 1669 3586 ἀκακίαν,

1847 3519 2049 3574 Bonum
2083 3532 2159 3574 est
2191 3520 2378 3576 habere
2411 3522 2804 3592 simplicitatem
2829 3531 2879 3577 et
2916 3524 3359 3589 innocentiam,“

113 3625 191 3677 καὶ
218 3620 346 3679 εἶναι
374 3627 450 3689 ὡς
476 3623 549 3678 τὰ
575 3624 742 3696 νήπια
770 3620 840 3674 τὰ
894 3618 968 3691 μὴ
1012 3616 1348 3687 γινώσκοντα
1374 3615 1472 3685 τὴν
1504 3631 1625 3667 ποντ

1850 3629 1883 3665 re
1908 3615 2044 3666 sicut
2076 3614 2328 3684 infantes,
2356 3614 2447 3685 qui
2484 3615 2720 3669 nesciunt
2746 3614 3030 3683 malitiam,
3054 3633 3171 3687 qua:
3198 3618 3362 3672 vitam

114 3715 237 3786 ρίαν,
282 3717 380 3789 τὴν
432 3714 805 3770 ἀπολλύουσαν
847 3711 946 3783 τὴν
991 3708 1135 3780 ζωὴν
1171 3707 1281 3761 τῶν
1334 3704 1626 3778 ἀνθρώπων

1850 3705 2045 3757 minum
2070 3704 2273 3774 perdit;
2304 3722 2463 3778 neque
2485 3723 2595 3762 esse
2614 3708 2937 3777 o/fensarum
2976 3726 3249 3777 memores,
3274 3726 3362 3765 ne-

112 3810 192 3861 καὶ
223 3809 291 3881 μὴ
319 3808 456 3863 εῖναι
490 3804 885 3879 μνησικάκους,
918 3802 1057 3874 μήτε
1086 3798 1434 3872 παρανόμους
1464 3795 1575 3870 (57)
1602 3814 1624 3849 τ

1848 3814 1870 3851 e
1900 3798 1956 3851 in
1984 3798 2195 3853 malitia
2223 3816 2566 3870 permanere;
2604 3802 2695 3855 sed
2742 3818 2999 3857 removere
3033 3805 3268 3858 malitias
3311 3815 3360 3859 et

113 3901 259 3972 κακίᾳ
276 3918 289 3932 ·
324 3901 437 3956 ἀλλ’
461 3899 761 3955 ἀποθέσθαι
786 3897 884 3960 τὰς
906 3894 1105 3958 κακίας
1134 3893 1228 3946 καὶ
1256 3890 1358 3955 τὰς
1381 3890 1625 3963 πονηρίαι

1850 3889 2134 3961 dignitates
2156 3934 2172 3959 ,
2220 3902 2269 3947 et
2330 3894 2715 3949 amaritudines
2742 3905 3135 3964 permanentes;
3162 3905 3211 3951 et
3246 3897 3362 3967 ﬁeri

112 3994 194 4046 καὶ
227 3994 321 4059 τὰς
368 3994 597 4065 πικρίας
637 3991 735 4053 τὰς
780 3989 1162 4060 παρανόμους,
1193 3985 1285 4038 καὶ⁴
1336 3983 1624 4054 γενέσθαιέ

1849 4000 1937 4037 um
1966 3984 2252 4054 spiritum;
2280 3995 2330 4041 et
2370 3986 2543 4041 malas
2586 3985 2846 4041 scissuras
2891 3986 3073 4043 tollere
3116 4004 3178 4041 ac
3222 4005 3359 4042 ever-

114 4083 328 4156 πνεῦμα,
357 4087 451 4139 καὶ
491 4084 562 4138 τὰ
595 4084 848 4155 σχήματα
875 4080 987 4153 (58)
1017 4078 1088 4132 τὰ
1115 4077 1329 4156 πονηρᾲ
1354 4075 1688 4156 ἀνατρέψαι.-
1776 4082 1901 4156 tere.

1285 4153 1595 4206 ANTIOCHUS
1612 4189 1626 4213 ,
1667 4151 1888 4208 homilia
1927 4149 2050 4206 122.

173 4232 281 4286 Ἵνα
325 4234 453 4286 ὅταν
513 4229 645 4302 ἔλθῃ
687 4228 716 4281 ὁ
758 4224 948 4298 κύριος
1002 4222 1111 4276 τῶν
1163 4221 1489 4295 προϐάτων,
1538 4218 1681 4289 χαρῇ

1872 4214 1941 4272 Ut
1982 4232 2099 4271 cum
2154 4216 2351 4271 venerit
2405 4215 2653 4271 dominus
2712 4234 2981 4289 pecorum,
3032 4217 3257 4288 gaudeat
3301 4216 3365 4271 de

1219 4353 1454 4411 VARIIE
1491 4351 1877 4412 LECTIONES
1911 4354 2002 4410 ET
2040 4357 2272 4413 NOTAE.

174 4486 277 4560 (16)
306 4486 436 4543 Mss.
470 4485 641 4560 _A7ngl.
695 4482 881 4560 ejecti._
922 4475 1282 4560 Editi_o777Felli
1317 4473 1492 4560 Oxon:
1526 4473 1673 4560 hunc
1754 4450 1805 4528 ηε
1850 4474 1965 4546 (27)
1996 4475 2072 4531 lla
2108 4493 2242 4534 mss.
2289 4477 2505 4543 Lamb.,
2529 4478 2733 4535 Victor.
2782 4486 2836 4531 et
2870 4475 3056 4532 Carm.
3097 4476 3261 4545 Editi,
3286 4480 3367 4533 vi-

111 4543 273 4611 locuui
302 4560 376 4612 ita
398 4543 665 4612 exhibét:
707 4543 784 4606 De
825 4552 907 4605 his
962 4548 1229 4617 lapidibus
1278 4547 1367 4616 qui
1409 4543 1565 4617 allati
1612 4543 1676 4617 de
1778 4561 1913 4601 vere.

113 4642 277 4696 campo
300 4630 357 4681 in
382 4636 709 4681 structuram
733 4624 894 4676 turris
911 4613 1070 4692 positi
1093 4628 1214 4673 sunt
1240 4613 1421 4672 eorum
1446 4614 1557 4669 loco
1586 4613 1676 4684 qui
1849 4616 1965 4759 (28)
2002 4616 2192 4673 Lamb.
2225 4620 2396 4687 deest,
2420 4620 2658 4690 reperiri.

113 4699 358 4759 reprobati
396 4705 569 4759 erant,
594 4705 700 4750 etc.
1830 4757 1841 4759 7
1874 4688 1943 4742 29
1968 4758 1971 4759 7
1996 4688 2089 4745 Sic
2122 4705 2257 4745 mss.
2290 4689 2453 4756 Vict.,
2484 4691 2658 4745 Carm.

113 4688 358 4766 reprobati
396 4705 569 4761 erant,
594 4705 700 4750 etc.
809 4764 814 4766 7
911 4688 920 4692 ⁷
1829 4688 1981 4766 ’(29)
1996 4688 2089 4745 Sic
2122 4705 2257 4766 m_s_s.
2290 4689 2453 4756 Vict.,
2477 4688 2671 4745 Carm.
2708 4697 2764 4766 et
2806 4688 2998 4743 Lamb.
3030 4688 3120 4744 Sic
3153 4700 3206 4745 ct
3239 4690 3368 4766 [fr-lli

175 4767 279 4838 (17)
308 4768 501 4824 Lamb.
526 4757 588 4820 de
619 4766 700 4838 his
727 4764 838 4838 qui.
1779 4757 2120 4838 edi7t_.A'O.§9n.
2155 4762 2241 4838 ᾼΙ.
2278 4776 2396 4838 pero
2423 4776 2553 4838 7pro
2575 4777 2681 4815 vos.
2716 4759 2853 4838 Leg_._
2874 4775 3069 4829 supra,
3098 4776 3216 4828 cap.
3244 4763 3333 4815 29.

176 4828 283 4905 (18)
308 4839 503 4893 Lamb.
536 4828 799 4890 intelleaii.
874 4903 905 4905 77
995 4902 1017 4905 _
1242 4901 1250 4905 _
1292 4900 1303 4905 7
1581 4898 1651 4905 Μ
1853 4828 1965 4897 (50)
1995 4828 2552 4905 Mss.7Angl.7habere,
2586 4847 2746 4901 neque
2773 4828 3095 4899 offensarum
3119 4848 3369 4889 memores

176 4898 282 4979 (19)
312 4909 496 4965 Fellus
521 4908 595 4962 ita
619 4907 672 4959 in
700 4922 798 4960 sua
824 4903 954 4958 edit.
984 4902 1161 4956 Oxon.
1204 4901 1251 4953 si
1285 4900 1340 4979 in
1383 4898 1681 4979 illa7wdiﬁ-
1784 4915 2103 4979 ess7e_,7neg_ue
2132 4902 2192 4979 in
2218 4898 2428 4979 malitia
2465 4911 2634 4979 pestra
2656 4898 2975 4979 permanere.

115 4970 304 5032 satione
331 4979 482 5034 missi
510 4986 715 5041 essent;
746 4983 1079 5043 testaturque
1110 4987 1243 5027 mss.
1281 4971 1439 5040 Angl.
1472 4970 1680 5033 deesse,
1855 4970 1967 5043 (51)
1997 4971 2127 5026 Mss.
2165 4972 2324 5043 Angl.
2362 4974 2499 5043 ﬁeri,
2532 4983 2581 5026 et
2621 4983 2717 5025 nas
2759 4970 2929 5025 malas
2971 4973 3230 5028 scissuras
3250 4990 3372 5035 per-

117 5050 268 5102 missi,
991 5041 1008 5043 ”
1787 5041 2071 5107 medicare,
2097 5051 2145 5095 et
2182 5041 2413 5097 tollere'a
2444 5044 2607 5096 vobis.

180 5119 287 5187 (20)
318 5119 510 5175 Lamb.
540 5118 603 5171 de
632 5117 711 5170 his
750 5115 1175 5187 nigricaturum._
1244 5182 1254 5187 _
1446 5179 1460 5187 _
1485 5180 1497 5187 _

1859 5111 1973 5187 (327)
2004 5109 2286 5167 Scissuris.
2328 5113 2425 5187 7Gr.
2475 5115 2746 5187 σχήιέατα.
2791 5112 2849 5167 ln
2895 5129 3005 5170 uno
3056 5114 3179 5170 cod.
3214 5115 3371 5184 Regis

180 5122 266 5187 (20
318 5122 510 5175 Lamb.
540 5122 603 5171 de
632 5122 711 5170 his
750 5122 1155 5186 nigricaturum.
1859 5122 1973 5181 (52)
2004 5122 2286 5167 Scissum.
2330 5122 2425 5168 Gr.
2475 5122 2723 5185 σχήματα

180 5122 287 5261 (21(
325 5190 519 5246 Lamb.
556 5189 762 5243 omisso
791 5188 887 5257 ita,
916 5194 1040 5257 post
1084 5182 1360 5249 adiecisset
1397 5179 1520 5235 add.
1566 5189 1685 5233 tan-
1788 5182 2227 5261 membranaceo,
2251 5182 2544 5261 σχίσματα.
2584 5183 2723 5240 Cor.

121 5252 239 5312 tum.
269 5252 279 5261 ’
834 5252 847 5257 ⁷
918 5252 936 5257 ⁷
1242 5321 1247 5322 7
1428 5321 1435 5322 7
1861 5252 1975 5322 (55)
2015 5252 2117 5309 Ms.
2150 5252 2336 5309 Carm.
2371 5252 2434 5307 de
2462 5254 2566 5309 his.

181 5330 289 5399 (22)
314 5329 407 5386 Sic
428 5329 620 5386 Lamb.
639 5326 731 5384 Sic
754 5337 810 5383 et
835 5327 965 5382 edit.
988 5323 1164 5380 Oxon.
1190 5321 1274 5376 Al.
1300 5321 1516 5377 candidi
1544 5329 1686 5385 sunt,
2017 5323 2211 5399 Lamb.
2240 5325 2459 5399 desunt,
2491 5326 2653 5399 etiam
2682 5326 2750 5380 ei.

118 5392 314 5455 oniiss'o
330 5400 571 5463 juvenes.
1188 5461 1225 5463 _
1863 5392 1978 5463 (55)
2017 5392 2175 5448 llune
2198 5393 2377 5449 locum
2401 5394 2585 5449 laudat
2630 5407 2823 5451 auctor
2857 5396 3095 5452 homilizc
3123 5396 3193 5449 De
3225 5394 3373 5449 alea-

184 5470 293 5541 (25)
314 5461 521 5540 ,[δηιι).
567 5472 697 5526 audi
734 5478 904 5523 autem
951 5481 1131 5538 quare.
1187 5461 1253 5516 Et
1295 5479 1420 5519 mox
1467 5464 1690 5528 omittit,
1796 5461 2116 5541 toriPus,_ad
2144 5466 2352 5541 calcem
2374 5463 2805 5541 opp._Cyp_riani.

119 5533 383 5594 causa'ést
415 5543 558 5611 quia.
963 5533 973 5538 ’
1029 5609 1038 5611 7
1132 5607 1145 5611 Α
2011 5534 2151 5611 _Mss.
2188 5533 2463 5611 Carm._ct
2495 5533 2688 5611 Lai_n_b.
2712 5538 2978 5611 punietur.

185 5611 293 5683 (et)
318 5604 450 5683 Mss.
477 5613 636 5683 Angl.
668 5620 717 5665 et
744 5612 909 5664 virtus
935 5607 1194 5663 veritatis.

1867 5604 1980 5683 (ΞΖ)
2010 5605 2140 5683 Leg.
2174 5606 2541 5683 παραμόνους.
2576 5605 2668 5666 Sic
2688 5604 2742 5665 et
2770 5624 2899 5665 mox
2927 5608 3087 5663 intra.

184 5676 294 5751 (25)
320 5681 512 5751 Lamb.
545 5676 649 5736 n'on
683 5683 821 5751 enim
850 5683 903 5733 in
935 5690 1103 5735 totum
1132 5694 1313 5733 eorum
1344 5676 1479 5751 tolli.

949 5691 1103 5735 fotum
1132 5694 1313 5733 eorum
1344 5676 1479 5751 tolli.
1866 5676 1980 5748 (58)
2009 5676 2134 5749 Leg.
2174 5676 2461 5751 σχίσματα.

184 5690 273 5749 (25
320 5690 512 5738 Lamb.
545 5699 649 5736 non
683 5690 821 5736 enim
850 5690 903 5733 in
935 5690 1103 5735 totum
1132 5694 1313 5733 eorum
1344 5690 1479 5731 tottt.

184 5690 294 5824 (26)
318 5750 501 5811 Fellus
532 5755 587 5811 in
624 5753 754 5811 edit.
780 5750 954 5807 Oxon.
985 5752 1216 5821 operari.
1242 5751 1327 5805 Al.
1359 5749 1558 5821 facere.

2556 5820 2641 5830 ,ραι-ι
