3830 6216
419 272 553 330 ioo't
587 254 593 267 '
1856 262 1915 319 s.

2191 260 2217 315 Ξ
2564 256 2567 259 “
3552 252 3703 308 1608

416 404 499 453 eo,
517 395 564 440 et
592 384 655 438 de
683 379 955 453 pecoribus
970 378 1198 436 lectetur.
1226 378 1490 435 Gaudebit
1521 388 1719 445 autem,
1749 379 1793 433 si
1814 394 1928 431 omn

2209 374 2379 446 αὐτῷ,
2425 375 2520 428 καὶ
2551 375 2646 428 ἐπὶ
2676 376 2789 437 τοῖς
2832 372 3126 445 προϐάτοις
3164 367 3457 439 εὐφρανθῇ.
3495 368 3705 439 Χαρήο

417 480 672 534 invenerit
714 495 874 540 sana.
918 484 968 530 et
1013 492 1116 529 non
1161 476 1404 546 qucedam
1447 489 1512 528 ex
1550 473 1659 527 illis
1708 472 1929 541 dissipat

2192 484 2249 520 at
2278 466 2335 519 δὲ
2365 466 2460 520 ἐὰν
2500 466 2676 519 πάντα
2718 465 2845 535 ὑγιῆ
2882 464 3101 535 εὑρεθῇ,
3136 463 3229 515 καὶ
3264 461 3338 530 μὴ
3366 461 3704 513 διαπεπτω-

421 570 481 627 Si
511 579 687 625 autem
724 569 903 638 aliqua
946 584 1011 621 ea:
1054 568 1248 622 talibus
1294 568 1550 621 invenerit
1594 567 1879 635 dissipata,
1915 582 1933 620 ι

2196 577 2230 612 α
2270 557 2393 611 τινὰ
2424 558 2482 623 ἐξ
2512 556 2711 611 αὐτῶν.
2755 555 2879 611 Ἐὰν
2908 556 2966 609 δὲ
3006 552 3201 625 εὑρεθῇ
3242 569 3367 605 τινα
3403 550 3462 617 ἐξ
3506 549 3708 603 αὐτῶν

417 663 517 715 erit
554 659 875 729 pastoribus.
926 656 1079 721 Quod
1122 657 1167 709 si
1208 665 1444 725 pastores
1486 655 1589 724 ipsi
1630 652 1875 721 dissipati
1910 653 1928 706 i

2195 648 2541 714 πεπτωκότα,
2594 648 2715 701 οὐαὶ
2767 649 2881 711 τοῖς
2924 647 3179 718 ποιμέσιν
3220 645 3392 698 ἔσται.
3450 642 3595 696 Ἐὰν
3640 641 3707 695 δι

418 754 557 808 venti
598 753 826 820 fuerint,
868 750 994 819 quid
1027 750 1200 803 dicent
1233 750 1449 802 domino
1496 747 1706 818 gregis?
1741 762 1809 799 an
1845 762 1877 798 a
1901 761 1930 813 p

2190 782 2191 787 η
2252 738 2406 794 αὐτοὶ
2454 740 2505 792 οἱ
2572 738 2831 808 ποιμένες
2898 736 3164 809 εὑρεθῶσι
3215 733 3702 793 διαπεπτωκότες.

420 861 538 899 core
590 860 644 898 se
688 842 953 897 vexatos?
1003 840 1127 894 Non
1176 842 1417 895 credetur
1448 840 1580 893 illis.
1652 835 1932 891 Incredibil

2199 829 2385 903 ὲροῢσι
2426 830 2504 901 τῷ
2542 830 2775 902 δεσπότῃ
2820 827 2914 881 τοῦ
2963 827 3253 897 ποιμνίου;
3292 827 3375 879 im.
3416 824 3537 877 ἀπὸ
3586 823 3707 875 τῶν

417 938 557 990 enim
590 951 671 989 res
701 944 801 1000 est,
842 942 1109 1003 pastorem
1149 934 1261 1003 pati
1297 950 1447 1001 posse
1478 931 1681 1002 aliquid
1721 947 1753 984 a
1783 946 1929 1000 pecor

2196 920 2375 975 ὀάτων
2420 920 2710 986 διέπεσαν;
2763 920 2844 972 Οὐ
2888 917 3359 989 πιστευθήσονται.
3418 915 3708 967 Ἀπιστον

418 1029 593 1100 Magis
656 1043 776 1082 vero
822 1028 1106 1097 punientur
1171 1035 1384 1095 prapter
1432 1026 1765 1080 mendacium
1810 1039 1930 1077 suur

2196 1032 2203 1061 >
2241 1012 2475 1084 πρᾶγμά
2522 1014 2659 1076 ἐστι,
2706 1010 2942 1083 ποιμένα
2981 1010 3123 1081 ὑπὲρ
3163 1008 3449 1079 προϐάτων
3495 1005 3708 1057 παθεῖν

418 1095 650 1181 Scientes
699 1095 853 1196 ergo,
912 1126 1050 1195 quod
1106 1124 1260 1178 valde
1306 1131 1511 1193 oportet
1561 1122 1625 1176 de
1664 1121 1731 1174 iis
1777 1120 1930 1173 redde

2200 1102 2417 1157 Μᾶλλον
2454 1102 2511 1156 δὲ
2553 1103 2981 1174 κολασθήσονται
3022 1100 3111 1154 διὰ
3144 1100 3205 1153 τὸ
3248 1098 3442 1168 ψεῦδος
3484 1095 3704 1149 αὐτῶν.

415 1187 848 1286 ταιίοηειηβῖοξ
924 1187 936 1195 ’
1338 1187 1349 1193 ’
2090 1194 2305 1257 Εἰδότες
2376 1189 2469 1248 οὖν
2532 1195 2613 1248 δτι
2652 1195 2771 1249 λίαν
2816 1194 2884 1248 δι’
2922 1193 3119 1256 αὐτοὺς
3178 1188 3473 1245 ἀποδοῦναι
3534 1187 3707 1255 λόγον

2091 1286 2192 1351 δεῖ,
2221 1305 2275 1339 κ.
2298 1302 2351 1340 τ.
2375 1288 2405 1339 λ

1808 1393 2036 1451 CAPUT
2075 1396 2294 1453 XXXII.

484 1493 767 1551 Consulite
804 1506 937 1563 ergo
973 1490 1131 1545 vobis
1168 1483 1304 1553 (39),
1331 1482 1463 1539 dum
1508 1482 1687 1538 adhuc
1728 1486 1898 1541 turris
1937 1486 2261 1543 aediﬁcatur.
2308 1487 2569 1543 Dominus
2597 1488 2808 1544 habitat
2848 1487 2906 1542 in
2934 1488 3068 1543 viris
3106 1488 3424 1542 amantibus
3451 1502 3695 1557 pacem,

413 1588 612 1642 etenim
638 1601 768 1641 vera
797 1584 913 1655 (40)
941 1599 1044 1653 pax
1075 1582 1242 1638 chara
1268 1589 1392 1645 est;
1426 1594 1458 1633 a
1494 1581 1851 1637 contentiosis
1877 1582 1991 1652 (4|)
2027 1598 2158 1638 vero
2188 1594 2243 1639 et
2282 1585 2511 1654 perditis
2550 1585 2781 1650 malitia,
2824 1585 2986 1655 longe
3019 1585 3195 1639 abest.
3235 1583 3466 1638 Reddite
3516 1584 3706 1655 igitur

413 1682 462 1735 ei
494 1681 745 1750 spiritum
783 1678 1078 1746 integrum,
1120 1674 1261 1728 sicut
1295 1672 1606 1741 accepistis.
1651 1670 1709 1726 Si
1751 1673 1899 1727 enim
1944 1673 2161 1731 dederis
2205 1675 2399 1733 fulloni
2433 1678 2817 1734 vestimentum
2858 1678 3151 1748 integrum,
3200 1676 3362 1745 idque
3400 1676 3703 1746 integrum

418 1777 499 1830 vis
528 1776 709 1829 denuo
755 1770 1032 1841 recipere;
1084 1767 1220 1822 fullo
1266 1778 1446 1822 autem
1496 1768 1734 1823 scissum
1772 1769 1871 1823 tibi
1907 1770 2041 1827 illud
2079 1772 2306 1840 reddat;
2340 1775 2571 1844 recipies
2614 1775 2784 1829 illud?
2825 1772 3019 1828 Nonne
3052 1773 3239 1828 statim
3283 1772 3703 1838 excandesees,

413 1878 470 1923 et
494 1882 621 1922 eum
653 1862 902 1920 convicio
930 1860 1304 1931 prosequeris,
1333 1859 1562 1914 dicens:
1608 1857 2010 1915 Vcstimentum
2047 1878 2229 1919 meum
2268 1863 2384 1934 (42)
2429 1864 2699 1935 integrum
2731 1864 2828 1918 tibi
2857 1863 3014 1933 dedi;
3051 1880 3221 1935 quare
3264 1865 3477 1920 scidisti
3523 1866 3698 1931 illud,

414 1973 469 2020 et
514 1962 705 2018 inutile
755 1958 979 2015 fecisti?
1007 1954 1163 2010 Nunc
1204 1961 1427 2027 propter
1474 1956 1773 2011 scissuram
1820 1973 1983 2027 quam
2035 1960 2089 2013 in
2133 1974 2203 2015 eo
2236 1959 2438 2029 fecisti,
2488 1961 2612 2016 usui
2646 1961 2760 2031 (45)
2795 1976 2917 2017 esse
2950 1976 3061 2017 non
3101 1971 3301 2034 potest.
3344 1964 3547 2021 Nonne
3578 1967 3707 2022 haec

416 2056 601 2113 omnia
630 2054 794 2109 verba
832 2052 986 2107 dices
1031 2049 1245 2115 fulloni,
1279 2058 1334 2105 et
1375 2050 1442 2105 de
1480 2049 1722 2105 scissura
1765 2062 1930 2120 quam
1972 2051 2026 2105 in
2066 2053 2392 2108 vestimento
2429 2062 2523 2109 tuo
2562 2052 2788 2109 fecerit?
2827 2052 2885 2109 Si
2934 2051 3099 2126 igitur
3126 2066 3185 2111 tu
3218 2058 3371 2113 doles
3403 2057 3473 2113 de
3509 2060 3703 2114 vesti-

418 2164 607 2210 mento
642 2161 759 2216 tuo,
791 2157 844 2204 et
873 2147 1120 2218 quereris
1156 2144 1268 2215 (44)
1296 2143 1441 2213 quod
1471 2158 1579 2197 non
1610 2143 1743 2197 illud
1789 2144 2061 2214 integrum
2093 2148 2364 2217 recipias;
2399 2148 2531 2219 quid
2566 2158 2731 2219 putas
2762 2150 2875 2221 (45)
2918 2150 3202 2207 dominum
3243 2154 3342 2209 tibi
3377 2153 3697 2221 facturum,

416 2249 511 2319 qui
538 2246 793 2316 spiritum
838 2243 1113 2312 integrum
1151 2238 1251 2293 tibi
1276 2238 1445 2304 dedit,
1490 2250 1545 2293 et
1584 2246 1642 2293 tu
1687 2253 1819 2293 eum
1862 2248 2036 2296 totum
2076 2242 2324 2298 inutilem
2371 2244 2659 2301 reddidisti
2685 2246 2822 2319 (46),
2867 2247 2943 2302 ita
2981 2255 3044 2303 ut
3077 2248 3229 2304 nullo
3268 2250 3394 2303 usui
3420 2249 3539 2319 (4'7)
3572 2266 3704 2306 esse

414 2342 591 2413 possit
612 2338 835 2395 domino
876 2336 1017 2391 suo?
1057 2333 1273 2389 Inutilis
1316 2332 1463 2388 enim
1491 2333 1657 2403 carpit
1688 2348 1809 2389 esse
1860 2350 1994 2391 usus
2024 2336 2165 2407 ejus,
2200 2354 2322 2394 cum
2368 2340 2441 2395 sit
2480 2352 2773 2412 corruptus
2819 2357 2851 2397 a
2879 2351 2951 2398 te.
2984 2342 3175 2398 Nonne
3218 2344 3385 2416 igitur
3416 2343 3704 2401 Dominus

417 2435 485 2488 de
521 2432 718 2502 spiritu
749 2444 851 2485 suo
890 2435 1110 2498 propter
1144 2426 1250 2479 hoc
1294 2423 1498 2479 factum
1540 2433 1692 2479 tuum
1738 2427 1878 2481 idem
1915 2426 2114 2484 faciet?
2158 2429 2345 2498 Planc,
2394 2433 2614 2503 inquam
2657 2454 2671 2489 :
2710 2435 2965 2490 omnibus
2997 2435 3084 2500 iis,
3125 2448 3490 2505 quoscunque
3536 2438 3702 2493 inve-

417 2526 560 2581 nerit
600 2524 654 2578 in
678 2521 942 2577 memoria
973 2519 1310 2574 oﬂ‘ensarum
1342 2531 1685 2586 permanere,
1726 2516 1870 2573 idem
1916 2518 2077 2577 faciet
2100 2522 2233 2592 (48).
2278 2524 2656 2592 Clementiam,
2697 2527 2895 2597 inquit,
2935 2526 3053 2596 ejus
3084 2526 3252 2581 nolite
3290 2526 3547 2594 calcare;
3597 2528 3703 2582 sed

417 2616 600 2685 potius
640 2610 996 2667 honoriﬁcate
1020 2608 1132 2677 (49)
1179 2624 1305 2663 eum
1341 2609 1489 2679 quod
1532 2617 1643 2664 tam
1686 2612 1897 2681 patiens
1942 2622 2027 2667 est
2064 2614 2132 2668 ad
2171 2615 2365 2671 delicta
2407 2626 2607 2684 vestra,
2648 2626 2703 2671 et
2736 2631 2848 2671 non
2878 2625 2960 2671 est
2998 2617 3139 2671 sicut
3165 2630 3281 2671 vos.
3308 2616 3469 2688 Agite
3509 2618 3701 2687 paeni-

420 2712 683 2775 tentiam;
717 2707 847 2762 utile
882 2704 994 2777 (50)
1029 2704 1174 2758 enim
1206 2704 1260 2759 id
1288 2713 1372 2760 est
1404 2704 1581 2759 vobis.

1689 2825 1997 2884 Arn-iocans
2013 2868 2029 2895 ,
2070 2830 2290 2885 homilia
2321 2831 2411 2887 94.

496 2925 565 2979 Ut
594 2924 848 2978 Dominus
878 2923 1027 2992 pacis
1055 2921 1254 2975 habitet
1287 2920 1343 2975 in
1368 2920 1634 2988 omnibus,
1676 2937 1778 2992 quo
1811 2933 1859 2976 et
1884 2924 1998 2992 spi-

2194 2928 2363 2991 Ὀπως
2399 2929 2427 2981 ὁ
2454 2929 2657 3001 Κύριος
2685 2929 2783 3000 τῆς
2816 2929 3040 3001 εἰρήνης
3078 2925 3379 2997 κατοικήσῃ
3412 2926 3477 2979 ὲν
3498 2924 3706 2987 πᾶσινς

422 3020 556 3072 ritus
592 3018 790 3085 integer
812 3016 930 3085 ﬁat,
964 3015 1101 3067 sicut
1139 3013 1293 3067 illum
1336 3014 1535 3083 accepit
1566 3014 1740 3069 homo.
1776 3013 1837 3069 Si
1860 3031 1934 3068 en:

2217 3018 2310 3072 ita).
2337 3016 2399 3072 τδ
2427 3021 2643 3091 πνεῦμα
2671 3021 2823 3089 ὑγιὲς
2849 3020 3092 3090 γένηται,
3112 3018 3302 3086 ὥσπερ
3331 3016 3467 3069 αὐτὸ
3497 3016 3704 3069 ἐλαϐεν

424 3111 619 3181 aliquis
644 3109 845 3161 dederit
891 3106 1083 3176 fulloni
1127 3107 1490 3161 vestimentum
1540 3122 1728 3159 novum
1774 3116 1824 3161 et
1867 3109 1936 3160 int

2194 3108 2472 3181 ἱνθρωπος.
2544 3110 2669 3164 Ἐὰν
2723 3112 2831 3182 γάρ
2882 3128 2969 3175 τις
3015 3112 3210 3179 κναφεῖ
3263 3106 3413 3181 δώσῃ
3472 3109 3706 3179 ἱμάτιον

428 3217 604 3272 grum,
636 3208 792 3270 atque
826 3197 963 3251 illud
1005 3197 1126 3252 velit
1154 3198 1327 3251 denuo
1373 3199 1630 3268 recipere;
1663 3197 1797 3267 fullo
1824 3208 1940 3252 aute

2199 3202 2288 3253 νὺν
2318 3204 2414 3255 καὶ
2454 3202 2625 3271 ὑγιὲς,
2661 3204 2757 3257 καὶ
2794 3202 2954 3256 τοῦτο
2992 3201 3137 3255 θέλει
3179 3200 3545 3270 κομίσασθαι,
3581 3205 3611 3253 ὁ
3638 3201 3706 3254 δὲ

424 3296 646 3349 scissum
706 3295 1070 3347 vestimentum
1139 3290 1367 3355 reddat;
1436 3307 1505 3345 an
1560 3292 1777 3362 recipiet
1829 3291 1936 3344 illm

2198 3293 2340 3359 ιφεὺς
2375 3293 2565 3363 σχίσας
2603 3293 2664 3346 τδ
2714 3295 2927 3365 ἱμάτιον
2966 3291 3268 3356 ἀποδώσει,
3308 3287 3420 3361 ἆρα
3457 3291 3710 3362 λήψεται

427 3386 617 3441 Nonne
662 3385 848 3439 statim
896 3382 1261 3449 excandescct,
1305 3392 1355 3437 et
1391 3400 1511 3437 eum
1549 3384 1783 3438 convicio
1823 3400 1939 3453 pers

2191 3381 2266 3449 τός
2311 3384 2431 3453 οὐχὶ
2477 3384 2819 3455 μαχήσεται,
2864 3384 2959 3437 καὶ
3012 3382 3255 3455 ὑδρίσει,
3304 3382 3483 3451 λέγων
3520 3381 3703 3451 αὐτῷ·

425 3488 615 3550 quetur
671 3476 895 3529 dicens:
953 3471 1327 3527 Vestimentum
1381 3472 1647 3543 integrum
1699 3474 1798 3527 tibi
1846 3473 1937 3526 ded

2199 3470 2351 3526 der
2395 3489 2478 3527 σοι
2522 3474 2674 3543 ὑγιὲς
2710 3474 2907 3538 ἔδωκα,
2950 3472 3043 3527 διὰ
3075 3472 3280 3527 τίαύτδ
3305 3472 3569 3543 ἔσχισας,
3606 3474 3711 3527 καὶ

426 3585 589 3639 quare
618 3565 826 3619 scidisti
860 3563 1020 3630 illud,
1058 3571 1109 3617 et
1148 3563 1339 3617 inutile
1370 3562 1591 3631 fecisti?
1621 3562 1681 3617 Si
1727 3564 1892 3633 igitur
1924 3565 1938 3618 i

2204 3562 2413 3633 ιοίηκας
2454 3563 2762 3635 ἄχρηστονς
2819 3564 2883 3617 Εἰ
2932 3558 3025 3617 οὖν
3079 3562 3251 3626 οὕτως
3294 3563 3424 3633 περὶ
3469 3562 3716 3633 ἱματίου

427 3660 569 3714 dolet
614 3658 811 3728 aliquis
854 3657 917 3710 de
956 3656 1294 3720 vestimento,
1339 3664 1389 3708 et
1440 3655 1680 3725 queritur
1719 3652 1863 3725 quod
1900 3672 1939 3708 nl

2202 3653 2351 3707 εεῖταί
2383 3671 2486 3721 τις,
2527 3656 2622 3707 καὶ
2667 3655 2918 3726 μάχεται,
2952 3656 3037 3709 ὅτι
3072 3656 3173 3709 οὐκ
3203 3654 3513 3725 ἀπείληφεν
3547 3655 3714 3723 ὑγιὲς

426 3752 565 3806 illud
612 3752 875 3822 integrum
930 3751 1217 3819 receperit;
1260 3748 1387 3819 quid
1431 3758 1677 3819 putamus
1719 3748 1938 3801 Domina

2214 3743 2447 3815 ἱμάτιον,
2498 3743 2553 3797 τί
2602 3744 2865 3816 δοκοῦμεν
2920 3744 3113 3797 παθεῖν
3154 3744 3261 3797 ὑπὸ
3301 3743 3398 3796 τοῦ
3452 3746 3711 3815 Κυρίου,

428 3844 577 3898 nobis
619 3844 925 3912 facturum,
970 3841 1061 3911 qui
1102 3841 1352 3909 spiritum
1391 3840 1653 3907 integrum
1686 3838 1940 3907 accepimv

2207 3835 2424 3907 roseum
2471 3834 2725 3899 λαϐόντες
2765 3836 2934 3906 ὑγιὲς,
2976 3837 3071 3889 καὶ
3123 3833 3282 3889 τοῦτο
3320 3834 3715 3905 λυπήσαντες,

428 3950 481 3990 et
509 3935 662 3988 illum
695 3933 936 3987 molestia
972 3932 1267 4000 effecimus,
1298 3940 1348 3983 et
1381 3928 1620 3983 inutilem
1652 3928 1940 3981 reddidimu

2240 3919 2658 3997 ἀχρειώσαντες,
2690 3926 2765 3998 μὴ
2792 3928 2851 3979 ὲν
2881 3926 3170 3998 σεμνᾶτητι
3197 3924 3673 3995 πολιτευσάμενοι
3694 3942 3718 3991 ;

428 4040 534 4078 non
562 4025 783 4077 viventes
829 4037 947 4074 cum
984 4020 1290 4084 honestate;
1331 4021 1411 4073 ita
1450 4028 1507 4071 ut
1545 4016 1691 4071 nullo
1734 4017 1857 4071 usui
1896 4034 1940 4073 ei

2237 4019 2318 4082 εἰς
2361 4017 2613 4089 οὐδεμίαν
2665 4018 2862 4089 χρῆσιν
2917 4016 3138 4071 δύναται
3185 4011 3325 4071 εἶναι
3373 4016 3455 4086 τῷ
3502 4017 3719 4091 Κυρίῳ

428 4118 594 4189 possit
634 4116 849 4170 domino
882 4114 1023 4168 suo?
1064 4128 1189 4168 nam
1218 4127 1344 4167 usus
1384 4110 1606 4182 spiritus
1642 4127 1675 4165 a
1705 4111 1853 4165 nobis
1882 4125 1940 4164 co

2206 4109 2336 4176 toﬁ;
2394 4111 2432 4183 ἠ
2478 4111 2586 4181 γὰρ
2644 4111 2841 4181 χρῆσις
2885 4110 2985 4164 τοῦ
3035 4109 3343 4181 πνεύματος
3397 4110 3494 4179 ὑφ’
3540 4113 3716 4183 ἡμῶν

430 4219 615 4281 ruptus
645 4218 745 4264 est.

2110 4196 2449 4271 κατεφθάρη.

1817 4317 2046 4375 CAPUT
2086 4318 2323 4373 XXXIII.

502 4420 627 4476 Haec
660 4419 843 4475 omnia
881 4431 1007 4487 quas
1047 4428 1210 4483 supra
1252 4413 1453 4483 scripta
1494 4421 1643 4480 sunt,
1695 4429 1799 4484 ego
1839 4424 2025 4485 pastor
2067 4415 2293 4469 nuntius
2334 4411 2669 4483 pmnitentite
2717 4410 2953 4477 ostendi,
3006 4421 3062 4467 et
3107 4412 3322 4468 locutus
3351 4428 3479 4468 sum
3525 4419 3717 4472 servis

432 4517 548 4571 Dei.
600 4516 656 4570 Si
705 4529 833 4582 ergo
879 4510 1251 4573 credideritis,
1295 4520 1349 4565 et
1386 4512 1668 4567 audieritis
1713 4513 1879 4566 verba
1930 4527 2083 4579 mea,
2123 4520 2178 4567 et
2219 4511 2628 4567 ambulaveritis
2674 4509 2731 4564 in
2779 4509 2936 4580 ipsis,
2986 4518 3040 4564 et
3092 4512 3442 4566 correxeritis
3499 4512 3717 4571 itinera

432 4619 643 4675 vestra;
694 4608 876 4661 vivere
924 4601 1191 4672 poteritis.
1246 4600 1342 4655 Sin
1391 4612 1573 4656 autem
1626 4603 2037 4672 permanseritis
2079 4602 2194 4673 (5|)
2244 4602 2299 4656 in
2342 4602 2549 4655 malitia
2587 4608 2644 4654 et
2682 4599 2946 4653 memoria
2996 4597 3366 4666 oﬂensarum,
3401 4604 3606 4660 nullus
3640 4622 3715 4661 ex

433 4700 745 4772 hujusmodi
780 4693 1159 4768 peccatoribus
1198 4690 1342 4745 vivet
1378 4692 1492 4762 (52)
1518 4691 1653 4746 Deo.
1693 4690 1818 4746 Hice
1861 4692 2049 4747 omnia
2086 4709 2117 4746 a
2150 4708 2238 4747 me
2284 4692 2537 4755 dicenda,
2579 4690 2726 4745 dicta
2772 4699 2901 4745 sunt
2936 4690 3095 4746 vobis
3130 4693 3264 4763 (55).
3310 4692 3404 4747 Ait
3436 4696 3585 4749 mihi
3620 4698 3716 4752 me

1516 4813 1753 4871 VARUE
1794 4808 2182 4872 LECTIONES
2222 4815 2311 4871 ΕΤ
2352 4814 2586 4871 NOTAE.

506 4909 617 4976 ('59)
658 4907 848 4979 Lamb.
886 4906 1190 4961 Remediate
1219 4922 1345 4979 ergo
1365 4923 1474 4962 vos.
1536 4978 1543 4979 7
1648 4978 1653 4979 7
1928 4978 1935 4979 7
2191 4908 2300 4979 (47)
2338 4907 2531 4979 Lamb.
2558 4910 2613 4979 in
2640 4907 2789 4961 nullo
2819 4924 2931 4963 usu.

515 4981 618 5048 (40)
658 4978 847 5050 Lamb.
883 4987 931 5032 et
973 4979 1253 5032 enimvero.
1287 4978 1470 5043 Forte,
1499 4978 1546 5032 ei
1573 4978 1713 5032 enim
1742 4995 1884 5035 vera.
1918 4978 2010 5036 Sic
2182 4977 2296 5050 (48)
2337 4977 2529 5032 Lamb.
2573 4978 2859 5031 Dominum
2897 4979 3147 5047 spiritum
3186 4989 3582 5046 e7us,propter
3626 4984 3716 5044 {a-

432 5058 488 5105 et
520 5048 925 5121 mss._Car7m.__
962 5119 971 5121 7
2112 5048 2254 5105 ctum
2297 5058 2446 5101 tuum
2484 5050 2581 5121 7hoc
2623 5065 2655 5101 ιι
2692 5050 2833 5121 facie
2875 5049 3051 5118 plane,
3103 5056 3341 5121 inquam,
3388 5068 3579 5107 omnes
3619 5072 3715 5107 eos

507 5120 619 5191 (4!)
659 5118 849 5191 Lamb.
888 5118 1158 5191 litigiosis.
2111 5134 2445 5191 quoscunque
2474 5118 2727 5191 invenerit
2761 5119 2818 5171 in
2839 5122 3094 5173 memoria
3130 5118 3455 5189 oﬂ'ensarum
3486 5139 3714 5191 permao

506 5186 620 5261 (42)
662 5188 853 5261 Lamb.
892 5186 1063 5261 deest,
1103 5206 1297 5245 meum.
2111 5186 2253 5257 nere,
2281 5186 2486 5261 afﬁciet.
2513 5186 2674 5261 Nullo
2700 5203 2909 5261 sensu:
2952 5204 3130 5261 eoque
3163 5186 3395 5247 nomine
3432 5186 3591 5249 hanc
3632 5196 3706 5250 le-

507 5257 620 5329 (4'5)
662 5258 850 5329 Lamb.
883 5259 940 5312 in
970 5276 1143 5313 usum.
2110 5262 2348 5317 ctionem
2383 5274 2415 5313 a
2444 5257 2593 5329 Fullo
2624 5259 2888 5313 omissam
2918 5257 3072 5329 puto.

505 5322 618 5399 (44)
650 5328 960 5405 _Ms.Carm.
996 5330 1190 5405 fulloni
1205 5331 1229 5385 .’
1258 5330 1400 5405 Ergo
1427 5341 1475 5405 et
1499 5333 1563 5387 de
1584 5331 1816 5385 scissura
1844 5346 2005 5405 quam
2181 5331 2294 5405 (μζ)
2334 5322 2527 5405 Lamb.
2559 5328 2833 5405 honorate.

435 5403 491 5454 in
536 5400 1009 5473 vestimento77t7u07
1033 5401 1235 5473 fecerit,
1281 5399 1512 5458 si'doles
1570 5415 1626 5456 tu
1660 5412 1709 5457 et
1742 5399 1999 5473 quereris,
2180 5399 2296 5473 (57(7))
2338 5399 2529 5473 Lamb.
2556 5400 2918 5473 p_trnitenti_a7m
2948 5400 3156 5457 utilem.

434 5471 703 5543 quodnon
732 5469 1009 5543 reddidisti
1035 5468 1053 5522 ξ
1076 5470 1200 5535 quid
1235 5484 1412 5539 putas.
1756 5468 1765 5473 ’
1986 5468 1991 5469 ⁷
2184 5468 2298 5543 (Si)
2335 5469 2529 5543 Lamb.
2567 5471 2783 5543 desunt,
2809 5468 2905 5522 Sin
2926 5481 3113 5543 autem
3141 5477 3579 5543 permanseritis.

509 5540 621 5612 (745)
663 5537 1031 5612 Latiib._dole_s
1056 5537 1387 5612 et_qu7ereris.
1933 5611 1936 5612 7
1967 5611 1972 5612 7
2181 5537 2296 5612 (52)
2334 5540 2525 5612 Lamb.
2556 5554 2621 5593 ea:
2652 5540 2955 5612 hujusmodi
2984 5544 3132 5596 vivit.

510 5610 620 5684 (4‘6)
663 5609 737 5684 l7ta
777 5624 843 5663 ex
868 5606 1059 5663 Lamb.
1098 5606 1277 5666 Folius
1319 5616 1375 5671 in
1415 5630 1515 5672 sua
1542 5615 1671 5672 edit.
1704 5612 1881 5671 Oxon.
1914 5611 1979 5667 Αἱ
2186 5606 2299 5684 (55)
2340 5609 2530 5668 Lamb.
2565 5627 2645 5665 me
2672 5606 2887 5667 docente
2924 5613 3069 5667 vobis
3095 5616 3261 5671 dicta.

440 5680 680 5748 παρείδῑὶ
690 5716 704 5731 .
