3830 6216
120 373 148 426 1
160 372 276 427 009
1264 365 1555 423 PASTOR.
1598 395 1632 407 ~—

1875 365 1962 422 ΙΙΙ.
2002 364 2205 422 SIMIL.
2240 365 2311 421 Χ.
3249 366 3387 422 1010

117 493 322 551 pastor
347 501 361 539 :
388 480 584 537 Omnia
616 496 647 536 a
678 495 767 535 me
812 480 1207 552 interrogasti?
1251 478 1318 535 Et
1355 480 1509 536 dixi:
1542 478 1641 543 ita,
1685 479 1926 534 domine.
1980 478 2161 546 Quare
2209 495 2341 551 ergo
2383 495 2492 535 non
2529 479 2883 550 interrogasti
2934 493 3040 543 me,
3083 478 3282 549 inquit,
3319 482 3387 537 de

117 580 309 635 forma
359 580 603 651 lapidum
654 578 713 633 in
751 584 1027 633 structura
1072 575 1476 645 repositorum;
1526 582 1587 628 ut
1629 574 1729 633 tibi
1783 575 2113 643 explicarem
2164 574 2306 647 (54)
2353 573 2600 631 formas?
2659 574 2725 631 Et
2746 574 2859 630 dixi
2907 592 2917 626 :
2963 574 3181 632 Oblitus
3227 592 3382 644 sum,

115 673 372 728 domine.
410 670 552 726 Audi
586 686 734 726 nunc
762 684 915 740 ergo,
963 668 1163 737 inquit,
1193 676 1247 723 et
1272 667 1340 721 de
1375 666 1503 721 illis.
1544 664 1610 719 Hi
1650 674 1780 721 sunt
1817 666 1912 735 qui
1957 682 2104 721 nunc
2145 668 2405 722 mandata
2444 668 2558 723 haec
2584 668 2699 739 (55)
2726 669 3037 735 audierunt,
3072 679 3125 723 et
3151 684 3218 724 ex
3254 673 3386 728 totis

117 765 446 835 praecordiis
470 772 699 835 egerunt
725 761 1102 833 paenitentiam
1129 777 1143 813 :
1174 776 1411 831 cumque
1439 760 1665 816 vidisset
1685 759 1952 817 Dominus
1980 762 2179 817 bonam
2210 773 2372 833 atque
2400 779 2595 834 puram
2619 764 2732 835 (56)
2756 766 3131 834 pcenitentiam
3164 784 3381 835 eorum,

115 866 177 909 et
207 871 369 926 posse
390 870 486 911 eos
518 856 571 908 in
599 870 663 910 ea
688 867 1043 924 permanere;
1071 852 1238 922 jussit
1274 850 1456 921 priora
1494 858 1718 922 peccata
1765 866 1956 907 eorum
1994 851 2185 907 deleri.
2223 850 2317 908 Hae
2367 853 2517 908 enim
2556 852 2745 912 forma:
2791 868 3016 927 peccata
3042 859 3156 931 (57)
3189 876 3383 916 eorum

114 963 318 1020 erant;
356 960 411 1007 et
434 958 725 1021 exaequata
749 958 899 1015 sunt,
926 963 995 1004 ne
1018 957 1361 1019 apparerent.

1446 1073 1920 1135 SIMILITUDO
1964 1075 2047 1135 Χ.

1246 1199 1337 1259 De
1360 1200 1733 1277 pauitantia
1762 1208 1819 1258 et
1849 1198 2257 1278 eleemoeyna.

1603 1319 1836 1376 CAPUT
1877 1319 1918 1377 I.

189 1413 489 1486 Postquam
541 1417 968 1488 perscripseram
1027 1416 1230 1472 librum
1290 1416 1458 1481 hunc,
1507 1416 1656 1472 venit
1700 1416 1929 1473 nuntius
1980 1416 2072 1471 ille
2129 1417 2223 1487 qui
2270 1432 2358 1474 me
2408 1420 2709 1476 tradiderat
2767 1422 2846 1478 illi
2894 1424 3008 1498 (58)
3054 1428 3280 1497 pastori,
3325 1427 3380 1484 in

106 1505 346 1562 domum
394 1508 447 1564 in
486 1525 594 1581 qua
635 1510 749 1581 (59)
796 1525 972 1576 eram,
1015 1516 1071 1565 et
1110 1510 1360 1565 consedit
1404 1523 1572 1578 supra
1616 1509 1854 1576 lectum;
1908 1517 1967 1565 et
2009 1508 2187 1564 astitit
2236 1511 2292 1565 in
2330 1511 2552 1568 dextera
2600 1514 2720 1584 ejus
2771 1514 2862 1572 ille
2904 1526 3110 1588 pastor.
3174 1518 3383 1576 Deinde

104 1599 336 1653 vocavit
365 1615 483 1669 me,
503 1611 558 1656 et
586 1602 703 1658 hac
738 1602 875 1657 mihi
903 1602 1043 1658 dixit
1070 1620 1084 1658 :
1108 1600 1333 1657 Tradidi
1366 1612 1438 1669 te,
1474 1601 1674 1672 inquit,
1713 1608 1773 1657 et
1800 1600 2027 1656 domum
2063 1609 2215 1656 tuam
2239 1601 2369 1657 huic
2393 1604 2627 1673 pastori,
2657 1614 2718 1660 ut
2745 1606 2815 1662 ab
2842 1622 2909 1663 eo
2938 1610 3147 1681 protegi
3177 1612 3379 1680 possis.

106 1695 217 1759 lta,
253 1696 500 1766 inquam,
537 1698 775 1755 domine.
828 1699 885 1755 Si
931 1699 1018 1757 vis
1055 1714 1185 1771 ergo
1227 1698 1460 1771 protegi,
1508 1697 1708 1769 inquit,
1751 1696 1822 1753 ab
1854 1698 2004 1753 omni
2045 1698 2332 1754 vexatione
2376 1710 2431 1755 et
2468 1700 2536 1756 ab
2575 1703 2724 1757 omni
2774 1704 3012 1773 saevitia;
3061 1721 3381 1764 successum

102 1797 303 1842 autem
333 1788 541 1845 habere
580 1789 637 1844 in
669 1791 822 1846 omni
851 1805 1019 1861 opere
1046 1790 1193 1847 bono
1222 1798 1385 1861 atque
1409 1789 1608 1857 verbo,
1633 1797 1691 1845 et
1717 1803 1936 1844 omnem
1962 1789 2218 1844 virtutem
2248 1791 2554 1862 aequitatis;
2594 1793 2650 1848 in
2684 1796 2960 1854 mandatis
2997 1799 3066 1857 iis
3098 1799 3382 1871 ingredere

104 1895 243 1950 quae
284 1881 436 1938 dedit
462 1882 573 1955 (60)
602 1884 734 1953 tibi,
767 1893 822 1941 et
857 1883 1061 1955 poteris
1097 1884 1369 1939 dominari
1410 1882 1561 1939 omni
1604 1883 1883 1953 nequitiae.
1933 1881 2278 1939 Custodienti
2324 1885 2471 1939 enim
2519 1886 2618 1942 tibi
2662 1889 2920 1946 mandata
2964 1891 3077 1957 illa,
3138 1892 3383 1964 subjecta

100 1970 220 2024 erit
270 1973 453 2028 omnis
497 1974 768 2044 cupiditas
816 1980 872 2029 et
919 1973 1156 2031 dulcedo
1209 1973 1373 2044 hujus
1429 1971 1648 2040 saeculi;
1728 1986 2022 2027 successus
2064 1986 2196 2027 vero
2236 1972 2292 2027 in
2336 1972 2497 2031 omni
2537 1974 2683 2030 bono
2732 1979 2952 2048 negotio
2994 1988 3045 2035 te
3092 1990 3376 2049 sequetur.

98 2064 486 2123 Maturitatem
542 2068 707 2140 hujus
753 2078 809 2126 et
853 2071 1181 2127 modestiam
1230 2070 1449 2140 suscipe
1502 2069 1558 2123 in
1606 2076 1661 2123 te
1707 2066 1860 2139 (61);
1907 2076 1963 2123 et
2008 2066 2097 2124 dic
2140 2068 2438 2137 omnibus,
2477 2069 2532 2126 in
2586 2086 2786 2142 magno
2830 2073 3041 2129 honore
3085 2089 3209 2131 esse
3253 2090 3379 2131 eum

92 2166 165 2213 ct
196 2158 460 2229 dignitate
507 2162 651 2233 apud
686 2160 890 2231 Deum,
942 2174 995 2220 et
1041 2180 1254 2236 magnae
1305 2162 1591 2234 potesnatis
1633 2176 1760 2216 cum
1806 2160 2096 2232 praesidem
2138 2176 2290 2231 esse,
2339 2171 2395 2220 et
2438 2172 2715 2235 potentem
2756 2165 2810 2221 in
2850 2166 3027 2222 oilicio
3070 2184 3193 2224 suo.
3240 2167 3379 2225 Huic

100 2253 217 2309 soli
257 2269 354 2323 per
383 2263 557 2310 totum
589 2256 780 2312 orbem
818 2261 1153 2330 paenitentiae
1185 2269 1427 2331 potestas
1467 2258 1672 2314 tributa
1700 2264 1804 2313 est.
1851 2256 2052 2314 Potens
2086 2272 2155 2315 ne
2179 2258 2281 2315 tibi
2310 2259 2526 2319 videtur
2559 2264 2716 2320 esse?
2747 2262 2854 2320 Sed
2880 2278 2978 2319 vos
3004 2262 3378 2318 maturitatem

100 2351 282 2422 hujus
309 2360 365 2408 et
392 2353 720 2411 modestiam
751 2356 866 2429 (62)
893 2376 1060 2429 quam
1097 2361 1153 2415 in
1184 2376 1284 2415 vos
1310 2359 1497 2425 habet,
1527 2357 1826 2426 despicitis.

1579 2472 1810 2530 CAPUT
1850 2472 1914 2530 ll.

180 2570 321 2627 Dico
345 2571 397 2626 ei
426 2590 441 2627 :
476 2570 756 2645 Interroga
796 2573 1000 2643 ipsum,
1030 2570 1270 2636 domine,
1296 2584 1365 2625 ex
1393 2585 1504 2640 quo
1539 2569 1595 2625 in
1625 2571 1789 2625 domo
1820 2586 1941 2625 mea
1970 2580 2075 2637 est,
2104 2585 2246 2625 anne
2271 2569 2387 2641 (65')
2414 2570 2620 2642 aliquid
2645 2579 2797 2627 extra
2839 2573 3086 2629 ordinem
3129 2574 3374 2645 fecerim,

98 2671 207 2718 aut
246 2663 302 2716 in
340 2663 525 2734 aliquo
550 2680 675 2720 eum
705 2663 1042 2720 offenderim.
1083 2661 1151 2716 Et
1178 2676 1301 2733 ego,
1340 2661 1538 2731 inquit,
1573 2662 1710 2728 scio,
1741 2661 1876 2716 nihil
1907 2672 2061 2717 extra
2099 2662 2347 2718 ordinem
2389 2661 2587 2719 fecisse
2620 2673 2671 2717 te
2698 2680 2875 2735 neque
2908 2682 3030 2723 esse
3062 2666 3375 2740 facturum;

95 2765 163 2811 et
205 2757 330 2811 ideo
370 2757 486 2813 haec
516 2760 716 2829 loquor
752 2765 955 2821 tecum,
982 2764 1044 2814 ut
1065 2768 1418 2825 perseveres;
1464 2754 1604 2808 bene
1640 2754 1788 2809 enim
1828 2753 1920 2809 hic
1946 2753 2015 2809 de
2051 2762 2104 2809 te
2142 2754 2285 2824 apud
2318 2768 2407 2809 me
2439 2755 2791 2811 existimavit.
2822 2755 2905 2814 Tu
2937 2771 3119 2815 autem
3164 2764 3379 2821 caeteris

97 2850 230 2904 haec
256 2850 424 2905 verba
459 2850 647 2915 dices;
680 2858 744 2905 ut
786 2856 843 2906 et
888 2849 967 2904 illi
998 2848 1092 2919 qui
1130 2855 1361 2918 egerunt
1394 2852 1492 2902 aut
1536 2847 1715 2902 acturi
1762 2857 1891 2903 sunt
1930 2846 2344 2916 paenitentiam,
2388 2846 2578 2905 eadem
2621 2863 2745 2918 quae
2790 2858 2849 2905 tu
2895 2853 3168 2921 sentiant;
3203 2865 3256 2912 et
3288 2856 3380 2913 hic

95 2942 252 3011 apud
287 2957 372 2996 me
404 2942 473 2997 de
500 2943 569 2998 iis
593 2941 707 3013 (64)
751 2940 1182 3010 interpretetur;
1222 2946 1276 2993 et
1311 2953 1412 3010 ego
1454 2939 1598 3007 apud
1621 2936 1937 2992 Dominum.
1977 2936 2046 2992 Et
2078 2952 2200 3009 ego,
2229 2928 2476 3009 inquam,
2505 2938 2744 3004 domine,
2777 2946 2929 3001 omni
2959 2946 3168 3002 homini
3196 2944 3378 3003 indico

95 3034 383 3103 magnalia
412 3033 541 3099 Dei,
586 3047 750 3103 spero
794 3039 978 3087 autem
1020 3044 1117 3089 eos
1156 3043 1350 3083 omnes
1388 3028 1483 3097 qui
1525 3036 1713 3082 amant
1749 3042 1853 3094 ea,
1919 3036 1974 3083 et
2012 3038 2138 3084 ante
2178 3039 2567 3099 peccaverunt,
2610 3034 2696 3090 bis
2733 3035 2935 3094 auditis
2981 3048 3204 3096 acturos
3254 3057 3379 3099 esse

94 3130 486 3202 paenitentiam
522 3130 658 3201 (65),
689 3130 857 3185 vitam
901 3134 1304 3196 recuperantes.
1365 3123 1633 3180 Permane
1674 3140 1805 3197 ergo
1830 3165 1847 3191 ,
1909 3125 2110 3196 inquit,
2158 3127 2216 3182 in
2246 3126 2353 3183 hoc
2395 3127 2721 3189 ministerio.
2764 3137 2819 3184 et
2858 3145 3180 3188 consumma
3218 3133 3373 3192 illud.

93 3224 436 3293 Quicunque
474 3231 658 3279 autem
697 3219 957 3276 mandata
999 3219 1167 3290 hujus
1211 3225 1609 3288 exsequuntur,
1640 3215 1923 3273 habebunt
1953 3218 2144 3285 vitam,
2178 3226 2235 3274 et
2264 3219 2353 3276 hic
2376 3219 2489 3291 (66)
2523 3229 2577 3275 et
2610 3223 2753 3292 apud
2777 3224 3073 3283 Dominum
3111 3244 3373 3301 magnum

98 3326 398 3378 honorem.
440 3320 766 3391 Quicunque
794 3334 925 3376 vero
961 3318 1126 3390 hujus
1165 3315 1424 3371 mandata
1462 3329 1573 3370 non
1616 3322 1854 3381 servant,
1898 3313 2116 3387 fugiunt
2152 3331 2184 3371 a
2226 3316 2339 3372 vita
2380 3332 2479 3373 sua
2524 3327 2579 3374 et
2619 3321 2982 3379 adversantur
3022 3322 3099 3377 illi
3140 3341 3154 3377 :
3198 3331 3253 3378 et
3279 3325 3374 3393 qui

96 3414 370 3473 mandata
409 3415 529 3485 ejus
573 3428 685 3470 non
725 3417 1031 3483 sequuntur
1060 3407 1203 3479 (67),
1243 3404 1407 3460 morti
1456 3417 1517 3459 se
1560 3402 1784 3458 tradunt
1825 3402 1973 3476 (68);
2016 3412 2071 3460 et
2104 3408 2490 3477 unusquisque
2532 3423 2722 3465 eorum
2764 3426 2893 3467 reus
2935 3412 3042 3467 erit
3082 3412 3370 3481 sanguinis

95 3514 218 3570 sui.
271 3511 393 3567 Tibi
439 3520 621 3567 autem
665 3510 827 3577 dico,
874 3514 939 3561 ut-
977 3520 1163 3562 serves
1204 3502 1461 3559 mandata
1505 3500 1619 3556 haec
1650 3499 1796 3571 (69),
1838 3510 1895 3556 et
1946 3504 2248 3559 remedium
2301 3510 2653 3574 peccatorum
2704 3512 2928 3561 tuorum
2978 3505 3225 3561 omnium
3258 3504 3371 3577 (70)

95 3606 359 3661 habebis.

1556 3666 1787 3725 CAPUT
1820 3665 1912 3723 III.

177 3767 303 3824 Misi
329 3776 512 3822 autem
547 3764 649 3820 tibi
674 3764 775 3818 has
798 3760 1040 3832 virgines
1069 3759 1209 3831 (7i),
1245 3768 1307 3814 ut
1334 3759 1582 3815 habitent
1622 3768 1835 3827 tecum;
1879 3759 1993 3814 vidi
2016 3758 2160 3813 enim
2208 3773 2303 3815 eas
2340 3759 2497 3815 valde
2528 3760 2774 3821 alfabiles
2804 3764 2904 3821 tibi
2944 3782 3087 3824 esse.
3136 3767 3374 3827 Habebis

94 3868 276 3935 igitur
300 3864 410 3934 (72)
446 3872 504 3918 tu
529 3876 625 3916 eas
655 3856 981 3929 adjutrices,
1008 3870 1121 3925 quo
1164 3854 1340 3923 magis
1368 3854 1548 3923 possis
1590 3854 1757 3923 hujus
1796 3852 2055 3908 mandata
2095 3866 2351 3917 servare;
2402 3868 2509 3907 non
2549 3864 2727 3924 potest
2768 3858 2913 3913 enim
2958 3860 3104 3928 fieri,
3153 3872 3214 3918 ut
3255 3864 3375 3918 sine

94 3960 198 4015 his
228 3955 532 4028 virginibus
559 3954 677 4008 haec
707 3946 969 4005 mandata
1004 3952 1310 4000 serventur.
1360 3941 1528 3999 Vides
1551 3942 1666 4013 (75)
1691 3953 1875 3997 autem
1909 3956 2004 3996 eas
2040 3940 2272 3997 libenter
2312 3956 2434 3997 esse
2474 3950 2690 4011 tecum;
2730 3947 2825 4001 sed
2853 3955 2911 4003 et
2934 3964 3036 4019 ego
3062 3953 3374 4023 praecipiam

92 4056 212 4121 eis,
249 4063 308 4109 ut
342 4053 569 4109 omnino
608 4065 640 4105 a
674 4050 840 4104 domo
882 4052 977 4098 tua
1020 4056 1133 4097 non
1156 4039 1461 4097 discedant.
1504 4038 1587 4095 'ht
1632 4047 1847 4095 tantum
1892 4039 2220 4096 eommunda
2244 4038 2608 4110 (74).domum
2640 4049 2789 4094 tuam
2824 4055 2839 4093 :
2893 4040 2950 4095 in
2985 4045 3188 4100 munda
3226 4048 3374 4101 enim

90 4151 278 4206 domo
319 4147 552 4203 libenter
593 4141 957 4199 habitabunt:
997 4139 1218 4195 mundae
1259 4145 1390 4194 sunt
1435 4136 1607 4204 enim,
1658 4147 1822 4207 atque
1860 4145 2027 4192 castae
2067 4145 2122 4191 et
2157 4136 2466 4203 industriae,
2505 4144 2561 4190 et
2602 4151 2794 4195 omnes
2832 4139 3095 4197 habentes
3143 4142 3373 4211 gratiam

90 4250 252 4321 apud
291 4246 605 4303 Dominum.
641 4241 808 4313 Igitur
853 4239 900 4295 si
940 4237 1198 4293 habueris
1228 4236 1340 4303 (75)
1370 4235 1594 4290 domum
1639 4244 1787 4289 tuam
1827 4250 2054 4305 puram,
2095 4243 2277 4289 tecum
2320 4235 2743 4304 permanebunt.
2789 4232 2848 4289 Si
2890 4241 3071 4288 autem
3112 4235 3372 4304 pusillum

90 4340 316 4411 aliquid
362 4336 763 4410 inquinationis
810 4334 1091 4395 acciderit,
1135 4331 1390 4404 protinus
1443 4346 1475 4385 a
1537 4330 1704 4386 domo
1739 4339 1829 4385 tua
1882 4331 2169 4397 recedent;
2246 4327 2334 4382 ha:
2389 4328 2537 4384 enim
2589 4327 2831 4400 virgines
2884 4329 3092 4384 nullam
3147 4330 3373 4386 omnino

90 4436 343 4507 diligunt
386 4432 845 4504 inquinationem.
898 4430 1033 4486 Dico
1061 4431 1112 4485 ei
1145 4446 1159 4483 :
1191 4426 1365 4499 Spero
1398 4441 1517 4493 me,
1547 4425 1804 4496 domine,
1836 4426 2165 4497 placiturum
2206 4426 2317 4492 eis,
2358 4427 2434 4481 ita
2471 4434 2534 4481 ut
2565 4426 2621 4481 in
2658 4424 2824 4480 domo
2859 4437 2979 4478 mea
3016 4422 3245 4477 libenter
3283 4422 3370 4475 in--

92 4530 357 4587 habitent
391 4541 623 4595 semper.
666 4524 735 4580 Et
774 4524 920 4582 sicut
959 4526 1007 4583 is
1037 4524 1127 4582 cui
1166 4539 1255 4580 me
1291 4521 1585 4587 tradidisti,
1618 4521 1756 4576 nihil
1791 4521 1859 4577 de
1892 4537 1981 4579 me
2018 4523 2302 4593 queritur;
2346 4521 2423 4578 ita
2464 4536 2643 4592 neque
2690 4520 2797 4577 illa:
2825 4526 3141 4592 querentur.
3188 4516 3277 4573 Ait
3297 4517 3362 4572 ad

1205 4634 1446 4691 VARIA‘J
1485 4633 1871 4692 LECTIONES
1906 4637 1996 4691 ET
2032 4636 2266 4693 NOTAE.

178 4730 297 4804 (574)
336 4728 467 4804 mss.
497 4729 633 4787 Vict.
666 4740 720 4804 et
739 4732 925 4789 Carm.
953 4733 1093 4804 quod
1121 4732 1458 4802 explevimus.
1486 4730 1680 4785 Lamb.
1792 4750 1885 4787 nec
1914 4734 2166 4788 mandata
2194 4731 2309 4803 ejus
2335 4743 2647 4804 sequuntur.

93 4801 656 4877 quod77explicuimus,
686 4802 908 4867 formas.
966 4798 976 4804 ’
1186 4798 1196 4802 ⁷
1863 4804 1976 4875 (68)
2016 4804 2157 4877 Felli
2185 4798 2313 4860 edit.
2356 4798 2534 4860 O'xon.
2572 4801 2800 4855 tradent.
2851 4799 2943 4855 Sic
2982 4798 3127 4855 forte
3164 4801 3266 4871 leg.
3299 4802 3369 4856 ob

176 4872 296 4941 (55)
337 4872 528 4926 Lamb.
559 4890 696 4927 mea.
1794 4872 2049 4941 sequens.
2082 4876 2203 4930 erit.

173 4942 294 5014 (56)
333 4942 525 5014 Lamb-
554 4944 679 4998 add.
706 4962 835 5000 esse.
1868 4942 1981 5014 (69)
2017 4944 2148 5001 Mss.
2185 4943 2352 5008 Vict.,
2379 4945 2561 4999 Carm.
2582 4952 2637 4998 et
2657 4942 2846 4997 Lamb.
2880 4942 3074 4995 servias
3100 4942 3367 4996 mandatis

171 5012 295 5085 (577)
336 5012 529 5085 Lamb.
555 5017 777 5084 peccati.
815 5015 882 5070 Et
902 5030 1053 5082 mox,
1090 5024 1399 5085 exaequata.
1794 5012 1897 5069 his.
1940 5016 2030 5070 Sic
2062 5025 2117 5071 et
2144 5014 2277 5070 Felli
2307 5017 2433 5071 edit.
2464 5014 2639 5070 Oxon.

171 5082 297 5157 (58)
336 5084 530 5157 Lamb.
556 5082 701 5141 huic.
1217 5082 1226 5085 ⁷
1820 5132 1823 5135 .
1865 5085 1978 5157 (70)
2018 5085 2213 5141 Lamb.
2263 5086 2494 5149 desunt,
2558 5094 2767 5137 tuorum
2813 5084 3085 5157 omnium.
3149 5082 3368 5157 Omittit

172 5155 297 5227 (59)
334 5153 717 5227 Lamb_._domo
747 5158 803 5210 in
830 5173 1025 5227 quam.
1146 5226 1151 5227 7
1793 5153 2011 5227 quinque
2041 5166 2275 5223 tuorum,
2306 5157 2401 5213 sed
2436 5157 2632 5212 retinet
2682 5154 2938 5219 omnium,
2967 5153 3147 5209 Fellus
3183 5154 3236 5207 iu
3266 5169 3365 5207 sua

170 5223 295 5293 (60)
334 5223 465 5280 Mss.
502 5224 668 5293 Vict.,
699 5223 885 5283 Carm.
923 5237 977 5283 ct
1004 5226 1198 5281 Lamb.
1223 5227 1369 5282 dedi.
1792 5223 2120 5282 editJOxon.

170 5296 294 5369 (61)
332 5296 524 5369 Lamb.
558 5298 699 5369 vitm.
872 5368 877 5369 7
1318 5368 1321 5369 7
1867 5298 1978 5369 (71)
2020 5298 2213 5369 Lamb.
2254 5297 2439 5369 turbas
2475 5297 2756 5369 uirginum.

197 5363 295 5437 62)
333 5366 419 5438 Al.
447 5368 762 5424 modestiam
786 5368 943 5438 hujus
974 5377 1022 5424 et
1048 5368 1436 5423 verecundiam.
1801 5437 1807 5438 7
1864 5363 1979 5438 (72)
2020 5367 2213 5422 Lamb.
2246 5369 2395 5423 deest
2423 5363 2609 5436 igitur.
2651 5364 2831 5421 Fellus
2882 5372 3062 5421 autem
3093 5364 3210 5420 sic:
3248 5363 3363 5417 Ila-

200 5438 299 5511 65)
335 5437 532 5511 Lamb.
568 5457 657 5493 an.
692 5440 758 5495 Et
788 5456 937 5507 mox,
971 5448 1063 5494 aut
1093 5441 1150 5494 in
1175 5456 1297 5511 quo.
1791 5437 1931 5511 bebis
1962 5455 2084 5511 ergo
2120 5438 2554 5511 ea§__adjut_rices.

200 5457 299 5505 DD)
342 5457 532 5493 Lall“).
568 5457 657 5493 an.
693 5457 758 5495 bl.
788 5457 937 5507 mox,
971 5457 1063 5494 aut
1093 5457 1150 5494 ιη
1175 5457 1297 5511 quo.
1791 5457 1931 5492 υρυιδ
1963 5457 2020 5491 er
2054 5457 2084 5491 0
2120 5457 2209 5491 θαι
2242 5457 2554 5506 aajutrtces.

196 5509 294 5577 64)
334 5509 528 5564 Lamb.
563 5511 628 5564 de
654 5511 741 5564 his
767 5512 911 5565 bene.
1864 5510 1977 5579 (75)
2016 5457 2147 5564 giss.
2176 5507 2342 5570 Vict.,
2359 5508 2567 5579 _(‘.a7rm.7
2600 5514 2659 5579 et
2682 5505 2871 5579 Lamb.
2885 5507 3080 5579 _i_"ide9.
3113 5503 3241 5561 Haec
3280 5505 3364 5565 ιωτ

172 5576 294 5651 (65)
334 5579 526 5635 Lamb.
551 5582 643 5653 qui
682 5590 792 5635 tam
820 5589 943 5637 ante
971 5590 1336 5650 peccaverunt,
1367 5588 1417 5634 et
1446 5579 1558 5634 hazc
1589 5595 1658 5633 au
1677 5609 1691 5621 -
1790 5580 1900 5635 ctio
1928 5576 2102 5703 magis
2128 5579 2333 5649 placuit
2357 5576 2609 5633 Fabricio
2648 5577 2703 5633 in
2729 5578 2860 5634 edit.
2884 5576 3084 5635 Hamb.

172 5661 285 5703 unt.
314 5651 534 5703 libenter
558 5653 733 5703 acturi
757 5661 881 5703 sunt
910 5653 1090 5703 nmiiit.
1862 5649 1977 5703 (74)
2062 5650 2207 5703 amb.
2240 5648 2488 5703 emunda.

92 5648 285 5724 diunt,
314 5651 534 5724 libenter
558 5648 733 5724 acturi
757 5661 881 5706 sunt
910 5648 1090 5724 patuit.
1862 5649 1977 5724 (Β)
2016 5648 2207 5724 Lamb.
2240 5648 2488 5724 emunda.

177 5722 296 5791 (66)
335 5720 527 5777 Lamb.
558 5722 615 5775 id
641 5735 740 5777 est.
910 5718 920 5724 ’
1864 5720 1976 5791 (75)
2017 5720 2207 5778 Lamb.
2246 5718 2543 5776 habuerint.

177 5793 296 5863 (6'1)
338 5791 529 5851 Lamb.
558 5793 745 5867 fugant
791 5812 824 5850 α
855 5811 907 5851 se
937 5794 1117 5863 vitam,
1148 5803 1195 5850 et
1227 5794 1474 5849 adversus
1509 5791 1684 5859 illum,
