3830 6216
475 372 607 429 1011
1608 370 1951 427 ΑΡΡΕΝΒΙΧ

2227 368 2540 427 HERMAM.
3598 365 3739 420 ωιὲ

464 494 745 557 pastorem
790 486 943 543 illum
971 507 983 543 :
1011 486 1182 543 Video
1222 505 1439 546 servum
1469 489 1562 545 Dei
1602 490 1740 546 velle
1772 490 1956 546 videre
1980 489 2094 561 (76)
2122 498 2179 545 et
2218 489 2497 545 custodire
2539 489 2653 543 haec
2695 487 2984 552 mandata;
3030 495 3084 541 et
3114 487 3352 558 virgines
3390 486 3495 540 has
3525 486 3738 538 munda

470 579 805 635 habitatione
842 582 1235 640 collocaturum
1268 585 1403 655 (77).
1452 583 1577 641 llaec
1626 601 1753 641 cum
1797 585 2059 651 dixisset,
2104 587 2306 641 iterum
2346 583 2553 654 pastori
2603 583 2681 637 illi
2728 598 2816 638 me
2857 582 3097 651 tradidit,
3138 596 3193 641 et
3234 585 3448 639 vocavit
3480 582 3737 649 virgines

466 683 521 727 et
550 675 688 730 dixit
715 676 795 731 eis
820 676 934 748 (78)
961 695 974 730 :
1001 678 1275 744 Quoniam
1307 682 1463 736 video
1500 698 1597 737 vos
1636 683 1868 737 libenter
1902 684 1956 736 in
1989 683 2154 737 domo
2182 683 2348 751 hu1us
2394 682 2670 749 habitare,
2709 680 3037 736 commendo
3069 694 3195 735 eum
3227 677 3384 732 vobis
3412 685 3469 731 et
3498 677 3736 730 domum

465 768 623 837 ejus;
658 778 717 825 ut
747 784 779 824 a
806 770 970 827 domo
1001 772 1122 842 ejus
1161 788 1269 828 non
1300 771 1567 828 recedatis
1600 775 1846 832 omnino.
1880 774 1991 828 illas
2017 788 2147 828 vero
2176 772 2411 828 libenter
2435 773 2550 829 haec
2588 773 2752 828 verba
2784 773 3097 828 audierunt.

1915 892 2146 949 CAPUT
2186 890 2275 946 IV.

532 984 618 1040 Ait
676 982 869 1040 deinde
908 984 1045 1039 mihi
1078 1000 1091 1036 :
1128 983 1371 1039 Viriliter
1425 984 1478 1038 in
1507 985 1814 1041 ministerio
1854 986 1959 1040 hoc
2003 999 2330 1041 conversare
2357 1000 2369 1035 :
2400 984 2549 1038 omni
2595 984 2804 1039 homini
2842 983 3023 1038 indica
3054 982 3169 1053 (79)
3198 978 3470 1051 magnalia
3501 977 3642 1041 Dei;
3682 986 3736 1028 et

462 1080 693 1137 habebis
724 1082 956 1152 gratiam
998 1082 1052 1136 in
1092 1082 1197 1136 hoc
1238 1078 1569 1135 ministerio.
1606 1079 1935 1151 Quicunque
1963 1094 2093 1151 ergo
2128 1080 2182 1134 in
2214 1080 2303 1133 his
2337 1077 2612 1133 mandatis
2646 1078 3033 1141 ambulaverit,
3067 1079 3214 1133 vivet
3260 1086 3314 1132 et
3360 1076 3497 1131 felix
3534 1078 3647 1131 erit
3682 1076 3736 1128 in

468 1174 571 1228 vita
601 1188 743 1228 sua:
780 1173 1096 1244 quicunque
1126 1189 1258 1231 vero
1291 1174 1624 1246 neglexerit,
1662 1192 1769 1231 non
1805 1176 1954 1231 vivet
1991 1187 2047 1232 et
2088 1176 2194 1232 erit
2225 1174 2410 1231 infelix
2442 1175 2495 1231 in
2518 1176 2629 1230 vita
2663 1190 2785 1230 sua.
2823 1173 2920 1228 Dic
2959 1172 3232 1238 omnibus,
3266 1181 3327 1227 ut
3360 1186 3474 1226 non
3512 1184 3737 1223 cessent

462 1263 803 1338 (quicunque
846 1277 993 1325 recte
1041 1267 1224 1324 facere
1266 1270 1516 1340 possunt)
1557 1270 1701 1325 bona
1744 1286 1911 1341 opera
1956 1286 2255 1327 exercere:
2297 1271 2430 1327 utile
2471 1279 2556 1327 est
2587 1270 2716 1325 illis.
2764 1267 2897 1323 Dico
2942 1278 3145 1334 autem,
3177 1281 3395 1324 omnem
3438 1263 3734 1317 hominem

459 1358 528 1415 de
569 1360 931 1420 incommodis
976 1365 1113 1435 eripi
1164 1375 1435 1437 oportere.
1490 1364 1541 1422 ls
1587 1367 1733 1421 enim
1775 1369 1871 1437 qui
1921 1378 2041 1439 eget
2080 1368 2223 1437 (80),
2266 1377 2323 1425 et
2366 1368 2423 1422 in
2466 1367 2787 1438 quotidiana
2827 1366 2937 1419 vita
2985 1367 3187 1438 patitur
3246 1360 3641 1425 incommoda;
3680 1361 3734 1412 in

459 1470 659 1527 magno
698 1467 972 1517 tormento
1014 1470 1099 1518 est
1142 1477 1208 1519 ac
1260 1463 1582 1519 necessitate
1617 1465 1753 1535 (81).
1818 1464 2080 1536 Quisquis
2121 1466 2287 1537 igitur
2325 1464 2703 1535 hujuscemodi
2764 1462 3003 1517 animam
3046 1460 3209 1528 eripit
3247 1457 3313 1511 de
3356 1455 3735 1515 necessitate;

458 1562 720 1617 magnum
763 1553 1024 1623 gaudium
1054 1554 1154 1609 sibi
1186 1555 1443 1626 acquirit.
1490 1556 1626 1612 Nam
1672 1558 1720 1613 is
1755 1560 1850 1629 qui
1879 1559 2193 1630 bujusmodi
2230 1567 2458 1615 vexatur
2506 1558 2856 1614 incommodo
2881 1595 2899 1621 ,
2939 1557 3057 1626 pari
3098 1563 3369 1611 tormento
3410 1553 3734 1609 cruciatur.

458 1654 624 1713 atque
653 1660 713 1701 se
743 1655 962 1719 torquet
1001 1649 1048 1706 is
1071 1648 1185 1723 (82)
1222 1651 1318 1721 qui
1361 1652 1415 1707 in
1444 1653 1677 1709 vinculis
1711 1662 1817 1709 est.
1850 1653 2005 1710 Multi
2043 1655 2189 1710 enim
2224 1661 2443 1724 propter
2486 1651 2806 1722 hujusmodi
2852 1649 3216 1713 calamitates,
3249 1659 3374 1700 cum
3411 1657 3510 1696 cas
3548 1640 3737 1695 susti-

459 1753 591 1794 nere
615 1739 729 1812 (83)
757 1756 865 1796 non
904 1754 1155 1813 possunt,
1198 1756 1429 1803 mortem
1461 1748 1565 1803 sibi
1599 1750 1953 1807 consciscunt
1977 1751 2115 1821 (84).
2160 1749 2264 1817 Qui
2295 1750 2449 1804 novit
2487 1748 2657 1819 igitur
2697 1747 3066 1803 calamitatem
3098 1738 3414 1812 hujusmodi
3452 1736 3733 1793 hominis.

456 1845 514 1894 et
551 1854 661 1896 non
697 1840 858 1910 eripit
890 1857 1047 1909 eum;
1092 1859 1350 1913 magnum
1395 1854 1681 1915 peccatum
1724 1846 1987 1914 admittit,
2027 1857 2081 1903 et
2121 1847 2181 1901 iit
2217 1862 2345 1903 reus
2385 1845 2679 1917 sanguinis.
2715 1844 2855 1913 ejus.
2903 1841 3089 1897 Facite
3133 1840 3297 1910 igitur
3337 1852 3515 1907 opera
3554 1835 3732 1893 bona.

458 1928 774 2000 quicunque
814 1933 1099 2001 accepistis
1133 1950 1165 1989 a
1192 1933 1463 2003 Domino;
1510 1952 1582 1992 ne
1609 1937 1741 1992 dum
1774 1938 2073 1992 moramini
2097 1937 2211 2008 (85)
2249 1935 2451 2000 facere,
2484 1942 2900 1991 consummetur
2942 1940 3217 1993 structura
3260 1927 3462 1992 turris;
3496 1932 3736 1997 propter

456 2036 558 2080 vos
581 2024 726 2080 enim
764 2025 1140 2084 intermissum
1163 2037 1249 2086 est
1277 2045 1416 2099 opus
1444 2032 1827 2089 mdillcationis
1850 2033 1991 2102 ejus.
2027 2031 2145 2089 Nisi
2182 2034 2348 2103 igitur
2378 2029 2783 2087 l’estinaveritis
2813 2029 2995 2086 facere
3028 2035 3197 2089 recte,
3233 2019 3735 2080 consummabitur

457 2118 662 2184 ῑιιιτῖε,
700 2126 755 2174 et
782 2119 1173 2178 excludemini.
1220 2124 1525 2196 Postquam
1565 2143 1697 2183 vero
1737 2128 1953 2186 locutus
1995 2137 2080 2184 est
2120 2144 2371 2194 mecum,
2409 2128 2649 2183 surrexit
2692 2126 2761 2181 de
2796 2127 2971 2189 lecto;
3019 2132 3075 2178 et
3116 2121 3458 2192 apprehenso
3499 2128 3733 2186 pastore

454 2216 511 2262 et
534 2209 856 2277 virginibus,
893 2211 1026 2266 abiit
1057 2211 1192 2284 (86).
1246 2216 1393 2272 Dixit
1419 2226 1606 2274 autem
1649 2220 1785 2274 mihi
1817 2221 2180 2279 remissurum
2217 2235 2275 2276 se
2308 2229 2584 2291 pastorem
2613 2218 2727 2290 (87)
2760 2218 2911 2274 illum
2933 2259 2948 2286 ,
2977 2225 3031 2273 et
3054 2216 3294 2286 virgines
3331 2214 3453 2267 illas
3503 2210 3621 2281 (38)
3670 2208 3727 2261 in

456 2301 683 2359 domum
723 2320 899 2361 meam
928 2306 1064 2376 (89).

1548 2453 1783 2509 VAR‘UE
1821 2452 2207 2510 LECTIONES
2246 2454 2335 2510 ΕΤ
2373 2452 2613 2509 NOTAE.

679 2571 863 2650 Fellus
893 2574 1095 2650 aliique
1124 2576 1425 2648 conjiciunt
1456 2579 1771 2649 legendum,
1797 2580 1980 2633 vivere.
2210 2580 2325 2650 (84)
2368 2579 2558 2634 Lamb.
2594 2577 2887 2650 adducunt.
2975 2644 2990 2650 _
3175 2642 3185 2650 .
3284 2639 3296 2650 ,
3340 2637 3353 2647 ο

682 2641 870 2720 Lamb.
906 2641 1252 2720 collaturum:
1335 2715 1374 2720 _
1510 2641 1536 2649 ν
1754 2641 1762 2645 ν
2210 2641 2326 2720 (85)
2366 2650 2521 2720 Bodl.
2554 2644 3031 2720 tardatis.‘_Lam_b.
3065 2641 3378 2720 tardantfni.

682 2713 873 2792 Pam!"
908 2717 977 2770 ad
1000 2732 1109 2792 e9"
1144 2717 1312 2792 $30-?!
1335 2715 1535 2773 Felms-
2212 2712 2326 2792 (86)
2366 2718 2499 2776 Mss.
2526 2718 2688 2788 Angl.
2735 2717 2889 2783 abiit,
2938 2716 3113 2769 dicens
3160 2712 3289 2769 mihi
3346 2719 3727 2761 remansuras»:

682 2782 873 2859 Lamb.
907 2788 1119 2859 agmina
1153 2788 1352 2842 indica.
2142 2782 2426 2859 pastorem.

555 2853 648 2987 8οζ
688 2852 877 2909 Lamb.
915 2856 983 2909 Et
1006 2858 1089 2910 his
1128 2860 1267 2911 enim
1289 2863 1416 2930 quia
1445 2868 1577 2930 eget.
2142 2852 2162 2859 ”
2214 2861 2328 2987 (87)
2369 2859 2469 2914 Ms.
2498 2859 2685 2914 Carm.
2711 2872 3081 2939 ventumst-um
3107 2864 3394 2924 pastorem.

558 2923 617 2976 81
689 2923 882 2979 Lamb.
915 2926 1015 2979 hac
1044 2944 1237 2982 necess.
2240 2930 2331 2987 88)
2372 2929 2563 2985 Lamb.
2603 2931 2776 2987 deest.
2808 2928 2952 2983 illas.

558 2923 648 2997 βξ)
688 2923 882 2997 Lamb.
915 2926 1015 2979 hac
1044 2944 1237 2982 necess.
1302 2923 1311 2930 ’
1475 2923 1494 2930 ⁷
2216 2923 2331 2997 (88)
2372 2929 2563 2985 Lamb.
2603 2931 2776 2993 deest.
2808 2928 2952 2983 ίιιαει
3109 2923 3114 2924 γ
3405 2994 3413 2997 _
3632 2986 3693 2997 ,ν

556 2994 646 3131 33;
687 2993 880 3050 Lamb.
916 2998 1063 3066 quia.
2216 2986 2328 3069 (89)
2369 2998 2499 3055 Mss.
2536 2998 2723 3055 Carm.
2763 2986 2891 3065 post
2940 3014 3137 3063 meam,
3190 2994 3339 3049 addit
3382 2994 3576 3045 Amen.
3630 2986 3729 3043 Sic

556 3063 622 3117 85
686 3065 877 3120 Lamb.
914 3067 1153 3131 stt/ferre.
2145 3085 2364 3131 quoque
2394 3069 2574 3125 Fellus
2605 3069 2659 3124 in
2687 3068 2818 3124 edit.
2845 3065 3021 3123 Oxon.

531 3063 644 3133 (83)
686 3065 877 3120 Lamb.
914 3063 1153 3135 stt/ferre.
2145 3063 2364 3141 quoque
2394 3069 2574 3125 Fellus
2605 3069 2659 3124 in
2687 3063 2818 3124 edit.
2845 3065 3021 3123 Oxon.

493 3216 3716 3254 ωιτη-τῳ

682 3340 683 3343 γ
821 3375 1791 3532 APPENDIX
1916 3376 2169 3530 AD
2292 3374 2451 3531 s.
2582 3374 3391 3537 HERMAM

1713 3794 2135 3853 SANCTARUM
2197 3794 2532 3852 VIRGINUM

877 3962 1536 4070 PUDENTIANE
1611 3965 1784 4064 SEU
1866 3964 2511 4123 POTENTlANIE
2575 3964 2701 4065 ET
2793 3966 3282 4067 PRAXEDIS.

1851 4174 2271 4306 ACTA

975 4413 1533 4508 AUCTOBE
1601 4416 1695 4505 S.
1773 4412 2306 4506 PASTORE
2384 4415 3173 4510 PRESBYTERO

1110 4749 1711 4864 NOTITIA
1794 4752 1939 4865 IN
2030 4750 2149 4864 S.
2239 4745 3041 4862 PASTOREM.

1290 4964 1429 5028 (Acta
1469 4972 1740 5017 scmctorum
1784 4966 2028 5027 Bolland.,
2075 4967 2195 5017 Julii
2217 4970 2332 5015 tom.
2359 4964 2447 5029 VI,
2466 4964 2551 5013 die
2569 4963 2651 5024 27,
2676 4976 2726 5025 p.
2752 4960 2890 5021 299.)

525 5110 579 5165 1.
612 5107 872 5169 Sanctum
896 5115 1042 5172 hunc
1071 5119 1290 5175 exhibet
1310 5119 1471 5177 hodie
1507 5123 1665 5179 nobis
1697 5122 2016 5195 Martyrolo-
2042 5108 2095 5168 Δ
2120 5133 2344 5174 manum
2368 5113 2858 5188 Martyrologium?
2883 5112 2967 5166 An
2992 5109 3335 5166 Belinianum
3370 5110 3509 5165 anni
3536 5111 3722 5166 “98?

451 5197 598 5266 gium
630 5198 935 5258 Romanum
970 5205 1055 5261 his
1101 5208 1279 5263 verbis
1310 5225 1323 5260 :
1362 5227 1381 5259 ι
1418 5208 1546 5264 item
1579 5208 1793 5276 Romae,
1841 5210 2017 5265 sancti
2122 5209 2238 5265 Hoc
2275 5217 2522 5273 certum,
2570 5222 2678 5261 non
2711 5205 2803 5276 agi
2842 5205 2948 5262 hoc
2978 5204 3102 5259 loco
3130 5203 3198 5257 de
3240 5200 3502 5256 Romano
3541 5218 3719 5273 parvo

453 5288 695 5348 Pastoris
736 5297 1058 5367 presbyteri,
1082 5298 1241 5368 cujus
1280 5300 1500 5356 nomine
1522 5301 1713 5357 titulus
1743 5310 1925 5356 exstat
1958 5302 2015 5355 in
2120 5320 2216 5360 seu
2241 5302 2432 5368 veteri,
2467 5300 2613 5372 quod
2642 5299 2980 5370 Rosweydus
3006 5298 3216 5353 edidit:
3251 5295 3399 5351 istud
3427 5297 3586 5350 enim
3615 5311 3714 5350 nec

457 5382 709 5440 Viminali
732 5388 872 5457 apud
896 5387 1153 5445 Sanctam
1173 5390 1590 5448 Pudentianam.
1619 5412 1636 5445 ι
1666 5393 1932 5449 Baronius
1960 5393 2015 5447 in
2120 5397 2299 5451 visum
2331 5411 2361 5449 a
2392 5394 2624 5453 Baronio
2651 5392 2781 5459 fuit,
2805 5407 2981 5461 neque
3002 5391 3071 5446 de
3101 5389 3160 5445 S.
3190 5388 3420 5445 Pastore
3451 5390 3715 5445 meminit

448 5476 898 5535 adnotationibus
923 5481 990 5535 ad
1016 5492 1222 5537 textum
1253 5483 1622 5556 Martyrologii
1648 5488 1870 5541 citatum
1897 5487 2013 5542 haec
2118 5489 2355 5558 uspiam.
2388 5486 2503 5542 lmo
2555 5502 2657 5542 nec
2699 5486 2995 5541 admodum
3029 5493 3183 5540 vetus
3213 5498 3336 5538 esse
3384 5481 3710 5539 Romanum

450 5569 635 5624 subdit
661 5572 802 5627 inter
828 5574 934 5627 alia
961 5593 972 5627 :
1019 5574 1169 5629 «Non
1198 5584 1407 5631 tantum
1438 5578 1492 5631 in
1541 5579 1709 5634 veteri
1763 5578 2013 5634 Romano
2118 5581 2273 5648 illud,
2299 5580 2444 5649 quod
2480 5580 2536 5633 in
2566 5579 2949 5635 observatione
2975 5577 3282 5632 Baroniana
3314 5577 3550 5646 t-itatur,
3579 5579 3711 5633 inde

449 5657 856 5734 Martyrologio,
887 5666 983 5721 sed
1012 5675 1068 5721 et
1097 5666 1151 5721 in
1176 5666 1417 5738 antiquis
1442 5671 1827 5741 manuscriptis
1857 5672 1923 5726 de
1947 5688 2014 5727 co
2118 5674 2246 5728 licet
2294 5673 2563 5743 conjicere
2583 5712 2597 5738 ,
2630 5671 2775 5742 quod
2824 5670 3170 5725 annuntiatio
3219 5669 3278 5724 S.
3310 5668 3571 5727 Pastoris
3602 5672 3707 5725 ho-

452 5750 628 5821 agitur
656 5752 755 5809 hac
785 5754 889 5831 dic.
918 5775 937 5835 ξ
969 5758 1038 5815 At
1058 5757 1331 5837 quodnam
1356 5759 1444 5832 hjc
1468 5762 1875 5840 appellat_\'ctus
1900 5762 2013 5842 Ro;-
2123 5764 2309 5822 dierua
2337 5805 2349 5832 ,
2381 5763 2487 5833 ibi,
2518 5772 2576 5822 ut
2610 5763 2893 5831 asseritur,
2943 5776 3230 5834 expressa,
3271 5771 3526 5820 veterum
3560 5779 3707 5822 ωλι-η
