3830 6216
88 356 249 411 1015

1069 352 1171 408 SS.
1213 348 1677 409 PUDENTlANxE
1716 349 1805 404 ET
1838 344 2185 404 PRAXEDIS
2222 344 2425 400 ACTA.

3227 344 3368 401 iOlb

85 470 481 540 tyrologorum
518 466 652 520 nulli
683 464 1003 523 innotuerit.
1043 467 1229 522 Altum
1263 476 1410 524 certe
1444 468 1685 522 adhunc
1715 472 1760 530 Α
1787 457 2023 536 scripsit.
2043 463 2240 519 Totum
2267 475 2399 532 ergo
2420 467 2634 531 tempus
2654 458 2784 515 dum
2810 458 2864 512 in
2886 458 2992 513 hoc
3014 459 3213 513 saeculo
3233 461 3370 517 vixit

88 563 254 615 diem
308 560 361 615 iu
394 558 799 627 exemplaribus
818 557 1274 630 Hieronymianis,
1300 560 1461 615 etiam
1490 560 1688 629 srepius

92 653 322 715 auctis,
369 653 436 707 de
474 651 705 706 Pastore
754 651 1073 713 silentium;
1115 661 1296 707 tacent
1326 653 1393 706 ad
1434 651 1688 706 eumdem

92 745 281 808 Beda,
305 744 526 810 Florus,
550 742 991 811 Waudelbcrtus,
1019 742 1298 811 Rabanus,
1317 744 1454 809 Ado,
1482 742 1687 798 Usuar-

93 843 236 907 dus,
271 840 583 895 Notkerus:
626 848 688 894 ut
728 838 867 893 adeo
897 855 1007 894 non
1032 841 1278 895 videatur
1313 839 1418 894 hac
1454 838 1541 893 die
1566 846 1691 893 ante

97 934 379 989 smeulum
407 949 442 987 x
473 933 530 985 S.
552 930 797 986 Pastoris
818 946 1019 986 nomen
1044 931 1430 987 ecclesiasticis
1458 929 1691 998 coepisse

101 1026 294 1081 Fastis
327 1025 530 1081 ascribi
556 1042 570 1090 ;
603 1024 650 1079 si
681 1031 863 1078 tamen
891 1024 1054 1077 etiam
1076 1033 1191 1077 tum
1215 1022 1479 1092 coeperit:
1514 1036 1693 1090 neque

99 1118 262 1171 enim
302 1115 437 1171 satis
474 1121 755 1185 perSpeeta
803 1112 963 1168 nobis
1006 1122 1089 1167 est
1129 1121 1259 1168 aetas
1313 1112 1428 1167 sive
1485 1110 1692 1166 codicis

100 1209 567 1278 Vaticani,quem
601 1207 655 1261 in
689 1206 949 1262 auctariis
981 1206 1137 1261 Beda:
1154 1222 1217 1261 ac
1235 1204 1376 1259 Flori
1405 1206 1691 1260 citavimus

104 1300 289 1354 hodie
310 1308 433 1352 ante
465 1307 674 1352 tomum
702 1299 1003 1353 secundum
1038 1296 1237 1364 Martii,
1276 1299 1389 1352 sive
1427 1297 1690 1367 appendi—

102 1406 241 1446 cum
275 1388 505 1445 Usuanli
536 1406 564 1444 a
594 1390 750 1445 nobis
771 1390 922 1456 editi,
949 1391 1004 1443 in
1033 1391 1234 1460 quibus
1256 1391 1360 1445 hoc
1390 1390 1475 1445 die
1508 1390 1567 1444 S.
1590 1388 1693 1444 Pa-

102 1486 284 1536 storis
310 1482 610 1553 presbyteri
632 1489 686 1535 et
704 1480 1042 1536 confessoris
1064 1481 1326 1535 memoria
1352 1482 1692 1547 celebratur;

102 1575 423 1629 Fiorarium
462 1590 592 1629 vero
635 1583 954 1629 sanctorum
999 1588 1129 1639 ms.,
1159 1574 1307 1643 quod
1358 1588 1487 1627 eum
1533 1572 1695 1627 hodie

104 1667 198 1722 sic
235 1667 547 1733 annuntiat,
579 1684 598 1718 ‹
629 1665 843 1729 Romae,
872 1663 1119 1720 Pastoris
1153 1664 1448 1735 presbyteri
1476 1672 1531 1718 et
1563 1679 1696 1718 con-

106 1757 368 1823 fessoris,
408 1777 425 1808 ι
461 1757 641 1811 medio
669 1756 887 1811 circiter
930 1756 1129 1811 saeculo
1164 1773 1230 1809 xv
1279 1765 1565 1811 exaratum
1590 1762 1693 1810 est.

189 1850 248 1903 2.
290 1849 393 1903 Sed
430 1863 607 1917 neque
636 1849 860 1918 antiqua
887 1847 978 1901 il'ia
1008 1847 1381 1917 manuscripta
1405 1849 1657 1902 novimus
1677 1887 1694 1912 ,
1727 1824 1771 1879 Β

108 1942 176 1994 in
209 1941 411 2009 quibus
441 1940 508 1996 de
540 1938 596 1995 S.
625 1939 848 1995 Pastore
876 1940 963 2009 agi
982 1940 1084 1994 hac
1105 1939 1194 1994 die
1221 1939 1454 2007 dicitur;
1486 1940 1590 1995 nisi
1613 1940 1699 1995 vel

108 2034 367 2088 auctaria
405 2033 517 2103 jam
552 2034 771 2087 laudata
808 2033 1213 2104 intelligantur;
1248 2033 1330 2088 vel
1366 2050 1535 2087 unum
1565 2034 1697 2088 illud

108 2126 591 2191 manuscriptum,
637 2126 703 2180 de
751 2141 862 2194 quo
908 2125 965 2179 in
1005 2125 1197 2181 iisdem
1243 2125 1699 2182 adnotationibus

109 2220 394 2275 Barouius
424 2219 621 2274 asserit
647 2238 659 2273 :
700 2239 718 2270 ι
750 2217 1026 2274 Habemus
1060 2220 1114 2273 in
1153 2228 1341 2273 nostra
1368 2219 1698 2273 bibliotheca

112 2331 210 2368 res
238 2322 419 2384 gestas
442 2312 614 2367 sancti
642 2311 906 2379 Pastoris,
938 2326 1033 2367 seu
1068 2313 1252 2381 potius
1282 2311 1618 2382 panegyrim,
1644 2311 1699 2365 in

108 2409 210 2463 die
239 2407 408 2461 natali
436 2406 554 2476 ejus
582 2406 785 2461 alicubi
817 2406 872 2460 in
902 2406 1135 2462 ecclesia
1178 2406 1283 2477 legi
1324 2406 1564 2461 solitam.
1604 2405 1699 2463 Est

109 2499 242 2569 ejus
267 2499 589 2553 exordium:
626 2496 943 2552 Sanctorum
987 2497 1229 2567 vestigia,
1272 2506 1377 2552 etc.
1414 2495 1528 2551 Hoc
1555 2498 1699 2551 enim

112 2590 289 2643 nobis
322 2588 511 2643 Romae
539 2604 569 2644 e
590 2588 920 2643 bibliotheca
946 2585 1311 2643 Vallieellensi
1346 2587 1582 2643 describi
1612 2604 1702 2642 ro-

114 2682 398 2752 gavimus,
438 2681 583 2750 quod
610 2696 640 2734 a
698 2689 851 2735 tanto
880 2681 1000 2734 viro
1047 2680 1333 2735 laudatum
1364 2688 1551 2736 esset:
1606 2679 1701 2734 sed

113 2776 264 2829 adeo
304 2774 499 2828 misere
545 2774 879 2842 descriptum
926 2773 1281 2841 accepimus,
1327 2780 1389 2826 ut
1438 2771 1702 2826 mutando

114 2880 525 2935 nonnunquam
557 2864 741 2935 aliqua
768 2872 863 2918 aut
888 2863 1140 2918 addendo
1162 2862 1427 2933 compleri
1450 2878 1547 2932 per
1569 2877 1704 2918 con-

110 2957 395 3025 jecturam
446 2958 727 3013 sententia:
755 2956 1010 3011 debeant.
1043 2954 1181 3009 Tum
1214 2970 1346 3011 vero
1376 2956 1569 3028 stylus,
1603 2956 1705 3010 fal-

117 3050 234 3105 lor.
250 3049 296 3105 si
313 3051 529 3121 longam
555 3052 701 3121 sapit
721 3049 1120 3119 antiquitatem.
1140 3048 1261 3119 Ipsa
1278 3065 1410 3104 vero
1429 3050 1591 3120 hujus
1607 3065 1705 3117 pa-

1792 560 1990 614 beatus
2042 556 2255 621 Pastor,
2285 555 2396 609 Deo
2444 567 2502 608 se
2550 552 2784 620 dicavit,
2825 560 2879 606 et
2929 551 3269 606 incessanter
3312 554 3370 607 in

1793 652 1937 707 illius
1985 650 2251 720 obsequio
2297 660 2691 719 perseverans,
2725 644 2939 701 cunctis
2983 642 3174 698 Romae
3210 644 3371 699 Chri-

1793 744 1985 800 stianis
2023 742 2305 813 speculum
2330 756 2389 795 se
2416 738 2679 810 praebuit,
2711 737 2847 793 illud
2882 737 3194 809 adimplens
3222 738 3372 807 quod

1792 836 2059 892 Dominus
2082 836 2192 891 ait:
2222 836 2314 892 Sic
2339 834 2513 889 luceat
2534 833 2628 888 lux
2652 844 2826 888 vestra
2850 848 3031 886 coram
3047 831 3371 900 hominibus,

1792 940 1850 984 ut
1881 930 2091 984 videant
2136 945 2296 999 opera
2333 936 2505 982 vestra
2532 932 2669 980 bona
2690 967 2708 993 ,
2752 933 2803 979 et
2831 924 3129 996 gloriﬁcent
3158 924 3374 979 Patrem

1791 1034 2043 1089 vestrum,
2066 1024 2156 1092 qui
2184 1023 2240 1076 in
2261 1020 2405 1076 cretis
2432 1031 2510 1076 est
2532 1021 2551 1091 (
2566 1019 2760 1075 Matth.
2786 1035 2841 1086 ν,
2861 1019 2973 1089 16).
3011 1018 3181 1090 Igitur
3216 1035 3373 1092 egre-

1794 1116 1916 1185 gius
1966 1114 2172 1171 Christi
2220 1112 2420 1169 Pastor
2463 1113 2720 1184 migravit
2749 1112 3073 1184 adygaudia
3122 1111 3381 1182 polorum

1795 1208 2027 1278 septimo
2056 1206 2325 1262 Kalendas
2350 1206 2586 1276 Augusti
2616 1244 2633 1271 ,
2665 1212 2986 1260 sanctorum
3018 1204 3263 1260 omnium
3290 1217 3380 1257 re-

1797 1304 2177 1358 muneratione
2223 1300 2377 1353 illum
2419 1299 2495 1354 ita
2532 1307 2807 1354 vocante:
2841 1295 3018 1367 Euge,
3054 1311 3196 1350 serve
3250 1294 3382 1348 bone

1794 1405 1845 1449 et
1885 1392 2090 1463 ﬁdelis;
2118 1393 2262 1463 fquia
2305 1406 2466 1461 super
2529 1406 2705 1460 pauca
2751 1389 2904 1459 fuisti
2944 1386 3116 1457 ﬁdelis
3144 1428 3159 1453 ,
3214 1401 3382 1456 supra

1796 1484 1967 1540 multa
1997 1494 2045 1539 te
2081 1484 2401 1538 constituam
2422 1497 2441 1535 :
2471 1483 2615 1537 intra
2661 1482 2719 1535 in
2749 1478 3006 1552 gaudium
3035 1478 3255 1532 Domini
3301 1477 3384 1531 tui

1797 1576 2015 1648 (Matth.
2031 1592 2160 1642 xxv,
2176 1575 2293 1645 21).
2306 1573 2477 1645 Cujus
2491 1589 2690 1643 corpus
2702 1572 2980 1629 conditum
2997 1570 3149 1626 estin
3181 1582 3381 1639 supra-

1796 1670 1943 1725 dicto
1972 1668 2133 1723 titulo
2170 1682 2297 1723 cum
2324 1665 2667 1721 aromatibus
2694 1683 2708 1720 :
2737 1664 2833 1720 ubi
2863 1678 3041 1734 usque
3072 1662 3127 1717 in
3157 1660 3381 1741 hodier-

1799 1778 1931 1818 num
1965 1761 2110 1816 diem
2151 1759 2295 1816 Deus
2326 1757 2640 1828 impertitur
2671 1756 2844 1812 multa
2882 1769 2983 1825 pro
3014 1749 3383 1831 suismeritis

1799 1872 1864 1910 ac
1893 1855 2142 1925 precibus
2170 1851 2463 1917 beneﬁcia;
2494 1857 2753 1919 regnante
2774 1846 3008 1902 Domino
3034 1852 3224 1901 nostro
3249 1840 3383 1898 Jesu

1797 1949 2041 2014 Christo,
2070 1947 2162 2003 cui
2206 1947 2327 2002 laus
2347 1988 2363 2013 ,
2392 1954 2448 2001 et
2495 1947 2697 2010 honor,
2729 1951 2786 1997 et
2816 1940 2993 1996 virtus
3013 1980 3029 2005 ,
3060 1947 3116 1995 et
3144 1944 3385 2008 potestas

1798 2056 1924 2097 cum
1970 2040 2133 2096 Patre
2175 2046 2481 2109 sanctoque
2528 2035 2777 2090 Flamine
2806 2048 2900 2104 per
2942 2031 3157 2087 inﬁnita
3183 2029 3391 2086 saecula

1799 2134 2149 2190 saeculorum.
2178 2132 2375 2187 Amen.
2409 2147 2429 2183 ι

1869 2231 1925 2285 4.
1956 2228 2115 2297 Quod
2146 2228 2237 2283 hic
2265 2227 2469 2284 dicitur
2501 2224 2562 2281 S.
2596 2224 2802 2279 Paulus
2834 2220 3118 2293 apostolus
3151 2219 3375 2274 titulum

1800 2322 2046 2379 Pastoris
2084 2334 2477 2384 consecrasse,
2529 2318 2615 2382 id,
2667 2317 2903 2387 ipsomet
2942 2312 3170 2369 Pastore
3208 2319 3383 2376 teste,

1803 2413 2000 2468 falsum
2027 2422 2149 2479 est;
2178 2413 2281 2468 hoc
2311 2412 2455 2467 enim
2485 2408 2545 2465 S.
2568 2408 2669 2463 Pio
2693 2422 2877 2477 papae,
2919 2420 3030 2459 non
3056 2403 3223 2458 Paulo
3252 2417 3387 2472 apo-

1802 2505 1965 2569 stolo,
2008 2504 2306 2559 ascribitur
2348 2502 2404 2557 in
2443 2500 2595 2555 Actis
2632 2497 2734 2552 SS.
2767 2496 3121 2551 Pudentianre
3154 2502 3209 2548 et
3246 2491 3386 2546 Pra-

1803 2598 1976 2652 xedis.
2016 2595 2308 2651 Conditum
2349 2608 2480 2647 vero
2509 2591 2684 2646 fuisse
2716 2589 2775 2643 S.
2804 2587 3089 2643 Pastorem
3130 2585 3185 2640 in
3215 2583 3388 2640 eccle-

1804 2694 1886 2749 sia
1936 2691 2078 2747 tituli
2132 2690 2239 2755 sui,
2271 2705 2337 2743 ex
2384 2688 2489 2743 hac
2540 2686 2774 2741 forsitan
2833 2683 3105 2743 historia,
3147 2677 3389 2734 afﬁrmat

1802 2787 1968 2843 etiam
2006 2783 2284 2854 Aringhus
2331 2782 2389 2837 in
2430 2779 2601 2834 Roma
2650 2777 2996 2831 subterranea
3023 2783 3159 2828 tom.
3189 2770 3255 2837 ll,
3287 2771 3383 2825 lib.

1806 2894 1882 2947 tv,
1911 2892 2033 2948 cap.
2076 2876 2178 2944 45,
2209 2889 2363 2930 num.
2399 2872 2463 2938 1;
2503 2871 2584 2927 uti
2618 2879 2674 2926 et
2719 2868 2917 2923 Piazza
2959 2866 3015 2920 in
3062 2863 3387 2921 Sanctuario

1804 2970 2043 3024 Romano
2093 2967 2162 3023 ad
2209 2966 2359 3021 hunc
2405 2964 2551 3020 diem
2596 2976 2728 3017 xxvr
2779 2958 2931 3014 Julii.
2973 2955 3198 3011 Videtur
3249 2966 3385 3023 ergo

1806 3062 1955 3117 aliud
1995 3075 2119 3117 esse
2173 3056 2349 3115 sancti
2400 3054 2687 3125 cujusdam
2733 3049 3016 3114 Pastoris,
3064 3058 3118 3103 et
3165 3045 3385 3117 quidem

116 3142 399 3213 negyriczc
418 3144 685 3199 orationis
721 3143 950 3196 materia
971 3142 1256 3197 historiam
1288 3143 1466 3197 sancti
1492 3143 1704 3198 modice
1732 3165 1774 3221 ς
1808 3153 2090 3225 martyris,
2122 3164 2345 3221 corpus,
2378 3148 2523 3219 quod
2560 3160 2687 3202 cum
2729 3144 2853 3199 aliis
2881 3156 3071 3198 recens
3101 3140 3387 3194 inventum

120 3247 194 3286 ac
218 3247 345 3286 raro
374 3234 623 3305 attingit;
658 3248 835 3303 neque
865 3234 950 3288 vel
975 3234 1055 3289 sic
1083 3242 1267 3288 tamen
1291 3234 1425 3289 satis
1454 3232 1703 3289 feliciter.

122 3322 471 3391 Dispescitur
528 3325 595 3379 ad
656 3341 815 3378 usum
861 3325 1293 3380 ecclesiasticum
1344 3325 1399 3379 in
1448 3325 1707 3379 lectiones

122 3429 364 3481 novem;
393 3431 627 3485 quarum
662 3416 783 3471 dua:
833 3416 1040 3486 priores
1069 3417 1358 3487 prologum
1387 3416 1704 3482 continent;

123 3508 302 3568 amni.
328 3517 390 3562 ut
420 3508 529 3563 dici
573 3509 733 3573 solet,
768 3517 823 3564 et
868 3509 1003 3562 nulli
1041 3509 1504 3564 convenientem:
1548 3507 1705 3562 tertia

124 3602 387 3656 hortatur
416 3601 483 3655 ad
520 3601 784 3656 imitanda
823 3600 884 3654 B.
915 3600 1163 3655 Pastoris
1214 3600 1483 3669 exempla,
1520 3600 1707 3654 docet-

123 3710 261 3760 que,
292 3694 437 3749 hunc
470 3694 638 3750 fuisse
668 3695 836 3748 nobili
864 3694 1049 3748 Romae
1078 3693 1334 3763 prosapia
1376 3694 1707 3758 oriundum;

125 3785 331 3842 deinde
361 3786 591 3855 apostoli
634 3785 789 3841 Pauli
825 3785 1178 3855 discipulum,
1207 3801 1315 3839 una
1358 3801 1482 3842 cum
1522 3783 1708 3838 Timo-

128 3878 297 3944 theo;
330 3887 441 3931 tum
470 3878 539 3931 ab
560 3877 749 3932 eodem
776 3876 1039 3946 Apostolo
1067 3884 1447 3932 consecratum
1480 3876 1708 3945 presby-

128 3980 313 4024 terum
336 3988 350 4035 ;
378 3969 546 4022 multa
572 3983 792 4037 passum
824 3969 927 4022 sub
942 3968 1215 4025 Antonino
1240 3968 1707 4037 imp.,eruditum,

129 4061 445 4116 animarum
500 4070 779 4129 pastorem
819 4060 1107 4126 sedulum;
1178 4059 1325 4129 quod
1369 4068 1706 4129 postremum

130 4154 499 4223 ampliﬁcatur
529 4154 942 4208 enumeratione
968 4153 1235 4207 virtutum
1272 4152 1337 4206 ad
1369 4152 1483 4206 veri
1522 4161 1709 4222 pasto-

128 4247 214 4303 ris
246 4246 486 4302 ofﬁcium
531 4246 943 4316 pertinentium,
977 4260 1099 4315 quae
1158 4244 1323 4300 simul
1372 4260 1566 4299 omnes
1608 4244 1711 4298 Pa-

129 4339 270 4394 stori
303 4349 489 4396 nostro
519 4339 851 4405 tribuuntur,
882 4353 951 4393 ne
980 4338 1145 4392 unius
1181 4338 1400 4406 quidem
1430 4336 1559 4392 facti
1600 4337 1712 4391 sin-

131 4433 344 4503 gularis
374 4441 465 4486 aut
492 4432 736 4487 historici
780 4431 923 4485 facta
960 4429 1268 4496 mentione,
1315 4443 1491 4499 usque
1519 4428 1586 4483 ad
1628 4428 1710 4483 le-

1810 3262 1935 3303 cum
1966 3243 2322 3313 inscriptione
2350 3239 2609 3304 nominis,
2648 3235 2823 3291 Roma
2856 3232 3163 3288 Bononiam
3190 3229 3259 3284 ad
3284 3243 3385 3283 nos

1810 3338 2134 3393 translatum
2166 3336 2269 3391 fuit
2309 3347 2456 3388 anno
2505 3328 2676 3394 1614,
2714 3327 2803 3382 die
2830 3341 2901 3379 xx
2929 3323 3160 3394 Aprilis.
3198 3319 3386 3375 Nostri

1811 3440 1993 3485 autem
2041 3427 2287 3483 Pastoris
2332 3423 2516 3479 nescio
2571 3419 2703 3490 quid
2751 3416 3104 3485 reliquiarum
3160 3426 3280 3467 esse
3327 3411 3384 3464 in

1812 3517 2147 3575 monasterio
2172 3560 2187 3583 ,
2242 3530 2338 3571 seu
2380 3512 2650 3577 ecclesia,
2689 3508 2749 3564 S.
2805 3505 3050 3562 Silvestri
3082 3504 3150 3559 de
3194 3502 3385 3570 Capite

1812 3613 2024 3677 Romae,
2055 3609 2253 3666 asserit
2275 3606 2625 3663 Giacchettus
2654 3604 2707 3657 in
2730 3600 2969 3658 Historia
2992 3598 3176 3653 ltalica
3203 3596 3383 3651 eccle-

1813 3704 1909 3757 sia:
1939 3715 2005 3756 ac
2035 3697 2355 3753 monasterii
2396 3694 2641 3765 ejusdem
2678 3708 2799 3761 cap.
2845 3691 2911 3745 15
2949 3690 3017 3743 ad
3063 3689 3207 3743 diem
3255 3701 3383 3740 xxvr

1811 3793 1961 3850 Julii.
2017 3790 2189 3845 Porro
2220 3790 2285 3843 ad
2321 3787 2594 3858 publicam
2635 3784 2693 3839 S.
2724 3782 2965 3838 Pastoris
3002 3779 3173 3836 nostri
3222 3793 3387 3833 vene-

1813 3886 2103 3948 rationem,
2129 3899 2238 3936 non
2262 3881 2387 3935 item
2406 3878 2472 3933 ad
2498 3877 2818 3932 hodiernam
2843 3875 2963 3943 ejus
2988 3873 3384 3934 celebritatem,

1813 3979 2164 4035 asserendam
2191 3976 2320 4030 facit
2345 3974 2507 4029 etiam
2536 3972 2775 4041 sigillum
2813 3968 2946 4022 illud
2980 3980 3303 4037 expressum
3329 3965 3385 4019 in

1812 4067 2218 4123 Commentario
2250 4066 2316 4120 ad
2345 4065 2478 4119 Acta
2511 4062 2611 4117 SS.
2645 4061 3003 4116 Pudentianm
3025 4067 3076 4113 et
3098 4056 3401 4122 Praxedis,

1814 4180 1937 4219 cum
1978 4160 2240 4232 subjectis
2277 4160 2426 4213 hisce
2450 4156 2738 4211 versiculis
2768 4171 2781 4207 :

1884 4253 2098 4318 Sancte,
2127 4267 2328 4322 precor,
2357 4248 2576 4322 Pastor,
2608 4263 2702 4322 pro
2728 4245 2875 4322 nobis
2901 4252 3011 4297 esto
3042 4250 3277 4312 rogator.

1888 4324 1991 4379 Hic
2037 4315 2237 4377 cunctis
2274 4322 2395 4375 vitae
2425 4318 2620 4395 Pastor
2649 4317 2741 4368 dat
2774 4315 3023 4383 dogmata
3068 4328 3257 4371 sacrae.

1816 4416 1891 4472 Ea
1917 4413 2529 4486 Papebrocbiusnoster
2559 4408 2761 4463 ibidem
2794 4405 3076 4461 referenda
3090 4402 3406 4465 eensuitad,

133 4526 375 4580 etionem
404 4539 605 4578 nonam
638 4542 652 4577 :
679 4523 746 4577 de
775 4522 976 4591 quibus
1007 4521 1237 4590 proinde
1274 4496 1713 4576 haec—monuisse
1745 4515 1790 4570 D
1820 4510 2080 4566 smculum
2108 4523 2207 4561 xu.
2238 4504 2444 4560 Eodem
2472 4501 2604 4557 facit
2660 4498 2947 4568 inscriptio
2992 4496 3386 4559 vetustissima,

134 4616 397 4679 sufﬁciat,
436 4629 559 4669 eum
586 4612 653 4667 ad
683 4611 816 4666 Acta
848 4610 1173 4669 illustranda,
1214 4610 1351 4663 nihil
1399 4609 1704 4665 conferant.

132 4708 291 4765 Nona
323 4718 505 4762 autem
541 4707 701 4762 lectio
728 4705 809 4759 sic
844 4704 1047 4759 habet:

207 4824 264 4877 5.
304 4839 323 4872 ι
362 4819 532 4883 Igitur
565 4819 719 4872 decet
766 4816 902 4871 tanti
935 4813 1267 4871 confessoris
1318 4829 1382 4868 ac
1410 4815 1714 4871 sacerdotis

133 4912 406 4972 Altissimi
438 4910 759 4980 praeclarum
789 4907 989 4961 festum
1034 4919 1161 4959 cum
1204 4915 1419 4957 summa
1458 4918 1711 4958 reveren-

136 5006 213 5060 tia
256 5001 554 5065 celebrare,
585 4998 781 5052 fratres
827 4995 1171 5062 charissimi;
1212 5011 1309 5064 per
1352 5008 1515 5063 quem
1569 4991 1714 5048 Deus

140 5098 315 5154 multa
347 5094 473 5149 fecit
519 5092 803 5156 miracula,
836 5098 895 5143 ut
931 5104 1031 5159 pro
1063 5089 1221 5144 nobis
1259 5087 1495 5142 exsistat
1537 5087 1709 5140 inter-

137 5202 326 5246 cessor
359 5187 483 5257 pius
510 5203 523 5239 :
549 5200 709 5254 quem
743 5183 829 5253 pia
851 5181 1066 5237 devotio
1095 5180 1265 5235 Paulo
1301 5180 1553 5249 apostolo
1576 5179 1715 5233 adeo

140 5283 373 5337 charum
400 5287 456 5333 et
495 5278 721 5332 unicum
775 5273 1085 5344 conjunxit,
1139 5273 1286 5343 quod
1336 5272 1391 5326 in
1422 5271 1582 5338 vico,
1622 5270 1715 5340 qui

137 5373 347 5430 dicitur
378 5371 724 5434 Latericius,
762 5368 1050 5425 ecclesiam
1102 5364 1190 5421 sui
1238 5364 1479 5419 nominis
1525 5379 1719 5418 conse-

142 5466 339 5524 cravit.
370 5463 469 5519 Hie
504 5464 590 5519 vir
640 5462 991 5517 beatissimus
1023 5459 1196 5513 multa
1226 5471 1458 5526 corpora
1499 5464 1719 5511 sancto-

144 5574 270 5614 rum
300 5557 552 5612 clanculo
574 5556 756 5626 rapuit
785 5564 838 5610 et
878 5554 1148 5625 sepelivit,
1186 5552 1358 5607 fretus
1402 5550 1635 5607 consilio
1665 5557 1719 5603 et

144 5649 421 5720 adjutorio
451 5648 551 5703 SS.
578 5648 852 5718 virginum
882 5646 1235 5701 Pudentianze
1262 5644 1466 5714 pariter
1488 5651 1543 5697 et
1579 5642 1716 5695 Pra-

146 5742 342 5798 xedis:
398 5757 631 5811 quarum
680 5755 909 5809 corpora
945 5738 1216 5805 virginum
1261 5736 1576 5790 honorifica:
1606 5745 1716 5787 tra-

144 5833 286 5896 didit
342 5835 671 5907 sepulturm,
713 5841 765 5888 ct
811 5846 999 5889 earum
1054 5828 1232 5889 Vitam
1284 5828 1536 5889 decenter
1591 5842 1717 5882 con-

1816 4618 1983 4673 quam
2012 4600 2231 4656 exhibet
2258 4597 2534 4667 Aringhus
2564 4596 2686 4649 loco
2707 4592 2894 4657 citato,
2922 4606 3073 4649 num.
3106 4589 3162 4650 5.
3191 4589 3245 4642 in
3279 4604 3388 4657 qua

1816 4698 1876 4751 ﬁt
1905 4694 2109 4750 mentio
2136 4691 2320 4749 sacelli
2344 4689 2516 4745 sancti
2536 4686 2707 4769 hujus
2730 4684 2903 4742 nostri
2928 4682 3194 4743 Pastoris.
3222 4678 3388 4753 Quid,

1816 4790 1962 4860 quod
1977 4798 2030 4843 et
2045 4788 2161 4842 Ado
2208 4785 2359 4839 illum
2379 4786 2481 4838 hoc
2502 4781 2723 4840 nomine
2736 4779 2953 4833 beatum
2978 4774 3228 4844 agnovit?
3248 4772 3392 4827 Sane

1816 4883 1884 4938 de
1938 4890 2126 4936 nostro
2166 4879 2277 4949 agit
2315 4878 2369 4931 in
2408 4874 2586 4945 elogio
2644 4872 2744 4926 SS.
2778 4867 3043 4922 Praxedis
3099 4872 3153 4919 et
3181 4862 3400 4929 sororis.

1817 4976 1937 5047 ejus
1957 4974 2045 5030 die
2072 4988 2164 5027 xxi
2186 4969 2336 5036 Julii,
2366 4968 2445 5023 sic
2463 4974 2660 5024 notans
2688 4982 2700 5017 :
2735 4982 2753 5015 ‹
2786 4962 2843 5015 lu
2869 4959 3025 5013 titulo
3048 4972 3199 5024 vero,
3226 4970 3390 5026 quem

1816 5079 1974 5140 pater
2010 5082 2201 5123 earum
2243 5063 2462 5118 Pudens
2504 5057 2725 5114 nomine
2756 5070 2919 5110 nam
2942 5051 3212 5113 PASTORIS
3241 5049 3393 5113 dedi:

1819 5161 1981 5226 cavit,
2016 5178 2033 5209 ι
2072 5167 2177 5212 etc.
2226 5154 2474 5213 Natalem
2503 5150 2649 5205 illius
2686 5156 2869 5203 tamen
2923 5145 3026 5201 sub
3069 5159 3138 5199 eo
3168 5140 3396 5205 nomine

1821 5267 1996 5321 neque
2045 5251 2151 5303 hoc
2200 5248 2341 5313 loco,
2373 5258 2551 5313 neque
2598 5256 2725 5295 xxvt
2769 5237 3019 5308 ejusdem
3068 5234 3296 5298 mensis,
3329 5240 3393 5287 ut

1816 5344 1927 5414 jam
1953 5339 2213 5406 diximus,
2244 5352 2421 5407 neque
2456 5336 2563 5393 alio
2595 5333 2705 5390 ullo
2724 5331 2812 5388 die
2837 5336 3258 5386 commemorat.

1891 5454 1943 5508 5.
1986 5451 2043 5507 Id
2089 5465 2219 5505 vero
2270 5449 2470 5506 mirum
2527 5445 2734 5502 nemini
2786 5441 3209 5503 videritdebet;
3265 5451 3389 5491 cum

1821 5560 2008 5600 eorum
2062 5540 2309 5611 opinioni
2335 5537 2643 5597 adhaeserit
2674 5535 2827 5598 Ado,
2872 5533 2967 5603 qui
3014 5532 3070 5585 S.
3104 5529 3388 5582 Pastorem

1822 5654 1945 5693 cum
1994 5635 2050 5690 S.
2092 5634 2289 5689 llerma
2341 5633 2435 5687 illo
2483 5627 2860 5692 confuderint,
2896 5625 3055 5693 cujus
3106 5619 3390 5690 apostolus

1825 5732 2021 5785 Paulus
2076 5729 2144 5783 ad
2206 5728 2480 5782 Romanos
2546 5717 3129 5779 scribensmeminit,
3186 5711 3389 5781 quique

1824 5830 2012 5878 auctor
2044 5835 2164 5880 csse
2194 5817 2432 5875 creditur
2482 5816 2633 5883 libri,
2670 5812 2762 5879 qui
2819 5808 3016 5864 Pastor
3045 5804 3405 5862 inscribitur.~
