3830 6216
479 340 623 396 1015

1657 348 1996 407 APPENDIX
2038 352 2129 407 AD
2170 352 2225 408 S.
2267 354 2575 413 ΗΕΙὶΜΑΒ.

3626 359 3781 413 ίοίθ

466 463 863 519 Cont‘ustonem
895 469 1038 522 hanc
1067 478 1254 537 aperte
1288 469 1470 538 prodit
1495 470 1549 523 in
1577 470 1761 526 libello
1800 471 1872 526 De
1904 471 2054 541 [esti-
2080 480 2124 534 Α
2153 491 2261 545 que
2296 478 2524 545 proinde
2546 480 2835 548 utriusque
2858 477 3260 541 confusuonem,
3288 478 3357 531 ab
3384 478 3592 532 Adone
3628 493 3774 547 pro-

466 561 717 617 vitatibus
800 565 1157 632 apostolorum
1189 604 1203 626 ,
1257 578 1421 632 quem
1487 563 1873 635 Martyrologio
1926 568 2046 636 ejus

462 659 749 721 prmlixum
808 658 999 726 habes,
1040 676 1164 731 pag.
1201 661 1311 728 56;
1346 662 1438 716 ubi
1494 662 1560 716 ad
1592 662 1735 717 diem
1790 681 1843 719 ιχ
1896 664 2043 731 Maii,

463 764 629 817 quem
675 749 731 804 S.
763 749 978 806 Hermae
1008 754 1243 807 natalem
1271 756 1484 820 statuit,
1517 774 1536 805 ‹
1571 754 1808 823 Titulus,
1844 758 2043 826 inquit,

461 842 685 896 nomine
720 842 1085 913 ipsius,juxta
1126 848 1271 915 quod
1306 846 1684 917 baptisterium
1712 866 1778 904 ex
1817 849 2047 907 faculta-

461 933 610 987 tibus
635 945 841 991 sanctae
866 936 1127 993 Praxedis
1148 948 1232 993 est
1254 949 1621 1006 exstructum,
1658 950 1712 998 et
1744 944 1903 998 beato
1923 943 2040 1009 Pio,

459 1028 733 1094 discipulo
768 1028 1146 1096 apostolorum
1176 1070 1189 1093 ,
1224 1042 1485 1100 operante
1519 1034 1702 1088 studio
1751 1050 2043 1090 consecra-

457 1128 597 1185 tum,
627 1120 1010 1175 venerabiliter
1034 1122 1082 1176 ei
1108 1132 1346 1177 statutus
1372 1134 1474 1179 est.
1499 1143 1518 1176 ι
1552 1124 1757 1180 Eadem
1799 1127 1916 1182 haac
1960 1137 2044 1183 est

456 1212 684 1266 ecclesia
717 1212 835 1267 sive
869 1213 1081 1279 titulus,
1112 1230 1274 1284 quem
1309 1217 1473 1286 paulo
1505 1227 1631 1273 ante
1657 1216 1809 1273 Beati
1850 1218 2045 1275 Pasto-

458 1305 534 1357 ris
560 1305 945 1375 nuncupabat:
977 1305 1196 1362 beatum
1219 1323 1351 1380 ergo
1367 1308 1645 1366 Pastorem
1673 1328 1798 1366 cum
1830 1313 1888 1367 S.
1907 1313 2045 1371 Her-

458 1409 547 1447 ma
566 1397 818 1451 eumdem
843 1396 993 1459 facit.
1019 1400 1385 1469 eumdemque
1411 1403 1548 1457 adeo
1574 1402 1718 1458 diem
1752 1406 2042 1475 utriusque

457 1487 742 1555 natalem;
778 1504 1095 1559 quanquam
1142 1492 1196 1546 in
1239 1494 1408 1547 natali
1450 1494 1629 1550 solum
1676 1510 1875 1552 nomen
1908 1496 2044 1554 Her-

454 1592 557 1632 mae
594 1579 799 1634 diserte
830 1582 1137 1651 exprimat,
1174 1598 1281 1637 non
1317 1582 1581 1642 Pastoris.
1614 1587 1824 1645 Adonis
1855 1604 2043 1645 exem-

452 1670 546 1739 plo
572 1673 793 1726 eosdem
834 1684 1057 1730 sanctos
1086 1676 1140 1730 in
1164 1674 1463 1731 Annalibus
1498 1680 1566 1735 ad
1596 1696 1802 1736 annum
1832 1682 2037 1739 Christi

454 1760 560 1815 159
595 1761 841 1817 confudit
876 1762 1182 1830 Baronius;
1222 1784 1330 1823 non
1381 1769 1513 1824 item
1562 1770 1706 1826 diem
1753 1774 2040 1844 utriusque

451 1851 689 1906 natalem
727 1853 782 1907 in
828 1855 1219 1929 Martyrologio
1270 1869 1365 1914 aut
1394 1862 1542 1916 notis
1575 1864 1644 1918 ad
1692 1864 1825 1921 illud
1860 1885 1872 1920 :
1909 1882 2035 1922 cum

451 1952 637 1997 tamen
668 1946 897 2002 alterum
940 1965 1007 2005 ex
1032 1950 1204 2006 altero
1231 1954 1497 2022 consequi
1523 1955 1763 2025 debeat;
1796 1968 1853 2012 ut
1892 1959 2035 2013 idem

452 2036 523 2088 sit
554 2035 670 2091 dies
704 2038 909 2105 obitus,
953 2041 999 2095 si
1053 2052 1277 2099 sanctus
1341 2053 1426 2101 est
1477 2046 1662 2114 idem;
1710 2058 1806 2103 aut
1857 2052 2035 2107 sancti

450 2126 675 2194 diversi,
702 2130 747 2184 si
778 2130 981 2187 diversi
1013 2135 1243 2189 natales.

519 2218 574 2273 6.
641 2218 910 2276 Nimirum
956 2224 1014 2278 S.
1067 2223 1314 2282 Pastoris
1363 2244 1563 2283 nomen
1622 2245 1895 2300 nusquam
1948 2232 2033 2285 vir

447 2311 724 2368 maximus
774 2316 1153 2385 consignatum
1212 2319 1417 2388 legerat
1466 2320 1553 2375 die
1605 2338 1661 2376 Ix
1716 2321 1881 2388 Maii;
1933 2323 2032 2377 sed

447 2417 762 2462 constanter
788 2407 1033 2477 Hermm;
1061 2411 1223 2466 sicuti
1255 2426 1357 2466 nec
1387 2412 1475 2467 die
1501 2429 1629 2468 xxvi
1656 2413 1787 2470 Julii
1816 2416 2030 2487 uspiam

447 2501 587 2569 apud
624 2504 1023 2574 martyrologos
1056 2514 1375 2561 occurrerat
1417 2523 1617 2564 nomen
1652 2509 1865 2569 Hermae
1888 2556 1905 2581 ,
1935 2515 2030 2570 sed

444 2590 693 2649 Pastoris
717 2597 1129 2662 tantummodo;
1147 2613 1255 2652 non
1270 2616 1441 2655 ausus
1456 2611 1538 2657 est
1551 2616 1679 2671 ergo
1694 2604 1748 2657 in
1768 2606 2030 2662 moderno

443 2680 835 2754 Hartyrologio
870 2688 1253 2743 concinnando
1296 2705 1326 2745 a
1359 2690 1605 2760 priorum
1632 2695 2026 2762 exemplarium

445 2789 722 2830 consensu
752 2793 814 2831 ac
838 2778 962 2844 fide,
988 2794 1084 2847 per
1108 2796 1270 2835 usum
1294 2783 1474 2852 ipsum
1492 2782 1754 2840 Ecclesia:
1772 2785 2030 2844 Romame

446 2866 592 2919 haud
624 2867 788 2921 dubie
815 2869 1103 2938 antiquum
1136 2870 1354 2927 ﬁrmata
1377 2914 1393 2938 ,
1428 2880 1683 2931 recedere
1710 2895 1723 2930 :
1759 2886 1922 2948 atque
1954 2880 2028 2935 ita

445 2957 504 3011 S.
545 2957 762 3014 Hermas
816 2963 1055 3017 natalem
1102 2979 1132 3018 a
1169 2966 1336 3020 natali
1370 2965 1430 3020 S.
1474 2965 1722 3025 Pastoris
1766 2969 2028 3028 discrevit

442 3065 551 3104 non
581 3051 634 3105 in
659 3053 778 3123 ipso
805 3052 1192 3127 Martyrol0gio
1219 3058 1421 3125 solum,
1449 3060 1545 3115 sed
1573 3061 1741 3116 etiam
1769 3063 1825 3117 in
1852 3064 2026 3120 adno-

2152 572 2349 625 fectam
2378 589 2391 635 ;
2420 586 2585 640 quam
2617 571 2664 626 is
2694 570 2921 626 forsitan
2973 588 3039 625 ex
3071 571 3341 640 ambiguis
3363 570 3602 625 Eusebii
3642 586 3777 623 ver—

2148 663 2235 719 bis
2272 665 2587 733 arripuerit,
2617 663 2709 732 qui
2737 665 2805 719 de
2834 663 2892 719 S.
2923 662 3120 718 Herma
3149 663 3380 733 loquens
3424 661 3586 716 Hist.
3628 662 3772 715 εδει.

2149 756 2245 810 lib.
2278 772 2358 819 Ill,
2391 770 2511 824 cap.
2544 757 2597 821 5,
2644 752 2719 811 Οὗ
2762 773 2927 826 φασιν
2960 756 3254 826 ὑπάρχειν,
3291 755 3501 824 inquit,
3542 754 3612 807 τὸ
3670 755 3773 806 τοῦ

2147 844 2411 915 Ποιμένος
2440 843 2673 915 βιϐλίον,
2703 846 2855 914 cujus
2895 846 3047 899 aiunt
3071 862 3181 898 esse
3218 845 3413 898 librum
3444 844 3729 899 Pastoris
3754 864 3771 905 ;

2150 936 2297 990 unde
2324 952 2561 1006 pronum
2590 948 2675 993 est
2702 940 2981 1009 colligere,
3012 938 3258 994 Pastoris
3304 952 3419 991 non
3470 936 3610 991 libri
3658 954 3773 990 no-

2149 1041 2295 1093 men,
2331 1028 2426 1082 sed
2460 1029 2701 1083 auctoris
2725 1045 2847 1085 esse
2875 1048 2889 1084 :
2921 1030 3001 1086 sic
3028 1028 3146 1083 Ado
3177 1028 3337 1084 facile
3384 1028 3675 1084 Hermam
3714 1038 3771 1081 et

2146 1116 2424 1174 Pastorem
2446 1137 2545 1191 pro
2567 1122 2755 1177 eodem
2778 1123 3065 1196 acceperit.
3085 1125 3153 1179 At
3172 1125 3315 1178 enim
3336 1124 3767 1194 amphiboliam

2147 1211 2290 1267 hanc
2314 1213 2503 1269 tollere
2524 1215 2789 1271 debuerat
2813 1226 2926 1271 tum
2956 1219 3130 1288 ipsius
3152 1218 3278 1273 libri
3300 1217 3491 1273 adhuc
3514 1226 3767 1273 exstan-

2149 1307 2221 1360 tis
2249 1307 2558 1378 inscriptio,
2600 1319 2716 1365 tum
2766 1311 2825 1366 S.
2860 1310 3220 1383 Hieronymi,
3251 1311 3445 1367 eodem
3503 1326 3765 1381 prorsus

2146 1398 2312 1453 modo
2350 1398 2499 1455 illum
2529 1400 2913 1469 inscribentis,
2942 1403 3312 1458 testimonium
3342 1400 3438 1455 lib.
3475 1400 3561 1455 De
3600 1402 3728 1454 εει-ί
3748 1428 3765 1441 ο

2142 1491 2383 1558 moribus
2428 1493 2636 1562 coclea,
2690 1509 2811 1565 cap.
2860 1494 2977 1549 10:
3034 1514 3052 1547 ι
3081 1492 3430 1549 Hermann...
3472 1502 3765 1547 asserunt

2143 1594 2427 1641 auctorem
2456 1601 2578 1642 esse
2625 1588 2772 1652 libri,
2806 1589 2901 1657 qui
2935 1588 3242 1657 appellatur
3272 1585 3521 1650 Pastor;
3560 1604 3580 1637 ι
3620 1600 3763 1653 qua:

2141 1679 2376 1751 proinde
2423 1680 2661 1750 genuina
2706 1681 2918 1737 censeri
2966 1689 3145 1751 potest
3196 1680 3499 1735 Eusebiani
3555 1689 3763 1733 textus

2143 1773 2544 1843 interpretatio,
2572 1789 2738 1843 quam
2769 1782 2916 1829 recte
2940 1781 3164 1829 secutus
3190 1783 3274 1828 est
3295 1771 3581 1835 Valesius,
3611 1786 3759 1825 cum

2140 1863 2376 1919 adducta
2422 1862 2644 1919 Eusebii
2698 1865 2864 1920 verba
2908 1865 2988 1919 sic
3038 1865 3239 1919 vertit:
3295 1883 3313 1916 ι
3368 1863 3551 1934 Cujus
3615 1880 3759 1920 esse

2134 1956 2309 2011 fertur
2335 1958 2382 2013 is
2422 1958 2577 2023 liber,
2615 1959 2713 2029 qui
2748 1958 2950 2013 Pastor
2994 1959 3293 2029 inscriptus
3322 1967 3429 2014 est.
3467 1978 3487 2011 ι
3534 1957 3756 2014 Pastor

2134 2050 2304 2121 igitur
2332 2052 2637 2122 appellatur
2683 2068 2793 2107 non
2831 2051 3061 2109 Hermas
3086 2095 3101 2120 ,
3151 2052 3248 2108 sed
3282 2052 3505 2107 Hermae
3570 2053 3746 2118 liber,

2134 2142 2279 2212 quod
2314 2143 2493 2215 angeli
2520 2144 2624 2199 sub
2662 2142 2851 2200 habitu
2894 2144 3181 2213 pastoritio
3222 2144 3547 2213 apparentis
3575 2158 3751 2198 reve-

2132 2234 2373 2289 lationes
2428 2235 2726 2289 contineat.
2778 2232 2921 2301 Quid
2982 2233 3151 2305 igitur
3215 2232 3276 2287 S.
3325 2230 3554 2287 Pastori
3597 2248 3742 2287 cum

2133 2325 2191 2380 S.
2226 2326 2425 2382 Herma
2475 2327 2811 2383 commune?
2854 2325 2933 2382 Ne
2983 2341 3181 2382 nomen
3227 2325 3496 2397 quidem:
3552 2340 3743 2394 quan-

2130 2434 2297 2487 quam
2327 2428 2382 2473 et
2435 2420 2541 2475 hoc
2584 2420 2834 2489 pluribus
2863 2419 3007 2473 idem
3053 2433 3176 2473 esse
3223 2417 3442 2487 possit;
3475 2418 3573 2488 qui
3620 2416 3740 2472 ba:

2131 2510 2247 2563 sola
2282 2508 2496 2563 ratione
2529 2507 2757 2562 minime
2791 2506 3058 2562 confundi
3102 2515 3379 2577 possunt:
3417 2516 3480 2560 ut
3512 2505 3735 2560 nemini

2128 2603 2395 2657 hactenus
2430 2602 2487 2656 in
2547 2610 2785 2656 mentem
2818 2601 2969 2655 venit
3008 2599 3070 2655 Β.
3118 2598 3406 2655 Pastorem
3463 2610 3735 2655 nostrum

2130 2694 2540 2763 presbyterum,
2577 2692 2830 2749 eumdem
2885 2708 3011 2747 cum
3046 2692 3144 2747 illo
3190 2701 3470 2758 statuere,
3510 2693 3577 2746 de
3608 2707 3733 2761 quo

2130 2784 2191 2838 fit
2225 2785 2429 2839 mentio
2472 2786 2530 2839 in
2571 2785 2723 2840 Actis
2759 2783 2860 2840 SS.
2910 2783 3091 2852 Marii,
3125 2782 3357 2838 Martha
3388 2790 3444 2837 et
3480 2783 3735 2836 filiorum

2129 2875 2196 2929 ad
2222 2875 2367 2930 diem
2392 2891 2485 2928 xu
2508 2873 2780 2942 Januarii,
2807 2890 2930 2945 pag.
2957 2874 3097 2941 216;
3125 2872 3343 2928 tametsi
3365 2883 3419 2927 et
3446 2871 3643 2927 Romae
3680 2870 3737 2925 is

2129 2965 2336 3032 fuerit,
2394 2974 2449 3021 et
2509 2967 2705 3021 beatus
2756 2964 2951 3021 Pastor
3000 2966 3288 3036 presbyter
3321 2972 3685 3033 nuncupetur
3713 3002 3731 3029 ,

2128 3066 2347 3112 centum
2382 3068 2567 3113 tamen
2601 3057 2821 3113 circiter
2847 3058 3009 3113 annis
3042 3066 3236 3112 nostro
3253 3056 3469 3125 junior.

444 3144 747 3200 tationibus
774 3147 840 3201 ad
865 3156 1161 3218 utrumque
1188 3150 1425 3206 natalem
1448 3152 1709 3223 adjectis;
1742 3156 1796 3209 in
1822 3156 2022 3226 quibus

2198 3150 2251 3205 8.
2288 3149 2585 3221 Propendit
2608 3164 2675 3205 eo
2709 3150 2935 3219 insuper
2962 3149 3107 3204 idem
3140 3148 3503 3203 doctissimus
3528 3153 3736 3201 auctor

440 3250 621 3305 neque
651 3237 719 3293 de
750 3237 979 3295 Pastore
1003 3242 1253 3297 meminit
1287 3242 1376 3299 die
1410 3260 1466 3299 Ix
1494 3244 1641 3310 Maii,
1673 3262 1850 3319 neque
1894 3267 2022 3306 xxvi

438 3327 567 3383 Julii
594 3331 661 3387 de
688 3330 910 3388 Herma.
960 3334 1073 3389 Cur
1120 3335 1288 3406 igitur
1317 3336 1510 3392 eodem
1558 3353 1883 3409 argumento
1912 3359 2023 3399 non

434 3432 521 3479 est
555 3440 689 3481 usus
721 3427 774 3481 in
810 3430 1147 3487 Annalibus?
1190 3428 1429 3485 Maxime
1451 3446 1577 3486 cum
1608 3435 1675 3489 ad
1700 3435 1833 3490 illud
1857 3438 2020 3495 etiam

437 3520 584 3574 aliud
605 3522 908 3590 accederet,
933 3524 1359 3595 haudquaquam
1382 3525 1630 3600 profecto
1651 3531 1845 3597 levius,
1872 3534 2020 3603 quod

436 3629 469 3667 a
517 3613 574 3669 S.
608 3613 855 3672 Pastoris
899 3627 1058 3674 aetate
1107 3621 1447 3692 desumitur,
1479 3626 1575 3696 qui
1624 3627 1816 3682 saltem
1862 3629 2018 3697 juxta

435 3708 940 3764 eminentissimum
1004 3713 1301 3771 Annalium
1366 3720 1751 3785 conditorem,
1810 3737 2017 3777 annum

433 3797 641 3852 Christi
688 3799 791 3854 164
831 3802 1064 3859 vivendo
1097 3816 1521 3879 prietergressus
1567 3818 1670 3865 est.
1704 3810 1840 3878 Quis
1886 3828 2017 3868 vero

435 3891 554 3945 sine
583 3892 820 3948 evidenti
866 3895 1337 3954 demonstratione
1381 3902 1600 3969 credat,
1632 3902 1691 3958 S.
1722 3902 1976 3959 Hermam
1996 3946 2011 3971 ,

432 3984 527 4052 qui
552 3984 666 4054 jam
707 3988 893 4057 utique
921 4000 1147 4045 matura:
1185 3993 1266 4045 vir
1304 3995 1477 4049 (etatis
1506 3993 1677 4051 fuisse
1705 3996 2013 4053 censendus

431 4085 538 4142 est,
570 4093 695 4132 cum
743 4094 867 4133 eum
904 4080 1201 4151 Apostolus
1247 4099 1344 4153 per
1376 4085 1675 4155 Epistolam
1714 4090 1778 4143 ad
1806 4089 2015 4144 Romao

430 4182 535 4223 nos
561 4168 782 4238 juberet
807 4172 1050 4235 salutari,
1090 4174 1268 4227 solido
1309 4184 1435 4243 post
1474 4174 1629 4230 Pauli
1672 4178 1882 4233 obitum
1913 4194 2014 4235 sa:-

428 4261 555 4315 culo
592 4260 969 4330 superfuisse?
999 4262 1122 4319 llmc
1155 4276 1300 4321 certe
1329 4283 1437 4321 una
1468 4267 1535 4322 de
1558 4270 1744 4325 causis
1788 4284 1894 4335 est,
1937 4272 2011 4326 ob

428 4368 568 4422 quas
618 4351 878 4423 Hermen,
907 4355 965 4410 S.
1006 4354 1089 4410 Pii
1144 4373 1297 4429 papa:
1339 4358 1380 4425 l,
1420 4370 1482 4415 ut
1519 4371 1603 4416 est
1653 4362 1706 4416 in
1749 4362 2010 4434 Catalogo

426 4443 755 4502 Pontiﬁcum
811 4447 1196 4514 Bucheriano,
1246 4449 1469 4507 fratrem
1527 4470 1591 4509 ac
1651 4453 1709 4509 S.
1763 4453 2010 4511 Pastoris

2122 3242 2435 3313 Annalium,
2475 3242 2544 3297 ad
2568 3256 2775 3296 annum
2807 3239 3015 3295 Christi
3044 3238 3169 3306 {59,
3196 3249 3257 3293 ut
3284 3238 3545 3293 eumdem
3581 3250 3735 3306 quo-

2122 3352 2230 3407 que
2265 3350 2391 3391 cum
2431 3342 2623 3391 sancto
2649 3332 2847 3388 Herma
2893 3342 2947 3387 et
2980 3331 3211 3387 Pastorc
3242 3329 3562 3384 Hermetem
3596 3343 3731 3383 esse

2122 3432 2399 3498 crederet,
2424 3429 2483 3485 S.
2512 3428 2595 3483 Pii
2618 3428 2897 3499 pontificis
2926 3427 3161 3482 Romani
3196 3425 3422 3479 fratrem
3448 3442 3464 3477 :
3497 3424 3733 3478 tametsi

2121 3525 2187 3579 de
2222 3524 2315 3578 illo
2357 3538 2417 3578 se
2450 3522 2688 3577 fateatur
2718 3521 3018 3590 ambigere.
3055 3518 3345 3589 Opinionis
3378 3517 3555 3586 bujus
3590 3516 3733 3570 fun-

2119 3620 2439 3673 damentum
2494 3618 2692 3687 duplex
2746 3615 2961 3686 putavit
3010 3629 3169 3681 esse;
3227 3614 3463 3668 alterum
3496 3656 3514 3680 ,
3570 3613 3733 3683 quod

2119 3726 2283 3766 voces
2316 3709 2544 3767 Hermas
2568 3720 2622 3765 et
2647 3708 2875 3765 Hermes
2904 3724 3096 3779 parum
3133 3708 3270 3763 adeo
3301 3706 3531 3761 diﬂ‘erre
3568 3708 3732 3762 vide-

2117 3813 2349 3867 rentur,
2409 3813 2471 3858 ut
2525 3818 2923 3872 nonnunquam
2979 3801 3157 3855 eidem
3214 3800 3333 3855 viro
3394 3799 3731 3869 legerentur

2117 3898 2436 3960 attributae;
2473 3896 2707 3951 alterum
2743 3910 2871 3949 vero
2897 3935 2911 3958 ,
2947 3894 3093 3963 quod
3150 3892 3293 3962 apud
3340 3891 3730 3947 Anastasiurn

2117 3989 2602 4046 Bibliothecarium
2629 3989 2731 4045 sub
2766 3987 2824 4042 S.
2863 3987 2961 4041 Pio
2998 4001 3137 4057 papa
3172 3984 3191 4038 ι
3221 3986 3289 4040 de
3322 3984 3593 4040 Hermete
3632 4004 3726 4041 re-

2114 4082 2326 4137 feratur
2357 4101 2370 4136 :
2413 4102 2431 4135 t
2474 4080 2702 4137 Hermes
2734 4081 2937 4135 librum
2968 4080 3209 4150 scripsit,
3236 4078 3292 4132 in
3326 4094 3439 4149 quo
3474 4080 3726 4135 manda-

2116 4183 2231 4226 tum
2265 4173 2601 4237 continetur,
2637 4172 2787 4242 quod
2823 4172 2873 4227 ei
2901 4171 3161 4242 prtecepit
3187 4168 3413 4240 angelus
3445 4168 3719 4233 Domini,

2113 4282 2239 4320 cum
2268 4266 2479 4321 veniret
2512 4265 2581 4319 ad
2608 4281 2735 4320 eum
2771 4265 2825 4319 in
2859 4264 3052 4319 habitu
3076 4264 3333 4333 pastoris,
3353 4271 3411 4317 et
3441 4267 3723 4335 pmepit

2111 4360 2182 4425 ei,
2213 4368 2272 4413 ut
2307 4366 2561 4414 sanctum
2584 4356 2795 4413 Pascha
2821 4357 2911 4411 die
2936 4354 3222 4410 Dominico
3253 4353 3666 4410 celebraretur.
3690 4374 3712 4406 ι

2116 4448 2433 4505 Similitudo
2460 4449 2728 4515 nominis,
2751 4456 2807 4503 et
2839 4446 3111 4518 apparitio
3135 4445 3478 4517 angeli,.sub
3511 4446 3715 4501 babitu

426 4537 1181 4609 aaqualem,distinguendum
1206 4543 1419 4610 putavit
1444 4545 1593 4599 card.
1622 4545 2005 4613 Bellarminus,
2040 4538 2085 4597 Ι)
2116 4542 2403 4614 pastoritio
2430 4542 2630 4597 librum
2673 4541 2954 4605 dictantis,
3002 4541 3254 4595 emndem
3288 4536 3541 4593 Baronio
3590 4540 3715 4594 visa

427 4643 668 4700 eumque
717 4634 892 4688 secuti
929 4635 1189 4708 deinceps
1221 4635 1440 4703 eruditi,
1475 4652 1505 4690 a
1534 4635 1593 4692 S.
1632 4637 1831 4694 Herma
1862 4638 2011 4709 Apo-

425 4723 555 4778 stoli
602 4724 906 4795 discipulo,
952 4738 1007 4783 et
1042 4730 1240 4796 libelli,
1288 4730 1381 4802 qui
1429 4729 1628 4784 Pastor
1672 4733 2008 4801 appellatur,

426 4827 675 4876 auctore.
706 4818 951 4891 Denique
986 4838 1095 4877 non
1146 4823 1361 4878 videtur
1406 4823 1508 4893 ipsi
1542 4822 1755 4879 Hermae
1805 4840 2008 4881 nomen

424 4907 674 4966 Pastoris
708 4910 879 4968 fuisse
916 4916 1234 4986 pr0prium,
1278 4916 1372 4973 sed
1414 4916 1553 4972 libro
1585 4918 1724 4987 ejus,
1757 4927 1817 4973 ut
1841 4922 2008 4975 modo

424 5003 671 5060 dicemus
700 5024 713 5060 :
750 5005 837 5063 fac
865 5017 1070 5077 tamen,
1100 5026 1167 5067 ex
1192 5011 1334 5065 libro
1363 5021 1787 5082 cognomentum
1813 5011 2007 5069 Pasto-

422 5095 502 5151 ris
538 5097 838 5153 adhaesisse
889 5100 1181 5170 scriptori;
1215 5116 1285 5155 an
1340 5101 1489 5155 credi
1541 5101 1756 5156 tandem
1809 5103 2007 5171 poterit

423 5190 567 5244 idem
596 5190 793 5245 deinde
826 5201 1018 5247 auctor
1047 5203 1333 5264 tantopere
1358 5191 1604 5249 Pastoris
1637 5204 2004 5265 cognomento

422 5283 729 5339 delectatus
768 5283 960 5353 fuisse,
996 5295 1055 5340 ut
1098 5287 1379 5357 praprium
1416 5286 1650 5353 Hermae,
1683 5287 1830 5357 quod
1858 5296 2005 5342 esset

422 5376 492 5431 ab
540 5375 805 5446 Apostolo
856 5387 1260 5443 consecratum,
1292 5379 1599 5449 abjiceret?
1639 5377 1833 5434 Valere
1886 5379 2003 5434 hazc

421 5468 566 5522 ratio
593 5469 775 5536 debet,
804 5470 947 5539 apud
994 5470 1294 5525 Baroniurr.
1319 5472 1564 5541 quidem,
1592 5473 1684 5542 qui
1711 5474 2000 5542 epistolam

419 5562 637 5630 probat,
673 5563 1002 5635 exhibetque
1053 5565 1121 5620 ad
1153 5580 1359 5620 annum
1408 5566 1512 5620 162
1537 5608 1552 5631 ,
1599 5568 1717 5623 solo
1756 5567 2000 5625 Pastoris

418 5652 643 5711 nomine
677 5657 1020 5728 inscriptam.

487 5747 541 5799 7.
583 5748 763 5801 Alium
813 5766 944 5818 ergo
990 5749 1047 5804 S.
1087 5749 1404 5819 Pastorem,
1437 5755 1602 5808 alium
1638 5754 1696 5811 S.
1739 5755 1995 5810 Hcrmam

414 5837 588 5899 fuisse
610 5855 920 5917 censemus,
948 5851 1002 5901 et
1032 5844 1177 5900 hunc
1202 5844 1298 5903 illo
1323 5844 1596 5905 seniorem
1622 5867 1635 5917 ;
1670 5850 1996 5909 tollendam-

2116 4652 2245 4699 sunt
2276 4644 2601 4713 scriptorem
2656 4658 2887 4713 arguere
2921 4641 3178 4698 Hermam
3229 4651 3284 4696 ct
3336 4639 3667 4696 Hermetem
3691 4682 3707 4704 ,

2114 4746 2279 4806 atque
2329 4736 2468 4792 adeo
2514 4743 2571 4791 et
2600 4734 2906 4800 Pastorem,
2951 4749 3115 4805 quem
3162 4748 3286 4788 cum
3317 4730 3526 4787 Herma
3572 4748 3710 4789 con-

2114 4832 2311 4887 fundit.
2341 4830 2575 4886 Tantum
2600 4831 2653 4884 in
2680 4845 2746 4885 eo
2770 4830 2946 4892 haesit,
2971 4828 3117 4897 quod
3146 4829 3200 4881 in
3226 4825 3441 4881 Hermae
3464 4824 3709 4882 Pastore

2113 4941 2223 4980 non
2255 4933 2449 4996 agatur
2490 4926 2558 4979 tle
2606 4922 2819 4977 Pascha
2848 4922 2936 4976 die
2987 4920 3273 4975 Dominica
3319 4919 3703 4983 celebrando;

2112 5028 2249 5082 tum,
2281 5019 2429 5088 quod
2470 5018 2709 5087 scriptus
2751 5016 2799 5071 is
2854 5015 3018 5071 fuerit
3044 5014 3250 5070 dudum
3292 5022 3419 5068 ante
3446 5021 3704 5083 tempora

2108 5109 2190 5164 Pii
2223 5125 2394 5179 papa}.
2432 5108 2619 5177 Itaque
2653 5122 2718 5162 eo
2766 5106 2984 5161 tandem
3016 5106 3321 5171 delabitur;
3355 5124 3375 5155 ι
3422 5111 3483 5158 ut
3511 5104 3703 5159 dicere

2108 5218 2334 5259 necesse
2357 5203 2428 5256 sit
2458 5201 2537 5270 (si
2568 5200 2802 5255 velimus
2833 5214 3004 5254 unum
3040 5198 3407 5267 eumdemque
3436 5211 3570 5251 esse
3601 5212 3702 5251 au-

2107 5296 2334 5366 ctorem)
2373 5295 2619 5350 diversos
2652 5294 2753 5348 hos
2780 5293 2921 5347 inter
2944 5307 3004 5347 se
3036 5292 3208 5348 fuisse
3230 5291 3694 5352 commentarios,

2106 5387 2338 5443 diversis
2365 5386 2704 5455 temporibus
2735 5384 2992 5453 scriptos.
3022 5402 3041 5433 ι
3078 5382 3184 5437 Sed
3206 5381 3468 5451 quoniam
3504 5380 3567 5436 S.
3596 5382 3696 5436 Pa-

2104 5492 2220 5536 stor
2267 5490 2455 5535 noster
2496 5488 2722 5533 eatenus
2752 5486 2967 5532 tantum
3005 5491 3130 5531 cum
3164 5474 3419 5531 Hermete
3447 5475 3693 5531 confun-

2102 5576 2269 5639 ditur,
2300 5581 2571 5644 quatenus
2594 5573 2709 5642 ipse
2739 5569 2967 5625 Hermes
3004 5584 3130 5624 cum
3164 5567 3222 5623 S.
3256 5566 3459 5622 Herma
3489 5587 3506 5623 :
3555 5570 3692 5625 nihil

2102 5683 2243 5736 opus
2290 5676 2374 5721 est
2430 5665 2757 5734 diremptam
2789 5664 2904 5733 jam
2951 5663 3047 5717 diu
3099 5663 3542 5717 controversiam
3601 5664 3691 5719 hic

2104 5760 2280 5814 denuo
2307 5759 2592 5814 suscitare.
2627 5756 2892 5811 Eumdem
2924 5770 3031 5809 non
3071 5769 3193 5809 esse.
3241 5754 3299 5808 S.
3332 5754 3599 5811 llcrmam
3636 5767 3691 5812 et

2102 5850 2610 5928 bunc_llcrmetem,
2643 5850 2913 5922 ostendit,
2947 5854 3009 5905 ut
3052 5848 3263 5915 monui,
3314 5846 3686 5909 Belial-minus
