3830 6216
105 277 257 333 1017

1116 287 1215 342 SS.
1257 286 1726 344 PUDENTIANAE
1766 289 1855 345 ET
1896 290 2242 351 PRAXEDIS
2289 290 2496 349 ACTA.

3292 298 3430 358 1018

106 400 327 469 aliique
360 409 507 468 post
539 401 875 473 illum,quos
904 405 1046 459 inter
1074 407 1289 463 consuli
1319 417 1553 477 possunt
1581 408 1747 465 Tille-
1775 415 1820 474 Α
1852 410 2150 469 Praxedem
2171 458 2187 482 ,
2230 424 2517 480 externos,
2559 422 2620 470 ut
2656 413 2946 486 ponimus,
3002 414 3255 472 homines
3275 460 3289 484 ,
3342 421 3432 474 in-

103 489 372 543 montius
410 501 568 546 tom.
594 492 635 545 ll
670 492 908 549 Monum.
950 496 1159 561 eccies.,
1190 512 1317 567 pag.
1339 496 1741 565 521;Nicolaus

106 592 160 640 te
195 584 440 659 Nourty
490 589 555 645 in
598 591 875 661 Apparatu
915 592 983 646 ad
1016 593 1396 646 Bibliothecam
1443 591 1733 644 maximam

102 689 351 733 veterum
382 679 659 752 Patrum,
695 685 912 741 dissert.
939 687 992 753 4,
1018 696 1119 741 art.
1145 687 1211 751 2;
1241 685 1563 739 Ambrosius
1599 680 1734 737 Gar-

101 771 320 827 debosc
376 773 439 827 in
498 774 754 830 historia:
801 778 1187 833 ecclesiastica:
1240 777 1474 850 Synopsi
1520 784 1655 831 tom.
1690 778 1730 843 I,

97 864 250 924 part.
286 873 346 922 v,
390 858 501 913 lib.
537 876 622 928 Ill,
658 861 880 917 dissert.
918 863 968 928 1,
1002 873 1195 934 (μείξει.
1228 866 1280 918 1.

172 969 228 1025 9.
264 970 442 1037 Quod
486 974 564 1029 ad
595 974 733 1030 Acta
785 977 1024 1046 pertinet
1061 976 1120 1033 8.
1158 978 1424 1048 Pastoris,
1457 981 1592 1037 nihil
1630 983 1729 1038 ad-

96 1066 338 1121 modum
378 1070 536 1123 certi
572 1080 845 1139 superest.
874 1072 1241 1128 Continentur
1274 1090 1339 1129 ea
1371 1076 1644 1146 praecipue
1676 1078 1729 1132 in

94 1158 255 1213 Actis
314 1156 429 1213 SS.
487 1158 847 1217 Pudentianaa
880 1171 934 1217 et
960 1163 1261 1229 Praxedis,
1306 1165 1475 1221 infra.
1515 1167 1731 1238 Scripta

95 1259 231 1304 sunt
258 1250 455 1321 ipsius
492 1249 749 1309 Pastoris
774 1254 999 1309 nomine
1026 1253 1317 1325 (Pastoris,
1345 1257 1592 1326 inquam,
1619 1272 1728 1312 non

96 1341 323 1397 Hermae
353 1342 648 1412 Pastoris,
678 1354 740 1401 ut
768 1345 931 1400 habet
965 1345 1237 1403 Baronius
1263 1363 1355 1402 an.
1394 1348 1521 1415 159,
1552 1364 1609 1403 n.
1636 1348 1724 1417 8);

92 1448 282 1504 neque
323 1450 478 1491 sane
534 1436 775 1493 recentia
810 1446 982 1506 sunt;
1011 1439 1233 1509 quando
1264 1450 1319 1496 et
1359 1440 1415 1495 in
1445 1440 1728 1499 codicibus

92 1541 233 1581 mss.
270 1527 681 1600 perantiquis,
736 1529 916 1601 iisque
962 1531 1103 1586 bene
1158 1532 1381 1599 multis,
1431 1532 1723 1604 leguntur;

91 1620 208 1675 imo
247 1621 376 1692 jam
434 1622 589 1678 lecta
623 1633 753 1679 sunt
780 1625 910 1679 olim
970 1625 1171 1682 saeculo
1214 1642 1361 1683 nono
1391 1628 1460 1683 ab
1513 1628 1723 1695 Adone,

91 1724 153 1769 ut
183 1716 244 1770 in
283 1716 418 1786 ejus
473 1715 874 1790 Martyrologio
897 1718 1083 1774 videre
1112 1728 1198 1775 est
1226 1719 1313 1775 die
1336 1735 1430 1774 xtx
1470 1718 1616 1787 Maii,
1648 1738 1721 1776 xx

1845 510 2197 566 consulto'ac
2247 511 2526 581 praaterito
2572 510 2744 566 fratre
2798 510 3105 567 Timotheo.
3154 510 3263 568 Res
3308 529 3430 569 esse

1840 610 2057 671 poterat
2086 603 2326 658 obnoxia
2352 602 2792 671 difficultatibus,
2816 603 2925 659 nisi
2963 620 3088 659 cum
3122 603 3267 660 bona
3315 606 3429 663 fra-

1840 693 1940 748 tris
1980 695 2153 765 gratia
2185 705 2504 752 cerneretur
2548 696 2878 751 haereditas:
2930 696 3099 766 hujus
3137 697 3305 768 igitur
3338 714 3429 755 as-

1840 802 2007 843 sensu
2039 787 2347 843 haaredibus
2376 802 2515 858 Opus
2547 796 2686 844 erat.
2728 789 2876 844 Cedo
2907 804 3059 859 ergo,
3106 806 3219 859 quo
3265 806 3428 861 pacto

1838 874 1886 929 is
1912 891 1978 931 ex
2013 876 2303 934 Timotheo
2327 921 2340 942 ,
2370 879 2463 948 qui
2516 880 2799 950 presbyter
2828 889 2948 936 erat
2977 890 3033 936 et
3080 883 3161 937 vir
3190 885 3428 940 sanctis-

1838 971 2050 1037 simus,
2084 971 2310 1026 extundi
2364 970 2565 1027 fortius
2592 983 2847 1041 poterat,
2881 989 3048 1043 quam
3102 975 3147 1030 si
3202 978 3339 1033 tales
3374 980 3424 1034 ci

1836 1062 2134 1130 natalibus,
2170 1063 2305 1128 vita,
2340 1064 2666 1130 virtutibus,
2726 1064 3002 1135 rebusque
3030 1067 3199 1135 gestis
3227 1069 3431 1139 depin-

1835 1163 2089 1223 gerentur
2120 1155 2383 1225 haeredes,
2418 1165 2477 1210 ut
2513 1172 2741 1226 prorsus
2775 1157 3119 1227 intelligeret,
3156 1160 3428 1231 quidquid

1834 1245 1903 1300 iis
1936 1246 2185 1302 relictum
2207 1258 2374 1313 esset,
2408 1249 2461 1303 id
2488 1250 2561 1304 ita
2593 1250 2924 1307 collocatum
2947 1251 3119 1307 videri
3147 1263 3420 1322 oportere,

1832 1338 1992 1407 quasi
2039 1338 2095 1393 in
2147 1339 2324 1411 ipsius
2359 1340 2486 1409 Dei,
2533 1351 2591 1398 ut
2632 1342 2710 1398 ita
2762 1344 2999 1416 loquar,
3034 1345 3119 1399 vel
3163 1345 3424 1403 Ecclesiae

1832 1445 2032 1486 manus
2066 1433 2456 1504 consignatum
2500 1437 2690 1491 esset?
2723 1435 2839 1492 Hoc
2878 1453 3009 1509 ergo
3043 1437 3156 1509 agit
3203 1437 3418 1506 Pastor,

1832 1534 1960 1575 cum
1998 1518 2057 1574 S.
2092 1518 2357 1577 Praxedis
2384 1532 2536 1596 gesta
2565 1522 2622 1579 8.
2657 1523 2949 1581 Timotheo
2977 1528 3254 1597 explicat,
3293 1537 3419 1582 tan-

1829 1622 2000 1684 toque
2033 1614 2087 1670 id
2123 1616 2237 1686 agit
2282 1616 2352 1674 ad
2402 1633 2518 1674 rem
2574 1633 2730 1675 suam
2763 1622 3128 1691 opportunius
3154 1661 3169 1684 ,
3214 1634 3420 1693 quanto

1829 1707 2135 1776 copiosius.
2190 1707 2267 1763 De
2314 1725 2375 1765 se
2425 1710 2575 1766 enim
2637 1711 2822 1768 dicere
2877 1713 3016 1768 nihil
3068 1714 3282 1781 debuit,
3323 1716 3418 1785 qui

88 1806 269 1873 Junii,
304 1826 411 1864 xx:
450 1808 593 1866 Julii
617 1811 671 1864 in
699 1810 893 1882 elogiis
922 1810 980 1866 S.
1030 1810 1405 1879 Pudentianae,
1443 1813 1500 1869 S.
1526 1813 1672 1868 Nova

1830 1798 2120 1855 Timotheo
2153 1801 2359 1857 dudum
2393 1813 2541 1858 esset
2578 1805 2944 1874 notissimus;
2972 1823 3288 1877 quanquam
3322 1825 3419 1863 ne—

89 1910 146 1955 et
188 1900 253 1956 S.
294 1900 612 1959 Praxedis.
664 1903 936 1959 Caeterum
974 1904 1189 1960 sincera
1222 1922 1455 1975 prorsus
1497 1921 1560 1960 ea
1606 1922 1717 1960 non

91 2010 238 2061 esse,
275 1996 381 2051 sed
417 1996 520 2051 hic
552 1996 664 2051 illic
711 1997 1063 2067 interpolata,
1109 1999 1257 2053 ultro
1288 2014 1389 2054 nos
1429 2000 1534 2070 ipsi
1570 2001 1716 2057 haud

90 2088 333 2143 obscure
364 2087 428 2142 in
462 2087 889 2146 Commentario
922 2093 1149 2161 praevio,
1177 2102 1231 2148 et
1268 2093 1542 2148 adnotatis
1584 2109 1716 2147 con—

90 2180 222 2237 fessi
257 2198 514 2252 sumus;
551 2194 607 2238 at
638 2184 787 2239 omni
812 2185 1043 2240 omnino
1068 2186 1174 2243 ﬁde
1216 2187 1439 2257 indigna
1470 2187 1712 2257 reputari

90 2275 335 2343 debere,
406 2278 667 2331 nondum
736 2278 897 2333 nobis
994 2280 1270 2349 persuasit
1329 2278 1713 2335 Tillemontius

94 2372 228 2421 tom.
260 2364 327 2433 ll,
360 2377 507 2423 nota
544 2369 577 2423 5
614 2368 667 2423 in
706 2368 763 2424 S.
791 2369 951 2425 Pium
981 2386 1179 2441 papam
1211 2391 1225 2428 :
1253 2381 1315 2428 ut
1350 2375 1495 2429 enim
1524 2376 1711 2431 minu-

89 2458 194 2514 tias
222 2470 590 2530 praeteream,
616 2478 756 2533 quas
779 2464 850 2519 ibi
882 2466 1145 2535 congerit,
1170 2475 1229 2521 ut
1258 2482 1422 2523 voces
1444 2467 1707 2525 Actorum

94 2552 313 2621 aliquas
340 2564 401 2609 et
425 2555 667 2625 phrases
692 2566 901 2626 carpat,
933 2565 1193 2629 tanquam
1226 2562 1428 2617 saeculo
1467 2564 1709 2619 secundo

92 2659 198 2697 non
246 2647 544 2715 usitatas,
601 2649 687 2703 vel
722 2651 998 2719 tempori,
1051 2669 1162 2723 quo
1212 2655 1415 2725 scripta
1451 2654 1706 2713 feruntur

92 2734 223 2792 Acta
247 2779 264 2803 ,
322 2757 693 2812 nequaquam
724 2746 1170 2803 accommodatas
1195 2748 1352 2818 (nam
1397 2752 1528 2821 quid
1562 2754 1667 2809 illa:
1688 2795 1704 2822 ,

93 2833 313 2887 tametsi
341 2835 697 2890 adulterinas
719 2850 915 2892 omnes
943 2853 1066 2893 esse
1099 2838 1505 2897 demonstraret
1535 2842 1703 2900 Tille-

95 2923 361 2991 montius,
382 2927 539 2997 quod
570 2943 680 2983 non
708 2927 862 2995 facit,
888 2922 1154 2985 Ac'torum
1178 2933 1501 2989 substantiae
1526 2950 1702 3005 usque

96 3013 227 3068 adeo
256 3016 827 3091 incommodarent)?
861 3031 923 3076 ut
967 3022 1113 3087 illas,
1139 3022 1391 3094 inquam,
1427 3029 1698 3095 omittam,

1822 1908 1930 1963 que
1962 1894 2030 1949 de
2056 1909 2136 1961 se,
2176 1896 2356 1966 quoad
2384 1895 2592 1951 ferebat
2619 1898 2909 1965 modestia,
2943 1900 3132 1955 tacuit.

1893 1986 1981 2040 11.
2032 1985 2260 2042 Leviora
2317 1996 2445 2043 sunt
2490 2004 2613 2059 qua:
2662 1991 2889 2061 subjicit
2939 1989 3322 2047 Tillemontius
3356 2000 3411 2046 ct

1819 2079 1874 2133 in
1899 2080 2149 2135 eamdem
2181 2081 2459 2152 intorquet
2482 2082 2770 2152 epistolam
2800 2102 2813 2138 :
2841 2081 3028 2154 Neque
3059 2083 3185 2150 hoc,
3212 2084 3408 2154 inquit,

1817 2173 1997 2238 video,
2035 2189 2136 2227 cur
2164 2172 2364 2229 Pastor
2396 2174 2689 2231 Timotheo
2717 2186 2905 2232 narret
2930 2193 3019 2232 res
3046 2187 3172 2232 ante
3202 2193 3406 2231 annum

1816 2266 2122 2335 prteteritas
2168 2283 2275 2320 non
2334 2268 2516 2323 solum
2561 2269 2628 2324 de
2662 2268 2720 2323 8.
2773 2268 3017 2324 Pudente
3063 2280 3118 2325 et
3177 2279 3411 2339 utraque

1816 2358 1937 2429 ejus
1971 2361 2078 2415 tilia
2116 2361 2213 2431 (de
2247 2376 2356 2431 qua
2398 2376 2456 2415 re
2481 2361 2597 2430 jam
2645 2364 2805 2429 satis,
2839 2364 3060 2431 opinor,
3097 2363 3406 2433 diximus);

1814 2455 1910 2509 sed
1940 2455 2105 2509 etiam
2144 2456 2211 2509 de
2264 2454 2434 2511 fratre
2474 2455 2593 2525 ejus
2628 2453 2880 2511 Novato:
2928 2473 3055 2509 nam
3106 2458 3152 2511 si
3206 2458 3291 2511 vel
3347 2458 3403 2511 in

1812 2548 2077 2602 extremis
2111 2548 2327 2617 imperii
2365 2548 2569 2603 ﬁnibus
2596 2552 2801 2617 egisset
2833 2547 3175 2613 Timotheus,
3208 2565 3276 2603 an
3311 2565 3406 2618 per

1812 2654 2022 2695 annum
2062 2648 2240 2695 totum
2265 2640 2402 2694 nihil
2424 2641 2493 2695 de
2527 2640 2734 2695 familia
2760 2641 3112 2697 rescivisset?
3145 2640 3402 2710 Respon-

1809 2732 1933 2799 deo,
1960 2732 2014 2787 id
2053 2748 2241 2787 rarum
2286 2749 2397 2788 non
2430 2749 2575 2798 esse,
2623 2742 2684 2787 ut
2722 2731 2958 2792 fratres.
2987 2732 3152 2786 etiam
3204 2746 3399 2801 parum

1808 2823 1954 2878 inter
1982 2839 2042 2879 se
2071 2824 2408 2879 habitatione
2442 2824 2728 2887 distantes,
2750 2821 3065 2891 afrequenti
3093 2822 3398 2876 litterarum

1807 2915 2141 2971 commercio
2157 2916 2321 2970 alieni
2341 2916 2469 2970 sint.
2484 2916 2864 2971 Concedamus
2880 2915 2964 2969 his
2989 2923 3169 2969 tamen
3190 2912 3400 2983 aliquid

1807 3004 2157 3062 Tillemontio
2186 3026 2199 3062 :
2240 3008 2461 3064 sciverit
2492 3009 2577 3063 vel
2601 3023 2670 3063 ex
2700 3005 2921 3075 Novati,
2952 3007 3034 3061 vel
3067 3023 3135 3063 ex
3160 3008 3395 3062 aliorum

99 3118 421 3176 argumenta
457 3112 581 3181 ejus
623 3114 935 3183 praecipua,
991 3122 1045 3169 οι
1097 3114 1152 3171 in
1209 3124 1379 3172 totam
1432 3119 1696 3176 Actorum
1726 3137 1769 3196 ο
1805 3099 2608 3170 litterisTimotheuspleraque
2627 3097 3392 3196 omnia,qu:efrateregisset.

99 3195 310 3255 illorum
350 3201 627 3259 fabricam
663 3203 934 3275 fidemque
963 3205 1189 3273 directa,
1235 3208 1289 3261 id
1326 3224 1697 3281 nequaquam,

102 3289 241 3356 quod
288 3291 467 3361 jactat
492 3336 505 3361 ,
564 3294 839 3350 evincunt.
872 3295 1029 3361 Quod
1073 3303 1131 3349 ut
1166 3297 1468 3367 perspicias
1499 3342 1513 3366 ,
1562 3300 1697 3357 Acta

101 3374 209 3443 ipsa
238 3384 475 3439 consule
518 3402 532 3439 :
584 3383 830 3438 invenies
856 3425 871 3450 ,
922 3399 986 3439 ea
1022 3383 1137 3440 fere
1179 3386 1451 3441 contineri
1483 3388 1697 3446 duabus

102 3469 366 3539 epistolis,
386 3492 627 3544 quarum
660 3476 809 3545 prior
832 3485 915 3532 est
936 3475 1183 3531 Pastoris
1214 3477 1284 3533 ad
1318 3477 1689 3548 Tim0theum,

102 3560 261 3616 altera
289 3564 576 3622 Timothei
605 3568 670 3623 ad
687 3568 989 3623 Pastorem.
1016 3567 1319 3638 Utramque
1349 3571 1690 3640 suppositam

105 3658 416 3715 auctoribus
452 3660 757 3731 inscriptis,
790 3661 902 3716 imo
929 3677 1058 3717 vero
1094 3663 1331 3733 ineptam
1369 3678 1511 3730 esse,
1550 3680 1688 3722 con-

103 3748 270 3801 tendit
300 3753 685 3808 adversarius.

167 3838 251 3894 10.
289 3842 543 3900 Priorem
594 3846 698 3902 hoc
746 3847 1018 3917 imprimis
1050 3848 1155 3902 telo
1206 3848 1451 3903 subverti
1504 3858 1681 3920 putat,

104 3932 240 3996 quod
268 3948 299 3987 a
325 3951 498 4006 scopo
528 3938 917 4009 propositoque
938 3937 1186 3993 Pastoris
1216 3948 1332 3994 toto
1362 3941 1502 3996 cmlo
1528 3942 1685 3996 ablu-

103 4018 220 4075 dat:
265 4021 624 4082 Christianus
653 4028 836 4093 enim,
888 4028 1103 4098 inquit,
1152 4031 1376 4100 quidam
1427 4033 1680 4101 obierat,

104 4105 334 4173 Novatus
394 4120 621 4175 nomine
648 4164 662 4187 ,
699 4121 794 4190 qui
848 4120 1139 4177 facultates
1186 4139 1316 4180 suas
1360 4126 1525 4195 paulo
1555 4135 1683 4181 ante

1805 3195 2001 3251 Annon
2082 3209 2225 3265 satpe
2256 3195 2447 3251 eadem
2491 3193 2735 3247 nuntiari
2778 3201 3012 3262 possunt
3045 3208 3077 3246 a
3118 3191 3397 3246 diversis?

1802 3288 2002 3347 Annon
2084 3288 2176 3343 hic
2220 3288 2533 3358 justissima
2574 3286 2788 3342 Pastori
2840 3301 3004 3340 causa
3040 3294 3158 3340 erat
3200 3301 3395 3341 eorum

1801 3383 1994 3438 saltem
2044 3381 2343 3437 refricandi
2378 3381 2731 3446 memoriam,
2769 3395 2892 3449 quae
2943 3377 3211 3433 Novatum
3249 3378 3392 3432 inter

1798 3484 1855 3530 et
1884 3473 2185 3529 Praxedem
2238 3478 2704 3537 intercesserant,
2743 3473 2885 3527 unde
2918 3472 3155 3527 disceret
3202 3470 3391 3525 Timo-

1797 3567 2000 3633 theus,
2039 3568 2364 3622 munificum
2413 3566 2603 3621 fratris
2661 3567 2716 3619 in
2768 3566 2915 3619 illam
2975 3565 3219 3619 animum
3273 3580 3389 3618 non

1794 3662 2016 3715 aliunde
2049 3660 2348 3726 exstitisse,
2379 3676 2543 3729 quam
2581 3676 2645 3712 ex
2680 3658 3046 3714 sanctissimis
3068 3656 3268 3712 officiis
3299 3656 3384 3709 di-

1792 3754 2047 3824 vinisque
2092 3753 2448 3808 rationibus?
2484 3753 2639 3818 Quod
2686 3752 2840 3806 addit
2873 3752 3243 3813 adversarius,
3278 3750 3382 3803 mi-

1791 3863 1915 3901 rum
1944 3846 2141 3913 videri,
2188 3846 2395 3900 nullam
2436 3846 2564 3900 huic
2616 3846 2859 3915 epistolae
2892 3847 3149 3915 pra-mitti
3186 3844 3382 3899 urbani

1790 3952 1856 3995 ac
1889 3938 2130 3993 liberalis
2174 3937 2342 3993 officii
2384 3938 2845 4008 significationem
2875 3979 2890 4005 ,
2924 3939 3137 3991 nullum
3188 3937 3381 4007 prolo~

1789 4047 1941 4103 gum,
1982 4031 2078 4086 sed
2109 4030 2178 4086 ab
2214 4030 2349 4101 ipsis
2377 4030 2564 4084 statim
2599 4031 2765 4085 rebus
2813 4030 2983 4084 ordiri
3019 4044 3331 4084 sermonem
3361 4047 3376 4095 ;

1787 4124 1843 4180 id
1890 4140 2022 4180 vero
2074 4138 2145 4178 ne
2195 4122 2530 4178 refutatione
2564 4123 2785 4206 quidem
2842 4122 3070 4192 dignum
3127 4131 3374 4192 apparet.

104 4209 449 4267 commiserat
478 4212 694 4268 Pastori
741 4223 964 4281 nostro,
992 4223 1046 4268 et
1089 4215 1288 4284 virgini
1322 4213 1587 4281 Praxedi,
1621 4235 1681 4275 se
1782 4216 2059 4273 Nimirum
2087 4232 2151 4273 ea
2178 4216 2427 4290 queritur
2472 4217 2696 4284 abesse,
2729 4230 2853 4285 qua:
2882 4229 3112 4285 parerga
3147 4229 3377 4284 prorsus

108 4308 313 4356 mortuo
340 4304 765 4375 dispensandas.
803 4304 1008 4361 Scribit
1037 4305 1090 4361 id
1126 4305 1447 4374 Timotheo,
1483 4308 1680 4367 Novati

105 4386 336 4449 defuncti
381 4413 666 4468 germano,
698 4397 924 4467 Pastor;
959 4416 1196 4471 eumque
1225 4403 1499 4471 consulit,
1541 4405 1673 4475 quid

1784 4312 2026 4369 fuissent
2052 4329 2066 4380 ;
2103 4326 2165 4368 ea
2202 4326 2332 4365 vero
2360 4310 2643 4365 abundare
2669 4308 2968 4375 contendit,
2993 4322 3115 4376 quae
3138 4307 3205 4361 ad
3232 4323 3371 4372 rem,

1784 4422 1950 4477 quam
2007 4407 2202 4477 agebat
2259 4404 2475 4469 Pastor,
2526 4404 2690 4457 unice
2723 4401 2952 4457 faciunt.
3009 4398 3234 4455 Urbana
3287 4408 3373 4454 est

106 4480 167 4537 de
208 4486 366 4549 bonis
422 4494 633 4549 relictis
680 4493 993 4551 faciendum
1044 4506 1285 4553 censeat.
1345 4496 1480 4553 Esto
1522 4514 1672 4554 sane.
1708 4510 1754 4566 D
1782 4500 1900 4555 haec
1931 4508 1984 4553 et
2013 4498 2294 4554 sufficiens
2337 4498 2390 4552 in
2428 4496 2655 4568 epistola
2688 4495 2839 4565 gravi
2873 4492 3157 4564 prmfatio:
3215 4511 3234 4544 ι
3265 4490 3371 4547 Pa-

108 4570 236 4638 ΩιιῙά
267 4590 380 4638 tum
412 4595 603 4656 postea
628 4587 651 4641 ?
674 4585 786 4642 Hoc
809 4597 1015 4657 autem,
1046 4588 1243 4660 inquit,
1267 4592 1434 4646 verbo
1459 4599 1674 4647 tantum

105 4681 206 4723 uno
241 4680 480 4742 postulat
528 4678 758 4749 Pastor,
816 4682 981 4752 idque
1027 4682 1083 4737 in
1139 4682 1356 4740 duobus
1417 4686 1675 4740 extremis

106 4762 335 4829 epistola:
360 4774 495 4829 satis
520 4774 697 4844 longa:
718 4775 1039 4842 versiculis;
1091 4776 1302 4846 reliqua
1331 4792 1461 4831 vera
1486 4778 1671 4832 omnia

104 4862 203 4906 ῐιυη
259 4872 321 4913 eo
368 4865 548 4918 solum
604 4866 869 4933 tendunt,
914 4874 976 4921 ut
1022 4868 1276 4921 morbum
1324 4882 1389 4923 ac
1437 4878 1670 4924 mortem

106 4947 357 5013 explicent
386 4956 583 5014 Novati
612 4960 704 5025 (id
739 4959 888 5030 quod
924 4961 1126 5014 rationi
1155 4976 1463 5015 consonum
1491 4962 1668 5018 videri

1784 4600 1900 4647 stor
1921 4591 2203 4662 presbyter
2218 4589 2509 4644 Timotheo
2536 4588 2852 4659 presbytero
2872 4586 3124 4642 salutem.
3149 4606 3166 4636 ι
3189 4585 3367 4655 Atque

1781 4683 1900 4739 haec
1952 4691 2120 4751 sunt,
2180 4683 2382 4752 quibus
2414 4680 2661 4735 Pastoris
2706 4679 2997 4750 epistolam
3062 4678 3364 4733 universim

1768 4770 1994 4848 impetit
2024 4787 2221 4835 acutus
2247 4778 2337 4832 hic
2372 4791 2589 4831 censor.

1848 4869 1935 4924 12.
1963 4868 2203 4923 Alteram
2229 4868 2535 4937 epistolam,
2563 4880 2685 4935 qua:
2703 4862 2973 4920 Timothei
2999 4872 3101 4930 est,
3131 4862 3218 4918 his
3241 4871 3362 4918 tan-

1775 4969 1893 5019 tum
1920 4962 2100 5017 verbis
2145 4960 2459 5032 aggreditur
2496 4978 2511 5013 :
2554 4977 2572 5010 ‹
2616 4958 2855 5025 Litterae,
2901 4958 3100 5027 quibus
3137 4956 3356 5013 Pastori

104 5043 367 5113 Poterat);
411 5048 508 5103 sed
554 5050 720 5104 etiam
774 5065 861 5115 eo,
912 5058 973 5104 ut
1010 5051 1064 5105 in
1099 5053 1341 5106 medium
1391 5052 1671 5123 proferant
1771 5053 2060 5124 respondit
2082 5050 2575 5117 Timotheus,nihil
2595 5051 2757 5105 etiam
2776 5066 2965 5105 eorum
2989 5051 3210 5117 habent,
3234 5065 3359 5121 qua)

106 5125 347 5199 Q'Iidtmid
380 5149 505 5209 post
535 5141 749 5195 obitum
783 5139 884 5196 SS.
923 5141 1280 5197 Pudentianae
1321 5151 1375 5197 et
1404 5142 1668 5207 Pudentis

104 5210 354 5283 Praxodes
395 5247 423 5287 a
466 5232 692 5289 biennio
726 5241 991 5304 gesserat.
1022 5232 1164 5301 Quid
1198 5234 1313 5291 haec
1360 5236 1429 5290 ad
1473 5235 1664 5291 Timo-

108 5304 461 5401 t‘ht’ummuid
502 5325 570 5379 ad
617 5327 829 5382 litteras
874 5327 1211 5397 attinebant,
1255 5330 1455 5401 quibus
1495 5329 1666 5384 frater

107 5395 166 5450 de
192 5401 362 5468 fratris
388 5417 536 5472 obitu
567 5419 852 5475 docendus
879 5420 1036 5475 erat?
1063 5418 1141 5475 Ita
1172 5395 1287 5478 ille:
1310 5421 1661 5491 Respondeo,

110 5492 363 5559 aPtissima
394 5508 525 5562 mihi
550 5510 723 5565 videri
766 5511 833 5565 ad
876 5526 993 5565 rem
1035 5520 1357 5583 praesentem
1400 5528 1661 5581 quacun-

1775 5145 1901 5215 quis
1931 5143 2008 5197 illi
2034 5143 2263 5205 diceret,
2296 5157 2328 5197 a
2361 5158 2469 5211 quo
2505 5142 2608 5197 sibi
2641 5143 2707 5196 de
2743 5141 2929 5198 fratris
2961 5143 3112 5197 obitu
3144 5159 3353 5197 renun-

1769 5236 1965 5289 tiatum
1990 5244 2155 5288 esset.
2187 5253 2205 5286 ›
2231 5232 2483 5303 Requirit
2506 5233 2612 5300 hic,
2638 5233 2852 5301 opinor,
2879 5234 3117 5288 lamenta
3141 5234 3350 5301 fratris,

1771 5335 1867 5381 aut
1890 5326 2096 5396 aliquid
2121 5334 2267 5381 certe
2286 5327 2576 5395 ejusmodi.
2598 5324 2701 5381 Sed
2723 5342 2930 5396 quaero,
2948 5326 3093 5382 unde
3114 5335 3349 5393 constet,

1766 5419 1884 5474 haec
1901 5435 1931 5473 a
1948 5418 2235 5473 Timotheo
2258 5419 2313 5472 in
2336 5419 2526 5473 eadem
2547 5420 2778 5489 epistola
2796 5437 2903 5474 non
2926 5419 3097 5475 fuisse
3122 5419 3344 5487 scripta,

1766 5514 1988 5569 tametsi
2022 5512 2389 5584 praetermissa
2418 5514 2507 5568 hic
2547 5515 2651 5568 sint
2687 5530 2718 5568 a
2766 5512 3013 5579 Pastore,
3060 5528 3124 5567 ac
3160 5513 3347 5567 studio

109 5592 201 5677 que
220 5590 279 5646 de
305 5594 359 5652 S.
376 5598 619 5659 Praxede
635 5604 927 5661 Timotheo
949 5614 1137 5660 narrat
1162 5604 1387 5673 Pastor;
1419 5606 1655 5676 ineptam
1758 5605 1944 5677 potius
1974 5606 2234 5672 rescissa,
2254 5606 2403 5675 quod
2428 5606 2496 5660 ad
2527 5606 2817 5662 historiam
2858 5605 2960 5660 SS.
2986 5605 3343 5661 Pudentianae

113 5676 243 5739 vero,
274 5696 388 5750 qua!
430 5690 498 5746 iis
540 5693 835 5765 objicitur,
880 5689 1215 5749 Tillemontii
1258 5695 1468 5751 crisim.
1514 5693 1652 5763 Quid

112 5773 278 5825 enim?
315 5776 560 5843 ilaeredes
612 5785 856 5845 Novatus
905 5784 1192 5845 Pastorem
1263 5791 1557 5861 scripserat
1599 5797 1653 5847 et

1756 5709 1813 5753 et
1860 5695 2121 5754 Praxedis
2167 5698 2303 5753 nihil
2350 5698 2650 5769 quidquam
2695 5698 3047 5754 conferrent?
3096 5697 3153 5754 Id
3193 5700 3338 5769 quod

1761 5790 1925 5850 etiam
1971 5792 2027 5850 in
2058 5791 2229 5864 priori
2274 5791 2501 5863 epistola
2555 5790 2670 5848 fieri
2709 5806 2775 5847 ex
2816 5790 3083 5849 industria
3135 5791 3331 5864 potuit.
