3830 6216
462 304 600 359 1019

1610 310 1952 366 APPENDIX
1990 311 2082 366 AD
2134 312 2192 368 S.
2231 310 2539 366 llERMAM.

3606 310 3632 361 1
3646 309 3757 362 0'20

457 395 662 450 Suadet
692 395 744 450 id
771 397 902 452 mihi
932 399 1014 454 vel
1058 399 1315 465 maxime,
1343 399 1491 470 quod
1535 410 1731 456 neutra
1769 403 1887 457 haec
1914 403 2032 473 epi-
2061 409 2110 466 Α
2137 403 2248 458 sint
2291 403 2562 471 insultus,
2615 411 2677 459 ut
2710 404 2842 459 Acta
2879 403 2991 474 jam
3041 402 3183 457 dicta
3227 417 3335 456 non
3374 401 3544 455 modo
3574 403 3755 456 inter-

454 488 594 542 8lola
624 490 856 544 seorsini
890 491 1090 560 scripta
1133 492 1420 561 reperitur,
1456 493 1551 548 sed
1597 494 1890 564 conjuncta
1918 503 2042 549 tan-

453 582 741 636 tummodo
779 597 903 636 cum
943 584 1092 638 Actis
1134 593 1486 652 sanctarum,
1515 601 1653 654 quas
1694 586 1837 654 dixi,
1874 587 2041 658 virgi-

455 689 620 735 num;
651 673 724 727 ita
758 683 818 727 ut
846 690 1038 728 eorum
1065 685 1273 744 partem
1308 676 1465 746 longe
1489 677 1786 731 maximam
1813 677 2038 744 faciant,

452 774 508 820 et
554 765 787 835 paucuia
838 766 906 820 iis
949 766 1018 820 ab
1066 767 1186 836 ipso
1234 767 1457 823 Pastore
1519 769 1586 823 ad
1657 771 2039 840 complendam

457 860 719 916 Actorum
749 861 1124 915 narrationem
1171 861 1523 928 adjiciantur.
1574 861 1833 918 Historici
1863 864 2041 920 enim-

457 961 591 1000 vero
627 947 911 1017 scriptoris
939 957 1045 1015 est,
1079 965 1186 1003 non
1222 950 1432 1022 integra
1461 952 1640 1007 ubivis
1677 953 2044 1010 instrumenta

454 1037 725 1105 proferre,
753 1037 846 1091 sed
878 1040 1104 1094 resectis
1137 1041 1404 1111 parergis,
1435 1056 1529 1097 eos
1581 1050 1792 1097 tantum
1825 1059 1893 1099 ex
1934 1043 2044 1099 illis

454 1137 656 1193 textus,
685 1130 778 1199 qui
814 1131 868 1184 in
902 1147 1016 1186 rem
1058 1149 1214 1188 suam
1247 1134 1378 1196 sint,
1412 1133 1642 1190 fideliter
1666 1135 1943 1191 exhibere.
1975 1135 2046 1189 At

454 1222 632 1286 enim,
681 1223 898 1292 inquis,
945 1225 988 1279 si
1041 1226 1272 1295 epistola
1305 1226 1556 1280 mutilata
1606 1235 1721 1293 est,
1766 1227 1960 1296 utquid
1992 1229 2040 1282 ei

453 1317 748 1384 praefigitur
779 1317 946 1371 totius
969 1317 1213 1386 epistolae
1248 1317 1554 1386 inscriptio,
1604 1316 1905 1370 Timotheus
1928 1335 2046 1387 pre-

454 1415 664 1477 sbyter,
695 1409 848 1463 etc.?
879 1408 1203 1479 Respondeo
1227 1449 1243 1476 ,
1280 1417 1338 1464 ut
1375 1409 1561 1463 lectori
1593 1417 1905 1475 eonstet,cx
1935 1425 2046 1480 quo

455 1513 814 1556 monumento
846 1502 1090 1558 narratio
1116 1501 1436 1571 deprompta
1472 1502 1562 1556 sit.
1593 1501 1658 1556 Et
1685 1503 1758 1556 ita
1793 1503 1846 1557 in
1876 1503 2046 1558 variis

455 1593 737 1648 codicibus
795 1594 1001 1648 nostris
1061 1593 1466 1662 membraneis,
1526 1593 1581 1647 in
1647 1594 1849 1664 quibus
1913 1593 2046 1650 Acta

458 1685 518 1739 S.
556 1683 816 1741 Praxcdis
841 1727 856 1750 ,
923 1702 1031 1739 non
1082 1686 1210 1747 item
1268 1684 1623 1740 Pudentianae
1649 1725 1664 1750 ,
1709 1686 2044 1751 traduntur,

2146 495 2327 566 polata
2375 496 2629 550 ostendat
2671 512 2834 562 esse,
2901 494 3052 564 quod
3109 495 3252 548 ultro
3298 494 3751 556 admiserarnus,

2144 585 2237 642 sed
2275 605 2293 637 ι
2329 587 2477 640 omni
2507 587 2671 641 etiam
2704 586 2930 641 omnino
2959 585 3060 639 tide
3082 585 3321 655 indigna.
3354 603 3375 636 ι

2217 677 2306 731 15.
2329 675 2548 742 Nescio,
2582 693 2650 730 an
2681 677 2934 747 puriores
2966 674 3077 728 sint
3105 672 3304 740 fontes,
3335 674 3486 728 unde
3518 682 3753 732 castora.

2145 786 2267 840 quae
2289 770 2358 824 de
2389 769 2446 824 S.
2480 768 2705 824 Pastore
2729 784 2902 838 pauca
2933 767 3040 822 dici
3085 775 3336 838 possunt,
3373 767 3752 819 hauriuntur.

2145 860 2392 916 Fratrem
2440 859 2613 918 fuisse
2653 859 2711 914 S.
2741 859 2824 913 Pii
2857 874 3030 930 papae,
3073 859 3236 914 docet
3273 857 3611 911 Anastasius
3666 856 3757 908 Bi-

2145 953 2561 1020 bliothecarius,
2592 952 2742 1007 Actis
2769 951 2883 1022 jam
2911 951 3126 1017 citatis,
3166 967 3233 1006 ex
3274 950 3484 1020 quibus
3518 959 3757 1004 contra-

2146 1045 2291 1100 rium
2335 1045 2518 1115 potius
2566 1045 2783 1099 videtur
2830 1059 2994 1114 posse
3035 1043 3252 1114 colligi,
3281 1041 3605 1097 recentior:
3662 1058 3756 1096 se-

2147 1144 2393 1206 quuntur
2442 1135 2532 1190 hic
2595 1134 2748 1189 illum
2807 1135 3017 1189 interea
3070 1133 3442 1205 Martyrologii
3521 1131 3757 1187 codices

2146 1244 2293 1282 unus
2321 1236 2376 1282 et
2406 1227 2566 1294 alter,
2600 1227 2738 1280 inter
2777 1225 3015 1282 Usuardi
3054 1227 3229 1282 nostri
3265 1225 3520 1282 auctaria
3559 1225 3754 1280 relati.

2149 1316 2374 1383 Vereor,
2408 1333 2475 1372 ne
2518 1317 2592 1372 sit
2633 1317 2993 1372 hallucinatio
3039 1317 3354 1384 Anastasii,
3395 1316 3531 1371 inde
3588 1326 3755 1379 nata,

2148 1411 2292 1480 quod
2337 1409 2623 1464 Pastorem
2669 1409 2981 1464 confuderit
3005 1426 3130 1465 cum
3182 1409 3475 1476 llermcte,
3534 1411 3636 1480 qui
3701 1410 3755 1462 in

2147 1503 2528 1559 vetustissimo
2557 1501 2884 1557 Pontificum
2911 1504 3156 1573 catalogo
3178 1502 3257 1556 Pii
3291 1501 3462 1556 frater
3495 1505 3759 1572 appella-

2150 1605 2258 1651 tur.
2287 1594 2361 1651 De
2389 1604 2546 1650 aetate
2589 1595 2763 1650 sancti
2802 1596 2978 1650 nostri
3003 1595 3137 1649 nihil
3167 1595 3502 1650 invenimus.
3541 1593 3599 1648 lu
3627 1597 3758 1664 epi-

2154 1685 2294 1742 stola
2351 1686 2587 1742 secunda
2639 1685 2722 1738 Pii
2773 1701 2927 1756 papae.
2969 1684 2989 1738 l
3035 1686 3100 1740 ad
3152 1685 3368 1739 Justum
3415 1687 3762 1756 episcopum

459 1776 733 1844 posterior
781 1784 994 1830 tantum
1027 1785 1080 1830 et
1122 1775 1304 1830 minor
1351 1792 1478 1846 pars
1528 1776 1753 1831 all‘crtur
1801 1777 2048 1846 epistola:
2078 1773 2122 1832 Β
2155 1779 2517 1834 Viennensem
2572 1776 2811 1849 legitur:
2866 1795 2885 1829 ι
2943 1777 3231 1848 Presbyter
3275 1775 3474 1830 Pastor
3522 1778 3761 1831 titulum

457 1865 702 1923 Pastoris
725 1883 848 1921 cum
878 1867 1089 1922 caeteris
1128 1881 1250 1934 qua:
1299 1876 1604 1935 sequuntur
1635 1868 1688 1920 in
1713 1866 1866 1922 Actis
1890 1867 2050 1923 nobis

460 1959 625 2014 editis
652 1976 679 2013 a
716 1975 867 2014 num.
895 1959 963 2014 5:
996 1975 1120 2013 cum
1152 1968 1332 2012 tamen
1362 1959 1451 2014 isti
1486 1959 1697 2013 lacinia:
1737 1960 1907 2016 totius
1938 1961 2054 2031 epi-

459 2047 613 2101 stolae
647 2047 1008 2116 prtemittatur
1037 2049 1363 2118 inscriptio;
1410 2048 1464 2103 id
1486 2049 1632 2118 quod
1663 2048 1832 2103 etiam
1863 2051 2052 2105 obser-

461 2155 592 2194 vare
623 2140 747 2194 licet
779 2141 922 2210 apud
958 2140 1136 2196 Eniin.
1166 2141 1464 2196 Baronium
1496 2143 1563 2196 ad
1605 2158 1808 2196 annuat
1843 2144 2050 2198 Christi

465 2233 601 2298 162;
635 2250 972 2304 quanquam,
1017 2246 1077 2288 ut
1116 2235 1230 2304 ipse
1273 2251 1395 2290 eam
1431 2235 1612 2302 dedit,
1661 2235 1831 2290 videri
1879 2238 2052 2307 possit

460 2325 693 2393 cpistola
726 2325 979 2381 absoluta
1006 2336 1060 2381 et
1089 2327 1299 2397 integra
1325 2345 1340 2395 ;
1366 2341 1492 2382 cum
1521 2326 1576 2381 in
1600 2327 1860 2384 omnibus
1899 2329 2052 2385 codi-

459 2415 619 2469 cibus
651 2417 859 2472 nostris
886 2433 1022 2474 mss.
1055 2428 1337 2488 appareat,
1372 2427 1583 2489 partem
1625 2427 1838 2474 tantum
1869 2437 1991 2476 esse
2019 2437 2051 2476 a

462 2509 789 2576 praecedenti
822 2519 969 2564 textu
998 2511 1271 2576 avulsam,
1298 2520 1353 2566 et
1375 2511 1443 2566 ad
1475 2513 1629 2566 illum
1663 2512 2004 2567 referendam
2033 2529 2048 2566 :

462 2600 554 2653 alii
589 2600 668 2654 sic
691 2601 1027 2655 ordiuntur:
1063 2620 1082 2652 ‹
1125 2601 1289 2673 Virgo
1331 2602 1539 2658 Christi
1585 2602 1858 2659 Praxedes
1892 2604 2048 2657 habi-

463 2691 596 2746 tavit
627 2692 678 2745 in
706 2692 885 2746 cadent
933 2692 1112 2762 titulo,
1136 2695 1485 2750 vehementer
1505 2693 1748 2765 affligens
1771 2711 1849 2761 se,
1888 2713 1906 2747 ι
1937 2706 2043 2750 etc.

462 2784 568 2836 Alii
596 2784 674 2837 sic
706 2802 717 2836 :
747 2781 912 2854 Virgo
955 2785 1285 2840 venerabilis
1347 2784 1623 2841 Praxedes
1669 2787 1940 2840 habitavit
1994 2786 2051 2840 in

463 2875 624 2930 titulo
667 2877 978 2944 supradicto
1029 2876 1225 2931 afﬂicta
1282 2887 1502 2947 propter
1566 2879 1858 2932 transitum
1929 2893 2053 2947 ger-

465 2982 639 3020 mana:
681 2981 840 3029 suae,»
875 2977 980 3022 etc.
1035 2966 1142 3022 Sed
1189 2968 1318 3039 quid
1371 2985 1473 3039 ego
1532 2969 1621 3023 hic
1653 2969 1854 3039 plura?
1894 2967 2052 3022 Patet

464 3059 595 3114 hinc
652 3059 819 3124 satis,
855 3069 914 3114 ut
943 3059 1201 3124 arbitror,
1251 3076 1419 3131 quam
1461 3060 1666 3116 debiles
1709 3059 2045 3115 Tillcmontii

2157 1871 2419 1936 condidit,
2447 1879 2500 1924 et
2530 1869 2690 1940 digne
2716 1870 2770 1923 in
2802 1867 3036 1923 Domino
3059 1869 3217 1922 obiit.
3251 1887 3268 1920 ι
3305 1867 3590 1922 Dicendus
3613 1884 3764 1937 ergo

2154 1972 2300 2018 esset
2328 1963 2532 2017 obiisse
2559 1961 2661 2016 sub
2687 1960 2747 2015 S.
2775 1959 2853 2014 Pii
2887 1961 3228 2031 pontificatu,
3273 1959 3525 2028 adeoque
3551 1974 3763 2013 versus

2155 2054 2395 2110 medium
2423 2055 2606 2110 saculi
2640 2053 2903 2120 secundi;
2940 2053 2985 2107 si
3028 2053 3159 2107 stari
3196 2059 3382 2121 posset
3422 2052 3592 2120 hujus
3629 2055 3761 2121 epi—

2155 2146 2309 2201 stolze
2335 2146 2664 2200 auctoritate
2689 2163 2702 2211 ;
2731 2145 2878 2216 quod
2911 2145 3074 2210 addo,
3101 2145 3228 2214 quia
3257 2144 3621 2212 quantumvis
3649 2142 3762 2196 Ba-

2153 2241 2345 2294 ronius
2374 2239 2644 2295 sinceram
2681 2238 2829 2292 illam
2867 2253 2987 2292 esse
3013 2236 3219 2306 judicet
3249 2237 3300 2288 in
3333 2236 3650 2288 Annalibus
3687 2236 3759 2288 ad

2155 2346 2361 2386 annum
2398 2330 2536 2395 166,
2567 2331 2619 2385 id
2673 2341 2856 2384 tamen
2899 2328 2992 2381 alii
3042 2327 3266 2396 quidam
3317 2341 3426 2379 non
3485 2326 3756 2396 probant,

2157 2430 2296 2478 teste
2320 2421 2541 2477 Labbeo
2568 2429 2760 2475 nostro
2794 2430 2930 2474 tom.
2961 2417 2981 2472 l
3038 2416 3404 2471 Conciliorum
3451 2418 3563 2471 col.
3596 2417 3711 2471 576
3739 2436 3756 2481 ;

2156 2513 2544 2569 Tillcmontius
2588 2512 2992 2582 supposititiam
3033 2525 3155 2565 esse
3203 2509 3395 2562 multis
3433 2510 3760 2563 rationibus

2157 2615 2388 2660 conatur
2419 2603 2708 2659 ostendere
2753 2601 2993 2656 Monum.
3024 2600 3151 2655 accf.
3200 2609 3334 2654 tom.
3361 2597 3425 2664 ll,
3452 2609 3586 2652 nota
3627 2601 3666 2653 Δ
3703 2600 3760 2652 in

2156 2701 2215 2755 S.
2260 2699 2455 2764 Pium;
2485 2706 2539 2752 et
2576 2707 2635 2750 ut
2663 2696 2801 2750 alios
2835 2696 3017 2766 plures
3051 2695 3321 2759 omittam,
3356 2694 3502 2746 inter
3538 2693 3764 2746 adulte-

2155 2793 2305 2848 rinas
2341 2789 2668 2844 Pontificum
2705 2787 3081 2842 Romano-rum
3111 2786 3375 2856 epistolas
3405 2801 3532 2838 eam
3565 2787 3766 2840 retulit

2154 2900 2328 2954 nuper
2363 2882 2557 2938 Petrus
2610 2880 2881 2935 Constant
2920 2881 2974 2934 in
3017 2880 3312 2948 appendice
3362 2879 3428 2932 ad
3482 2887 3704 2932 tomum
3741 2879 3759 2932 l

2154 2974 2524 3046 Epistolarum
2584 2971 2959 3027 Romanorum
3015 2970 3344 3026 Pontificum
3394 2971 3507 3025 col.
3573 2971 3644 3026 18
3710 2983 3766 3028 et

2155 3062 2426 3132 sequenti.

1640 3297 2132 3361 SANCTARUM
2189 3297 2595 3360 VIRGINUM

974 3447 2036 3585 PUDENTIAN/E
2129 3451 2333 3575 ET
2439 3443 3230 3579 PRAXEDIS

1921 3703 2098 3824 AC
2116 3704 2307 3819 TA

877 3925 1438 4021 AUCTORE
1521 3927 1616 4018 S.
1695 3923 2236 4018 PASTORE
2333 3919 2896 4016 OCULATO
2973 3917 3343 4011 TESTE

1643 4112 1786 4175 (Acta
1804 4111 1901 4161 ss.
1926 4107 2076 4174 3011.,
2108 4109 2223 4160 Mali
2249 4114 2284 4160 t.
2311 4109 2394 4170 1v,
2432 4123 2482 4172 p.
2511 4108 2647 4171 299.)

544 4217 598 4274 1.
637 4217 830 4276 Pastor
873 4224 1155 4293 presbyter
1213 4224 1506 4280 Timotheo
1547 4223 1868 4294 presbytero
1896 4222 2060 4294 isalu-
2089 4229 2131 4286 C
2167 4231 2274 4279 tem
2303 4223 2438 4295 (90).
2471 4223 2711 4290 Pudens,
2740 4221 2910 4277 frater
2931 4227 3119 4274 noster
3140 4223 3196 4270 et
3220 4211 3437 4266 amicus
3457 4210 3610 4280 (9|),
3641 4227 3773 4282 apo-

545 4335 658 4406 (90)
709 4336 936 4411 lnhaliis
959 4319 1218 4411 tantiquis
1249 4355 1385 4396 mss.
1419 4351 1473 4393 et
1501 4340 1645 4408 apud
1675 4337 2054 4411 Mombritium

476 4406 578 4461 hoc
614 4408 902 4463 exordium
942 4406 1282 4466 collocatur:
1321 4428 1341 4462 ι
1378 4406 1574 4464 Omnia
1605 4426 1727 4479 quae
1763 4424 1793 4462 a
1844 4409 2052 4464 sanctis

475 4487 627 4544 gesta
659 4491 786 4550 sunt
819 4481 901 4535 vel
952 4491 1246 4548 geruntur,
1269 4481 1316 4536 si
1349 4481 1473 4550 quis
1518 4479 1754 4534 voluerit
1803 4481 2054 4534 studiose

477 4548 824 4621 conquirere,
852 4559 906 4604 et
939 4551 1041 4604 sibi
1072 4562 1125 4606 et
1157 4548 1407 4621 plurimis
1430 4550 1805 4621 imdificat-ionis
1831 4551 2057 4605 exhibet

477 4615 748 4690 fructum;
797 4629 850 4674 et
881 4621 1042 4690 quasi
1072 4615 1238 4676 arbor
1266 4620 1550 4676 fructifera
1584 4635 1695 4674 non
1739 4620 1860 4675 sine
1890 4635 2061 4674 causa

479 4689 744 4760 probatur
776 4689 1046 4760 occupare
1083 4705 1281 4746 terram
1321 4693 1450 4746 dum
1482 4691 1639 4755 vivit,
1679 4705 1803 4760 cum
1849 4698 1904 4744 et
1946 4693 2063 4760 ipse

479 4759 596 4813 suis
617 4761 794 4829 pomis
818 4759 1068 4828 ornatur,
1091 4772 1147 4816 et
1169 4763 1350 4818 omnis
1369 4762 1462 4831 qui
1481 4777 1544 4816 ex
1577 4776 1644 4815 eo
1676 4759 1915 4814 fructum
1941 4759 2062 4830 per—

479 4831 687 4897 ceperit
729 4832 1032 4902 saginatur.
1077 4833 1408 4897 Scribimus,
1441 4841 1501 4885 ut
1546 4832 1599 4885 in
1641 4831 1810 4902 gestis
1845 4831 2062 4902 inveni-

482 4914 628 4964 mus,
646 4901 791 4972 quid
808 4901 1047 4972 egerint,
1075 4903 1207 4972 quid
1238 4903 1403 4959 locuti
1449 4904 1576 4967 sint,
1612 4901 1742 4971 quid
1773 4902 1923 4972 passi
1954 4901 2066 4972 sint

484 4969 692 5024 sancti.
740 4969 1026 5028 Ostendite
1073 4969 1170 5028 vos
1211 4989 1335 5029 esse
1363 4969 1696 5035 catholicos,
1729 4969 1823 5040 qui
1853 4970 2061 5025 Christi

483 5040 743 5096 victorias
779 5059 994 5109 semper
1027 5043 1258 5098 libenter
1285 5044 1509 5107 auditis,
1547 5053 1600 5097 et
1631 5043 1912 5109 interrogo
1944 5057 2064 5107 vos,

483 5126 624 5185 quas
667 5121 850 5166 tamen
900 5113 991 5185 [an
1031 5132 1194 5185 quare
1225 5113 1501 5185 taudemﬂ
1549 5115 1692 5167 inter
1728 5113 2068 5185 apocryphas

486 5182 695 5254 litteras
729 5185 843 5238 haec
869 5181 1117 5238 vocando
1148 5186 1405 5244 censetis.
1433 5181 1529 5254 per
1582 5199 1721 5253 quas
1768 5181 2068 5253 (laudatur)

489 5251 728 5324 Pudens,
778 5254 946 5310 frater
971 5265 1158 5311 noster
1180 5265 1234 5310 et
1263 5251 1477 5309 amicus
1501 5251 1900 5324 apostolorum,
1934 5251 2068 5322 quia

488 5323 665 5396 cultor
693 5335 746 5380 et
765 5335 1052 5396 susceptor
1079 5337 1395 5381 sanctorum
1425 5323 1836 5396 peregrinorum
1855 5339 2071 5378 summa

489 5395 790 5466 ambitione
822 5395 943 5451 fuit.
978 5395 1080 5463 Qui
1108 5395 1660 5466 contemptoimundo
1688 5403 1741 5449 et
1781 5402 2072 5466 parentum

488 5463 768 5534 facilitate,
799 5467 1022 5521 Christo
1061 5482 1276 5536 semper
1300 5463 1546 5535 paratus,
1567 5467 1639 5536 in
1678 5465 1936 5519 omnibus
1966 5463 2073 5517 Do-

491 5536 626 5588 mini
677 5538 982 5606 praeceptis,
1019 5556 1036 5587 ι
1083 5535 1211 5601 οῑοξ,
1245 5546 1305 5590 ut
1328 5553 1511 5602 supra.
1540 5535 1653 5590 Hoc
1693 5545 1874 5589 autem
1907 5550 2071 5589 exor-

490 5606 641 5659 dium
669 5608 837 5662 videri
863 5616 1048 5676 posset
1069 5618 1226 5662 mlate
1262 5608 1464 5662 Gelasii
1490 5623 1642 5677 papa:
1663 5606 2071 5677 concinnatum,

493 5677 718 5742 quando
750 5675 955 5732 mulius
983 5677 1171 5731 Roma:
1201 5694 1385 5733 sermo
1421 5675 1846 5745 deﬁapocryphis
1875 5677 2074 5730 discer-

496 5748 692 5799 nendis
711 5790 724 5812 ,
749 5763 914 5803 causa
943 5757 1087 5803 certe
1105 5749 1425 5817 suppetebat
1451 5749 1516 5801 rle
1536 5749 1619 5802 his
1639 5748 1775 5802 actis
1789 5745 2074 5817 dubitandi

497 5827 717 5885 propter
770 5817 1032 5876 insertam
1092 5816 1425 5877 mentionem
1483 5818 1860 5889 apostolorum
1915 5827 1968 5876 ct
2012 5816 2070 5872 B.

2167 4337 2340 4400 Pauli,
2355 4347 2408 4392 et
2426 4338 2554 4391 hinc
2571 4337 2898 4407 existentem
2915 4327 3453 4407 parachropismum.
3478 4326 3775 4407 Arinﬁhus

2161 4395 2344 4463 Romae
2383 4408 2742 4462 subterranea:
2766 4406 2864 4460 lib.
2894 4395 2969 4477 tv,
3005 4416 3128 4477 cap.
3173 4397 3270 4477 2],
3301 4397 3412 4450 alia
3441 4409 3593 4450 mss.
3624 4395 3778 4477 .Vati-

2160 4495 2297 4534 cana
2353 4479 2570 4547 allegat,
2607 4478 2710 4533 sub
2753 4474 3000 4530 numeris
3043 4468 3090 4524 Δ(
3115 4479 3169 4525 et
3206 4468 3263 4530 9,
3295 4480 3549 4547 quorum
3605 4468 3778 4547 initio

2168 4551 2348 4620 agitur
2369 4549 2435 4604 de
2456 4535 2736 4620 Antonino
2760 4547 3124 4620 imperatore;
3158 4547 3212 4592 et
3241 4537 3506 4618 subditur
3524 4552 3577 4620 ξς
3605 4535 3779 4620 H_ujus

2168 4607 2512 4689 temporibus
2548 4621 2630 4673 vir
2654 4617 2758 4689 fuit
2789 4607 3006 4670 in'urbe
3033 4611 3228 4689 Roma,
3260 4607 3495 4689 nomine
3531 4607 3776 4689 Pudens.

2168 4678 2364 4760 genere
2385 4690 2605 4760 nobilis,
2625 4688 2788 4758 cujus
2807 4693 2963 4756 pater
2981 4682 3281 4760 vocabatur
3300 4678 3586 4760 Punicus,
3603 4687 3779 4760 mater

2169 4748 2353 4814 autem
2396 4748 2647 4814 Priscilla
2670 4748 2969 4828 {quorum
3001 4752 3220 4828 quidem
3245 4748 3504 4828 arbitrio
3537 4749 3776 4801 duxerat

2173 4831 2486 4900 coniugem,
2548 4818 2768 4884 nomine
2820 4818 3181 4900 Sabine'llatn,
3243 4818 3568 4900 illustribus
3624 4834 3779 4900 teque

2168 4887 2678 4964 orta'munatalibus,
2710 4900 2778 4971 de
2823 4912 2934 4971 qua
2961 4890 3379 4971 duas_suscepit
3430 4887 3609 4971 filias,
3661 4889 3777 4958 pul-

2169 4973 2335 5026 chras
2381 4973 2586 5040 specie,
2632 4958 2727 5024 sed
2758 4958 3011 5040 moribus
3036 4961 3422 5040 pulchriores.
3451 4977 3472 5008 ι
3519 4958 3656 5014 llaec
3685 4975 3777 5040 au-

2173 5051 2279 5096 tem
2310 5031 2535 5110 genuini
2568 5031 2692 5112 styli
2725 5031 3137 5112 simplicitatem
3169 5046 3277 5112 non
3304 5031 3565 5112 sapiunt,
3609 5031 3778 5112 male-

2171 5128 2281 5180 que
2306 5102 2639 5166 tribuuntur'
2659 5102 2908 5180 Pastori.
2940 5102 3415 5180 Mi_n_trs_alterat_us
3439 5109 3642 5180 ιεξιιιβ
3675 5109 3773 5161 est,

2174 5168 2439 5237 alteratus
2468 5192 2676 5243 tamen,
2703 5183 2758 5234 in
2793 5179 2982 5233 codice
3003 5175 3165 5237 H88,
3195 5172 3447 5241 ejusdem
3493 5168 3776 5225 Vaticana:

2175 5253 2550 5315 bibliothecae,
2583 5252 2743 5321 cujus
2772 5249 3111 5321 ecgraphum
3142 5243 3309 5321 nobis
3345 5257 3449 5321 sua
3478 5257 3658 5321 manu
3690 5243 3776 5294 de-

2177 5323 2392 5391 scripsit
2419 5323 2484 5377 R.
2532 5310 2594 5377 P.
2623 5310 2870 5376 Joannes
2896 5310 3526 5391 Franciscuanannius
3559 5314 3667 5366 hoc
3689 5327 3775 5391 t3-

2179 5380 2377 5448 ordio:
2413 5412 2430 5444 ι
2467 5392 2830 5465 Sanctissimo
2855 5405 2920 5444 ac
2958 5383 3263 5465 venerabili
3312 5382 3651 5465 presbytero
3684 5380 3775 5465 ifi-

2181 5465 2406 5518 motheo
2427 5465 2584 5518 fratri
2615 5463 2808 5517 Pastor
2828 5459 3134 5534 presbyter.
3183 5452 3412 5508 Noverit
3455 5452 3775 5534 fraternitas

2178 5544 2294 5597 tua,
2320 5536 2583 5604 quoniam
2633 5534 2852 5588 Pudens
2883 5530 3051 5584 frater
3075 5535 3262 5581 noster
3290 5534 3345 5605 et
3369 5530 3626 5586 amicus,
3652 5539 3773 5593 apo-

2180 5605 2447 5660 stolorum
2473 5605 2673 5670 cultor,
2701 5613 2756 5658 et
2785 5608 3074 5676 susceptor
3108 5605 3626 5676 peregrinorunret
3657 5610 3775 5649 con-

2182 5684 2419 5744 temptor
2443 5663 2742 5741 niundi,'in
2780 5663 3042 5727 omnibus
3075 5663 3362 5738 praceptis
3386 5663 3625 5719 Domini
3657 5680 3776 5720 eru-

2181 5747 2327 5800 dirus
2351 5747 2469 5800 fuit.
2507 5767 2523 5797 ι

2257 5812 2368 5890 (9|)
2409 5817 2485 5875 lta
2517 5817 2740 5875 omnino
2772 5809 3156 5884 coniungenda
3189 5808 3302 5864 hac
3331 5815 3492 5876 puto,
3536 5827 3555 5861 ε
3592 5808 3778 5864 Frater
