3830 6216
87 355 233 411 ιοει

1060 354 1160 412 SS.
1191 354 1656 412 ΡΗῦΕΝΤΙΑΝᾹΞ
1688 353 1778 408 ΕΤ
1828 354 2175 413 PRAXEDIS
2207 357 2412 414 ACTA.

3208 355 3347 415 192?.

89 473 372 525 stoloru-m
392 470 615 543 (cultor)
648 477 701 527 et
726 479 1015 541 susceptor
1030 472 1438 540 peregrinorum
1458 486 1675 526 summo
1703 472 1750 528 Α
1779 470 1906 525 tatis
1936 474 2301 530 manumissio
2332 473 2605 530 celebrata
2635 484 2736 530 est.
2770 474 2852 530 Ad
2881 475 3023 530 diem
3068 490 3197 531 vero
3227 491 3353 532 san-

90 564 290 618 studio
315 563 437 619 fuit.
461 563 566 630 Qui
594 572 718 634 post
745 572 977 617 mortem
996 562 1250 633 conjugis
1267 578 1377 618 suae
1404 563 1680 619 Savinillae

89 667 153 711 et
173 665 482 725 parentum,
500 657 550 710 id
573 667 654 711 est
673 656 845 727 patris
870 655 1058 710 Punici
1104 664 1159 709 et
1181 657 1371 709 matris
1396 655 1676 720 Priscillae,

92 748 199 818 qui
218 763 343 802 eum
371 748 526 804 uxori
545 749 859 818 junxerant,
882 747 1071 801 mundi
1095 746 1350 800 facultate
1370 755 1679 816 contempta

94 844 157 893 in
180 840 437 897 omnibus
473 840 686 895 Domini
711 840 993 910 praeceptis
1026 838 1267 894 eruditus
1290 847 1391 895 est.
1420 839 1679 892 Defuncta

97 942 293 986 autem
333 946 473 984 uxor
500 930 798 1000 reliquerat
846 930 897 984 ei
940 930 1075 984 duas
1107 927 1586 995 lilias,Praxedem
1628 935 1682 982 et

96 1023 508 1090 Potentianam,
554 1038 693 1097 quas
744 1023 884 1077 idem
916 1022 1132 1078 Pudens
1162 1022 1217 1076 in
1259 1023 1405 1078 omni
1434 1021 1681 1076 castitate

94 1116 358 1182 nutrivit,
385 1125 438 1171 et
470 1117 642 1170 nimio
664 1115 1097 1171 Christianitatis
1121 1130 1333 1182 amore,
1363 1128 1582 1168 omnem
1612 1112 1683 1166 le-

97 1221 229 1273 gem
260 1205 501 1260 divinam
525 1206 764 1261 edocuit.
798 1205 899 1261 Hic
944 1207 1128 1276 itaque
1159 1222 1189 1260 a
1217 1205 1278 1260 Β.
1312 1204 1410 1259 Pio
1438 1204 1553 1275 (92)
1586 1203 1683 1257 do-

95 1307 252 1360 ctus,
303 1297 395 1367 qui
428 1306 482 1353 et
521 1307 575 1353 te
607 1299 813 1365 docuit,
858 1298 1084 1353 domum
1115 1313 1272 1352 suam
1297 1305 1419 1367 post
1448 1302 1681 1349 mortem

96 1391 300 1443 uxoris
343 1404 457 1444 suae
485 1390 770 1445 ecclesiam
816 1389 1020 1445 Christi
1068 1390 1380 1445 consecrari
1432 1390 1678 1458 cupiens,

94 1497 205 1551 per
230 1497 331 1537 nos
357 1492 671 1552 peccatores
700 1484 767 1538 ad
793 1482 1043 1561 effectum
1076 1484 1357 1552 perduxit;
1385 1484 1478 1538 ubi
1509 1492 1564 1539 et
1617 1484 1683 1537 ti-

96 1572 287 1626 tulum
316 1574 524 1629 nomini
547 1585 737 1630 nostro
766 1575 1051 1631 constituit
1080 1576 1136 1629 in
1166 1577 1302 1630 urbe
1335 1574 1607 1645 Romana,
1627 1576 1682 1631 in

94 1669 230 1722 loco
273 1668 481 1723 scilicet
509 1670 603 1738 qui
637 1670 942 1739 appellatur
975 1669 1142 1724 Vicus
1191 1668 1436 1724 Patricii.
1472 1670 1547 1724 De
1578 1671 1681 1727 hoc

1782 571 1931 616 ctum
1959 562 2183 619 Pascha:
2230 566 2489 636 baptizali
2539 576 2666 623 sunt
2720 568 3020 637 promiscui
3059 583 3223 623 sexus
3252 584 3356 624 nu—

1782 672 1934 710 mero
1972 659 2268 728 nonaginta
2298 673 2391 715 sex
2427 679 2439 715 :
2488 668 2543 716 et
2591 677 2716 716 cum
2750 662 2936 716 omnia
2977 669 3355 717 consummata

1784 748 2038 816 fuissent,
2069 751 2248 807 factus
2276 767 2394 808 esse
2424 754 2591 823 coepit
2631 762 2935 809 conventus
2985 754 3041 808 in
3072 753 3262 808 eodem
3291 753 3355 806 ti-

1782 844 1917 909 tulo,
1951 844 2025 897 ita
2050 853 2111 899 ut
2136 844 2328 900 diebus
2356 861 2421 901 ac
2451 846 2706 902 noctibus
2734 863 2841 902 vox
2885 848 3216 916 hymnorum
3246 861 3354 899 non

1782 943 2039 1001 cessaret,
2069 943 2123 989 et
2147 936 2443 991 multitudo
2471 951 2807 1006 paganorum
2845 938 2913 992 ad
2938 936 3097 992 ﬁdem
3121 951 3355 992 concur.

1784 1034 1946 1093 reret,
1976 1036 2032 1080 et
2060 1042 2186 1082 cum
2219 1028 2369 1082 omni
2400 1030 2599 1099 gaudio
2628 1029 3062 1098 baptizarentur.

1855 1119 1908 1172 3.
1944 1118 2020 1173 De
2050 1136 2158 1188 qua
2195 1135 2255 1174 re
2278 1121 2555 1191 suggestio
2601 1120 2745 1176 facta
2772 1132 2855 1176 est
2877 1121 3156 1178 Antonino
3185 1123 3359 1193 impe-

1784 1210 1973 1265 ratori.
2008 1211 2112 1277 Qui
2141 1212 2451 1266 Antoninus
2486 1211 2768 1280 piissimus
2813 1211 3094 1285 Augustus
3120 1213 3360 1268 auctori-

1786 1311 1894 1355 tate
1916 1316 2016 1356 sua
2042 1301 2315 1371 praacepit,
2344 1312 2404 1354 ut
2434 1300 2749 1369 quicunque
2773 1300 3052 1355 Christum
3083 1300 3360 1365 colerent,

1785 1392 1990 1447 scirent
2020 1391 2264 1447 sullieere
2285 1392 2389 1446 sibi
2412 1392 2467 1445 in
2492 1391 2820 1447 habitaculis
2847 1391 2963 1447 suis
2992 1392 3205 1456 vivere;
3230 1398 3363 1445 etut

1787 1482 1933 1535 nulla
1964 1482 2349 1551 conjunctione
2378 1481 2590 1550 reliquo
2626 1481 2826 1551 populo
2852 1480 3231 1551 jungerentur,
3268 1496 3364 1535 nc-

1788 1590 1894 1644 que
1923 1574 2141 1644 publice
2166 1583 2438 1639 emerent,
2470 1590 2573 1630 nec
2599 1575 2655 1628 in
2691 1574 2915 1629 thermis
2942 1572 3175 1642 publicis
3204 1572 3365 1630 habi-

1786 1675 1982 1729 tarent,
2013 1666 2106 1722 sed
2149 1675 2358 1721 tantum
2390 1667 2445 1720 in
2481 1667 2740 1721 domibus
2767 1666 2881 1721 suis
2914 1674 3216 1719 manerent.
3252 1664 3366 1721 Hoc

95 1777 236 1830 ergo
265 1760 508 1818 Pndente
528 1773 717 1818 notum
749 1763 844 1818 tibi
876 1763 1018 1819 facio
1046 1764 1176 1834 quia
1205 1764 1455 1833 migravit
1480 1765 1546 1819 ad
1565 1779 1685 1818 om-
1713 1805 1763 1869 Β
1789 1769 2115 1831 prazceptum
2138 1776 2263 1813 eum
2288 1759 2660 1815 custodiretur
2692 1758 2760 1812 ab
2791 1758 3062 1812 universis
3089 1756 3364 1811 Christia-

95 1855 259 1907 hium
284 1851 598 1919 Dominum,
617 1863 671 1909 et
696 1856 916 1924 reliquit
946 1855 1231 1925 praedictas
1247 1856 1411 1921 tilias,
1436 1858 1684 1912 castitate

94 1946 297 2009 fultas,
329 1949 587 2016 omnique
619 1948 735 2017 lege
776 1948 961 2001 divina
991 1948 1256 2003 eruditas.

176 2036 232 2089 2.
269 2034 443 2091 Porro
481 2037 614 2106 ipsa:
647 2037 820 2091 beata:
856 2036 1117 2106 virgines,
1161 2052 1353 2092 omnes
1392 2036 1685 2093 facultates

94 2144 238 2181 suas
253 2128 571 2197 vendentes,
591 2138 949 2200 erogaverunt
962 2130 1315 2199 pauperibus;
1334 2145 1398 2184 ac
1420 2130 1538 2187 sine
1559 2132 1685 2187 dolo

95 2220 163 2271 in
203 2217 405 2273 Christi
430 2236 615 2275 amore
643 2228 1024 2289 permanentes
1071 2221 1316 2291 integrae,
1364 2221 1421 2274 in
1455 2222 1687 2292 virgini-

93 2310 237 2365 tatis
266 2310 397 2365 ﬂore
420 2312 568 2365 omni
597 2312 757 2366 modo
782 2311 1107 2382 gloriantur,
1135 2312 1187 2364 in
1215 2312 1435 2381 vigiliis,
1460 2313 1686 2382 jejuniis

94 2402 451 2457 orationibus
469 2403 673 2472 jugiter
700 2402 1077 2472 perdurantes.
1095 2402 1151 2456 ln
1170 2403 1355 2457 eodem
1382 2420 1511 2459 vero
1538 2405 1683 2471 loco,

93 2493 202 2545 ubi
238 2494 458 2547 titulum
484 2510 606 2549 meo
634 2495 843 2548 nomini
868 2504 1022 2564 pater
1045 2510 1232 2549 earum
1251 2496 1409 2550 bona:
1431 2496 1687 2551 recorda-

95 2585 275 2638 tionis
297 2584 513 2641 Pudens
542 2586 832 2651 dedicavit,
866 2588 971 2642 hoc
996 2588 1287 2643 consilium
1336 2588 1476 2642 inter
1502 2604 1590 2644 me
1631 2600 1687 2645 et

95 2673 340 2730 famulas
366 2675 567 2731 Christi
596 2676 895 2732 Praxedem
927 2687 980 2733 et
1007 2677 1384 2734 Potentianam
1410 2683 1683 2749 convenit,

95 2776 169 2821 ut
214 2767 271 2820 in
319 2767 408 2823 die
439 2778 630 2824 sancto
658 2769 883 2825 Pascha:
929 2771 1087 2842 (quia
1118 2772 1447 2828 desiderium
1493 2789 1683 2829 earum

98 2860 282 2914 nimio
303 2859 425 2915 ﬁdei
449 2877 635 2916 amore
663 2863 979 2933 urgebatur)
1007 2874 1227 2934 propter
1247 2864 1511 2920 familiam
1531 2882 1681 2921 eom-

93 2965 359 3017 munem,
389 2967 511 3021 qua:
541 2952 758 3019 gentilis
787 2961 925 3020 erat,
959 2954 1012 3007 in
1054 2955 1244 3009 eodem
1281 2956 1439 3010 titulo
1478 2956 1680 3013 fontem

96 3044 367 3112 baptismi
397 3052 719 3101 construere
739 3046 1164 3102 studuissemus.
1196 3047 1371 3118 Super
1415 3064 1525 3119 quo
1546 3066 1679 3105 eon-

1788 1853 1895 1919 nis,
1938 1852 2076 1906 ﬁlias
2100 1862 2318 1908 nostras
2349 1852 2461 1907 Deo
2489 1852 2788 1917 dicatas,et
2806 1852 2860 1904 in
2882 1851 3192 1921 virginitate
3222 1850 3367 1905 bono

1790 1944 2101 2001 testimonio
2123 1944 2565 2009 conﬁrmatas,in
2593 1944 2756 1999 domo
2795 1959 2892 1998 sua
2922 1943 2976 1997 in
3010 1944 3163 1997 titulo
3192 1959 3357 2011 supra

1788 2035 1933 2090 dicto
1966 2034 2332 2095 orationibus.
2375 2033 2575 2102 vigiliis
2615 2049 2679 2088 ac
2724 2033 2968 2103 jejuniis,
3007 2050 3133 2087 cum
3162 2034 3367 2103 populo

1788 2127 1906 2195 Dei,
1931 2128 2024 2197 qui
2071 2144 2167 2197 per
2198 2142 2291 2181 eas
2320 2127 2647 2191 crediderat,
2679 2134 2936 2180 vacantes
2965 2136 3020 2179 et
3071 2125 3125 2177 in
3157 2124 3366 2180 Christi

1786 2220 2043 2277 laudibus
2074 2220 2169 2274 diu
2200 2234 2474 2289 noctuque
2509 2219 2846 2284 insistentes,
2887 2218 3148 2271 habentes
3181 2233 3371 2272 neces.—

1789 2314 1935 2370 saria
1992 2312 2352 2377 sufﬁcienter,
2400 2311 2655 2381 plurimis
2698 2311 2893 2366 diebus
2948 2311 3365 2365 custodivimus.

1791 2403 1896 2458 Sed
1927 2413 1982 2458 et
2012 2404 2128 2473 ipse
2171 2384 2526 2457 beatissimus
2568 2400 2699 2456 Pius
2749 2401 3040 2470 episc0pus
3087 2402 3369 2456 exsultans

1788 2494 2104 2564 frequenter
2150 2508 2251 2549 nos
2294 2492 2571 2560 visitabat,
2623 2501 2679 2547 ct
2705 2493 2975 2548 sacriﬁcia
3006 2490 3236 2548 Domino
3268 2507 3368 2563 pro

1790 2586 1953 2641 nobis
1984 2584 2267 2640 offerebat.

1861 2678 1918 2732 4.
1944 2677 2291 2732 Concludens
2337 2686 2516 2732 autem
2566 2677 2799 2733 sedecim
2844 2692 3019 2731 annos
3057 2676 3170 2746 (94)
3202 2676 3357 2749 virgo

1792 2769 2013 2825 Domini
2065 2768 2385 2823 Potentiana
2432 2770 2688 2839 migravit
2737 2769 2803 2823 ad
2849 2768 3363 2837 Dominum.Cujus

1788 2877 1988 2931 corpus
2014 2876 2116 2916 nos
2145 2877 2251 2915 una
2275 2876 2400 2916 cum
2437 2875 2697 2931 germana
2730 2860 2851 2929 ejus
2882 2860 3210 2915 involvimus
3240 2877 3365 2915 cum

1787 2952 1938 3005 omni
1970 2950 2248 3021 diligentia
2292 2952 2653 3017 aromatihus,
2685 2961 2738 3005 et
2768 2950 3064 3005 habuimus
3090 2952 3368 3006 occultum

1792 3048 1847 3101 in
1877 3043 2035 3097 titulo
2069 3042 2403 3111 supradicto.
2427 3041 2558 3097 Post
2585 3043 2700 3097 dies
2727 3052 2905 3096 autem
2938 3042 3125 3112 viginti
3144 3053 3198 3097 et
3224 3052 3369 3110 octo,

97 3135 234 3190 silio
272 3149 397 3189 cum
445 3137 913 3193 consuluissemus
942 3137 1123 3205 Pium,
1182 3140 1330 3195 sedis
1371 3143 1683 3209 apostolica;
1710 3144 1751 3201 ο
1788 3134 2085 3189 detulimus
2133 3142 2300 3188 noctu
2330 3149 2549 3201 corpus,
2577 3143 2630 3187 et
2664 3134 2953 3202 posuimus
2973 3134 3128 3202 juxta
3159 3142 3368 3202 patrem

96 3232 363 3281 sanctum
402 3226 741 3295 episcopum,
774 3234 927 3281 tanto
971 3228 1244 3283 desiderio
1274 3231 1478 3298 placuit
1520 3232 1593 3298 ei,
1626 3242 1684 3287 ut

98 3330 331 3372 summo
377 3316 558 3371 studio
608 3318 922 3372 hortaretur
950 3318 1067 3373 ﬁeri
1110 3319 1491 3389 baptisterium
1524 3333 1685 3391 prout

100 3421 573 3462 conveneramus:
623 3407 741 3478 ipse
782 3408 949 3463 etiam
1003 3424 1169 3463 manu
1214 3412 1435 3479 propria
1466 3411 1682 3481 (fontem

98 3499 415 3571 designavit
439 3510 493 3553 et
515 3500 847 3555 construxit.
896 3499 964 3555 Et
995 3516 1120 3557 cum
1146 3499 1240 3556 Dei
1272 3502 1545 3573 adjutorio
1565 3520 1686 3558 om-

98 3598 275 3652 nibus
304 3592 579 3664 perfectis,
617 3602 1059 3649 convocaverunt
1107 3594 1327 3649 famulas
1358 3595 1563 3652 Christi
1599 3597 1683 3651 fa-

100 3688 319 3743 miliam
347 3700 525 3751 suam,
556 3694 668 3739 tam
698 3686 766 3739 de
795 3686 929 3739 urbe
957 3686 1206 3755 quamde
1222 3689 1684 3756 possessionibus,

99 3791 164 3836 et
204 3781 468 3836 facientes
518 3780 921 3835 discussionem
959 3794 1320 3848 quoscunque
1362 3781 1688 3836 invenerunt

99 3875 478 3940 Christianos,
513 3872 859 3927 donaverunt
898 3871 1256 3942 ingenuitati;
1290 3888 1430 3941 quos
1459 3875 1687 3944 gentiles

100 3967 486 4036 applicuerunt
533 3964 604 4019 ad
658 3964 1033 4028 credulitatem
1088 3965 1224 4035 legis
1279 3974 1484 4020 sancta:
1527 3966 1688 4021 Chri-

103 4061 178 4123 sti
212 4056 465 4129 (95).Ubi
492 4066 641 4121 tunc,
672 4056 809 4110 inito
835 4056 1064 4111 consilio
1097 4071 1218 4110 cum
1252 4056 1414 4111 beato
1446 4055 1548 4111 Pio
1576 4060 1690 4127 epi-

103 4167 303 4221 scopo,
330 4151 385 4204 in
412 4150 606 4204 eodem
650 4148 813 4202 titulo
845 4148 1143 4203 secundum
1181 4162 1431 4203 normam
1450 4150 1690 4218 antiqui—

104 4296 299 4342 nostcr
322 4294 374 4338 et
404 4284 636 4346 amicus,
659 4301 677 4333 ι
700 4297 889 4347 vocem
917 4291 1100 4336 autem
1124 4300 1141 4332 ι
1166 4280 1537 4351 apostolorum
1569 4302 1587 4334 ι
1607 4282 1691 4336 vel

104 4354 553 4426 expungendum,
584 4354 670 4407 vel
716 4368 781 4407 ex
814 4353 1029 4426 AAringo
1072 4361 1127 4426 et
1156 4350 1256 4406 ms.
1297 4350 1561 4426 Vaticano
1591 4353 1691 4407 ad-

104 4422 350 4481 dendam
379 4427 428 4479 ei
452 4438 642 4478 vocem
684 4441 702 4473 ε
741 4423 956 4489 cultor,
997 4441 1017 4473 ι
1070 4422 1520 4490 interpunctione
1560 4438 1689 4477 eor-

104 4508 284 4554 recta.

187 4566 301 4635 (92)
343 4564 497 4635 Pauli
540 4578 737 4619 nomen
763 4564 817 4619 in
849 4563 945 4617 Pii
970 4572 1398 4635 eommutamus,
1424 4563 1495 4616 ob
1518 4562 1690 4635 ratio-

106 4653 216 4694 nes
251 4632 361 4704 jam
407 4634 614 4689 dictas:
652 4650 754 4689 nec
783 4635 929 4689 enim
973 4633 1129 4686 Pauli
1162 4634 1387 4704 nomine
1421 4641 1571 4704 puto,
1601 4632 1691 4704 hic

106 4702 277 4779 νοεξὲ
301 4705 527 4779 intelligi
554 4705 674 4773 ejus
700 4704 981 4779 epistolas,
1004 4718 1237 4779 quarum
1270 4703 1430 4779 lectio
1460 4702 1691 4779 Pudenti

103 4772 171 4835 et
215 4772 507 4829 Timotheo
530 4772 629 4843 pro
660 4775 976 4845 magisterio
1000 4773 1166 4828 fuerit
1194 4788 1206 4823 :
1245 4784 1300 4827 et
1330 4772 1483 4837 Pius,
1525 4773 1691 4827 etiam

103 4850 207 4904 diu
256 4855 549 4914 antequam
604 4860 749 4899 anno
781 4845 884 4905 146
932 4845 1222 4914 episcopus
1256 4852 1689 4907 consecraretur,

108 4918 295 4989 potuit
318 4986 332 4989 _
362 4916 543 4989 adhuc
566 4916 877 4989 presbyter
927 4928 1229 4989 utrumque
1280 4914 1607 4989 instituisse,
1639 4921 1695 4968 et

108 4981 283 5043 totius
310 4985 531 5040 familiae
558 4981 730 5040 fuisse
760 4981 914 5054 pater
946 4983 1271 5054 spiritualis.
1316 4981 1433 5039 Nisi
1460 4983 1693 5038 velimus

107 5058 353 5127 opinari,
377 5056 613 5123 aliquem
634 5071 822 5110 revera
846 5055 1099 5118 Paulum,
1118 5068 1225 5127 non
1243 5054 1572 5127 apostolum,
1600 5054 1694 5127 sed

106 5124 521 5199 presbyterum,
555 5141 667 5199 uno
696 5135 821 5199 post
851 5127 1004 5199 illum
1057 5124 1258 5199 sazculo
1280 5125 1556 5199 ﬂoruisse,
1593 5124 1689 5199 qui

108 5193 385 5253 familiam
442 5193 797 5251 catechizarit
847 5206 903 5251 et
952 5195 1263 5264 baptizarit.
1321 5193 1429 5249 Res
1486 5194 1693 5264 liquida

108 5271 282 5330 foret,
313 5269 360 5323 si
397 5268 520 5321 talis
550 5266 849 5336 presbyteri
871 5266 1092 5336 aliquod
1108 5264 1236 5319 alibi
1260 5266 1590 5334 reperiretur
1611 5264 1695 5319 in-

106 5340 347 5395 dicium.

190 5409 306 5480 (95)
349 5410 449 5464 Ms.
476 5409 792 5465 Bodecense
823 5428 836 5463 :
869 5428 888 5460 ‹
925 5408 1076 5475 Quos
1098 5422 1344 5480 paganos
1374 5405 1694 5480 associave-

106 5477 247 5535 runt
270 5477 425 5546 ﬁdei;
458 5501 474 5531 ι
510 5480 603 5534 sed
622 5495 723 5533 vox
744 5499 763 5531 ‹
787 5495 1030 5549 paganus
1048 5497 1065 5530 ι
1090 5480 1143 5532 in
1165 5477 1268 5532 hac
1295 5477 1696 5548 signiﬁcatione

109 5552 291 5605 multo
310 5551 582 5619 posterior
618 5561 705 5603 est
735 5548 894 5603 aetate
919 5548 1186 5603 Pastoris.

187 5616 442 5691 (ξω-ωε.
481 5621 645 5685 idem,
680 5639 699 5673 ι
747 5620 1083 5691 concludens
1124 5633 1184 5672 se
1210 5618 1277 5671 19.
1318 5618 1501 5682 annis,
1536 5635 1554 5667 ι
1596 5616 1692 5691 sed

112 5688 411 5759 srispe’ctus
448 5700 536 5744 est
562 5706 827 5744 numerus
861 5690 988 5744 alibi
1024 5704 1242 5759 semper
1285 5703 1597 5759 expressus,
1628 5688 1694 5739 ad

114 5758 371 5830 longum,
391 5761 492 5819 hoc
510 5761 822 5827 autemsolo
846 5760 966 5817 loco
984 5758 1315 5818 litteraliter:
1344 5759 1515 5830 magis
1533 5758 1694 5814 etiam

1787 3239 1949 3279 suum
1986 3222 2310 3289 Pudentem,
2336 3223 2391 3276 in
2420 3222 2737 3276 cmmeterio
2755 3220 3015 3277 Priscilla:
3044 3222 3129 3277 via
3157 3222 3367 3276 Salaria

1788 3332 1878 3370 xw
1906 3314 2134 3369 Kalend.
2167 3312 2315 3368 Junii
2343 3313 2479 3383 (95).

1856 3407 1911 3463 5.
1935 3405 2066 3461 Post
2080 3405 2236 3474 cujus
2249 3413 2479 3459 mortem
2501 3404 2651 3472 virgo
2663 3403 2866 3459 Christi
2884 3403 3153 3459 Praxedes
3167 3404 3376 3460 habita-

1785 3499 1935 3553 vitin
1964 3499 2151 3553 eodem
2177 3498 2335 3552 titulo
2353 3496 2487 3568 (96),
2518 3498 2865 3552 vehementer
2881 3498 3122 3567 afﬂigens
3151 3512 3213 3551 se
3241 3511 3373 3566 pro-

1784 3598 1904 3660 pter
1919 3587 2206 3643 transitum
2238 3600 2509 3657 germanae
2565 3602 2697 3640 suae.
2733 3587 2812 3641 Ad
2864 3602 3026 3657 quam
3056 3602 3178 3640 cum
3216 3588 3375 3641 multi

1788 3680 1997 3737 nobiles
2009 3679 2305 3735 Christiani
2322 3678 2637 3735 consolandi
2657 3679 2828 3749 gratia
2850 3679 3114 3745 venirent,
3127 3694 3231 3733 una
3249 3695 3373 3734 cum

1789 3782 1979 3829 sancto
2005 3774 2106 3827 Pio
2134 3775 2423 3843 episcopo;
2464 3780 2689 3825 venerat
2713 3771 2878 3826 etiam
2909 3771 2975 3825 ad
3012 3787 3133 3826 eam
3168 3787 3373 3842 germa-

1791 3883 1896 3923 nus
1936 3872 2116 3922 vester
2154 3864 2398 3920 Novatus
2441 3864 2577 3934 (97),
2620 3863 2715 3932 qui
2744 3874 2828 3918 est
2876 3862 3044 3917 frater
3093 3876 3279 3919 noster
3314 3864 3369 3918 in

1789 3958 2042 4023 Domino,
2068 3957 2359 4013 consolans
2381 3971 2526 4019 eam,
2551 3962 2606 4009 et
2628 3955 2832 4009 multos
2860 3953 3204 4010 Christianos
3235 3971 3372 4027 pau-

1790 4067 1949 4123 peres
1986 4051 2101 4106 suis
2149 4049 2501 4104 facultatibus
2549 4048 2863 4111 reﬁciebat,
2916 4055 2970 4100 et
3018 4047 3371 4100 ministrabat

1792 4142 2050 4197 omnibus
2091 4141 2159 4196 de
2188 4139 2543 4195 facultatibus
2569 4138 2684 4193 suis
2728 4138 2783 4191 in
2817 4137 3085 4191 honorem
3126 4136 3370 4207 ejusdem

1792 4280 2044 4350 displicet
2075 4250 2311 4350 reclusio
2343 4276 2484 4329 intra
2514 4274 2767 4343 veljuxta
2790 4272 3101 4350 ecclesiam,
3131 4288 3261 4350 quae
3282 4288 3375 4327 ve-

1794 4343 1918 4406 reo'r
1940 4358 2000 4404 ut
2034 4348 2209 4418 possit
2249 4362 2311 4399 ea
2346 4354 2504 4418 aztatc
2526 4354 2789 4418 usurpata
2838 4343 3021 4418 credi;
3057 4352 3111 4397 ct
3143 4343 3375 4411 denique

1795 4422 1931 4475 nihil
1961 4415 2048 4475 est
2073 4432 2253 4475 causa:
2280 4431 2376 4470 cur
2415 4415 2781 4470 formidemus
2829 4415 2966 4469 adeo
2997 4422 3183 4468 tenera
3214 4423 3376 4469 aetate

1722 4477 1768 4534 Π
1797 4502 2068 4546 mortuam
2097 4490 2296 4542 dicere.

1869 4562 1995 4631 (95)
2019 4560 2119 4631 Ms:
2157 4557 2358 4631 Bodee.
2392 4573 2406 4631 _:
2451 4574 2469 4607 ι
2515 4555 2711 4631 Obitus
2751 4556 2870 4631 ejus
2908 4555 3212 4631 celebratur
3246 4570 3375 4631 μιν

1796 4625 2068 4687 Kalendas
2089 4625 2406 4682 Junii.»Setl
2443 4627 2628 4695 potius
2661 4627 2887 4681 dicenda
2916 4635 3060 4680 esset
3078 4625 3368 4694 depositio.

1867 4702 1981 4772 (96)
2024 4699 2159 4753 llinc
2192 4697 2486 4772 incipiun_t_
2508 4698 2641 4751 Acta
2694 4696 2752 4750 S.
2801 4696 3059 4772 Praxedis
3108 4695 3373 4772 in__va_riis

1796 4765 1933 4828 mss.
1965 4765 2071 4826 hoc
2107 4767 2272 4821 modo
2301 4785 2313 4820 :
2364 4786 2381 4818 ι
2430 4765 2590 4836 Virgo
2615 4768 2941 4821 venerabilis
2972 4765 3233 4820 Praxedis
3272 4766 3373 4836 ham

1795 4844 2004 4899 bitabat
2020 4843 2075 4895 in
2094 4838 2276 4893 Titulo
2292 4835 2659 4907 supradiCto,»
2683 4838 2837 4907 aliis:
2873 4837 2960 4891 «In
2987 4835 3168 4890 Titulo
3202 4835 3373 4905 patris

1796 4915 1881 4970 sui
1906 4911 2197 4975 Pudentis;
2228 4928 2246 4960 ι
2276 4905 2375 4961 aut
2402 4926 2414 4960 :
2446 4926 2463 4958 ι
2496 4907 2550 4960 in
2586 4908 2765 4960 Titulo
2787 4905 3192 4961 Lateranensi.»

1870 4984 1985 5052 (97)
2022 4981 2234 5036 Colitur
2266 4978 2326 5033 S.
2364 4976 2607 5052 Novatus
2638 4977 2709 5030 20
2740 4976 3107 5052 Jun_i_i,_etiam
3142 4976 3371 5052 Alliaria-

1796 5047 1997 5123 rologio
2050 5052 2286 5105 Romano
2315 5118 2327 5123 _
2371 5049 2683 5123 asc_riptus_,
2728 5057 2787 5123 et
2824 5048 3024 5123 dicitur
3069 5067 3086 5098 ‹
3133 5047 3279 5123 ﬁlius

1796 5116 2059 5179 Pudentis
2089 5118 2359 5176 senatoris
2382 5116 2620 5172 etfrater
2651 5117 2707 5173 S.
2728 5117 3002 5172 Timothei
3039 5118 3368 5187 presbyteri,

1796 5205 1852 5249 et
1873 5202 2189 5250 sanctarum
2233 5187 2438 5243 Christi
2467 5188 2737 5255 virginum
2766 5188 3025 5243 Praxedis
3063 5197 3117 5242 et
3151 5187 3370 5242 Puden—

1799 5268 1960 5320 tianze
1988 5263 2116 5332 :qui
2148 5259 2413 5330 apostolis
2447 5258 2645 5332 eruditi
2671 5267 2802 5312 sunt
2829 5259 2882 5332 in
2918 5259 3043 5325 ﬁde,
3067 5274 3369 5332 Lquorunt

1797 5337 1936 5391 nihil
1990 5326 2552 5404 probamus,_pr:eter
2615 5327 3010 5384 fraternitatem
3067 5326 3363 5404 Timothei.

1798 5406 1925 5461 Dies
1953 5398 2134 5459 autem
2158 5402 2229 5455 ‘28
2258 5401 2460 5469 quibus
2485 5414 2650 5467 supra
2684 5415 2888 5453 annum
2923 5415 3091 5454 unum
3130 5416 3160 5452 a
3194 5398 3373 5465 sepul-

1801 5486 1921 5531 tura
1952 5474 2326 5535 Pudentianaa,
2358 5485 2421 5523 ex
2449 5469 2601 5523 Actis
2630 5472 2937 5524 nuntiatum
2975 5478 3059 5524 est
3106 5476 3372 5539 aagrotare

1796 5548 2088 5609 Novatum,
2120 5540 2323 5597 mutavi
2358 5540 2412 5593 in
2443 5539 2533 5603 25,
2566 5548 2625 5593 ut
2665 5540 2997 5595 haberentur
3028 5538 3171 5593 mox
3201 5538 3372 5591 nomi-

1800 5619 1911 5671 nati
1939 5618 2076 5688 dies~
2095 5614 2149 5678 8,
2198 5610 2673 5688 qu_ibus.inﬁrmo
2704 5622 2996 5681 antequam
3048 5615 3379 5675 moreretur,

1798 5689 1928 5749 Pius
1965 5696 2017 5744 et
2046 5683 2311 5744 Praxedis
2336 5683 2645 5739 astiterunt.
