3830 6216
472 342 613 401 ιωδ

1611 340 1953 402 APPENDIX
1992 339 2083 393 AD
2123 340 2180 395 S.
2223 342 2537 397 HERMAM.

3627 346 3765 401 {0‘32

471 473 700 545 virginis
730 474 1009 542 Pravedis,
1036 488 1226 549 petens
1256 488 1316 533 ut
1346 475 1690 534 orationibus
1720 475 1836 531 suis
1867 472 2045 529 indul-

2171 480 2203 518 ιι
2231 464 2459 519 arbitrio
2488 471 2582 519 tuo
2610 464 2682 520 sit
2709 472 2763 520 et
2784 473 2988 520 saneta,-
3017 464 3246 536 virginis
3275 464 3571 535 quidquid
3600 466 3762 521 dere-

473 574 709 637 gentiam
730 581 1058 639 mereretur;
1088 575 1181 642 qui
1202 582 1255 626 et
1273 588 1368 626 vos
1394 571 1709 640 frequenter
1727 568 2049 625 beatissimo

472 663 573 719 Pio
600 667 876 735 episcopo,
896 667 963 721 ad
989 668 1161 722 altare
1188 666 1401 721 Domini
1430 682 1745 732 accessure,
1775 681 2054 721 commen-

471 761 656 815 dabat.
688 762 901 815 Accidit
928 770 1050 831 post
1073 763 1189 814 haec
1228 772 1351 830 post
1382 777 1585 815 annum
1618 770 1672 816 et
1718 762 1836 817 dies
1860 761 2052 831 viginti

472 860 604 914 tres,
641 861 702 908 ut
742 854 1064 923 mgritudine
1104 854 1357 909 detentus
1386 852 1652 917 Novatus,
1679 856 1880 909 absens
1908 864 2055 910 esset

472 960 504 999 a
530 956 825 1016 conspectu
858 946 1032 1001 beatae
1063 946 1289 1016 virginis
1305 945 1585 1001 Praxedis.
1617 946 1712 1002 Pio
1735 948 1919 1017 itaque
1938 949 2055 1017 epi-

471 1052 641 1106 seopo
680 1039 953 1105 cogitante
996 1038 1064 1093 de
1110 1041 1368 1094 omnibus
1407 1040 1739 1097 Christianis
1777 1056 1885 1095 una
1926 1056 2053 1095 cum

470 1129 684 1199 virgine
711 1129 976 1195 Praxede,
1014 1132 1314 1201 requiritur
1357 1132 1501 1186 inter
1544 1147 1639 1187 eos
1668 1139 1723 1185 et
1765 1130 2047 1186 Novatus:

472 1221 665 1291 dequo
687 1238 812 1278 cum
837 1226 1084 1281 auditum
1125 1225 1321 1282 fuisset
1342 1227 1469 1298 quia
1494 1227 1816 1299 aegritudine
1844 1226 2056 1283 detine-

470 1325 643 1382 retur,
674 1320 983 1375 contristati
1015 1337 1208 1377 sumus
1245 1337 1458 1377 omnes.

543 1406 597 1463 6.
618 1407 773 1464 Tunc
800 1410 935 1465 dicit
960 1409 1020 1465 Β.
1040 1409 1302 1467 Praxedis
1326 1411 1392 1465 ad
1416 1421 1624 1482 patrem
1654 1422 1899 1470 nostrum
1922 1428 2055 1469 san-

472 1508 621 1558 ctum
648 1502 805 1558 Pium
827 1505 1177 1575 episcopum:
1214 1526 1233 1557 ι
1262 1504 1459 1561 Jubeat
1494 1508 1753 1562 sanctitas
1783 1520 1963 1563 vestra
1996 1517 2057 1563 ut

473 1610 666 1651 eamus
696 1597 763 1651 ad
792 1614 942 1662 eum,
978 1598 1024 1652 si
1057 1598 1198 1655 forte
1226 1600 1544 1655 visitatione
1585 1609 1774 1655 nostra
1821 1608 1877 1655 et
1931 1615 2057 1655 ora-

474 1687 721 1745 tionibus
745 1692 941 1747 vestris
973 1692 1145 1747 salvet
1172 1709 1297 1748 eum
1346 1693 1634 1751 Dominus.
1663 1695 1819 1763 Quod
1848 1696 2054 1751 dictum

2150 556 2339 626 liquit;
2377 564 2432 610 et
2453 556 2753 612 secundum
2784 557 2931 626 quod
2963 556 3124 612 vobis
3178 558 3453 626 placuerit
3516 558 3763 627 dispen-

2152 663 2275 704 sare
2306 663 2395 712 ea,
2422 656 2748 719 potestatem
2784 648 3052 704 habeatis.
3091 668 3111 701 ι

2225 762 2342 819 Hac
2378 763 2609 833 epistola
2655 763 2853 832 gaudio
2896 764 3087 832 repleti
3137 779 3330 820 sumus
3362 784 3376 819 :
3408 775 3467 819 et
3506 765 3759 819 tradidi-

2153 872 2277 911 mus
2317 872 2436 911 cam
2469 858 2751 927 legendam
2783 867 2977 914 sancto
3005 857 3104 912 Pio
3132 858 3410 927 episcopo.
3469 857 3613 924 Qua
3673 858 3757 910 ille

2153 950 2293 1005 lccta
2322 950 2523 1021 gratias
2544 953 2651 1020 egit
2677 949 2809 1006 Deo.

2224 1066 2278 1121 8.
2306 1066 2508 1121 Eodem
2544 1076 2787 1137 tempore
2808 1068 2961 1137 virgo
2988 1066 3202 1123 Domini
3225 1068 3499 1124 Praxedis
3524 1080 3761 1137 accepta

2155 1166 2424 1228 potestate
2452 1158 2905 1229 rogavitbeatum
2939 1156 3096 1213 Pium
3120 1161 3469 1231 episcopum,
3505 1172 3581 1215 ut
3616 1163 3763 1215 ther-

2155 1266 2276 1305 mas
2298 1248 2515 1316 Novati,
2542 1265 2663 1319 quae
2681 1250 2795 1320 jam
2824 1260 2953 1305 tunc
2990 1251 3044 1305 in
3073 1268 3173 1306 usu
3210 1268 3319 1306 non
3349 1263 3550 1319 erant,
3576 1255 3753 1308 eccle-

2156 1342 2295 1397 siam
2320 1343 2841 1413 consecraret;quia
2864 1343 3149 1398 aedilicium
3169 1360 3431 1417 magnum
3458 1348 3522 1401 in
3561 1347 3764 1402 iisdem

2156 1442 2211 1489 et
2240 1433 2543 1504 spatiosum
2565 1449 2688 1490 esse.
2711 1434 3015 1491 videbatur.
3050 1434 3205 1502 Quod
3231 1446 3284 1491 et
3311 1438 3533 1507 placuit
3563 1447 3762 1494 saneto

2156 1525 2256 1583 Pio
2303 1528 2583 1599 episcopo,
2634 1528 2990 1599 thermasque
3018 1526 3209 1584 Novati
3239 1529 3528 1585 dedicavit
3582 1534 3764 1587 eccle—

2158 1620 2323 1684 siam,
2374 1621 2478 1675 sub
2510 1620 2735 1675 nomine
2777 1620 2947 1675 beata:
2986 1622 3215 1692 virginis
3255 1620 3616 1679 Potentiana
3645 1626 3761 1697 (99)

2160 1712 2240 1783 (in
2264 1716 2388 1769 vico
2415 1711 2711 1770 Patricius.
2762 1712 3042 1768 Dedicavit
3090 1723 3282 1769 autem
3325 1724 3381 1769 et
3429 1717 3617 1770 aliam
3662 1717 3763 1771 sub

474 1796 598 1835 cum
613 1782 909 1850 placuisset
926 1785 1181 1839 omnibus
1195 1788 1445 1850 nobis,et
1463 1797 1621 1843 nocte
1634 1797 1919 1859 surgentes
1934 1804 2056 1859 per—
2084 1807 2133 1869 B
2161 1782 2381 1861 homine
2428 1814 2631 1861 sane”;
2659 1805 2889 1877 virginis
2915 1804 3201 1875 praedis)
3228 1805 3374 1861 ίητη
3407 1808 3620 1863 urbem
3650 1807 3762 1861 Ro.

476 1876 809 1931 rexissemus
826 1877 891 1931 ad
909 1893 1032 1932 eum
1050 1897 1064 1945 ;
1081 1878 1271 1934 videns
1285 1881 1366 1934 vir
1379 1880 1473 1935 Dei
1490 1878 1733 1938 Novatus
1747 1898 1846 1937 nos
1864 1896 2055 1937 omnes

474 1979 835 2039 congregatos
873 1970 939 2025 ad
965 1985 1023 2025 se
1051 1972 1287 2038 venisse,
1313 1974 1518 2043 gratias
1544 1990 1707 2043 agere
1736 1974 1903 2042 cmpit
1931 1974 2047 2031 Deo

472 2058 602 2127 quia
636 2059 837 2113 meruit
875 2074 905 2113 a
948 2068 1139 2115 sancto
1181 2060 1280 2116 Pio
1309 2063 1589 2133 episcopo,
1624 2073 1677 2118 et
1706 2065 1918 2135 virgine
1948 2064 2057 2119 Do-

472 2151 607 2205 mini
640 2168 749 2206 una
782 2168 907 2207 cum
940 2163 1128 2209 nostra
1159 2155 1447 2210 devotione
1482 2157 1716 2212 visitari.
1752 2156 1820 2211 Et
1850 2156 2055 2214 fuimus

472 2239 527 2294 in
564 2240 730 2294 domo
770 2242 889 2311 ejus
932 2244 1126 2298 diebus
1168 2260 1232 2300 ac
1276 2246 1532 2302 noctibus
1571 2257 1714 2302 octo.
1758 2246 1815 2301 in
1854 2250 2056 2318 quibus

470 2330 665 2387 diebus
697 2334 897 2401 placuit
927 2336 997 2401 ei,
1034 2345 1092 2390 ut
1126 2338 1286 2393 nobis
1324 2354 1389 2392 ac
1416 2339 1587 2393 beatae
1614 2340 1810 2409 virgini
1835 2358 2055 2397 omnem

470 2424 836 2480 substantiam
870 2443 1025 2482 suam
1058 2429 1480 2501 derelinqueret.
1514 2430 1631 2487 Hoc
1671 2434 1742 2487 ita
1778 2434 2053 2502 ordinato,

470 2516 634 2570 tertio
668 2518 881 2573 decimo
925 2519 1013 2574 die
1072 2521 1327 2591 migravit
1362 2523 1429 2576 ad
1478 2521 1794 2579 Dominum.
1828 2524 1905 2579 De
1944 2541 2055 2595 quo

470 2606 615 2663 facto
653 2609 861 2663 litteras
900 2612 1063 2681 hujus
1101 2621 1284 2668 textus
1324 2613 1390 2667 ad
1426 2630 1526 2669 vos
1562 2615 1902 2681 direximus,
1947 2634 2055 2673 una

469 2714 598 2753 cum
639 2702 970 2755 auctoritate
998 2704 1136 2757 beati
1166 2702 1249 2757 Pii
1278 2706 1424 2761 sedis
1471 2708 1785 2776 apostolicae
1812 2710 2053 2779 episcopi

470 2800 527 2843 et
553 2792 784 2859 virginis
818 2792 1021 2846 Christi
1057 2793 1355 2861 Praxedis;
1386 2805 1447 2851 ut
1482 2798 1627 2866 quod
1661 2799 1815 2852 vobis
1850 2799 2056 2869 placuit

468 2883 538 2936 de
560 2884 864 2937 substantia
883 2886 1125 2953 germani
1153 2889 1317 2941 vestri
1347 2903 1447 2942 nos
1476 2888 1690 2945 faciatis
1722 2892 1887 2945 scire:
1916 2908 2045 2960 qua-

468 2984 630 3028 tenus
649 2976 920 3031 ordinatio
942 2987 1121 3031 vestra
1149 2980 1200 3032 in
1221 2981 1478 3035 omnihus
1511 2983 1870 3037 custodiatur.
1887 2982 2053 3038 Missa

469 3082 568 3137 per
596 3066 890 3123 Eusebium
917 3070 1175 3127 Romanae
1208 3072 1461 3129 Ecclesia?
1490 3076 1887 3131 subdiacouum
1913 3078 2046 3149 (98),

820 3184 1093 3256 Rescripta
1128 3187 1382 3243 Timothei
1412 3192 1720 3260 presbyteri.

544 3292 596 3349 7.
627 3314 646 3346 ι
672 3293 996 3353 Timotheus
1009 3301 1290 3371 presbyter
1312 3312 1504 3358 saneto
1532 3304 1683 3359 fratri
1703 3305 1909 3360 Pastori
1930 3322 2053 3375 pre-

468 3388 714 3459 sbytero,
748 3398 802 3443 et
833 3393 1195 3448 sanctissimae
1223 3397 1399 3450 sorori
1430 3396 1657 3452 Praxedi
1677 3440 1692 3465 ,
1732 3400 1785 3452 in
1818 3400 2052 3456 Domino

469 3482 724 3534 salutem.
758 3480 1103 3537 Famulatum
1140 3485 1297 3541 vobis
1328 3488 1642 3558 ubicunque
1686 3491 1861 3545 nostri
1908 3490 2054 3545 indi-

472 3574 700 3643 gueritis
748 3574 1109 3631 libentissime
1141 3577 1484 3647 exhibentes,
1520 3597 1746 3636 oramus
1784 3583 2052 3637 sanctita-

471 3676 580 3721 tem
616 3674 871 3731 vestram,
895 3676 1032 3723 utet
1069 3684 1170 3723 nos
1196 3671 1430 3727 humiles
1455 3676 1842 3729 commvndare
1864 3675 2054 3744 digne-

471 3759 605 3813 mini
638 3760 917 3814 memoriaa
963 3771 1279 3816 sanctorum
1323 3766 1720 3835 apostolorum,
1753 3777 2053 3836 sanctoque

470 3848 571 3903 Pio
601 3851 746 3905 sedis
787 3852 1104 3919 apostolicae
1145 3857 1389 3924 prazsuli,
1434 3867 1487 3913 et
1526 3860 1787 3915 omnibus
1822 3863 2048 3917 sanctis.

470 3939 585 4011 Ego
622 3943 845 3997 humilis
889 3945 1090 4013 gaudio
1129 3946 1368 4015 repletus
1408 3963 1529 4002 sum
1567 3966 1785 4019 magno,
1822 3952 2053 4007 audiens

470 4033 601 4103 quid
626 4033 762 4089 mihi
791 4035 1033 4089 scribere
1057 4036 1263 4106 dignati
1303 4038 1459 4098 estis.
1497 4038 1647 4094 Unde
1682 4043 1896 4096 noverit
1926 4059 2053 4098 san-

469 4126 634 4179 ctitas
671 4136 879 4192 vestra,
920 4143 1096 4182 meam
1134 4129 1187 4182 in
1227 4130 1331 4184 hac
1373 4147 1431 4184 re
1457 4146 1557 4200 pro
1594 4146 1701 4200 qua
1748 4133 2051 4203 scripsistis

470 4219 711 4271 votivam
742 4235 862 4273 esse
893 4220 1282 4273 conscientiam
1319 4237 1333 4272 :
1370 4234 1421 4275 et
1451 4223 1595 4292 quod
1628 4240 1890 4293 germano
1926 4240 2052 4280 meo

469 4303 697 4371 placuit,
722 4306 901 4373 placet
929 4316 983 4361 et
1009 4308 1170 4363 nobis
1197 4307 1417 4364 famulis
1444 4311 1675 4379 vestris;
1720 4313 1826 4369 hoc
1852 4324 1956 4380 est,
1991 4324 2051 4371 ut

2159 1914 2328 1965 mam,
2365 1899 2418 1952 in
2459 1898 2581 1953 vico
2611 1898 2705 1968 qui
2738 1897 3043 1967 appellatur
3091 1896 3418 1964 Lateranus,
3463 1900 3569 1954 ubi
3623 1916 3762 1954 con-

2159 1991 2339 2047 stituit
2361 2001 2415 2046 et
2439 1991 2656 2045 titulum
2688 1989 3097 2057 Romanumgiu
3120 2007 3231 2061 quo
3250 1991 3376 2046 loco
3394 1994 3763 2047 consecravit

2165 2083 2548 2155 baptisterium
2578 2083 2681 2137 sub
2710 2083 2799 2137 die
2829 2099 2883 2137 1v
2912 2082 3040 2139 ldus
3065 2082 3214 2138 Maii.
3241 2082 3376 2139 Post
3400 2084 3553 2139 duos
3580 2100 3761 2138 annos

2159 2177 2301 2232 facta
2350 2176 2661 2247 persecutio
2710 2190 2907 2245 magna
2952 2174 3401 2229 Christianorum
3436 2194 3451 2229 :
3484 2185 3545 2230 et
3597 2175 3756 2229 multi

2158 2275 2422 2345 martyrio
2453 2273 2700 2328 coronati
2738 2281 2884 2326 sunt.
2919 2269 3037 2336 Quo
3058 2279 3299 2339 tempore
3332 2270 3495 2339 virgo
3528 2269 3757 2323 Domini

2158 2367 2420 2423 Praxedis
2449 2366 2653 2429 multos
2690 2364 3032 2419 Christianos
3081 2361 3396 2417 occultabat
3427 2362 3486 2415 in
3517 2361 3753 2431 praefato

2160 2456 2338 2519 titulo,
2374 2470 2517 2526 quos
2556 2462 2611 2509 et
2640 2454 2764 2508 cibo
2812 2452 3075 2522 pascebat
3114 2461 3168 2505 et
3209 2450 3305 2506 Dei
3344 2453 3543 2507 verbo.
3597 2450 3753 2505 Tunc

2156 2550 2496 2619 divulgatum
2545 2560 2623 2603 est
2673 2546 2951 2601 Antonino
3003 2544 3151 2616 (100)
3198 2545 3566 2615 imperatori,
3606 2548 3753 2615 quod

2156 2652 2460 2696 conventus
2486 2641 2679 2696 tierent
2698 2639 3145 2693 Christianorum
3177 2638 3231 2691 in
3264 2639 3429 2693 titulo
3452 2637 3748 2693 Praxedis.

2156 2733 2410 2804 Misitque
2429 2733 2613 2788 statim
2636 2743 2690 2786 et
2720 2732 2890 2785 tenuit
2923 2732 3124 2787 multos
3146 2746 3212 2785 ex
3239 2730 3386 2795 illis;
3419 2732 3570 2785 inter
3611 2748 3753 2800 quos

2156 2829 2331 2883 tenuit
2354 2828 2671 2883 Simetrium
2695 2828 3070 2897 presbyterum
3091 2843 3215 2881 cum
3239 2826 3366 2881 aliis
3395 2827 3597 2897 viginti
3621 2827 3755 2879 duo-

2154 2921 2293 2985 bus;
2334 2930 2388 2976 et
2420 2936 2517 2974 eos
2550 2921 2669 2973 sine
2710 2920 2987 2973 audientia
3033 2918 3211 2990 gladio
3243 2918 3428 2988 puniri
3460 2921 3748 2987 praecepit.

2154 3012 2400 3080 Quorum
2434 3028 2663 3082 corpora
2696 3021 2859 3067 noctu
2893 3013 3049 3067 beata
3100 3011 3366 3067 Praxedis
3413 3012 3666 3082 collegit,
3698 3021 3748 3065 et

2158 3109 2211 3161 in
2264 3107 2582 3162 coemeterio
2628 3104 2891 3160 Priscillae
2914 3106 3017 3159 sub
3048 3105 3135 3159 die
3167 3120 3238 3158 vu
3289 3103 3574 3159 Kalendas
3602 3103 3749 3157 Junii

2157 3204 2406 3273 sepelivit
2443 3204 2545 3273 (1).
2580 3204 2784 3258 Deinde
2814 3204 2970 3272 virgo
2997 3200 3235 3265 Domini,
3274 3198 3447 3252 nimia
3489 3198 3747 3266 corporis

2153 3297 2446 3353 alllictione
2475 3298 2796 3362 constricta,
2824 3310 2949 3351 eum
2987 3292 3197 3348 intimis
3244 3291 3510 3361 suspiriis
3544 3290 3619 3345 ad
3649 3292 3742 3341 Du-

2153 3392 2367 3446 minum
2394 3391 2682 3461 ingemuit,
2710 3399 2765 3444 et
2792 3397 2851 3443 ut
2875 3404 2941 3443 ex
2965 3387 3068 3441 hoc
3098 3384 3305 3440 mundo
3328 3383 3508 3438 tutius
3538 3383 3748 3437 auferri

2154 3492 2483 3549 mereretur,
2517 3480 2716 3537 oravit.
2746 3479 2920 3549 Cujus
2946 3476 3226 3532 orationes
3247 3483 3304 3529 et
3330 3474 3605 3544 lacrymze
3628 3488 3749 3541 per—

2156 3585 2427 3631 venerunt
2472 3575 2539 3629 ad
2589 3573 2809 3627 coelum.
2844 3568 2980 3625 Nam
3013 3577 3138 3638 post
3183 3567 3301 3621 dies
3336 3563 3747 3634 quinquaginta

2153 3671 2398 3740 quinque
2432 3668 2510 3737 (2)
2542 3665 2815 3737 passionis
2838 3663 3221 3734 przedictorum
3266 3668 3599 3714 sanctorum
3626 3699 3641 3720 ,
3666 3658 3748 3709 die

2153 3763 2411 3816 videlicet
2440 3777 2515 3816 xu
2551 3758 2827 3813 Kalendas
2852 3757 3110 3825 Augusti,
3154 3752 3413 3823 migravit
3443 3752 3518 3804 ad
3556 3749 3746 3803 Domi-

2154 3872 2309 3910 num.
2365 3854 2538 3921 Cujus
2584 3867 2783 3920 corpus
2822 3864 2921 3919 ego
2962 3847 3157 3901 Pastor
3199 3846 3486 3914 presbyter
3519 3840 3749 3912 sepelivi

2149 3948 2309 4017 juxta
2340 3954 2550 4015 patrem
2581 3941 2907 4005 Pudentem,
2932 3939 3019 3991 via
3048 3935 3286 3998 Salaria,
3327 3934 3382 3986 in
3414 3930 3748 3987 cmmeterio

2152 4036 2436 4090 Priscillae.
2469 4034 2484 4053 '
2523 4030 2628 4086 Ubi
2654 4030 2848 4085 ﬂorent
2875 4028 3153 4082 orationes
3185 4039 3375 4079 eorum
3409 4023 3493 4093 (5)
3546 4023 3748 4092 (usque

2154 4130 2377 4198 hodie):
2412 4134 2705 4198 praestante
2727 4123 2961 4178 Domino
2989 4126 3180 4176 nostro
3211 4116 3338 4172 Jesu
3369 4116 3631 4180 Christo,
3662 4114 3746 4170 cui

2153 4232 2239 4278 est
2277 4224 2455 4277 honor
2486 4229 2541 4275 et
2570 4216 2865 4289 imperium
2905 4229 3003 4286 per
3027 4222 3231 4269 aeterna
3275 4208 3483 4267 szecuia
3510 4209 3742 4266 εωουὶοο

2152 4331 2299 4371 rum.
2327 4313 2527 4369 Amen.

448 4474 449 4477 “
543 4485 656 4556 (98)
698 4485 989 4565 Hactenus
1018 4489 1245 4565 epistola
1278 4487 1618 4565 Pastorisad
1655 4488 2042 4565 Timotheum:
2076 4495 2126 4553 D
2225 4498 2301 4565 (i)
2342 4498 2399 4551 in
2425 4510 2560 4549 mss.
2605 4492 2872 4546 Romanis
2896 4488 3049 4565 apud
3070 4482 3482 4565 Aringhumjta
3511 4484 3736 4554 legitur:

470 4572 592 4626 qua:
626 4570 931 4628 sequuntur
960 4560 1157 4632 deinde
1192 4562 1305 4627 ipse
1332 4560 1499 4613 etiam
1541 4559 1737 4614 Pastor
1758 4563 1825 4615 ad
1860 4571 2045 4632 poste-

468 4644 656 4682 rorum
689 4632 1005 4685 memoriam
1038 4631 1304 4699 adjnnxit.

542 4702 655 4769 (99)
696 4699 814 4754 Alia
865 4718 998 4756 mss.
1048 4700 1312 4756 Praxedis
1344 4719 1361 4755 :
1396 4702 1490 4756 sed
1540 4712 1831 4771 utramque
1863 4704 2043 4759 nomi-e

407 4792 413 4798 ·
469 4772 708 4824 nandam
740 4771 911 4826 fuisse
932 4773 1046 4841 jam
1087 4772 1396 4827 docuimus.

540 4843 1066 4916 (lUOLAntoninum
1101 4843 1185 4897 his
1232 4842 1585 4916 intelligimus
1612 4860 1646 4916 τί
1666 4845 1917 4899 eumdem
1949 4844 2044 4916 qui

440 4926 635 4980 supra
684 4911 876 4977 Pium,
924 4928 1033 4966 non
1076 4928 1207 4967 vero
1240 4914 1362 4981 ejus
1398 4915 1567 4968 lilium
1599 4915 1840 4969 Marcum
1871 4911 2045 4970 Aure-

468 4984 599 5038 lium
625 4982 957 5036 Antoninum
994 4984 1107 5052 (qui
1143 4984 1211 5038 ab
1237 4984 1470 5039 Eusebio
1490 4986 1541 5038 in
1577 4984 1848 5040 Chronico
1869 4996 1922 5041 et
1951 5002 2047 5040 an-

467 5057 627 5121 tiquo
650 5052 910 5122 Catalogo
930 5055 1213 5115 pontificio
1244 5056 1297 5110 in
1329 5055 1652 5111 Eleutherio
1683 5058 1848 5110 etiam
1876 5056 2048 5110 Anto-

468 5126 637 5197 ninus
665 5123 986 5189 simpliciter
1017 5135 1264 5189 vocatur,
1308 5138 1362 5180 et
1385 5128 1487 5182 sub
1517 5143 1627 5188 quo
1668 5143 1887 5197 gravem
1914 5144 2038 5196 per-

468 5194 805 5267 secutionem
824 5204 1027 5248 motam
1051 5212 1175 5251 esse
1197 5207 1409 5251 constat
1432 5213 1576 5251 anno
1598 5194 1726 5267 ejus.
1751 5198 1802 5264 7,
1834 5194 2039 5252 Christi

468 5264 616 5337 1158),
658 5272 710 5317 et
732 5265 994 5337 hoeiquia
1022 5268 1226 5321 nullam
1259 5269 1452 5322 mutati
1486 5264 1696 5337 imperii
1728 5271 1811 5323 vel
1861 5269 2040 5337 ponti-

467 5336 662 5391 ﬁcatus
694 5336 1025 5407 mentionem
1083 5337 1215 5393 facit
1258 5339 1490 5404 Pastor;
1542 5340 1687 5407 quod
1737 5336 1915 5393 tamen
1950 5340 2039 5392 hic

467 5407 622 5479 locus
647 5405 936 5473 exegisset,
959 5409 1003 5463 si
1038 5418 1160 5477 post
1191 5411 1477 5479 utriusque
1503 5405 1865 5464 mutationem
1889 5420 2037 5464 mota

466 5478 704 5551 primum
737 5489 882 5533 esset
906 5479 1239 5549 persecutio,
1269 5481 1336 5536 de
1356 5496 1465 5552 qua
1497 5495 1679 5537 sermo
1712 5488 1813 5537 est.

2160 4590 2178 4622 ι
2212 4554 2456 4635 Quorum
2475 4580 2707 4632 corpora
2728 4571 2893 4635 noctu
2930 4554 2990 4612 Β.
3014 4556 3275 4635 Ρτεδξθᾱὶε
3293 4554 3596 4623 colligens,
3622 4571 3739 4635 san-

2152 4625 2372 4711 guinem
2410 4625 2630 4711 quoque
2672 4633 2922 4711 spongia,
2957 4628 3641 4711 qt_|.:e.-h.actenus_eastat,
3672 4625 3737 4711 de

2151 4697 2466 4780 pavimento
2493 4697 2848 4781 eﬁhaur'iens',
2873 4697 3305 4781 sepielilvilujuxta
3326 4703 3554 4781 patrem
3582 4710 3733 4781 sulem

2151 4763 2217 4835 ac
2239 4763 2502 4835 sororem
2528 4777 2581 4829 in
2610 4763 3245 4831 cremete'rio'Priscil‘l-(e,
3275 4765 3378 4821 sub
3407 4764 3503 4819 die
3532 4781 3610 4819 νη
3640 4763 3734 4817 ⁸³⁸

2153 4850 2342 4905 lendas
2373 4848 2602 4913 Junias;
2637 4865 2655 4897 ι
2689 4859 2802 4915 quo
2831 4843 2920 4898 die
2959 4839 3226 4896 memoria
3256 4850 3448 4891 eorum
3485 4837 3731 4890 celebra-

2154 4931 2305 5061 ωἷὲ)
2344 4987 2593 5061 Totidem
2633 4986 2845 5042 scilicet
2884 4981 3002 5035 dies
3028 4986 3458 5061 numerantura
3489 4978 3574 5032 26
3613 4976 3729 5061 tl‘iaii

2154 5048 2309 5117 ad‘2l
2347 5060 2506 5121 Julii;
2546 5059 2779 5126 ideoque
2823 5053 3168 5126 correximus
3225 5064 3362 5105 mss.
3414 5048 3470 5101 in
3531 5048 3727 5118 quibus

2147 5134 2325 5188 solum
2356 5125 2927 5200 iegebanturitriginta
2955 5132 3223 5200 quatuor.
3332 5196 3343 5200 Δ
3400 5189 3432 5200 -ᾉ
3510 5189 3524 5200 0

2216 5204 2294 5271 (5)
2338 5201 2394 5256 Si
2411 5189 2527 5254 tota
2549 5189 2890 5271 clausula'ab
2925 5189 3115 5271 signo‘
3136 5206 3243 5271 non
3267 5196 3351 5243 est
3364 5189 3717 5271 alterins__au-

2145 5257 2335 5338 cteris,
2359 5272 2503 5342 quod
2533 5269 2817 5342 suspicor;
2848 5257 3097 5320 Pastoris
3125 5270 3281 5342 certe
3301 5274 3411 5313 non
3436 5268 3527 5341 est
3565 5257 3714 5342 illud,

2152 5366 2170 5396 ι
2204 5338 2579 5414 usque-hodie,
2611 5338 2958 5409 {longiorem
2986 5338 3243 5405 prmtcriti
3272 5338 3715 5400 temporisian

2147 5412 2464 5486 capedinem
2490 5412 2775 5468 denotans.
