3830 6216
70 252 3346 304 M

191 442 1257 689 ’l‘llS’l‘llllllN'l‘A
1356 440 1614 671 ΧΠ

1786 438 3202 675 'A’l‘llllllﬂlllllllll.

798 974 1579 1114 VETEBUM
1674 965 2651 1098 TESTIMONIA

671 1224 960 1289 (tinuum,
984 1219 1217 1269 Veterum
1237 1214 1447 1264 Patrum
1471 1205 1789 1271 Bibliotheca,
1814 1213 1849 1255 ι.
1870 1205 1916 1269 I,
1937 1220 1986 1269 p.
2011 1204 2123 1267 ΞΗ,
2141 1201 2371 1255 Venetiis
2394 1204 2533 1268 1765,
2553 1207 2742 1272 in-fol.)

1702 1364 1746 1421 Ι.

448 1510 719 1568 ORIGENES
752 1501 936 1557 homil.
972 1517 1039 1554 xv
1062 1498 1115 1552 in
1142 1493 1326 1549 Josue.
1360 1489 1445 1545 Ea:
1474 1488 1603 1543 edit.
1636 1486 1833 1541 noviss.
1864 1483 1977 1538 ΕΒ.
2008 1482 2191 1537 Paris.
2221 1482 2382 1549 1755,
2418 1490 2544 1536 (om.
2582 1479 2668 1545 II,
2694 1498 2816 1551 pag.
2848 1482 2953 1536 455
2978 1481 3041 1536 ρ,

164 1640 279 1695 sed
314 1647 368 1692 ει
409 1637 464 1690 an
518 1634 704 1701 anque
735 1627 972 1701 quodam
1023 1621 1241 1684 ιίικιιιον
1275 1615 1370 1701 qui
1402 1611 1706 1701 πριιοιιειυξ·
1732 1599 3225 1701 Terence.cresim.curarem:suam}:
3250 1614 3361 1701 πέζα

63 1668 368 1768 ΙιςιὶῗιξίΐιυῧιΓ
393 1668 1696 1768 qucmdanisensum
1728 1677 2072 1742 invenimus,
2105 1675 2252 1746 quod
2298 1690 2399 1744 per
2442 1668 2689 1748 singulos
2713 1679 3002 1741 peccantes
3031 1670 3232 1741 singuli
3260 1668 3365 1725 Sa-

69 1755 769 1848 ίὶιῖῑεζίἰῖίοιῇέίνάόὒθαιίι.
810 1767 1040 1822 Testam.
1066 1779 1107 1828 ι,
1135 1755 1318 1814 Ruben
1353 1772 1470 1825 cap.
1498 1755 1550 1809 5.
1718 1845 1739 1900 1

1692 1846 1714 1901 Ι

1106 1974 1411 2029 Pnocorius
1440 1967 1735 2023 Comment.
1766 1963 1822 2016 in
1856 1961 2068 2028 Genes.,
2093 1974 2209 2028 cap.
2240 1956 2333 2013 58.

160 2123 261 2178 Ille
288 2115 531 2186 (ludas).
565 2128 738 2169 uxore
767 2106 1049 2186 defuncta,
1094 2080 2835 2186 ‘1“?fflli‘fﬁ‘i‘i‘fPL1215?“?"33339.1?3332.3}fi’flflﬂifi
2868 2078 3017 2186 3318
3036 2076 3364 2186 #33135."

67 2148 1420 2258 eaid";rZXZZ°J£nK°LB$§deEe§§eivirgo,
1445 2162 1617 2217 Judas
1655 2157 1910 2215 habuerit
1959 2173 1974 2209 ε
2017 2148 2263 2224 lusitque
2304 2148 2651 2223 iniquitatem
2681 2153 2824 2223 ejus.
2868 2149 2996 2205 Vide
3036 2148 3360 2205 Testament.

67 2254 274 2329 Judte',
303 2276 455 2331 capp.
484 2258 551 2312 10
583 2264 632 2309 et
660 2254 749 2307 12.
1680 2323 1749 2380 In

70 2474 433 2527 Amsnsms
473 2464 699 2520 Smnn
722 2451 1012 2526 Anagogt'c.
1041 2441 1418 2513 Contemplatt.
1450 2440 1507 2493 in
1535 2437 1905 2579 ,ᾖρᾶεαὲτᾷπὲἷρῧι
1933 2432 2029 2487 lib.
2060 2447 2160 2499 vn,
2184 2446 2249 2486 ex
2279 2432 2408 2487 edit.
2439 2429 2701 2486 Biblioth.
2742 2428 2862 2485 PP.
2900 2429 3074 2502 Lugd.
3101 2439 3226 2486 tom.
3255 2428 3362 2500 IX,

162 2657 321 2714 Unde
347 2652 557 2709 Hebraei
585 2667 648 2705 ex
672 2648 814 2701 libro
836 2643 929 2713 ψεῖ
956 2654 1061 2693 ηοη
1086 2646 1169 2692 εει
1195 2636 1451 2714 redimi“?
1478 2630 1531 2682 i"
1556 2620 2226 2714 93999??31.‘1“_i.99§d§'3
2238 2616 3365 2714 ,(Ῐίῖῗξῗῖ.ΪΕἾΕέἲῖηέυῖῗξηηῖθῗθνίαὶίῗῗῗῗο

74 2687 1329 2792 di$957;3§5i§°§e§ird25hi8iiigiégsiniaesse
1356 2702 1530 2792 agam
1563 2701 1617 2753 in
1639 2687 1924 2766 paradiso,
1951 2687 2096 2748 sicut
2123 2693 2289 2747 etiam
2322 2690 2534 2746 videtur
2570 2689 2788 2746 c‘uidam
2813 2688 3082 2743 historico
3125 2687 3366 2742 chrono-

74 2773 694 2872 EEQBEb‘rﬁ-Hﬁhim
727 2773 1055 2858 quibusdam
1086 2773 1513 2847 cxpositoribus.

84 2950 3322 3007 Μ,

532 3366 625 3427 De
681 3362 852 3427 libro
888 3360 1005 3444 qui
1046 3358 1141 3420 De
1169 3350 1495 3417 duodecim
1524 3340 2053 3407 Patriarcharum
2097 3334 2483 3396 testamentis
2514 3333 2921 3400 inscribitur.

1676 3522 1749 3536 —

909 3653 991 3714 (D.
1015 3650 1086 3701 ιι
1114 3648 1339 3708 Noun“,
1361 3645 1636 3708 Apparatus
1659 3634 1724 3687 ad
1750 3624 1980 3684 Biblioth.
2001 3635 2156 3684 nem,
2188 3624 2228 3671 ι.
2261 3620 2306 3685 I,
2328 3635 2378 3686 p.
2397 3618 2535 3684 235.)

1701 3805 1750 3863 Α
1776 3812 2226 3871 constantissime
2252 3814 2623 3881 perseverent.
2648 3802 2894 3872 Denique
2911 3815 2975 3855 ex
2997 3797 3142 3853 libro
3175 3794 3362 3853 Enoch

1777 3907 1961 3963 futura
1991 3918 2181 3959 eorum
2212 3909 2457 3971 peccata,
2486 3907 2540 3955 et
2578 3897 2860 3953 Christum
2892 3900 3181 3947 venturum
3218 3903 3363 3959 prat-

1775 3998 2016 4055 nuntiat.
3061 4027 3064 4029 Α

1847 4087 1976 4144 Levi
2017 4086 2187 4143 tradit
2217 4102 2277 4141 se
2314 4102 2345 4141 a
2379 4084 2490 4139 Deo
2530 4081 2745 4137 duabus
2777 4078 3039 4133 donatum
3072 4074 3244 4130 fuisse
3272 4073 3360 4127 vi-

513 3837 915 3899 ARTICULUS
958 3836 1246 3894 PRIMUS.

581 3956 833 4027 Analysis
856 3955 1011 4026 hujus
1032 3953 1178 4009 libri.

164 4092 225 4149 In
266 4093 374 4148 hoc
415 4092 557 4147 libro
604 4090 936 4146 exhibentur
988 4088 1180 4143 ultima
1231 4084 1520 4140 duodecim
1571 4098 1673 4152 pa-

81 4183 482 4247 triarcharum,
499 4183 733 4237 ﬁliorum
757 4180 946 4247 Jacob,
977 4180 1160 4240 verba,
1178 4194 1299 4250 qua:
1326 4178 1428 4247 ipsi
1446 4177 1673 4247 jamjam

85 4275 349 4331 morituri
380 4275 446 4329 ad
484 4274 644 4340 ﬁlios,
682 4283 846 4343 atque
878 4289 944 4328 ex
969 4271 1175 4326 eisdem
1209 4269 1476 4335 nonnulli,
1509 4269 1674 4322 nimi-

82 4382 218 4421 rum
259 4365 450 4421 Ruben
481 4374 535 4421 et
567 4363 767 4434 Ioseph
804 4365 871 4419 ad
912 4363 1109 4437 fratres
1150 4376 1369 4431 quoque
1412 4374 1543 4415 suos
1577 4360 1675 4414 ha-

84 4460 283 4516 buisse
325 4459 601 4513 dicuntur.
642 4456 701 4510 In
742 4457 824 4512 his
870 4464 1053 4510 autem
1086 4452 1277 4508 Ruben
1308 4452 1487 4522 major
1516 4463 1670 4517 natu,

84 4550 341 4607 omnium
384 4551 595 4621 primus
640 4558 1026 4604 testamentum
1073 4562 1231 4601 suum
1269 4562 1299 4600 a
1329 4544 1675 4601 confessione

84 4643 310 4708 incesti,
344 4641 491 4713 quod
528 4643 641 4712 ipse
688 4656 813 4697 cum
856 4640 1013 4705 Bala,
1046 4637 1351 4693 concubina
1380 4636 1552 4706 patris
1587 4635 1673 4691 sui

83 4735 480 4800 commiserat,
525 4733 758 4787 orditur.
811 4730 950 4784 Tum
1004 4730 1197 4785 deinde
1258 4727 1494 4783 ostendit
1536 4740 1674 4797 quas

83 4826 223 4880 inde
253 4841 444 4894 poenas
470 4825 579 4879 Deo
601 4824 827 4889 dederit,
860 4832 913 4878 et
938 4838 1099 4893 quam
1126 4822 1194 4875 ad
1226 4820 1518 4877 eluendum
1557 4835 1676 4874 sce-

86 4919 185 4973 lus
225 4933 387 4973 suum
438 4918 610 4989 egerit
660 4916 1059 4987 paenitentiam.
1115 4914 1482 4980 Quamobrem
1530 4912 1674 4969 ﬁlios

85 5026 229 5067 suos
259 5012 325 5067 ad
358 5011 650 5066 mulierum
695 5019 973 5079 aspectum
1020 5009 1323 5073 vitandum,
1359 5015 1414 5062 et
1460 5006 1675 5078 fugien-

86 5104 223 5159 dam
263 5102 677 5159 fornicationem
704 5103 1047 5169 adhortatus,
1078 5099 1338 5155 nonnulla
1363 5099 1429 5155 de
1451 5097 1672 5155 Christo

84 5204 326 5252 venturo
358 5197 535 5252 obiter
562 5196 898 5267 perstringit.

164 5288 391 5344 Simeon
437 5304 570 5344 vero
620 5289 794 5359 aperit
844 5295 1047 5358 quanta
1091 5287 1145 5342 in
1194 5284 1395 5355 Joseph
1443 5284 1669 5339 fratrem

1776 4179 2047 4240 sionibus,
2071 4190 2303 4247 quarum
2333 4174 2507 4245 prima
2538 4171 2728 4237 caelos,
2754 4170 2809 4223 in
2835 4166 3195 4239 quibusjusti
3222 4180 3362 4234 pra:-

1774 4271 1923 4337 miis,
1964 4269 2154 4338 injusti
2200 4283 2330 4322 vero
2380 4265 2664 4335 suppliciis
2705 4261 3028 4327 afﬁcientur,
3054 4274 3113 4314 se
3155 4257 3360 4313 vidisse

1775 4364 2060 4434 proﬁtetur
2100 4361 2201 4415 :in
2250 4359 2487 4415 secunda
2537 4372 2596 4412 se
2632 4352 3065 4411 sacerdotalibus
3112 4349 3357 4404 vestibus

1776 4457 2027 4511 indutum
2073 4463 2127 4509 et
2176 4453 2513 4508 sacerdotem
2556 4451 2612 4504 in
2671 4458 2938 4504 mternum
2993 4444 3359 4500 constitutum

1775 4547 1947 4604 fuisse
1975 4547 2233 4603 declarat.
2279 4543 2413 4599 Post
2439 4543 2555 4598 haec
2576 4558 2642 4596 ex
2675 4542 2816 4595 libro
2853 4538 3039 4593 Enoch
3080 4537 3207 4591 ﬁliis
3240 4536 3359 4592 suis

1776 4639 2063 4694 annuntiat
2098 4639 2152 4692 in
2195 4652 2317 4707 quae
2356 4635 2562 4705 lapsuri
2595 4642 2779 4689 essent
2814 4640 3059 4703 peccata,
3090 4631 3357 4698 pluraque

1775 4731 1843 4787 de
1871 4730 2113 4796 Christo,
2147 4743 2211 4783 ac
2240 4728 2307 4783 de
2335 4726 2655 4781 eorumdem
2699 4724 2937 4779 ﬁliorum
2979 4737 3209 4779 suorum
3239 4722 3356 4777 dis-

1775 4822 2052 4894 persione,
2084 4821 2280 4876 exsilio
2315 4825 2369 4875 et
2400 4818 2715 4889 captivitate
2743 4816 3009 4887 praedicit.

1845 4912 2019 4968 Judas
2058 4918 2244 4966 narrat
2283 4920 2549 4981 quantum
2582 4909 2816 4963 valuerit
2855 4907 3103 4977 corporis
3143 4906 3358 4963 viribus

1776 5020 1841 5061 ac
1884 5006 2103 5071 robore,
2143 5012 2199 5058 et
2241 5018 2405 5072 quam
2449 5001 2709 5072 praeclara
2755 5000 2809 5053 in
2860 4998 3064 5068 prazliis
3106 4996 3356 5053 facinora

1775 5096 2022 5153 ediderit.
2050 5094 2213 5151 Addit
2242 5093 2388 5149 Esau
2424 5094 2480 5147 in
2515 5091 2703 5164 praelio
2733 5106 2764 5145 a
2793 5088 2964 5146 Iacob
2994 5089 3265 5154 occisum,
3300 5097 3357 5145 et

1704 5183 1750 5244 B
1777 5208 1836 5248 se
1866 5206 1977 5246 non
2009 5191 2185 5245 solum
2216 5204 2340 5245 cum
2375 5187 2617 5243 Thamar
2647 5202 2790 5242 nuru
2834 5199 2933 5240 sua
2964 5184 3357 5249 concubuisse,

1775 5298 1965 5340 verum
1996 5296 2225 5337 uxorem
2265 5295 2485 5351 quoque
2515 5278 2741 5335 duxisse
2770 5276 3139 5333 Chananmam
3166 5283 3260 5331 :at
3294 5287 3361 5329 se

90 5396 258 5437 suum
303 5382 569 5436 exarserit
610 5381 831 5447 invidia,
865 5388 1243 5450 quantumque
1271 5379 1478 5433 idcirco
1510 5376 1672 5432 fuerit
1778 5375 2063 5444 utriusque
2091 5372 2337 5428 criminis
2380 5372 2556 5441 egisse
2589 5370 2986 5441 paenitentiam.
3035 5366 3166 5422 [nde
3207 5365 3356 5420 ﬁlios

88 5474 426 5543 punitus,ae
450 5472 657 5542 peccati
689 5472 775 5527 sui
805 5471 982 5541 ipsum
1006 5470 1340 5541 pceniituerit.
1373 5468 1670 5538 Eapropter
1770 5463 2211 5529 commonefacit,
2253 5476 2311 5519 ut
2348 5463 2562 5531 fugiant
2588 5463 2909 5518 ebrietatem
2944 5468 2998 5515 et
3028 5456 3351 5514 fornicatio-

90 5568 352 5621 admonet
387 5565 527 5619 ﬁlios
568 5580 700 5620 suos
720 5605 735 5631 ,
767 5575 826 5620 ut
854 5565 923 5619 ab
955 5562 1157 5618 invidia
1194 5562 1384 5618 sedulo
1420 5570 1665 5628 caveant,
1769 5574 1917 5623 nem,
1950 5558 2140 5627 eisque
2179 5555 2411 5612 subinde
2440 5562 2631 5610 narrat
2662 5568 2775 5624 quo
2802 5560 2963 5623 pacto
2995 5549 3239 5620 angelica
3268 5547 3352 5601 vi‘«

92 5666 260 5727 atque
303 5656 357 5710 in
398 5655 745 5725 simplicitate
786 5656 995 5724 cordis,
1024 5664 1077 5711 et
1123 5652 1365 5710 fraterna
1396 5652 1664 5709 charitatc
1766 5655 1916 5710 sione
1937 5650 2487 5723 didicerit,quantum
2513 5647 2772 5706 mulieres
2791 5646 2925 5703 viris
2948 5652 3131 5703 essent
3152 5640 3352 5699 noxiae.
