3830 6216
453 284 592 343 i027

1527 268 1995 328 TESTAMENTA
2030 265 2125 320 XII
2173 256 2593 318 PATRIARC".

3626 258 3751 313 “Et

446 402 731 458 Postremo
777 403 911 471 ipsus
950 418 1074 471 quae
1115 400 1392 471 peccaturi
1444 409 1651 467 essent,
1700 407 1755 453 ct
1795 396 2039 451 futurum
2072 398 2117 452 Α
2144 399 2198 445 et
2233 389 2472 443 futuram
2507 386 2939 449 tribulationem,
2967 391 3018 437 et
3060 380 3340 433 Christum
3375 374 3517 430 fore
3554 387 3745 428 ventu-
3801 360 3803 463 i

447 494 650 551 Christi
679 494 972 549 adventum
998 495 1263 548 declarat.

520 586 815 656 Postquam
855 586 1102 641 lssacbar
1143 586 1298 654 plura
1328 586 1395 641 de
1424 584 1709 639 nativitate
1750 597 1849 636 sua
1892 581 2038 633 edis-

454 685 644 746 seruit,
664 699 722 737 se
744 684 817 736 ita
845 694 898 736 et
926 683 979 735 in
1009 682 1356 751 simplicitate
1379 680 1694 733 ambulasse
1718 686 1768 732 et
1796 675 2035 731 coluisse

455 774 846 844 agriculturam
877 772 1107 837 fatetur;
1142 779 1201 825 ut
1227 771 1438 824 nullum
1470 784 1714 839 unquam
1752 776 2035 837 peccatum

456 866 522 918 ad
564 874 793 918 mortem
839 863 1142 919 admiserit.
1194 862 1543 932 Quapropter
1592 861 1735 915 lilios
1784 873 1917 913 suos
1968 857 2035 910 ad

456 957 861 1025 simplicitatem
898 964 953 1011 et
981 956 1377 1026 agriculturam
1427 952 1727 1024 plurimum
1779 951 2041 1005 adhorta-

460 1058 569 1100 tur.

528 1141 774 1197 Zabulon
807 1157 865 1197 se
904 1141 1066 1195 etiam
1098 1156 1207 1195 non
1254 1153 1515 1210 peccasse
1542 1136 1761 1197 asserit,
1791 1143 1845 1187 et
1882 1132 2041 1201 plura

457 1233 523 1287 de
554 1232 859 1287 venditione
899 1231 1098 1301 Joseph
1135 1237 1503 1293 commentus,
1530 1226 1770 1280 ostendit
1807 1239 1866 1277 se
1916 1236 2045 1275 ven-

457 1325 681 1379 ditionis
704 1325 868 1389 illius,
893 1333 947 1378 et
978 1323 1189 1393 peccati
1214 1323 1444 1375 fratrum
1474 1331 1700 1373 suorum
1737 1331 1843 1369 non
1874 1313 2045 1366 fuisse

461 1434 634 1472 reum.
676 1416 873 1471 Subdit
908 1432 1036 1471 vero
1080 1431 1139 1471 se
1172 1416 1413 1484 primum
1445 1412 1633 1482 fecisse
1665 1409 1916 1477 scapham
1949 1422 2046 1460 na-

460 1512 633 1579 vigare
662 1510 715 1563 in
748 1510 914 1574 mari,
948 1517 1111 1578 atque
1141 1523 1208 1561 ex
1241 1506 1427 1570 variis,
1462 1518 1603 1573 quos
1654 1502 1769 1569 ipse
1810 1507 2043 1567 ceperat,

463 1600 703 1667 piscibus
753 1614 811 1653 se
860 1599 1046 1667 egenis
1096 1598 1293 1666 stipem
1340 1609 1615 1664 erogasse.
1674 1590 2042 1656 Quamobrem

464 1690 603 1744 ﬁlios
637 1706 767 1745 suos
809 1691 1010 1745 excitat
1060 1690 1125 1743 ad
1179 1687 1640 1750 misericordiam,
1672 1683 2043 1745 concordiam,

462 1790 516 1836 et
555 1781 850 1851 perfectam
898 1782 1039 1836 inter
1080 1796 1138 1835 se
1176 1780 1519 1834 charitatem.
1570 1776 1812 1829 Tandem
1861 1773 2045 1827 futura

463 1886 652 1926 eorum
686 1873 912 1937 scelera,
944 1883 997 1926 et
1024 1870 1265 1925 futuram
1298 1869 1503 1923 Christi
1534 1868 1749 1921 Domini
1794 1867 2048 1920 incarna-

467 1966 686 2031 tionem,
716 1965 967 2019 adductis
996 1980 1063 2018 ex
1104 1964 1244 2018 libro
1271 1961 1457 2017 Enoch
1503 1960 1753 2031 pluribus
1799 1958 2045 2012 testimo«

469 2056 597 2123 niis,
631 2056 938 2111 annuntiat.

536 2147 650 2201 Dan
674 2147 873 2201 fatetur
902 2162 960 2201 se
987 2147 1053 2201 de
1082 2144 1393 2200 venditione
1419 2153 1472 2198 et
1494 2152 1669 2198 morte
1703 2140 1924 2211 Joseph,
1960 2145 2047 2196 cui

466 2252 663 2292 manus
714 2236 907 2291 afferre
953 2236 1229 2302 voluerat,
1269 2237 1469 2305 gaudio
1516 2234 1689 2287 fuisse
1737 2232 2043 2302 perfusum.

466 2327 673 2384 Idcirco
716 2330 873 2385 docet
927 2329 1069 2383 ﬁlios
1116 2329 1183 2383 ab
1238 2330 1317 2381 ira
1360 2342 1481 2381 esse
1530 2326 2050 2394 cavendum,atqne

467 2419 540 2473 ibi
586 2419 847 2473 nonnulla
875 2418 941 2473 de
973 2417 1262 2472 mendacio
1292 2416 1549 2486 fugiendo
1582 2415 1773 2469 leviter
1804 2415 2044 2481 attingit.

472 2511 712 2581 Denique
754 2526 877 2580 quae
933 2510 1038 2580 ipsi
1094 2509 1459 2579 perpetraturi
1506 2516 1692 2561 essent
1734 2506 1959 2571 scelera,
1996 2515 2050 2559 et

467 2602 587 2658 fore
614 2613 672 2658 ut
700 2603 954 2658 Christus
985 2603 1149 2657 homo
1179 2603 1352 2665 ﬁeret,
1386 2615 1452 2654 ex
1498 2599 1638 2653 libro
1675 2597 1863 2652 Enoch
1908 2597 2050 2651 vati-

469 2694 706 2748 cinatur.

538 2781 827 2852 Nephthali
856 2782 1025 2837 multa
1056 2780 1276 2850 quidem
1319 2780 1387 2834 de
1423 2779 1742 2849 parentibus
1784 2777 1927 2833 Bala:
1970 2777 2051 2832 la-

469 2877 723 2942 bulatur;
758 2891 822 2929 ac
851 2874 991 2929 lilios
1029 2888 1159 2928 suos
1195 2872 1389 2927 deinde
1430 2879 1635 2938 monet,
1667 2879 1726 2923 ut
1758 2869 1925 2923 Deum
1960 2886 2051 2923 cn-

468 2970 585 3022 lant
628 2976 681 3022 et
708 2968 762 3019 in
790 2966 931 3021 bono
957 2972 1323 3034 perseverent.
1358 2961 1436 3015 Ex
1466 2962 1603 3016 libro
1626 2972 1804 3015 autem
1838 2960 2047 3023 Enoch,

2144 495 2270 534 rum
2306 478 2451 533 haud
2480 479 2796 531 dubitanter
2830 475 3045 530 asserit.

2212 573 2498 629 Postremo
2531 571 2812 641 Benjamin
2841 570 3093 625 hortatur
3121 565 3264 619 filios
3296 577 3461 625 suos,
3502 570 3577 614 ut
3603 559 3745 613 Jos-

2144 666 2270 735 phi,
2308 665 2414 718 viri
2445 664 2643 729 sancti,
2678 663 2935 717 insistant
2967 659 3235 728 vestigiis,
3271 654 3456 709 Deum
3496 647 3747 711 timeant,

2144 758 2374 828 diligant
2405 756 2745 826 proximum,
2776 752 3062 824 praaceptis
3095 750 3190 803 Dei
3217 747 3514 810 obediant,
3553 759 3626 796 ac
3659 760 3748 810 pu-

2147 866 2261 904 ram
2315 860 2370 905 et
2419 849 2825 904 immaculatam
2873 852 3201 902 conservent
3249 856 3403 896 suam
3478 846 3745 892 mentem.

2146 943 2257 997 lllis
2304 950 2489 997 autem
2539 942 2673 1011 ipsis
2718 955 2786 994 ex
2832 938 2973 992 libro
3018 935 3207 990 Enoch
3255 930 3524 1003 praedicit
3572 930 3748 982 futura

2146 1051 2335 1090 eorum
2374 1034 2629 1100 crimina,
2657 1031 2939 1087 Christum
2977 1038 3291 1091 venturum,
3324 1025 3529 1079 velum
3566 1023 3747 1090 templi

2148 1128 2530 1192 scindendum,
2560 1142 2752 1181 omnes
2780 1141 2810 1179 a
2846 1124 3079 1179 mortuis
3102 1119 3425 1177 excitandos
3460 1115 3746 1171 homines.

2147 1232 2201 1276 et
2228 1222 2281 1275 in
2308 1220 2517 1292 judicio
2556 1213 2854 1275 universali
2896 1215 3187 1273 sistendos.
3230 1213 3494 1280 Denique
3526 1209 3677 1263 sicut
3704 1218 3749 1258 et

2149 1315 2241 1369 alii
2285 1314 2610 1385 patriarcha:
2657 1311 2787 1365 ﬁliis
2833 1309 2950 1365 suis
2995 1305 3411 1366 mandaverant,
3458 1302 3545 1354 ita
3579 1309 3640 1353 et
3670 1298 3749 1350 ille

2153 1407 2269 1461 suis
2314 1405 2559 1475 praecipit
2604 1413 2664 1457 ut
2702 1418 2764 1457 ex
2810 1401 3044 1471 Aigypto
3083 1399 3138 1452 in
3188 1396 3407 1450 Hebron
3450 1408 3598 1447 ossa
3637 1407 3745 1451 sua,

2148 1513 2269 1566 qua:
2312 1497 2383 1550 ibi
2434 1510 2559 1550 cum
2608 1495 2855 1564 patribus
2901 1492 3017 1547 suis
3059 1489 3412 1559 sepeliantur,
3456 1492 3748 1554 asportent

2096 1573 2107 1592 ’
2150 1599 2203 1643 et
2227 1589 2465 1644 condant
2494 1588 2549 1641 in
2580 1588 2814 1641 tumulo.

2680 1693 3081 1751 ARTICULUS
3128 1692 3192 1745 ll.

2152 1790 2557 1846 Demonstratur
2588 1790 2726 1843 hunc
2766 1788 2962 1842 librum
2992 1785 3323 1854 suppositum
3353 1797 3473 1834 esse
3498 1790 3553 1833 et
3591 1779 3746 1831 adut-

2817 1861 3065 1911 terinum.

2221 1953 2321 2009 Hic
2371 1955 2530 2020 liber,
2587 1952 2791 2007 nullius
2823 1949 3060 2004 auctoris
3118 1946 3338 2000 nomine
3400 1943 3744 2010 inscriptus,

2151 2048 2514 2116 proscribitur
2541 2046 2609 2099 ab
2636 2044 2913 2108 omnibus,
2942 2041 3311 2107 asseriturque
3340 2053 3474 2091 eum
3510 2035 3741 2104 ﬁgmen-

2152 2141 2242 2204 tis,
2269 2138 2469 2193 fabulis
2514 2137 2904 2205 erroribusque
2935 2134 3156 2203 plenum
3186 2146 3329 2194 esse,
3361 2138 3418 2183 et
3470 2126 3743 2182 scaturrire

2154 2230 2472 2285 mendaciis.
2518 2228 2662 2295 Quin
2712 2228 2822 2283 imo
2861 2228 3017 2297 plura
3048 2240 3173 2279 cum
3218 2236 3381 2277 sacro
3434 2219 3737 2290 Scriptura

2152 2333 2300 2379 textu
2331 2322 2627 2393 pugnantia
2654 2321 2706 2375 in
2740 2321 2833 2376 illo
2863 2317 3342 2390 deprehendimus.

2223 2414 2467 2469 Primum
2498 2414 2643 2468 enim
2684 2414 2737 2467 id
2767 2412 2939 2467 textui
2977 2410 3163 2465 divino
3206 2407 3569 2470 adversatur,
3599 2404 3736 2473 quod

2152 2508 2344 2563 Ruben
2390 2508 2457 2562 de
2505 2520 2606 2561 suo
2653 2520 2776 2560 cum
2822 2503 2971 2569 Bala,
3002 2514 3056 2557 et
3101 2499 3271 2555 ludas
3316 2515 3450 2554 cum
3502 2497 3739 2551 Thamar

2152 2602 2360 2655 incestu
2393 2598 2725 2653 fabulantur.
2758 2595 2895 2650 Illud
2928 2596 3054 2650 item
3086 2594 3231 2664 quod
3264 2592 3333 2646 de
3366 2589 3736 2661 quorumdam

2152 2693 2607 2766 patriarcharum,
2634 2689 2931 2752 Simeonis,
2954 2686 3103 2741 verbi
3131 2684 3328 2754 gratia,
3360 2693 3415 2738 et
3439 2681 3739 2736 Zabulouis

2152 2789 2410 2844 statuitur
2443 2793 2618 2839 aetate.
2648 2781 2724 2835 Ea
2760 2781 2997 2851 denique
3027 2794 3149 2849 quae
3181 2776 3409 2831 Simeon
3436 2784 3494 2828 et
3520 2772 3653 2828 Levi
3677 2772 3737 2823 de

2150 2879 2351 2948 pmnis,
2384 2893 2521 2947 quas
2554 2876 2625 2929 ob
2665 2873 2814 2928 Dina:
2845 2872 3052 2927 sororis
3091 2884 3203 2925 suae
3246 2876 3471 2936 raptum
3502 2882 3533 2919 a
3566 2864 3739 2918 Sit-lii-

2152 2971 2301 3025 mitis
2342 2971 2628 3041 repetiere,
2659 2977 2714 3023 et
2743 2982 2866 3038 qua:
2911 2962 3027 3019 Gad
3069 2962 3136 3017 de
3175 2958 3497 3014 venditione
3540 2954 3737 3023 Joseph

468 3070 634 3129 atque
656 3075 722 3113 ex
749 3059 1054 3114 visionibus
1086 3057 1202 3111 suis
1232 3056 1480 3127 praidieit
1516 3054 1632 3110 fore
1658 3064 1715 3109 ut
1746 3054 1800 3108 in
1831 3066 2048 3124 peccata
2077 3078 2118 3135 ο
2153 3064 2375 3119 ﬁnxisse
2410 3064 2661 3133 legimus,

468 3150 572 3219 ipsi
614 3149 1051 3219 prolaberentur,
1086 3150 1539 3214 coorirenturque
1584 3152 1955 3213 tempestates,
1982 3160 2047 3198 ac

466 3239 723 3295 Christus
768 3239 989 3294 tandem
1035 3245 1317 3306 assumpta
1361 3236 1600 3290 humana
1642 3250 1807 3289 carne
1853 3250 2045 3289 nasce-

471 3342 585 3387 I‘Clll
592 3346 635 3387 Γ.

537 3420 651 3477 Gad
690 3422 781 3476 ubi
814 3421 969 3490 plura
1010 3420 1077 3475 de
1105 3417 1416 3474 venditione
1448 3414 1650 3484 Joseph
1678 3413 2048 3468 commentitia

466 3512 709 3579 tradidit,
741 3512 1032 3569 conﬁtetur
1075 3526 1132 3565 se
1162 3524 1288 3563 eum
1335 3507 1463 3562 odio
1500 3506 1758 3560 habuisse
1793 3513 1905 3558 tam
1942 3504 2048 3557 im-

466 3604 753 3675 placabili,
784 3611 846 3657 ut
892 3603 996 3672 ipsi
1038 3616 1226 3655 necem
1276 3597 1623 3653 consciscere
1666 3595 1922 3661 voluerit,
1954 3592 2048 3647 sed

466 3699 536 3753 de
584 3697 669 3751 his
725 3704 779 3750 et
825 3694 1150 3765 pmnituisse
1195 3702 1249 3747 et
1300 3691 1468 3745 luisse
1512 3703 1723 3759 poenas.
1780 3688 2049 3752 Quocirca

466 3790 609 3843 ﬁlios
640 3804 769 3843 suos
800 3788 867 3842 ad
907 3787 1092 3841 odium
1137 3783 1477 3855 fugiendum,
1508 3790 1561 3835 et
1605 3779 1892 3834 fovendam
1932 3779 2047 3833 fra-

467 3890 678 3935 ternam
708 3879 1029 3933 charitatem
1073 3878 1284 3941 incitat,
1316 3890 1378 3929 ac
1406 3872 1699 3927 nonnullas
1732 3870 1950 3925 domum
1982 3870 2049 3924 de

466 3972 687 4027 Christo
720 3970 900 4025 fundit
937 3968 1372 4023 vaticinationes.
1938 4031 1963 4036 ν

537 4066 672 4120 Aser
704 4064 846 4118 ﬁlios
870 4078 1000 4119 suos
1023 4062 1162 4116 duas
1190 4076 1311 4115 esse
1342 4058 1458 4112 vias
1488 4056 1669 4121 docet,
1698 4070 1862 4107 unam
1892 4037 2044 4119 boni,

468 4158 597 4213 mali
647 4157 913 4222 alteram;
954 4157 1095 4209 hanc
1140 4149 1576 4220 relinquendam,
1622 4148 1769 4203 illam
1818 4163 2047 4217 carpen-

468 4250 616 4305 dam.
665 4248 947 4303 Testatum
1000 4244 1196 4299 deinde
1247 4242 1399 4306 facit,
1431 4255 1490 4294 se
1534 4240 1590 4293 in
1638 4239 1729 4292 illa
1768 4239 1909 4308 boni
1958 4239 2045 4291 via

469 4357 684 4411 semper
720 4339 1055 4403 ambulasse,
1094 4346 1256 4404 atque
1300 4334 1442 4387 lilios
1487 4345 1617 4385 suos
1661 4339 1720 4383 ut
1763 4330 1905 4384 idem
1944 4330 2048 4383 iter

469 4433 675 4499 ineant,
702 4433 844 4487 serio
871 4438 1200 4485 commonet.
1232 4427 1476 4493 Denique
1503 4423 1588 4477 his
1612 4422 1900 4476 annuntiat
1931 4420 2046 4476 fore
2079 4429 2121 4482 D

468 4535 532 4579 ut
562 4525 665 4593 ipsi
695 4528 1002 4592 peccarent,
1029 4534 1093 4573 ac
1120 4516 1355 4587 dispersi
1387 4520 1733 4582 vagarentur,
1766 4510 2048 4566 Christus-

469 4630 575 4683 que
610 4622 797 4682 postea
825 4611 1056 4665 veniret.

545 4726 750 4797 Joseph
792 4726 1029 4795 explicat
1077 4738 1187 4795 quo
1226 4730 1386 4791 pacto
1420 4736 1449 4773 a
1480 4717 1741 4773 fratribus
1793 4715 1927 4780 suis,
1953 4714 2048 4784 qui

471 4834 597 4875 eum
638 4819 866 4890 perdere
896 4818 1272 4881 decreverant,
1307 4813 1379 4868 sit
1412 4810 1689 4875 venditus,
1717 4816 1771 4862 et
1802 4815 2048 4875 postmo-

468 4912 601 4969 dum
649 4918 865 4977 emptus
900 4925 931 4963 a
962 4908 1279 4977 Putipbare.
1327 4903 1490 4957 Ponit
1538 4902 1701 4955 etiam
1752 4899 1822 4952 ob
1859 4897 2048 4951 oculos

470 5001 693 5073 quantis
723 5000 956 5065 artibus,
987 4996 1290 5059 blanditiis,
1332 4993 1623 5061 minisque,
1657 4997 1781 5043 ante
1806 4997 1860 5042 et
1894 4995 2044 5056 post-

472 5113 637 5168 quam
670 5096 723 5149 in
748 5108 1023 5150 carcerem
1051 5092 1246 5146 fuisset
1273 5088 1575 5158 conjectus,
1606 5099 1742 5138 uxor
1764 5080 2045 5150 Putipbari

473 5190 782 5245 castitatem
836 5188 958 5256 ejus
1010 5182 1302 5239 tentaverit
1334 5198 1348 5236 :
1379 5186 1585 5250 quanta
1635 5174 1869 5242 denique
1932 5171 2047 5225 suis

473 5282 591 5351 ipse
615 5279 875 5334 fratribus
903 5277 1069 5331 etiam
1094 5284 1219 5345 post
1241 5271 1434 5327 Jacobi
1468 5277 1700 5322 mortem
1736 5262 2047 5333 impertive-

472 5374 546 5429 rit
580 5374 741 5428 bona.
774 5370 948 5424 Filios
987 5371 1172 5437 itaque
1208 5379 1338 5421 suos
1369 5363 1437 5418 ad
1475 5361 1849 5423 sobrietatem,
1879 5353 2045 5409 casti-

476 5474 670 5531 tatem,
723 5459 1225 5532 longanimitatem,
1262 5466 1315 5510 et
1360 5453 1656 5508 fraternam
1699 5447 2046 5504 dilectionem

473 5559 768 5629 plurimum
816 5553 1034 5616 excitat,
1065 5548 1385 5605 ac-tandem
1421 5562 1489 5601 ex
1528 5542 1873 5602 somniorum
1915 5538 2047 5595 visis

616 5708 736 5763 Lib.
772 5724 837 5763 xv
862 5707 937 5761 De
958 5705 1129 5774 civit.,
1153 5717 1275 5773 cap.
1314 5700 1411 5756 25.

2218 3176 2487 3232 Prazterea
2518 3190 2708 3230 omnes
2735 3175 2844 3230 fere
2873 3169 3195 3243 patriarcha:
3223 3167 3428 3221 ibidem
3460 3166 3739 3221 inducun-

2150 3278 2240 3325 tur
2266 3269 2637 3339 apocryphum
2679 3267 2877 3321 librum
2904 3263 3112 3328 Enoch,
3146 3274 3387 3329 eumque
3410 3269 3737 3326 corruptum

2151 3362 2401 3416 eitantes.
2443 3359 2750 3431 Augustino
2787 3358 2943 3414 enim
2980 3355 3142 3409 ﬁdem
3177 3354 3220 3407 si
3253 3350 3489 3415 habeas,
3524 3352 3738 3403 codices

2149 3454 2277 3509 libri
2328 3453 2516 3508 Enoch
2560 3450 2797 3521 duplicis
2839 3448 3056 3520 generis
3104 3446 3346 3507 fuerunt,
3376 3443 3473 3496 alii
3525 3442 3646 3496 veri
3692 3448 3741 3492 ct

2150 3546 2395 3619 genuini,
2429 3545 2520 3599 alii
2546 3543 2787 3613 corrupti
2813 3552 2865 3597 et
2896 3538 3204 3595 adulterati.
3251 3534 3420 3604 Atqui
3456 3543 3739 3589 auctorem

2149 3648 2401 3694 nostrum
2430 3639 2484 3691 in
2517 3638 2618 3690 hos
2649 3634 3029 3690 tantummodo
3058 3630 3315 3685 incidisse
3348 3628 3571 3680 nemini
3604 3636 3743 3681 certe

2149 3731 2377 3785 dubium
2420 3728 2717 3792 videbitur,
2748 3726 2842 3793 qui
2874 3725 2991 3778 haec
3020 3723 3089 3777 de
3128 3721 3321 3775 iisdem
3353 3718 3608 3773 audierit
3638 3718 3741 3769 Au-

2150 3826 2355 3897 gustini
2399 3824 2561 3879 verba
2584 3824 2601 3854 ί
2632 3841 2643 3877 :
2672 3820 2958 3888 Scripsisse
2990 3817 3199 3887 quidem
3243 3812 3514 3867 nonnulla
3565 3815 3741 3866 dii-ina

2152 3918 2357 3980 Enoch,
2390 3916 2541 3969 illum
2583 3914 2863 3982 septimum
2890 3910 2953 3963 ab
2986 3909 3378 3975 Adam,negare
3410 3921 3523 3957 non
3557 3920 3741 3975 possu-

2150 4023 2287 4072 mus,
2314 4022 2432 4058 cum
2462 4006 2557 4057 hoc
2586 4005 2637 4057 in
2656 4001 2897 4072 Epistola
2939 3997 3197 4052 canonica
3240 3994 3274 4048 Ι
3282 3995 3418 4047 udas
3466 4001 3740 4061 apostolus

2149 4099 2311 4151 dicat.
2344 4095 2445 4150 Sed
2472 4112 2571 4147 non
2605 4096 2808 4163 frustra
2830 4108 2933 4145 non
2962 4098 3084 4144 sunt
3110 4089 3163 4141 in
3186 4104 3244 4141 eo
3273 4102 3475 4139 canone
3502 4084 3742 4149 Scriptu—

2149 4204 2353 4251 rarum,
2381 4187 2470 4255 qui
2501 4186 2809 4239 servabatur
2832 4184 2889 4237 in
2914 4181 3104 4251 templo
3137 4179 3349 4232 llebrrei
3374 4179 3597 4247 papuli,
3625 4196 3737 4231 suc-

2149 4281 2439 4334 cedentium
2470 4277 2747 4346 diligentia
2779 4275 3152 4335 sacerdotum;
3187 4271 3291 4323 nisi
3330 4269 3463 4338 quia
3503 4269 3572 4320 ob
3610 4269 3739 4321 anti-

2149 4374 2403 4442 quitatem
2429 4380 2679 4439 suspecta:
2707 4367 3092 4436 ﬁdeijudicata
3115 4372 3257 4426 sunt,
3287 4378 3379 4415 nec
3414 4372 3609 4415 utrum
3638 4362 3736 4413 hac

2148 4474 2340 4530 essent,
2372 4478 2490 4534 qua:
2528 4462 2619 4515 ille
2649 4461 2966 4529 scripsisset,
2994 4465 3201 4528 poterat
3238 4454 3549 4508 inveniri...
3604 4454 3736 4509 Unde

2148 4567 2199 4613 et
2228 4557 2326 4611 illa
2357 4572 2475 4627 qua:
2504 4555 2597 4610 sub
2625 4553 2738 4622 ejus
2764 4553 2971 4605 nomine
3000 4549 3363 4619 proferuntur,
3392 4554 3443 4599 et
3470 4549 3735 4599 continent

2150 4650 2280 4704 istas
2322 4651 2383 4702 de
2413 4648 2713 4717 gigantibus
2753 4643 2987 4713 fabulas,
3014 4642 3154 4712 quod
3187 4656 3289 4692 non
3330 4639 3629 4692 habuerint
3656 4639 3737 4689 ho-

2149 4742 2313 4795 mines
2366 4753 2564 4810 patres,
2598 4750 2734 4792 recte
2784 4755 2814 4791 a
2857 4734 3203 4805 prudentibus
3264 4748 3367 4784 non
3413 4733 3736 4799 judicanmr

2149 4835 2315 4903 ipsius
2343 4849 2450 4886 esse
2481 4831 2773 4892 credenda;
2801 4830 2938 4882 sicut
2966 4826 3135 4880 multa
3159 4826 3252 4878 sub
3278 4826 3595 4878 nominibus
3620 4826 3735 4877 alio-

2149 4944 2267 4980 rum
2300 4926 2695 4995 prophetarum,
2729 4931 2781 4976 et
2815 4921 3107 4975 recentiora
3136 4916 3229 4971 sub
3271 4915 3581 4968 nominibus
3618 4932 3735 4983 apo.

2148 5020 2404 5072 stolarum
2450 5017 2513 5069 ab
2558 5015 2820 5069 Iucreticis
2868 5011 3231 5080 proferuntur.
3283 5009 3493 5061 Auctor
3542 5008 3731 5076 quippe

2150 5119 2334 5164 noster
2390 5110 2523 5163 istas
2574 5108 2642 5161 de
2691 5106 3002 5176 gigantibus
3049 5101 3286 5165 fabulas,
3338 5100 3481 5152 mira
3545 5097 3731 5152 ﬁducia

2150 5205 2317 5260 semel
2346 5214 2509 5271 atque
2535 5203 2729 5256 iterum
2760 5208 3018 5267 tanquam
3050 5209 3240 5251 verum
3275 5191 3410 5261 quid
3439 5199 3495 5244 et
3531 5200 3729 5245 certum

2148 5296 2357 5367 profert
2392 5303 2447 5349 et
2481 5293 2743 5348 venditat.
2786 5289 2927 5345 Hine
2972 5304 3103 5358 ergo
3144 5296 3198 5341 et
3236 5286 3393 5339 illum
3441 5292 3729 5351 corruptos

2148 5389 2270 5443 libri
2318 5386 2502 5441 Enoch
2538 5382 2759 5439 codices
2800 5382 3025 5445 citassc,
3056 5388 3113 5432 et
3150 5378 3349 5431 librum
3380 5374 3509 5443 ejus
3542 5374 3724 5428 falsum

2148 5494 2269 5535 esse
2296 5486 2349 5533 et
2380 5474 2720 5547 suppositum
2755 5487 2868 5529 non
2893 5471 3129 5527 obscure
3160 5465 3459 5536 colligitur.
