3830 6216
129 272 157 325 1
169 270 276 325 029

660 380 1061 442 ARTICULUS
1110 382 1200 439 Ill.

128 480 213 535 De
241 480 566 550 antiquitate
595 479 753 548 hujus
785 481 932 541 libri,
965 488 1015 533 et
1045 488 1225 531 utrum
1251 493 1283 531 a
1308 476 1538 550 quodam
1569 475 1727 530 Chri-

496 552 670 604 stiano
698 552 955 618 scriptore
978 550 1246 619 profectus
1275 549 1366 602 sit.

206 642 439 700 Constat
479 644 664 714 itaque
708 658 847 713 opus
894 643 1029 696 illud
1083 640 1452 696 adulterinum
1500 655 1644 704 esse,
1674 647 1730 695 et

127 736 205 788 ab
237 735 425 805 ignoto
469 743 715 803 parente,
752 732 849 803 qui
898 747 1099 786 nomen
1134 747 1297 786 suum
1346 731 1507 786 edere
1558 747 1728 788 ausus

127 843 249 881 non
280 834 383 890 est,
416 826 473 878 in
508 827 705 896 vulgus
736 824 1021 880 emissum.
1046 824 1220 878 Porro
1250 833 1431 879 autem
1469 824 1602 879 illud
1629 840 1729 878 an-

130 919 510 990 tiquissimum
544 918 758 974 censeri
801 918 982 983 debet,
1014 917 1059 972 si
1092 917 1160 970 ab
1205 914 1456 986 Origene,
1493 924 1556 969 ut
1598 917 1726 986 qui-

128 1003 266 1057 dam
304 1004 673 1067 arbitrantur,
710 1005 798 1059 his
835 1006 1014 1062 verbis
1062 1006 1315 1060 laudetur
1338 1008 1357 1037 ²
1395 1024 1408 1059 :
1443 1004 1508 1057 In
1544 1002 1721 1057 libello

126 1096 230 1165 qui
278 1096 584 1167 appellatur
636 1097 1024 1152 Testamentum
1066 1098 1341 1151 duodecim
1382 1097 1720 1167 patriarcha-

127 1205 279 1254 rum,
307 1190 543 1260 quamvis
562 1206 664 1243 non
690 1190 945 1245 habeatur
960 1193 1013 1244 in
1031 1208 1243 1257 canone,
1266 1189 1424 1244 talem
1442 1190 1720 1259 quemdam

126 1297 348 1335 sensum
375 1284 689 1349 invenimus,
712 1283 854 1352 quod
877 1301 968 1353 per
993 1293 1261 1352 peccantes
1285 1282 1478 1352 singuli
1501 1282 1719 1337 Satanae

123 1374 363 1445 intelligi
405 1376 645 1430 debeant.
702 1376 767 1429 Et
820 1392 1011 1430 rursus
1064 1377 1208 1430 circa
1260 1375 1476 1429 initium
1536 1375 1718 1429 saeculi

126 1467 278 1520 sexti
311 1483 341 1521 a
365 1466 632 1538 Procopio
652 1469 833 1524 Gazeo
856 1471 1054 1524 citatur
1076 1471 1095 1501 ³
1122 1489 1134 1523 :
1166 1469 1515 1536 Testamento,
1541 1471 1715 1533 aiunt,

128 1567 427 1613 attestatur
467 1561 514 1614 ei
563 1560 720 1627 Deus,
754 1563 891 1631 quod
930 1563 1023 1615 diu
1067 1579 1201 1627 eam,
1238 1580 1355 1616 cum
1385 1564 1554 1616 adhuc
1587 1573 1718 1618 esset

127 1654 306 1723 virgo,
338 1653 507 1707 Iudas
549 1656 813 1719 habuerit,
863 1655 1161 1726 luxeritque
1202 1656 1535 1726 iniquitatem
1580 1655 1712 1725 ejus.

125 1749 205 1803 At
255 1763 419 1818 porro
461 1764 598 1819 opus
647 1761 809 1804 tantm
846 1750 1187 1820 antiquitatis
1225 1751 1454 1805 nothum
1497 1766 1617 1806 esse
1662 1760 1717 1806 et
1749 1741 1793 1795 Β

125 1842 386 1911 spurium
429 1842 565 1896 nulli
609 1852 753 1897 certe
787 1844 985 1897 mirum
1032 1843 1337 1909 videbitur;
1371 1843 1714 1912 quandoqui-

126 1936 262 1991 dem
292 1936 359 1991 ab
393 1937 797 2005 antiquissimis
825 1938 1182 2006 temporibus,
1209 1946 1268 1991 ut
1306 1938 1470 2007 paulo
1497 1946 1620 1991 ante
1645 1951 1708 1990 ex

123 2028 440 2098 Augustino
463 2030 485 2059 ⁵
508 2029 778 2094 vidimus,
805 2030 1131 2085 exstiterunt
1170 2031 1311 2083 male
1352 2029 1528 2084 feriati
1573 2045 1709 2085 scrt-

119 2130 348 2187 ptorum
375 2123 748 2191 lihrorumque
778 2131 1123 2191 corruptores
1143 2131 1197 2176 et
1222 2122 1633 2179 adulteratores.

199 2201 339 2257 Illud
392 2212 574 2258 autem
619 2220 649 2259 a
689 2203 1008 2257 Christiano
1060 2203 1298 2271 qttodam
1346 2204 1714 2269 compositum

115 2310 251 2350 esse
276 2311 339 2351 ea
366 2297 527 2366 plane
561 2297 843 2361 evincunt,
869 2310 991 2364 quae
1019 2294 1220 2363 singuli
1253 2292 1366 2349 fere
1398 2311 1589 2350 omnes
1617 2312 1714 2365 pa-

117 2387 383 2442 triarchae
398 2388 465 2442 de
481 2387 699 2442 Christo
716 2396 966 2453 venturo,
982 2388 1220 2442 humana
1236 2403 1399 2442 carne
1412 2388 1708 2454 induendo,

116 2490 179 2532 et
220 2496 320 2548 pro
350 2479 634 2533 hominum
679 2480 853 2534 salute
886 2481 1037 2536 cruci
1082 2479 1347 2550 alligando
1384 2480 1703 2549 prcedicant.

116 2573 399 2627 Caeterum
450 2572 685 2641 scriptor
732 2572 819 2626 ille
865 2573 1066 2626 librum
1113 2572 1260 2626 hunc
1300 2586 1411 2626 non
1442 2588 1504 2626 ea
1532 2573 1710 2627 solum

115 2673 310 2721 mente
342 2666 672 2735 composuit,
712 2674 772 2718 ut
816 2664 1098 2721 Christum
1147 2666 1483 2722 celebraret:
1525 2669 1618 2721 sed
1653 2670 1709 2724 in

117 2758 324 2828 primis
364 2766 425 2812 ut
464 2758 698 2813 lectores
740 2775 872 2815 suos
920 2760 989 2813 ab
1016 2759 1084 2814 iis
1112 2761 1350 2829 peccatis
1380 2762 1432 2814 in
1459 2777 1581 2835 qua:
1607 2776 1707 2830 pa-

119 2852 399 2908 triarchas
426 2852 608 2921 lapsos
628 2868 750 2907 esse
773 2853 924 2918 dicit,
943 2853 1170 2906 omnino
1192 2853 1514 2918 deterreret,
1544 2864 1708 2925 atque

118 2960 224 3002 eos
254 2946 321 2999 ad
353 2960 571 3000 omnem
607 2946 925 2999 eorumdcm
970 2945 1409 3015 patriarcharum
1459 2962 1705 3002 comme-

120 3040 358 3096 moratis
386 3054 419 3093 a
459 3053 518 3093 se
559 3038 854 3094 virtutibus
893 3013 1129 3092 dandam
1177 3054 1402 3109 operam
1444 3041 1706 3096 adhorta-
1737 3022 1780 3081 (ἶ
1813 3013 2036 3083 oppleti,

120 3142 245 3188 retu
254 3147 297 3186 1⁵.

1597 264 1957 324 ΡηουεΜιΑ.

3280 280 3418 337 1050

2362 388 2764 447 ARTICULUS
2802 391 2891 446 IV.

1832 498 1910 553 De
1943 500 2103 570 hujus
2158 496 2305 567 libri,
2357 503 2537 577 tit-(cce
2590 507 2818 573 primum
2872 507 3081 576 scripti,
3124 509 3419 577 codicibus,

2277 575 2514 628 versione
2548 585 2597 628 et
2627 577 2971 630 editionibus.

1903 680 2003 738 Hic
2047 684 2184 738 liber
2226 684 2413 740 Graece
2456 687 2697 755 primum
2739 691 2976 758 scriptus
3018 699 3123 755 est,
3155 698 3321 760 atque
3365 692 3419 746 in

1829 773 2157 831 bibliotheca
2184 770 2352 847 Regia
2397 779 2507 833 duo
2553 780 2700 835 illius
2742 782 2961 837 codices
3012 780 3203 837 Graeca
3248 799 3419 837 manu

1828 868 2036 921 exarati
2081 880 2451 924 asscrvantur.
2495 869 2700 925 ﬂorum
2739 872 2877 926 alter
2918 875 3305 943 pergamineus
3335 886 3421 929 est

1829 959 1899 1013 ab
1926 960 2087 1014 annis
2126 960 2231 1015 500
2258 962 2341 1016 vel
2382 962 2488 1016 600
2524 963 2868 1033 descriptus:
2912 966 3049 1021 alter
3081 977 3418 1035 papyraceus

1828 1051 2014 1120 priore
2042 1052 2200 1122 longe
2230 1054 2523 1109 recentior.

1901 1163 2175 1219 Robertus
2225 1179 2355 1218 vero
2409 1182 2441 1218 a
2483 1165 2682 1221 Grossa
2740 1166 2915 1233 Testa,
2968 1170 3180 1241 vulgari
3231 1172 3419 1242 lingua

1837 1245 2090 1323 Croltcde,
2115 1258 2407 1327 episcopus
2426 1255 2849 1329 Lincolniensis,
2876 1264 3022 1317 hunc
3045 1264 3245 1319 librum
3269 1267 3417 1321 circa

1836 1366 2042 1405 annum
2068 1349 2208 1403 12492
2237 1346 2431 1403 Latine
2451 1351 2705 1407 reddidit.
2736 1352 2911 1423 Hujus
2934 1364 3115 1410 autem
3143 1358 3417 1414 versionis

1827 1443 2072 1497 codicem
2122 1443 2560 1513 manuscriptum
2615 1445 2927 1502 invenimus
2978 1449 3031 1501 in
3085 1450 3415 1507 bibliotheca

1826 1534 2166 1601 Colbertina,
2192 1536 2285 1590 sed
2309 1536 2516 1590 recenti
2546 1553 2714 1592 manu
2737 1548 3043 1595 exaratum.
3072 1541 3254 1596 Alium
3279 1558 3416 1614 quo-

1825 1644 1932 1698 que
1968 1629 2171 1683 ibidem
2213 1628 2562 1698 offendimus,
2599 1632 2654 1685 in
2685 1648 2794 1701 quo
2827 1633 3130 1702 fragmenta
3165 1631 3411 1701 ejusdem

1823 1720 1947 1775 libri
1998 1720 2100 1776 sub
2144 1719 2248 1775 hoc
2299 1720 2455 1774 titulo
2500 1720 2872 1778 exhibentur:
2904 1720 3033 1779 Hazc
3071 1736 3195 1780 sunt
3248 1736 3412 1781 testa-

1823 1824 2003 1868 menta
2047 1810 2169 1867 ΧῙΙ
2208 1813 2665 1882 patriarcharum,
2698 1818 2755 1870 in
2800 1818 2989 1887 quibus
3020 1829 3144 1873 sunt
3188 1822 3416 1889 apertis-

1822 1907 1971 1960 sima:
2002 1916 2159 1974 atque
2198 1902 2568 1972 pulcherrima:
2598 1905 2887 1975 prophetia:
2914 1907 2978 1961 de
3013 1906 3247 1975 Christo,
3279 1922 3412 1979 quas

1824 1996 2099 2050 transtulit
2128 1994 2383 2064 magister
2408 1994 2690 2063 Robertus,
2712 1992 2885 2052 dictus
2913 1997 3110 2052 Grossa
3132 1994 3307 2065 Testa,
3336 1998 3414 2054 vel

1823 2089 2075 2145 Grossum
2126 2096 2318 2158 caput,
2359 2086 2741 2143 Lincolniensis
2782 2092 3081 2160 episcOpus,
3114 2092 3178 2144 de
3229 2090 3411 2147 (ἔνανεο

1822 2182 1877 2234 in
1898 2178 2172 2233 Latinum.
2205 2177 2335 2233 Post
2360 2175 2474 2233 haec
2498 2189 2682 2235 autem
2711 2178 2906 2236 Latina
2938 2183 3029 2235 illa
3056 2183 3237 2238 versio
3269 2185 3411 2255 typis

1819 2288 2019 2328 excusa
2052 2281 2135 2327 est
2166 2287 2310 2326 anno
2344 2272 2504 2337 1541,
2532 2281 2585 2327 et
2608 2289 2803 2328 rursus
2826 2273 3059 2330 Parisiis
3085 2276 3230 2345 apud
3262 2275 3408 2331 Mar-

1820 2369 1995 2423 tinum
2038 2362 2303 2421 Juvenem
2356 2381 2501 2419 anno
2554 2368 2715 2433 1549,
2748 2377 2913 2438 atque
2958 2368 3159 2423 iterum
3206 2370 3411 2426 ibidem

1818 2478 1962 2518 anno
1996 2461 2154 2523 1575,
2186 2458 2326 2513 1589
2356 2468 2408 2513 et
2433 2458 2592 2514 1010.
2626 2459 2853 2515 Basilea:
2882 2476 3034 2526 vero,
3061 2477 3207 2517 anno
3242 2463 3404 2530 1550,

1819 2569 1883 2609 ac
1906 2552 2125 2608 tandem
2161 2551 2215 2604 in
2251 2551 2510 2606 omnibus
2545 2548 2773 2631 Patrum
2810 2552 3181 2610 Bibliotltecis.
3212 2552 3409 2611 Utrum

1818 2656 1999 2702 autem
2046 2644 2179 2698 liber
2227 2644 2318 2698 ille
2364 2659 2431 2698 ex
2485 2646 2845 2716 typographia
2889 2642 3075 2702 Graece
3119 2649 3405 2717 prodierit,

1816 2737 1977 2793 nobis
2026 2736 2449 2805 incompertum.
2507 2730 2574 2789 Et
2617 2746 2763 2791 certe
2794 2737 2847 2791 id
2881 2739 3023 2794 scire
3070 2756 3264 2810 parum
3313 2753 3410 2797 aut

1817 2831 1955 2885 nihil
1986 2830 2235 2891 interest,
2269 2843 2394 2882 cum
2436 2827 2819 2897 hujuscemodi
2852 2829 2976 2883 libri
3010 2831 3284 2900 figmentis
3318 2830 3406 2885 fa~

1815 2923 2069 2991 bulisque
2115 2920 2375 2981 anilibus,
2420 2934 2485 2973 ac
2540 2916 2837 2988 Scriptura:
2883 2934 3055 2974 sacrae
3109 2922 3404 2975 contrariis

2070 3010 2125 3063 in
2168 3011 2349 3065 lucem
2404 3024 2689 3079 nunquam
2737 3011 2914 3065 emitti
2963 3012 3279 3078 debuerint,
3318 3013 3406 3067 vel

1813 3106 2092 3178 perpetuis
2123 3104 2365 3159 tenebris
2399 3104 2509 3159 sint
2539 3103 2835 3159 damnandi
2858 3104 2971 3177 (1).
3014 3104 3015 3107 “

437 3284 3386 3316 M

804 3632 914 3695 DE
944 3634 1229 3697 EODEM
1269 3634 1508 3696 LIBRO
1537 3627 2077 3695 DISSERTATIO
2133 3622 2709 3687 PROOEMIALIS.

1146 3797 1290 3869 (Vet.
1326 3796 1481 3851 Patr.
1512 3795 1796 3859 Biblioth.,
1831 3791 1875 3858 Ι,
1912 3790 2149 3860 Proleg.,
2184 3803 2238 3859 p.
2273 3788 2374 3857 LI.)

3312 3707 3371 3761 θλ

117 3960 161 4015 1.
215 3959 421 4014 flerunt
456 3958 906 4012 Testamentorum
940 3963 1128 4008 auctor
1153 3952 1492 4007 Christianus
1522 3951 1705 4019 fuisse,
1739 3953 1786 4009 D
1813 3956 1923 4012 tur,
1951 3954 2014 4001 ut
2041 3944 2221 4014 ipsum
2261 3949 2473 3996 tantum
2517 3954 2623 3994 non
2666 3939 2836 4009 digito
2865 3949 3172 3993 monstrare
3204 3953 3400 3995 nosca-

324 4031 521 4100 illaque
553 4028 734 4083 Graece
775 4028 1049 4096 scripsisse
1085 4026 1501 4079 demonstratur.

192 4142 353 4197 Haud
384 4142 518 4196 mihi
555 4139 801 4211 profecto
840 4139 1241 4207 incompertum
1272 4134 1564 4190 nonnullos
1589 4135 1703 4188 exi—

116 4240 379 4293 stimasse
404 4235 674 4299 Judaeum,
709 4250 815 4289 non
860 4231 1237 4286 Christianum
1282 4228 1454 4284 fuisse
1502 4230 1702 4282 borum

119 4332 584 4385 Testamentorum
628 4335 941 4391 auctorem;
994 4339 1172 4393 neque
1214 4322 1303 4376 illa
1343 4320 1564 4386 Graece,
1607 4319 1703 4374 sed

114 4425 391 4481 Ilebraice
422 4425 683 4493 primitus
715 4437 834 4476 esse
858 4419 1189 4490 perscripta;
1229 4417 1439 4471 nullum
1467 4414 1704 4479 denique

116 4518 432 4577 istiusmodi
466 4516 731 4587 opusculo
764 4514 998 4583 pretium
1029 4509 1378 4565 statuendum
1413 4527 1424 4562 :
1452 4522 1572 4576 quae
1597 4506 1704 4558 ita-

116 4629 231 4685 que
274 4611 460 4667 omnia
498 4609 541 4664 si
583 4615 856 4671 constent,
888 4603 1161 4657 immerito
1206 4617 1353 4655 enim
1397 4614 1527 4654 vero
1571 4596 1702 4651 illud

116 4708 265 4760 inter
317 4711 531 4759 vetusta
583 4699 840 4754 Ecclesia:
890 4705 1246 4749 monumenta
1299 4692 1590 4745 locaretur.
1642 4686 1701 4739 In

117 4802 288 4855 aliam
319 4806 497 4851 tamen
525 4792 847 4849 sententiam
886 4789 977 4842 alii
1018 4786 1330 4855 complures
1360 4780 1559 4836 eruditi
1600 4779 1703 4832 viri

112 4893 243 4962 jure
274 4890 475 4943 abiisse
500 4885 877 4957 perhibentur.
915 4878 982 4933 Et
1011 4879 1247 4948 primum
1271 4874 1511 4943 quidem,
1545 4871 1706 4925 Chri-

117 4985 363 5039 stianum
421 4978 589 5033 fuisse
640 4983 923 5030 auctorem
984 4971 1154 5024 multa
1207 4968 1385 5036 palam
1441 4965 1700 5035 produnt,

122 5075 433 5129 Warthono
474 5072 576 5141 (l‘)
609 5068 956 5139 potissimum
1001 5073 1055 5117 et
1081 5060 1320 5116 Nourrio
1364 5058 1441 5128 (9.)
1473 5066 1698 5111 notata:

117 5170 261 5225 adeo
288 5179 525 5236 namque
550 5170 735 5231 aperte
766 5174 830 5212 ac
860 5155 1151 5225 perspicue
1174 5153 1241 5206 de
1270 5151 1492 5205 Christo
1520 5148 1699 5218 loqui—

193 5306 215 5335 ²
253 5302 457 5357 Homil.
482 5302 571 5368 15,
604 5303 659 5356 in
682 5301 869 5356 Iosue.
946 5300 967 5330 ³
995 5296 1287 5353 Comment.
1317 5296 1371 5348 in
1396 5310 1512 5362 cap.
1542 5303 1749 5345 xxxviii
1779 5285 1965 5341 Cenes.

195 5420 275 5489 (1)
305 5417 384 5473 De
410 5419 515 5473 hoc
549 5433 745 5487 aspero
777 5417 940 5489 nimis
972 5414 1037 5489 l).
1081 5412 1546 5489 Nourriijudicio
1577 5411 1699 5465 vide

120 5484 505 5561 quaradnotat
532 5484 1087 5561 Gallandius,_infra,_
1106 5488 1211 5541 col.
1240 5484 1562 5561 105.4.Eor1“.

197 5562 299 5629 (i')
337 5560 552 5614 Wartb.
599 5561 821 5613 Auctar.
873 5556 1019 5611 Hist.
1054 5559 1291 5628 dogmat.
1324 5553 1445 5609 Jac.
1494 5553 1697 5620 Usscr.,

121 5648 246 5700 cap.
282 5634 337 5691 2,
366 5646 487 5700 pag.
522 5629 621 5684 5‘21
654 5646 769 5698 seq.

198 5695 277 5771 (2)
312 5695 509 5755 Nourr.
544 5695 745 5769 Appar;
770 5700 837 5753 ad
860 5698 984 5754 bibl.
1017 5698 1151 5770 PP.,
1177 5708 1307 5756 tom.
1343 5695 1384 5766 1,
1412 5712 1465 5767 p.
1498 5695 1627 5750 258.

1815 4047 1937 4104 tur;
1971 4049 2144 4105 eaque
2160 4034 2226 4087 de
2243 4032 2414 4088 sacris
2442 4029 2579 4084 Novi
2606 4028 2939 4083 Testamenti
2965 4028 3163 4083 litteris
3188 4029 3398 4098 passim

1812 4129 2041 4202 profert,
2085 4142 2207 4198 quae
2254 4126 2581 4194 scriptorem
2626 4121 3067 4177 Christianorum
3120 4122 3397 4191 mysteriis

1812 4225 2088 4278 initiatum
2137 4220 2442 4275 luculenter
2481 4217 2763 4273 evincunt.
2806 4212 2945 4269 Hinc
2988 4215 3174 4285 itaque
3213 4216 3397 4269 minus

1811 4324 1956 4371 recte
1990 4314 2293 4383 conjecisse
2314 4311 2571 4365 videntur
2602 4324 2631 4363 e
2654 4309 2796 4379 slylo
2829 4307 3063 4377 aliisque
3095 4307 3161 4361 de
3186 4308 3394 4373 causis,

1811 4407 2047 4463 Grahius
2099 4405 2176 4476 (5)
2222 4413 2275 4459 et
2317 4402 2648 4473 Sgambatus
2686 4401 2801 4473 (4),
2842 4398 3109 4454 Hebraico
3154 4400 3395 4468 primum

1810 4500 2071 4555 idiomate
2096 4496 2361 4562 scriptum
2392 4494 2562 4549 fuisse
2589 4492 2914 4563 opusculum
2938 4508 2952 4556 ;
2986 4490 3182 4545 deinde
3208 4489 3394 4546 Grzece

1812 4590 2089 4646 redditum
2141 4597 2304 4657 atque
2335 4602 2366 4640 a
2398 4584 2707 4639 Christiana
2762 4598 2931 4636 manu
2978 4580 3388 4649 interpolatum.

1820 4680 2132 4749 «,Quamvis
2160 4682 2329 4743 enim,
2361 4687 2423 4732 ut
2451 4676 2696 4747 apposite
2728 4672 2971 4742 Wolfius}
2993 4672 3096 4742 (5),
3115 4671 3393 4728 scribendi

1813 4776 1956 4829 ratio
1992 4788 2114 4843 quae
2160 4772 2214 4826 in
2263 4771 2452 4829 Graeco
2498 4776 2756 4823 contextu
2803 4766 3146 4830 observatur,
3191 4765 3391 4820 multos

1812 4872 2012 4927 referat
2048 4869 2429 4933 Hebraismos;
2465 4866 2590 4919 inde
2625 4872 2806 4918 tamen
2843 4877 2953 4916 non
2983 4860 3156 4929 magis
3196 4860 3393 4915 etl'ece-

1811 4964 1909 5029 ris,
1929 4961 2190 5017 llebraice
2216 4960 2454 5029 primum
2477 4965 2760 5012 exaratum
2788 4969 2909 5009 esse
2930 4950 3197 5019 libellum,
3222 4968 3389 5023 quam

1814 5053 1956 5109 idem
2000 5053 2067 5107 de
2110 5052 2298 5106 codice
2338 5048 2477 5103 Novi
2517 5044 2851 5101 Testamenti
2894 5043 2959 5097 ad
3002 5041 3389 5096 Hebraismum

1807 5144 2055 5214 proxime
2083 5143 2395 5206 accedente,
2419 5148 2621 5194 temere
2650 5134 2957 5190 alIirmaris.
2980 5152 2998 5184 ι
3032 5131 3133 5188 Cui
3165 5132 3386 5203 quidem

2052 5283 2073 5314 δ
2110 5282 2250 5336 Loco
2277 5282 2368 5334 cit.

1902 5400 1956 5467 5)
2009 5397 2172 5451 Grab.
2227 5392 2411 5467 Spicil.
2461 5390 2560 5467 8.5.
2611 5389 2749 5467 PB,
2801 5398 2932 5467 tom.
2975 5389 3015 5455 1,
3059 5406 3181 5467 pag,
3264 5390 3383 5442 154.

2001 5467 2201 5538 Sgatnb
2252 5459 2465 5518 Archiv.
2504 5459 2619 5516 Vet.
2652 5459 2816 5528 Test.,
2843 5462 2934 5515 lib.
2967 5476 3027 5527 tt,
3053 5463 3135 5515 tit.
3160 5474 3234 5525 vt,
3261 5474 3387 5529 pag.

1808 5541 1914 5595 206
1940 5556 2056 5604 seq.
2970 5600 2979 5611 ‘

1882 5611 1959 5681 (5)
1998 5607 2163 5664 Wolf.
2195 5605 2335 5660 Bibl.
2378 5604 2566 5672 Hebr.,
2599 5612 2732 5659 tom.
2758 5600 2800 5668 Ι,
2827 5616 2877 5670 p.
2911 5599 3039 5655 250.
