3830 6216
440 249 572 305 1031

1477 226 1946 290 TESTAMENTA
2004 229 2099 285 XII
2134 225 2563 286 PATRIARCH.‘

434 363 717 419 sententiae
746 361 812 415 de
839 360 1035 413 horum
1060 357 1541 413 Testamentorum
1574 356 1892 411 Christiano
1920 372 2010 408 au-
2051 360 2092 413 Α
2124 353 2460 421 conjecturis
2491 351 2825 421 expedienda
2857 352 2947 416 sit,
2974 364 3076 405 nos
3114 364 3240 405 cum
3282 348 3570 403 Dodwello
3606 353 3709 419 (11)

433 466 605 519 ctore,
620 450 1015 519 subscripsisse
1030 446 1527 518 quoqueJoannem
1542 448 1812 503 Clericum
1831 457 2019 516 postea
2123 445 2178 498 in
2214 445 2429 514 primis,
2459 443 2661 498 Woltio
2696 444 2834 512 (12),
2867 443 3118 497 Ruchato
3162 442 3275 511 (13)
3310 442 3557 510 aliisque
3595 459 3710 496 ceu-

431 544 676 601 intellexi
706 542 806 613 (6).

502 634 777 703 Opposita:
812 640 994 686 autem
1027 629 1275 701 Opinioni
1308 644 1499 684 ansam
1534 627 1837 699 przebuisse
1861 626 2013 679 vide-

432 738 518 783 tur
556 728 843 781 Matthaeus
891 725 1069 789 Paris,
1112 725 1206 794 qui
1256 722 1323 778 de
1377 722 1694 792 hujusmodi
1745 720 2013 789 opusculo

427 820 593 875 verba
636 818 873 883 faciens,
907 818 1023 871 haec
1058 816 1223 870 habet
1248 815 1326 885 (7)
1357 832 1370 866 :
1400 813 1541 882 Ipsis
1578 829 1779 883 quoque
1815 822 2013 880 tempo-

426 912 570 964 ribus
604 912 758 979 (ann.
792 909 953 979 1252)
979 909 1250 978 episcopus
1294 905 1681 959 Lincolnicnsis
1729 902 2008 967 Robertus,

424 1006 505 1058 vir
528 1005 583 1056 in
605 1002 797 1056 Latino
821 1013 869 1055 et
894 1002 1076 1056 (ἐνιτεο
1102 1001 1484 1071 peritissimus,
1517 998 1855 1052 Testamenta
1881 996 2011 1050 duo-

422 1097 593 1149 decim
619 1096 1050 1165 patriarcharum
1084 1094 1149 1147 de
1186 1092 1369 1147 Greece
1400 1091 1547 1161 ﬁdeli
1574 1089 2009 1159 interpretatione

423 1187 695 1242 transtulit
724 1188 781 1240 in
803 1186 1078 1239 Latinum.
1114 1184 1247 1249 Qum
1272 1201 1366 1253 per
1400 1182 1569 1236 multa
1598 1192 1835 1250 tempora
1860 1180 2009 1233 ineo-

420 1282 570 1350 gnita
595 1289 645 1334 et
673 1279 982 1335 abscondita
1006 1278 1220 1348 fuerunt
1251 1293 1343 1345 per
1380 1276 1638 1329 invidiam
1668 1274 2004 1336 Judteorum,

419 1382 631 1441 propter
658 1372 957 1441 prOpItetias
989 1352 1360 1424 de'Salvatore
1389 1369 1445 1421 in
1468 1370 1543 1423 eis
1574 1376 1866 1421 contentas.
1902 1365 2005 1420 Sed

422 1465 614 1531 Crwci,
647 1467 877 1517 omnium
917 1465 1235 1532 scriptorum
1271 1462 1667 1532 diligentissimi
1712 1459 2005 1529 investiga—

422 1567 582 1621 tores,
624 1556 783 1625 primi
831 1555 887 1606 in
927 1554 1173 1606 notitiam
1223 1552 1370 1606 iilius
1422 1551 1608 1619 scripti
1655 1549 2000 1610 devenientes,

417 1648 554 1703 illud
593 1649 657 1701 de
690 1646 912 1700 Hebrazo
954 1647 1009 1699 in
1044 1645 1287 1699 Crtecum
1329 1644 1737 1707 transtulerunt,
1768 1652 1816 1695 et
1851 1656 2003 1709 penes

416 1755 504 1792 eos
546 1755 707 1807 usque
737 1740 793 1791 in
832 1748 1013 1791 nostra
1058 1747 1293 1805 tempora
1333 1746 1692 1790 reservarunt.
1734 1733 1844 1787 Nec
1874 1742 2005 1787 tem-

416 1846 541 1900 pore
568 1830 705 1883 beati
740 1828 1051 1899 Hieronymi
1093 1828 1172 1881 vel
1217 1828 1453 1897 alicujus
1488 1828 1660 1881 sancti
1700 1825 2002 1894 interpretis

421 1919 491 1973 ad
538 1920 783 1973 notitiam
823 1918 1274 1985 Christianorum,
1319 1920 1658 1972 machinante
1692 1917 2002 1970 Iudaeorum

419 2011 757 2081 antiquorum
803 2011 1033 2076 malitia,
1075 2013 1247 2081 potuit
1297 2009 1688 2082 quomodolibet
1738 2009 1998 2063 devenire.

418 2099 585 2155 Illum
630 2103 797 2172 igitur
846 2103 1136 2173 gloriosum
1200 2114 1510 2167 tractatum,
1554 2104 1622 2155 ad
1672 2103 1832 2156 robur
1876 2102 2001 2170 fidei

417 2194 742 2249 Christiana:
771 2204 819 2249 et
854 2196 923 2249 ad
961 2198 1213 2266 majorem
1258 2195 1573 2251 Iudaeorum
1610 2197 1995 2266 confusionem,

417 2287 690 2341 transtulit
732 2287 879 2357 plene
904 2299 952 2341 et
981 2289 1246 2343 evidenter
1281 2289 1553 2359 episcopus
1586 2299 1906 2342 memoratus
1934 2288 1999 2342 de

416 2378 621 2445 Crteco,
663 2378 813 2433 verbo
857 2380 925 2432 ad
971 2380 1206 2447 verbum,
1230 2380 1287 2433 in
1338 2379 1613 2445 Latinum,
1646 2380 1999 2449 coadjuvante

413 2473 671 2543 magistro
706 2472 935 2526 Nicolao
981 2472 1185 2540 Crteco,
1213 2474 1405 2527 clerico
1448 2474 1655 2527 abbatis
1696 2470 1879 2526 Sancti
1909 2472 2000 2525 Αι-

414 2562 558 2616 bani.
597 2562 723 2619 Haec
756 2564 865 2620 ille.
911 2563 1016 2631 Qui
1048 2565 1269 2635 quidem
1310 2565 1464 2619 locus
1496 2565 1660 2631 paulo
1690 2564 1849 2618 aliter
1889 2564 1996 2618 im-

413 2666 681 2723 mutatus,
711 2656 765 2710 in
800 2658 1083 2711 nonnullis
1116 2660 1230 2711 sive
1263 2674 1397 2711 mss.
1426 2658 1538 2712 sive
1568 2657 1729 2711 editis
1756 2657 1997 2727 antiqua:

412 2750 685 2804 versionis
726 2750 1134 2818 exemplaribus
1174 2752 1240 2805 ad
1283 2752 1490 2805 calcem
1533 2750 1783 2812 habetur,
1812 2758 1872 2803 ut
1905 2751 1993 2803 vi-

412 2841 543 2895 dere
570 2848 655 2893 est
695 2855 759 2893 ex
802 2837 1027 2894 Thomae
1055 2838 1337 2893 Tenisonii
1366 2837 1787 2893 Cantuariensis
1817 2838 1996 2891 archi-

411 2932 654 3003 episcopi
686 2932 831 2986 notis
860 2948 994 2986 mss.
1035 2933 1099 2985 ad
1124 2929 1423 2983 Historiam
1449 2930 1613 2985 Cavei
1647 2928 1993 2995 litterariam,

2120 550 2327 601 scmus,
2353 537 2554 591 saeculo
2584 553 2598 590 ι
2626 536 2908 590 desinente
2939 535 3261 604 scriptorem
3292 532 3595 597 ﬂoruisse;
3625 533 3707 602 qui

2121 631 2382 685 nimirum
2437 630 2852 685 Hellenisticum
2908 630 3071 699 plane
3115 628 3319 698 stylum
3371 625 3710 691 adhibuerit,

2119 724 2301 792 qualis
2344 723 2568 777 ineunte
2604 724 2805 779 saeculo
2855 739 2894 776 ιι
2938 722 2993 776 in
3038 720 3465 776 desuetudinem
3514 720 3711 773 abiisse

2116 814 2454 883 comperitur
2481 832 2493 867 :
2523 814 2649 869 licet
2674 812 2989 868 Mazocbius
3012 810 3079 865 ν.
3108 811 3172 865 C.
3196 810 3365 880 paulo
3396 810 3568 864 aliter
3596 826 3711 863 sen-

2117 906 2250 959 serit
2281 905 2420 974 (14).
2450 903 2639 973 Neque
2667 905 2778 959 alia
2824 912 3087 973 praeterea
3127 902 3327 957 desunt
3360 911 3707 970 argumenta,

2113 999 2200 1053 vel
2238 998 2359 1067 ipso
2404 998 2609 1053 Grabio
2658 1005 2983 1067 suggerente
3026 995 3164 1064 (15),
3196 994 3402 1063 quibus
3435 995 3709 1049 sententia

2114 1092 2434 1163 hujusmodi
2472 1090 2648 1161 magis
2680 1089 2862 1143 adhuc
2892 1086 3211 1143 confirmari
3238 1097 3429 1155 queat.
3463 1084 3705 1149 Scilicet,

2111 1202 2223 1242 non
2249 1197 2378 1243 ante
2408 1201 2616 1242 annum
2647 1200 2773 1240 aet-se
2796 1184 3038 1254 vulgaris
3089 1182 3158 1237 52
3196 1180 3563 1236 Testamenta
3600 1182 3708 1234 haec

2109 1279 2429 1334 elucubrata
2476 1276 2649 1332 fuisse
2684 1276 3064 1345 perhibentur,
3097 1289 3209 1343 quo
3253 1272 3572 1342 Epistolam
3598 1272 3616 1324 l
3643 1276 3703 1327 ad

2109 1372 2632 1429 Thessalonicenses
2686 1370 2859 1424 fuisse
2906 1369 3171 1437 scriptam
3224 1368 3563 1421 existimant
3611 1367 3703 1419 \iri

2108 1467 2343 1534 eruditi,
2388 1464 2727 1520 Pearsonius
2767 1462 2918 1531 (16),
2961 1460 3163 1515 Millius
3204 1460 3353 1527 (Π),
3398 1459 3496 1521 alii
3544 1478 3558 1513 :
3600 1460 3709 1514 hac

2108 1559 2254 1614 enim
2285 1561 2341 1613 in
2367 1567 2693 1613 testamento
2735 1555 2864 1610 Levi
2906 1555 3161 1625 leguntur
3187 1552 3338 1622 (18):
3370 1551 3629 1619 'E;9ass
3655 1552 3706 1603 δὲ

2108 1656 2140 1723 ἡ
2168 1653 2304 1724 ὀργὴ
2336 1651 2543 1722 Κυρίου
2571 1650 2657 1702 ἐπ’
2681 1647 2878 1709 αὐτοὺς
2912 1649 2990 1709 εἰς
3016 1646 3186 1708 τέλος.
3240 1644 3390 1697 Venit
3419 1656 3609 1698 autem
3633 1646 3707 1696 ira

2106 1746 2322 1801 Domini
2352 1761 2508 1814 super
2538 1760 2624 1797 eos
2656 1745 2711 1795 in
2738 1742 2895 1811 ﬁnem
2922 1755 2937 1791 :
2962 1755 3085 1808 quin
3111 1737 3335 1806 quidem
3371 1738 3551 1791 Verba
3582 1752 3707 1791 con-

2107 1843 2188 1889 tra
2228 1833 2445 1888 Judteos
2488 1832 2722 1901 prolata,
2759 1846 2822 1884 ex
2859 1829 3076 1883 laudata
3112 1826 3707 1883 Thessalonicensibus

2104 1927 2369 1996 inscripta
2392 1924 2634 1995 Epistola
2668 1923 2780 1993 (19)
2814 1923 3100 1991 desumpta
3148 1920 3321 1976 fuisse
3369 1930 3703 1975 noscuntur.

2103 2013 2294 2090 Neque
2338 2031 2464 2073 ante
2509 2031 2715 2072 annum
2748 2019 2841 2083 6i,
2872 2032 2983 2086 quo
3015 2015 3150 2068 liber
3191 2015 3433 2067 Actuum
3479 2026 3706 2084 aposto-

2103 2112 2282 2167 lorum
2315 2111 2489 2167 fertur
2510 2126 2541 2165 a
2567 2120 2754 2165 sancto
2777 2107 2925 2162 Luca
2948 2106 3145 2162 litteris
3167 2108 3549 2175 consignatus
3574 2106 3703 2173 (ΞΟ),

2104 2206 2431 2276 Opusculum
2460 2203 2595 2258 illud
2632 2216 2891 2258 exarasse
2925 2209 3205 2255 auctorem
3241 2214 3305 2252 ex
3345 2199 3418 2253 iis
3458 2206 3702 2263 constat,

2102 2300 2305 2371 quibus
2362 2297 2657 2367 imaginem
2706 2294 2939 2365 apostoli
2991 2292 3144 2347 Pauli
3192 2308 3260 2346 ex
3312 2292 3521 2345 iisdem
3551 2292 3699 2344 Actis

2100 2389 2361 2461 graphice
2389 2388 2721 2457 descriptam
2760 2384 2985 2440 exhibet
3024 2384 3163 2455 (9.1),
3196 2382 3597 2452 Benjaminum
3629 2384 3701 2435 ita

2099 2483 2415 2551 loquentem
2446 2479 2717 2533 inducens
2744 2494 2758 2531 :
2790 2476 2857 2529 Et
2890 2493 2992 2530 non
3019 2476 3250 2545 amplius
3281 2474 3523 2529 vocabor
3549 2475 3700 2541 lupus

2100 2590 2387 2644 τέτρακα...
2428 2570 2499 2625 Et
2530 2570 2881 2624 suscitabitur
2906 2584 2971 2622 ex
2996 2570 3190 2623 semine
3220 2584 3334 2620 meo
3368 2568 3421 2619 in
3449 2568 3698 2621 extremis

2100 2663 2419 2734 temporibus
2472 2660 2695 2714 dilectus
2752 2659 3002 2723 Domini,
3053 2658 3270 2711 audiens
3320 2672 3509 2709 vocem
3564 2656 3699 2722 ejus,

2099 2756 2395 2826 cognitione
2426 2768 2558 2805 nova
2598 2750 2914 2804 illuminans
2963 2766 3138 2803 omnes
3172 2757 3374 2817 gentes,
3400 2746 3583 2799 lucem
3616 2761 3701 2798 cc-

2097 2846 2352 2918 gnitionis
2388 2843 2678 2897 accendens
2713 2840 2909 2895 Israeli
2940 2842 2993 2895 in
3023 2840 3273 2904 salutem,
3305 2848 3359 2892 et
3401 2840 3619 2908 rapiens
3644 2845 3701 2889 ut

2097 2940 2255 3007 lupus
2288 2937 2352 2989 ab
2385 2936 2548 3004 ipsis,
2580 2945 2630 2988 et
2659 2934 2793 2987 dans
2825 2949 3106 3002 synagoga:
3146 2931 3385 3001 gentium
3411 2945 3428 2981 :
3455 2939 3507 2983 et
3543 2944 3701 2997 usque

409 3038 536 3092 quae
562 3024 665 3077 sub
689 3022 852 3077 ﬁnem
878 3023 1175 3078 voluminis
1206 3021 1246 3075 II
1280 3023 1522 3091 ejusdem
1550 3021 1800 3079 Historia:
1823 3037 1993 3091 nuper

2150 3060 2154 3085 μ
2211 3031 2720 3088 consummationem
2773 3026 3089 3081 saeculorum
3151 3023 3253 3075 erit
3302 3023 3360 3074 in
3408 3021 3701 3090 synagogis

411 3117 678 3187 evulgatae
703 3126 1022 3187 comparent
1049 3132 1170 3188 pag.
1200 3118 1251 3171 1.
1293 3115 1398 3170 Sed
1425 3126 1538 3170 tum
1570 3113 1808 3169 Matthmi
1835 3114 1991 3170 Paris

413 3210 783 3264 narrationem
814 3226 980 3279 quam
1010 3209 1205 3264 iisdem
1238 3224 1375 3278 pene
1403 3208 1588 3263 verbis
1620 3207 1812 3274 repetit
1853 3206 1993 3262 infe-

412 3304 531 3357 rius
569 3303 712 3357 idem
746 3305 978 3373 scriptor
1018 3301 1313 3356 historicus
1351 3300 1427 3372 (8)
1467 3300 1535 3354 ad
1576 3315 1781 3354 annum
1827 3299 1989 3364 1252,

411 3405 530 3449 tum
561 3410 685 3464 quia:
720 3394 775 3448 in
803 3395 910 3449 line
948 3392 1315 3464 quorumdam
1351 3391 1747 3463 exemplarium
1773 3406 1840 3445 ex
1870 3391 1991 3460 ipso

410 3494 666 3556 excerpta
690 3486 852 3540 verba
881 3486 1159 3557 leguntur,
1187 3485 1385 3539 merito
1414 3484 1554 3537 ridet
1580 3482 1862 3537 Simonius
1888 3482 1989 3551 (9),

409 3577 507 3648 qui
535 3587 589 3631 et
616 3593 681 3631 ea
710 3577 903 3633 deesse
933 3576 987 3629 in
1013 3593 1118 3632 ms.
1152 3576 1341 3631 codice
1376 3574 1694 3631 Colbertino
1721 3583 1989 3631 testatur:

410 3678 475 3723 ut
517 3668 747 3737 proinde
803 3668 961 3721 nihili
1006 3668 1253 3723 ducenda
1311 3667 1383 3722 sit
1426 3667 1715 3736 inscriptio
1760 3666 1990 3722 alterius

411 3761 619 3815 codicis
666 3775 771 3815 ms.
817 3759 1164 3815 bibliothecae
1220 3758 1533 3813 Bodleianse
1577 3773 1606 3811 a
1645 3756 1850 3813 Grabio
1898 3772 1989 3812 re-

411 3851 520 3904 lata
549 3850 686 3921 (10),
715 3850 911 3919 hisque
948 3850 1133 3905 verbis
1167 3864 1424 3920 expressa
1455 3867 1467 3903 :
1496 3847 1832 3903 Testamenta
1857 3848 1991 3902 duo-

408 3944 580 3996 decim
639 3942 1071 4012 patriarcharum
1145 3940 1381 4011 ﬁliorum
1436 3939 1646 4007 Iacob,
1699 3940 1991 3995 secundum

410 4034 815 4089 translationem
867 4034 1094 4088 Joannis
1145 4034 1507 4104 Chrysostomi
1553 4034 1617 4088 de
1665 4033 1890 4088 Hebrteo
1933 4035 1991 4087 in

408 4128 654 4183 Graecum
679 4143 697 4180 :
722 4126 856 4182 satis
904 4126 1050 4182 enim
1098 4126 1213 4182 sive
1250 4142 1318 4181 ex
1359 4126 1625 4183 hactenus
1667 4126 1851 4193 dictis,
1875 4126 1991 4182 sive

407 4236 475 4275 cx
505 4235 633 4274 mox
668 4218 916 4274 dicendis
939 4217 1227 4274 refellitur.

407 4373 473 4430 ll.
516 4373 691 4445 Ipsius
732 4384 862 4430 artas
891 4373 1202 4445 inquiritur,
1227 4372 1441 4442 ejusque
1470 4373 1773 4444 scriptionis
1815 4374 1990 4426 consi-
2021 4384 2067 4439 ι)
2095 4372 2113 4445 ς

884 4444 1014 4497 lium
1037 4445 1219 4512 paucis
1252 4445 1508 4513 aperitur.

480 4581 602 4648 Quo
643 4591 824 4637 autem
861 4590 1106 4653 tempore
1149 4582 1501 4637 Testamenta
1543 4581 1663 4636 huic
1703 4579 1991 4650 scripserit

407 4672 755 4728 Christianus
778 4680 969 4727 auctor
999 4688 1306 4744 anonymus
1327 4715 1341 4739 ,
1370 4670 1516 4725 haud
1546 4670 1620 4724 ita
1644 4670 1987 4740 exploratum

409 4767 661 4831 habetur,
693 4773 753 4820 ut
781 4782 843 4820 ea
866 4766 933 4820 de
968 4781 1027 4820 re
1057 4767 1198 4820 llrmi
1243 4765 1451 4836 aliquid
1493 4763 1659 4819 statui
1698 4776 1863 4833 posse
1898 4761 1987 4815 vi-

406 4858 621 4914 deatur.
674 4858 878 4914 Verum
926 4860 973 4915 si
1019 4858 1253 4929 qumstio
1301 4857 1601 4913 admodum
1646 4856 1880 4926 implexa
1918 4869 1988 4910 ex

480 5016 558 5084 (6)
598 5017 796 5071 Cleric.
828 5015 971 5071 Hist.
1009 5017 1161 5083 πει,
1202 5017 1267 5071 ad
1300 5032 1428 5070 ann.
1466 5014 1588 5075 191,
1626 5012 1653 5084 §
1689 5013 1745 5077 2,
1774 5028 1838 5084 p.
1857 5011 1981 5067 796.

482 5083 559 5155 (7)
595 5085 786 5141 Matth.
829 5086 967 5157 Par.
1001 5087 1144 5142 Hist.
1189 5088 1382 5157 major,
1423 5085 1493 5140 ad
1535 5083 1664 5139 ann.
1710 5083 1874 5147 1248,
1926 5098 1980 5151 p.

410 5153 513 5213 528
543 5160 672 5213 edit.
706 5157 878 5213 Lond.
915 5156 1069 5212 1686.

482 5229 559 5298 (8)
600 5227 676 5299 111.
709 5227 1015 5299 ibid.,_pag.
1046 5228 1148 5283 720
1187 5244 1301 5298 seq.

478 5295 557 5367 (9)
600 5298 808 5351 Simon.
843 5295 988 5368 Bibl:
1016 5301 1161 5362 crit.,
1199 5295 1330 5352 tom.
1358 5299 1422 5363 ll,
1458 5313 1581 5368 pag.
1615 5295 1870 5368 286scq.

480 5314 557 5367 (υ)
600 5314 808 5351 διιιιυιι.
843 5314 983 5350 moi.
1016 5314 1161 5362 crit.,
1199 5314 1330 5352 tom.
1358 5314 1422 5363 ιι,
1458 5314 1522 5368 pa
1568 5337 1581 5351 .
1615 5314 1721 5350 zuo
1753 5314 1816 5348 se

480 5370 592 5435 (10)
633 5368 797 5423 Grai).
834 5366 1019 5435 Spicil.
1057 5368 1156 5424 SS.
1195 5369 1338 5431 PP.,
1368 5380 1502 5423 tom.
1530 5314 1575 5433 ἵ,
1605 5382 1658 5435 p.
1694 5366 1816 5420 14⁵5.

635 5439 819 5493 Dodw.
858 5431 999 5506 apud
1034 5440 1196 5494 Grab.
1237 5440 1426 5510 Spicil.
1460 5431 1569 5495 SS.
1594 5431 1734 5497 ΡΡ..
1766 5444 1901 5488 tom.
1936 5431 1978 5499 l,

507 5582 592 5648 1‘2)
623 5579 787 5652 Wolf.
814 5580 955 5652 Bibl.
995 5580 1179 5645 Hebr.,
1212 5595 1344 5637 tom.
1373 5582 1416 5645 l,
1445 5599 1498 5652 p.
1532 5581 1658 5637 250.

514 5647 593 5722 15)
636 5650 864 5705 Rnchat.
902 5651 1103 5704 Lettres
1135 5653 1198 5707 de
1235 5656 1362 5711 trois
1408 5647 1561 5709 Pires
1602 5647 1976 5722 apostoliquest

412 5727 541 5775 tum.
576 5720 612 5788 Ι,
647 5723 802 5793 pagg.
836 5723 957 5788 155,
986 5722 1105 5779 194.

2096 3126 2331 3195 gentium
2356 3133 2403 3177 et
2432 3124 2487 3176 in
2515 3120 2843 3191 principibus
2868 3132 3069 3179 eorum,
3104 3117 3240 3168 sicut
3284 3114 3560 3166 musicum
3596 3129 3703 3164 me-

2095 3217 2173 3272 los
2205 3218 2261 3271 in
2291 3233 2380 3270 ore
2408 3216 2647 3269 omnium
2673 3228 2691 3265 :
2738 3221 2787 3265 et
2818 3212 2872 3263 in
2905 3210 3054 3262 libris
3110 3208 3309 3262 sanctis
3344 3207 3452 3259 erit
3518 3205 3705 3259 instri-

2094 3325 2237 3380 ptus,
2260 3322 2310 3364 et
2336 3326 2466 3379 Opus
2495 3318 2543 3361 et
2571 3322 2741 3360 sermo
2768 3304 2883 3374 ejus
2911 3319 2929 3355 :
2956 3318 3096 3371 opus
3125 3301 3375 3371 quidem,
3400 3308 3465 3353 ut
3493 3299 3704 3369 optime

2094 3402 2350 3466 Grabius,
2384 3400 2439 3454 in
2476 3398 2628 3453 Actis
2665 3395 3071 3467 apostolorum;
3106 3408 3284 3448 sermo
3330 3400 3553 3454 autem,
3587 3403 3703 3444 tum

2094 3495 2148 3549 in
2182 3494 2378 3550 iisdem
2421 3493 2609 3558 Actis,
2644 3499 2756 3544 tum
2790 3489 2846 3543 in
2878 3487 3051 3556 ipsius
3093 3484 3250 3540 Pauli
3293 3483 3573 3553 Epistolis
3606 3502 3618 3536 :
3649 3492 3705 3535 ut

2094 3587 2327 3659 proinde
2354 3593 2479 3657 post
2501 3598 2694 3639 omnes
2720 3581 2883 3637 etiam
2914 3579 3172 3634 Paulinas
3200 3577 3510 3647 Epistolas,
3544 3577 3598 3631 id
3623 3585 3707 3630 est

2093 3688 2219 3749 post
2245 3692 2451 3733 annum
2474 3674 2544 3729 67
2572 3673 2865 3744 scripsisse
2892 3680 3083 3726 auctor
3108 3669 3381 3724 videatur.

2164 3768 2424 3836 Quinimo
2466 3773 2591 3836 post
2634 3779 2841 3819 annum
2903 3762 2970 3814 70
3008 3760 3358 3816 Testamenta
3390 3758 3493 3813 illa
3530 3758 3707 3813 fuisse

2094 3861 2435 3934 composita,
2471 3876 2535 3915 ea
2566 3858 2701 3914 satis
2734 3857 2974 3928 produnt
3001 3870 3125 3925 qua:
3168 3854 3235 3908 de
3268 3851 3705 3924 Hierosolymo-

2092 3974 2217 4013 rum
2262 3955 2506 4020 excidio,
2534 3954 2712 4022 deque
2739 3949 3150 4006 calamitatibus
3175 3946 3228 3999 in
3263 3946 3438 4000 caedis
3491 3946 3707 4001 Christi

2093 4065 2313 4122 ptenam
2356 4046 2561 4102 Judteis
2608 4043 2854 4106 inﬂictis,
2886 4041 3133 4110 loquitur
3183 4047 3384 4092 auctor
3431 4037 3532 4093 his
3581 4054 3707 4091 ver-

2092 4144 2177 4199 bis
2210 4141 2324 4214 (ἳῖ)
2358 4160 2370 4195 :
2405 4138 2590 4195 Virum
2624 4144 2957 4190 renovantem
3000 4125 3160 4202 legem
3202 4130 3257 4182 in
3285 4130 3496 4183 virtute
3531 4130 3707 4183 Altis-

2092 4236 2236 4302 simi,
2262 4235 2603 4303 impostorem
2638 4226 3011 4300 appellabitis;
3041 4234 3089 4280 et
3118 4225 3173 4277 in
3203 4224 3329 4291 ﬁne,
3360 4231 3421 4275 ut
3455 4226 3706 4277 estima-

2095 4328 2243 4393 bitis,
2270 4325 2523 4380 occidetis
2551 4340 2691 4388 eum,
2715 4321 3001 4375 nescientes
3029 4319 3195 4387 ipsius
3223 4318 3702 4381 resurrectionem,

2094 4422 2424 4475 innocentem
2470 4416 2780 4488 sanguinem
2825 4414 2882 4468 in
2927 4411 3138 4466 malitia
3166 4424 3325 4478 super
3372 4412 3571 4478 capita
3615 4427 3705 4463 te-

2094 4522 2208 4567 stra
2240 4510 2518 4580 recepturi.
2550 4507 2619 4561 Et
2648 4516 2859 4577 propter
2885 4505 3058 4575 ipsum
3083 4511 3239 4556 erunt
3280 4512 3484 4555 sancta
3527 4512 3704 4556 vestra

2091 4606 2321 4667 deserta,
2356 4617 2520 4672 usque
2563 4599 2631 4653 ad
2663 4599 3020 4669 pavimentum
3067 4594 3383 4665 profanata.
3415 4592 3496 4647 Et
3529 4596 3701 4663 paulo

2091 4707 2219 4753 ante
2250 4716 2263 4751 :
2298 4696 2522 4765 Propter
2551 4694 2682 4757 haec.
2717 4689 2967 4761 templum
2994 4688 3135 4758 quod
3172 4687 3357 4756 utique
3382 4686 3551 4757 eliget
3587 4687 3702 4739 Do-

2092 4791 2288 4855 minus,
2335 4786 2668 4841 desolabitur
2715 4785 2770 4838 in
2821 4782 3207 4843 immunditia;
3252 4788 3303 4832 et
3349 4795 3442 4833 vos
3492 4782 3699 4849 captiti

2088 4882 2237 4935 eritis
2281 4879 2340 4932 in
2382 4893 2557 4932 omnes
2602 4883 2798 4946 gentes,
2841 4881 2891 4928 et
2926 4870 3252 4925 abominatio
3283 4869 3430 4923 inter
3462 4887 3599 4933 eas;
3643 4880 3695 4924 et

2160 5014 2273 5086 (11)
2311 5011 2558 5086 Maznch.
2601 5010 2894 5086 Comment.
2950 5007 3135 5086 iuvet.
3175 5017 3371 5055 marm.
3412 5000 3691 5071 Kalend.,

2086 5075 2195 5142 vol.
2229 5075 2269 5149 ιζ
2295 5100 2350 5154 p.
2382 5083 2525 5154 247;
2555 5090 2609 5135 et
2631 5080 2741 5135 vol.
2770 5078 2838 5143 ll,
2865 5075 3079 5154 p._§56.

2159 5142 2272 5227 (15)
2297 5142 2480 5227 ᾨηιὶι.
2506 5142 2656 5227 ἱηρη
2685 5142 2844 5227 pagg.
3034 5142 3157 5227 140.

2159 5213 2497 5350 (1(5132Pears.
2536 5213 2937 5280 Anna't.Paut.,
2967 5217 3112 5272 inter
3134 5213 3255 5284 ejus
3283 5230 3414 5287 opp.
3469 5218 3685 5289 posth.,

2159 5314 2206 5350 Ω.
2307 5335 2321 5350 ο

2123 5316 2206 5353 39.
2235 5316 2321 5351 12.

2084 5314 2442 5437 Ρ³ῗ171)2111111.
2475 5363 2775 5437 Prolegom.
2808 5359 2875 5413 ad
2908 5356 2980 5411 N.
3011 5354 3279 5437 T._Gt_':,n§
3314 5357 3371 5412 4.

2182 5372 2268 5437 17)
2310 5372 2442 5420 Mill.
2475 5372 2775 5434 Protegom.
2808 5372 2875 5413 aa
2908 5372 2980 5411 tv.
3012 5372 3072 5409 ιν.
3103 5372 3221 5420 urz,
3252 5372 3263 5427 ε

2156 5372 2270 5510 118)
2316 5436 2549 5510 Testata.
2585 5451 2665 5490 xu
2686 5434 2879 5510 Ἰξαιικ,
2910 5443 3032 5497 cap.
3064 5428 3118 5493 3,
3148 5426 3175 5496 §
3208 5426 3263 5481 6.

2155 5505 2270 5576 (19)
2311 5508 2342 5562 Ι
2374 5507 2551 5560 Thess.
2585 5522 2643 5569 tt,
2679 5505 2766 5559 16.
2862 5524 2865 5529 ·

2180 5580 2271 5646 20)
2314 5577 2444 5633 Mill.
2472 5579 2508 5631 ι.
2538 5593 2585 5632 c.
2616 5577 2644 5647 ς
2679 5576 2800 5630 118.

2179 5638 2272 5717 21)
2307 5649 2537 5703 Testam.
2566 5638 2645 5702 siut
2674 5642 3143 5718 patriarclt.,_t_:ap.
3175 5640 3265 5707 11,
3296 5638 3385 5693 12.

2157 5711 2268 5793 ((22)
2310 5720 2441 5777 Ibid.
2477 5736 2596 5791 cap.
2629 5711 2683 5789 5,
2716 5719 2779 5791 ἐξ
2816 5718 2880 5771 15
2907 5722 2960 5769 et
2993 5711 3080 5765 16.

3569 232 3699 287 1οἷἒὲ
3794 232 3795 263 ‘
