3830 6216
120 344 269 401 1033

1584 353 1947 410 ριιοαειιιΑ.

3260 377 3278 430 ι
3289 374 3396 432 οδε,

117 463 399 530 accipietis
440 466 780 535 opprobrium
809 480 858 524 et
887 475 1247 544 confusionem
1275 479 1648 547 sempiternam
1677 496 1711 531 a
1741 485 1784 538 Α
1813 476 2099 532 stamentis
2128 478 2467 546 patriarchas
2492 482 2780 539 duodecim
2808 484 2949 541 illius
2972 484 3143 542 Jacob
3162 488 3396 560 loquen-

108 566 267 623 1usto
304 558 506 627 iudicio
536 559 654 615 Dei.
697 562 822 619 Haec
863 568 1085 636 quidem
1125 571 1232 625 alio
1256 572 1545 641 detorquet
1567 571 1706 628 Cra-

114 649 283 713 bius,
324 651 725 725 intersertaque
776 660 1219 727 patriarcharum
1265 662 1634 721 Tcstamentis
1672 682 1705 721 a

1810 577 1891 623 tes
1928 566 2175 632 inducit;
2207 570 2302 639 qui
2341 572 2571 641 jamjam
2622 575 2897 643 morituri,
2926 586 2982 631 et
3018 576 3207 634 futura
3248 596 3394 651 prse-

1808 660 2098 726 nuntient,
2149 669 2207 716 et
2264 662 2492 726 optimis
2548 665 2815 721 institutis
2867 668 3008 724 ﬁlios
3056 685 3121 725 ac
3168 684 3393 741 nepotes

109 738 410 808 cujusdam
456 741 759 800 Christiani
803 762 969 801 manu
1014 749 1117 805 sub
1168 751 1589 806 saculiiﬁnem
1620 753 1705 807 vel
1805 750 2080 805 erudiant.
2102 750 2495 810 Praedictiones
2519 756 2735 825 quidem
2762 757 3016 815 Mcssiam
3040 738 3390 831 potissimum

109 830 225 886 sub
273 832 491 887 initium
542 832 884 906 insequentis
924 841 1205 897 existimat
1246 841 1363 913 (25)
1393 862 1405 897 :
1433 854 1489 899 at
1518 843 1701 899 virum

107 923 372 978 criticum
425 925 561 981 locis
610 928 790 985 allatis
840 932 951 987 vim
1002 932 1237 999 inferre,
1275 949 1387 1006 quo
1436 951 1592 991 suam
1635 937 1703 992 de

106 1013 306 1069 Iudaeo
352 1016 621 1086 scriptore
663 1022 906 1076 stabiliat
956 1024 1323 1095 hypothesin,
1373 1042 1537 1083 nemo
1589 1042 1701 1083 non

104 1106 316 1162 dixerit
361 1108 458 1176 qui
513 1126 629 1165 rem
674 1115 913 1181 penitius
962 1118 1351 1188 introspiciat:
1384 1120 1505 1176 loca
1552 1121 1697 1176 enim

102 1212 238 1266 qua:
274 1198 343 1253 ad
382 1199 597 1257 Novum
646 1203 1058 1263 Testamentum
1100 1220 1368 1279 spectant,
1401 1214 1469 1268 de
1492 1212 1698 1271 Christi

102 1290 402 1348 divinitate
439 1294 617 1366 deque
662 1296 785 1354 aliis
814 1297 1143 1357 Christianas
1184 1304 1469 1374 religionis
1496 1308 1697 1376 capiti-

101 1383 238 1451 bus,
264 1385 309 1440 si
336 1400 367 1440 e
394 1386 579 1442 medio
608 1389 890 1458 tollantur,
919 1392 1177 1448 concidat
1204 1396 1530 1464 opusculum
1563 1399 1698 1454 illud

101 1490 340 1531 necesse
369 1485 475 1532 est.
507 1477 651 1545 Quid
677 1483 825 1551 quod
856 1483 925 1538 ab
955 1500 1065 1539 una
1088 1501 1255 1541 manu
1285 1489 1470 1544 omnia
1504 1490 1560 1545 in
1592 1492 1697 1546 hoc

102 1581 280 1637 opere
320 1574 621 1642 perscripta
678 1590 803 1630 esse
849 1577 935 1631 vel
976 1578 1105 1633 inde
1156 1579 1349 1650 liquet,
1388 1581 1574 1652 judice
1610 1584 1697 1638 Si-

99 1661 303 1715 monio
336 1660 473 1732 (24),
499 1664 646 1733 quod
684 1666 875 1721 eadem
917 1670 1041 1740 styli
1072 1671 1215 1728 ratio
1244 1673 1451 1744 ubique
1497 1676 1692 1746 spiret,

97 1762 420 1824 cunctaque
468 1771 579 1811 uno
629 1762 1221 1831 tenore-aequabiliter
1265 1764 1479 1822 ﬂuant?
1522 1767 1695 1824 Instat

96 1841 337 1914 insuper
362 1846 505 1902 idem
532 1849 615 1903 vir
641 1851 892 1909 eruditus
921 1853 1060 1925 (25),
1086 1857 1271 1927 aliqua
1296 1858 1351 1913 in
1384 1860 1470 1916 liis
1499 1861 1692 1919 Testa-

92 1935 310 1990 mentis
332 1952 644 2005 occurrere,
662 1956 786 2010 qua:
808 1943 880 1998 ab
905 1942 1127 2001 homine
1149 1947 1463 2007 Christiano
1493 1954 1688 2011 tradita

96 2026 307 2083 litteris
355 2027 561 2095 fuisse,
610 2032 881 2089 absonum
934 2037 1170 2093 videtur.
1227 2039 1383 2096 Haud
1434 2046 1688 2114 equidem

94 2123 525 2189 repugnaverint
557 2142 571 2178 :
598 2132 655 2179 at
696 2126 835 2181 nihil
885 2128 1118 2193 mirum,
1159 2132 1206 2186 si
1253 2148 1408 2190 more
1455 2133 1687 2194 Judaico

94 2213 341 2269 subinde
380 2214 635 2286 loquatur
674 2219 911 2289 scriptor
954 2223 1058 2278 iste
1100 2223 1476 2295 Christianus;
1523 2244 1688 2299 quem

92 2318 246 2375 opus
272 2320 434 2360 suum
462 2322 529 2362 eo
559 2310 793 2365 consilio
833 2312 1137 2369 coniecisse
1177 2326 1415 2383 constat,
1442 2335 1557 2390 quo
1590 2318 1688 2374 Ju-

91 2398 205 2453 ἀεὶ
234 2396 455 2455 facilius
483 2402 797 2471 exciperent
821 2420 943 2474 qua:
968 2404 1037 2461 de
1066 2404 1291 2464 Christo
1324 2411 1555 2482 ejusque
1586 2412 1687 2467 do-

92 2491 278 2547 ctrina
310 2492 516 2562 passim
547 2493 806 2549 inculcat.

170 2582 378 2639 Verum
412 2600 478 2640 ne
501 2585 557 2639 in
590 2586 678 2641 his
703 2586 915 2642 diutius
957 2588 1339 2660 immoremur,
1370 2593 1438 2648 ad
1466 2603 1682 2650 aetatem

92 2678 390 2748 scriptoris
418 2679 584 2749 hujus
624 2681 772 2750 quod
817 2682 1032 2746 attinet,
1059 2700 1204 2740 unus
1244 2686 1428 2742 adhuc
1464 2687 1687 2742 audien-

90 2776 204 2831 dus
230 2774 467 2831 Caveus.
514 2777 809 2833 Existimat
846 2778 937 2833 ille
983 2780 1246 2836 nimirum
1277 2781 1415 2852 (26),
1445 2783 1562 2839 ﬁeri
1592 2785 1684 2839 vix

91 2868 351 2939 potuisse
394 2868 527 2940 quin
571 2870 774 2940 aliquis
822 2870 1181 2941 antiquorum
1222 2885 1351 2930 ante
1392 2874 1681 2946 Origenem

89 2960 219 3031 ejus
252 2963 437 3031 operis
465 2962 839 3029 meminisset;
872 2964 1119 3035 adeoque
1150 2967 1353 3021 saeculo
1378 2969 1683 3036 apostolico

90 3052 248 3107 baud
272 3068 395 3109 esse
418 3055 805 3109 ascribendum
838 3057 1117 3127 opinatur.
1142 3055 1301 3113 Hunc
1325 3070 1507 3115 tamen
1532 3075 1685 3117 scru-

90 3145 290 3215 pulum
332 3147 379 3200 si
422 3146 579 3202 evelli
630 3146 737 3203 sibi
783 3163 852 3203 ex
896 3149 1084 3204 animo
1121 3152 1379 3220 postulet,
1413 3153 1466 3208 id
1508 3168 1681 3209 unum
1710 3176 1754 3239 ο

89 3235 411 3303 subdimus,
454 3246 514 3293 ut
553 3238 660 3294 alia
697 3249 1114 3309 praetereamus,
1143 3243 1475 3313 scriptorum
1506 3247 1683 3302 eccle-

89 3331 449 3386 siasticorum
483 3341 841 3389 monumenta
869 3333 963 3404 qui
987 3335 1205 3391 duobus
1235 3337 1430 3406 primis
1462 3338 1681 3393 seculis

88 3422 354 3490 ﬂoruere,
380 3425 679 3480 maximam
722 3433 933 3496 partem
982 3441 1105 3482 esse
1150 3428 1466 3497 deperdita;
1499 3427 1684 3484 nobis-

88 3530 203 3585 que
252 3529 320 3569 ex
367 3530 559 3571 eorum
613 3518 909 3588 operibus,
946 3519 1141 3589 paucis
1195 3521 1464 3590 exceptis,
1496 3521 1680 3591 aliqua

91 3612 312 3658 tantum
338 3619 628 3674 superesse
656 3604 960 3678 fragmenta
990 3627 1004 3663 :
1032 3617 1093 3663 ut
1118 3617 1431 3679 propterea,
1458 3611 1678 3667 illorum

89 3697 600 3753 vetustissimorum
631 3697 858 3756 Patrum
901 3701 1180 3758 silentium
1209 3704 1487 3760 immerito
1518 3705 1680 3762 nobis

88 3790 412 3861 objiciatur.

89 3901 672 3983 lll.__0peris_pretiam
716 3910 1156 3983 expenditur:_ea:
1188 3928 1290 3981 quo
1335 3914 1389 3967 in
1430 3914 1616 3983 primis
1647 3932 1679 3968 a

164 3975 365 4049 Grabio
404 3975 713 4049 deprompta
761 3975 856 4049 pro
896 3996 1020 4034 vera
1060 3975 1261 4036 Christi
1293 3975 1492 4037 deitate
1527 3986 1679 4039 testi-

165 4048 778 4124 moniadescribuntur.
828 4050 970 4124 Hinc
1012 4054 1272 4109 sententia
1318 4054 1383 4107 de
1423 4055 1679 4124 scriptore

114 4176 115 4187 η
164 4117 475 4172 Christiano
506 4121 695 4174 iterum
722 4122 1091 4191 conﬁrmatur.

161 4227 285 4283 Jam
315 4245 450 4285 vero
488 4232 727 4302 pretium
763 4235 948 4304 operis
979 4243 1145 4305 atque
1189 4236 1481 4294 utilitatem
1508 4252 1680 4310 expo-

88 4335 225 4375 nere
252 4329 495 4390 praestat,
528 4333 808 4392 praeeunte
836 4326 1074 4381 maxime
1103 4326 1305 4382 Grabio
1335 4328 1431 4397 qui
1460 4344 1527 4385 eo
1556 4346 1680 4385 mu-

87 4426 224 4466 nere
264 4413 370 4468 rite
416 4413 738 4484 perfunctus
781 4418 1140 4488 comperitur.
1187 4420 1435 4480 Primum
1486 4423 1679 4494 itaque

1804 860 1871 899 ac
1900 854 2105 900 statum
2137 845 2440 919 Synagogae
2471 857 2525 902 et
2550 848 2810 906 Ecclesia:
2839 854 3080 923 gentium
3106 857 3209 912 sub
3236 856 3392 913 Novo

1804 934 2165 993 Testamento
2194 940 2494 1010 respiciunt
2519 960 2532 995 :
2555 942 2610 996 in
2635 943 2863 1000 historia
2895 962 3024 1001 vero
3052 950 3394 1018 patriarcha-

1804 1042 1949 1094 rum,
1982 1028 2138 1097 plura
2166 1030 2233 1084 de
2260 1030 2347 1086 his
2374 1041 2703 1087 enarrantur
2733 1050 2855 1104 qua:
2887 1036 2942 1090 in
2968 1036 3167 1094 Genesi
3197 1042 3391 1099 aliisve

1801 1119 2085 1175 canonicis
2124 1120 2280 1177 libris
2306 1122 2452 1178 haud
2490 1135 2810 1191 occurrunt,
2839 1128 2934 1183 sed
2961 1145 3027 1185 ex
3056 1134 3389 1206 apocryphis

1800 1216 2086 1280 desumpta
2116 1220 2413 1266 censentur
2438 1234 2448 1269 :
2472 1229 2663 1269 eorum
2699 1224 2880 1271 tamen
2911 1218 3170 1290 pleraque
3208 1238 3390 1293 neque

1800 1298 2103 1370 incongrua
2148 1302 2384 1369 veritati,
2418 1319 2594 1374 neque
2632 1305 2866 1363 fortasse
2902 1309 2968 1364 ad
3006 1325 3179 1368 sacra:
3204 1313 3387 1370 histo-

1798 1388 1894 1444 ria:
1922 1390 2342 1445 illustrationem
2384 1391 2603 1448 inutilia
2634 1409 2756 1451 esse
2784 1395 3063 1451 videntur.

1870 1476 2073 1536 Verum
2121 1481 2294 1551 magis
2341 1482 2567 1539 interest
2607 1485 2716 1541 huc
2764 1486 2959 1543 afferre
3004 1489 3239 1560 insignia
3284 1507 3384 1562 pro

1796 1571 2004 1628 Christi
2033 1572 2317 1629 divinitate
2347 1577 2663 1633 testimonia
2684 1618 2698 1643 ,
2731 1595 2854 1649 qua:
2881 1593 3071 1637 contra
3101 1581 3383 1642 Unitarios

1796 1679 1864 1720 ex
1912 1664 2001 1720 his
2045 1664 2414 1725 Testamentis
2457 1671 2683 1727 collecta
2723 1672 2899 1728 eidem
2931 1672 2996 1727 V.
3031 1674 3094 1730 C.
3127 1677 3257 1731 alibi
3301 1678 3381 1733 si-

1796 1764 1943 1813 stere
1965 1758 2188 1829 placuit.
2214 1759 2484 1834 Sicigitur
2506 1764 2593 1819 ille
2608 1764 2722 1835 (28)
2754 1783 2767 1820 :
2799 1783 2817 1817 (
2850 1764 2907 1820 In
2926 1765 3281 1824 Testamento
3296 1766 3385 1825 Si-

1723 1840 1765 1894 B
1794 1849 2007 1904 meonis
2029 1851 2144 1905 haec
2170 1852 2401 1923 legimus
2423 1855 2588 1910 verba
2606 1855 2719 1925 (29)
2738 1875 2751 1911 :
2777 1855 3005 1929 Κύριος,
3020 1859 3192 1923 ὁΘεὸς
3207 1860 3382 1931 μέγας

1789 1940 1886 1995 τοῦ
1942 1942 2177 2015 Ἰσραὴλ,
2207 1945 2530 2017 φαινόμενος
2565 1947 2659 2000 ἐπὶ
2701 1948 2806 2020 γῆς
2839 1950 2915 2015 ὡς
2949 1950 3255 2022 ἄνθρωπος,
3285 1953 3380 2007 καὶ

1793 2027 1981 2093 σώζων
2014 2032 2072 2085 ὲν
2112 2032 2260 2105 αὐτῷ
2296 2035 2389 2088 τὸν
2431 2036 2619 2108 Ἀδάμ.
2660 2036 2938 2105 Dominus,
2966 2039 3110 2097 Deus
3156 2041 3380 2100 chnus

1792 2116 1987 2184 Israel,
2016 2124 2289 2192 apparebit
2312 2126 2368 2179 in
2401 2135 2542 2182 terra
2570 2137 2629 2182 ut
2652 2130 2827 2198 homo,
2848 2142 2897 2187 et
2926 2133 3153 2188 salvabit
3183 2137 3235 2191 in
3261 2137 3377 2207 ipso

1790 2210 1983 2266 Adam.
2034 2212 2103 2268 Et
2152 2231 2280 2270 mox
2318 2216 2432 2288 (50)
2481 2237 2494 2272 :
2545 2221 2603 2273 Ὁ
2650 2221 2784 2285 Θεὸς
2834 2223 2995 2295 σῶμα
3038 2224 3238 2291 λαϐὼν,
3281 2231 3377 2283 καὶ

1791 2303 2087 2359 συνεσθίων
2124 2307 2469 2383 ἀνθρώποις,
2492 2311 2699 2367 ἔσωσεν
2730 2314 2947 2379 αὐτούς.
2992 2315 3137 2373 Deus
3183 2334 3373 2391 corpus

1789 2411 2083 2462 assumens,
2114 2410 2165 2454 et
2193 2402 2467 2457 comedens
2498 2420 2619 2457 cum
2658 2405 2978 2476 hominibus,
3011 2409 3233 2465 salvavit
3259 2428 3370 2468 eos.

1786 2482 2099 2555 Paucisque
2135 2490 2441 2561 iuterjectis
2475 2494 2612 2566 (51),
2643 2495 2893 2555 Messiam
2931 2511 3089 2557 vocat
3118 2501 3251 2556 Θεὸν
3278 2504 3373 2557 καὶ

1786 2575 2095 2649 ἄνθρωπον,
2123 2580 2277 2637 Deun
2301 2594 2351 2639 et
2382 2585 2665 2643 hominem.

1867 2686 1887 2717 ε
1918 2666 1976 2722 In
2008 2667 2364 2729 Testamento
2390 2674 2557 2743 Levi,
2600 2680 2969 2747 patriarcham
2999 2684 3164 2740 istum
3188 2703 3370 2759 ange-

1786 2756 1873 2813 lus
1903 2760 1990 2816 bis
2043 2762 2342 2832 alloquitur
2395 2769 2578 2825 verbis
2602 2770 2716 2841 (52)
2758 2775 2901 2829 :Ata‘t
2927 2776 3021 2830 σοῦ
3064 2780 3158 2832 καὶ
3203 2756 3371 2837 Ἰούδα

1784 2850 2079 2924 ὀφθήσεται
2136 2854 2340 2929 Κύριος
2379 2860 2438 2913 ὲν
2483 2861 2814 2934 ἀνθρώποις,
2852 2867 3041 2932 σώζων
3076 2872 3137 2925 ὲν
3185 2875 3371 2941 αὐτοῖς

1786 2943 1897 3035 trav
1921 2943 2077 3013 γένος
2105 2946 2426 3021 ἀνθρώπων.
2465 2952 2572 3008 Per
2629 2967 2679 3010 te
2728 2968 2778 3013 et
2834 2957 3037 3016 ludam
3094 2968 3369 3035 apparebit

1784 3032 2046 3090 Dominus
2076 3040 2132 3092 in
2160 3040 2485 3107 hominibus,
2520 3047 2738 3104 salvans
2767 3051 2824 3104 in
2858 3054 2985 3122 ipsis
3017 3072 3168 3112 omne
3206 3077 3369 3130 genus

1784 3125 2079 3220 hominum.
2109 3129 2313 3188 Deinde
2333 3132 2464 3191 Levi
2499 3138 2578 3194 ait
2600 3140 2741 3210 (55),
2768 3143 3045 3203 infernum
3070 3125 3366 3220 spoliatum

1786 3214 1855 3270 iri
1901 3218 1995 3272 ἐπὶ
2037 3220 2117 3292 τῷ
2156 3221 2319 3279 πάθει
2373 3226 2469 3281 τοῦ
2494 3230 2777 3300 Ὑψίστου,
2812 3235 2868 3290 in
2913 3214 3159 3307 passione
3194 3243 3367 3299 Altis-

1785 3324 1933 3364 διηιι.

1861 3420 1881 3495 ι
1919 3401 1978 3495 ln
2019 3404 2371 3495 Testamento
2396 3410 2551 3468 Juda‘.
2579 3418 2789 3474 mentio
2829 3420 2891 3475 ﬁt
2922 3422 3036 3492 (54)
3066 3428 3367 3495 παρουσίας

1781 3490 1878 3547 τοῦ
1910 3494 2045 3549 Θεοῦ
2069 3497 2170 3568 τῆς
2196 3498 2565 3575 δικαιοσύνης,
2600 3506 2854 3563 adventus
2879 3490 2979 3567 ne;
3006 3490 3242 3582 justitite
3264 3530 3284 3571 .‘
3308 3490 3366 3573 ni

1782 3584 1965 3654 fallor,
2000 3604 2069 3680 ex
2097 3588 2302 3648 Jerem.
2348 3610 2510 3663 χχιιι,
2532 3596 2587 3663 6,
2634 3607 2690 3654 et
2716 3615 2892 3659 xxxiii
2920 3645 2936 3669 ,
2966 3605 3056 3661 16.
3097 3606 3165 3664 Et
3202 3612 3368 3680 paulo

1781 3687 1907 3747 post
1931 3679 1998 3735 de
2024 3679 2224 3739 Messia
2266 3683 2467 3742 dicitur
2503 3688 2661 3758 (35):
2699 3687 2866 3759 Οὗτος
2897 3698 2926 3750 ὁ
2957 3679 3363 3767 βλαστδςίθεοῡ

1783 3769 2028 3840 ὑψίστου.
2093 3773 2196 3829 Hic
2228 3786 2308 3834 est
2367 3794 2576 3849 germen
2624 3780 2725 3838 Dst
2775 3787 3159 3849 altissimi:ex
3210 3794 3365 3853 Isaiae

1783 3874 1857 3926 tv,
1881 3860 1937 3916 2.

1856 3972 1876 4005 ι
1910 3952 1968 4009 In
2002 3953 2354 4014 Testamento
2405 3959 2651 4018 Zabulon
2682 3964 2797 4036 (56)
2828 3984 2842 4020 :
2876 3969 2986 4022 Καὶ
3020 3972 3159 4041 μετὰ
3189 3976 3365 4032 ταῦτα.

1780 4046 2029 4101 ἀνατελεῖ
2051 4050 2179 4121 ὑμῖν
2208 4051 2371 4118 αὐτὸς
2398 4053 2621 4125 Κύριος,
2663 4056 2778 4127 φῶς
2810 4059 3153 4136 δικαιοσύνης
3177 4071 3364 4125 ο-καὶ

1780 4135 1975 4206 ὄψεσθε
1997 4136 2129 4193 Θεὸν
2153 4141 2212 4194 ἐν
2246 4142 2486 4212 σχήματι
2508 4144 2816 4217 ἀνθρώπου.
2846 4147 2915 4204 Et
2939 4163 3057 4221 post
3088 4135 3199 4210 lucc
3225 4160 3363 4213 oric-

1781 4237 1868 4281 tur
1907 4230 2051 4284 vobis
2090 4232 2202 4302 ipse
2228 4232 2510 4302 Dominus,
2563 4236 2658 4291 lum
2679 4238 3078 4310 justitite,...et
3115 4249 3364 4308 videbitis

1782 4316 1940 4375 Damt
1964 4322 2018 4375 in
2042 4322 2219 4392 forma
2251 4326 2503 4381 hominis.

1858 4452 1876 4486 ι
1916 4433 1976 4489 In
2000 4434 2351 4493 Testamento
2379 4440 2491 4497 Dan
2520 4443 2634 4515 (57)
2659 4464 2672 4500 :
2706 4448 2822 4501 Οὐκ
2853 4447 2930 4502 ἔτι
2960 4452 3221 4522 ὑπομενεῖ
3263 4456 3360 4509 ‘ls-

86 4502 342 4556 omnium
379 4504 637 4561 observat
680 4506 767 4562 vir
811 4509 1064 4566 eruditus
1107 4511 1244 4581 (27),
1272 4511 1540 4570 Jacobum
1576 4531 1672 4587 pa-

1797 4526 2062 4599 )ουσαλὴμ
2096 4531 2410 4602 ἐρήμωσιν,
2444 4502 2564 4588 οὐδὲ
2603 4502 3357 4618 αἰχμαλωτίσεταιὴισὸαὴῖ.

89 4596 391 4650 triarcham
423 4598 672 4668 aliosque
710 4611 934 4658 sanctos
976 4603 1254 4672 homines,
1282 4607 1448 4662 morti
1494 4610 1680 4678 proxi-

86 4702 235 4753 mos,
275 4688 393 4744 sive
443 4689 757 4747 futurorum
810 4695 1078 4765 praesagia
1125 4695 1240 4751 sive
1282 4698 1501 4768 egregia
1552 4698 1679 4754 vitae

84 4779 230 4834 bene
259 4780 481 4849 agenda:
509 4784 716 4838 monita
745 4785 985 4841 edidisse
1010 4805 1025 4841 :
1050 4801 1173 4856 qua:
1200 4787 1431 4857 proinde
1470 4805 1673 4858 magno

86 4872 145 4925 in
172 4873 352 4941 pretio
385 4874 573 4929 haberi
598 4876 668 4929 ab
697 4877 1055 4933 audientibus
1086 4879 1395 4950 litterisque
1423 4882 1675 4937 mandari

86 4973 516 5021 consueverunt.
563 4967 723 5025 Hunc
758 4971 926 5040 igitur
956 4988 1164 5028 morem
1204 4974 1454 5030 imitatus
1483 4988 1678 5031 auctor

85 5067 300 5122 noster,
332 5073 439 5112 non
486 5069 595 5114 tam
645 5062 833 5118 animo
871 5064 1199 5134 decipiendi,
1239 5082 1404 5135 quam
1454 5066 1676 5125 Judaeos

85 5148 358 5219 religione
388 5167 454 5205 ac
479 5153 768 5223 disciplina
811 5156 1093 5211 imbuendi
1125 5158 1330 5225 studio,
1364 5160 1418 5213 in
1455 5161 1540 5216 his
1570 5161 1674 5217 Te—

181 5284 278 5372 Ξὲ)
319 5286 484 5372 βω·
518 5290 552 5342 ι·
574 5306 845 5372 erran-
868 5291 992 5354 439,
1019 5292 1140 5372 14.9-

320 5359 531 5433 §inionf
564 5356 705 5414 Bibl:
737 5356 882 5423 erit"
910 5372 1046 5417 tum.
1074 5362 1138 5431 ll,
1174 5380 1224 5433 p.
1258 5364 1384 5420 228.

160 5427 278 5501 (25)
316 5428 553 5501 Crabal.
579 5447 653 5496 c.,
680 5447 801 5501 pag.
837 5434 961 5486 155.

158 5498 277 5573 (ξιξ)
318 5499 449 5573 t_2av.
484 5499 631 5573 Iiist.
666 5498 856 5565 ιῖιιὲνη
890 5513 1019 5557 ιοηι.
1051 5502 1091 5565 l.
1122 5522 1173 5573 p.
1200 5506 1288 5561 5t.

319 5568 485 5642 Graii.
518 5571 552 5624 l.
586 5587 635 5626 c.
667 5588 824 5642 pagg.
855 5573 980 5631 129.
1012 5568 1135 5629 Ml.

159 5571 253 5633 (27
319 5571 485 5623 Grab.
518 5571 552 5624 l.
586 5587 635 5626 c.
667 5588 824 5642 pagg.
855 5573 980 5631 129.
1012 5571 1135 5629 Ml;

158 5571 277 5707 (28;
318 5638 708 5717 Grab._Annot.
742 5647 815 5717 ad
844 5643 907 5698 (ἱ.
951 5643 1099 5698 Balli
1129 5645 1339 5716 Defens.
1371 5649 1467 5717 ﬁt].
1518 5650 1638 5706 Nic.

84 5722 465 5781 δυβιυμ-(κιρ.
495 5711 549 5775 5,
580 5728 704 5781 pag.
733 5712 822 5767 64.

157 5777 276 5849 (29)
318 5779 547 5835 Testata.
574 5777 999 5851 xu'Patriarch.,
1031 5804 1150 5859 cap.
1183 5788 1237 5857 2,
1274 5788 1379 5861 §6.

368 5878 643 5943 PATROL.
702 5882 826 5945 Gn.
884 5884 963 5943 Il.

1778 4619 1860 4672 ὅτι
1894 4618 2100 4690 Κύριος
2138 4623 2293 4677 ἔσται
2353 4627 2582 4698 ὲμμέσῳ
2633 4629 2837 4701 αὐτῆς,
2883 4636 2997 4698 τοῖς
3050 4635 3359 4708 ἀνθρώποις

1779 4714 2376 4784 συναναστρεφόμενος,
2407 4719 2918 4794 καὶἊγιοςΊσραὴλ
2951 4724 3249 4795 βασιλεύων
3271 4730 3358 4781 ἐπ’

1777 4800 1973 4866 αὐτοὺς
2005 4805 2063 4857 ὲν
2088 4806 2413 4861 ταπεινώσει
2438 4811 2532 4863 καὶ
2557 4812 2820 4884 πτωχείᾳ.
2841 4813 2964 4869 Non
2984 4819 3212 4887 amplius
3239 4837 3358 4875 sus-

1781 4895 1965 4948 tinebit
2027 4894 2372 4952 Hierusalem
2422 4901 2844 4971 desolationem,
2895 4923 3056 4977 neque
3118 4913 3355 4981 captivus

1777 4985 2002 5040 ducetur
2028 4985 2202 5042 Israel
2224 5006 2245 5055 ;
2268 4993 2518 5058 quoniam
2551 4992 2805 5049 Dominus
2822 4998 2922 5050 erit
2943 5000 2997 5051 in
3019 5002 3188 5054 medio
3216 5004 3354 5071 ejus.

1778 5091 1897 5127 cum
1920 5076 2220 5133 hominibus
2238 5093 2597 5149 conversatus,
2615 5092 2663 5136 et
2690 5083 2918 5141 Sanctus
2938 5087 3110 5144 Israel
3132 5108 3353 5162 regnans

1776 5184 1934 5238 super
1966 5171 2108 5238 ipsos
2142 5172 2199 5225 in
2230 5173 2534 5230 humilitate
2562 5187 2609 5231 et
2641 5190 2973 5247 paupertate.

1848 5303 1963 5383 (ξι)
2000 5304 2134 5383 ιρξιι-
2165 5299 2192 5369 ﬁ
2225 5302 2278 5358 6-

1850 5369 1964 5442 (31')
1999 5369 2134 5427 Ibid.
2165 5384 2287 5440 cap.
2322 5372 2380 5436 2,
2417 5371 2445 5443 §
2476 5373 2527 5430 τ.

1849 5444 1965 5517 (se)
1993 5446 2134 5517 tum.
2165 5447 2224 5517 ,3,
2252 5448 2279 5517 ς
2304 5448 2358 5502 2.

1851 5515 1966 5583 (35)
1992 5515 2127 5586 tum.
2158 5515 2263 5586 §4g

1848 5586 1962 5661 (ἒξ)
1992 5585 2123 5661 Ψω-
2154 5585 2280 5661 ῥῖψε
2308 5587 2365 5653 4»
2397 5589 2423 5661 §
2450 5590 2538 5646 22-

1845 5655 1960 5728 (ξδ)
1985 5657 2130 5728 tum.
2167 5657 2194 5728 ς
2219 5657 2307 5713 et.

1847 5726 1960 5800 ea
1984 5726 2119 5800 lbid-
2161 5726 2281 5797 cap.
2315 5731 2368 5793 δ.
2398 5731 2424 5800 ι
2449 5732 2504 5789 9.

1847 5796 1961 5869 (37)
1989 5796 2123 5854 Ibid.
2155 5796 2273 5870 cap.
2309 5801 2359 5868 7,
2386 5796 2495 5872 ξε.
