3830 6216
469 353 604 411 l‘DSTS

1458 346 1680 400 TESTA
1693 342 1930 398 MENTA
1970 338 2061 393 XII
2101 337 2730 397 PATRIARCHARUM.

3593 336 3724 390 1035

529 491 546 520 ε
589 469 642 522 In
670 469 1018 523 Testamento
1049 466 1391 534 Nephthaliin
1418 466 1530 534 (58)
1567 485 1576 516 :
1617 465 1713 516 Διὰ
1735 462 1828 515 τοῦ
1870 460 2039 514 Ἰούδα
2070 461 2111 516 Α
2146 457 2214 511 tis
2241 460 2430 514 citare.
2475 479 2492 512 ι
2534 459 2818 530 Excerplis
2857 459 3054 513 deinde
3093 456 3374 526 productis
3401 470 3526 524 qua:
3561 470 3722 524 supe-

451 565 698 618 ἀνατελεῖ
731 563 965 632 σωτηρία
987 560 1063 630 τῷ
1111 559 1342 629 Ἰσραὴλ,
1363 560 1454 610 καὶ
1479 561 1532 609 ὲν
1560 556 1705 626 αὐτῷ
1738 554 2036 625 εὐλογηθή-

454 671 603 706 σεται
651 650 858 704 Ἰακώϐ.
908 650 1006 702 Διὰ
1055 649 1160 720 γὰρ
1194 648 1287 700 τοῦ
1334 647 1617 717 σκήπτρου
1659 643 1824 698 αὑτοῦ
1869 643 2038 713 ὀφθή-

455 761 606 797 σεται
657 744 808 806 θεὸς,
855 740 1122 795 κατοικῶν
1167 742 1224 792 ὲν
1266 739 1570 811 ἀνθρώποις
1617 739 1710 790 ἐπὶ
1753 737 1852 806 τῆς
1899 737 2035 804 γῆς.

459 837 627 890 σῶσαι
659 835 719 888 τὸ
769 834 923 901 γένος
972 831 1202 903 Ἰσραήλ.
1257 830 1363 882 Per
1399 829 1598 884 ludam
1641 828 1840 880 orietur
1892 825 2037 878 salus

459 928 653 991 Israel,
682 937 730 980 et
777 927 831 978 in
878 926 992 994 ipso
1039 924 1370 977 benedicetur
1401 920 1589 974 Jacob.
1646 917 1751 971 Per
1774 926 2038 985 sceptrum

454 1022 592 1073 enim
625 1019 739 1088 ejus
771 1017 1043 1086 apparebit
1078 1015 1241 1074 Deus,
1270 1015 1515 1066 habitans
1554 1013 1690 1064 inter
1727 1010 1960 1062 homines
1985 1009 2038 1060 in

455 1126 620 1174 terra,
649 1120 704 1162 ut
735 1109 900 1161 solvet
948 1124 1110 1177 genus
1149 1105 1344 1159 Israel.

532 1221 550 1252 ι
578 1201 633 1254 ln
653 1201 1004 1255 Testamento
1031 1200 1167 1251 Aser
1193 1198 1306 1267 (59)
1335 1214 1346 1248 :
1393 1195 1726 1263 ὈὝψιστος
1754 1189 2041 1257 ἐπισκέψε-

454 1309 542 1347 ται
575 1297 675 1363 τὴν
701 1293 824 1362 γῆν,
866 1293 960 1343 καὶ
993 1289 1152 1352 αὐτὸς
1199 1286 1366 1340 ἐλθὼν
1393 1288 1466 1349 ὡς
1501 1285 1804 1355 ἅνθρωπος,
1847 1283 2038 1335 ἐσθίων

455 1389 546 1439 καὶ
572 1386 740 1438 πίνων
769 1383 909 1455 μετὰ
929 1383 1038 1436 τῶν
1067 1382 1162 1434 ἀνθ
1174 1380 1369 1452 ρώπων
1395 1421 1407 1442 ,
1445 1381 1536 1431 καὶ
1561 1380 1618 1430 ὲν
1665 1378 1869 1448 ἡσυχίᾳ
1912 1393 2037 1428 συν-

451 1476 653 1546 τρίϐων
684 1475 784 1544 τὴν
829 1471 1068 1542 κεφαλὴν
1094 1471 1186 1524 τοῦ
1222 1470 1512 1540 δράκοντος
1537 1469 1605 1522 δι’
1630 1467 1838 1530 ὓδατος.
1871 1462 2037 1528 οὗτος

455 1567 617 1620 σώσει
651 1567 742 1618 τὸν
796 1563 1007 1635 Ἰσραὴλ
1053 1564 1144 1615 καὶ
1192 1563 1369 1615 πάντα
1406 1561 1475 1613 τὰ
1498 1560 1646 1630 ἔθνη,
1682 1558 1813 1620 θεὸς
1844 1559 1922 1620 εἰς
1949 1558 2039 1611 ἄν-

452 1658 554 1729 δρα
587 1657 1028 1727 ὑποκρινόμενος.
1062 1653 1389 1706 ALrlssuws
1432 1650 1670 1704 visitabit
1725 1659 1956 1710 terram;
1988 1658 2037 1700 et

454 1750 564 1817 ipse
597 1749 802 1801 veniens
834 1756 889 1799 ut
927 1746 1101 1810 homo,
1137 1760 1255 1796 cum
1295 1743 1596 1795 hominibus
1633 1740 1961 1793 manducans
1988 1747 2036 1791 et

457 1840 669 1904 bibens,
710 1848 757 1892 et
783 1839 837 1890 in
883 1837 1094 1890 silentio
1134 1843 1404 1888 conterens
1439 1841 1598 1902 caput
1647 1831 1898 1885 draconis
1948 1844 2039 1896 per

457 1948 672 2001 aquam.
710 1930 810 1982 llic
835 1929 1058 1982 salvabit
1089 1927 1260 1982 Israel
1283 1939 1330 1982 et
1358 1942 1536 1980 omnes
1568 1934 1775 1995 gentes,
1805 1921 1946 1976 [ll-tus
1984 1921 2038 1973 in

455 2024 625 2076 virum
662 2021 1026 2075 absconditus.

531 2133 548 2165 ι
610 2115 850 2184 Denique
892 2115 944 2167 in
974 2112 1325 2167 Testamento
1384 2109 1664 2179 Benjamin
1715 2109 1829 2172 (41))
1861 2126 1872 2160 :
1904 2107 2036 2159 Τότε

455 2207 547 2260 καὶ
567 2210 728 2278 ἡμεῖς
744 2204 1186 2275 ἀναστησόμεοα,
1207 2203 1435 2264 ἕκαστος
1457 2201 1548 2253 ἐπὶ
1566 2199 1844 2269 σκῆπτρον
1859 2197 2034 2268 ἡμῶν,

455 2298 885 2370 προσκυνοῦντες
919 2298 1009 2349 τὸν
1038 2295 1261 2366 βασιλέα
1292 2293 1401 2346 τῶν
1421 2292 1682 2365 οὐρανῶν,
1708 2293 1797 2344 τὸν
1819 2292 1911 2344 ἐπὶ
1934 2290 2037 2359 γῆς

454 2391 692 2459 φανέντα
719 2392 775 2442 ἐν
805 2392 984 2460 μορφῇ
1021 2387 1307 2458 ἀνθρώπου
1345 2386 1735 2458 (ἀνθρωπίνης)
1768 2383 2036 2437 ταπεινώ-

456 2503 611 2547 σεως.
641 2483 784 2537 Tunc
829 2492 877 2536 ct
923 2499 1013 2536 nos
1039 2496 1388 2550 resurgemus,
1411 2479 1771 2548 unusquisque
1811 2481 1865 2530 in
1919 2492 2037 2531 sce-

440 2563 890 2647 ptrumnostrum,
915 2573 1198 2626 adorantes
1225 2585 1392 2640 regem
1421 2568 1796 2637 cmlorum,qui
1820 2567 1873 2620 in
1894 2577 2037 2620 terra

453 2668 706 2738 apparuit
761 2667 815 2718 in
861 2665 1032 2733 forma
1082 2663 1310 2715 hominis
1348 2660 1650 2731 (humanae)
1691 2659 2035 2712 humilitatis.

455 2759 690 2827 Moxque
719 2757 868 2810 addit
906 2754 1179 2809 lsraelitas
1207 2753 1535 2823 judicandos
1560 2790 1572 2814 ,
1619 2752 1699 2804 δτι
1735 2750 2037 2822 παραγενό-

457 2867 617 2923 μενον
661 2850 792 2902 Θεὸν
816 2849 874 2899 ὲν
921 2847 1084 2918 σαρκὶ
1122 2844 1488 2916 ὲλευΟερωτὴν
1535 2844 1634 2896 οὐκ
1657 2843 1983 2896 ἐπίστευσαν
2020 2860 2033 2897 :

454 2943 705 3013 quoniam
753 2939 1116 2992 advenientem
1177 2935 1329 2990 Dum
1384 2936 1436 2988 in
1486 2952 1644 2989 carne
1695 2933 2036 2988 liberatorem

455 3053 558 3090 non
585 3033 946 3087 crediderunt.

2142 551 2256 603 rius
2287 553 2660 616 recitavimus,
2688 552 3016 606 sententiam
3055 565 3209 604 suam
3238 549 3446 602 claudit
3481 548 3574 601 his
3603 562 3721 600 ver-

2141 644 2225 698 bis
2260 664 2270 698 :
2308 665 2324 695 ι
2363 643 2490 698 llaec
2530 645 2764 700 clariora
2786 654 2841 698 et
2875 642 3222 712 expressiora
3264 651 3431 704 sunt,
3465 656 3643 708 quam
3675 651 3725 691 ut

2141 735 2450 806 detorqueri
2484 737 2716 806 possint.
2752 736 2910 802 Quod
2941 736 2988 790 si
3017 744 3202 790 assuta
3239 743 3293 788 et
3333 733 3619 788 insincera
3646 734 3724 787 di-

2142 837 2266 882 cent
2297 829 2675 897 (adversarii),
2706 844 2815 882 non
2845 837 2930 882 est
2974 826 3121 896 quod
3151 841 3274 881 cum
3308 825 3390 880 eis
3419 825 3723 894 litigemus.

2143 917 2233 974 Sic
2284 921 2429 975 enim
2463 921 2758 990 scriptores
2809 935 3000 974 omnes
3047 919 3452 974 ecclesiasticos
3501 918 3728 972 eludere

2147 1009 2351 1064 licebit.
2383 1008 2540 1064 Nulla
2571 1010 2718 1064 enim
2745 1009 2834 1062 hic
2880 1009 3005 1079 styli
3060 1008 3316 1070 varietas,
3342 1007 3496 1061 nulla
3541 1022 3724 1060 rerum

2141 1113 2238 1156 aut
2283 1103 2577 1157 verborum
2629 1103 3022 1171 discrepantia,
3065 1101 3199 1154 nihil
3252 1115 3359 1154 non
3397 1099 3639 1169 simplex
3679 1110 3728 1153 et

2143 1196 2308 1250 unius
2346 1195 2556 1250 formae.
2598 1193 2826 1249 Videtur
2849 1202 3033 1248 autem
3067 1194 3170 1248 iste
3205 1193 3467 1262 scriptor,
3494 1193 3727 1247 consilio

2142 1287 2230 1341 ille
2253 1288 2473 1357 quidem
2532 1302 2640 1341 non
2689 1287 2857 1351 malo,
2893 1285 2989 1345 sed
3031 1285 3222 1340 fraude
3263 1301 3373 1339 non
3417 1282 3724 1346 laudabili,

2143 1381 2258 1434 haec
2288 1379 2544 1433 vaticinia
2563 1378 2891 1448 patriarchis
2915 1378 3247 1448 subjecisse,
3273 1376 3576 1432 utJudteos
3600 1391 3724 1431 suos

2142 1470 2210 1524 ad
2236 1469 2392 1524 ﬁdem
2426 1470 2690 1536 alliceret,
2725 1479 2778 1524 et
2813 1485 3074 1540 magnum
3121 1468 3255 1521 illud
3307 1466 3596 1522 [nascentis
3635 1464 3724 1520 Dei

2143 1563 2460 1633 mysterium
2494 1578 2522 1615 a
2557 1577 2668 1632 quo
2713 1561 3119 1626 abhorrebant,
3173 1562 3225 1614 in
3273 1575 3369 1614 ore
3428 1559 3726 1614 duodecim

2141 1655 2579 1724 patriarcharum
2618 1655 2801 1709 minus
2830 1655 2912 1709 eis
2945 1654 3181 1709 invisum
3215 1655 3516 1709 accideret.
3550 1673 3570 1704 ι
3616 1652 3728 1708 [lue

2143 1765 2317 1819 usque
2354 1749 2613 1804 Maranus
2644 1747 2709 1802 V.
2739 1746 2802 1802 C.
2840 1747 2922 1802 Ex
2959 1749 3377 1818 quibusJiquet
3418 1747 3596 1800 nimis
3636 1747 3728 1800 ab—

2139 1842 2280 1911 jecte
2336 1841 2575 1896 sensisse
2624 1839 2922 1895 Nourrium
2952 1840 3073 1910 ejus
3099 1840 3341 1894 sodalem
3362 1881 3377 1903 ,
3403 1839 3596 1893 virum
3623 1855 3726 1893 ca:-

2143 1944 2255 1989 tera
2286 1934 2531 2000 doctum,
2561 1949 2686 1988 cum
2719 1935 2787 1988 de
2819 1933 2904 1988 his
2927 1933 3293 1988 Tcstamentis
3327 1932 3465 1986 illud
3490 1948 3730 2001 pronun-

2142 2026 2334 2080 tiavit:
2376 2045 2392 2076 ι
2427 2027 2480 2080 in
2511 2027 2687 2082 lucem
2713 2041 2994 2096 nunquam
3019 2025 3195 2079 emitti
3224 2039 3302 2083 ea
3322 2025 3613 2089 debuisse,
3649 2026 3726 2077 vel

2141 2121 2417 2188 perpetuis
2472 2119 2712 2173 tenebris
2766 2117 2939 2173 fuisse
2989 2116 3298 2170 damnanda
3341 2115 3462 2185 (42)
3497 2135 3515 2166 ι
3564 2137 3578 2170 :
3621 2133 3728 2185 quo

2139 2209 2360 2276 quidem
2394 2209 2616 2263 nomine
2646 2208 2726 2262 vel
2773 2208 2842 2262 ab
2873 2207 2992 2277 ipso
3025 2205 3274 2260 Simonio
3316 2215 3556 2259 notatur
3589 2207 3720 2277 (45].

2141 2317 2229 2374 IV.
2275 2319 2350 2373 De
2374 2321 2534 2374 variis
2567 2338 2689 2373 mss.
2724 2320 3113 2390 exemplaribus
3143 2318 3366 2382 Grcecis,
3390 2320 3566 2389 deque
3596 2322 3726 2371 anti-

2210 2407 2314 2456 qua
2358 2390 2569 2444 Roberti
2612 2391 2996 2445 Lincolniensis
3041 2392 3270 2460 episcopi
3327 2393 3570 2444 versione
3613 2392 3728 2460 agi-

2212 2473 2309 2514 tur.

2213 2575 2386 2645 l-lujus
2437 2577 2619 2646 operis
2675 2578 2825 2631 varia
2860 2575 3327 2632 circumferuntur
3370 2593 3516 2632 mss.
3541 2591 3724 2631 exem-

2140 2668 2312 2737 plaria
2345 2668 2555 2734 Graeca,
2604 2669 2736 2722 viris
2759 2670 2990 2723 eruditis
3031 2669 3271 2733 laudata,
3306 2668 3728 2724 Montl'auconio

2143 2762 2262 2830 (44)
2289 2761 2341 2814 in
2368 2761 2582 2832 primis,
2609 2761 2871 2826 Nourrio,
2917 2761 3186 2829 Simonio,
3218 2761 3539 2816 Warthono
3565 2762 3624 2816 ll.
3646 2777 3727 2816 cc.

2139 2854 2390 2924 aliisque.
2440 2853 2540 2909 Ms.
2600 2854 3074 2926 Cantabrigiensis
3132 2853 3383 2908 meminit
3439 2852 3729 2908 Fabricius

2142 2949 2277 3018 (45),
2307 2948 2538 3017 ejusque
2567 2947 2753 3003 titulos
2786 2963 2882 3003 seu
2920 2948 3162 3016 capitum
3187 2949 3501 3002 summaria
3541 2948 3730 3002 (ἔπειρε

2141 3041 2353 3105 recitat,
2385 3039 2518 3093 nihil
2553 3049 2736 3094 tamen
2776 3039 2846 3093 ab
2874 3039 3020 3093 edito
3051 3037 3329 3093 Grabiano
3370 3039 3623 3096 diversa.
3658 3039 3730 3093 De

532 3145 550 3179 ι
598 3126 739 3181 Ecce
793 3126 1108 3186 Christum,
1164 3121 1472 3187 Dominum,
1539 3120 1729 3184 Deum,
1785 3135 2032 3188 magnum

2146 3131 2424 3188 codicibus
2449 3141 2632 3185 autem
2681 3129 2999 3200 Anglicanis
3037 3145 3164 3184 mox
3195 3129 3364 3193 infra,
3391 3130 3494 3184 ubi
3525 3131 3600 3184 de
3619 3130 3732 3184 edi-

456 3221 646 3286 Deum,
686 3218 1051 3281 Altissimum,
1087 3213 1344 3269 Sanctum
1388 3213 1596 3280 Israel,
1632 3221 1763 3278 etc.,
1797 3212 2036 3281 appella-

457 3322 594 3366 tum.
628 3330 647 3364 ι
676 3309 950 3365 Hactenus
973 3308 1223 3364 eruditus
1262 3306 1499 3361 Grabius
1531 3325 1542 3358 :
1571 3321 1601 3359 a
1637 3321 1746 3373 quo
1779 3305 1896 3358 haec
1937 3318 2035 3356 ea-

455 3402 578 3457 dem
602 3408 879 3456 contracta
904 3406 1184 3454 mutuatus
1214 3407 1297 3453 est
1329 3397 1660 3452 Prudentius
1693 3395 1954 3450 Maranus
1979 3396 2033 3448 in

456 3495 733 3566 praestanti
793 3508 959 3563 Opere
1003 3492 1267 3562 inscripto
1313 3508 1326 3544 :
1371 3489 1636 3544 Divinitas
1683 3489 1751 3542 D.
1788 3485 1944 3543 Ν..1.
1972 3486 2033 3541 C.

457 3589 747 3658 manifesta
780 3588 836 3640 in
864 3585 1158 3653 Scripturis
1185 3594 1231 3638 et
1265 3583 1554 3637 traditione
1577 3582 1712 3653 (41).
1735 3581 1908 3651 Cujus
1936 3580 2036 3634 viri

456 3679 764 3736 doctissimi
792 3677 1060 3748 judicium
1087 3677 1156 3731 de
1191 3677 1388 3730 horum
1415 3675 1890 3730 Testamentorum
1935 3689 2038 3727 au-

457 3784 607 3828 ctore
641 3773 693 3825 in
721 3772 959 3824 medium
993 3769 1237 3838 proferre
1269 3767 1398 3822 libet
1423 3808 1438 3834 ,
1469 3782 1580 3837 quo
1607 3767 1783 3836 magis
1825 3766 1914 3819 illa
1947 3766 2039 3819 tir—

457 3874 677 3919 mentur
703 3878 826 3933 qua:
873 3863 940 3916 de
985 3860 1163 3931 ipsius
1205 3875 1371 3930 opere
1411 3858 1796 3914 disseruimus.
1833 3876 1851 3909 ι
1882 3855 2039 3912 llunc

459 3958 782 4028 scriptorem
811 3997 826 4020 ,
879 3955 1092 4024 inquit,
1121 3951 1370 4007 Judaeum
1421 3951 1591 4006 fuisse
1639 3951 1882 4005 declarat
1920 3949 2039 4019 plu-

457 4053 633 4106 rimus
687 4049 1039 4104 Judaicarum
1089 4045 1400 4100 fabularum
1449 4060 1622 4099 usus:
1655 4043 2036 4098 Christianum

456 4159 624 4208 vero,
677 4139 908 4196 nimium
951 4147 1153 4208 apertae
1196 4138 1265 4192 de
1327 4137 1546 4192 Christo
1613 4138 2036 4207 pradictiones,

458 4251 622 4307 quam
659 4244 717 4289 ut
759 4249 825 4288 ex
869 4231 1078 4286 eventis
1126 4231 1266 4284 ﬁcta:
1310 4244 1418 4283 non
1465 4227 1691 4284 fuerint.
1747 4227 2035 4284 Seniorem

459 4329 660 4384 saeculo
697 4342 735 4380 ιι
774 4324 1019 4379 nonnulli
1049 4323 1290 4389 faciunt,
1317 4338 1476 4376 nemo
1508 4320 1809 4389 iuniorem,
1838 4323 2040 4392 quippe

458 4437 583 4476 cum
607 4421 676 4474 ab
703 4419 938 4488 Origene
973 4417 1162 4471 homil.
1191 4433 1260 4470 xv
1323 4421 1378 4473 in
1405 4415 1571 4473 Iosue
1616 4415 1814 4470 citatus
1851 4416 2036 4470 fuerit.

2139 3220 2630 3283 tioneroniensi.
2671 3218 2920 3274 Primum
2966 3234 3094 3274 vero
3123 3217 3376 3273 Graecum
3422 3217 3727 3286 exemplar,

2141 3315 2188 3370 si
2215 3314 2350 3369 fides
2373 3311 2629 3367 Matthaao
2656 3310 2814 3366 Paris
2843 3312 3270 3383 (46),detectum
3302 3310 3372 3364 ita
3404 3308 3591 3366 fuisse
3615 3326 3730 3380 pes-

2141 3407 2377 3462 hibetur.
2416 3404 2691 3476 Magister,
2720 3404 2918 3474 inquit,
2944 3403 3177 3458 Joannes
3203 3403 3268 3456 de
3291 3401 3728 3471 Basingestokes,

2140 3498 2544 3552 archidiaconus
2583 3496 2812 3566 Legriaz,
2842 3497 2922 3549 vir
2945 3499 2998 3548 in
3029 3494 3185 3547 trivio
3234 3502 3285 3546 et
3313 3492 3610 3562 quadrivio
3637 3509 3727 3544 ex-

2139 3591 2580 3661 perientissimus,
2613 3588 2812 3643 Grazcis
2845 3605 2906 3640 ac
2930 3569 3140 3641 Latinis
3171 3585 3366 3638 litteris
3399 3586 3475 3637 ad
3515 3585 3732 3653 plenum

2141 3685 2504 3749 eruditus...”
2567 3684 2900 3736 intimauerat
2931 3681 3173 3750 episcopo
3217 3678 3586 3731 Lincolniensi
3634 3677 3732 3730 Ro-

2143 3779 2307 3842 berto,
2339 3779 2477 3846 quod
2505 3776 2715 3846 quando
2737 3775 2945 3828 studuit
2970 3773 3212 3832 Athenis,
3237 3771 3442 3824 viderat
3465 3780 3517 3824 et
3541 3772 3730 3823 audie-

2141 3881 2226 3924 rat
2258 3869 2322 3923 ab
2345 3870 2528 3940 peritis
2566 3867 2871 3923 Grrecorum
2893 3865 3198 3935 doctoribus
3237 3863 3489 3932 quadam
3515 3861 3732 3915 Latinis

2141 3963 2433 4034 incognita.
2465 3959 2615 4014 Inter
2639 3975 2758 4030 qua:
2799 3958 2995 4028 reperit
3035 3972 3112 4010 xu
3149 3955 3629 4020 Patriarcharum,
3668 3957 3731 4023 ﬁ-

2141 4058 2337 4112 liorum
2377 4056 2616 4110 videlicet
2659 4053 2866 4118 Jacob,
2922 4051 3299 4105 Testamenta:
3349 4065 3473 4117 quae
3520 4060 3729 4102 constat

2140 4167 2252 4205 esse
2272 4150 2335 4204 de
2365 4148 2665 4203 substantia
2700 4144 3028 4199 bibliotheca:
3052 4156 3070 4203 ;
3092 4143 3182 4198 sed
3214 4159 3304 4211 per
3328 4143 3599 4195 invidiam
3627 4141 3727 4195 Ju-

2141 4245 2382 4298 dmorum
2418 4241 2621 4294 dudum
2654 4238 2818 4307 fuisse
2852 4235 3144 4306 incognita,
3172 4244 3385 4304 propter
3408 4237 3726 4305 ntanifestas

2144 4353 2262 4408 qua:
2312 4337 2367 4389 in
2402 4333 2598 4389 eisdem
2648 4340 2852 4402 patent,
2884 4331 2948 4383 de
2974 4329 3182 4384 Christo
3213 4329 3545 4397 prophetias.
3587 4329 3728 4383 Πηόι

2142 4424 2280 4478 idem
2303 4425 2576 4492 episcopus
2604 4421 2748 4473 misit
2774 4421 2827 4472 in
2863 4418 3125 4473 Grazciam
3147 4435 3165 4482 ;
3191 4429 3240 4472 et
3271 4435 3391 4472 cum
3420 4436 3486 4473 ea
3513 4421 3728 4474 habuis—

457 4512 695 4568 Grahius
736 4512 882 4565 hunc
909 4510 1105 4564 librum
1143 4509 1273 4562 olim
1308 4523 1339 4562 ιι
1367 4507 1562 4562 Iudaeo
1605 4509 1870 4578 scriptum
1911 4516 2037 4564 ante
2070 4489 2115 4545 Ῑ)
2142 4523 2250 4582 set,
2283 4489 2558 4566 transtulit
2587 4511 2651 4564 de
2682 4510 2867 4565 Gra'co
2896 4511 2950 4564 in
2983 4509 3238 4562 Latinum
3262 4527 3590 4564 sermonem.
3611 4511 3727 4565 Hart:

457 4605 660 4659 Christi
691 4613 892 4665 ortum,
923 4611 977 4657 et
999 4619 1028 4656 a
1066 4602 1383 4657 Christiano
1414 4601 1616 4657 saeculo
1646 4617 1663 4656 ι
1689 4611 1924 4657 exeunte
1945 4611 2040 4658 aut

461 4715 497 4752 ιι
529 4700 748 4753 ineunte
783 4697 1170 4766 interpolatum
1208 4705 1381 4766 putat.
1420 4695 1528 4752 Sed
1560 4697 1675 4752 hzec
1710 4698 1912 4752 eruditi
1935 4699 2038 4752 viri

459 4791 646 4862 opinio
673 4789 963 4845 levissimis
989 4788 1321 4858 conjecturis
1361 4788 1581 4842 nititur.
1623 4787 1772 4842 Nihil
1801 4789 1949 4844 enim
1983 4791 2036 4844 in

461 4884 562 4935 hoc
586 4895 750 4950 opere
785 4879 1118 4934 insincerum
1150 4887 1208 4932 et
1253 4879 1554 4932 interlitum
1607 4889 1852 4949 apparet,
1896 4881 2037 4934 nihil

457 4973 607 5043 quod
648 4986 756 5025 non
793 4971 1074 5041 proposito
1120 4972 1410 5026 conducat.
1455 4969 1642 5036 Quare
1672 4986 1781 5025 non
1813 4982 1899 5026 est
1939 4988 2039 5026 cur

456 5076 746 5116 vereamur
799 5061 912 5115 lucc
945 5059 1296 5115 Testamenta
1349 5061 1680 5130 palriarcltis
1720 5064 2036 5132 supposita,

458 5166 518 5212 ut
545 5156 1023 5227 germanissimum
1053 5170 1192 5225 opus
1217 5153 1390 5210 Judaei
1419 5156 1470 5208 in
1501 5154 1784 5210 Clu-istum
1807 5158 2040 5211 creden-

522 5305 634 5389 f§§l
665 5307 894 5389 Iertam-
935 5311 1368 5389 κιέηρίξτζίανεὴη
1394 5329 1512 5386 cap-
1543 5315 1598 5382 8.
1633 5315 1740 5387 δε.

517 5378 629 5450 (59)
664 5377 796 5450 Ibid.
831 5392 949 5445 cap.
981 5377 1070 5450 ω,
1100 5378 1204 5450 §_7.

526 5449 639 5517 (ιο)
679 5448 812 5502 una.
846 5464 968 5516 cap.
1000 5447 1268 5518 12,'§1o.

525 5519 638 5594 μυί)
672 5518 878 5594 tiaran.
908 5519 1209 5590 Divinhl).
1250 5519 1324 5574 N.
1359 5518 1415 5575 J.
1475 5519 1539 5574 C.
1591 5521 1686 5576 lib.
1731 5538 1792 5590 ιι,
1819 5540 1940 5594 cap.
1979 5527 2030 5593 l,

920 5659 1118 5727 Appar.
1155 5659 1224 5712 ad
1278 5662 1384 5714 bibl
1428 5661 1547 5716 PP.
1605 5672 1739 5718 tom.
1792 5662 1833 5731 I,
1893 5683 2017 5740 pag.

527 5799 639 5869 (45)
683 5795 896 5854 Simon.
929 5799 1070 5854 Bibl.
1100 5803 1242 5872 crit.,
1279 5812 1412 5859 tum.
1447 5803 1510 5872 ll,
1536 5794 1740 5876 p.225.

2145 4607 2234 4662 ille
2265 4604 2571 4660 monachus
2596 4602 2806 4672 Anglus
2825 4641 2842 4668 ,
2871 4602 2962 4656 ubi
2996 4600 3133 4655 nihil
3165 4599 3233 4655 de
3255 4608 3419 4655 textu
3450 4600 3687 4658 Hebraeo
3713 4643 3726 4663 .

2142 4705 2203 4750 ut
2236 4694 2386 4759 alibi,
2411 4708 2572 4763 quem
2597 4692 2761 4746 etiam
2795 4691 3049 4760 superius
3073 4690 3314 4746 vidimus
3345 4704 3727 4757 enarrantem,

2143 4790 2212 4842 ab
2241 4787 2433 4842 eodem
2457 4786 2675 4854 quidem
2710 4783 3083 4840 Lincolniensi
3103 4784 3364 4854 episcopo
3390 4786 3510 4842 haec
3539 4787 3730 4843 Testa—

2143 4887 2325 4932 menta
2362 4891 2394 4930 e
2419 4875 2612 4931 Graeco
2649 4873 2842 4928 Latine
2871 4872 3044 4929 fuisse
3081 4875 3290 4929 reddita
3315 4916 3329 4940 ,
3373 4879 3728 4947 cuudjuvantc'

2143 4979 2322 5024 tamen
2374 4969 2630 5038 magistro
2690 4966 2917 5020 Nicolao
2948 4967 3135 5022 erco
3162 5007 3176 5030 ,
3202 4968 3397 5021 clerico
3423 4970 3647 5024 abbatis
3676 4972 3726 5026 S.

2143 5065 2354 5118 Albani.
2396 5063 2469 5117 De
2519 5072 2757 5132 utroque
2801 5062 3099 5130 interprete
3139 5062 3464 5120 distinctius
3493 5068 3612 5137 agit
3637 5067 3730 5120 Ba-

2141 5158 2260 5212 leus
2293 5155 2430 5226 (ιιι).

2213 5308 2546 5396 ςριίχΜοηιῐ.
2570 5307 2714 5362 Bibl.
2741 5308 3008 5381 biblioth.,
3042 5321 3172 5364 tom.
3209 5311 3263 5377 l,
3295 5327 3423 5383 pag.
3463 5315 3531 5369 14
3560 5358 3576 5380 ,
3610 5317 3726 5376 685,

2139 5382 2597 5577 ἓῗᾶὕῗιοίπθιιτὶε.
2666 5449 2798 5505 Cod.
2849 5453 3035 5522 Pseud.
3098 5449 3160 5504 V.
3202 5450 3289 5517 T.,
3324 5464 3468 5510 tom.
3503 5455 3572 5522 ll,
3607 5474 3722 5530 pag-

2142 5563 2553 5718 ;j’ussgauauh.
2587 5593 2712 5647 Par.
2748 5591 2893 5647 Hist.
2921 5593 3128 5662 major,
3155 5596 3222 5686 ad
3268 5609 3403 5650 ann.
3443 5597 3627 5664 1252,
3673 5614 3720 5671 p.

2513 5735 2659 5793 llist.
2689 5737 2751 5792 de
2790 5739 2976 5804 script.
3030 5735 3312 5805 Britann.,
3343 5751 3563 5795 ceutur.
3601 5755 3722 5806 snt,
