3830 6216
216 321 238 373 ί
250 320 362 374 037

366 433 431 488 V.
476 432 549 487 De
584 435 813 488 editione
842 434 1109 489 Grabiuna
1136 434 1220 485 hic
1255 432 1390 501 typis
1421 446 1690 499 expressa.

290 548 443 603 Hanc
473 557 653 602 autem
690 547 912 602 Ruberti
954 549 1234 615 antiquam
1286 546 1594 599 versionem
1641 544 1788 598 Lati-

209 655 345 692 nam
383 640 616 693 subinde
646 639 789 709 typis
818 636 989 693 fuisse
1020 638 1400 707 consignatam
1435 644 1640 689 norunt
1664 651 1793 688 cru-

204 732 310 785 diti
342 750 356 797 ;
392 731 723 801 dignamque
754 730 808 784 in
845 730 1037 800 primis
1073 730 1461 784 existimarunt
1501 728 1604 781 viri
1649 729 1791 781 docti

205 840 336 893 qua:
364 824 419 876 in
447 832 685 877 veterum
716 822 937 877 Patrum
970 822 1322 876 Bibliotheeis
1357 822 1539 875 locum
1580 820 1793 873 obtine-

203 928 315 971 ret.
375 915 574 970 Verum
629 916 682 968 in
735 915 992 968 omnibus
1032 912 1363 968 editionibus
1400 926 1521 981 qua:
1559 908 1627 963 ab
1658 925 1786 962 ann.

203 1009 356 1062 1485
394 1024 566 1077 usque
592 1008 657 1061 ad
692 1021 895 1060 annum
930 1005 1070 1058 1677
1101 1006 1155 1059 in
1204 1005 1398 1074 vulgus
1430 1002 1785 1072 prodierunt,

200 1107 290 1152 tot
319 1097 597 1166 tantisque
628 1096 841 1150 mendis
866 1095 1064 1150 ltedata
1088 1103 1171 1148 est
1199 1094 1426 1163 antiqua
1457 1091 1647 1146 isthmc
1672 1106 1790 1144 ver-

199 1188 317 1251 sio,
360 1194 421 1240 ut
466 1200 609 1255 saepe
646 1185 736 1238 vix
785 1200 1007 1240 sensum
1033 1183 1332 1238 extundere
1375 1183 1578 1236 valeas.
1630 1179 1786 1247 Quod

201 1292 397 1331 secum
451 1285 714 1345 reputans
741 1275 979 1330 Joannes
1014 1275 1280 1331 Ernestus
1324 1273 1580 1340 Grabius,
1613 1273 1789 1327 colla—

202 1367 277 1420 tis
308 1366 473 1421 editis
499 1382 627 1421 cum
676 1367 895 1422 duobus
920 1366 1266 1421 bibliothecae
1297 1364 1608 1418 Bodieiaua:
1650 1379 1782 1417 mss.

197 1460 512 1524 codicibus,
538 1460 806 1528 plurimos
831 1460 1054 1515 sustulit
1079 1474 1319 1524 errores,
1348 1458 1611 1512 correctis
1645 1471 1786 1525 quo-

195 1567 312 1620 que
356 1552 479 1605 aliis
532 1568 667 1620 pene
710 1553 1018 1606 innumeris
1062 1552 1131 1607 ab
1160 1553 1456 1621 interprete
1485 1550 1604 1620 ipso
1631 1566 1783 1604 com-

197 1644 417 1709 missis.
471 1643 624 1698 Hanc
682 1644 866 1713 itaque
917 1645 1226 1698 versionem
1283 1645 1364 1699 sic
1392 1643 1779 1704 emaculatam,

1457 316 1980 372 TESTAMENTUM
2021 315 2111 371 RU
2125 314 2272 369 BEN.

1831 437 1873 489 Α
1904 428 2272 497 tabrigieusis.
2309 426 2558 479 Latinam
2594 441 2807 494 quoque
2828 422 3047 477 Robcrti
3074 422 3479 479 Liucoluieusis

3341 314 3477 368 1οῗἳὸ

1904 520 2209 573 versionem
2244 519 2521 587 perpetuis
2547 514 3023 571 emendatiouibus
3058 514 3301 581 limavit;
3355 515 3477 571 aliis

1899 611 2118 680 quidem
2165 626 2306 679 quas
2340 624 2370 663 e
2416 610 2632 664 duobus
2664 624 2799 663 mss.
2851 608 3193 662 bibliotheca:
3224 607 3474 663 Bodleia-

1900 720 1982 758 ηαδ
2010 705 2268 759 hauserat
2304 715 2358 759 et
2385 706 2538 774 prius
2562 704 2628 758 ad
2671 719 2798 757 oras
2824 703 3149 773 paginarum
3178 715 3433 773 posuerat
3458 747 3472 771 ,

1897 795 1950 849 in
1978 804 2183 849 textum
2211 795 2542 864 assumptis;
2570 795 2693 849 aliis
2715 809 2842 848 vero
2866 810 2896 847 a
2919 809 2977 848 se
3006 794 3125 863 ipso
3156 796 3431 863 adjunctis
3458 815 3470 847 :

1895 897 1955 941 ut
1974 904 2038 941 ex
2058 888 2377 957 praefatione
2394 888 2459 942 ad
2492 888 2790 942 secundam
2814 884 3085 956 Spicilegii
3105 884 3471 942 Oxoniensem

1893 982 2186 1036 editionem
2214 982 2344 1035 anni
2372 981 2508 1034 1714
2534 980 2833 1049 colligitur.

1966 1094 2213 1147 Priorem
2246 1092 2577 1146 Grabianam
2604 1100 2825 1147 secutus
2854 1100 2939 1146 est
2972 1090 3260 1146 Fabricius
3291 1092 3344 1145 in
3370 1090 3466 1147 Co-

1894 1187 2008 1238 dice
2037 1183 2494 1253 pseudepigrapho
2540 1181 2735 1236 Veteris
2780 1181 3121 1245 Testamenti,
3156 1182 3262 1235 vol.
3300 1180 3317 1233 Ι
3337 1223 3352 1247 ,
3382 1198 3469 1236 se-

1892 1278 1996 1332 mel
2046 1280 2355 1345 iterumque
2393 1276 2532 1345 typis
2575 1289 2783 1329 excuso
2817 1272 3114 1343 llamburgi
3149 1289 3280 1327 ann.
3310 1273 3473 1326 1715-

1894 1368 2055 1434 1722,
2089 1380 2406 1437 quanquam
2434 1365 2700 1419 memoria
2730 1366 2914 1433 lapsus
2944 1364 3101 1417 aliter
3124 1365 3322 1419 alicubi
3354 1364 3467 1434 (48)

1890 1465 2102 1513 asserat
2129 1475 2143 1511 :
2169 1456 2316 1525 quod
2352 1456 2540 1525 utique
2565 1495 2578 1517 ,
2622 1464 2681 1507 ut
2704 1464 2897 1509 caetera
2928 1456 3249 1509 omittamus
3274 1496 3289 1520 ,
3319 1470 3443 1509 com

1887 1559 2100 1621 pertum
2132 1549 2243 1613 ﬁet,
2277 1548 2529 1603 secundae
2554 1547 2844 1601 Grahianze
2873 1555 3058 1600 notam
3096 1562 3149 1615 p.
3190 1547 3297 1600 224
3334 1561 3463 1605 cum

1888 1641 2127 1697 secunda
2170 1642 2299 1694 item
2358 1637 2686 1694 Fabriciana
2749 1654 2802 1708 p.
2849 1638 2954 1692 687
2990 1639 3315 1693 οοηΐσετοιιιί.
3360 1637 3441 1692 No

193 1750 330 1789 cum
367 1746 518 1790 textu
554 1736 745 1791 Graaco
787 1737 852 1790 ad
885 1736 1024 1790 duos
1059 1736 1278 1791 codices
1308 1743 1523 1799 exacto,
1548 1736 1779 1788 alterum
1819 1776 1858 1830 Β
1886 1750 2017 1789 vero
2056 1734 2415 1804 posteriorem
2464 1732 2855 1798 Oxoniensem,
2904 1736 2978 1789 uti
3029 1751 3125 1803 par
3153 1743 3308 1799 erat,
3332 1734 3453 1789 sele

195 1826 517 1881 Academia:
550 1827 1024 1897 Cantabrigiensis
1050 1868 1064 1891 ,
1097 1827 1441 1881 bibliotheca:
1473 1826 1784 1880 Bodleiana:
1819 1824 1854 1830 '
1891 1827 2069 1897 gimus
2098 1846 2110 1880 :
2141 1827 2368 1881 editoris
2388 1827 2770 1881 adnotationes
2792 1843 2912 1895 qua:
2936 1827 3104 1880 textui
3128 1824 3466 1883 cmendandé

195 1921 459 1987 alterum,
485 1920 685 1990 publici
709 1919 851 1990 juris
877 1919 1216 1973 fecitOxonii
1244 1919 1448 1973 1698in
1470 1917 1782 1973 voluminel

195 2007 481 2079 Spicilegii
509 2008 610 2064 SS.
646 2009 894 2063 Patrum.
922 2009 1128 2064 Exinde
1148 2025 1278 2063 vero
1304 2010 1597 2064 editionem
1626 2024 1781 2064 suam

194 2116 496 2156 recensens
521 2102 664 2155 idem
683 2102 765 2157 vir
781 2098 1052 2167 eruditus,
1076 2110 1283 2155 textum
1305 2100 1553 2156 Graacum
1584 2102 1780 2155 iterum

194 2194 441 2247 contulit
466 2209 595 2249 cum
638 2193 859 2249 duobus
899 2210 1033 2249 mss.
1069 2193 1284 2264 collegii
1318 2192 1607 2248 Trinitatis
1633 2192 1778 2247 Can-

1894 1919 2237 1984 inserviunt,
2284 1920 2615 1974 retiuuimus
2644 1940 2655 1971 :
2689 1920 2827 1973 alias
2873 1920 3149 1989 longiores
3188 1919 3439 1972 contraxi

1894 2028 2037 2077 mus,
2072 2013 2261 2081 paucis
2308 2013 2525 2066 interim
2562 2015 2762 2068 additis
2789 2028 2910 2082 qum
2954 2012 3193 2066 auctoris
3230 2021 3451 2068 mentem

1896 2105 1949 2157 in
1983 2105 2175 2174 primis
2205 2106 2525 2175 respiciunt.

194 2363 3441 2394 Μ

1118 2529 1345 2696 ΑΙ
1442 2525 2551 2701 ΔΙΑΘΗΚΑΙ
2762 2750 2767 2755 θ

464 2796 999 3003 ΤΩΝ
1094 2800 1369 2997 IB'
1491 2792 3199 3000 ΠΑΤΡΙΑΡΧΩΝ

1525 3090 1660 3142 ΤΩΝ
1701 3090 1863 3144 ΥΙΩΝ
1902 3089 2113 3143 ΙΑΚΩΒ

1095 3257 1385 3343 ΠΡΟΣ
1447 3255 1735 3341 ΤΟΥΣ
1792 3254 2128 3340 ΥΙΟΥΣ
2189 3250 2592 3341 ΑΥΤΩΝ.

1181 3580 2205 3739 TESTAMEN
2216 3584 2469 3738 TA

677 3869 1489 4001 DUODECIM
1604 3873 2982 4007 PATRIARCHARUM

1544 4108 1877 4166 FILIORUM
1918 4110 2133 4167 JACOB

1212 4280 1391 4371 AD
1480 4281 1985 4375 FILIOS
2087 4284 2446 4379 SUOS

800 4477 1311 4541 INTERPRETE
1364 4476 1753 4538 BOBERTO
1814 4477 2367 4541 LINCOLNIENSI
2429 4477 2839 4544 EPISCOPO.

1207 4643 1502 4709 (Gutum,
1547 4642 1660 4696 νει.
1702 4643 1853 4697 Patr.
1885 4643 2168 4710 Biblioth.,
2201 4643 2244 4713 ι,
2270 4644 2419 4717 195.)

721 4801 1115 4857 ΚΕΦΑΛΑΙΟΝ
1156 4800 1234 4853 Α’.

460 4893 714 4962 Διαθήκη
747 4893 1005 4963 Ῥουϐὴμ
1043 4894 1175 4961 περὶ
1215 4893 1485 4948 ἐννοιῶν.

258 5010 340 5066 A'.
391 5008 740 5079 Ἀντίγραςρον
770 5007 1031 5077 διαθήκης
1062 5006 1318 5076 Ῥουϐὴμ,
1354 5007 1452 5058 ὅσα
1472 5004 1770 5058 ἐνετείλατο

183 5106 302 5166 τοῖς
324 5104 458 5165 υἱοῖς
486 5099 673 5162 αὐτοῦ,
699 5100 828 5169 πρὶν
858 5099 1146 5151 ἀποθανεῖν
1180 5098 1363 5161 αὑτὸν,
1392 5101 1450 5150 ὲν
1490 5095 1766 5165 ἑκατοστῷ

186 5193 418 5264 εἰκοστῷ
446 5193 680 5263 πέμπτῳ
704 5191 813 5243 ἔτει
844 5192 941 5261 τῆς
968 5191 1111 5261 ζωῆς
1150 5189 1331 5243 αὐτοῦ.
1369 5190 1523 5243 Μετὰ
1552 5188 1645 5259 ἔτη
1674 5188 1770 5241 δύο

183 5290 290 5359 τῆς
318 5286 570 5356 τελευτῆς
604 5284 823 5355 Ἰωσὴφ,
855 5283 1227 5355 ἀῤῥωστοῦντι
1261 5281 1603 5353 συνήχθησαν
1642 5283 1767 5333 ἐπι-

187 5378 493 5448 σκέψασθαι
518 5377 677 5431 αὑτὸν
697 5379 746 5429 οἱ
761 5376 865 5428 υἱοὶ
882 5378 973 5429 καὶ
986 5376 1090 5428 υἱοὶ
1104 5374 1212 5427 τῶν
1227 5373 1357 5426 υἱῶν
1374 5375 1559 5428 αὑτοῦ.
1577 5376 1687 5427 Καὶ
1700 5368 1773 5426 εἷ-

186 5487 293 5526 πεν
314 5469 515 5531 αὐτοῖς·
540 5488 557 5519 ι
583 5468 780 5520 Τεκνία
799 5484 919 5537 μου,
938 5465 1047 5533 ἐγὼ
1062 5465 1409 5535 ἀποθνήσκω,
1430 5465 1522 5517 καὶ
1537 5465 1769 5535 πορεύο-

265 5623 376 5694 (48)
407 5621 623 5677 Fabric.
654 5620 787 5676 Cod.
832 5620 1016 5691 pseud.
1055 5618 1115 5673 V.
1154 5617 1383 5673 Testam.
1422 5626 1556 5672 tom.
1598 5618 1679 5682 Il,
1704 5632 1759 5685 p.

266 5734 379 5833 ζιιθ)
411 5762 477 5818 1η
515 5772 704 5819 mente.
744 5759 808 5817 In
854 5772 1019 5816 mente
1064 5762 1254 5831 spiritu
1292 5760 1635 5831 prtegnostt'co
1674 5757 1763 5816 di-

2492 4780 2728 4836 CAPUT
2767 4782 2807 4839 Ι.

1975 4871 2364 4926 Testamentum
2390 4872 2592 4939 Ruben,
2625 4874 2690 4945 de
2718 4876 2785 4928 iis
2814 4892 2931 4945 quae
2956 4878 3245 4939 moriturus
3286 4881 3340 4933 in

2401 4952 2570 4996 mente
2590 4944 2698 5015 (49)
2718 4944 2919 4999 habuit.

1947 5030 1988 5084 l.
2032 5031 2445 5102 Trauscriptum
2486 5034 2797 5087 testamenti
2844 5033 3057 5099 Ruben,
3105 5051 3449 5107 quarcunque

1878 5123 2155 5178 mandavit
2180 5122 2305 5178 ﬁliis
2351 5124 2486 5189 suis,
2531 5125 2849 5194 priusquam
2886 5137 3226 5195 moreretur,
3259 5130 3312 5182 in
3343 5130 3447 5185 125

1874 5230 2020 5269 anno
2034 5216 2157 5270 vita:
2185 5216 2375 5285 ipsius.
2392 5214 2709 5271 Postannos
2733 5218 2871 5271 duos
2894 5220 3089 5274 mortis
3116 5219 3316 5291 Joscph
3337 5264 3352 5288 ,
3377 5225 3445 5277 ad

1872 5314 2223 5375 aegrotantem
2259 5308 2567 5377 congregati
2590 5317 2740 5375 sunt,
2774 5318 2831 5363 ut
2867 5311 3149 5365 visitareut
3175 5329 3321 5381 cum,
3348 5316 3444 5368 lilii

1871 5407 1923 5452 et
1954 5398 2046 5452 ﬁlii
2071 5397 2305 5451 ﬁliorum
2340 5397 2477 5465 ejus.
2513 5395 2579 5450 Et
2601 5397 2739 5452 dixit
2770 5399 2886 5454 eis:
2934 5420 2950 5450 ι
2974 5400 3151 5455 Filioli
3185 5404 3312 5468 mei,
3343 5419 3445 5472 ego

1872 5491 2102 5556 morior,
2135 5497 2188 5543 et
2211 5488 2348 5541 vado
2380 5488 2520 5542 viam
2548 5497 2765 5557 patrum
2803 5506 3070 5544 meorum.
3106 5510 3125 5543 ι
3166 5491 3231 5546 Et
3256 5494 3446 5550 videns

1871 5635 2091 5753 Emme,
2136 5625 2299 5682 habet
2353 5622 2625 5681 Robertus
2673 5628 2962 5696 cpiscopus
3017 5626 3442 5690 Lincolniensis.

1918 5712 2039 5751 nas.

1918 5712 2039 5751 ΚΑΒ.
