3830 6216
212 382 353 438 10M

1425 380 1950 448 TESTAMENTUM
2005 389 2257 448 RUBEN.

3341 391 3487 447 1642

204 504 351 565 ἐστὶ,
393 504 510 575 μεθ’
543 494 606 559 οὗ
626 507 851 581 ἐκτίσθη
882 509 997 583 (64)
1024 511 1281 578 ἔκστασις
1324 512 1559 584 φύσεως,
1597 518 1690 570 καὶ
1723 520 1770 571 εί

1902 536 2028 576 cum
2061 536 2172 592 quo
2194 529 2378 575 creata
2410 530 2494 577 cSt
2519 522 2756 580 cxstasis
2784 531 3016 588 naturae,
3045 529 3100 578 et
3130 522 3308 593 imago
3338 534 3488 572 mur—

207 594 325 647 κὼν
356 597 451 649 τοῦ
478 598 727 653 θανάτου.
764 602 986 667 Τούτοις
1022 607 1133 669 τοῖς
1178 607 1447 677 πνεύμασι
1496 609 1799 680 συμμίγνυ-

205 707 298 742 ται
328 688 391 743 τὸ
415 692 630 763 πνεῦμα
665 694 779 766 (65)
811 697 910 767 τῆς
940 698 1164 770 πλάνης.
1198 699 1422 771 Πρῶτον
1454 700 1515 754 τὸ
1538 701 1636 772 τῆς
1664 720 1797 773 πορ-

204 784 355 847 νείας
380 784 438 837 ἐν
471 787 538 857 τῇ
575 786 733 856 φύσει
769 789 864 841 καὶ
886 794 1007 855 ταῖς
1041 793 1357 864 αἰσθήσεσιν
1384 792 1645 861 ἔγκειται.
1677 795 1801 848 Δεύ-

202 891 366 947 τερον
400 878 617 949 πνεῦμα
642 878 946 951 ἀπληστίας
976 883 1033 935 ὲν
1058 885 1124 954 τῇ
1154 884 1371 956 γαστρί.
1407 883 1602 955 Τρίτον
1630 884 1796 937 πνεύ-

210 984 291 1040 μα
329 970 509 1040 μάχης
557 972 614 1023 ὲν
651 972 729 1043 τῷ
752 973 924 1043 ἥπατι
950 975 1043 1027 καὶ
1066 977 1135 1046 τῇ
1162 974 1313 1047 χολῇ.
1339 975 1613 1046 Τέταρτον
1638 976 1800 1030 πνεῦ-

208 1079 288 1132 μα
344 1062 636 1133 ἀρεσκείας
683 1066 779 1118 καὶ
833 1067 1189 1137 μαγγανείας,
1230 1067 1317 1121 ἵνα
1351 1066 1439 1121 διὰ
1479 1068 1799 1139 περιεργίας

200 1154 408 1225 ὡραῖος
436 1155 598 1228 ὀφθῇ.
630 1157 891 1229 Πέμπτον
926 1159 1143 1231 πνεῦμα
1171 1160 1568 1231 ὑπερηφανίας,
1595 1159 1682 1214 ἵνα
1716 1178 1799 1213 κι-

199 1247 363 1319 νῆται
408 1247 543 1317 (66),
590 1250 682 1303 κα).
731 1251 1132 1323 μεγαλοφρονῇ.
1169 1253 1365 1307 Ἕκτον
1407 1252 1624 1324 πνεῦμα
1674 1253 1801 1323 ψεύ-

192 1335 346 1402 δους,
373 1337 430 1392 ὲν
450 1339 695 1412 ἀπωλείᾳ
729 1320 822 1395 καὶ
858 1320 1005 1427 Cm)
1026 1320 1122 1395 τού
1158 1342 1410 1396 πλάττειν
1458 1320 1667 1412 λόγους,
1690 1320 1799 1397 ’καὶ
1816 1320 1873 1391 V‘

199 1430 469 1501 κρύπτειν
494 1431 685 1500 λόγους
708 1432 873 1487 αὐτοῦ
899 1435 1007 1489 ἀπὸ
1029 1434 1220 1504 γένους
1236 1435 1329 1488 καὶ
1344 1434 1580 1489 οἰκείων.
1607 1436 1798 1490 Ἕϐδο-

202 1536 309 1588 μον
343 1518 561 1591 πνεῦμα
590 1521 825 1587 ἀδικίας,
853 1522 970 1594 μεθ’
1002 1519 1071 1596 ἦς
1100 1524 1276 1596 κλοπὴ
1300 1524 1391 1577 καὶ
1415 1526 1795 1597 γρυπίσματα,

197 1610 295 1663 ἵνα
328 1613 533 1686 ποιήσῃ
560 1613 868 1687 φιληδονίαν
892 1616 1123 1686 καρδίας
1156 1615 1345 1669 αὐτοῦ.
1394 1616 1457 1669 Ἦ
1480 1614 1589 1688 γὰρ
1614 1616 1798 1672 ἀδικία

199 1707 459 1775 συνεργεί
498 1709 612 1769 τοῖς
656 1706 861 1771 λοιποῖς
900 1709 1174 1780 πνεύμασι
1210 1707 1298 1761 διά
1334 1708 1432 1779 τῆς
1456 1707 1795 1778 δολοληψίας.

214 1791 342 1847 Ἐπὶ
372 1796 505 1848 πᾶσι
550 1795 762 1860 τούτοις
798 1796 860 1849 τὸ
902 1794 1119 1869 πνεῦμα
1168 1797 1263 1850 τοῦ
1296 1795 1489 1860 ὕπνου,
1524 1795 1585 1849 τὸ
1609 1796 1795 1865 ὄγδοον

197 1884 445 1956 πνεῦμα,
494 1889 824 1942 συνάπτεται
868 1888 1043 1961 πλάνῃ
1094 1888 1207 1959 (67)
1242 1889 1335 1942 καὶ
1358 1888 1648 1960 φαντασίᾳ.
1686 1890 1798 1942 Καὶ
1828 1894 1871 1948 Β

193 1976 376 2043 οὕτως
423 1979 717 2034 ἀπόλλυται
757 1983 865 2043 πᾶς
899 1980 1184 2053 νεώτερος,
1230 1976 1494 2043 σκοτίζων
1532 1977 1626 2033 τδν
1672 1977 1798 2033 νοῦν

194 2072 313 2125 ἀπὸ
348 2074 450 2144 τῆς
486 2073 765 2145 ἀληθείας,
818 2074 913 2127 καὶ
949 2073 1023 2145 μὴ
1072 2072 1268 2126 συνιὼν
1302 2074 1361 2126 ὲν
1398 2071 1477 2143 τῷ
1518 2072 1668 2144 νόμῳ
1701 2072 1796 2125 τοῦ

187 2162 359 2227 Θεοῦ,
381 2165 827 2236 μήτεύπακούων
841 2165 1125 2228 νουθεσίας
1142 2164 1393 2236 πατέρων
1408 2162 1595 2229 αὐτοῦ,
1608 2162 1798 2235 ὥσπερ

191 2255 361 2324 κάγὼ
394 2255 594 2309 ἔπαθον
619 2256 676 2310 ὲν
700 2254 779 2328 τῷ
803 2255 1159 2328 νεωτερισμῷ
1190 2272 1313 2326 μου.
1329 2254 1442 2307 Καὶ
1464 2253 1581 2317 νῦν,
1608 2254 1793 2320 τέκνα,

185 2346 301 2416 τὴν
333 2347 592 2418 ἀλήθειαν
616 2348 965 2418 ἀγαπήσατε,
1002 2348 1100 2401 καὶ
1134 2345 1273 2416 αὕτη
1300 2344 1593 2415 φυλάξεται
1627 2345 1792 2416 ὑμᾶς.

188 2439 448 2491 Διδάσκω
485 2438 661 2509 ὑμᾶς,
686 2437 958 2492 ἀκούσατε
985 2436 1229 2508 Ῥουϐὴμ
1252 2436 1346 2491 τοῦ
1380 2436 1584 2508 πατρὸς
1618 2436 1791 2508 ὑμῶν.

185 2529 292 2601 Μὴ
327 2527 623 2600 προσέχετε
662 2531 719 2584 ὲν
755 2530 875 2600 ὄψει
906 2528 1166 2599 γυναικὸς
1206 2527 1355 2599 (68),
1386 2528 1520 2599 μηδὲ
1565 2527 1794 2593 ίδιάζετε

189 2620 343 2690 μετά
366 2620 587 2693 θηλείας
623 2622 917 2694 ὺπάνδρου,
956 2622 1088 2694 μηδὲ
1116 2618 1548 2691 περιεργάζεσθε
1595 2620 1794 2693 πρᾶξιν

183 2711 493 2781 γυναικῶν.
523 2713 587 2766 Ei
615 2712 689 2784 μὴ
715 2700 823 2785 γὰρ
858 2709 997 2767 εἶδον
1030 2712 1143 2782 ἐγὼ
1166 2712 1378 2767 Βάλλαν
1412 2708 1717 2784 λουομένην
1734 2713 1793 2767 ὲν

188 2804 457 2876 σκεπηνῷ
482 2804 652 2875 τόπῳ,
681 2805 780 2858 οὐκ
800 2805 1087 2858 ἐνέπιπτον
1108 2806 1188 2868 εἰς
1205 2804 1304 2875 τὴν
1327 2800 1559 2874 ἀνομίαν
1578 2803 1677 2875 τὴν
1700 2821 1795 2876 με-

184 2890 393 2962 γάλην.
422 2892 767 2948 Συλλαϐοὖσα
784 2893 945 2967 γάρὴ
969 2894 1178 2949 διάνοιά
1214 2909 1316 2964 μου
1345 2892 1446 2963 τὴν
1472 2894 1792 2961 γυναικείαν

182 2981 498 3053 γύμνωσιν,
534 2985 635 3038 οὐκ
661 2985 813 3038 εἴασέ
853 3003 918 3056 με
956 2984 1225 3051 ύπνῶσαι,
1262 2983 1366 3046 ἕως
1402 2976 1464 3037 οὗ
1498 2983 1710 3056 ἔπραξα
1731 2985 1794 3039 τὸ

186 3073 497 3146 βδέλυγμα.
550 3077 805 3142 Ἀπόντος
844 3076 954 3148 γὰρ
1001 3075 1196 3130 Ἰακὼϐ
1242 3074 1338 3130 τοῦ
1379 3074 1592 3150 πατρὸς
1634 3074 1791 3147 ἡμῶν

183 3164 339 3237 πρὸς
373 3166 557 3221 Ἰσαὰκ
588 3168 681 3221 τὸν
708 3170 920 3241 πατέρα
947 3167 1134 3234 αὐτοῦ,
1157 3168 1328 3224 ὄντων
1349 3169 1505 3242 ἡμῶν
1521 3170 1578 3222 ὲν
1593 3166 1786 3237 Γαδὲρ,

180 3258 425 3330 πλησίον
461 3260 709 3332 Ἐφραθά
744 3260 855 3333 (69)
889 3256 1037 3315 οἷκον
1070 3261 1319 3333 Βηθλεὲμ
1352 3263 1488 3333 (70),
1519 3261 1699 3315 Βάλλα
1719 3254 1787 3335 ἦν
1816 3246 1858 3304 C

188 3350 475 3422 μεθύουσα
507 3354 600 3405 καὶ
626 3353 967 3424 κοιμωμένη,
1006 3354 1100 3406 καὶ
1137 3354 1468 3417 ἀκαλύπτως
1501 3353 1789 3406 κατέκειτο

180 3445 255 3493 ὲν
278 3440 357 3512 τῷ
381 3441 617 3496 κοιτῶνν
652 3442 829 3511 κάγὼ,
866 3442 1144 3507 εἰσελθὼν,
1172 3444 1272 3497 καὶ
1300 3443 1423 3497 ἰδὼν
1444 3444 1546 3515 τὴν
1564 3442 1786 3515 γύμνω-

184 3550 284 3586 σιν
309 3533 500 3605 αὺτῆς,
528 3534 740 3606 ἔπραξα
770 3535 868 3605 τὴν
904 3535 1181 3601 ἀσέϐειαν,
1219 3537 1312 3589 καὶ
1344 3533 1655 3588 καταλιπὼν
1689 3533 1787 3586 αύ-

176 3623 295 3695 τὴν
336 3624 706 3697 κοιμωμένην,
751 3624 991 3697 ἐξῆλθον.
1026 3628 1136 3679 Καὶ
1176 3626 1378 3691 εὐθέως
1415 3626 1643 3696 ἅγγελος
1689 3625 1785 3679 τοῦ

182 3714 335 3769 Θεοῦ
366 3715 687 3787 ἀπεκάλυψε
712 3717 790 3788 τῷ
813 3718 983 3787 πατρί
1018 3735 1119 3788 μου
1160 3718 1354 3771 Ἰακὼϐ
1380 3718 1509 3789 περ)⁹
1534 3719 1635 3790 τῆς
1659 3720 1787 3771 ἀσε-

180 3805 352 3869 ϐείας
376 3822 497 3877 μουτ
528 3808 623 3860 καὶ
655 3806 825 3861 ἐλθὼν
845 3807 1060 3863 ἐπένθει
1082 3808 1169 3861 ἐπ’
1197 3808 1318 3879 ἐμὲ,
1351 3809 1546 3880 μηκέτι
1569 3808 1786 3879 ἁψάμε-

186 3915 289 3961 νος
310 3899 502 3970 αὐτῆς.

264 4011 341 4064 Δ’.
373 4029 393 4062 ι
416 4012 509 4083 Μὴ
530 4006 626 4066 οὖν
659 4013 955 4085 προσέχετε
980 4014 1175 4078 κάλλος
1198 4014 1494 4083 γυναικῶν,
1535 4014 1672 4086 μηδὲ
1708 4013 1787 4065 έν-

178 4105 402 4161 νοεῖσθε
436 4104 534 4169 τὰς
570 4105 798 4178 πράξεις
820 4105 1016 4161 αὐτῶν·
1047 4107 1183 4162 ἀλλά
1217 4107 1511 4179 πορεύεσθε
1542 4109 1602 4160 ὲν
1628 4105 1787 4160 ἁπλό-

178 4216 317 4270 τ-ητι
351 4197 611 4270 καρδίας,
656 4200 713 4253 ὲν
748 4199 899 4271 φόϐῳ
941 4200 1145 4271 Κυρίου
1172 4240 1186 4264 ,
1222 4200 1317 4254 καὶ
1372 4198 1696 4271 μοχθοῦντες
1728 4201 1785 4252 ὲν

180 4293 400 4363 ἔργοις,
437 4289 531 4344 καὶ
554 4289 1009 4361 ἀποπλανώμενοι
1043 4291 1101 4343 ὲν
1133 4291 1445 4362 γράμμασι,
1472 4290 1566 4344 καὶ
1590 4291 1647 4343 ἐν
1672 4291 1785 4353 τοῖς

181 4382 469 4452 ποιμνίοις
493 4379 667 4452 ὑμῶν,
693 4381 799 4445 ἓως
824 4383 852 4434 ὁ
878 4381 1083 4453 Κύριος
1117 4381 1229 4455 δώῃ
1270 4383 1399 4453 ὑμῖν
1427 4380 1681 4450 σύζυγον,
1717 4382 1784 4454 ἢν

178 4471 359 4536 αὐτὸς
387 4472 550 4537 θέλει,
586 4472 672 4527 ἵνα
709 4473 782 4545 μὴ
811 4472 1043 4543 πάθητε,
1077 4474 1155 4536 ὡς
1177 4471 1351 4542 κάγώ.
1384 4473 1677 4545 Ἀχρι(72)
1696 4490 1785 4526 τε-

175 4563 389 4632 λευτῆς
419 4563 514 4616 τοῦ
537 4565 745 4635 πατρὸς
781 4565 814 4634 ἡ
824 4562 939 4635 μῶν
964 4564 1065 4616 οὐκ
1091 4560 1235 4634 εἶχον
1262 4564 1576 4636 παρρησίαν
1602 4564 1781 4617 ἀτενί-
1811 4591 1855 4646 D

180 4673 284 4709 σαι
307 4656 389 4718 είς
405 4655 696 4725 πρόσωπον
732 4654 942 4719 Ἰακὼϐ,
961 4654 994 4726 ἢ
1012 4654 1241 4726 λαλῆσαί
1256 4671 1361 4709 τινι
1383 4654 1491 4707 τῶν
1512 4654 1777 4726 ἀδελφῶν,

174 4744 279 4799 διὰ
300 4746 429 4809 τοὺς
450 4744 804 4814 ὀνειδισμούς.
855 4744 967 4797 Καὶ
1000 4743 1106 4808 ἕως
1140 4743 1234 4798 νῦν
1261 4746 1295 4816 ἡ
1338 4745 1641 4817 συνείδησις
1678 4762 1778 4817 μου

179 4837 415 4909 συνέχει
434 4856 500 4909 με
525 4840 654 4910 περὶ
673 4838 774 4910 τῆς
789 4840 1065 4910 ἁμαρτίας
1084 4857 1204 4909 μου.
1231 4841 1408 4909 Καίγε
1434 4842 1780 4913 παρεκάλεσέ

179 4946 263 5001 με
285 4930 316 4981 ὁ
340 4931 525 5001 πατήρ
562 4947 685 5001 μου,
710 4930 790 4983 ὅτι
831 4929 1033 5002 ηῠξατο
1055 4932 1184 5003 περὶ
1213 4931 1347 5003 ἐμοῦ
1376 4932 1511 5005 πρὸς
1542 4933 1633 4986 τὸν
1662 4935 1777 4988 Κύ-

422 5086 713 5160 Ὲ-κτίσαη.
762 5087 1099 5160 Ἑσκοτίσθη.
1133 5091 1212 5143 lo.

418 5156 492 5229 HTd
522 5157 865 5229 πγεῦμωΊὰ
892 5156 1179 5229 πνεύματα
1212 5160 1426 5215 melius.
1458 5163 1535 5215 ID.

193 5275 197 5278 ,
412 5228 541 5299 Ἵνα
569 5226 821 5295 κινῆται.
858 5226 1164 5299 Καυχᾶται.
1197 5233 1273 5285 lo.

414 5298 723 5372 ﬂxdm."0
754 5302 871 5353 ἐστι
900 5297 1098 5372 πλάνη.
1135 5300 1206 5372 lo.

425 5368 518 5441 Ἑν
544 5368 679 5441 ὄψει
713 5372 1011 5441 γυναικός.
1036 5368 1128 5435 Εἰς
1149 5371 1270 5441 ὄψιν
1302 5373 1631 5440 γυναικείαν.
1659 5373 1736 5429 lo.

288 5437 380 5524 69)
701 5437 856 5524 "Haec
883 5458 947 5494 ex
976 5440 1112 5524 Gen.
1148 5437 1430 5524 Χξκνζὲί,
1457 5460 1615 5524 seqq.
1648 5461 1779 5524 nar-

172 5518 431 5581 rantur:
478 5509 721 5580 Ἐφραθά
747 5519 927 5565 autem
952 5515 1154 5566 mentio
1179 5513 1235 5565 lit
1264 5509 1593 5581 prmeedenti
1614 5531 1663 5566 v.
1688 5515 1777 5579 l9,

173 5581 280 5635 ubi
310 5576 782 5636 llebraaus’textus
808 5583 872 5635 de
904 5598 968 5636 ea
1000 5583 1075 5636 ait
1105 5601 1117 5635 :
1149 5576 1389 5643 animi:
1413 5582 1674 5642 anIazc
1701 5576 1777 5639 est

170 5649 513 5724 Betltlehem.
548 5649 976 5724 Silniliter_LXX
1004 5670 1018 5705 ε
1051 5652 1198 5723 Αὕτη
1227 5653 1343 5724 ἐστὶ
1374 5654 1637 5724 Βηθλεέμ.
1673 5654 1778 5709 Sed

166 5731 240 5778 et
273 5718 583 5793 Demetrius
619 5723 779 5793 apud?
802 5720 1005 5793 Euseb.
1035 5724 1126 5775 lib.
1160 5718 1211 5775 tit
1244 5718 1543 5793 Prwpa'rat.
1568 5718 1775 5793 évang.,

172 5788 442 5864 cap.__21,
462 5788 853 5864 consentit_his
879 5794 1069 5864 verbis
1096 5812 1107 5845 :
1136 5792 1330 5845 Ἔνθεν
1365 5788 1774 5864 παραγενέσθαι

170 5858 269 5926 είς
314 5860 577 5930 Ἑφραθά,
614 5861 679 5932 ἢν
707 5858 844 5916 εἶναι
874 5863 1139 5936 Βηθλεέμ.
1172 5864 1409 5936 indeque
1451 5858 1565 5935 ipse
1606 5864 1776 5921 Euse-

260 5230 284 5508 ξ

1902 613 1995 668 tis.
2021 612 2118 669 His
2142 613 2425 683 spiritibus
2446 616 2837 672 eommiscetur
2865 616 3092 687 spiritus
3114 617 3343 671 erroris.
3367 610 3486 665 Pri-

1902 720 2030 760 mus
2056 704 2438 760 fornicationis
2461 706 2514 760 in
2554 714 2748 762 natura
2780 714 2834 762 et
2865 707 3117 764 sensibus
3138 707 3357 761 insidet.
3380 702 3483 761 Se.-

1902 796 2118 852 cundus
2167 797 2393 865 spiritus
2442 796 2871 851 insatiabilitatis
2918 798 2970 851 in
3002 804 3209 852 ventre.
3261 795 3479 851 Tertius

1902 889 2129 959 spiritus
2158 904 2354 960 pugnae
2394 890 2449 943 in
2491 890 2688 958 ltepate
2730 899 2785 943 et
2823 888 2949 943 bile.
2983 886 3225 954 Quartus
3254 886 3479 956 spiritus

1904 983 2191 1053 placentiae
2216 992 2269 1036 et
2302 982 2641 1051 imposturae,
2668 992 2728 1035 ut
2745 996 2838 1050 per
2857 979 3287 1050 superfluitatem
3316 979 3480 1033 deco-

1900 1089 1998 1129 rus
2028 1083 2310 1144 appareat.
2337 1072 2576 1139 Quintus
2608 1072 2837 1141 spiritus
2862 1072 3153 1141 superbiae,
3183 1082 3244 1125 ut
3270 1084 3483 1125 movea-

1899 1174 2013 1229 tur,
2043 1176 2099 1220 et
2125 1182 2324 1236 magna
2358 1167 2554 1235 sapiat.
2602 1164 2801 1220 Sextus
2844 1165 3072 1234 spiritus
3100 1163 3392 1228 mendacii,
3422 1163 3477 1216 in

1900 1260 2207 1329 perditione
2234 1267 2290 1313 et
2321 1259 2437 1312 zelo
2466 1258 2705 1326 ﬁngendi
2729 1273 3035 1319 sermones,
3062 1270 3265 1325 eosque
3296 1256 3479 1310 celan-

1900 1355 1954 1410 di
1995 1369 2023 1407 a
2052 1367 2249 1423 genere
2268 1360 2323 1405 et
2352 1351 2733 1406 familiaribus.
2767 1348 3048 1419 Septimus
3076 1348 3300 1418 spiritus
3332 1347 3477 1417 inju-

1901 1449 2083 1513 stitiae,
2111 1462 2236 1501 cum
2263 1462 2372 1516 qua
2398 1447 2535 1500 fiunt
2567 1446 2775 1501 furtum
2808 1454 2862 1499 et
2892 1444 3271 1506 distortioncs,
3304 1452 3364 1497 ut
3394 1445 3477 1503 fa-

1900 1541 2010 1596 ciat
2040 1538 2536 1607 concupiscentiam
2566 1537 2862 1607 voluptatis
2885 1537 3066 1592 cordis
3093 1538 3200 1591 sui.
3253 1536 3478 1605 lnjusti--

1900 1635 1976 1689 tia
2002 1632 2151 1687 enim
2181 1640 2508 1700 cooperatur
2536 1630 2762 1699 reliquis
2785 1629 3073 1693 spiritibus
3114 1645 3211 1699 per
3241 1630 3353 1683 doli
3385 1646 3476 1685 as-

1899 1723 2288 1794 sumptionem.
2318 1724 2377 1774 ln
2395 1721 2651 1776 omnibus
2672 1719 2759 1776 bis
2779 1721 3003 1791 spiritus
3021 1721 3222 1784 somni,
3252 1729 3480 1776 octavus

1900 1814 2146 1886 spiritus,
2187 1812 2473 1882 copulatur
2508 1826 2694 1866 errore
2721 1821 2773 1867 et
2790 1812 3103 1882 phantasia.
3134 1811 3201 1866 Et
3235 1812 3311 1866 ita
3338 1813 3480 1882 perit

1899 1910 2082 1966 omnis
2105 1908 2315 1978 iunior,
2348 1905 2716 1961 obtenebrans
2760 1915 2998 1962 mentem
3042 1923 3070 1961 a
3115 1907 3381 1973 veritate,
3425 1917 3479 1962 et

1899 2017 2009 2057 non
2034 2000 2343 2070 intelligens
2372 1998 2544 2068 legem
2578 1997 2698 2063 Dei,
2722 2011 2904 2068 neque
2929 1997 3192 2053 obediens
3214 1997 3480 2054 doctrinae

1900 2103 2116 2165 patrum
2149 2107 2402 2159 suorum,
2432 2090 2895 2162 quemadmodum
2922 2100 2976 2145 et
3002 2106 3102 2160 ego
3131 2106 3328 2163 passus
3353 2108 3477 2147 sum

1900 2185 1954 2240 in
1986 2185 2273 2256 iuventute
2299 2198 2441 2238 mea.
2475 2181 2541 2238 Et
2568 2197 2734 2246 nunc,
2765 2182 2859 2236 lilii
2885 2222 2902 2250 ,
2932 2184 3216 2240 veritatem
3246 2184 3475 2256 diligite,

1898 2285 1952 2330 et
1980 2278 2098 2347 ipsa
2127 2273 2400 2331 custodiet
2420 2288 2539 2328 vos.
2569 2272 2748 2327 Doceo
2776 2288 2897 2339 vos,
2932 2273 3118 2328 audite
3160 2272 3350 2328 Ruben
3383 2289 3480 2345 pa-

1898 2378 2037 2425 trem
2073 2378 2338 2424 vestrum.
2373 2365 2453 2423 Ne
2485 2367 2780 2423 attendatis
2827 2366 3028 2422 visioni
3059 2367 3343 2433 mulieris,
3383 2384 3479 2423 ne-

1896 2476 2004 2532 que
2041 2461 2096 2515 in
2132 2469 2343 2515 secreto
2378 2459 2497 2514 sitis
2533 2473 2658 2512 eum
2693 2456 2898 2513 femina
2934 2474 3056 2527 quas
3085 2468 3166 2513 est
3201 2459 3306 2513 sub
3334 2459 3476 2524 viro,

1896 2567 2075 2623 neque
2129 2549 2667 2607 circumscrutemini
2716 2550 3090 2620 operationem
3158 2551 3474 2605 mulierum.

1896 2646 2012 2703 Nisi
2037 2647 2183 2702 enim
2211 2646 2469 2702 vidissem
2510 2644 2719 2700 Ballam
2757 2644 3102 2698 balneantem
3130 2644 3187 2697 in
3220 2655 3478 2714 cooperto

1896 2742 2038 2807 loco,
2070 2755 2181 2795 non
2210 2738 2530 2795 incidissem
2564 2739 2621 2793 in
2652 2738 2998 2807 iniquitatem
3028 2751 3307 2807 magnam.
3340 2737 3479 2792 Con-

1895 2833 2105 2902 cipiens
2125 2831 2273 2886 enim
2299 2846 2453 2886 mens
2483 2845 2604 2884 mea
2651 2830 2971 2884 muliebrem
3010 2829 3335 2893 nuditatem,
3365 2842 3473 2882 non

1897 2924 2027 2979 sivit
2059 2934 2148 2977 me
2186 2922 2448 2988 dormire,
2474 2921 2649 2976 donec
2674 2930 2933 2991 operatus
2964 2936 3085 2976 sum
3110 2920 3480 2975 abominatio-

1894 3032 2044 3071 nem.
2072 3015 2313 3072 Absente
2335 3016 2480 3070 enim
2508 3014 2677 3069 Jacob
2720 3022 2873 3084 patre
2917 3021 3108 3069 nostro
3146 3014 3288 3082 apud
3322 3015 3475 3067 Isaac

1893 3116 2102 3177 patrem
2153 3122 2336 3173 suum,
2367 3106 2729 3162 existentibus
2776 3105 2934 3159 nobis
2971 3105 3024 3158 in
3058 3104 3258 3169 Gader,
3310 3120 3476 3175 prope

1894 3200 2136 3271 Ephrata
2158 3201 2358 3256 domus
2381 3199 2721 3264 Bethlehem,
2757 3198 2904 3253 Balla
2923 3208 3041 3253 erat
3061 3198 3235 3264 ebria,
3263 3207 3318 3253 et
3346 3199 3474 3253 dor-

1894 3298 2067 3351 miens
2091 3297 2326 3352 revelata
2343 3294 2556 3365 iacebat
2571 3293 2625 3347 in
2644 3292 2898 3347 cubiculo
2918 3311 2930 3346 :
2950 3301 3003 3346 et
3020 3308 3119 3361 ego
3137 3292 3470 3361 ingrediens,

1890 3400 1942 3445 et
1979 3389 2170 3443 videns
2213 3386 2514 3441 nuditatem
2553 3384 2758 3455 ipsius,
2800 3393 3057 3452 operatus
3115 3398 3235 3439 sum
3290 3383 3477 3453 impie-

1892 3488 2078 3543 tatem,
2120 3488 2172 3533 et
2209 3478 2593 3547 derelinquens
2635 3489 2754 3529 eam
2784 3475 3181 3537 dormientem,
3216 3490 3473 3544 egressus

1892 3588 2036 3629 sum.
2068 3570 2136 3625 Et
2160 3569 2449 3625 confestim
2489 3567 2717 3639 angelus
2754 3565 2848 3621 Dei
2884 3566 3147 3621 revelavit
3180 3568 3319 3637 patri
3350 3583 3471 3621 meo

1889 3662 2059 3718 Jacob
2088 3663 2158 3717 de
2194 3660 2476 3730 impietate
2508 3675 2655 3725 mea;
2688 3668 2742 3714 et
2782 3660 3007 3714 veniens
3044 3658 3267 3729 lugebat
3307 3673 3475 3729 super

1890 3768 1999 3819 me,
2037 3768 2145 3808 non
2180 3751 2418 3823 amplius
2447 3760 2675 3823 tangens
2705 3766 2847 3806 eam.

1958 3999 2049 4054 Ν.
2077 4017 2096 4051 ι
2116 3998 2195 4054 Ne
2218 3998 2384 4067 igitur
2401 3996 2696 4053 attendatis
2721 3995 3123 4066 pulchritudini
3151 3996 3469 4064 mulierum,

1824 4108 1827 4111 '
1889 4108 2071 4163 neque
2108 4091 2361 4163 cogitetis
2390 4092 2739 4163 operationes
2782 4105 2971 4146 earum
3004 4108 3017 4157 ;
3068 4091 3161 4146 sed
3192 4091 3471 4146 ambulate

1890 4186 1944 4241 in
1964 4185 2313 4256 simplicitate
2328 4185 2531 4251 cordis,
2562 4185 2617 4239 in
2651 4185 2847 4238 timore
2869 4183 3109 4249 Domini,
3135 4190 3188 4237 et
3215 4183 3470 4238 laborano

1888 4288 1971 4334 tes
1995 4279 2049 4333 in
2088 4279 2375 4347 operibus,
2402 4286 2456 4332 et
2484 4276 2848 4332 exercitantes
2876 4276 2989 4346 (7i)
3020 4276 3259 4347 (vosmet)
3293 4276 3348 4331 in
3379 4276 3470 4331 lit-

1888 4372 2041 4437 teris,
2067 4378 2123 4425 et
2146 4386 2199 4424 tn
2227 4369 2482 4440 gregibus
2504 4369 2724 4435 vestris,
2751 4369 2927 4424 donec
2952 4368 3221 4424 Dominus
3248 4369 3341 4424 det
3367 4384 3468 4423 vo-

1888 4462 1974 4517 bis
2000 4462 2288 4531 conjugem
2317 4475 2481 4530 quam
2509 4460 2625 4530 ipse
2638 4461 2775 4526 vult,
2795 4470 2854 4515 ut
2878 4476 2986 4515 non
3014 4462 3299 4530 patiamini
3325 4462 3467 4516 sicut

1887 4563 1943 4608 et
1969 4570 2092 4625 ego.
2115 4552 2297 4623 Usque
2325 4554 2393 4608 ad
2430 4560 2660 4607 mortem
2678 4553 2847 4621 patris
2878 4552 3052 4607 nostri
3069 4568 3176 4607 non
3195 4552 3464 4608 habebam

1884 4649 2140 4704 ﬁduciam
2171 4648 2474 4717 aspiciendi
2510 4647 2564 4701 in
2597 4645 2791 4702 faciem
2829 4645 2997 4701 Jacob
3024 4688 3040 4713 ,
3082 4646 3166 4701 vel
3208 4647 3465 4717 loquendi

1883 4742 2047 4797 alicui
2092 4740 2357 4806 fratrum,
2396 4750 2620 4810 pr0pter
2639 4738 2953 4809 opprobria.
3004 4739 3070 4793 Et
3107 4756 3282 4809 usque
3318 4756 3466 4795 nunc

1882 4832 2215 4889 conscientia
2242 4847 2363 4886 mea
2394 4832 2707 4886 cruciatme
2732 4832 2798 4885 de
2823 4840 3047 4899 peccato
3080 4846 3220 4885 meo.
3244 4829 3309 4885 Et
3334 4846 3465 4886 eon-

1884 4926 2097 4981 solatus
2123 4934 2208 4979 est
2244 4938 2333 4978 me
2358 4932 2515 4993 pater
2540 4938 2719 4990 meus,
2753 4924 3013 4993 quoniam
3046 4926 3222 4979 oravit
3256 4939 3355 4993 pro
3380 4940 3465 4977 me

1883 5093 2007 5147 bius
2032 5090 2125 5143 lib.
2153 5105 2225 5142 vn
2271 5088 2747 5159 Demonstrationis
2794 5089 3050 5158 evangel.,
3076 5104 3199 5159 pag.
3238 5089 3364 5155 547,
3396 5106 3461 5145 ex

1883 5162 2117 5231 allegato
2150 5161 2274 5231 loco
2306 5158 2585 5231 Geneseos
2629 5159 2771 5212 idem
2805 5160 2986 5214 docet.
3015 5158 3221 5214 (Santra
3269 5170 3462 5214 auctor

1886 5229 2211 5285 Tesiantenti
2250 5229 2429 5282 Ruben
2460 5231 2513 5283 in
2545 5231 2727 5284 citatis
2761 5231 2940 5285 verbis
2970 5231 3185 5285 videtur
3216 5234 3330 5285 haec
3354 5233 3461 5286 duo

1881 5302 2253 5369 distinguere,
2299 5308 2352 5354 et
2401 5299 2698 5367 Epiri-alam
2734 5300 2912 5355 facere
2950 5302 3175 5355 domum
3223 5303 3275 5354 in
3330 5303 3463 5356 urbe

1883 5372 2201 5443 Bethlehem
2239 5389 2252 5424 :
2286 5370 2394 5443 nisi
2438 5372 2581 5425 forte
2618 5372 2913 5443 aliquis_ad
2960 5373 3260 5443 marginem
3299 5371 3461 5425 inter—

1880 5441 2205 5513 pretationis
2240 5441 2410 5509 gratia
2442 5438 2757 5513 ascripserit
2788 5438 2935 5494 οἷκον
2973 5438 3171 5513 ἄρτου,
3217 5450 3272 5495 et
3314 5446 3461 5508 prior

1879 5511 1983 5567 vox
2022 5511 2146 5565 inde
2198 5512 2249 5565 in
2291 5520 2495 5565 textum
2541 5512 2849 5581 irrepserit,
2900 5511 3060 5577 quem
3109 5523 3460 5567 correcturus

1881 5594 2093 5652 postea,
2121 5581 2238 5653 sive
2269 5582 2663 5653 explanaturus
2698 5584 2744 5637 is
2775 5585 2868 5653 qui
2899 5582 3263 5637 Oxoniensem
3308 5584 3460 5637 cudi-

1881 5648 1997 5710 cem
2024 5651 2266 5719 scripsit,
2299 5648 2357 5703 ἐν
2384 5654 2504 5705 loco
2537 5648 2683 5704 οἶκον
2709 5648 2911 5721 ρυξιιίι.
2952 5656 3029 5708 In.

1952 5722 2063 5794 ('70)
2101 5723 2279 5794 ρῖκον
2311 5722 2598 5792 Βηθλεέμ.
2647 5724 2734 5775 Ἐν
2765 5725 3027 5794 Βηθλεέμ.
3057 5724 3134 5780 In.

1955 5791 2067 5863 (71)
2094 5791 2478 5848 Επενείιαηιιιδ.
2516 5791 2573 5846 In
2611 5794 2799 5849 Graeco
2835 5791 3094 5853 errantes.
3128 5799 3207 5851 In.

1952 5864 2065 5936 (7‘2)
2097 5866 2286 5932 Ἄχρι.
2319 5866 2435 5917 ’Ὁτι
2465 5865 2609 5936 ἄχρι.
2642 5874 2715 5919 In.
