3830 6216
440 353 580 407 1045

1444 348 1905 406 TESTAMENTA
1949 348 2042 402 XII
2074 347 2693 406 PATRIARCHARUM.

3538 350 3693 404 10H

434 465 503 520 ad
550 464 869 529 Dominum,
912 474 1241 523 uttranseat
1294 484 1323 523 a
1368 484 1453 523 me
1500 471 1577 523 ira
1613 469 1848 535 Domini,
1878 469 1987 523 sicu

2125 485 2255 537 ριον,
2294 469 2380 520 ἵνα
2418 468 2661 542 παρέλθῃ
2687 470 2778 521 ἀπ’
2802 469 2939 539 ἐμοῦ
2971 471 3003 539 ἡ
3028 469 3164 540 ὀργὴ
3188 468 3413 539 Κυρίου,
3440 466 3516 531 ὼς
3540 469 3693 534 ἐδειξέ

429 559 672 614 ostendit
695 560 825 613 mihi
856 560 1139 618 Dominus.
1166 563 1241 617 Ex
1267 579 1331 618 eo
1355 564 1517 632 igitur
1545 573 1786 635 tempore
1820 573 1997 619 custo-

428 654 576 708 ditus
600 669 760 719 sum,
790 662 844 707 et
874 670 981 708 non
1027 656 1267 725 peccavi.
1301 656 1528 726 Propter
1556 659 1657 712 hoc
1684 699 1697 722 ,
1735 658 1827 711 filii
1879 658 2004 721 mei,
2051 700 2073 725 η

427 744 697 798 custodite
710 744 890 798 omnia
909 762 1247 816 quaecunque
1269 750 1467 803 mando
1490 750 1666 814 vobis,
1682 759 1735 803 et
1753 764 1860 802 non
1883 764 2010 817 pec-

426 838 641 893 eabitis.
670 837 909 893 Perditio
926 840 1069 893 enim
1098 842 1295 895 animae
1316 853 1400 896 est
1421 842 1729 907 fornicatio,
1758 842 2007 897 dividens

426 944 457 982 a
494 928 626 991 Deo,
671 938 727 984 et
774 932 1213 1001 apprOpinqnare
1259 932 1469 988 faciens
1519 935 1709 1001 idolis;
1742 936 2003 1005 quoniam

426 1019 541 1089 ipsa
580 1022 631 1075 in
654 1036 896 1077 errorem
926 1024 1075 1078 ducit
1104 1026 1439 1082 intellectum
1472 1040 1526 1082 et
1552 1039 1808 1095 mentem,
1839 1038 1893 1082 et
1908 1029 2007 1083 de-

422 1112 570 1167 ducit
589 1113 813 1182 juvenes
835 1115 901 1169 ad
921 1115 1192 1171 infernum
1212 1128 1337 1173 ante
1350 1130 1563 1189 tempus
1581 1119 1716 1190 (74⁸)
1737 1121 2000 1191 ipsorum.

421 1202 556 1257 Nam
592 1206 798 1261 multos
844 1207 1078 1276 perdidit
1119 1210 1442 1277 fornicatio;
1495 1213 1755 1281 quoniam
1792 1215 1894 1268 etsi
1934 1215 2005 1269 sit

422 1296 619 1365 aliquis
644 1312 835 1363 senex,
876 1301 960 1353 vel
1000 1302 1221 1367 nobilis,
1264 1304 1621 1373 opprobrium
1654 1303 1830 1374 ipsum
1874 1304 2005 1359 facit

422 1387 564 1455 apud
603 1387 780 1441 Beliar
804 1397 857 1442 et
886 1390 1027 1445 filios
1055 1393 1360 1447 hominum.
1384 1392 1522 1459 Quia
1540 1396 1683 1449 enim
1707 1397 2002 1451 custodivit

421 1479 660 1547 seipsum
680 1479 879 1549 Joseph
898 1483 965 1535 ab
984 1486 1130 1538 omni
1153 1485 1400 1551 muliere,
1420 1494 1474 1541 et
1493 1488 1848 1557 cogitationes
1872 1506 1999 1559 pur-

421 1571 568 1637 gavit
602 1572 669 1627 ab
700 1576 849 1627 omni
886 1574 1268 1642 fornicatione,
1313 1581 1519 1634 invenit
1549 1581 1777 1650 gratiam
1809 1598 1997 1637 coram

426 1663 654 1720 Domino
684 1675 739 1720 et
764 1667 1101 1725 hominibus.
1136 1670 1349 1725 Etenim
1385 1674 1554 1727 multa
1601 1672 1729 1729 fecit
1755 1675 1804 1727 ei
1833 1674 1999 1747 Egy-

421 1757 555 1824 ptia,
582 1767 637 1812 et
660 1775 849 1829 magos
892 1763 1197 1830 advocavit,
1226 1774 1279 1819 et
1303 1766 1596 1835 pharmaca
1614 1768 1662 1821 ei
1692 1768 1917 1833 obtulit;
1944 1778 1998 1824 et

423 1864 530 1903 non
562 1853 802 1922 suscepit
827 1854 1119 1909 consilium
1149 1857 1347 1912 anima:
1368 1859 1487 1929 ejus
1515 1860 1843 1915 desiderium
1873 1877 1997 1931 per-

422 1942 711 2000 niciosum.
750 1946 975 2017 Propter
1007 1950 1111 2005 hoc
1139 1949 1280 2005 Dens
1317 1962 1531 2021 patrum
1572 1969 1819 2008 meorum
1852 1955 1995 2008 eruit
2038 2020 2049 2033 λ
2095 1942 2269 2027 Ψίέκης
2304 1944 2467 2033 “ulto”
2522 1942 2814 2033 επίυῗξλξσξν
2856 1942 3447 2033 πονηρῗνχδξακτρυῖθ
3484 1942 3511 2033 (ξ
3558 1942 3681 2028 δεοῖ

2038 2020 2049 2049 ³
2096 2017 2203 2069 τῶν
2239 2019 2489 2088 πατέρων
2521 2035 2621 2087 μου
2647 2017 2914 2087 ἐρρύσατο
2941 2018 3100 2070 αὑτὸν
3127 2018 3236 2071 ἀπὸ
3263 2020 3463 2083 παντὸς
3489 2019 3684 2090 ὁρατοῦ

419 2052 545 2090 eum
580 2039 649 2092 ab
678 2042 828 2095 omni
858 2041 1062 2097 visibili
1092 2053 1146 2099 et
1180 2045 1500 2100 abscondita
1534 2055 1725 2101 morte.
1762 2047 1817 2101 Si
1848 2047 1992 2101 enim

420 2143 527 2180 non
561 2132 852 2198 prievaleat
891 2134 1181 2191 fornicatio
1211 2139 1400 2203 menti,
1435 2154 1612 2208 neque
1651 2138 1831 2194 Beliar
1852 2156 1992 2209 prte-

418 2219 620 2275 valebit
651 2223 824 2277 vobis.

496 2372 559 2428 V.
597 2395 613 2425 I
672 2374 1002 2433 Perniciosa:
1044 2390 1172 2435 sunt
1206 2383 1484 2448 mulieres,
1537 2385 1632 2440 lilii
1673 2386 1815 2449 mei;
1858 2403 1995 2456 quo-

420 2472 567 2526 niam
602 2490 709 2528 non
752 2477 1014 2531 habentes
1053 2487 1374 2547 potestatem
1418 2485 1499 2537 vel
1531 2484 1784 2538 virtutem
1833 2501 1996 2554 super

420 2564 697 2619 hominem
733 2610 745 2632 ,
786 2568 972 2623 dolose
1002 2579 1171 2641 agunt
1212 2573 1264 2626 in
1297 2572 1510 2641 formis,
1558 2576 1834 2646 quomodo
1868 2593 1993 2631 eum

418 2660 483 2713 ad
517 2660 663 2728 ipsas
712 2663 1023 2729 attrahant;
1069 2674 1123 2719 et
1168 2681 1328 2735 quem
1366 2682 1461 2735 per
1486 2668 1855 2724 fortitudinem
1886 2686 1992 2726 non

418 2760 649 2817 possunt
694 2753 931 2819 vincere,
985 2756 1131 2811 hunc
1174 2773 1269 2826 per
1324 2760 1698 2830 deceptionem
1747 2764 1990 2820 vincunt.

2114 576 2204 626 μοι
2242 558 2463 629 Κύριος.
2517 558 2647 610 ’Λπὸ
2668 559 2789 610 τότε
2811 555 2902 612 οὖν
2932 560 3044 627 (75)
3087 558 3574 629 παρεφυλαξάμην,
3610 562 3694 612 καὶ

2110 652 2207 721 οὐχ
2233 652 2499 722 ἥμαρτον.
2525 651 2816 723 Διᾲςξοῦτο,
2842 652 3006 704 τέκνα
3033 670 3153 721 μου,
3180 650 3488 719 φυλάξασθε
3505 651 3690 713 πάντα,

2074 726 2207 796 iam
2242 744 2563 814 ἐντέλλομαι
2604 746 2753 814 ὑμῖν,
2792 745 2887 797 καὶ
2927 745 2986 796 οὑ
3031 744 3104 814 μὴ
3144 746 3515 815 άμαρτήσετε.
3548 743 3693 795 Ὀλε-

2109 835 2234 906 θρος
2250 835 2358 907 γὰρ
2382 837 2559 906 ψυχῆς
2584 839 2729 889 ἐστιν
2752 840 2784 907 ἡ
2805 837 3026 906 πορνεία
3054 836 3187 904 (74),
3213 837 3525 908 χωρίζουσα
3540 835 3687 894 Θεοῦ,

2109 926 2202 978 καὶ
2230 928 2665 998 προσεγγίζουσα
2700 931 2812 991 τοῖς
2840 927 3098 993 εἰδώλοις,
3133 929 3214 980 ὃτι
3241 929 3376 998 αὐτή
3407 929 3526 981 ἐστι
3566 929 3692 981 πλα-

2108 1019 2257 1071 νῶσα
2294 1018 2386 1071 τὸν
2412 1018 2536 1071 νοῦν
2565 1019 2660 1071 καὶ
2692 1018 2789 1089 τὴν
2823 1019 3062 1073 διάνοιαν
3082 1060 3096 1083 ,
3137 1020 3231 1072 καὶ
3265 1020 3499 1087 κατάγει
3524 1020 3691 1072 νεανί-

2106 1126 2272 1173 σκους
2299 1111 2378 1173 εἰς
2407 1110 2539 1181 ᾅδην
2575 1111 2674 1164 οὐκ
2699 1112 2756 1163 ἐν
2794 1111 2969 1183 καιρῷ
2990 1112 3186 1164 αὐτῶν.
3204 1112 3314 1164 Καὶ
3338 1111 3449 1183 γὰρ
3471 1112 3689 1175 mna-5;

2104 1201 2382 1254 ἀπώλεσεν
2408 1202 2440 1272 ἡ
2477 1202 2720 1273 πορνεία·
2748 1202 2831 1254 ὅτι
2856 1202 2957 1254 κᾶν
3042 1220 3124 1265 τις
3159 1202 3357 1272 γέρων,
3380 1200 3421 1271 ἦ
3446 1203 3688 1273 εὐγενὴς,

2103 1291 2303 1355 ὄνειδος
2342 1292 2503 1345 αὐτὸν
2544 1292 2659 1361 (75)
2709 1296 2854 1346 ποιεῖ
2901 1293 3053 1365 παρὰ
3092 1294 3169 1365 τῷ
3204 1294 3421 1365 Βελιάρ,
3466 1297 3562 1347 καὶ
3583 1298 3687 1357 toi;

2104 1387 2239 1448 υἱοῖς
2278 1384 2386 1436 τῶν
2426 1383 2747 1455 ἀνθρώπων.
2803 1386 3019 1457 Ἐπειδὴ
3059 1386 3167 1457 γὰρ
3202 1387 3466 1457 ἐφύλαξεν
3502 1388 3690 1441 ἑαυτὸν

2117 1474 2310 1545 Ἰωσὴφ
2334 1474 2442 1527 άπὸ
2467 1476 2648 1544 πάσης
2680 1477 2957 1543 γυναικὸς,
2989 1480 3083 1531 καὶ
3116 1478 3213 1541 τὰς
3254 1480 3464 1543 ἐννοίας
3490 1480 3688 1534 ἐκαθά-

2105 1583 2251 1635 ρισεν
2278 1566 2386 1620 ἀπὸ
2412 1567 2591 1637 πάσης
2627 1570 2900 1640 πορνείας,
2929 1564 3085 1640 εὗρεν
3123 1571 3279 1641 χάριν
3323 1570 3557 1625 ἐνώπιον
3581 1574 3691 1625 Κυ-

2103 1655 2219 1725 ρίου
2256 1658 2349 1709 κοι)⁵
2382 1655 2705 1726 ἀνθρώπων.
2747 1658 2857 1709 Καὶ
2891 1657 2997 1728 γὰρ
3032 1658 3201 1711 πολλὰ
3234 1659 3491 1729 ἐποίησεν
3544 1663 3689 1733 αυτῷ

2099 1749 2131 1815 ἡ
2159 1748 2463 1815 Αἰγυπτία,
2503 1749 2598 1801 καὶ
2638 1748 2846 1819 μάγους
2882 1750 3247 1819 παρεκάλεσε,
3287 1752 3381 1804 καὶ
3422 1754 3687 1823 φάρμακα

2098 1836 2245 1907 αὐτῷ
2280 1839 2641 1909 προσήνεγκε
2687 1838 2781 1890 καὶ
2808 1838 2907 1891 οὐκ
2934 1838 3149 1904 ἐδέξατο
3175 1840 3236 1892 τὸ
3259 1840 3561 1895 διαϐούλιον
3592 1844 3687 1913 τῆς

2095 1925 2269 1995 ψυχῆς
2304 1925 2467 1979 αὑτοῦ
2522 1924 2814 1995 ἐπιθυμίαν
2856 1927 3117 1996 πονηράν.
3154 1927 3447 2003 Διὰκτοῦτο
3484 1930 3511 1980 ὁ
3558 1928 3685 1990 Θεὸς

2098 2114 2190 2164 καὶ
2224 2111 2607 2183 κεκρυμμένου
2635 2108 2886 2161 θανάτου.
2924 2110 3047 2162 Ἐὰν
3082 2111 3189 2181 γὰρ
3220 2111 3292 2181 μὴ
3320 2110 3628 2183 κατισχύσῃ
3653 2115 3684 2181 ἡ

2097 2203 2320 2272 πορνεία
2359 2202 2457 2273 τὴν
2508 2202 2713 2257 ἔννοιαν
2749 2203 2883 2273 (76),
2920 2202 3039 2255 οὐδὲ
3075 2206 3103 2256 ὁ
3144 2202 3340 2273 Βελιὰρ
3366 2206 3683 2273 κατισχύσει

2099 2293 2271 2363 ὑμῶν.

2167 2386 2239 2439 Ε’.
2282 2404 2299 2435 ι
2331 2386 2569 2457 Πονηραί
2603 2388 2737 2440 εἰσιν
2759 2388 2814 2439 αἱ
2847 2390 3122 2455 γυναῖκες,
3150 2389 3315 2441 τέκνα
3346 2405 3471 2457 μου,
3498 2389 3582 2441 ὅτι
3613 2389 3684 2459 μὴ

2094 2476 2308 2545 ἔχουσαι
2349 2476 2596 2543 ἐξουσίαν
2626 2478 2657 2546 ἢ
2691 2477 2919 2548 δύναμιν
2954 2480 3045 2530 ἐπὶ
3068 2479 3159 2531 τὸν
3196 2479 3508 2549 ἄνθρωπον,
3550 2480 3683 2533 δολι-

2093 2568 2303 2622 εύονται
2330 2569 2387 2620 ἐν
2423 2570 2682 2639 σχήμασι,
2720 2570 2836 2633 πῶς
2881 2570 3040 2621 αὐτὸν
3071 2570 3203 2640 πρὸς
3237 2570 3407 2633 αὑτὰς
3448 2572 3686 2625 ἐπισπά-

2093 2675 2289 2711 σωνται
2316 2677 2327 2689 ·
2366 2661 2460 2713 καὶ
2490 2661 2547 2711 ὃν
2570 2661 2656 2713 διὰ
2678 2660 2961 2731 δυνάμεως
2988 2662 3090 2714 οὐκ
3118 2662 3359 2731 ἰσχύουσι
3380 2663 3685 2731 καταγωνί-

2092 2751 2306 2815 σασθαι,
2335 2752 2521 2805 τοῦτον
2543 2753 2609 2805 δι’
2645 2754 2861 2825 ἀπάτης
2894 2752 3372 2821 καταγωνίζονται.
3414 2757 3541 2808 Ὅτι
3566 2762 3685 2808 καί·

415 2841 683 2907 Quoniam
711 2854 765 2898 et
802 2846 868 2899 de
899 2847 980 2901 eis
1006 2848 1143 2903 dixit
1172 2851 1303 2904 mihi
1338 2854 1563 2922 angelus
1589 2854 1702 2920 Dei,
1732 2867 1789 2911 et
1811 2858 1987 2915 docuil

2109 2860 2152 2909 re
2187 2844 2314 2914 περὶ
2337 2844 2514 2896 αὐτῶν
2540 2840 2661 2897 εἶπέ
2690 2864 2778 2915 μοι
2803 2847 2830 2898 ὁ
2856 2846 3086 2914 ἄγγελος
3119 2846 3212 2899 τοῦ
3245 2846 3383 2900 Θεοῦ
3405 2889 3421 2911 ,
3460 2850 3555 2901 καὶ
3578 2850 3683 2902 ἐδί-

416 2950 522 2994 me,
555 2936 698 3003 quod
739 2938 994 2993 mulieres
1020 2940 1311 2995 vincuntur
1335 2961 1365 2997 a
1389 2945 1582 3013 spiritu
1618 2946 1994 3009 fornicationis

2086 2933 2213 3000 δαξέ
2259 2952 2348 3004 με,
2392 2936 2473 2989 ὅτι
2507 2937 2561 2988 αἱ
2594 2940 2850 3004 γυναῖκες
2877 2937 3143 3009 ἡττῶνται
3166 2938 3245 3009 τῷ
3273 2939 3550 3011 πνεύματι
3589 2942 3685 3011 τῆς

413 3040 577 3094 supra
606 3028 880 3083 hominem
903 3073 916 3097 ,
951 3040 1006 3085 et
1033 3033 1087 3085 in
1116 3036 1281 3088 corde
1312 3039 1700 3093 macliinantur
1730 3042 1987 3100 adversus

2109 3026 2345 3098 τορνείας
2380 3028 2520 3112 ὑῖίερ
2546 3029 2637 3081 τὸν
2674 3029 2994 3099 ἄνθρωπον,
3040 3032 3133 3084 καὶ
3163 3032 3220 3083 ἐν
3253 3032 3455 3104 καρδία
3503 3052 3685 3105 μηχα-

413 3116 685 3183 liomines,
732 3128 785 3173 et
814 3136 914 3188 per
941 3131 1196 3177 ornatum
1224 3140 1412 3182 errare
1452 3127 1661 3186 faciunt
1687 3134 1865 3203 primo
1898 3151 1987 3189 eo—

2109 3115 2283 3170 νῶνται
2312 3118 2451 3170 κατὰ
2481 3118 2589 3171 τῶν
2624 3118 2951 3191 ἀνθρώπιον,
2976 3123 3070 3173 καὶ¹
3101 3121 3189 3175 διὰ
3220 3124 3320 3194 τῆς
3353 3127 3688 3196 κοσμήσεως

413 3222 532 3261 rum
580 3219 809 3277 mentes,
857 3223 911 3267 et
950 3230 1046 3284 per
1091 3217 1268 3273 visum
1304 3236 1571 3276 venenum
1607 3224 1886 3291 inserunt,
1937 3238 1987 3284 et

2109 3208 2360 3263 τλανῶσιν
2401 3210 2579 3263 αὐτῶν
2619 3210 2834 3281 πρῶτον
2875 3213 2974 3276 τὰς
3008 3213 3263 3281 διανοίας,
3317 3218 3413 3269 καὶ
3459 3217 3553 3270 διὰ
3588 3218 3688 3270 τοῦ

414 3307 542 3353 tunc
569 3316 731 3368 opere
772 3306 1050 3373 captivant
1087 3327 1097 3361 :
1135 3326 1242 3363 non
1272 3314 1416 3365 enim
1458 3324 1635 3383 potest
1663 3320 1860 3375 mulier
1892 3324 1989 3377 ho-

410 3390 608 3443 minem
659 3409 873 3464 cogere.
932 3397 1123 3467 Fugite
1163 3418 1292 3470 ergo
1342 3404 1751 3471 fornicationem
1782 3413 1833 3477 ',
1892 3416 1986 3469 filii

408 3481 539 3548 mei,
582 3493 634 3537 et
686 3487 962 3556 praecipite
996 3492 1321 3550 mulieribus
1352 3500 1551 3553 vestris
1590 3510 1643 3555 et
1684 3501 1899 3561 filiabus
1930 3517 1987 3562 ut

406 3588 519 3627 non
549 3587 744 3629 ornent
776 3581 953 3648 capita
981 3593 1035 3636 et
1074 3586 1225 3640 visus
1255 3604 1443 3643 earum
1472 3592 1525 3655 °;
1570 3596 1829 3661 quoniam
1863 3614 1983 3653 om-

407 3666 494 3719 nis
535 3667 731 3721 mulier
756 3671 943 3728 dolose
984 3691 1149 3744 agens
1196 3680 1247 3732 in
1276 3682 1378 3747 his,
1431 3685 1482 3738 in
1516 3689 1849 3754 punitionem
1880 3707 1985 3747 sm-

405 3754 513 3808 culi
547 3769 820 3812 reservata
852 3770 952 3816 est.
987 3763 1062 3818 Ita
1089 3768 1233 3821 enim
1276 3773 1607 3828 seduxerunt
1638 3774 1835 3846 Vigiles
1858 3790 1984 3834 ante

404 3848 704 3919 diluvium;
754 3863 807 3907 et
835 3856 910 3908 illi
944 3858 1161 3915 assidue
1207 3862 1451 3919 videntes
1493 3882 1605 3931 eas,
1649 3869 1823 3926 allecti
1855 3884 1982 3929 sunt

403 3940 676 3995 desiderio
705 3944 770 3997 ad
809 3946 1064 4011 invicem.
1098 3961 1151 4005 et
1179 3968 1548 4025 cencepernnt
1580 3972 1759 4017 mente
1787 3983 1981 4034 opera-

404 4033 631 4097 tionem,
678 4046 732 4091 et
793 4042 1160 4113 transfigurati
1210 4059 1338 4102 sunt
1384 4050 1437 4103 in
1484 4052 1766 4120 homines,
1820 4033 1875 4112 et
1925 4062 1978 4114 in

402 4126 553 4180 eoitu
588 4128 832 4183 virorum
889 4150 1115 4189 suorum
1151 4154 1593 4208 coapparueiunt
1644 4149 1758 4213 eis;
1797 4160 1849 4203 et
1876 4152 1979 4207 illa:

407 4216 786 4273 desiderantes
817 4233 996 4277 mente
1034 4226 1452 4297 iinaginationes
1504 4251 1695 4290 eorum
1721 4280 1736 4303 ,
1764 4256 1981 4308 pepere-

400 4318 530 4361 runt
558 4309 1225 4382 gigantesApparuerunt
1265 4325 1408 4377 enim
1455 4326 1535 4381 eis
1569 4326 1768 4399 Vigiles
1804 4348 1977 4402 usque

398 4400 467 4451 ad
488 4402 687 4455 cwlum
717 4404 1061 4476 attingentes.

477 4645 558 4703 Vl.
610 4669 627 4699 ι
668 4650 950 4711 Custoditc
983 4658 1147 4727 igitur
1176 4677 1271 4717 vos
1317 4680 1345 4717 a
1388 4664 1785 4741 fornicatione;
1836 4690 1889 4735 et
1926 4685 1973 4737 si

394 4740 561 4795 vultis
602 4747 822 4815 purgari
873 4760 1074 4815 mente,
1130 4758 1401 4813 custodite
1440 4776 1635 4819 sensus
1663 4740 1869 4826 vestros
1905 4775 1975 4829 ab
2038 4770 2041 4775 ’

397 4834 547 4886 omni
575 4834 809 4893 femina.
853 4841 918 4895 Et
946 4844 1051 4900 illis
1090 4847 1253 4901 etiam
1283 4854 1558 4922 prmcipite
1591 4873 1698 4911 non
1724 4876 1972 4918 commu-

394 4924 578 4979 nicare
602 4943 726 4981 cum
758 4931 1093 5001 hominibus,
1124 4948 1183 4991 ut
1209 4949 1262 4993 et
1295 4941 1424 5010 ipsa:
1441 4959 1741 5017 purgentur
1767 4963 1965 5009 mente.

391 5036 473 5091 ⁸1.
503 5039 630 5094 Cor.
662 5045 849 5109 v1,18.
907 5048 927 5079 ⁸
956 5048 973 5100 l
1002 5048 1142 5104 Tim.
1176 5068 1234 5117 ιι,
1267 5052 1321 5118 8,
1357 5055 1407 5108 9.

623 5201 758 5253 Τότε
792 5202 924 5256 οὖν.
959 5204 1089 5257 Τότε
1122 5206 1226 5269 ἕως
1255 5210 1489 5263 ἐννοιῶν.
1513 5211 1679 5267 Cum.

682 5275 946 5354 appr-flet.
967 5275 1027 5326 Ἠ
1047 5267 1356 5354 (iper/riam
1390 5281 1478 5334 διὰ
1492 5284 1593 5351 τῆς
1610 5287 1964 5354 πορνείαςλυ.

457 5338 595 5421 (Μί)
612 5338 1043 5421 Τθχιυδϐνρρομε
1072 5338 1239 5421 lialie‘t
1261 5368 1273 5401 :
1299 5338 1407 5403 non
1427 5355 1478 5404 in
1504 5338 1750 5421 teiitpoi'e,
1777 5338 1965 5413 nae-riis

385 5401 754 5485 Iliaijl-‘aislnlls,
785 5422 909 5475 DD}?
942 5401 1070 5479 N53,
1114 5426 1172 5470 ut
1203 5401 1407 5475 Ερριιλδ.

384 5479 546 5530 riaris
581 5481 635 5532 in
676 5493 907 5545 tempore
944 5501 1045 5537 non
1072 5495 1179 5539 tuo.
1214 5488 1416 5545 DBACH.

456 5546 567 5685 (75)
602 5546 869 5617 Ὀνειδος
900 5556 1104 5608 αὐτόν.
1154 5558 1479 5631 Ὀνειδισμὸν
1510 5566 1707 5637 ἐαυτῷ.
1740 5567 1815 5621 ID.

457 5618 545 5685 (76
605 5620 722 5685 Τὴν
735 5624 993 5678 ἔννοιαν.
1026 5628 1068 5677 Τ
1072 5627 1135 5685 ἧς
1164 5630 1387 5685 ἐννοίας.
1415 5633 1491 5685 In.

480 5618 722 5696 “Thr
735 5624 993 5696 ἔννοιαν.
1026 5627 1135 5696 Τῆς
1164 5618 1393 5693 ἐννοίαςῘ
1415 5633 1491 5687 In.

457 5624 565 5753 (76)
605 5624 722 5686 Τὴν
735 5624 993 5678 ἔννοιαν.
1026 5627 1135 5696 Τῆς
1164 5624 1393 5693 ἐννοίαςί
1415 5633 1491 5687 In.
1661 5624 1671 5637 ’

808 5693 1184 5782 αὐτὼ..ξίρρς
1201 5701 1414 5782 ἀπάτην
1435 5704 1667 5782 διανοίας
1683 5708 1850 5782 addit.
1882 5709 1955 5762 In.

458 5759 569 5830 (78)
613 5761 968 5833 Ὲψήγορει.
1017 5759 1409 5848 [ὶοἘει-υεοῐῖδ
1448 5777 1600 5842 plura
1630 5759 1694 5832 6.x?

2088 3300 2397 3372 βλέμματος
2446 3303 2535 3355 τὸν
2572 3305 2646 3356 ίὸν
2694 3306 3060 3377 ἐνσπείρουσι,
3109 3308 3203 3360 καὶ
3249 3308 3372 3361 τότε
3418 3310 3499 3380 τῷ
3534 3311 3686 3381 ἔργῳ

2086 3393 2577 3463 αἰχμαλωτίζουσιν
2598 3413 2609 3425 ·
2638 3397 2697 3449 οὐ
2726 3398 2834 3469 γὰρ
2850 3397 3070 3451 δύναται
3088 3398 3223 3470 γυνὴ
3247 3400 3543 3470 ἄνθρωπον
3562 3402 3686 3471 βιά-

2087 3486 2301 3539 σασθαι.
2323 3489 2554 3557 Φεύγετε
2567 3487 2659 3544 οὖν
2679 3491 2776 3562 τὴν
2792 3490 3065 3561 πορνείαν,
3084 3493 3247 3545 τέκνα
3267 3511 3390 3563 μου,
3406 3495 3502 3547 καὶ
3519 3512 3687 3566 προσ-

2081 3577 2310 3631 τάσσετε
2343 3582 2466 3643 ταῖς
2502 3579 2745 3649 γυναιξὶν
2795 3581 2970 3651 ὑμῶν,
3022 3585 3116 3637 καὶ
3154 3587 3273 3647 ταῖς
3317 3584 3683 3654 θυγατράσιν,

2082 3668 2167 3721 ἵνα
2223 3670 2295 3741 μὴ
2347 3672 2658 3741 κοσμῶνται
2692 3672 2789 3735 τὰς
2823 3672 3064 3741 κεφαλὰς
3110 3674 3203 3725 καὶ
3242 3673 3339 3736 τὰς
3372 3674 3531 3741 ὄψεις
3581 3677 3683 3728 αὑ-

2078 3760 2188 3812 τῶν
2225 3761 2355 3831 (77),
2387 3762 2467 3814 ὅτι
2495 3766 2643 3817 πᾶσα
2666 3764 2834 3834 γυνὴ,
2868 3763 3212 3835 δολιευομένη
3245 3767 3303 3817 ἐν
3335 3765 3577 3831 τούτοις,
3603 3768 3685 3831 εἰς

2081 3854 2297 3907 κόλασιν
2347 3855 2441 3908 τοῦ
2498 3859 2692 3921 αίῶνος
2747 3860 3065 3929 τετήρηται.
3113 3858 3267 3912 Οὕτω
3301 3860 3411 3930 γὰρ
3452 3860 3683 3926 ἕθελξαν

2076 3944 2203 4007 τοὺς
2258 3947 2624 4019 Ἐγρηγόρους
2675 3949 2781 4020 πρὸ
2812 3948 2908 4001 τοῦ
2956 3949 3371 4019 κατακλυσμοῦ·
3429 3952 3681 4003 κάκεῖνοι

2080 4035 2316 4106 συνεχῶς
2342 4038 2576 4108 ὁρῶντες
2611 4038 2800 4102 αὐτὰς,
2841 4039 3089 4107 ἐγένοντο
3122 4040 3179 4090 ἐν
3212 4039 3479 4110 ἐπιθυμία
3517 4041 3684 4110 ἀλλή-

2076 4128 2201 4193 λων,
2237 4128 2330 4181 κα)⁵
2360 4130 2646 4183 συνέλαϐον
2671 4134 2736 4202 τῇ
2772 4132 2977 4201 διανοίᾳ
3002 4131 3100 4202 τὴν
3128 4131 3341 4202 πρᾶξιν,
3372 4135 3469 4185 καὶ
3507 4151 3676 4202 μετε-

2078 4221 2473 4292 σχηματίζοντο
2498 4225 2576 4286 είς
2610 4223 2949 4295 ἀνθρώπους,
2974 4225 3067 4276 καὶ
3100 4227 3156 4276 ἐν
3180 4228 3242 4295 τῇ
3273 4226 3537 4296 συνουσίᾳ
3566 4227 3678 4278 τῶν

2075 4311 2283 4381 ἀνδρῶν
2330 4312 2509 4366 αὐτῶν
2558 4315 2937 4383 συνεφαίνοντο
2974 4316 3193 4378 αὑταῖς·
3231 4316 3505 4379 κάκεῖναι,
3550 4318 3674 4368 ἐπι-

2078 4402 2345 4473 θυμοῦσαι
2390 4407 2455 4474 τῇ
2508 4405 2712 4477 διανοίᾳ
2752 4406 2849 4470 τὰς
2894 4406 3193 4475 φαντασίας
3236 4407 3440 4472 αὐτῶν,
3482 4408 3676 4461 ἔτεκον

2005 4492 2049 4545 D
2077 4493 2357 4562 γίγαντας,
2385 4495 2695 4563 Ἐφαίνοντο
2713 4497 2822 4569 γὰρ
2853 4499 3042 4560 αὐταῖς
3080 4499 3401 4570 Ἐγρήγοροι
3429 4500 3546 4569 (78)
3568 4500 3673 4562 ἕως

2080 4582 2172 4635 τοῦ
2202 4584 2430 4656 οὐρανοῦ
2464 4585 2777 4653 φθάνοντες.

2147 4696 2238 4761 G'.
2264 4715 2282 4745 ι
2326 4696 2635 4764 Φυλάξασθε
2674 4695 2765 4752 οὖν
2792 4701 2900 4752 ἀπὸ
2928 4701 3024 4770 τῆς
3047 4703 3322 4773 πορνείας·
3362 4706 3459 4757 καὶ
3496 4707 3551 4758 εί
3587 4706 3675 4759 θέ-

2078 4785 2197 4839 λετε
2228 4788 2549 4859 καθαρεύειν
2582 4794 2646 4861 τῇ
2674 4791 2897 4864 διανοίᾳ,
2926 4793 3230 4861 φυλάξασθε
3258 4795 3357 4858 τὰς
3382 4797 3675 4869 αἰσθήσες

2075 4877 2184 4930 ἀπὸ
2220 4879 2398 4951 πάσης
2434 4880 2672 4951 θηλείας.
2703 4884 2999 4948 Κάκείναις
3020 4886 3064 4938 δ’
3091 4886 3401 4940 ἐντείλασθε
3436 4890 3513 4960 μὴ
3544 4908 3671 4945 συν-

2072 4972 2288 5036 δυάζειν
2322 4973 2649 5044 ἀνθρώποις,
2672 4976 2757 5028 ἵνα
2792 4978 2885 5029 καὶ
2916 4977 3074 5031 αὐταὶ
3099 4980 3447 5050 καθαρεύωσι
3468 4986 3538 5054 τῇ
3557 4985 3672 5038 δια-

2078 5221 2329 5294 Syncello
2372 5223 2635 5278 describit
2667 5224 2902 5279 Graliius
2935 5227 3043 5286 hic.
3098 5229 3150 5280 in
3185 5227 3341 5283 Notis
3374 5232 3443 5285 ad
3479 5243 3623 5286 tom.
3655 5234 3673 5285 ι

2074 5293 2636 5366 Spicileg.__pag._347,
2662 5311 2804 5363 seq.,
2826 5312 2903 5366 ex
2929 5313 3104 5366 eoque
3126 5298 3417 5354 Fabricius
3444 5303 3496 5355 in
3533 5304 3672 5358 Cod.

2074 5362 2290 5443 Pseud.’
2323 5362 2441 5443 νει,
2466 5364 2616 5443 Test._
2651 5362 2783 5418 toni.
2822 5365 2859 5428 Ι,
2882 5362 3196 5443 _pag.'_l75_),
3234 5385 3353 5443 seq.
3394 5370 3471 5425 De
3500 5372 3647 5443 ligna

2071 5436 2221 5511 geris
2264 5435 2391 5511 item
2428 5435 2479 5511 in
2513 5435 2716 5503 scripto
2750 5435 2995 5511 quodam:
3024 5435 3460 5511 ψευδεπιγράφῳ
3487 5435 3672 5497 “Eno-

2069 5505 2156 5558 chi
2216 5504 2542 5573 patriarchae
2584 5504 3047 5571 commemoratis,
3096 5504 3395 5564 erudiiam'
3426 5504 3672 5568 instituit

2068 5575 2511 5651 disquisitionem
2544 5574 2628 5629 Jo.
2660 5575 2940 5651 Henricus
2964 5576 3258 5651 Schulzius
3294 5597 3421 5651 cap.
3469 5586 3524 5644 1,
3566 5585 3667 5636 Ih-

2068 5648 2249 5697 storiw
2272 5645 2548 5699 medicina:
2572 5664 2601 5699 α
2628 5664 2799 5699 rerum
2823 5649 2975 5700 initio
3000 5649 3069 5700 ad
3090 5666 3286 5704 annum
3312 5645 3463 5706 urbis
3483 5655 3669 5709 Romae

2072 5714 2277 5769 DXXX
2298 5714 2336 5769 V
2361 5717 2597 5770 deducite
2615 5758 2628 5783 ,
2653 5717 2810 5773 edita:
2852 5717 3046 5788 Lipsiae
3072 5720 3227 5776 1728.
