3830 6216
137 280 291 335 1045

1348 286 1865 345 TESTAMENTUM
1902 262 2241 348 SIMEONIVS.

3252 270 3409 354 itote

126 401 287 471 νοίᾳ.
324 402 389 454 At
422 403 529 475 γάρ
574 409 813 475 συνεχεῖς
842 411 1137 480 συντυχίαι,
1185 412 1287 465 κᾶν
1323 413 1396 484 μὴ
1430 413 1645 484 πραχθῇ
1670 413 1717 465 τί

1843 412 2104 472 [ἶοιιιίηυιι
2149 418 2294 472 enim
2342 420 2637 485 consortia,
2670 429 2723 477 et
2753 421 2797 477 si
2844 437 2950 477 non
2996 433 3214 493 peracta
3246 426 3408 482 fuerit

132 497 425 568 ἀσέϐημα,
472 498 660 565 αὐταῖς
716 504 814 572 μέν
862 506 966 558 εἰσι
1014 507 1164 572 νόσος
1221 510 1457 572 ἀνίατος,
1501 510 1627 579 ὑμῖν
1671 508 1728 561 δὲ

131 589 352 654 ὄνειδος
384 590 477 644 τοῦ
512 593 708 665 Βελιάρ
739 596 956 650 αἰώνιον
978 616 991 627 ·
1028 600 1107 653 ὅτι
1142 603 1174 671 ὴ
1200 602 1423 672 πορνεία
1454 602 1578 655 οὔτε
1608 601 1730 653 σύν-

133 700 265 735 εσιν
298 683 421 738 οὔτε
448 687 727 743 εὐσέϐειαν
743 689 855 760 ἔχει
881 693 938 745 ὲν
959 694 1144 764 ἑαυτῇ,
1171 697 1264 748 καὶ
1292 698 1398 758 πᾶς
1424 695 1581 765 ζῆλος
1603 678 1775 749 κατ-³

131 779 290 827 οικεῖ
332 778 390 829 ἐν
422 781 489 849 τῇ
552 781 819 853 ἐπιθυμίᾳ
865 786 1054 855 αὐτῆς.
1103 787 1225 855 Διάί
1262 788 1421 841 τοῦτο
1462 787 1731 860 ζηλώσετε

129 869 276 933 τοὺς
311 870 458 933 υἱοὺς
492 872 621 927 Λευτ
648 874 779 946 (79),
824 878 917 930 καὶ
962 876 1224 950 ζητήσετε
1272 880 1547 951 ὑψωθῆναι
1594 883 1732 950 ὑπὲρ

130 962 380 1025 αὐτοὺς,
416 962 530 1016 ἀλλ’
560 967 619 1018 οὐ
648 967 961 1039 δυνήσεσθε.
1011 970 1067 1023 Ὁ
1098 971 1207 1042 γὰρ
1239 972 1369 1036 Θεὸς
1401 978 1613 1046 ποιήσει
1635 976 1733 1044 τὴν

130 1050 430 1122 ἐκδίκησιν
463 1055 660 1119 αὐτῶν,
708 1060 802 1111 καὶ
849 1059 1203 1115 ἀποθανεῖσθε
1242 1062 1456 1134 θανάτῳ
1490 1064 1731 1136 πονηρῷ.

131 1143 240 1214 Τῷ
296 1144 405 1217 γὰρ
453 1147 584 1200 Λευῖ
636 1148 804 1203 ἔδωκε
855 1152 1059 1223 Κύριος
1108 1154 1205 1224 τὴν
1258 1156 1461 1226 ἀρχὴν,
1512 1158 1606 1213 καλ¹
1657 1158 1735 1227 τῷ

148 1234 353 1307 Ἰούδᾳ,
391 1242 509 1308 μετ’
544 1241 724 1294 αὐτῶν
750 1243 938 1314 κάμοὶ,
965 1246 1059 1299 καὶ
1091 1247 1217 1311 Δάν,
1252 1250 1343 1301 καὶ
1389 1248 1604 1320 Ἰωσὴφ,
1640 1248 1734 1302 τοῦ

131 1320 290 1378 εἶναι
314 1327 406 1379 ἐπὶ
432 1327 714 1399 ἄρχοντας.
740 1332 855 1407 Διά,
847 1332 1005 1395 τοῦτο
1027 1335 1340 1407 ἐντέλλομαι
1368 1338 1495 1409 ὑμῖν
1518 1338 1734 1392 ἀκούειν
1746 1344 1791 1389 ν’

130 1418 224 1488 τῷ
271 1420 427 1485 Λευῒ,
475 1423 556 1476 ὃτι
602 1424 764 1488 αὐτὸς
809 1426 1078 1494 γνώσεται
1136 1429 1297 1499 νόμον
1360 1429 1592 1500 Κυρίου,
1642 1431 1735 1483 καὶ

130 1512 420 1567 διαστελεῖ
464 1517 544 1579 είς
576 1518 756 1588 κρίσιν
801 1520 897 1571 καὶ
943 1518 1134 1583 θυσίας
1185 1519 1295 1591 (80)
1343 1521 1484 1592 ὑπὲρ
1538 1523 1735 1586 παντὸς

146 1604 379 1675 Ἰσραὴλ
403 1648 417 1671 ,
458 1607 619 1678 μέχρι
663 1607 995 1674 τελειώσεως
1032 1612 1239 1681 χρόνων
1272 1614 1571 1684 ἀρχιερέως
1603 1616 1735 1686 Χρι-

134 1698 300 1759 στοῦ,
338 1699 396 1753 ὃν
428 1696 547 1752 εἷπε
581 1701 802 1772 Κύριος.
853 1703 1030 1775 Ὀρκῶ
1064 1706 1208 1774 ὑμᾶς
1233 1706 1323 1758 τὸν
1358 1706 1490 1760 Θεὸν
1528 1706 1621 1760 τοῦ
1644 1709 1735 1760 οὑ-

137 1789 315 1859 ρανοῦ
358 1792 581 1861 ποιῆσαι
628 1793 887 1863 ἀλήθειαν
920 1794 1147 1849 ἕκαστον
1196 1798 1332 1869 πρὸς
1370 1798 1463 1851 τὸν
1509 1798 1733 1872 πλησίον

130 1881 337 1947 αὐτοῦ,
356 1883 450 1936 καὶ
479 1885 613 1954 πρὸς
632 1886 724 1938 τὸν
749 1886 857 1957 (82)
876 1887 1006 1940 Λευῒ
1035 1889 1289 1956 ἐγγίσατε
1325 1891 1383 1942 ὲν
1412 1890 1733 1943 ταπεινώσει

130 1972 396 2042 καρδίας,
438 1974 524 2027 ἵνα
569 1976 793 2046 δέξησθε
833 1977 1082 2047 εὐλογίαν
1115 1980 1180 2032 ὲκ
1210 1979 1305 2033 τοῦ
1341 1981 1606 2051 στόματος
1638 1983 1734 2035 αὐ-

128 2063 259 2117 τοῦ.
299 2064 471 2129 Αὐτὸς
510 2066 617 2138 γὰρ
644 2066 922 2140 εὐλογήσει
956 2069 1049 2123 τὸν
1097 2071 1308 2142 Ἰσραὴλ
1344 2074 1436 2125 καὶ
1467 2073 1557 2126 τὸν
1602 2073 1732 2127 Ἰού-

128 2156 272 2209 δαν’
334 2157 417 2211 ὅτι
482 2160 539 2210 ὲν
597 2160 747 2230 αὐτῷ
810 2161 1091 2229 ἐξελέξατο
1149 2163 1355 2234 Κύριος
1419 2164 1732 2234 βασιλεῦσαι

130 2247 371 2301 πάντων
402 2249 510 2302 τῶν
554 2249 712 2305 λαῶν.
749 2253 862 2305 Kal.
895 2255 1305 2324 προσκυνήσετε
1344 2253 1425 2324 τῷ
1460 2254 1731 2326 σπέρματι

129 2339 337 2405 αὐτοῦ,
371 2342 451 2394 ὅτι
484 2343 625 2414 ὑπὲρ
659 2343 812 2414 ὑμῶν
849 2344 1199 2399 ἀποθανεῖται
1232 2348 1289 2399 ὲν
1312 2346 1569 2417 πολέμοις
1600 2349 1732 2418 ὁρα-

128 2434 261 2495 τοῖς
321 2434 414 2486 καί¹
466 2435 753 2505 ἀοράτοις,
818 2436 912 2489 καὶ
966 2436 1116 2490 ἔσται
1176 2439 1234 2490 ὲν
1299 2438 1425 2508 ὑμῖν
1480 2438 1732 2507 βασιλεὺς

127 2521 381 2577 αἰώνων.
427 2546 446 2576 ι

215 2618 288 2669 Z’.
318 2617 428 2670 Καὶ
448 2619 683 2673 ἀπέθανε
732 2622 999 2694 Ῥουϐὴμ,
1035 2623 1405 2695 ἐντειλάμενος
1428 2624 1598 2678 ταῦτα
1621 2626 1732 2689 τοῖς

130 2708 285 2771 υἱοῖς
312 2709 477 2762 αὑτοῦ
499 2728 511 2740 ·
552 2713 645 2764 καὶ
678 2712 860 2766 ἔθεντο
892 2713 1050 2768 αὑτὸν
1073 2716 1130 2767 ἐν
1162 2716 1323 2787 σορῷ,
1365 2715 1469 2778 ἕως
1492 2718 1580 2770 ὅτε
1607 2718 1731 2770 ἀνε-

131 2800 441 2869 νέγκαντες
462 2804 624 2856 αὑτὸν
658 2803 715 2868 ἐξ
747 2804 1045 2874 Αἰγύπτου,
1074 2806 1277 2877 ἔθαψαν
1309 2810 1366 2860 ὲν
1394 2807 1640 2879 Χεϐρὼν,
1674 2810 1731 2862 ὲν

130 2894 226 2964 τῷ
256 2895 506 2968 σπηλαίῳ
542 2897 619 2968 τῷ
656 2898 848 2968 διπλῷ,
884 2901 1018 2953 ὅπου
1051 2903 1099 2953 oi
1133 2900 1368 2971 πατέρες
1402 2901 1586 2955 αὐτοῦ.

1836 506 2105 577 impietas,
2128 520 2305 565 tamen
2348 513 2479 581 ipsis
2501 522 2628 568 sunt
2657 515 2923 585 aegritudo
2948 517 3287 583 insanabilis,
3309 532 3409 571 vo-

1832 602 1917 657 bis
1941 618 2068 657 vero
2089 606 2439 675 opprobrium
2471 606 2650 662 Beliar
2675 613 3100 678 sempiternum;
3145 612 3408 680 quoniam

1834 693 2122 751 fornicatio
2160 713 2337 768 neque
2367 699 2696 755 intellectum
2743 717 2919 771 neque
2958 703 3212 773 pietatem
3247 704 3411 757 habet

1834 788 1888 840 in
1925 789 2104 858 seipsa
2129 829 2142 851 .
2176 799 2230 844 et
2257 793 2436 847 omnis
2468 794 2616 847 zelus
2648 794 2857 848 habitat
2886 796 2938 847 iu
2968 795 3244 851 desiderio
3264 795 3406 866 ejus.

1832 879 2060 950 PrOpter
2110 883 2212 935 hoc
2278 885 2587 941 invidebitis
2640 887 2767 941 ﬁliis
2837 886 2984 951 Levi,
3041 898 3096 942 et
3149 891 3416 957 quaaretis.

1835 975 2062 1029 exaltari
2102 990 2266 1045 super
2307 991 2422 1042 eos,
2472 978 2564 1031 sed
2612 992 2724 1031 non
2762 980 3029 1047 poteritis.
3085 981 3229 1036 Deus
3260 983 3404 1038 enim

1838 1069 1998 1123 faciet
2047 1069 2341 1125 vindictam
2390 1087 2604 1138 eorum,
2634 1082 2688 1128 et
2719 1075 3030 1130 moriemini
3071 1087 3248 1132 morte
3284 1093 3409 1147 per-

1838 1162 2067 1216 niciosa.
2122 1161 2251 1216 Levi
2294 1165 2438 1218 enim
2478 1164 2627 1220 dedit
2664 1166 2928 1223 Dominus
2960 1169 3324 1239 principatum
3356 1179 3412 1225 et

1836 1252 2005 1317 indm,
2034 1269 2158 1308 cum
2186 1256 2270 1311 his
2295 1266 2349 1310 et
2376 1256 2510 1310 mihi
2537 1267 2591 1313 et
2617 1257 2728 1312 Dan
2758 1268 2810 1315 et
2832 1258 3054 1329 Joseph,
3078 1270 3135 1316 ut
3160 1278 3409 1318 essemus

1838 1345 2130 1414 principes.
2182 1346 2410 1418 Propter
2454 1349 2559 1405 hoc
2597 1352 2800 1407 mando
2844 1353 3000 1408 vobis
3032 1355 3222 1409 audire
3254 1354 3402 1421 Levi,

1837 1440 2096 1509 quoniam
2132 1441 2247 1510 ipse
2291 1452 2480 1498 noscet
2509 1445 2679 1515 legem
2710 1444 2945 1513 Domini,
2989 1455 3044 1501 et
3084 1448 3287 1502 dividet
3319 1447 3410 1518 ju-

1836 1533 1977 1591 dicia
2012 1534 2123 1603 (81)
2168 1544 2223 1590 et
2252 1536 2519 1593 sacriﬁcia
2549 1553 2651 1607 pro
2691 1539 2839 1593 omni
2889 1538 3087 1604 Israel,
3133 1556 3308 1611 usque
3339 1540 3411 1595 ad

1837 1627 2363 1682 consummationem
2408 1639 2717 1699 temporum
2748 1631 3011 1701 principis
3056 1633 3408 1688 sacerdotum

1836 1717 2062 1784 Christi,
2086 1736 2249 1790 quem
2272 1720 2411 1776 dixit
2442 1721 2729 1779 Dominus.
2757 1724 2967 1795 Adjuro
2994 1739 3093 1781 vos
3119 1740 3214 1795 per
3236 1725 3407 1780 Deum

1836 1813 1985 1878 coeli,
2029 1822 2087 1866 ut
2148 1813 2359 1870 faciatis
2410 1816 2690 1871 veritatem
2744 1818 3124 1887 unusquisque
3162 1818 3414 1888 proximo

1836 1917 1959 1966 suo,
1998 1913 2052 1959 et
2074 1904 2139 1959 ad
2169 1904 2299 1958 Levi
2329 1907 2763 1977 appropinquate
2791 1908 2844 1961 in
2875 1908 3183 1963 humilitate
3206 1909 3409 1973 cordis,

1834 2004 1895 2049 ut
1922 1997 2197 2066 recipiatis
2228 1998 2663 2053 benedictionem
2682 2014 2749 2053 ex
2777 2014 2870 2054 ore
2896 2000 3085 2069 ipsius.
3113 2000 3233 2069 Ipse
3263 2000 3412 2055 enim

1832 2088 2117 2144 benedicet
2157 2088 2342 2145 Israeli
2401 2099 2455 2144 et
2516 2089 2708 2155 Iudae;
2767 2092 3028 2160 quoniam
3079 2108 3205 2146 eum
3252 2092 3413 2163 elegit

1834 2177 1978 2233 Deus
2022 2195 2202 2249 regem
2243 2180 2355 2251 (85)
2400 2196 2565 2250 super
2615 2196 2806 2237 omnes
2841 2183 3088 2257 populos,
3127 2182 3194 2237 Et
3222 2184 3415 2238 adora-

1833 2270 1964 2326 bitis
1998 2286 2184 2326 semen
2219 2272 2391 2342 ipsius
2434 2272 2571 2343 (84),
2604 2274 2863 2343 quoniam
2907 2290 3005 2343 pro
3031 2274 3187 2330 vobis
3212 2275 3412 2329 morie-

1833 2372 1922 2417 tur
1966 2365 2020 2417 in
2070 2364 2223 2420 bellis
2269 2365 2580 2421 visibilibus
2608 2376 2661 2420 et
2705 2366 3070 2422 invisibilibus
3094 2408 3109 2433 ,
3143 2375 3198 2422 et
3221 2368 3325 2422 erit
3356 2368 3410 2421 in

1832 2451 1989 2506 vobis
2028 2467 2122 2507 rex
2152 2454 2502 2509 saeculorum.
2549 2476 2567 2507 ι

1903 2632 2013 2686 Vll.
2056 2632 2123 2689 Et
2172 2644 2422 2690 mortuus
2473 2644 2558 2692 est
2614 2636 2834 2705 Ruben,
2890 2654 3014 2694 cum
3066 2640 3414 2709 praacepisset

1832 2725 1948 2779 haec
1975 2724 2104 2781 ﬁliis
2134 2727 2281 2793 suis;
2316 2736 2371 2782 et
2400 2741 2708 2797 posuerunt
2739 2746 2862 2784 eum
2895 2731 2950 2784 in
2976 2731 3131 2785 theca
3153 2774 3167 2798 ,
3209 2747 3413 2801 usque—

1831 2830 1945 2884 quo
1984 2815 2284 2873 referentes
2331 2833 2454 2873 eum
2513 2836 2579 2874 ex
2626 2819 2901 2892 Egypto,
2968 2822 3321 2891 sepelierunt
3358 2823 3415 2876 in

1833 2906 2046 2964 Hebron
2098 2909 2152 2964 in
2199 2911 2457 2980 spelunca
2497 2912 2720 2982 duplici,
2776 2914 2868 2968 ubi
2900 2923 3083 2983 patres
3129 2915 3415 2986 cjus(dor—

1726 3006 1729 3009 '
1831 3002 2107 3070 mierunt).

682 3083 1076 3136 ΚΕΦΑΛΑΙΟΝ
1119 3060 1203 3137 B'.
1532 3136 1533 3139 η

454 3171 711 3241 Διαθήκη
740 3174 1001 3242 Συμεὼν,
1032 3176 1163 3243 περὶ
1199 3177 1442 3243 φθόνου.

221 3282 300 3334 A'.
356 3282 708 3356 Ἀντίγραφον
748 3286 919 3355 λόγων
952 3286 1177 3359 Συμεὼν
1202 3329 1215 3349 ,
1251 3289 1287 3342 ἃ
1341 3288 1568 3359 ἐλάλησε
1622 3292 1734 3352 τοῖς

135 3374 287 3437 υἱοῖς
338 3374 522 3441 αὐτοῦ,
575 3377 680 3446 πρὸ
728 3378 821 3431 τοῦ
854 3378 1032 3432 θανεῖν
1060 3379 1219 3433 αὐτὸν
1261 3380 1318 3431 ὲν
1368 3386 1450 3450 ρκ’
1494 3380 1603 3433 ἔτει
1637 3380 1735 3448 τῆς

138 3466 299 3537 ζωῆς
354 3466 537 3531 αὐτοῦ,
585 3469 643 3520 ὲν
686 3462 730 3537 ᾧ
764 3468 874 3522 ἔτει
920 3469 1191 3525 ἀπέθανεν
1258 3473 1473 3542 Ἰωσήφ.
1531 3468 1733 3525 Ἦλθον

138 3559 259 3630 γὰρ
322 3560 716 3629 ἐπισκέψασθαι
780 3564 939 3616 αὐτὸν
1002 3565 1390 3637 ἀρρωστοῦντα
1423 3584 1435 3596 ’
1496 3566 1589 3618 καὶ
1645 3567 1731 3618 ὲν-

141 3649 380 3720 ισχυσας
403 3652 643 3718 ἐκάθισε,
680 3656 773 3708 καὶ
811 3657 1170 3729 κατεφίλησεν
1204 3659 1419 3722 αὐτοὺς,
1465 3658 1557 3710 καὶ
1583 3653 1733 3711 εἶπεν

140 3744 339 3806 αὐτοῖς
366 3760 380 3773 ο

224 3834 300 3887 B'.
333 3853 351 3884 ι
400 3836 709 3899 Ἀκούσατε,
737 3838 919 3901 τέκνα,
956 3839 1223 3893 ἀκούσατε
1258 3840 1479 3912 Συμεὼν
1510 3841 1603 3894 τοῦ
1632 3857 1735 3893 πα-

138 3924 278 3996 τρὸς
311 3926 486 3996 ὑμῶν,
521 3928 621 3980 ὅσα
661 3928 768 3998 ἔχω
800 3930 857 3981 ὲν
888 3932 954 4000 τῇ
992 3930 1188 4002 καρδίᾳ
1218 3949 1339 4001 μου.
1388 3930 1526 4000 Ἐγὼ
1550 3932 1735 4001 ἐγενή-

142 4018 254 4087 Θην
280 4017 338 4083 ἐξ
380 4018 572 4071 Ἰακὼϐ
595 4018 689 4072 τοῦ
724 4021 927 4090 πατρός
963 4039 1062 4090 μου
1086 4022 1197 4084 υἱὸς
1220 4022 1489 4093 δεύτερος,
1516 4023 1608 4074 καὶ
1633 4021 1734 4073 Δία

140 4112 181 4181 ἡ
227 4110 412 4180 μήτηρ
446 4128 547 4179 μου
588 4112 814 4165 ἐκάλεσέ
845 4130 911 4184 με
948 4112 1230 4184 Συμεῶνα,
1265 4114 1347 4165 ὅτι
1389 4114 1587 4184 ἤκουσε
1616 4114 1733 4166 Κύ-

145 4218 269 4274 ριος
300 4201 398 4272 τῆς
429 4203 665 4272 δεήσεως
708 4205 897 4275 αὐτῆς.
941 4205 1173 4267 Δυνατὸς
1212 4205 1477 4276 ἐγενόμην
1508 4205 1731 4276 σφόδρα,

139 4295 253 4348 οὐκ
299 4294 568 4348 ὲδειλίασα
618 4295 850 4367 πρᾶξιν,
899 4297 1019 4350 οὐδὲ
1074 4297 1344 4377 ἐφοϐήθην
1378 4296 1485 4351 ἀπὸ
1535 4298 1733 4360 παντὸς

144 4389 496 4460 πράγματος.
561 4391 622 4443 'H
654 4391 763 4463 γὰρ
796 4391 991 4462 καρδία
1028 4408 1129 4461 μου
1160 4386 1227 4462 ἦν
1268 4392 1508 4463 σκληρὰ,
1543 4392 1635 4445 καὶ
1665 4392 1732 4445 τά
1772 4435 1815 4491 D

140 4480 339 4552 ἧπατά
366 4499 467 4551 μου
490 4482 741 4551 ἀκίνητα,
768 4484 861 4535 καὶ
886 4484 954 4535 τά
980 4482 1261 4553 σπλάγχνα
1285 4501 1385 4554 μου
1418 4484 1732 4556 ἀσυμπαθῆ·

143 4576 235 4627 ὅτι
260 4574 355 4626 καὶ
387 4575 420 4644 ὴ
452 4574 671 4644 ἀνδρεία
706 4576 813 4628 ἀπὸ
853 4576 1108 4644 Ὑψίστου
1140 4576 1347 4629 δέδοται
1386 4580 1500 4640 τοῖς
1527 4576 1736 4648 ἀνθρὼ-

146 4682 277 4728 ποις
303 4666 360 4715 ἐν
385 4664 581 4735 ψυχαῖς
605 4668 697 4719 καὶ
730 4668 788 4718 ὲν
823 4667 1054 4738 σώμασι.
1094 4668 1201 4727 Καὶ
1240 4669 1296 4720 ὲν
1321 4668 1398 4739 τῷ
1422 4668 1596 4740 καιρῷ
1625 4670 1738 4721 νεό-

142 4775 315 4827 τητος
345 4757 592 4830 ἐζήλωσα
619 4759 709 4812 τὸν
756 4760 973 4830 Ἰωσὴφ,
999 4762 1079 4813 ὅτι
1102 4762 1291 4829 ἠγάπα
1318 4762 1475 4814 αὐτὸν
1507 4764 1535 4815 ό
1556 4760 1737 4831 πατὴρ

144 4850 344 4921 ἡμῶν·
390 4851 483 4903 καὶ
524 4853 786 4923 ὲστήρισα
830 4854 918 4905 ἐπ’
968 4852 1128 4904 αὑτὸν
1169 4853 1237 4905 τὰ
1265 4854 1451 4923 ἦπατά
1489 4871 1589 4925 μου
1641 4853 1734 4907 τοῦ

143 4940 361 4996 ἀνελεῖν
394 4942 574 5004 αὐτὸν,
603 4943 682 4995 ὅτι
703 4944 730 4995 ὁ
752 4941 935 5012 ἄρχων
962 4942 1060 5012 τῆς
1088 4941 1313 5011 πλάνης,
1340 4942 1663 5007 ἀποστείλας
1677 4944 1738 4996 τὸ

143 5033 373 5104 πνεῦμα
400 5033 493 5087 τοῦ
528 5033 710 5105 ζήλου,
736 5032 1010 5101 ἐτύφλωσέ
1046 5050 1144 5102 μου
1169 5032 1260 5084 τὸν
1290 5031 1431 5096 νοῦν,
1465 5032 1537 5103 μὴ
1566 5050 1735 5103 προσ-
1768 5064 1779 5112 ,

146 5132 301 5201 ἐχειν
323 5128 471 5199 αὐτῷ
491 5130 566 5192 ὼς
586 5127 801 5198 ἀδελφῷ
819 5169 832 5191 ,
866 5128 958 5180 καὶ
992 5128 1064 5197 μὴ
1092 5125 1379 5195 φείσασθαι
1425 5125 1615 5179 Ἰακὼϐ
1639 5124 1734 5178 τοῦ

142 5222 361 5291 πατρός
398 5238 519 5291 μου.
568 5218 703 5271 Ἀλλ’
742 5220 770 5270 ὁ
801 5219 931 5282 Θεὸς
954 5217 1138 5279 αὐτοῦ,
1166 5218 1261 5270 καὶ
1288 5219 1314 5270 ὁ
1341 5217 1473 5280 Θεὸς
1504 5218 1611 5271 τῶν
1634 5236 1737 5270 πα-

141 5316 328 5387 τέρων
371 5314 555 5379 αὑτοῦ,
604 5313 930 5375 ἀποστείλας
961 5312 1051 5364 τὸν
1081 5309 1308 5379 ἄγγελον
1341 5309 1536 5376 αὑτοῦ,
1574 5312 1736 5365 αὐτὸν

227 5447 344 5519 (79)
389 5447 703 5519 Ζηλώσετε
736 5447 878 5519 τοὺς
908 5446 1077 5519 υἱοὺς
1118 5445 1302 5519 Λευῖξ-
1339 5454 1441 5500 etc.
1500 5441 1737 5516 Respicit

146 5514 617 5576 ad'rebellioHem
650 5518 881 5583 Dathan,
925 5517 1129 5569 Abiron
1160 5524 1215 5569 et
1259 5514 1400 5579 "0n,
1435 5514 1735 5586 atqueipm-

148 5605 284 5647 nam
308 5589 375 5643 iis
400 5588 680 5648 inﬂictam,
711 5588 778 5642 de
809 5603 913 5655 qua
940 5587 1098 5639 Num.
1146 5602 1254 5651 XVI,
1288 5586 1337 5648 1,
1370 5603 1523 5656 seqq.
1562 5587 1730 5643 Cum.

224 5659 342 5727 (80)
375 5660 620 5723 Θυσίας.
648 5658 933 5727 Θυμιάσει.
966 5656 1039 5709 lo.

228 5728 344 5792 (8|)
376 5728 583 5783 Dividet
602 5729 834 5797 judicia.
864 5727 1141 5783 Discernet
1170 5728 1223 5783 in
1245 5727 1533 5797 judicium.
1561 5735 1630 5789 In.

2442 3096 2672 3151 CAPUT
2717 3096 2779 3151 ll.

2094 3184 2481 3240 Testamentum
2515 3185 2798 3254 Simeonis,
2841 3191 2903 3243 de
2941 3190 3163 3245 invidia.

1905 3276 1944 3330 ἰ.
1991 3276 2405 3347 Transcriptum
2434 3281 2729 3335 verborum
2764 3280 3009 3349 Simeon,
3048 3298 3170 3352 quae
3200 3283 3425 3338 locutus

1836 3375 1919 3421 est
1977 3367 2104 3421 ﬁliis
2162 3368 2321 3433 suis,
2397 3379 2692 3440 antequam
2746 3380 3051 3426 moreretur
3113 3372 3416 3427 centesimo

1836 3459 2099 3514 vicesimo
2144 3475 2291 3514 anno
2336 3462 2461 3515 vita;
2492 3478 2625 3527 suae,
2668 3465 2721 3516 in
2752 3478 2862 3531 quo
2904 3471 3152 3517 mortuus
3194 3471 3278 3518 est
3321 3462 3416 3518 Jo-

1837 3552 1989 3621 seph.
2024 3550 2301 3608 Venerunt
2345 3554 2491 3607 enim
2536 3555 2759 3609 visitare
2804 3555 2982 3623 ipsum
3013 3563 3363 3626 aagrotantem
3399 3575 3413 3610 ε

1835 3656 1889 3702 et
1919 3647 2116 3703 enixus
2143 3648 2282 3703 sedit
2315 3648 2370 3702 in
2396 3649 2559 3709 lecto.
2578 3658 2632 3704 et
2647 3651 2927 3706 osculatus
2956 3660 3041 3706 est
3060 3666 3176 3717 eos,
3196 3659 3251 3706 et
3278 3650 3418 3706 dixit

1835 3740 1915 3795 eis
1942 3758 1955 3794 :

1907 3831 2243 3900 ll.¢Audite,
2295 3833 2423 3900 ﬁlii,
2477 3834 2664 3890 audite
2707 3834 3020 3889 Simeonem
3068 3844 3277 3905 patrem
3331 3832 3420 3890 ve-

1837 3933 2009 3978 strum
2037 3965 2051 3987 ,
2091 3939 2433 3993 quaecunque
2466 3923 2642 3978 habeo
2668 3923 2720 3978 in
2747 3924 2912 3979 corde
2940 3939 3084 3977 meo.
3119 3923 3233 3993 Ego
3263 3926 3420 3994 geni-

1836 4023 1926 4069 tus
1971 4030 2094 4070 sum
2144 4031 2210 4068 ex
2243 4014 2413 4069 Jacob
2444 4022 2597 4083 patre
2643 4029 2765 4069 meo
2808 4013 2951 4067 ﬁlius
2996 4013 3307 4080 secundus;
3365 4022 3420 4069 et

1837 4106 1930 4161 Lia
1956 4117 2130 4162 mater
2161 4124 2283 4163 mea
2309 4108 2526 4162 vocavit
2550 4123 2637 4162 me
2667 4106 2999 4171 Simeonem,
3033 4104 3295 4175 quoniam
3319 4121 3419 4160 au-

1835 4198 1971 4251 divit
2016 4199 2283 4254 Dominus
2335 4199 2634 4253 orationem
2688 4198 2879 4266 ipsius.
2947 4195 3145 4251 Potens
3193 4195 3418 4250 effectus

1836 4308 1957 4347 sum
1991 4293 2177 4357 valde;
2218 4308 2326 4345 non
2362 4291 2652 4346 formidavi
2678 4291 3049 4360 operationem
3073 4329 3088 4353 ,
3144 4304 3321 4358 neque
3352 4288 3421 4341 ti-

1844 4385 1956 4438 mui
1990 4386 2059 4439 ab
2102 4385 2252 4437 omni
2284 4400 2364 4438 re.
2409 4384 2517 4437 Cor
2551 4383 2695 4436 enim
2728 4397 2908 4435 meum
2947 4388 3065 4434 erat
3099 4380 3321 4441 durum,
3364 4388 3421 4432 et

1846 4479 2040 4546 hepata
2073 4493 2191 4531 mea
2218 4476 2544 4537 immobilia.
2580 4484 2634 4530 et
2666 4475 2874 4529 viscera
2916 4488 3035 4527 mea
3062 4486 3168 4527 non
3193 4486 3418 4541 compa-

1847 4572 2064 4635 tientia;
2089 4570 2350 4640 quoniam
2374 4580 2428 4624 et
2458 4569 2719 4623 fortitudo
2746 4568 2813 4623 ab
2833 4567 3116 4623 Altissimo
3140 4568 3299 4621 datur
3326 4567 3421 4620 ho-

1844 4662 2087 4715 minibus
2130 4662 2184 4715 in
2217 4660 2506 4715 animabus
2540 4670 2595 4715 et
2624 4659 2966 4729 corporibus.
2998 4658 3063 4712 Et
3092 4658 3145 4712 in
3172 4667 3419 4726 tempore

1835 4754 2139 4823 juventutis
2171 4754 2339 4807 invidi
2362 4752 2584 4823 Joseph,
2607 4754 2865 4823 quoniam
2896 4753 3084 4807 dilexit
3107 4767 3231 4805 cum
3260 4757 3420 4819 pater

1840 4856 2055 4911 noster;
2092 4856 2145 4901 et
2178 4846 2385 4901 ﬁrmavi
2419 4861 2585 4915 super
2612 4861 2737 4900 eum
2771 4846 2968 4915 hepata
3000 4860 3120 4899 mea
3157 4844 3225 4898 ad
3270 4842 3419 4897 occi-

1838 4936 2072 4990 dendum
2126 4953 2275 5003 eum,
2328 4937 2588 5006 quoniam
2623 4936 2877 5005 princeps
2922 4937 3150 5002 erroris,
3193 4936 3419 4989 mittens

1841 5030 2093 5099 spiritum
2129 5031 2251 5097 zeli,
2284 5030 2577 5087 exczecavit
2604 5039 2842 5085 mentem
2869 5046 3069 5095 meam,
3108 5038 3168 5083 ut
3196 5044 3304 5083 non
3336 5037 3419 5082 at-

1842 5124 2116 5179 tenderem
2139 5126 2187 5179 ei
2231 5125 2372 5180 sicut
2410 5123 2589 5189 fratri,
2633 5139 2735 5179 nec
2765 5139 3043 5193 parcerem
3076 5121 3245 5178 Jacob
3274 5120 3416 5190 patri

1840 5232 1980 5272 meo.
2030 5216 2136 5272 Sed
2188 5216 2330 5272 Deus
2374 5217 2493 5286 ejus
2540 5227 2594 5271 et
2627 5214 2771 5271 Deus
2814 5226 3031 5287 patrum
3082 5216 3242 5285 ejus,
3283 5217 3414 5271 mit-

1841 5323 1960 5367 tens
2033 5312 2285 5381 angelum
2345 5326 2502 5365 suum
2542 5352 2556 5376 ,
2633 5311 2773 5365 eruit
2834 5325 2961 5365 eum
3027 5326 3094 5365 ex
3161 5311 3417 5366 manibus

1912 5444 2020 5513 (82)
2045 5443 2153 5496 Kal
2183 5442 2331 5513 πρὸς
2365 5441 2485 5491 τόν.
2520 5440 2628 5492 Καὶ
2660 5441 2879 5511 ἀγάπην
2906 5441 3133 5493 ἕκαστον
3159 5438 3291 5507 1:92.;
3325 5437 3417 5489 τὸν

1839 5511 2262 5588 ἀδελφὸν-αὑτοῦ.
2296 5511 2433 5588 Ιυολ
2779 5581 2797 5588 _
2994 5580 3005 5588 _
3082 5580 3091 5588 _
3152 5576 3187 5588 ἢ
3294 5577 3302 5586 _

1910 5576 2021 5653 (83)
2048 5584 2219 5653 Elegit
2251 5599 2366 5635 eum
2396 5581 2530 5634 Deus
2564 5597 2750 5649 regem.
2779 5581 2836 5635 In
2856 5596 2921 5635 co
2962 5580 3119 5649 elegit
3152 5576 3418 5634 Dominus

1841 5653 2240 5796 Γυῗὲἓῖϐέεϊίεη
2273 5723 2455 5791 ipsius.
2492 5721 2694 5792 Ipsum.
2731 5722 2809 5778 in.
