3830 6216
451 236 584 296 1087

1456 226 1915 297 ΓΕΞΤᾹΜΕΝΤΑ
1968 238 2064 296 xu
2106 238 2726 301 PATBIARCHARL'M.

3605 248 3759 306 “HS

441 354 601 411 meis.
660 350 733 409 Ut
790 352 937 409 enim
996 369 1100 428 ego
1147 354 1317 411 ieram
1384 354 1439 409 in
1502 354 1764 412 Sichimis
1830 354 2023 411 aﬂ'erre

2135 354 2193 408 ἐκ
2224 354 2334 410 τῶν
2374 359 2575 431 χειρῶν
2617 379 2719 434 μου
2753 364 3041 437 ἐρρύσατο.
3089 366 3177 431 Ὧς
3207 366 3317 439 γὰρ
3342 366 3456 435 ἐγὼ
3494 368 3750 437 ἐποκεῖ-

442 454 783 515 unguenlum
830 444 1115 515 gregibus,
1162 452 1217 500 et
1274 442 1466 504 Ruben
1519 444 1573 527 ip
1633 443 1887 501 Dothaim
1936 447 2029 503 ubi

441 548 603 594 erant
631 539 947 594 necessaria
977 537 1136 593 nobis
1162 546 1218 592 et
1246 538 1431 592 omnis
1456 554 1661 608 penus,
1706 538 1877 596 Judas
1924 538 2030 596 fra-

442 637 526 684 ter
558 645 716 684 meus
769 629 1012 685 vendidit
1047 646 1171 684 eum
1212 629 1523 685 lsmaelitis.
1556 629 1624 685 Et
1652 632 1877 688 veniens
1914 632 2028 690 Ru-

442 718 549 772 ben
580 718 829 774 tristatus
853 728 972 785 est;
1010 719 1183 773 voluit
1213 720 1360 773 enim
1399 720 1579 790 ipsum
1613 721 1823 777 salvum
1860 724 2025 779 redu-

442 824 569 864 cere
609 809 678 864 ad
721 818 953 881 patrem.
1000 808 1114 880 Ego
1156 824 1285 863 vero
1318 809 1490 866 iratus
1524 826 1673 866 eram
1698 810 1872 881 Judzc,
1896 830 2029 885 quo-

441 900 590 954 niam
632 901 902 957 viventem
930 902 1108 972 ipsum
1150 902 1396 970 dimisit;
1429 913 1484 958 et
1524 902 1599 958 fui
1626 921 1844 962 menses
1864 908 2029 977 quin-

440 1008 549 1065 que
586 994 759 1050 iratus
783 996 865 1061 ei;
900 996 1182 1066 impedivit
1207 1006 1390 1053 autem
1418 1014 1504 1053 me
1531 996 1675 1055 Deus
1697 1044 1713 1067 ,
1748 1008 1802 1057 et
1840 1002 2029 1072 prohi-

441 1086 566 1142 buit
610 1102 639 1142 a
683 1103 769 1143 me
805 1090 1179 1159 operationem
1221 1106 1509 1159 manuum,
1540 1092 1798 1163 quoniam
1828 1110 2027 1151 manus

442 1195 564 1235 mea
592 1181 783 1235 dextra
826 1182 1112 1238 semisicca
1143 1192 1263 1238 erat
1283 1200 1382 1255 per
1411 1185 1529 1241 dies
1566 1196 1794 1256 septem.
1840 1187 1905 1242 Et
1941 1203 2029 1244 co-

442 1274 627 1341 gnovi,
654 1274 772 1341 lilii,
807 1273 952 1344 quod
996 1286 1214 1345 propter
1258 1274 1460 1348 Ioseph
1493 1277 1597 1333 hoc
1629 1278 1763 1332 mihi
1790 1280 2023 1348 accidit;

440 1378 496 1421 et
541 1366 810 1437 ptenitens
857 1366 1001 1433 flevi,
1045 1377 1099 1421 et
1122 1369 1273 1423 oravi
1300 1367 1592 1423 Dominum
1628 1380 1686 1425 ut
1715 1372 2028 1427 restitueret

440 1476 666 1516 manum
694 1470 963 1526 meam,et
984 1462 1313 1518 abstinerem
1340 1466 1409 1518 ab
1434 1464 1583 1518 omni
1610 1464 2026 1535 inquinamento

441 1560 497 1609 et
539 1552 764 1619 invidia,
816 1562 868 1608 et
910 1554 977 1608 ab
1024 1554 1176 1609 omni
1219 1554 1551 1625 insipientia.
1590 1553 1832 1625 Cognovi
1879 1559 2025 1612 enim

441 1644 589 1715 quod
626 1645 993 1716 perniciosam
1025 1660 1137 1700 rem
1164 1646 1534 1716 cogitaveram
1577 1662 1765 1703 coram
1794 1647 2027 1704 Domino

441 1747 498 1792 et
527 1736 698 1793 .lacob
725 1748 879 1807 patre
911 1751 1057 1805 meo,
1092 1747 1281 1793 contra
1304 1737 1507 1809 Joseph
1554 1738 1779 1795 fratrem
1816 1756 2021 1809 meum,
2056 1720 2099 1776 Β

443 1829 697 1883 invidens
726 1827 799 1882 ei.

514 2011 601 2070 Ill.
657 2034 677 2067 ι
716 2013 780 2069 Et
813 2031 979 2082 nunc,
1034 2014 1161 2083 filii,
1206 2018 1480 2075 custodite
1522 2035 1622 2077 vos
1663 2035 1695 2076 a
1742 2020 2026 2091 spiritibus

440 2108 647 2166 erroris
693 2117 749 2166 et
788 2110 1024 2166 invidiae.
1054 2109 1267 2168 Etenim
1302 2114 1502 2169 invidia
1531 2112 1845 2170 dominatur
1873 2115 2025 2169 omni

442 2202 814 2274 intelligentia:
862 2204 1124 2270 hominis,
1178 2214 1232 2261 et
1279 2221 1388 2261 non
1431 2207 1634 2276 patitur
1658 2222 1784 2262 eum
1819 2208 1903 2263 vel
1939 2222 2028 2263 co-

441 2296 703 2364 medere,
751 2297 837 2352 vel
871 2297 1075 2366 bibere,
1106 2297 1191 2354 vel
1245 2297 1426 2355 facere
1471 2299 1676 2371 aliquid
1718 2301 1883 2369 boni;
1929 2302 2024 2358 sed

442 2405 661 2459 semper
702 2391 948 2463 suggerit
984 2391 1234 2447 occidere
1278 2406 1436 2458 eum,
1479 2392 1569 2448 cui
1616 2392 1931 2463 invidetur;
1972 2404 2027 2451 et

442 2483 747 2539 invidiosus
790 2498 1003 2552 semper
1036 2482 1214 2550 ﬂoret,
1262 2484 1510 2541 invidens
1549 2502 1678 2541 vero
1714 2488 2021 2543 marcescit.

440 2574 545 2631 Per
590 2574 730 2631 duos
773 2590 951 2631 annos
984 2576 1198 2631 dierum
1239 2577 1294 2633 in
1336 2578 1532 2633 timore
1576 2577 1793 2635 Domini
1838 2580 2025 2649 punivi

440 2666 684 2721 animam
711 2683 888 2721 meam
918 2665 1133 2739 jejunio
1162 2686 1176 2734 ;
1212 2678 1267 2724 et
1290 2670 1519 2741 cognovi
1544 2671 1691 2741 quod
1712 2672 1915 2728 solutio
1941 2673 2026 2728 in-

437 2758 601 2814 vidiae.
636 2774 733 2829 per
778 2759 1031 2815 timorem
1079 2759 1172 2815 Dei
1201 2762 1452 2818 ellicitur.
1499 2762 1556 2817 Si
1588 2764 1714 2834 quis
1740 2764 1810 2819 ad
1839 2763 2028 2821 Domi-

440 2868 575 2908 num
607 2849 862 2920 refugiat,
902 2849 1114 2924 aufugit
1151 2853 1495 2922 perniciosus
1529 2855 1757 2924 spiritus
1786 2855 1856 2912 ab
1881 2855 2021 2926 ipso,

439 2953 497 2998 et
518 2941 757 2999 efficitur
780 2959 936 2998 mens
964 2944 1130 3011 levis;
1160 2954 1214 2999 et
1237 2944 1350 3015 jam
1376 2946 1705 3016 compatitur
1732 2948 2022 3017 invidioso,

2134 443 2235 517 θην
2266 449 2325 502 ἐν
2356 452 2642 523 Σικήμοις,
2669 454 2889 525 ἐνέγκαι
2913 457 3154 528 άλειμμα
3172 462 3283 522 τοῖς
3302 460 3614 531 ποιμνίοις,
3642 462 3747 513 καὶ

2141 538 2383 615 Ῥουὸὴμ
2408 545 2490 609 είς
2521 546 2760 619 Δοθαῒμ,
2796 550 2931 603 ὅπου
2966 552 3037 606 τά
3068 552 3403 625 ἐγχρῄζοντα
3434 557 3603 625 ἡμῖν,
3642 553 3743 607 καὶ

2130 634 2282 690 πᾶσα
2324 637 2359 708 ή
2396 637 2655 704 ἀπόθεσις
2676 684 2691 709 ,
2744 642 2943 707 Ἰούδας
2966 646 2996 698 6
3030 645 3253 715 ἀδελφός
3295 663 3399 717 μου
3435 644 3746 717 ἐπώλησεν

2130 729 2293 782 αὐτὸν
2324 733 2437 795 τοῖς
2484 732 2870 804 Ἱσμαηλίταις.
2900 738 3011 790 Καὶ
3035 737 3205 793 ἐλθὼν
3245 739 3494 810 Ῥουὸὴμ.
3528 740 3743 811 ἐλυπή-

2129 819 2234 891 θη·
2287 821 2447 893 ήΟελε
2493 824 2602 896 γάρ
2640 826 2802 880 αὐτὸν
2841 826 3105 883 διασῶσαι
3151 828 3289 901 πρὸς
3338 830 3434 883 τὸν
3483 830 3740 901 πατέρα.

2142 918 2283 987 Ἐγὼ
2320 916 2378 971 δὲ
2408 917 2688 989 ὠργίσθην
2724 918 2804 991 τῷ
2852 919 3041 992 Ἰούδᾳ,
3073 922 3154 976 ὅτι
3177 922 3353 986 ζῶντα
3386 924 3565 978 αὑτὸν
3599 927 3745 980 ἀτει-

2129 1011 2257 1065 λυσε
2277 1029 2289 1041 ·
2336 1013 2431 1066 καὶ
2470 1013 2701 1082 ἐποίησα
2741 1014 2916 1084 μῆνας
2964 1013 3126 1067 πέντε
3155 1015 3514 1089 ὀργιζόμενος
3540 1016 3705 1089 αὖτῷ
3725 1033 3740 1047 .

2129 1103 2288 1174 καίγε
2326 1105 2639 1159 συνεπόδισέ
2668 1124 2734 1177 με
2764 1108 2793 1159 6
2832 1105 2998 1173 Θεὸς,
3032 1109 3126 1161 καὶ
3158 1109 3433 1163 ἐκώλυσεν
3457 1111 3570 1164 ἀπ’
3596 1110 3741 1182 ἐμοῦ

2126 1196 2319 1268 δρᾶσιν
2355 1197 2553 1269 χειρῶν
2574 1215 2586 1228 ο
2624 1199 2707 1251 ὅτι
2739 1200 2771 1269 ὴ
2800 1199 2922 1270 χείρ
2960 1216 3062 1270 μου
3096 1202 3129 1271 ή
3161 1200 3309 1266 δεξιά
3347 1202 3639 1274 ἠμίξηρος
3670 1198 3742 1273 ἦν

2128 1290 2222 1343 ἐπὶ
2254 1291 2468 1362 ἡμέρας
2505 1292 2572 1356 ζ’.
2619 1291 2730 1344 Καὶ
2757 1290 2954 1359 ἔγνων,
2984 1291 3171 1355 τέκνα,
3209 1293 3294 1347 ὅτι
3329 1295 3463 1365 περὶ
3530 1293 3741 1363 Tuom:

2126 1380 2285 1435 τοῦτό
2333 1398 2424 1452 μοι
2469 1379 2670 1451 συνέϐη
2716 1397 2730 1412 ο
2781 1382 2876 1436 καὶ
2928 1384 3271 1455 μετανοήσας
3314 1383 3593 1451 ἔκλαυσα,
3643 1386 3744 1438 καὶ

2126 1473 2379 1546 ηὐξάμην
2411 1473 2635 1545 Κυρίῳ,
2674 1474 2762 1528 ἵνα
2800 1475 3237 1548 ἀποκαταστήσῃ
3268 1478 3368 1549 τὴν
3397 1479 3573 1550 χεῖρά
3607 1495 3739 1548 μου,

2126 1568 2219 1620 καὶ
2239 1566 2569 1637 ἀπόσχωμαι
2585 1566 2693 1620 ἀπὸ
2708 1569 2904 1634 παντὸς
2924 1567 3224 1642 μολυσμοῦ,
3251 1572 3345 1623 καὶ⁸
3372 1570 3611 1639 φθόνου,
3641 1572 3743 1623 καὶ

2128 1658 2236 1713 ἀπὸ
2296 1658 2479 1729 πάσης
2526 1657 2858 1731 ἀφροσύνης.
2914 1661 3125 1729 Ἐγνων
3171 1660 3301 1732 γὰρ,
3357 1661 3441 1714 ὅτι
3483 1662 3743 1733 πονηρὸν

2128 1755 2360 1825 πρᾶγμα
2387 1754 2727 1826 ἐνεθυμήθην
2753 1753 2986 1808 ἐνώπιον
3011 1752 3242 1824 Κυρίου,
3270 1754 3367 1807 καὶ
3402 1752 3612 1806 Ἰακὼϐ
3634 1752 3737 1806 τοῦ

2127 1846 2334 1917 πατρός
2377 1863 2501 1917 μου,
2531 1846 2620 1900 διὰ
2665 1846 2861 1917 Ἰωσὴφ
2894 1846 2988 1899 τὸν
3015 1844 3240 1916 ἀδελφόν
3272 1862 3399 1914 μου,
3443 1844 3739 1916 φθονήσας

2130 1956 2299 1993 αυτω.

2200 2032 2272 2084 l".
2317 2049 2337 2084 ι
2362 2033 2473 2088 Καὶ
2498 2031 2613 2099 νῦν,
2637 2032 2827 2097 τέκνα,
2860 2030 3169 2101 φυλάξασθε
3191 2030 3303 2084 ἀπὸ
3330 2030 3447 2084 τῶν
3474 2030 3734 2100 πνευμάσ

2125 2143 2238 2181 των
2279 2124 2380 2197 τῆς
2427 2125 2637 2197 πλάνης
2676 2126 2773 2179 καὶ
2819 2123 2917 2178 τοῦ
2952 2124 3172 2193 φθόνου.
3208 2124 3320 2177 Καὶ
3339 2122 3504 2195 γάρὸ
3533 2123 3733 2191 φθόνος

2127 2222 2372 2293 κυριεύει
2402 2222 2585 2293 πάσης
2628 2222 2730 2291 τῆς
2752 2220 2994 2285 διανοίας
3018 2218 3113 2273 τοῦ
3136 2217 3429 2289 ἀνθρώπου
3452 2258 3469 2283 ,
3500 2218 3607 2271 καὶ
3630 2218 3731 2270 οὐκ

2126 2315 2352 2387 ἀφίησιν
2380 2313 2544 2368 αὐτὸν
2573 2311 2699 2369 οὔτε
2721 2315 2918 2383 φαγεῖν
2938 2355 2954 2380 ,
2982 2311 3109 2366 οὔτε
3143 2313 3309 2373 πιεῖν,
3337 2310 3469 2364 οὔτε
3496 2312 3729 2382 ποιῆσαί

2127 2425 2182 2461 τι
2207 2406 2414 2475 ἀγαθόν
2437 2420 2452 2437 ·
2481 2404 2619 2460 ἀλλά
2643 2404 2875 2459 πάντοτε
2904 2402 3199 2458 ὑποϐάλλει
3227 2402 3444 2456 ἀνελεῖν
3462 2402 3563 2453 τὴν
3600 2401 3729 2470 φθο-

2126 2499 2216 2556 νού
2226 2515 2413 2571 μενον·
2457 2499 2553 2553 καὶ
2582 2500 2612 2552 6
2638 2496 2736 2569 μὲν
2767 2496 3129 2569 φθονούμενος
3150 2495 3383 2549 πάντοτε
3406 2493 3590 2559 ἀνθεῖ,
3615 2494 3647 2547 6
3670 2494 3729 2548 δὲ

2127 2597 2338 2667 φθονῶν
2365 2591 2707 2666 μαραίνεται.
2734 2588 2838 2643 Δύο
2867 2588 2966 2658 ῑτη
2996 2586 3220 2659 ήμερῶν
3244 2587 3306 2640 ἐν
3330 2584 3489 2655 φόϐῳ
3516 2584 3729 2655 Κυρίου

2125 2690 2385 2743 ἐκάκωσα
2413 2685 2513 2756 τὴν
2536 2684 2716 2755 ψυχήν
2750 2698 2852 2753 μου
2877 2682 2939 2735 ἐν
2966 2680 3189 2751 νηστείᾳ
3210 2696 3225 2709 ·
3255 2681 3351 2731 καὶ
3373 2678 3557 2746 ἔγνων
3580 2679 3667 2730 ὅτι
3696 2678 3728 2747 ή

2126 2782 2279 2845 λύσις
2317 2779 2415 2834 τοῦ
2456 2776 2652 2847 φθόνου
2683 2774 2774 2829 διὰ
2820 2772 2987 2844 φόϐου
3016 2771 3157 2826 Θεοῦ
3196 2770 3431 2840 γίνεται.
3476 2768 3616 2823 Ἐάν
3648 2786 3731 2832 τις

2126 2872 2219 2925 ἐπὶ
2242 2870 2447 2941 Κύριον
2470 2865 2795 2937 καταφεύγῃ
2814 2904 2829 2927 ,
2868 2863 3163 2936 ἀποτρέχει
3185 2862 3247 2915 τὸ
3279 2861 3528 2933 πονηρὸν
3560 2860 3730 2914 πνεῦ-

2131 2985 2207 3038 μα
2249 2966 2345 3020 ἀπ’
2406 2961 2593 3029 αὑτοῦ,
2650 2960 2745 3013 καὶ
2791 2960 3001 3028 γίνεται
3042 2961 3076 3029 ἡ
3119 2958 3328 3011 διάνοια
3370 2957 3591 3027 κούφην
3636 2954 3729 3007 καὶ

440 3047 496 3093 et
526 3053 634 3091 non
681 3038 1029 3108 reprehendit
1052 3039 1339 3110 diligentes
1372 3040 1575 3110 ipsum,
1600 3051 1654 3097 et
1679 3041 1753 3097 ita
1783 3045 2020 3113 quiescit

2135 3062 2304 3122 λοιπὸν
2339 3055 2615 3130 συμπαθεῖ
2657 3054 2737 3126 τῷ
2765 3052 3131 3123 φθονουμένῳ,
3172 3050 3268 3103 καὶ
3299 3050 3359 3101 οὐ
3407 3050 3727 3117 καταγινώ-

441 3127 510 3182 ab
539 3127 765 3185 invidia.

513 3304 604 3362 IV.
654 3327 672 3360 ι
696 3305 764 3362 Ει
789 3308 1162 3381 interrogabat
1198 3318 1353 3380 pater
1374 3311 1442 3367 de
1465 3326 1577 3375 me,
1601 3313 1862 3381 quoniam
1887 3313 2024 3370 vidit

442 3417 531 3456 me
552 3402 789 3470 tristem,
829 3412 883 3459 et
917 3402 1200 3459 dicebam:
1234 3423 1251 3456 ι
1278 3402 1479 3474 Hepata
1515 3420 1633 3461 mea
1660 3406 1873 3461 doleo.»
1898 3405 2022 3461 Tri-

443 3495 633 3550 stabar
658 3497 803 3551 enim
825 3512 992 3566 supra
1015 3512 1229 3564 omnes,
1247 3499 1509 3567 quoniam
1544 3513 1644 3569 ego
1676 3514 1828 3555 eram
1854 3513 2022 3554 causa

440 3588 772 3643 venditionis
823 3586 1048 3659 Joseph.
1151 3587 1219 3643 Et
1262 3589 1483 3659 quando
1541 3589 1923 3645 descendimus
1964 3591 2021 3646 in

445 3676 765 3750 A‘ngptum,
791 3688 846 3735 et
866 3678 1052 3749 ligavit
1069 3695 1155 3735 me
1174 3680 1320 3734 velut
1343 3680 1768 3749 exploratorem,
1793 3681 2021 3751 cognovi

443 3770 591 3842 quod
612 3770 761 3841 justc
796 3771 1063 3841 patiebar,
1112 3780 1168 3826 et
1194 3787 1302 3827 non
1340 3788 1462 3830 sum
1495 3774 1873 3829 contristatus.
1922 3773 2023 3829 Jo-

444 3865 578 3934 seph
614 3880 744 3919 vero
767 3872 887 3918 erat
919 3864 1003 3918 vir
1032 3864 1244 3931 bonus;
1284 3872 1340 3919 et
1364 3864 1572 3920 habens
1604 3863 1870 3935 Spiritum
1925 3864 2021 3921 Dei

443 3955 502 4012 in
528 3956 732 4026 seipse,
767 3955 1084 4012 misericors
1112 3964 1166 4010 ct
1215 3956 1479 4021 clemens,
1538 3972 1649 4011 non
1701 3958 2022 4014 recordatus

444 4056 533 4105 est
564 4047 748 4103 facere
773 4048 977 4102 malum
1008 4048 1167 4113 mihi,
1188 4048 1281 4101 sed
1308 4057 1363 4101 et
1397 4047 1590 4107 dilexit
1632 4063 1720 4103 me
1773 4058 1834 4104 ut
1881 4050 2023 4105 alios

442 4138 665 4196 fratres.
695 4139 981 4193 Custodite
1009 4138 1176 4208 igitur
1200 4152 1323 4203 vos,
1354 4138 1447 4192 lilii
1476 4140 1604 4206 mei,
1631 4140 1700 4195 ab
1730 4141 1881 4195 omni
1905 4142 2022 4196 zelo

442 4242 498 4289 et
533 4232 761 4295 invidia,
792 4241 845 4287 et
872 4230 1147 4285 ambulate
1176 4230 1229 4283 in
1258 4230 1611 4299 simplicitate
1645 4232 1843 4287 animae
1874 4243 1928 4289 et
1966 4234 2021 4288 in

440 4324 587 4380 bono
604 4323 791 4389 corde,
828 4323 1135 4391 cogitantes
1161 4321 1382 4377 fratrem
1421 4325 1595 4393 patris
1622 4327 1814 4391 vestri,
1842 4337 1903 4381 ut
1930 4328 2023 4384 det

2130 3174 2249 3214 σκει
2274 3154 2382 3207 τῶν
2408 3146 2751 3218 ἀγαπώντων
2782 3145 2895 3217 (85)
2936 3144 3120 3209 αὐτὸν,
3156 3143 3251 3196 καὶ
3283 3141 3463 3205 οὕτως
3491 3141 3727 3195 παύεται

2122 3246 2217 3301 τοῦ
2240 3242 2456 3314 φθόνου.

2195 3340 2268 3391 Δθ.
2304 3355 2322 3387 ι
2346 3327 2541 3403 Καιῆν
2563 3329 2784 3403 ἐρωτῶν
2829 3330 2858 3383 6
2889 3326 3075 3398 πατὴρ
3096 3326 3226 3398 περὶ
3262 3322 3429 3395 ἐμοῦ,
3460 3325 3549 3377 ὅτι
3582 3323 3726 3393 ἐώρα

2126 3444 2195 3499 με
2219 3424 2565 3497 σκυθρωπὸν,
2589 3422 2683 3475 καὶ
2701 3420 2887 3488 ἔλεγον
2906 3436 2919 3449 ·
2956 3437 2975 3471 ι
2999 3417 3080 3471 Τά
3098 3418 3288 3489 ἥπατά
3314 3434 3420 3488 μου
3442 3417 3726 3488 κακοῦμαι

2122 3517 2287 3589 ἐγώ.»
2308 3513 2596 3570 Ἐπένθουν
2630 3511 2743 3582 γάρ
2766 3509 2916 3581 παρά
2943 3509 3182 3574 πάντας,
3210 3509 3293 3562 ὅτι
3320 3508 3437 3576 ἐγὼ
3460 3510 3615 3580 ἥμην
3641 3511 3725 3562 αἶ-

2120 3611 2346 3682 τιοςτῆς
2366 3609 2624 3682 πράσεως
2663 3606 2881 3677 Ἰωσήφ.
2949 3604 3061 3659 Καὶ
3119 3604 3207 3656 ὅτε
3258 3602 3589 3675 κατέδημεν
3644 3607 3725 3667 εἰς

2121 3706 2417 3774 Αἴγυπτον,
2451 3702 2552 3754 καὶ
2578 3699 2739 3770 ἔδησε
2775 3715 2843 3769 με
2869 3697 2946 3761 ὡς
2993 3696 3363 3761 κατάσκοπον,
3414 3697 3597 3765 ἔγνων
3642 3700 3723 3751 ὅτι

2123 3796 2347 3859 δικαίως
2379 3797 2593 3865 πάσχω,
2622 3792 2721 3848 καὶ
2763 3793 2867 3845 οὐκ
2913 3789 3250 3861 ἐλυπούμην.
3300 3788 3506 3860 Ἰωσὴφ
3556 3790 3618 3842 δὲ
3656 3785 3725 3859 ἦν

2124 3890 2263 3961 ἀνὴρ
2297 3886 2521 3956 ἀγαθὸς,
2549 3886 2643 3941 καὶ
2666 3884 2807 3955 ἔχων
2832 3883 3054 3954 πνεῦμα
3099 3880 3238 3935 Θεοῦ
3291 3882 3351 3934 ἐν
3401 3881 3562 3953 αὑτῷ
3584 3924 3599 3948 ,
3635 3883 3725 3935 εὖ·

2125 3980 2433 4049 σπλαγχνος
2459 3977 2557 4030 κα).
2586 3977 2854 4047 ἐλεήμων,
2882 3976 2985 4027 οὐκ
3010 3973 3421 4045 ἐμνησικάκησέ
3455 3991 3571 4043 μοι,
3589 3974 3723 4027 ἀλλά

2125 4073 2217 4125 καὶ
2235 4069 2489 4142 ἠγάπησὲ
2513 4086 2601 4139 με,
2623 4067 2699 4131 ὡς
2724 4067 2852 4131 τοὺς
2872 4066 3066 4129 ἄλλους
3096 4064 3376 4134 ἀδελφούς.
3402 4065 3718 4131 Φυλάξασθε

2064 4190 2083 4229 χ
2123 4157 2423 4225 οὖν,τέκνα
2459 4176 2583 4231 μου,
2620 4158 2730 4212 ἀπὸ
2777 4157 2982 4220 παντὸς
3010 4156 3173 4231 ζήλου
3203 4157 3299 4210 καὶ
3346 4156 3588 4225 φθόνου,
3630 4161 3721 4210 καὶ

2126 4253 2425 4324 πορεύεσθε
2452 4254 2511 4306 ἐν
2543 4251 2806 4323 ἁπλότητι
2833 4249 3033 4320 ψυχῆς,
3064 4249 3161 4301 καὶ
3194 4251 3250 4301 ἐν
3277 4248 3463 4319 ἀγαθῇ
3498 4250 3715 4320 καρδίᾳ,

2124 4342 2430 4407 ἐννοοῦντες
2465 4343 2556 4397 τὸν
2583 4340 2960 4414 πατράδελφον
2998 4338 3155 4412 ὑμῶν
3186 4338 3320 4411 (86),
3356 4341 3448 4393 ἵνα
3480 4340 3598 4413 δώῃ
3630 4344 3715 4394 καὶ

440 4425 499 4471 et
524 4415 678 4471 vobis
698 4414 840 4471 Deus
866 4414 1124 4484 gratiam,
1147 4423 1201 4469 et
1219 4414 1478 4484 gloriam,
1504 4425 1559 4471 et
1587 4418 2022 4476 benedictionem

2135 4438 2256 4509 ὑμῖν
2276 4441 2305 4493 ὁ
2327 4436 2462 4499 Θεὸς
2492 4436 2675 4508 χάριν,
2704 4437 2800 4489 καὶ
2819 4432 2979 4502 δόξαν
2997 4471 3017 4500 ,
3049 4435 3147 4488 καὶ
3193 4435 3449 4502 εὐλογίαν
3486 4436 3585 4490 ἐπὶ
3624 4436 3716 4499 τὰς

445 4523 615 4578 super
640 4508 819 4577 capita
855 4515 1059 4572 vestra,
1092 4508 1237 4561 sicut
1264 4506 1461 4563 videtis
1486 4508 1539 4561 in
1573 4509 1715 4580 ipso.
1751 4509 2021 4571 Omnibus

443 4600 639 4657 diebus
663 4615 772 4655 nou
802 4598 1152 4668 exprobravit
1179 4613 1278 4653 nos
1303 4599 1370 4652 de
1399 4599 1567 4654 verbo
1602 4601 1726 4666 hoc,
1758 4604 1850 4657 sed
1882 4604 2020 4659 dile-

443 4693 525 4749 xit
554 4702 656 4749 nos
688 4701 749 4747 ut
774 4694 1015 4746 animam
1046 4707 1226 4756 suam,
1248 4700 1305 4747 et
1331 4707 1497 4763 supra
1530 4694 1671 4749 filios
1695 4710 1826 4751 suos
1856 4697 2024 4769 glori-

442 4786 629 4841 ﬁcavit
658 4801 797 4851 nos;
829 4784 1141 4850 etdivitias,
1178 4793 1225 4838 et
1258 4799 1479 4855 pecora,
1509 4794 1563 4840 et
1591 4785 1804 4845 fructus
1843 4792 2087 4845 omniv”

442 4878 548 4933 bus
579 4879 736 4933 nobis
766 4877 995 4947 largitus
1023 4888 1123 4934 est.
1159 4876 1227 4931 Et
1248 4894 1343 4934 vos
1373 4895 1521 4949 ergo,
1553 4881 1647 4933 lilii
1680 4882 1785 4935 mei
1813 4883 2019 4950 dilecti,

442 4968 654 5040 diligite
681 4971 1060 5039 unusquisque
1102 4968 1327 5025 fratrem
1358 4987 1520 5026 suum
1556 4974 1610 5026 in
1639 4974 1785 5029 bono
1831 4976 2019 5041 corde,

442 5070 500 5118 et
527 5073 776 5119 amovete
804 5079 832 5116 a
860 5063 1018 5118 vobis
1062 5064 1315 5133 spiritum
1346 5066 1589 5133 invidiae,
1618 5070 1883 5137 quoniam
1920 5070 2025 5125 iste

445 5164 719 5225 agrestem
770 5154 901 5208 facit
960 5157 1223 5221 animam,
1252 5168 1304 5212 et
1332 5159 1639 5230 corrumpit
1667 5176 1869 5232 corpus
1896 5204 1912 5229 ,
1964 5163 2019 5218 in

445 5250 584 5304 iram
611 5258 664 5303 et
685 5248 885 5303 bellum
924 5249 1084 5303 vertit
1106 5252 1421 5316 consilium,
1479 5262 1534 5308 et
1593 5254 1647 5309 in
1700 5258 2021 5327 sanguinem

447 5341 670 5413 (caedes)
702 5342 938 5407 exacuit,
969 5351 1023 5397 et
1047 5343 1100 5396 in
1139 5346 1382 5400 cxstasin
1438 5347 1591 5401 ducit
1641 5360 1876 5435 mentem
1906 5393 1920 5416 ,
1969 5363 2024 5410 et

444 5450 557 5489 non
586 5436 717 5491 sinit
738 5435 1072 5490 intellectum
1114 5437 1169 5490 in
1201 5437 1515 5495 hominibus
1548 5432 1799 5510 operari;
1827 5446 1921 5499 sed
1971 5456 2026 5500 ct

518 5572 630 5655 (85)
670 5572 778 5626 Kal
801 5574 897 5655 ..οὺί
914 5571 1339 5655 καταγινώςκει
1358 5574 1475 5629 τῶν⁴
1489 5576 1869 5646 ἀγαπώντων.
1889 5581 2024 5648 Συγ-

447 5643 707 5708 γινὼισκει
738 5645 851 5706 τοῖς
875 5643 1182 5711 ἀγαπῶσιν.
1212 5644 1399 5713 (ῖιιιιειιι.Δ

528 5713 633 5784 (86)
687 5713 1063 5781 Ἐννοοῦντες
1095 5714 1200 5768 τὸν
1221 5717 1641 5790 πιιτριὶδελφοιν·
1684 5719 1865 5791 ὑμῶν.
1899 5720 2023 5779 Haec

2123 4532 2364 4604 κεφαλὰς
2391 4533 2422 4585 ὐ
2430 4531 2566 4605 μῶν,
2592 4529 2773 4594 καθὼς
2787 4530 2957 4583 εἴδετε
2978 4530 3038 4584 ἐν
3061 4528 3228 4600 αὐτῷ.
3250 4530 3447 4594 Πάσας
3464 4532 3569 4596 τὰς
3586 4534 3714 4604 ήμέα

2126 4646 2225 4701 ρας
2254 4628 2357 4681 οὐκ
2386 4624 2660 4679 ὠνείδισεν
2679 4626 2826 4695 ἡμᾶς
2851 4625 2979 4697 περὶ
3010 4622 3107 4677 τοῦ
3138 4622 3299 4692 λόγου
3327 4625 3555 4691 τούτου,
3582 4628 3713 4682 ἀλλά

2122 4722 2406 4793 ἠγάπησεν
2432 4719 2579 4790 ἡμᾶς
2611 4718 2686 4781 ὡς
2706 4718 2806 4789 τὴν
2833 4717 3015 4789 ψυχὴν
3045 4714 3235 4778 αὑτοῦ,
3282 4718 3378 4769 καὶ
3414 4718 3565 4802 ὑπὲρ
3592 4722 3710 4783 τοὺς

2122 4816 2271 4877 υἱοὺς
2290 4811 2455 4867 αὐτοῦ
2488 4811 2737 4876 ἐδόξασεν
2778 4812 2946 4882 ἡμᾶς,
2991 4812 3087 4864 καὶ
3116 4809 3362 4875 πλοῦτον,
3398 4813 3499 4865 καὶ
3522 4816 3709 4886 κτήνη,

2124 4907 2220 4961 καί
2244 4906 2491 4978 καρποὺς
2514 4904 2808 4975 ἐχαρίσατο
2861 4904 3031 4957 πᾶσιν
3061 4904 3215 4974 ήμῖν.
3261 4902 3375 4955 Καὶ
3404 4906 3571 4974 ὑμεῖς
3602 4902 3709 4969 οὖν,

2122 4999 2287 5053 τέκνα
2311 5016 2413 5070 μου
2440 4997 2724 5067 ἀγαπητὰ,
2756 4996 3078 5067 ἀγαπήσατε
3125 4995 3357 5058 ἕκαστος
3373 4996 3471 5049 τὸν
3488 4998 3709 5068 ἀδελφὸν

2123 5091 2289 5145 αὐτοῦ
2322 5092 2381 5144 ἐν
2408 5089 2588 5161 ἀγαθῇ
2636 5090 2857 5161 καρδίᾳ,
2913 5090 3008 5142 καὶ
3036 5089 3382 5159 ἀποστήσατε
3429 5091 3528 5159 ἀφ’
3564 5093 3710 5163 ὑμῶν

2121 5183 2186 5237 τὸ
2226 5181 2446 5253 πνεῦμα
2477 5182 2572 5236 τοῦ
2597 5181 2821 5251 φθόνου,
2846 5182 2928 5236 ὅτι
2954 5181 3137 5252 ἀγριοί
3174 5180 3334 5233 τοῦτο
3365 5182 3469 5253 τὴν
3513 5184 3701 5255 ψυχὴν,

2122 5277 2217 5331 καὶ
2242 5275 2450 5348 φθείρει
2477 5275 2541 5329 τὸ
2569 5276 2750 5348 σῶμα,
2786 5276 2957 5349 ὀργὴν
2993 5274 3088 5328 καὶ
3116 5274 3352 5345 πόλεμον
3387 5277 3626 5349 παρέχει
3653 5280 3705 5333 τὸ

2123 5365 2425 5422 διαεούλιον
2463 5370 2573 5442 (87)
2594 5409 2609 5431 ,
2653 5369 2753 5422 καὶ
2781 5371 2864 5432 εἰς
2894 5369 3104 5439 αἵματα
3148 5367 3473 5438 παροξύνει,
3508 5372 3601 5423 καὶ
3636 5372 3706 5431 εἰς

2124 5459 2379 5513 ἔκστασιν
2410 5462 2531 5529 ἄγει
2558 5461 2658 5532 τὴν
2706 5460 2965 5523 διάνοιαν,
2991 5459 3085 5512 καὶ
3106 5457 3207 5511 οὐκ
3228 5458 3293 5528 ἐᾷ
3343 5459 3448 5532 τὴν
3504 5460 3703 5515 σύνεσιν

2127 5594 2329 5648 omissa
2364 5604 2492 5649 sunt
2526 5596 2579 5649 in
2617 5612 2722 5649 ms.
2757 5595 2881 5651 cod.
2919 5592 3093 5648 Oxon.
3134 5594 3213 5646 lo.

2201 5666 2307 5735 (87)
2356 5666 2422 5720 Τὸ
2454 5666 2812 5721 δαιϐούλιςν.
2852 5663 3267 5737 Τῴδιαϐουλξῳ.
3307 5660 3382 5718 In.
