  <div class='ocr_page' id='page_1' title='image "/cluster/home/n/w/nwhite01/storage/ocr_20150623/2/nnc1.0114695790/596.png"; bbox 0 0 3830 6216; ppageno 0'>
   <div class='ocr_carea' id='block_1_1' title="bbox 99 240 254 300">
    <p class='ocr_par' dir='ltr' id='par_1_1' title="bbox 99 240 254 300">
     <span class='ocr_line' id='line_1_1' title="bbox 99 240 254 300; baseline -0.019 -1"><span class='ocrx_word' id='word_1_1' title='bbox 99 240 254 300; x_wconf 64' lang='grc' dir='ltr'><strong>ἱοόθ</strong></span> 
     </span>
    </p>
   </div>
   <div class='ocr_carea' id='block_1_2' title="bbox 1288 222 2193 297">
    <p class='ocr_par' dir='ltr' id='par_1_2' title="bbox 1288 222 2193 297">
     <span class='ocr_line' id='line_1_2' title="bbox 1288 222 2193 297; baseline 0 -4"><span class='ocrx_word' id='word_1_2' title='bbox 1288 237 1810 297; x_wconf 73' lang='lat' dir='ltr'><strong>TESTAMENTUM</strong></span> <span class='ocrx_word' id='word_1_3' title='bbox 1848 222 2193 294; x_wconf 71' lang='lat' dir='ltr'><strong>smsoms.</strong></span> 
     </span>
    </p>
   </div>
   <div class='ocr_carea' id='block_1_3' title="bbox 3252 231 3389 291">
    <p class='ocr_par' dir='ltr' id='par_1_3' title="bbox 3252 231 3389 291">
     <span class='ocr_line' id='line_1_3' title="bbox 3252 231 3389 291; baseline -0.029 0"><span class='ocrx_word' id='word_1_4' title='bbox 3252 231 3389 291; x_wconf 77' lang='grc'>1050</span> 
     </span>
    </p>
   </div>
   <div class='ocr_carea' id='block_1_4' title="bbox 97 351 1703 432">
    <p class='ocr_par' dir='ltr' id='par_1_4' title="bbox 97 358 1703 432">
     <span class='ocr_line' id='line_1_4' title="bbox 97 358 1703 432; baseline -0.002 -15"><span class='ocrx_word' id='word_1_5' title='bbox 97 363 166 417; x_wconf 76' lang='grc' dir='ltr'>ἐν</span> <span class='ocrx_word' id='word_1_6' title='bbox 200 359 510 432; x_wconf 80' lang='grc' dir='ltr'>ἀνθρώποις</span> <span class='ocrx_word' id='word_1_7' title='bbox 538 358 780 432; x_wconf 74' lang='grc' dir='ltr'>ἐνεργεῖν</span> <span class='ocrx_word' id='word_1_8' title='bbox 800 376 815 391; x_wconf 79' lang='grc' dir='ltr'><strong><em>ο</em></strong></span> <span class='ocrx_word' id='word_1_9' title='bbox 864 359 1003 415; x_wconf 81' lang='grc' dir='ltr'>ἀλλὰ</span> <span class='ocrx_word' id='word_1_10' title='bbox 1057 358 1263 415; x_wconf 77' lang='grc' dir='ltr'>καὶτὸν</span> <span class='ocrx_word' id='word_1_11' title='bbox 1311 359 1479 415; x_wconf 73' lang='grc' dir='ltr'>ὕπνον</span> <span class='ocrx_word' id='word_1_12' title='bbox 1536 361 1703 429; x_wconf 84' lang='grc' dir='ltr'>ἀφαι-</span> 
     </span>
    </p>
   </div>
   <div class='ocr_carea' id='block_1_5' title="bbox 1820 351 3394 432">
    <p class='ocr_par' dir='ltr' id='par_1_5' title="bbox 1820 351 3394 425">
     <span class='ocr_line' id='line_1_5' title="bbox 1820 351 3394 425; baseline -0.008 -8"><span class='ocrx_word' id='word_1_13' title='bbox 1820 374 2067 417; x_wconf 77' lang='lat' dir='ltr'><strong>somnum</strong></span> <span class='ocrx_word' id='word_1_14' title='bbox 2101 358 2303 425; x_wconf 78' lang='lat' dir='ltr'><strong>aufert,</strong></span> <span class='ocrx_word' id='word_1_15' title='bbox 2349 366 2407 414; x_wconf 90' lang='lat' dir='ltr'><strong>et</strong></span> <span class='ocrx_word' id='word_1_16' title='bbox 2443 355 2811 413; x_wconf 88' lang='lat' dir='ltr'><strong>turbationem</strong></span> <span class='ocrx_word' id='word_1_17' title='bbox 2845 352 3039 408; x_wconf 77' lang='lat' dir='ltr'><strong>tribuit</strong></span> <span class='ocrx_word' id='word_1_18' title='bbox 3078 351 3296 417; x_wconf 80' lang='lat' dir='ltr'><strong>animae,</strong></span> <span class='ocrx_word' id='word_1_19' title='bbox 3336 359 3394 407; x_wconf 88' lang='lat' dir='ltr'><strong>et</strong></span> 
     </span>
    </p>
   </div>
   <div class='ocr_carea' id='block_1_6' title="bbox 100 452 1706 527">
    <p class='ocr_par' dir='ltr' id='par_1_6' title="bbox 100 452 1706 527">
     <span class='ocr_line' id='line_1_6' title="bbox 100 452 1706 527; baseline -0.003 -17"><span class='ocrx_word' id='word_1_20' title='bbox 100 459 200 527; x_wconf 82' lang='grc' dir='ltr'><strong>ρεῖ</strong></span> <span class='ocrx_word' id='word_1_21' title='bbox 225 454 363 526; x_wconf 84' lang='lat'><strong>(38),</strong></span> <span class='ocrx_word' id='word_1_22' title='bbox 386 454 480 507; x_wconf 75' lang='grc' dir='ltr'>καὶ</span> <span class='ocrx_word' id='word_1_23' title='bbox 506 452 695 507; x_wconf 84' lang='grc' dir='ltr'><strong>κλόνον</strong></span> <span class='ocrx_word' id='word_1_24' title='bbox 725 452 957 525; x_wconf 79' lang='grc' dir='ltr'><strong>παρέχει</strong></span> <span class='ocrx_word' id='word_1_25' title='bbox 988 457 1057 525; x_wconf 75' lang='grc' dir='ltr'>τῇ</span> <span class='ocrx_word' id='word_1_26' title='bbox 1078 452 1248 524; x_wconf 81' lang='grc' dir='ltr'>ψυχῇ,</span> <span class='ocrx_word' id='word_1_27' title='bbox 1279 454 1372 506; x_wconf 72' lang='grc' dir='ltr'><strong>καὶ</strong></span> <span class='ocrx_word' id='word_1_28' title='bbox 1396 452 1603 525; x_wconf 84' lang='grc' dir='ltr'>τρόμον</span> <span class='ocrx_word' id='word_1_29' title='bbox 1626 452 1706 524; x_wconf 79' lang='grc' dir='ltr'><strong>τῷ</strong></span> 
     </span>
    </p>
   </div>
   <div class='ocr_carea' id='block_1_7' title="bbox 101 542 1735 618">
    <p class='ocr_par' dir='ltr' id='par_1_7' title="bbox 101 542 1735 618">
     <span class='ocr_line' id='line_1_7' title="bbox 101 542 1735 618; baseline -0.006 -16"><span class='ocrx_word' id='word_1_30' title='bbox 101 550 363 618; x_wconf 81' lang='grc' dir='ltr'>σώματι·</span> <span class='ocrx_word' id='word_1_31' title='bbox 398 546 480 599; x_wconf 83' lang='grc' dir='ltr'>ὅτι</span> <span class='ocrx_word' id='word_1_32' title='bbox 506 545 666 613; x_wconf 81' lang='grc' dir='ltr'>καίγε</span> <span class='ocrx_word' id='word_1_33' title='bbox 699 544 758 599; x_wconf 74' lang='grc' dir='ltr'><strong>ἐν</strong></span> <span class='ocrx_word' id='word_1_34' title='bbox 784 542 939 615; x_wconf 72' lang='grc' dir='ltr'>ὕπνῳ</span> <span class='ocrx_word' id='word_1_35' title='bbox 980 561 1065 608; x_wconf 88' lang='grc' dir='ltr'>τις</span> <span class='ocrx_word' id='word_1_36' title='bbox 1115 543 1274 616; x_wconf 79' lang='grc' dir='ltr'>ζῆλος</span> <span class='ocrx_word' id='word_1_37' title='bbox 1304 544 1504 607; x_wconf 84' lang='grc' dir='ltr'>κακίας</span> <span class='ocrx_word' id='word_1_38' title='bbox 1543 542 1735 597; x_wconf 78' lang='grc' dir='ltr'>αὑτὸν.</span> 
     </span>
    </p>
   </div>
   <div class='ocr_carea' id='block_1_8' title="bbox 100 633 1707 709">
    <p class='ocr_par' dir='ltr' id='par_1_8' title="bbox 100 633 1707 709">
     <span class='ocr_line' id='line_1_8' title="bbox 100 633 1707 709; baseline -0.004 -15"><span class='ocrx_word' id='word_1_39' title='bbox 100 637 407 709; x_wconf 75' lang='grc' dir='ltr'>φαντάζων</span> <span class='ocrx_word' id='word_1_40' title='bbox 441 637 734 701; x_wconf 81' lang='grc' dir='ltr'><strong>κατεσθίει,</strong></span> <span class='ocrx_word' id='word_1_41' title='bbox 771 639 866 691; x_wconf 73' lang='grc' dir='ltr'>καὶ</span> <span class='ocrx_word' id='word_1_42' title='bbox 913 636 1188 708; x_wconf 81' lang='grc' dir='ltr'><strong>πνεύμασι</strong></span> <span class='ocrx_word' id='word_1_43' title='bbox 1224 633 1486 708; x_wconf 85' lang='grc' dir='ltr'>πονηροῖς</span> <span class='ocrx_word' id='word_1_44' title='bbox 1522 635 1707 688; x_wconf 86' lang='grc' dir='ltr'>διατα-</span> 
     </span>
    </p>
   </div>
   <div class='ocr_carea' id='block_1_9' title="bbox 105 726 1709 802">
    <p class='ocr_par' dir='ltr' id='par_1_9' title="bbox 105 726 1709 802">
     <span class='ocr_line' id='line_1_9' title="bbox 105 726 1709 802; baseline -0.002 -19"><span class='ocrx_word' id='word_1_45' title='bbox 105 731 311 801; x_wconf 78' lang='grc' dir='ltr'>ράσσει</span> <span class='ocrx_word' id='word_1_46' title='bbox 341 731 441 802; x_wconf 76' lang='grc' dir='ltr'><strong>τὴν</strong></span> <span class='ocrx_word' id='word_1_47' title='bbox 465 729 642 801; x_wconf 80' lang='grc' dir='ltr'>ψυχὴν</span> <span class='ocrx_word' id='word_1_48' title='bbox 692 729 880 796; x_wconf 79' lang='grc' dir='ltr'>αὐτοῦ,</span> <span class='ocrx_word' id='word_1_49' title='bbox 936 730 1034 783; x_wconf 77' lang='grc' dir='ltr'>καὶ</span> <span class='ocrx_word' id='word_1_50' title='bbox 1062 727 1405 800; x_wconf 84' lang='grc' dir='ltr'>ἐκθροεῖσθαι</span> <span class='ocrx_word' id='word_1_51' title='bbox 1453 727 1516 781; x_wconf 86' lang='grc' dir='ltr'><strong>τὸ</strong></span> <span class='ocrx_word' id='word_1_52' title='bbox 1550 726 1709 797; x_wconf 87' lang='grc' dir='ltr'>σῶμα</span> 
     </span>
    </p>
   </div>
   <div class='ocr_carea' id='block_1_10' title="bbox 104 820 1709 896">
    <p class='ocr_par' dir='ltr' id='par_1_10' title="bbox 104 820 1709 896">
     <span class='ocr_line' id='line_1_10' title="bbox 104 820 1709 896; baseline -0.003 -18"><span class='ocrx_word' id='word_1_53' title='bbox 104 827 284 890; x_wconf 83' lang='grc' dir='ltr'>ποιεῖ,</span> <span class='ocrx_word' id='word_1_54' title='bbox 318 827 411 880; x_wconf 79' lang='grc' dir='ltr'><strong>καὶ</strong></span> <span class='ocrx_word' id='word_1_55' title='bbox 440 827 500 879; x_wconf 76' lang='grc' dir='ltr'><strong>ἐν</strong></span> <span class='ocrx_word' id='word_1_56' title='bbox 530 825 745 896; x_wconf 82' lang='grc' dir='ltr'><strong>ταραχῇ</strong></span> <span class='ocrx_word' id='word_1_57' title='bbox 767 820 1141 886; x_wconf 74' lang='grc' dir='ltr'>διῦπνίζεσθαι</span> <span class='ocrx_word' id='word_1_58' title='bbox 1172 822 1266 876; x_wconf 84' lang='grc' dir='ltr'>τὸν</span> <span class='ocrx_word' id='word_1_59' title='bbox 1296 821 1421 876; x_wconf 84' lang='grc' dir='ltr'>νοῦν</span> <span class='ocrx_word' id='word_1_60' title='bbox 1446 859 1461 884; x_wconf 90' lang='grc'><strong>,</strong></span> <span class='ocrx_word' id='word_1_61' title='bbox 1506 821 1602 874; x_wconf 80' lang='grc' dir='ltr'><strong>καὶ</strong></span> <span class='ocrx_word' id='word_1_62' title='bbox 1633 820 1709 881; x_wconf 83' lang='grc' dir='ltr'>ὡς</span> 
     </span>
    </p>
   </div>
   <div class='ocr_carea' id='block_1_11' title="bbox 104 912 1708 990">
    <p class='ocr_par' dir='ltr' id='par_1_11' title="bbox 104 912 1708 990">
     <span class='ocr_line' id='line_1_11' title="bbox 104 912 1708 990; baseline -0.002 -21"><span class='ocrx_word' id='word_1_63' title='bbox 104 917 338 989; x_wconf 79' lang='grc' dir='ltr'>πνεῦμα</span> <span class='ocrx_word' id='word_1_64' title='bbox 370 917 604 990; x_wconf 86' lang='grc' dir='ltr'>πονηρὸν</span> <span class='ocrx_word' id='word_1_65' title='bbox 650 917 745 970; x_wconf 72' lang='grc' dir='ltr'><strong>καὶ</strong></span> <span class='ocrx_word' id='word_1_66' title='bbox 777 915 978 970; x_wconf 78' lang='grc' dir='ltr'>ἰοϐόλον</span> <span class='ocrx_word' id='word_1_67' title='bbox 1024 914 1163 986; x_wconf 76' lang='grc' dir='ltr'><strong>ἔχων</strong></span> <span class='ocrx_word' id='word_1_68' title='bbox 1191 954 1207 979; x_wconf 94' lang='grc'><strong>,</strong></span> <span class='ocrx_word' id='word_1_69' title='bbox 1254 913 1425 977; x_wconf 71' lang='grc' dir='ltr'>οὕτως</span> <span class='ocrx_word' id='word_1_70' title='bbox 1463 912 1708 982; x_wconf 83' lang='grc' dir='ltr'>φαίνεται</span> 
     </span>
    </p>
   </div>
   <div class='ocr_carea' id='block_1_12' title="bbox 104 1006 587 1078">
    <p class='ocr_par' dir='ltr' id='par_1_12' title="bbox 104 1006 587 1078">
     <span class='ocr_line' id='line_1_12' title="bbox 104 1006 587 1078; baseline 0.006 -20"><span class='ocrx_word' id='word_1_71' title='bbox 104 1010 231 1070; x_wconf 79' lang='grc' dir='ltr'>τοῖς</span> <span class='ocrx_word' id='word_1_72' title='bbox 255 1006 587 1078; x_wconf 79' lang='grc' dir='ltr'>ἀνθρώποις.</span> 
     </span>
    </p>
   </div>
   <div class='ocr_carea' id='block_1_13' title="bbox 184 1093 1708 1170">
    <p class='ocr_par' dir='ltr' id='par_1_13' title="bbox 184 1093 1708 1170">
     <span class='ocr_line' id='line_1_13' title="bbox 184 1093 1708 1170; baseline -0.003 -17"><span class='ocrx_word' id='word_1_73' title='bbox 184 1101 266 1153; x_wconf 87' lang='lat' dir='ltr'><strong>E&#39;.</strong></span> <span class='ocrx_word' id='word_1_74' title='bbox 303 1118 321 1150; x_wconf 80' lang='grc' dir='ltr'><strong>ι</strong></span> <span class='ocrx_word' id='word_1_75' title='bbox 358 1098 648 1159; x_wconf 74' lang='grc' dir='ltr'>Διάτοῦτο</span> <span class='ocrx_word' id='word_1_76' title='bbox 702 1099 902 1170; x_wconf 82' lang='grc' dir='ltr'>Ἰωσὴφ</span> <span class='ocrx_word' id='word_1_77' title='bbox 945 1093 1013 1170; x_wconf 83' lang='grc' dir='ltr'><strong>ἦν</strong></span> <span class='ocrx_word' id='word_1_78' title='bbox 1063 1098 1265 1170; x_wconf 83' lang='grc' dir='ltr'>ὡραῖος</span> <span class='ocrx_word' id='word_1_79' title='bbox 1294 1097 1373 1169; x_wconf 79' lang='grc' dir='ltr'><strong>τῷ</strong></span> <span class='ocrx_word' id='word_1_80' title='bbox 1402 1096 1531 1150; x_wconf 78' lang='grc' dir='ltr'>εἴδει</span> <span class='ocrx_word' id='word_1_81' title='bbox 1557 1136 1572 1160; x_wconf 92' lang='grc'><strong>,</strong></span> <span class='ocrx_word' id='word_1_82' title='bbox 1614 1097 1708 1151; x_wconf 75' lang='grc' dir='ltr'><strong>καὶ</strong></span> 
     </span>
    </p>
   </div>
   <div class='ocr_carea' id='block_1_14' title="bbox 107 1191 1706 1265">
    <p class='ocr_par' dir='ltr' id='par_1_14' title="bbox 107 1191 1706 1265">
     <span class='ocr_line' id='line_1_14' title="bbox 107 1191 1706 1265; baseline -0.002 -18"><span class='ocrx_word' id='word_1_83' title='bbox 107 1194 283 1257; x_wconf 82' lang='grc' dir='ltr'>καλὸς</span> <span class='ocrx_word' id='word_1_84' title='bbox 302 1197 369 1265; x_wconf 83' lang='grc' dir='ltr'>τῇ</span> <span class='ocrx_word' id='word_1_85' title='bbox 394 1193 535 1263; x_wconf 68' lang='grc' dir='ltr'>ὄψει,</span> <span class='ocrx_word' id='word_1_86' title='bbox 558 1194 639 1247; x_wconf 85' lang='grc' dir='ltr'><strong>ὅτι</strong></span> <span class='ocrx_word' id='word_1_87' title='bbox 671 1195 771 1247; x_wconf 87' lang='grc' dir='ltr'><strong>οὐκ</strong></span> <span class='ocrx_word' id='word_1_88' title='bbox 803 1194 1075 1265; x_wconf 76' lang='grc' dir='ltr'><strong>ἐνῴκησεν</strong></span> <span class='ocrx_word' id='word_1_89' title='bbox 1102 1196 1158 1246; x_wconf 79' lang='grc' dir='ltr'>ἐν</span> <span class='ocrx_word' id='word_1_90' title='bbox 1190 1192 1339 1264; x_wconf 79' lang='grc' dir='ltr'>αὐτῷ</span> <span class='ocrx_word' id='word_1_91' title='bbox 1358 1191 1511 1244; x_wconf 81' lang='grc' dir='ltr'>οὐδὲν</span> <span class='ocrx_word' id='word_1_92' title='bbox 1535 1208 1706 1262; x_wconf 85' lang='grc' dir='ltr'>πονη-</span> 
     </span>
    </p>
   </div>
   <div class='ocr_carea' id='block_1_15' title="bbox 109 1282 1709 1359">
    <p class='ocr_par' dir='ltr' id='par_1_15' title="bbox 109 1282 1709 1359">
     <span class='ocr_line' id='line_1_15' title="bbox 109 1282 1709 1359; baseline -0.004 -19"><span class='ocrx_word' id='word_1_93' title='bbox 109 1288 214 1359; x_wconf 78' lang='grc' dir='ltr'>ρόν</span> <span class='ocrx_word' id='word_1_94' title='bbox 234 1303 247 1316; x_wconf 73' lang='grc'><strong><em>⁸</em></strong></span> <span class='ocrx_word' id='word_1_95' title='bbox 280 1286 381 1358; x_wconf 83' lang='grc' dir='ltr'>τὴν</span> <span class='ocrx_word' id='word_1_96' title='bbox 415 1286 524 1358; x_wconf 81' lang='grc' dir='ltr'><strong>γὰρ</strong></span> <span class='ocrx_word' id='word_1_97' title='bbox 550 1285 793 1357; x_wconf 84' lang='grc' dir='ltr'>ταραχὴν</span> <span class='ocrx_word' id='word_1_98' title='bbox 837 1286 932 1339; x_wconf 91' lang='grc' dir='ltr'>τοῦ</span> <span class='ocrx_word' id='word_1_99' title='bbox 973 1283 1285 1356; x_wconf 88' lang='grc' dir='ltr'>πνεύματος</span> <span class='ocrx_word' id='word_1_100' title='bbox 1311 1284 1373 1338; x_wconf 82' lang='grc' dir='ltr'><strong>τὸ</strong></span> <span class='ocrx_word' id='word_1_101' title='bbox 1416 1282 1709 1355; x_wconf 86' lang='grc' dir='ltr'>πρόσωπον</span> 
     </span>
    </p>
   </div>
   <div class='ocr_carea' id='block_1_16' title="bbox 104 1374 1712 1449">
    <p class='ocr_par' dir='ltr' id='par_1_16' title="bbox 104 1374 1712 1449">
     <span class='ocr_line' id='line_1_16' title="bbox 104 1374 1712 1449; baseline -0.002 -19"><span class='ocrx_word' id='word_1_102' title='bbox 104 1377 291 1448; x_wconf 80' lang='grc' dir='ltr'>δηλοῖ.</span> <span class='ocrx_word' id='word_1_103' title='bbox 319 1379 431 1433; x_wconf 79' lang='grc' dir='ltr'>Καὶ</span> <span class='ocrx_word' id='word_1_104' title='bbox 451 1376 567 1443; x_wconf 88' lang='grc' dir='ltr'>νῦν,</span> <span class='ocrx_word' id='word_1_105' title='bbox 595 1377 761 1431; x_wconf 79' lang='grc' dir='ltr'>τέκνα</span> <span class='ocrx_word' id='word_1_106' title='bbox 800 1394 902 1449; x_wconf 84' lang='grc' dir='ltr'><strong>μου</strong></span> <span class='ocrx_word' id='word_1_107' title='bbox 928 1416 945 1441; x_wconf 90' lang='grc'><strong>,</strong></span> <span class='ocrx_word' id='word_1_108' title='bbox 986 1375 1296 1446; x_wconf 86' lang='grc' dir='ltr'>ἀγαθύνατε</span> <span class='ocrx_word' id='word_1_109' title='bbox 1331 1374 1431 1439; x_wconf 85' lang='grc' dir='ltr'><strong>τὰς</strong></span> <span class='ocrx_word' id='word_1_110' title='bbox 1484 1374 1712 1446; x_wconf 85' lang='grc' dir='ltr'>καρδίας</span> 
     </span>
    </p>
   </div>
   <div class='ocr_carea' id='block_1_17' title="bbox 108 1466 1713 1542">
    <p class='ocr_par' dir='ltr' id='par_1_17' title="bbox 108 1466 1713 1542">
     <span class='ocr_line' id='line_1_17' title="bbox 108 1466 1713 1542; baseline -0.002 -18"><span class='ocrx_word' id='word_1_111' title='bbox 108 1469 277 1541; x_wconf 84' lang='grc' dir='ltr'>ὑμῶν</span> <span class='ocrx_word' id='word_1_112' title='bbox 304 1470 531 1525; x_wconf 82' lang='grc' dir='ltr'>ἐνώπιον</span> <span class='ocrx_word' id='word_1_113' title='bbox 562 1470 789 1542; x_wconf 85' lang='grc' dir='ltr'><strong>Κυρίου,</strong></span> <span class='ocrx_word' id='word_1_114' title='bbox 819 1470 915 1523; x_wconf 76' lang='grc' dir='ltr'>καὶ</span> <span class='ocrx_word' id='word_1_115' title='bbox 944 1469 1201 1523; x_wconf 82' lang='grc' dir='ltr'>εὐθύνατε</span> <span class='ocrx_word' id='word_1_116' title='bbox 1238 1467 1338 1531; x_wconf 83' lang='grc' dir='ltr'>τὰς</span> <span class='ocrx_word' id='word_1_117' title='bbox 1361 1468 1513 1523; x_wconf 80' lang='grc' dir='ltr'>ὀδοὺς</span> <span class='ocrx_word' id='word_1_118' title='bbox 1557 1466 1713 1538; x_wconf 84' lang='grc' dir='ltr'>ὑμῶν</span> 
     </span>
    </p>
   </div>
   <div class='ocr_carea' id='block_1_18' title="bbox 103 1557 1710 1633">
    <p class='ocr_par' dir='ltr' id='par_1_18' title="bbox 103 1557 1710 1633">
     <span class='ocr_line' id='line_1_18' title="bbox 103 1557 1710 1633; baseline -0.002 -19"><span class='ocrx_word' id='word_1_119' title='bbox 103 1560 351 1616; x_wconf 75' lang='grc' dir='ltr'>ἐνώπιον</span> <span class='ocrx_word' id='word_1_120' title='bbox 376 1561 485 1615; x_wconf 90' lang='grc' dir='ltr'><strong>τῶν</strong></span> <span class='ocrx_word' id='word_1_121' title='bbox 500 1561 597 1617; x_wconf 85' lang='grc' dir='ltr'><strong>ἀνθ</strong></span> <span class='ocrx_word' id='word_1_122' title='bbox 607 1561 824 1633; x_wconf 85' lang='grc' dir='ltr'><strong>ρώπων,</strong></span> <span class='ocrx_word' id='word_1_123' title='bbox 844 1561 938 1615; x_wconf 72' lang='grc' dir='ltr'><strong>καὶ</strong></span> <span class='ocrx_word' id='word_1_124' title='bbox 958 1559 1146 1614; x_wconf 72' lang='grc' dir='ltr'>ἔσεσθε</span> <span class='ocrx_word' id='word_1_125' title='bbox 1179 1559 1525 1631; x_wconf 81' lang='grc' dir='ltr'><strong>εὑρίσκοντες</strong></span> <span class='ocrx_word' id='word_1_126' title='bbox 1551 1557 1710 1629; x_wconf 88' lang='grc' dir='ltr'>χάριν</span> 
     </span>
    </p>
   </div>
   <div class='ocr_carea' id='block_1_19' title="bbox 107 1649 1708 1725">
    <p class='ocr_par' dir='ltr' id='par_1_19' title="bbox 107 1649 1708 1725">
     <span class='ocr_line' id='line_1_19' title="bbox 107 1649 1708 1725; baseline -0.004 -15"><span class='ocrx_word' id='word_1_127' title='bbox 107 1654 352 1710; x_wconf 79' lang='grc' dir='ltr'>ἐνώπιον</span> <span class='ocrx_word' id='word_1_128' title='bbox 373 1654 508 1708; x_wconf 83' lang='grc' dir='ltr'><strong>Θεοῦ</strong></span> <span class='ocrx_word' id='word_1_129' title='bbox 541 1655 636 1709; x_wconf 78' lang='grc' dir='ltr'>καὶ</span> <span class='ocrx_word' id='word_1_130' title='bbox 662 1651 984 1725; x_wconf 84' lang='grc' dir='ltr'>ἀνθρώπων.</span> <span class='ocrx_word' id='word_1_131' title='bbox 1024 1654 1134 1706; x_wconf 74' lang='grc' dir='ltr'><strong>Καὶ</strong></span> <span class='ocrx_word' id='word_1_132' title='bbox 1153 1651 1494 1721; x_wconf 79' lang='grc' dir='ltr'>φυλάσσεσθε</span> <span class='ocrx_word' id='word_1_133' title='bbox 1513 1649 1609 1704; x_wconf 89' lang='grc' dir='ltr'>τοῦ</span> <span class='ocrx_word' id='word_1_134' title='bbox 1633 1650 1708 1723; x_wconf 78' lang='grc' dir='ltr'>μὴ</span> 
     </span>
    </p>
   </div>
   <div class='ocr_carea' id='block_1_20' title="bbox 1809 441 3392 521">
    <p class='ocr_par' dir='ltr' id='par_1_20' title="bbox 1809 441 3392 521">
     <span class='ocr_line' id='line_1_20' title="bbox 1809 441 3392 521; baseline -0.007 -13"><span class='ocrx_word' id='word_1_135' title='bbox 1809 463 2103 507; x_wconf 81' lang='lat' dir='ltr'><strong>tremorem</strong></span> <span class='ocrx_word' id='word_1_136' title='bbox 2146 450 2399 521; x_wconf 86' lang='lat' dir='ltr'><strong>corpori;</strong></span> <span class='ocrx_word' id='word_1_137' title='bbox 2457 448 2718 519; x_wconf 88' lang='lat' dir='ltr'><strong>quoniam</strong></span> <span class='ocrx_word' id='word_1_138' title='bbox 2762 456 2817 501; x_wconf 92' lang='lat' dir='ltr'><strong>et</strong></span> <span class='ocrx_word' id='word_1_139' title='bbox 2859 445 2913 499; x_wconf 94' lang='lat' dir='ltr'><strong>in</strong></span> <span class='ocrx_word' id='word_1_140' title='bbox 2961 458 3155 502; x_wconf 84' lang='lat' dir='ltr'><strong>somno</strong></span> <span class='ocrx_word' id='word_1_141' title='bbox 3188 441 3392 512; x_wconf 79' lang='lat' dir='ltr'><strong>aliquis</strong></span> 
     </span>
    </p>
   </div>
   <div class='ocr_carea' id='block_1_21' title="bbox 1811 536 3391 614">
    <p class='ocr_par' dir='ltr' id='par_1_21' title="bbox 1811 536 3391 614">
     <span class='ocr_line' id='line_1_21' title="bbox 1811 536 3391 614; baseline -0.008 -12"><span class='ocrx_word' id='word_1_142' title='bbox 1811 547 1961 603; x_wconf 80' lang='lat' dir='ltr'><strong>zelus</strong></span> <span class='ocrx_word' id='word_1_143' title='bbox 1983 541 2602 614; x_wconf 83' lang='lat' dir='ltr'><strong>malitiaeimaginationi</strong></span> <span class='ocrx_word' id='word_1_144' title='bbox 2634 538 2884 594; x_wconf 86' lang='lat' dir='ltr'><strong>insidens</strong></span> <span class='ocrx_word' id='word_1_145' title='bbox 2910 538 3089 607; x_wconf 91' lang='lat' dir='ltr'><strong>ipsum</strong></span> <span class='ocrx_word' id='word_1_146' title='bbox 3121 536 3391 597; x_wconf 85' lang='lat' dir='ltr'><strong>corrodit.</strong></span> 
     </span>
    </p>
   </div>
   <div class='ocr_carea' id='block_1_22' title="bbox 1810 628 3388 708">
    <p class='ocr_par' dir='ltr' id='par_1_22' title="bbox 1810 628 3388 708">
     <span class='ocr_line' id='line_1_22' title="bbox 1810 628 3388 708; baseline -0.008 -15"><span class='ocrx_word' id='word_1_147' title='bbox 1810 648 1867 695; x_wconf 89' lang='lat' dir='ltr'><strong>et</strong></span> <span class='ocrx_word' id='word_1_148' title='bbox 1889 637 2178 708; x_wconf 83' lang='lat' dir='ltr'><strong>spiritibus</strong></span> <span class='ocrx_word' id='word_1_149' title='bbox 2214 634 2542 706; x_wconf 86' lang='lat' dir='ltr'><strong>perniciosis</strong></span> <span class='ocrx_word' id='word_1_150' title='bbox 2578 633 2873 687; x_wconf 90' lang='lat' dir='ltr'><strong>conturbat</strong></span> <span class='ocrx_word' id='word_1_151' title='bbox 2923 631 3162 683; x_wconf 86' lang='lat' dir='ltr'><strong>animam</strong></span> <span class='ocrx_word' id='word_1_152' title='bbox 3194 628 3388 698; x_wconf 86' lang='lat' dir='ltr'><strong>ipsius,</strong></span> 
     </span>
    </p>
   </div>
   <div class='ocr_carea' id='block_1_23' title="bbox 1808 717 3393 799">
    <p class='ocr_par' dir='ltr' id='par_1_23' title="bbox 1808 717 3393 799">
     <span class='ocr_line' id='line_1_23' title="bbox 1808 717 3393 799; baseline -0.009 -14"><span class='ocrx_word' id='word_1_153' title='bbox 1808 739 1863 785; x_wconf 91' lang='lat' dir='ltr'><strong>et</strong></span> <span class='ocrx_word' id='word_1_154' title='bbox 1892 742 2256 799; x_wconf 81' lang='lat' dir='ltr'><strong>expavescere</strong></span> <span class='ocrx_word' id='word_1_155' title='bbox 2285 740 2489 795; x_wconf 90' lang='lat' dir='ltr'><strong>corpus</strong></span> <span class='ocrx_word' id='word_1_156' title='bbox 2521 723 2673 789; x_wconf 80' lang='lat' dir='ltr'><strong>facit,</strong></span> <span class='ocrx_word' id='word_1_157' title='bbox 2705 731 2760 777; x_wconf 89' lang='lat' dir='ltr'><strong>et</strong></span> <span class='ocrx_word' id='word_1_158' title='bbox 2792 719 3215 777; x_wconf 86' lang='lat' dir='ltr'><strong>conturbatione</strong></span> <span class='ocrx_word' id='word_1_159' title='bbox 3244 717 3393 773; x_wconf 86' lang='lat' dir='ltr'><strong>exci-</strong></span> 
     </span>
    </p>
   </div>
   <div class='ocr_carea' id='block_1_24' title="bbox 1808 813 3391 886">
    <p class='ocr_par' dir='ltr' id='par_1_24' title="bbox 1808 813 3391 886">
     <span class='ocr_line' id='line_1_24' title="bbox 1808 813 3391 886; baseline -0.006 -10"><span class='ocrx_word' id='word_1_160' title='bbox 1808 821 1913 876; x_wconf 89' lang='lat' dir='ltr'><strong>tari</strong></span> <span class='ocrx_word' id='word_1_161' title='bbox 1944 829 2180 875; x_wconf 90' lang='lat' dir='ltr'><strong>mentem</strong></span> <span class='ocrx_word' id='word_1_162' title='bbox 2207 837 2223 884; x_wconf 90' lang='lat'><strong>;</strong></span> <span class='ocrx_word' id='word_1_163' title='bbox 2256 826 2311 871; x_wconf 92' lang='lat' dir='ltr'><strong>et</strong></span> <span class='ocrx_word' id='word_1_164' title='bbox 2330 819 2471 872; x_wconf 85' lang='lat' dir='ltr'><strong>sicut</strong></span> <span class='ocrx_word' id='word_1_165' title='bbox 2501 816 2756 886; x_wconf 86' lang='lat' dir='ltr'><strong>spiritum</strong></span> <span class='ocrx_word' id='word_1_166' title='bbox 2785 813 3158 884; x_wconf 90' lang='lat' dir='ltr'><strong>perniciosum</strong></span> <span class='ocrx_word' id='word_1_167' title='bbox 3197 824 3252 866; x_wconf 91' lang='lat' dir='ltr'><strong>et</strong></span> <span class='ocrx_word' id='word_1_168' title='bbox 3298 827 3391 866; x_wconf 90' lang='lat' dir='ltr'><strong>ve-</strong></span> 
     </span>
    </p>
   </div>
   <div class='ocr_carea' id='block_1_25' title="bbox 1807 903 3348 978">
    <p class='ocr_par' dir='ltr' id='par_1_25' title="bbox 1807 903 3348 978">
     <span class='ocr_line' id='line_1_25' title="bbox 1807 903 3348 978; baseline -0.008 -9"><span class='ocrx_word' id='word_1_169' title='bbox 1807 928 2011 969; x_wconf 89' lang='lat' dir='ltr'><strong>nenum</strong></span> <span class='ocrx_word' id='word_1_170' title='bbox 2042 912 2355 967; x_wconf 82' lang='lat' dir='ltr'><strong>fundentem</strong></span> <span class='ocrx_word' id='word_1_171' title='bbox 2385 909 2615 977; x_wconf 85' lang='lat' dir='ltr'><strong>habens,</strong></span> <span class='ocrx_word' id='word_1_172' title='bbox 2646 907 2721 963; x_wconf 91' lang='lat' dir='ltr'><strong>ita</strong></span> <span class='ocrx_word' id='word_1_173' title='bbox 2750 915 2979 978; x_wconf 87' lang='lat' dir='ltr'><strong>apparet</strong></span> <span class='ocrx_word' id='word_1_174' title='bbox 3008 903 3348 960; x_wconf 87' lang='lat' dir='ltr'><strong>hominibus.</strong></span> 
     </span>
    </p>
   </div>
   <div class='ocr_carea' id='block_1_26' title="bbox 1884 1112 3393 1186">
    <p class='ocr_par' dir='ltr' id='par_1_26' title="bbox 1884 1112 3393 1186">
     <span class='ocr_line' id='line_1_26' title="bbox 1884 1112 3393 1186; baseline -0.001 -17"><span class='ocrx_word' id='word_1_175' title='bbox 1884 1115 1949 1169; x_wconf 84' lang='lat' dir='ltr'><strong>V.</strong></span> <span class='ocrx_word' id='word_1_176' title='bbox 1988 1136 2007 1168; x_wconf 77' lang='grc' dir='ltr'><strong>ι</strong></span> <span class='ocrx_word' id='word_1_177' title='bbox 2030 1116 2323 1186; x_wconf 86' lang='lat' dir='ltr'><strong>Propterea</strong></span> <span class='ocrx_word' id='word_1_178' title='bbox 2355 1115 2555 1186; x_wconf 85' lang='lat' dir='ltr'><strong>Joseph</strong></span> <span class='ocrx_word' id='word_1_179' title='bbox 2583 1123 2701 1169; x_wconf 70' lang='lat' dir='ltr'><strong>crat</strong></span> <span class='ocrx_word' id='word_1_180' title='bbox 2723 1114 2950 1185; x_wconf 88' lang='lat' dir='ltr'><strong>pulcher</strong></span> <span class='ocrx_word' id='word_1_181' title='bbox 2979 1113 3119 1170; x_wconf 84' lang='lat' dir='ltr'><strong>facie</strong></span> <span class='ocrx_word' id='word_1_182' title='bbox 3146 1121 3202 1167; x_wconf 90' lang='lat' dir='ltr'><strong>et</strong></span> <span class='ocrx_word' id='word_1_183' title='bbox 3230 1112 3393 1167; x_wconf 85' lang='lat' dir='ltr'><strong>deco-</strong></span> 
     </span>
    </p>
   </div>
   <div class='ocr_carea' id='block_1_27' title="bbox 1811 1206 3392 1280">
    <p class='ocr_par' dir='ltr' id='par_1_27' title="bbox 1811 1206 3392 1280">
     <span class='ocr_line' id='line_1_27' title="bbox 1811 1206 3392 1280; baseline -0.003 -17"><span class='ocrx_word' id='word_1_184' title='bbox 1811 1225 1908 1265; x_wconf 91' lang='lat' dir='ltr'><strong>rus</strong></span> <span class='ocrx_word' id='word_1_185' title='bbox 1941 1218 2187 1280; x_wconf 90' lang='lat' dir='ltr'><strong>aspectu,</strong></span> <span class='ocrx_word' id='word_1_186' title='bbox 2222 1208 2484 1279; x_wconf 90' lang='lat' dir='ltr'><strong>quoniam</strong></span> <span class='ocrx_word' id='word_1_187' title='bbox 2516 1224 2623 1261; x_wconf 93' lang='lat' dir='ltr'><strong>non</strong></span> <span class='ocrx_word' id='word_1_188' title='bbox 2672 1207 2938 1261; x_wconf 87' lang='lat' dir='ltr'><strong>habitavit</strong></span> <span class='ocrx_word' id='word_1_189' title='bbox 2968 1208 3021 1261; x_wconf 90' lang='lat' dir='ltr'><strong>in</strong></span> <span class='ocrx_word' id='word_1_190' title='bbox 3074 1206 3193 1277; x_wconf 90' lang='lat' dir='ltr'><strong>ipso</strong></span> <span class='ocrx_word' id='word_1_191' title='bbox 3229 1206 3392 1276; x_wconf 90' lang='lat' dir='ltr'><strong>quid—</strong></span> 
     </span>
    </p>
   </div>
   <div class='ocr_carea' id='block_1_28' title="bbox 1811 1296 3389 1371">
    <p class='ocr_par' dir='ltr' id='par_1_28' title="bbox 1811 1296 3389 1371">
     <span class='ocr_line' id='line_1_28' title="bbox 1811 1296 3389 1371; baseline -0.004 -14"><span class='ocrx_word' id='word_1_192' title='bbox 1811 1315 1976 1371; x_wconf 88' lang='lat' dir='ltr'><strong>quam</strong></span> <span class='ocrx_word' id='word_1_193' title='bbox 2010 1300 2419 1371; x_wconf 85' lang='lat' dir='ltr'><strong>perniciosum;</strong></span> <span class='ocrx_word' id='word_1_194' title='bbox 2474 1298 2951 1354; x_wconf 86' lang='lat' dir='ltr'><strong>conturbationem</strong></span> <span class='ocrx_word' id='word_1_195' title='bbox 2982 1297 3126 1353; x_wconf 90' lang='lat' dir='ltr'><strong>enim</strong></span> <span class='ocrx_word' id='word_1_196' title='bbox 3160 1296 3389 1368; x_wconf 84' lang='lat' dir='ltr'><strong>spiritus</strong></span> 
     </span>
    </p>
   </div>
   <div class='ocr_carea' id='block_1_29' title="bbox 1810 1388 3391 1460">
    <p class='ocr_par' dir='ltr' id='par_1_29' title="bbox 1810 1388 3391 1460">
     <span class='ocr_line' id='line_1_29' title="bbox 1810 1388 3391 1460; baseline -0.003 -11"><span class='ocrx_word' id='word_1_197' title='bbox 1810 1394 1979 1450; x_wconf 85' lang='lat' dir='ltr'><strong>facies</strong></span> <span class='ocrx_word' id='word_1_198' title='bbox 2003 1390 2338 1447; x_wconf 82' lang='lat' dir='ltr'><strong>manifestat.</strong></span> <span class='ocrx_word' id='word_1_199' title='bbox 2375 1389 2444 1444; x_wconf 86' lang='lat' dir='ltr'><strong>Et</strong></span> <span class='ocrx_word' id='word_1_200' title='bbox 2466 1406 2633 1455; x_wconf 90' lang='lat' dir='ltr'><strong>nunc,</strong></span> <span class='ocrx_word' id='word_1_201' title='bbox 2659 1389 2755 1445; x_wconf 84' lang='lat' dir='ltr'><strong>filii</strong></span> <span class='ocrx_word' id='word_1_202' title='bbox 2786 1390 2916 1451; x_wconf 90' lang='lat' dir='ltr'><strong>mei,</strong></span> <span class='ocrx_word' id='word_1_203' title='bbox 2946 1390 3180 1460; x_wconf 80' lang='lat' dir='ltr'><strong>benigna</strong></span> <span class='ocrx_word' id='word_1_204' title='bbox 3226 1388 3391 1445; x_wconf 86' lang='lat' dir='ltr'><strong>facile</strong></span> 
     </span>
    </p>
   </div>
   <div class='ocr_carea' id='block_1_30' title="bbox 1810 1482 3393 1547">
    <p class='ocr_par' dir='ltr' id='par_1_30' title="bbox 1810 1482 3393 1547">
     <span class='ocr_line' id='line_1_30' title="bbox 1810 1482 3393 1547; baseline -0.004 -4"><span class='ocrx_word' id='word_1_205' title='bbox 1810 1487 1977 1543; x_wconf 89' lang='lat' dir='ltr'><strong>corda</strong></span> <span class='ocrx_word' id='word_1_206' title='bbox 2022 1493 2205 1541; x_wconf 87' lang='lat' dir='ltr'><strong>vestra</strong></span> <span class='ocrx_word' id='word_1_207' title='bbox 2245 1500 2431 1539; x_wconf 91' lang='lat' dir='ltr'><strong>coram</strong></span> <span class='ocrx_word' id='word_1_208' title='bbox 2486 1483 2741 1547; x_wconf 92' lang='lat' dir='ltr'><strong>Domino,</strong></span> <span class='ocrx_word' id='word_1_209' title='bbox 2766 1492 2822 1538; x_wconf 91' lang='lat' dir='ltr'><strong>et</strong></span> <span class='ocrx_word' id='word_1_210' title='bbox 2848 1493 3027 1537; x_wconf 89' lang='lat' dir='ltr'><strong>rectas</strong></span> <span class='ocrx_word' id='word_1_211' title='bbox 3065 1482 3226 1538; x_wconf 86' lang='lat' dir='ltr'><strong>facite</strong></span> <span class='ocrx_word' id='word_1_212' title='bbox 3274 1483 3393 1537; x_wconf 87' lang='lat' dir='ltr'><strong>vias</strong></span> 
     </span>
    </p>
   </div>
   <div class='ocr_carea' id='block_1_31' title="bbox 1811 1574 3394 1644">
    <p class='ocr_par' dir='ltr' id='par_1_31' title="bbox 1811 1574 3394 1644">
     <span class='ocr_line' id='line_1_31' title="bbox 1811 1574 3394 1644; baseline -0.005 -10"><span class='ocrx_word' id='word_1_213' title='bbox 1811 1588 2024 1635; x_wconf 89' lang='lat' dir='ltr'><strong>vestras</strong></span> <span class='ocrx_word' id='word_1_214' title='bbox 2053 1591 2239 1633; x_wconf 90' lang='lat' dir='ltr'><strong>coram</strong></span> <span class='ocrx_word' id='word_1_215' title='bbox 2266 1575 2603 1635; x_wconf 86' lang='lat' dir='ltr'><strong>hominibus,</strong></span> <span class='ocrx_word' id='word_1_216' title='bbox 2635 1582 2691 1628; x_wconf 89' lang='lat' dir='ltr'><strong>et</strong></span> <span class='ocrx_word' id='word_1_217' title='bbox 2720 1575 3007 1629; x_wconf 88' lang='lat' dir='ltr'><strong>invenietis</strong></span> <span class='ocrx_word' id='word_1_218' title='bbox 3037 1574 3266 1644; x_wconf 84' lang='lat' dir='ltr'><strong>gratiam</strong></span> <span class='ocrx_word' id='word_1_219' title='bbox 3297 1588 3394 1627; x_wconf 84' lang='lat' dir='ltr'><strong>co—</strong></span> 
     </span>
    </p>
   </div>
   <div class='ocr_carea' id='block_1_32' title="bbox 1810 1665 3390 1732">
    <p class='ocr_par' dir='ltr' id='par_1_32' title="bbox 1810 1665 3390 1732">
     <span class='ocr_line' id='line_1_32' title="bbox 1810 1665 3390 1732; baseline -0.004 -5"><span class='ocrx_word' id='word_1_220' title='bbox 1810 1686 1932 1727; x_wconf 86' lang='lat' dir='ltr'><strong>ram</strong></span> <span class='ocrx_word' id='word_1_221' title='bbox 1962 1669 2073 1724; x_wconf 91' lang='lat' dir='ltr'><strong>Deo</strong></span> <span class='ocrx_word' id='word_1_222' title='bbox 2096 1678 2151 1724; x_wconf 90' lang='lat' dir='ltr'><strong>et</strong></span> <span class='ocrx_word' id='word_1_223' title='bbox 2181 1667 2524 1723; x_wconf 87' lang='lat' dir='ltr'><strong>hominibus.</strong></span> <span class='ocrx_word' id='word_1_224' title='bbox 2552 1667 2618 1720; x_wconf 89' lang='lat' dir='ltr'><strong>Et</strong></span> <span class='ocrx_word' id='word_1_225' title='bbox 2642 1675 2853 1732; x_wconf 84' lang='lat' dir='ltr'><strong>cavete,</strong></span> <span class='ocrx_word' id='word_1_226' title='bbox 2903 1681 2971 1721; x_wconf 90' lang='lat' dir='ltr'><strong>ne</strong></span> <span class='ocrx_word' id='word_1_227' title='bbox 2997 1665 3346 1720; x_wconf 89' lang='lat' dir='ltr'><strong>fornicemini</strong></span> <span class='ocrx_word' id='word_1_228' title='bbox 3374 1683 3390 1732; x_wconf 90' lang='lat'><strong>;</strong></span> 
     </span>
    </p>
   </div>
   <div class='ocr_carea' id='block_1_33' title="bbox 107 1731 1703 1833">
    <p class='ocr_par' dir='ltr' id='par_1_33' title="bbox 107 1747 1703 1821">
     <span class='ocr_line' id='line_1_33' title="bbox 107 1747 1703 1821; baseline -0.002 -17"><span class='ocrx_word' id='word_1_229' title='bbox 107 1749 443 1821; x_wconf 75' lang='grc' dir='ltr'>πορνεύεινο</span> <span class='ocrx_word' id='word_1_230' title='bbox 476 1750 559 1802; x_wconf 79' lang='grc' dir='ltr'>ὅτι</span> <span class='ocrx_word' id='word_1_231' title='bbox 604 1749 639 1820; x_wconf 83' lang='grc' dir='ltr'>ἡ</span> <span class='ocrx_word' id='word_1_232' title='bbox 669 1747 898 1819; x_wconf 88' lang='grc' dir='ltr'>πορνεία</span> <span class='ocrx_word' id='word_1_233' title='bbox 948 1748 1131 1818; x_wconf 84' lang='grc' dir='ltr'><strong>μήτηρ</strong></span> <span class='ocrx_word' id='word_1_234' title='bbox 1169 1748 1287 1801; x_wconf 80' lang='grc' dir='ltr'>ἐστὶ</span> <span class='ocrx_word' id='word_1_235' title='bbox 1328 1747 1550 1801; x_wconf 84' lang='grc' dir='ltr'>πάντων</span> <span class='ocrx_word' id='word_1_236' title='bbox 1600 1747 1703 1801; x_wconf 87' lang='grc' dir='ltr'><strong>τῶν</strong></span> 
     </span>
    </p>
   </div>
   <div class='ocr_carea' id='block_1_34' title="bbox 1820 1731 3392 1833">
    <p class='ocr_par' dir='ltr' id='par_1_34' title="bbox 1820 1759 3392 1833">
     <span class='ocr_line' id='line_1_34' title="bbox 1820 1759 3392 1833; baseline -0.003 -16"><span class='ocrx_word' id='word_1_237' title='bbox 1820 1762 2080 1833; x_wconf 89' lang='lat' dir='ltr'><strong>quoniam</strong></span> <span class='ocrx_word' id='word_1_238' title='bbox 2111 1760 2401 1817; x_wconf 87' lang='lat' dir='ltr'><strong>fornicatio</strong></span> <span class='ocrx_word' id='word_1_239' title='bbox 2441 1768 2617 1814; x_wconf 88' lang='lat' dir='ltr'><strong>mater</strong></span> <span class='ocrx_word' id='word_1_240' title='bbox 2648 1766 2735 1814; x_wconf 91' lang='lat' dir='ltr'><strong>est</strong></span> <span class='ocrx_word' id='word_1_241' title='bbox 2789 1759 3039 1814; x_wconf 89' lang='lat' dir='ltr'><strong>omnium</strong></span> <span class='ocrx_word' id='word_1_242' title='bbox 3098 1760 3392 1825; x_wconf 90' lang='lat' dir='ltr'><strong>malorum,</strong></span> 
     </span>
    </p>
   </div>
   <div class='ocr_carea' id='block_1_35' title="bbox 108 1840 1713 1913">
    <p class='ocr_par' dir='ltr' id='par_1_35' title="bbox 108 1840 1713 1913">
     <span class='ocr_line' id='line_1_35' title="bbox 108 1840 1713 1913; baseline -0.002 -16"><span class='ocrx_word' id='word_1_243' title='bbox 108 1842 331 1907; x_wconf 84' lang='grc' dir='ltr'>κακῶν,</span> <span class='ocrx_word' id='word_1_244' title='bbox 360 1841 670 1913; x_wconf 74' lang='grc' dir='ltr'>χωρίζουσα</span> <span class='ocrx_word' id='word_1_245' title='bbox 711 1840 871 1904; x_wconf 83' lang='grc' dir='ltr'>Θεοῦ,</span> <span class='ocrx_word' id='word_1_246' title='bbox 914 1842 1010 1894; x_wconf 81' lang='grc' dir='ltr'><strong>καὶ</strong></span> <span class='ocrx_word' id='word_1_247' title='bbox 1048 1841 1487 1912; x_wconf 78' lang='grc' dir='ltr'>προσεγγίζουσα</span> <span class='ocrx_word' id='word_1_248' title='bbox 1513 1841 1591 1913; x_wconf 80' lang='grc' dir='ltr'>τῷ</span> <span class='ocrx_word' id='word_1_249' title='bbox 1615 1842 1713 1893; x_wconf 85' lang='grc' dir='ltr'><strong>Βε-</strong></span> 
     </span>
    </p>
   </div>
   <div class='ocr_carea' id='block_1_36' title="bbox 108 1932 1709 2007">
    <p class='ocr_par' dir='ltr' id='par_1_36' title="bbox 108 1932 1709 2007">
     <span class='ocr_line' id='line_1_36' title="bbox 108 1932 1709 2007; baseline 0.002 -20"><span class='ocrx_word' id='word_1_250' title='bbox 108 1934 269 2006; x_wconf 83' lang='grc' dir='ltr'>λιάρ.</span> <span class='ocrx_word' id='word_1_251' title='bbox 325 1932 579 2006; x_wconf 81' lang='grc' dir='ltr'>Ἑώρακα</span> <span class='ocrx_word' id='word_1_252' title='bbox 616 1934 725 2007; x_wconf 80' lang='grc' dir='ltr'><strong>γὰρ</strong></span> <span class='ocrx_word' id='word_1_253' title='bbox 776 1937 835 1989; x_wconf 81' lang='grc' dir='ltr'>ἐν</span> <span class='ocrx_word' id='word_1_254' title='bbox 887 1934 1195 2006; x_wconf 82' lang='grc' dir='ltr'>χαρακτῆρι</span> <span class='ocrx_word' id='word_1_255' title='bbox 1241 1935 1459 2006; x_wconf 80' lang='grc' dir='ltr'>γραφῆς</span> <span class='ocrx_word' id='word_1_256' title='bbox 1501 1934 1709 2005; x_wconf 83' lang='grc' dir='ltr'>Ἑνὼχ,</span> 
     </span>
    </p>
   </div>
   <div class='ocr_carea' id='block_1_37' title="bbox 106 2025 1712 2098">
    <p class='ocr_par' dir='ltr' id='par_1_37' title="bbox 106 2025 1712 2098">
     <span class='ocr_line' id='line_1_37' title="bbox 106 2025 1712 2098; baseline -0.001 -17"><span class='ocrx_word' id='word_1_257' title='bbox 106 2028 201 2082; x_wconf 84' lang='grc' dir='ltr'>ὅτι</span> <span class='ocrx_word' id='word_1_258' title='bbox 247 2027 301 2082; x_wconf 80' lang='lat' dir='ltr'><strong>oi.</strong></span> <span class='ocrx_word' id='word_1_259' title='bbox 322 2028 429 2081; x_wconf 77' lang='grc' dir='ltr'>υίοὶ</span> <span class='ocrx_word' id='word_1_260' title='bbox 457 2026 611 2098; x_wconf 84' lang='grc' dir='ltr'>ὑμῶν</span> <span class='ocrx_word' id='word_1_261' title='bbox 648 2025 766 2098; x_wconf 87' lang='grc' dir='ltr'>μεθ’</span> <span class='ocrx_word' id='word_1_262' title='bbox 793 2025 946 2097; x_wconf 87' lang='grc' dir='ltr'>ὑμῶν</span> <span class='ocrx_word' id='word_1_263' title='bbox 975 2027 1034 2079; x_wconf 87' lang='grc' dir='ltr'><strong>ἐν</strong></span> <span class='ocrx_word' id='word_1_264' title='bbox 1057 2026 1281 2097; x_wconf 82' lang='grc' dir='ltr'>πορνείᾳ</span> <span class='ocrx_word' id='word_1_265' title='bbox 1329 2026 1712 2097; x_wconf 76' lang='grc' dir='ltr'>φθαρήσονται,</span> 
     </span>
    </p>
   </div>
   <div class='ocr_carea' id='block_1_38' title="bbox 106 2118 1717 2191">
    <p class='ocr_par' dir='ltr' id='par_1_38' title="bbox 106 2118 1717 2191">
     <span class='ocr_line' id='line_1_38' title="bbox 106 2118 1717 2191; baseline -0.001 -16"><span class='ocrx_word' id='word_1_266' title='bbox 106 2121 217 2175; x_wconf 72' lang='grc' dir='ltr'>καὶ</span> <span class='ocrx_word' id='word_1_267' title='bbox 259 2120 319 2173; x_wconf 90' lang='grc' dir='ltr'>ἐν</span> <span class='ocrx_word' id='word_1_268' title='bbox 344 2118 474 2174; x_wconf 85' lang='grc' dir='ltr'><strong>Λευῖ</strong></span> <span class='ocrx_word' id='word_1_269' title='bbox 505 2118 853 2190; x_wconf 82' lang='grc' dir='ltr'>ἀδικήσουσιν</span> <span class='ocrx_word' id='word_1_270' title='bbox 896 2118 955 2171; x_wconf 81' lang='grc' dir='ltr'>ἐν</span> <span class='ocrx_word' id='word_1_271' title='bbox 991 2118 1254 2191; x_wconf 79' lang='grc' dir='ltr'>ῥομφαίᾳ.</span> <span class='ocrx_word' id='word_1_272' title='bbox 1297 2118 1437 2171; x_wconf 81' lang='grc' dir='ltr'>Ἀλλ’</span> <span class='ocrx_word' id='word_1_273' title='bbox 1464 2120 1525 2172; x_wconf 86' lang='grc' dir='ltr'>οὑ</span> <span class='ocrx_word' id='word_1_274' title='bbox 1560 2118 1717 2190; x_wconf 89' lang='grc' dir='ltr'>δυνή-</span> 
     </span>
    </p>
   </div>
   <div class='ocr_carea' id='block_1_39' title="bbox 109 2209 1716 2284">
    <p class='ocr_par' dir='ltr' id='par_1_39' title="bbox 109 2209 1716 2284">
     <span class='ocr_line' id='line_1_39' title="bbox 109 2209 1716 2284; baseline -0.002 -17"><span class='ocrx_word' id='word_1_275' title='bbox 109 2230 311 2267; x_wconf 88' lang='grc' dir='ltr'>σονται</span> <span class='ocrx_word' id='word_1_276' title='bbox 342 2211 479 2284; x_wconf 76' lang='grc' dir='ltr'>πρὸς</span> <span class='ocrx_word' id='word_1_277' title='bbox 500 2210 653 2277; x_wconf 78' lang='grc' dir='ltr'>Λευῖ,</span> <span class='ocrx_word' id='word_1_278' title='bbox 677 2212 760 2266; x_wconf 84' lang='grc' dir='ltr'>ὅτι</span> <span class='ocrx_word' id='word_1_279' title='bbox 792 2211 1026 2282; x_wconf 88' lang='grc' dir='ltr'>πόλεμον</span> <span class='ocrx_word' id='word_1_280' title='bbox 1046 2209 1251 2283; x_wconf 86' lang='grc' dir='ltr'>Κυρίου</span> <span class='ocrx_word' id='word_1_281' title='bbox 1279 2210 1599 2282; x_wconf 85' lang='grc' dir='ltr'>πολεμήσει,</span> <span class='ocrx_word' id='word_1_282' title='bbox 1621 2211 1716 2265; x_wconf 83' lang='grc' dir='ltr'>καὶ</span> 
     </span>
    </p>
   </div>
   <div class='ocr_carea' id='block_1_40' title="bbox 106 2304 1715 2377">
    <p class='ocr_par' dir='ltr' id='par_1_40' title="bbox 106 2304 1715 2377">
     <span class='ocr_line' id='line_1_40' title="bbox 106 2304 1715 2377; baseline -0.002 -16"><span class='ocrx_word' id='word_1_283' title='bbox 106 2308 338 2377; x_wconf 85' lang='grc' dir='ltr'>νικήσει</span> <span class='ocrx_word' id='word_1_284' title='bbox 364 2307 543 2359; x_wconf 81' lang='grc' dir='ltr'>πᾶσαν</span> <span class='ocrx_word' id='word_1_285' title='bbox 564 2304 920 2377; x_wconf 81' lang='grc' dir='ltr'>παρεμϐολὴν</span> <span class='ocrx_word' id='word_1_286' title='bbox 951 2305 1128 2376; x_wconf 85' lang='grc' dir='ltr'>ὑμῶν,</span> <span class='ocrx_word' id='word_1_287' title='bbox 1155 2305 1251 2359; x_wconf 77' lang='grc' dir='ltr'><strong>καὶ</strong></span> <span class='ocrx_word' id='word_1_288' title='bbox 1290 2305 1505 2359; x_wconf 74' lang='grc' dir='ltr'>ἔσονται</span> <span class='ocrx_word' id='word_1_289' title='bbox 1544 2305 1715 2374; x_wconf 83' lang='grc' dir='ltr'>ὀλίγι-</span> 
     </span>
    </p>
   </div>
   <div class='ocr_carea' id='block_1_41' title="bbox 108 2395 1718 2470">
    <p class='ocr_par' dir='ltr' id='par_1_41' title="bbox 108 2395 1718 2470">
     <span class='ocr_line' id='line_1_41' title="bbox 108 2395 1718 2470; baseline -0.001 -17"><span class='ocrx_word' id='word_1_290' title='bbox 108 2416 242 2454; x_wconf 84' lang='grc' dir='ltr'>στοι</span> <span class='ocrx_word' id='word_1_291' title='bbox 296 2397 743 2470; x_wconf 80' lang='grc' dir='ltr'>ἑπιμεριζόμενοι</span> <span class='ocrx_word' id='word_1_292' title='bbox 797 2398 855 2452; x_wconf 84' lang='grc' dir='ltr'><strong>ἐν</strong></span> <span class='ocrx_word' id='word_1_293' title='bbox 907 2397 986 2469; x_wconf 82' lang='grc' dir='ltr'>τῷ</span> <span class='ocrx_word' id='word_1_294' title='bbox 1028 2395 1159 2452; x_wconf 77' lang='grc' dir='ltr'>Λευῒ</span> <span class='ocrx_word' id='word_1_295' title='bbox 1209 2396 1306 2451; x_wconf 70' lang='grc' dir='ltr'><strong>καὶ</strong></span> <span class='ocrx_word' id='word_1_296' title='bbox 1366 2396 1573 2467; x_wconf 75' lang='grc' dir='ltr'>Ἰούδᾳο</span> <span class='ocrx_word' id='word_1_297' title='bbox 1624 2398 1718 2451; x_wconf 74' lang='grc' dir='ltr'><strong>καὶ</strong></span> 
     </span>
    </p>
   </div>
   <div class='ocr_carea' id='block_1_42' title="bbox 106 2489 1716 2565">
    <p class='ocr_par' dir='ltr' id='par_1_42' title="bbox 106 2489 1716 2565">
     <span class='ocr_line' id='line_1_42' title="bbox 106 2489 1716 2565; baseline -0.004 -16"><span class='ocrx_word' id='word_1_298' title='bbox 106 2496 277 2549; x_wconf 78' lang='grc' dir='ltr'>ἔσται</span> <span class='ocrx_word' id='word_1_299' title='bbox 308 2494 418 2565; x_wconf 86' lang='grc'><strong>(89)</strong></span> <span class='ocrx_word' id='word_1_300' title='bbox 439 2492 499 2558; x_wconf 81' lang='grc' dir='ltr'><strong>ἐξ</strong></span> <span class='ocrx_word' id='word_1_301' title='bbox 526 2492 680 2563; x_wconf 85' lang='grc' dir='ltr'>ὑμῶν</span> <span class='ocrx_word' id='word_1_302' title='bbox 711 2494 790 2555; x_wconf 79' lang='grc' dir='ltr'><strong>εἰς</strong></span> <span class='ocrx_word' id='word_1_303' title='bbox 812 2490 1130 2562; x_wconf 82' lang='grc' dir='ltr'>ἡγεμονίαν,</span> <span class='ocrx_word' id='word_1_304' title='bbox 1148 2489 1331 2554; x_wconf 85' lang='grc' dir='ltr'>καθὼς</span> <span class='ocrx_word' id='word_1_305' title='bbox 1352 2492 1448 2545; x_wconf 79' lang='grc' dir='ltr'><strong>καὶ</strong></span> <span class='ocrx_word' id='word_1_306' title='bbox 1476 2492 1505 2544; x_wconf 88' lang='grc' dir='ltr'>ὁ</span> <span class='ocrx_word' id='word_1_307' title='bbox 1532 2491 1716 2563; x_wconf 85' lang='grc' dir='ltr'>πατὴρ</span> 
     </span>
    </p>
   </div>
   <div class='ocr_carea' id='block_1_43' title="bbox 121 2583 1320 2659">
    <p class='ocr_par' dir='ltr' id='par_1_43' title="bbox 121 2583 1320 2659">
     <span class='ocr_line' id='line_1_43' title="bbox 121 2583 1320 2659; baseline -0.003 -16"><span class='ocrx_word' id='word_1_308' title='bbox 121 2586 333 2643; x_wconf 73' lang='grc' dir='ltr'>Ἰακεοὸ</span> <span class='ocrx_word' id='word_1_309' title='bbox 361 2587 766 2659; x_wconf 80' lang='grc' dir='ltr'>προεφήτευσεν</span> <span class='ocrx_word' id='word_1_310' title='bbox 795 2585 853 2638; x_wconf 83' lang='grc' dir='ltr'>ἐν</span> <span class='ocrx_word' id='word_1_311' title='bbox 880 2584 1153 2654; x_wconf 80' lang='grc' dir='ltr'>εὐλογίαις</span> <span class='ocrx_word' id='word_1_312' title='bbox 1184 2583 1320 2656; x_wconf 87' lang='grc'><strong>(90).</strong></span> 
     </span>
    </p>
   </div>
   <div class='ocr_carea' id='block_1_44' title="bbox 191 2677 1712 2751">
    <p class='ocr_par' dir='ltr' id='par_1_44' title="bbox 191 2677 1712 2751">
     <span class='ocr_line' id='line_1_44' title="bbox 191 2677 1712 2751; baseline 0.001 -18"><span class='ocrx_word' id='word_1_313' title='bbox 191 2683 287 2748; x_wconf 68' lang='grc' dir='ltr'><strong>(τ’.</strong></span> <span class='ocrx_word' id='word_1_314' title='bbox 328 2695 351 2732; x_wconf 78' lang='lat' dir='ltr'><strong>t</strong></span> <span class='ocrx_word' id='word_1_315' title='bbox 383 2680 515 2733; x_wconf 81' lang='grc' dir='ltr'>Ἰδοὺ</span> <span class='ocrx_word' id='word_1_316' title='bbox 550 2679 857 2751; x_wconf 84' lang='grc' dir='ltr'>προείρηκα</span> <span class='ocrx_word' id='word_1_317' title='bbox 881 2679 1009 2749; x_wconf 85' lang='grc' dir='ltr'>ὑμῖν</span> <span class='ocrx_word' id='word_1_318' title='bbox 1042 2677 1243 2741; x_wconf 84' lang='grc' dir='ltr'>πάντα,</span> <span class='ocrx_word' id='word_1_319' title='bbox 1275 2678 1422 2742; x_wconf 85' lang='grc' dir='ltr'><strong>ὅπως</strong></span> <span class='ocrx_word' id='word_1_320' title='bbox 1435 2678 1712 2737; x_wconf 84' lang='grc' dir='ltr'>δικαιωθῶ</span> 
     </span>
    </p>
   </div>
   <div class='ocr_carea' id='block_1_45' title="bbox 106 2769 1720 2844">
    <p class='ocr_par' dir='ltr' id='par_1_45' title="bbox 106 2769 1720 2844">
     <span class='ocr_line' id='line_1_45' title="bbox 106 2769 1720 2844; baseline -0.002 -14"><span class='ocrx_word' id='word_1_321' title='bbox 106 2775 233 2832; x_wconf 76' lang='grc' dir='ltr'><strong>ἀπὸ</strong></span> <span class='ocrx_word' id='word_1_322' title='bbox 264 2773 365 2844; x_wconf 79' lang='grc' dir='ltr'><strong>τῆς</strong></span> <span class='ocrx_word' id='word_1_323' title='bbox 398 2772 670 2844; x_wconf 85' lang='grc' dir='ltr'>ἁμαρτίας</span> <span class='ocrx_word' id='word_1_324' title='bbox 722 2770 832 2826; x_wconf 89' lang='grc' dir='ltr'><strong>τῶν</strong></span> <span class='ocrx_word' id='word_1_325' title='bbox 864 2770 1055 2842; x_wconf 79' lang='grc' dir='ltr'>ψυχῶν</span> <span class='ocrx_word' id='word_1_326' title='bbox 1105 2769 1280 2841; x_wconf 83' lang='grc' dir='ltr'>ὑμῶν.</span> <span class='ocrx_word' id='word_1_327' title='bbox 1329 2769 1456 2823; x_wconf 86' lang='grc' dir='ltr'><strong>Ἐὰν</strong></span> <span class='ocrx_word' id='word_1_328' title='bbox 1497 2770 1554 2824; x_wconf 85' lang='grc' dir='ltr'>δὲ</span> <span class='ocrx_word' id='word_1_329' title='bbox 1587 2771 1720 2842; x_wconf 78' lang='grc' dir='ltr'>ἀφέ-</span> 
     </span>
    </p>
   </div>
   <div class='ocr_carea' id='block_1_46' title="bbox 1823 1850 3392 1923">
    <p class='ocr_par' dir='ltr' id='par_1_46' title="bbox 1823 1850 3392 1923">
     <span class='ocr_line' id='line_1_46' title="bbox 1823 1850 3392 1923; baseline -0.004 -13"><span class='ocrx_word' id='word_1_330' title='bbox 1823 1855 2077 1911; x_wconf 85' lang='lat' dir='ltr'><strong>dividens</strong></span> <span class='ocrx_word' id='word_1_331' title='bbox 2099 1870 2128 1908; x_wconf 91' lang='lat' dir='ltr'><strong>a</strong></span> <span class='ocrx_word' id='word_1_332' title='bbox 2155 1853 2288 1920; x_wconf 91' lang='lat' dir='ltr'><strong>Deo,</strong></span> <span class='ocrx_word' id='word_1_333' title='bbox 2318 1862 2372 1908; x_wconf 92' lang='lat' dir='ltr'><strong>et</strong></span> <span class='ocrx_word' id='word_1_334' title='bbox 2400 1852 2843 1923; x_wconf 85' lang='lat' dir='ltr'><strong>appropinquare</strong></span> <span class='ocrx_word' id='word_1_335' title='bbox 2864 1850 3072 1911; x_wconf 86' lang='lat' dir='ltr'><strong>faciens</strong></span> <span class='ocrx_word' id='word_1_336' title='bbox 3095 1851 3161 1905; x_wconf 86' lang='lat' dir='ltr'><strong>ad</strong></span> <span class='ocrx_word' id='word_1_337' title='bbox 3192 1850 3392 1905; x_wconf 88' lang='lat' dir='ltr'><strong>Beliar.</strong></span> 
     </span>
    </p>
   </div>
   <div class='ocr_carea' id='block_1_47' title="bbox 1818 1944 3395 2016">
    <p class='ocr_par' dir='ltr' id='par_1_47' title="bbox 1818 1944 3395 2016">
     <span class='ocr_line' id='line_1_47' title="bbox 1818 1944 3395 2016; baseline -0.001 -16"><span class='ocrx_word' id='word_1_338' title='bbox 1818 1946 1940 2003; x_wconf 85' lang='lat' dir='ltr'><strong>Vidi</strong></span> <span class='ocrx_word' id='word_1_339' title='bbox 1967 1948 2111 2002; x_wconf 92' lang='lat' dir='ltr'><strong>enim</strong></span> <span class='ocrx_word' id='word_1_340' title='bbox 2143 1946 2196 2000; x_wconf 90' lang='lat' dir='ltr'><strong>in</strong></span> <span class='ocrx_word' id='word_1_341' title='bbox 2229 1946 2545 2001; x_wconf 86' lang='lat' dir='ltr'><strong>charactere</strong></span> <span class='ocrx_word' id='word_1_342' title='bbox 2569 1946 2857 2015; x_wconf 72' lang='lat' dir='ltr'><strong>scriptura:</strong></span> <span class='ocrx_word' id='word_1_343' title='bbox 2888 1944 3098 2005; x_wconf 85' lang='lat' dir='ltr'><strong>Enoch,</strong></span> <span class='ocrx_word' id='word_1_344' title='bbox 3125 1944 3272 2016; x_wconf 92' lang='lat' dir='ltr'><strong>quod</strong></span> <span class='ocrx_word' id='word_1_345' title='bbox 3299 1944 3395 1999; x_wconf 82' lang='lat' dir='ltr'><strong>filii</strong></span> 
     </span>
    </p>
   </div>
   <div class='ocr_carea' id='block_1_48' title="bbox 1820 2037 3399 2108">
    <p class='ocr_par' dir='ltr' id='par_1_48' title="bbox 1820 2037 3399 2108">
     <span class='ocr_line' id='line_1_48' title="bbox 1820 2037 3399 2108; baseline -0.002 -13"><span class='ocrx_word' id='word_1_346' title='bbox 1820 2040 1989 2095; x_wconf 89' lang='lat' dir='ltr'><strong>vestri</strong></span> <span class='ocrx_word' id='word_1_347' title='bbox 2019 2039 2307 2094; x_wconf 83' lang='lat' dir='ltr'><strong>vobiscum</strong></span> <span class='ocrx_word' id='word_1_348' title='bbox 2350 2039 2404 2092; x_wconf 92' lang='lat' dir='ltr'><strong>in</strong></span> <span class='ocrx_word' id='word_1_349' title='bbox 2451 2037 2817 2093; x_wconf 90' lang='lat' dir='ltr'><strong>fornicatione</strong></span> <span class='ocrx_word' id='word_1_350' title='bbox 2868 2048 3309 2108; x_wconf 85' lang='lat' dir='ltr'><strong>corrumpentur,</strong></span> <span class='ocrx_word' id='word_1_351' title='bbox 3342 2046 3399 2093; x_wconf 92' lang='lat' dir='ltr'><strong>et</strong></span> 
     </span>
    </p>
   </div>
   <div class='ocr_carea' id='block_1_49' title="bbox 1816 2130 3396 2202">
    <p class='ocr_par' dir='ltr' id='par_1_49' title="bbox 1816 2130 3396 2202">
     <span class='ocr_line' id='line_1_49' title="bbox 1816 2130 3396 2202; baseline -0.001 -17"><span class='ocrx_word' id='word_1_352' title='bbox 1816 2130 1946 2188; x_wconf 84' lang='lat' dir='ltr'><strong>Levi</strong></span> <span class='ocrx_word' id='word_1_353' title='bbox 1967 2132 2294 2201; x_wconf 87' lang='lat' dir='ltr'><strong>injustitiam</strong></span> <span class='ocrx_word' id='word_1_354' title='bbox 2321 2130 2524 2187; x_wconf 87' lang='lat' dir='ltr'><strong>facient</strong></span> <span class='ocrx_word' id='word_1_355' title='bbox 2548 2132 2601 2185; x_wconf 90' lang='lat' dir='ltr'><strong>in</strong></span> <span class='ocrx_word' id='word_1_356' title='bbox 2634 2130 2835 2202; x_wconf 83' lang='lat' dir='ltr'><strong>gladio.</strong></span> <span class='ocrx_word' id='word_1_357' title='bbox 2870 2131 2976 2186; x_wconf 87' lang='lat' dir='ltr'><strong>Sed</strong></span> <span class='ocrx_word' id='word_1_358' title='bbox 3028 2147 3139 2186; x_wconf 89' lang='lat' dir='ltr'><strong>non</strong></span> <span class='ocrx_word' id='word_1_359' title='bbox 3182 2146 3396 2201; x_wconf 72' lang='lat' dir='ltr'><strong>praeva-</strong></span> 
     </span>
    </p>
   </div>
   <div class='ocr_carea' id='block_1_50' title="bbox 1817 2222 3400 2293">
    <p class='ocr_par' dir='ltr' id='par_1_50' title="bbox 1817 2222 3400 2293">
     <span class='ocr_line' id='line_1_50' title="bbox 1817 2222 3400 2293; baseline -0.002 -14"><span class='ocrx_word' id='word_1_360' title='bbox 1817 2224 2009 2279; x_wconf 91' lang='lat' dir='ltr'><strong>lebunt</strong></span> <span class='ocrx_word' id='word_1_361' title='bbox 2030 2233 2220 2278; x_wconf 90' lang='lat' dir='ltr'><strong>contra</strong></span> <span class='ocrx_word' id='word_1_362' title='bbox 2253 2222 2406 2290; x_wconf 89' lang='lat' dir='ltr'><strong>Levi,</strong></span> <span class='ocrx_word' id='word_1_363' title='bbox 2440 2224 2699 2293; x_wconf 89' lang='lat' dir='ltr'><strong>quoniam</strong></span> <span class='ocrx_word' id='word_1_364' title='bbox 2724 2224 2926 2279; x_wconf 87' lang='lat' dir='ltr'><strong>bellum</strong></span> <span class='ocrx_word' id='word_1_365' title='bbox 2972 2222 3192 2277; x_wconf 89' lang='lat' dir='ltr'><strong>Domini</strong></span> <span class='ocrx_word' id='word_1_366' title='bbox 3229 2223 3400 2278; x_wconf 90' lang='lat' dir='ltr'><strong>bella-</strong></span> 
     </span>
    </p>
   </div>
   <div class='ocr_carea' id='block_1_51' title="bbox 1818 2316 3399 2386">
    <p class='ocr_par' dir='ltr' id='par_1_51' title="bbox 1818 2316 3399 2386">
     <span class='ocr_line' id='line_1_51' title="bbox 1818 2316 3399 2386; baseline 0 -15"><span class='ocrx_word' id='word_1_367' title='bbox 1818 2317 1920 2380; x_wconf 87' lang='lat' dir='ltr'><strong>bit,</strong></span> <span class='ocrx_word' id='word_1_368' title='bbox 1950 2325 2005 2371; x_wconf 91' lang='lat' dir='ltr'><strong>et</strong></span> <span class='ocrx_word' id='word_1_369' title='bbox 2034 2316 2217 2371; x_wconf 87' lang='lat' dir='ltr'><strong>vincet</strong></span> <span class='ocrx_word' id='word_1_370' title='bbox 2243 2331 2403 2371; x_wconf 89' lang='lat' dir='ltr'><strong>omne</strong></span> <span class='ocrx_word' id='word_1_371' title='bbox 2429 2324 2671 2371; x_wconf 91' lang='lat' dir='ltr'><strong>castrum</strong></span> <span class='ocrx_word' id='word_1_372' title='bbox 2699 2325 2967 2381; x_wconf 88' lang='lat' dir='ltr'><strong>vestrum,</strong></span> <span class='ocrx_word' id='word_1_373' title='bbox 2994 2324 3048 2372; x_wconf 91' lang='lat' dir='ltr'><strong>et</strong></span> <span class='ocrx_word' id='word_1_374' title='bbox 3077 2328 3238 2371; x_wconf 88' lang='lat' dir='ltr'><strong>erunt</strong></span> <span class='ocrx_word' id='word_1_375' title='bbox 3260 2332 3399 2386; x_wconf 86' lang='lat' dir='ltr'><strong>pau-</strong></span> 
     </span>
    </p>
   </div>
   <div class='ocr_carea' id='block_1_52' title="bbox 1819 2404 3396 2472">
    <p class='ocr_par' dir='ltr' id='par_1_52' title="bbox 1819 2404 3396 2472">
     <span class='ocr_line' id='line_1_52' title="bbox 1819 2404 3396 2472; baseline -0.004 -8"><span class='ocrx_word' id='word_1_376' title='bbox 1819 2408 2028 2464; x_wconf 90' lang='lat' dir='ltr'><strong>cissimi</strong></span> <span class='ocrx_word' id='word_1_377' title='bbox 2052 2406 2215 2463; x_wconf 87' lang='lat' dir='ltr'><strong>divisi</strong></span> <span class='ocrx_word' id='word_1_378' title='bbox 2251 2407 2306 2461; x_wconf 90' lang='lat' dir='ltr'><strong>in</strong></span> <span class='ocrx_word' id='word_1_379' title='bbox 2331 2405 2461 2461; x_wconf 86' lang='lat' dir='ltr'><strong>Levi</strong></span> <span class='ocrx_word' id='word_1_380' title='bbox 2495 2416 2549 2460; x_wconf 90' lang='lat' dir='ltr'><strong>et</strong></span> <span class='ocrx_word' id='word_1_381' title='bbox 2575 2404 2749 2472; x_wconf 88' lang='lat' dir='ltr'><strong>Juda;</strong></span> <span class='ocrx_word' id='word_1_382' title='bbox 2785 2414 2839 2459; x_wconf 91' lang='lat' dir='ltr'><strong>et</strong></span> <span class='ocrx_word' id='word_1_383' title='bbox 2862 2406 2967 2459; x_wconf 92' lang='lat' dir='ltr'><strong>erit</strong></span> <span class='ocrx_word' id='word_1_384' title='bbox 3015 2420 3047 2460; x_wconf 91' lang='lat' dir='ltr'><strong>e</strong></span> <span class='ocrx_word' id='word_1_385' title='bbox 3073 2405 3229 2460; x_wconf 87' lang='lat' dir='ltr'><strong>vobis</strong></span> <span class='ocrx_word' id='word_1_386' title='bbox 3259 2406 3396 2469; x_wconf 82' lang='lat' dir='ltr'><strong>dux,</strong></span> 
     </span>
    </p>
   </div>
   <div class='ocr_carea' id='block_1_53' title="bbox 1820 2497 3399 2571">
    <p class='ocr_par' dir='ltr' id='par_1_53' title="bbox 1820 2497 3399 2571">
     <span class='ocr_line' id='line_1_53' title="bbox 1820 2497 3399 2571; baseline -0.003 -15"><span class='ocrx_word' id='word_1_387' title='bbox 1820 2500 2284 2571; x_wconf 83' lang='lat' dir='ltr'><strong>quemadmodum</strong></span> <span class='ocrx_word' id='word_1_388' title='bbox 2330 2507 2482 2569; x_wconf 89' lang='lat' dir='ltr'><strong>pater</strong></span> <span class='ocrx_word' id='word_1_389' title='bbox 2528 2514 2686 2554; x_wconf 91' lang='lat' dir='ltr'><strong>meus</strong></span> <span class='ocrx_word' id='word_1_390' title='bbox 2735 2497 2906 2553; x_wconf 79' lang='lat' dir='ltr'><strong>Jacoh</strong></span> <span class='ocrx_word' id='word_1_391' title='bbox 2966 2497 3311 2568; x_wconf 87' lang='lat' dir='ltr'><strong>prOphetavit</strong></span> <span class='ocrx_word' id='word_1_392' title='bbox 3342 2497 3399 2552; x_wconf 89' lang='lat' dir='ltr'><strong>in</strong></span> 
     </span>
    </p>
   </div>
   <div class='ocr_carea' id='block_1_54' title="bbox 1816 2593 2316 2651">
    <p class='ocr_par' dir='ltr' id='par_1_54' title="bbox 1816 2593 2316 2651">
     <span class='ocr_line' id='line_1_54' title="bbox 1816 2593 2316 2651; baseline -0.008 -1"><span class='ocrx_word' id='word_1_393' title='bbox 1816 2593 2316 2651; x_wconf 84' lang='lat' dir='ltr'><strong>benedictionibus.</strong></span> 
     </span>
    </p>
   </div>
   <div class='ocr_carea' id='block_1_55' title="bbox 1889 2684 3393 2756">
    <p class='ocr_par' dir='ltr' id='par_1_55' title="bbox 1889 2684 3393 2756">
     <span class='ocr_line' id='line_1_55' title="bbox 1889 2684 3393 2756; baseline -0.003 -15"><span class='ocrx_word' id='word_1_394' title='bbox 1889 2684 1980 2742; x_wconf 75' lang='lat' dir='ltr'><strong>Vl.</strong></span> <span class='ocrx_word' id='word_1_395' title='bbox 2014 2685 2155 2742; x_wconf 88' lang='lat' dir='ltr'><strong>Ecce</strong></span> <span class='ocrx_word' id='word_1_396' title='bbox 2190 2685 2419 2756; x_wconf 73' lang='lat' dir='ltr'><strong>praedixi</strong></span> <span class='ocrx_word' id='word_1_397' title='bbox 2449 2685 2608 2740; x_wconf 87' lang='lat' dir='ltr'><strong>vobis</strong></span> <span class='ocrx_word' id='word_1_398' title='bbox 2651 2686 2861 2748; x_wconf 89' lang='lat' dir='ltr'><strong>omnia,</strong></span> <span class='ocrx_word' id='word_1_399' title='bbox 2924 2693 2985 2739; x_wconf 88' lang='lat' dir='ltr'><strong>ut</strong></span> <span class='ocrx_word' id='word_1_400' title='bbox 3038 2684 3310 2754; x_wconf 82' lang='lat' dir='ltr'><strong>justifieer</strong></span> <span class='ocrx_word' id='word_1_401' title='bbox 3363 2698 3393 2736; x_wconf 91' lang='lat' dir='ltr'><strong>a</strong></span> 
     </span>
    </p>
   </div>
   <div class='ocr_carea' id='block_1_56' title="bbox 1818 2772 3399 2851">
    <p class='ocr_par' dir='ltr' id='par_1_56' title="bbox 1818 2772 3399 2851">
     <span class='ocr_line' id='line_1_56' title="bbox 1818 2772 3399 2851; baseline -0.005 -15"><span class='ocrx_word' id='word_1_402' title='bbox 1818 2789 2044 2851; x_wconf 88' lang='lat' dir='ltr'><strong>peccato</strong></span> <span class='ocrx_word' id='word_1_403' title='bbox 2068 2779 2376 2833; x_wconf 87' lang='lat' dir='ltr'><strong>animarum</strong></span> <span class='ocrx_word' id='word_1_404' title='bbox 2403 2786 2737 2831; x_wconf 90' lang='lat' dir='ltr'><strong>vestrarum.</strong></span> <span class='ocrx_word' id='word_1_405' title='bbox 2770 2775 2826 2829; x_wconf 92' lang='lat' dir='ltr'><strong>Si</strong></span> <span class='ocrx_word' id='word_1_406' title='bbox 2863 2784 3044 2829; x_wconf 89' lang='lat' dir='ltr'><strong>autem</strong></span> <span class='ocrx_word' id='word_1_407' title='bbox 3073 2772 3335 2829; x_wconf 84' lang='lat' dir='ltr'><strong>auleratis</strong></span> <span class='ocrx_word' id='word_1_408' title='bbox 3369 2790 3399 2828; x_wconf 87' lang='lat' dir='ltr'><strong>a</strong></span> 
     </span>
    </p>
   </div>
   <div class='ocr_carea' id='block_1_57' title="bbox 109 2861 1703 2936">
    <p class='ocr_par' dir='ltr' id='par_1_57' title="bbox 109 2861 1703 2936">
     <span class='ocr_line' id='line_1_57' title="bbox 109 2861 1703 2936; baseline -0.002 -18"><span class='ocrx_word' id='word_1_409' title='bbox 109 2868 253 2936; x_wconf 82' lang='grc' dir='ltr'>λητε</span> <span class='ocrx_word' id='word_1_410' title='bbox 287 2864 382 2933; x_wconf 78' lang='grc' dir='ltr'>ἀφ’</span> <span class='ocrx_word' id='word_1_411' title='bbox 417 2862 570 2934; x_wconf 78' lang='grc' dir='ltr'>ὑμῶν</span> <span class='ocrx_word' id='word_1_412' title='bbox 588 2863 682 2916; x_wconf 72' lang='grc' dir='ltr'>τὸν</span> <span class='ocrx_word' id='word_1_413' title='bbox 716 2862 933 2931; x_wconf 79' lang='grc' dir='ltr'>φθόνον,</span> <span class='ocrx_word' id='word_1_414' title='bbox 956 2861 1053 2915; x_wconf 72' lang='grc' dir='ltr'>καὶ</span> <span class='ocrx_word' id='word_1_415' title='bbox 1086 2862 1269 2916; x_wconf 84' lang='grc' dir='ltr'>πᾶσαν</span> <span class='ocrx_word' id='word_1_416' title='bbox 1305 2862 1703 2936; x_wconf 76' lang='grc' dir='ltr'>σκληροτραχη·</span> 
     </span>
    </p>
   </div>
   <div class='ocr_carea' id='block_1_58' title="bbox 1820 2861 3401 2936">
    <p class='ocr_par' dir='ltr' id='par_1_58' title="bbox 1820 2864 3401 2929">
     <span class='ocr_line' id='line_1_58' title="bbox 1820 2864 3401 2929; baseline -0.004 -6"><span class='ocrx_word' id='word_1_417' title='bbox 1820 2872 1978 2927; x_wconf 87' lang='lat' dir='ltr'><strong>vobis</strong></span> <span class='ocrx_word' id='word_1_418' title='bbox 2002 2869 2264 2924; x_wconf 80' lang='lat' dir='ltr'><strong>invidiam</strong></span> <span class='ocrx_word' id='word_1_419' title='bbox 2291 2877 2345 2922; x_wconf 92' lang='lat' dir='ltr'><strong>et</strong></span> <span class='ocrx_word' id='word_1_420' title='bbox 2373 2881 2595 2921; x_wconf 91' lang='lat' dir='ltr'><strong>omnem</strong></span> <span class='ocrx_word' id='word_1_421' title='bbox 2626 2866 2856 2922; x_wconf 89' lang='lat' dir='ltr'><strong>cervicis</strong></span> <span class='ocrx_word' id='word_1_422' title='bbox 2875 2864 3155 2929; x_wconf 84' lang='lat' dir='ltr'><strong>duritiem,</strong></span> <span class='ocrx_word' id='word_1_423' title='bbox 3184 2871 3244 2917; x_wconf 90' lang='lat' dir='ltr'><strong>ut</strong></span> <span class='ocrx_word' id='word_1_424' title='bbox 3273 2876 3401 2917; x_wconf 85' lang='lat' dir='ltr'><strong>rosa</strong></span> 
     </span>
    </p>
   </div>
   <div class='ocr_carea' id='block_1_59' title="bbox 107 2953 1703 3028">
    <p class='ocr_par' dir='ltr' id='par_1_59' title="bbox 107 2953 1703 3028">
     <span class='ocr_line' id='line_1_59' title="bbox 107 2953 1703 3028; baseline -0.003 -16"><span class='ocrx_word' id='word_1_425' title='bbox 107 2960 266 3021; x_wconf 84' lang='grc' dir='ltr'>λίαν.</span> <span class='ocrx_word' id='word_1_426' title='bbox 304 2958 379 3019; x_wconf 83' lang='grc' dir='ltr'>ὡς</span> <span class='ocrx_word' id='word_1_427' title='bbox 414 2955 564 3028; x_wconf 82' lang='grc' dir='ltr'>ῥόδον</span> <span class='ocrx_word' id='word_1_428' title='bbox 596 2954 818 3025; x_wconf 83' lang='grc' dir='ltr'>ἀνθήσει</span> <span class='ocrx_word' id='word_1_429' title='bbox 849 2953 919 3010; x_wconf 83' lang='grc' dir='ltr'>τὰ</span> <span class='ocrx_word' id='word_1_430' title='bbox 950 2954 1085 3007; x_wconf 86' lang='grc' dir='ltr'>ὀστᾶ</span> <span class='ocrx_word' id='word_1_431' title='bbox 1106 2954 1216 3025; x_wconf 74' lang='grc'><strong>(91)</strong></span> <span class='ocrx_word' id='word_1_432' title='bbox 1238 2971 1341 3025; x_wconf 90' lang='grc' dir='ltr'><strong>μου</strong></span> <span class='ocrx_word' id='word_1_433' title='bbox 1373 2955 1431 3007; x_wconf 87' lang='grc' dir='ltr'><strong>ἐν</strong></span> <span class='ocrx_word' id='word_1_434' title='bbox 1478 2954 1703 3027; x_wconf 83' lang='grc' dir='ltr'>Ἰσραὴλ.</span> 
     </span>
    </p>
   </div>
   <div class='ocr_carea' id='block_1_60' title="bbox 1820 2953 3400 3028">
    <p class='ocr_par' dir='ltr' id='par_1_60' title="bbox 1820 2959 3400 3027">
     <span class='ocr_line' id='line_1_60' title="bbox 1820 2959 3400 3027; baseline -0.006 -7"><span class='ocrx_word' id='word_1_435' title='bbox 1820 2963 2096 3020; x_wconf 76' lang='lat' dir='ltr'><strong>florebunt</strong></span> <span class='ocrx_word' id='word_1_436' title='bbox 2124 2977 2250 3018; x_wconf 88' lang='lat' dir='ltr'><strong>ossa</strong></span> <span class='ocrx_word' id='word_1_437' title='bbox 2280 2976 2402 3015; x_wconf 90' lang='lat' dir='ltr'><strong>mea</strong></span> <span class='ocrx_word' id='word_1_438' title='bbox 2434 2961 2489 3015; x_wconf 91' lang='lat' dir='ltr'><strong>in</strong></span> <span class='ocrx_word' id='word_1_439' title='bbox 2522 2959 2721 3027; x_wconf 88' lang='lat' dir='ltr'><strong>Israel,</strong></span> <span class='ocrx_word' id='word_1_440' title='bbox 2747 2970 2802 3016; x_wconf 92' lang='lat' dir='ltr'><strong>et</strong></span> <span class='ocrx_word' id='word_1_441' title='bbox 2826 2969 2889 3015; x_wconf 93' lang='lat' dir='ltr'><strong>ut</strong></span> <span class='ocrx_word' id='word_1_442' title='bbox 2920 2959 3097 3013; x_wconf 89' lang='lat' dir='ltr'><strong>lilium</strong></span> <span class='ocrx_word' id='word_1_443' title='bbox 3122 2972 3252 3012; x_wconf 90' lang='lat' dir='ltr'><strong>caro</strong></span> <span class='ocrx_word' id='word_1_444' title='bbox 3279 2971 3400 3011; x_wconf 78' lang='lat' dir='ltr'><strong>mea</strong></span> 
     </span>
    </p>
   </div>
   <div class='ocr_carea' id='block_1_61' title="bbox 108 3044 1703 3133">
    <p class='ocr_par' dir='ltr' id='par_1_61' title="bbox 108 3044 1703 3118">
     <span class='ocr_line' id='line_1_61' title="bbox 108 3044 1703 3118; baseline -0.002 -13"><span class='ocrx_word' id='word_1_445' title='bbox 108 3050 222 3106; x_wconf 74' lang='grc' dir='ltr'><strong>καὶ</strong></span> <span class='ocrx_word' id='word_1_446' title='bbox 268 3047 346 3111; x_wconf 83' lang='grc' dir='ltr'>ὡς</span> <span class='ocrx_word' id='word_1_447' title='bbox 387 3045 566 3118; x_wconf 89' lang='grc' dir='ltr'>κρίνον</span> <span class='ocrx_word' id='word_1_448' title='bbox 601 3047 634 3117; x_wconf 83' lang='grc' dir='ltr'><strong>ἡ</strong></span> <span class='ocrx_word' id='word_1_449' title='bbox 672 3044 809 3116; x_wconf 80' lang='grc' dir='ltr'>σάρξ</span> <span class='ocrx_word' id='word_1_450' title='bbox 847 3062 948 3116; x_wconf 91' lang='grc' dir='ltr'><strong>μου</strong></span> <span class='ocrx_word' id='word_1_451' title='bbox 983 3046 1041 3097; x_wconf 86' lang='grc' dir='ltr'>ἐν</span> <span class='ocrx_word' id='word_1_452' title='bbox 1088 3044 1307 3107; x_wconf 80' lang='grc' dir='ltr'>Ἰακὼϐ,</span> <span class='ocrx_word' id='word_1_453' title='bbox 1342 3045 1441 3099; x_wconf 78' lang='grc' dir='ltr'><strong>καὶ</strong></span> <span class='ocrx_word' id='word_1_454' title='bbox 1491 3045 1648 3101; x_wconf 76' lang='grc' dir='ltr'>ἔσται</span> <span class='ocrx_word' id='word_1_455' title='bbox 1682 3049 1703 3102; x_wconf 74' lang='lat' dir='ltr'><strong>&#39;l</strong></span> 
     </span>
    </p>
   </div>
   <div class='ocr_carea' id='block_1_62' title="bbox 1820 3044 3404 3133">
    <p class='ocr_par' dir='ltr' id='par_1_62' title="bbox 1822 3047 3404 3123">
     <span class='ocr_line' id='line_1_62' title="bbox 1822 3047 3404 3123; baseline -0.007 -11"><span class='ocrx_word' id='word_1_456' title='bbox 1822 3058 1875 3112; x_wconf 92' lang='lat' dir='ltr'><strong>in</strong></span> <span class='ocrx_word' id='word_1_457' title='bbox 1911 3055 2117 3123; x_wconf 72' lang='lat' dir='ltr'><strong>Iacob;</strong></span> <span class='ocrx_word' id='word_1_458' title='bbox 2146 3062 2201 3109; x_wconf 91' lang='lat' dir='ltr'><strong>et</strong></span> <span class='ocrx_word' id='word_1_459' title='bbox 2228 3055 2336 3108; x_wconf 91' lang='lat' dir='ltr'><strong>erit</strong></span> <span class='ocrx_word' id='word_1_460' title='bbox 2362 3053 2502 3107; x_wconf 84' lang='lat' dir='ltr'><strong>odor</strong></span> <span class='ocrx_word' id='word_1_461' title='bbox 2551 3066 2709 3107; x_wconf 89' lang='lat' dir='ltr'><strong>meus</strong></span> <span class='ocrx_word' id='word_1_462' title='bbox 2740 3051 2884 3106; x_wconf 87' lang='lat' dir='ltr'><strong>sicut</strong></span> <span class='ocrx_word' id='word_1_463' title='bbox 2921 3048 3056 3104; x_wconf 91' lang='lat' dir='ltr'><strong>odor</strong></span> <span class='ocrx_word' id='word_1_464' title='bbox 3088 3047 3307 3113; x_wconf 87' lang='lat' dir='ltr'><strong>Libani,</strong></span> <span class='ocrx_word' id='word_1_465' title='bbox 3346 3055 3404 3102; x_wconf 89' lang='lat' dir='ltr'><strong>et</strong></span> 
     </span>
    </p>
   </div>
   <div class='ocr_carea' id='block_1_63' title="bbox 107 3135 1720 3212">
    <p class='ocr_par' dir='ltr' id='par_1_63' title="bbox 107 3135 1720 3212">
     <span class='ocr_line' id='line_1_63' title="bbox 107 3135 1720 3212; baseline -0.001 -17"><span class='ocrx_word' id='word_1_466' title='bbox 107 3140 268 3212; x_wconf 80' lang='grc' dir='ltr'>ὀσμή</span> <span class='ocrx_word' id='word_1_467' title='bbox 305 3156 407 3210; x_wconf 85' lang='grc' dir='ltr'><strong>μου</strong></span> <span class='ocrx_word' id='word_1_468' title='bbox 440 3138 517 3203; x_wconf 85' lang='grc' dir='ltr'>ὡς</span> <span class='ocrx_word' id='word_1_469' title='bbox 545 3138 687 3209; x_wconf 81' lang='grc' dir='ltr'>ὀσμὴ</span> <span class='ocrx_word' id='word_1_470' title='bbox 721 3136 973 3199; x_wconf 81' lang='grc' dir='ltr'>Λιϐάνου,</span> <span class='ocrx_word' id='word_1_471' title='bbox 1010 3137 1104 3191; x_wconf 76' lang='grc' dir='ltr'><strong>καὶ</strong></span> <span class='ocrx_word' id='word_1_472' title='bbox 1137 3135 1598 3210; x_wconf 89' lang='grc' dir='ltr'>πληθυνθήσονται</span> <span class='ocrx_word' id='word_1_473' title='bbox 1642 3139 1720 3205; x_wconf 83' lang='grc' dir='ltr'><strong>ὡς</strong></span> 
     </span>
    </p>
   </div>
   <div class='ocr_carea' id='block_1_64' title="bbox 108 3228 1720 3301">
    <p class='ocr_par' dir='ltr' id='par_1_64' title="bbox 108 3228 1720 3301">
     <span class='ocr_line' id='line_1_64' title="bbox 108 3228 1720 3301; baseline 0.007 -23"><span class='ocrx_word' id='word_1_474' title='bbox 108 3230 309 3301; x_wconf 79' lang='grc' dir='ltr'>κέδροι</span> <span class='ocrx_word' id='word_1_475' title='bbox 346 3230 491 3299; x_wconf 83' lang='grc' dir='ltr'>ἆγιοι</span> <span class='ocrx_word' id='word_1_476' title='bbox 524 3229 584 3295; x_wconf 82' lang='grc' dir='ltr'><strong>ἐξ</strong></span> <span class='ocrx_word' id='word_1_477' title='bbox 615 3228 752 3300; x_wconf 87' lang='grc' dir='ltr'>ἐμοῦ</span> <span class='ocrx_word' id='word_1_478' title='bbox 786 3228 893 3293; x_wconf 75' lang='grc' dir='ltr'><strong>ἕως</strong></span> <span class='ocrx_word' id='word_1_479' title='bbox 940 3228 1158 3293; x_wconf 76' lang='grc' dir='ltr'>αἰῶνος,</span> <span class='ocrx_word' id='word_1_480' title='bbox 1193 3230 1289 3283; x_wconf 76' lang='grc' dir='ltr'><strong>καὶ</strong></span> <span class='ocrx_word' id='word_1_481' title='bbox 1321 3232 1369 3284; x_wconf 79' lang='lat' dir='ltr'><strong>oi</strong></span> <span class='ocrx_word' id='word_1_482' title='bbox 1404 3232 1591 3287; x_wconf 81' lang='grc' dir='ltr'>κλάδοι</span> <span class='ocrx_word' id='word_1_483' title='bbox 1623 3234 1720 3288; x_wconf 83' lang='grc' dir='ltr'>αύ-</span> 
     </span>
    </p>
   </div>
   <div class='ocr_carea' id='block_1_65' title="bbox 108 3321 1717 3398">
    <p class='ocr_par' dir='ltr' id='par_1_65' title="bbox 108 3321 1717 3398">
     <span class='ocr_line' id='line_1_65' title="bbox 108 3321 1717 3398; baseline 0.002 -20"><span class='ocrx_word' id='word_1_484' title='bbox 108 3325 238 3379; x_wconf 81' lang='grc' dir='ltr'><strong>τῶν</strong></span> <span class='ocrx_word' id='word_1_485' title='bbox 271 3323 379 3388; x_wconf 74' lang='grc' dir='ltr'><strong>ἕως</strong></span> <span class='ocrx_word' id='word_1_486' title='bbox 410 3326 491 3387; x_wconf 76' lang='grc' dir='ltr'><strong>εἰς</strong></span> <span class='ocrx_word' id='word_1_487' title='bbox 527 3324 735 3394; x_wconf 88' lang='grc' dir='ltr'>μακρὸν</span> <span class='ocrx_word' id='word_1_488' title='bbox 756 3323 987 3377; x_wconf 74' lang='grc' dir='ltr'>ἔσονται.</span> <span class='ocrx_word' id='word_1_489' title='bbox 1018 3321 1154 3375; x_wconf 86' lang='grc' dir='ltr'>Τότε</span> <span class='ocrx_word' id='word_1_490' title='bbox 1176 3322 1459 3378; x_wconf 85' lang='grc' dir='ltr'>ἀπολεῖται</span> <span class='ocrx_word' id='word_1_491' title='bbox 1494 3326 1717 3398; x_wconf 82' lang='grc' dir='ltr'>σπέρμα</span> 
     </span>
    </p>
   </div>
   <div class='ocr_carea' id='block_1_66' title="bbox 110 3414 1713 3491">
    <p class='ocr_par' dir='ltr' id='par_1_66' title="bbox 110 3414 1713 3491">
     <span class='ocr_line' id='line_1_66' title="bbox 110 3414 1713 3491; baseline 0.001 -19"><span class='ocrx_word' id='word_1_492' title='bbox 110 3417 373 3482; x_wconf 80' lang='grc' dir='ltr'>Χαναὰν,</span> <span class='ocrx_word' id='word_1_493' title='bbox 409 3419 505 3471; x_wconf 72' lang='grc' dir='ltr'><strong>καὶ</strong></span> <span class='ocrx_word' id='word_1_494' title='bbox 537 3417 955 3489; x_wconf 76' lang='grc' dir='ltr'>ἐγκατάλειμμα</span> <span class='ocrx_word' id='word_1_495' title='bbox 987 3417 1087 3470; x_wconf 83' lang='grc' dir='ltr'><strong>οὐκ</strong></span> <span class='ocrx_word' id='word_1_496' title='bbox 1118 3414 1273 3467; x_wconf 79' lang='grc' dir='ltr'>ἔσται</span> <span class='ocrx_word' id='word_1_497' title='bbox 1320 3415 1400 3488; x_wconf 85' lang='grc' dir='ltr'>τῷ</span> <span class='ocrx_word' id='word_1_498' title='bbox 1446 3416 1713 3491; x_wconf 82' lang='grc' dir='ltr'>Ἀμαλὴκ,</span> 
     </span>
    </p>
   </div>
   <div class='ocr_carea' id='block_1_67' title="bbox 111 3508 1716 3578">
    <p class='ocr_par' dir='ltr' id='par_1_67' title="bbox 111 3508 1716 3578">
     <span class='ocr_line' id='line_1_67' title="bbox 111 3508 1716 3578; baseline -0.001 -11"><span class='ocrx_word' id='word_1_499' title='bbox 111 3513 224 3567; x_wconf 71' lang='grc' dir='ltr'>καὶ</span> <span class='ocrx_word' id='word_1_500' title='bbox 257 3508 587 3564; x_wconf 82' lang='grc' dir='ltr'>ἀπολοῦνται</span> <span class='ocrx_word' id='word_1_501' title='bbox 639 3510 841 3574; x_wconf 87' lang='grc' dir='ltr'>πάντες</span> <span class='ocrx_word' id='word_1_502' title='bbox 886 3512 935 3563; x_wconf 79' lang='grc' dir='ltr'>οἱ</span> <span class='ocrx_word' id='word_1_503' title='bbox 971 3512 1356 3575; x_wconf 85' lang='grc' dir='ltr'>Καππάδοκες,</span> <span class='ocrx_word' id='word_1_504' title='bbox 1390 3511 1484 3565; x_wconf 71' lang='grc' dir='ltr'><strong>καὶ</strong></span> <span class='ocrx_word' id='word_1_505' title='bbox 1516 3512 1716 3578; x_wconf 84' lang='grc' dir='ltr'>πάντες</span> 
     </span>
    </p>
   </div>
   <div class='ocr_carea' id='block_1_68' title="bbox 109 3598 1713 3675">
    <p class='ocr_par' dir='ltr' id='par_1_68' title="bbox 109 3598 1713 3675">
     <span class='ocr_line' id='line_1_68' title="bbox 109 3598 1713 3675; baseline 0.019 -25"><span class='ocrx_word' id='word_1_506' title='bbox 109 3600 170 3651; x_wconf 83' lang='grc' dir='ltr'><strong>οἱ</strong></span> <span class='ocrx_word' id='word_1_507' title='bbox 213 3600 466 3652; x_wconf 87' lang='grc' dir='ltr'>Χετταῖοι</span> <span class='ocrx_word' id='word_1_508' title='bbox 514 3598 1074 3672; x_wconf 81' lang='grc' dir='ltr'>ἐξολοθρευθήσονται.</span> <span class='ocrx_word' id='word_1_509' title='bbox 1109 3600 1245 3655; x_wconf 89' lang='grc' dir='ltr'>Τότε</span> <span class='ocrx_word' id='word_1_510' title='bbox 1298 3601 1535 3672; x_wconf 73' lang='grc' dir='ltr'>ἐκλείψει</span> <span class='ocrx_word' id='word_1_511' title='bbox 1570 3605 1603 3675; x_wconf 73' lang='grc' dir='ltr'>ἢ</span> <span class='ocrx_word' id='word_1_512' title='bbox 1641 3604 1713 3675; x_wconf 72' lang='grc' dir='ltr'><strong>γῆ</strong></span> 
     </span>
    </p>
   </div>
   <div class='ocr_carea' id='block_1_69' title="bbox 112 3691 1715 3764">
    <p class='ocr_par' dir='ltr' id='par_1_69' title="bbox 112 3691 1715 3764">
     <span class='ocr_line' id='line_1_69' title="bbox 112 3691 1715 3764; baseline 0.001 -14"><span class='ocrx_word' id='word_1_513' title='bbox 112 3693 282 3764; x_wconf 79' lang='grc' dir='ltr'>Χὰμ,</span> <span class='ocrx_word' id='word_1_514' title='bbox 318 3693 413 3747; x_wconf 77' lang='grc' dir='ltr'><strong>καὶ</strong></span> <span class='ocrx_word' id='word_1_515' title='bbox 444 3693 552 3756; x_wconf 82' lang='grc' dir='ltr'>πᾶς</span> <span class='ocrx_word' id='word_1_516' title='bbox 597 3694 628 3746; x_wconf 85' lang='grc' dir='ltr'><strong>ό</strong></span> <span class='ocrx_word' id='word_1_517' title='bbox 657 3691 784 3757; x_wconf 78' lang='grc' dir='ltr'>λαὸς</span> <span class='ocrx_word' id='word_1_518' title='bbox 829 3691 1128 3747; x_wconf 85' lang='grc' dir='ltr'>ἀπολεῖται.</span> <span class='ocrx_word' id='word_1_519' title='bbox 1190 3693 1324 3747; x_wconf 86' lang='grc' dir='ltr'>Τότε</span> <span class='ocrx_word' id='word_1_520' title='bbox 1375 3695 1715 3751; x_wconf 83' lang='grc' dir='ltr'>καταπαύσει</span> 
     </span>
    </p>
   </div>
   <div class='ocr_carea' id='block_1_70' title="bbox 201 3825 1714 3899">
    <p class='ocr_par' dir='ltr' id='par_1_70' title="bbox 201 3825 1714 3899">
     <span class='ocr_line' id='line_1_70' title="bbox 201 3825 1714 3899; baseline 0.007 -16"><span class='ocrx_word' id='word_1_521' title='bbox 201 3826 319 3897; x_wconf 82' lang='grc'><strong>(88)</strong></span> <span class='ocrx_word' id='word_1_522' title='bbox 372 3825 548 3882; x_wconf 75' lang='grc' dir='ltr'><strong>Ἀλλὰ</strong></span> <span class='ocrx_word' id='word_1_523' title='bbox 578 3826 676 3881; x_wconf 77' lang='grc' dir='ltr'>καὶ</span> <span class='ocrx_word' id='word_1_524' title='bbox 694 3826 819 3899; x_wconf 59' lang='grc' dir='ltr'><strong>Δτὸν·</strong></span> <span class='ocrx_word' id='word_1_525' title='bbox 845 3829 1043 3884; x_wconf 74' lang='grc' dir='ltr'><strong>ὕπνω-</strong></span> <span class='ocrx_word' id='word_1_526' title='bbox 1066 3826 1319 3899; x_wconf 64' lang='grc' dir='ltr'>ἀφαιρεῖ.</span> <span class='ocrx_word' id='word_1_527' title='bbox 1358 3828 1484 3885; x_wconf 82' lang='lat' dir='ltr'><strong>Haec</strong></span> <span class='ocrx_word' id='word_1_528' title='bbox 1509 3833 1714 3892; x_wconf 85' lang='lat' dir='ltr'><strong>omissa</strong></span> 
     </span>
    </p>
   </div>
   <div class='ocr_carea' id='block_1_71' title="bbox 116 3896 976 3959">
    <p class='ocr_par' dir='ltr' id='par_1_71' title="bbox 116 3896 976 3959">
     <span class='ocr_line' id='line_1_71' title="bbox 116 3896 976 3959; baseline 0.001 -6"><span class='ocrx_word' id='word_1_529' title='bbox 116 3896 264 3959; x_wconf 83' lang='lat' dir='ltr'><strong>sunt</strong></span> <span class='ocrx_word' id='word_1_530' title='bbox 305 3899 358 3953; x_wconf 84' lang='lat' dir='ltr'><strong>in</strong></span> <span class='ocrx_word' id='word_1_531' title='bbox 383 3915 488 3951; x_wconf 79' lang='lat' dir='ltr'><strong>ms.</strong></span> <span class='ocrx_word' id='word_1_532' title='bbox 523 3898 646 3952; x_wconf 90' lang='lat' dir='ltr'><strong>cod.</strong></span> <span class='ocrx_word' id='word_1_533' title='bbox 680 3896 861 3953; x_wconf 77' lang='lat' dir='ltr'><strong>Oxon.</strong></span> <span class='ocrx_word' id='word_1_534' title='bbox 896 3903 976 3954; x_wconf 80' lang='lat' dir='ltr'><strong>lu.</strong></span> 
     </span>
    </p>
   </div>
   <div class='ocr_carea' id='block_1_72' title="bbox 202 3968 1714 4041">
    <p class='ocr_par' dir='ltr' id='par_1_72' title="bbox 202 3968 1714 4041">
     <span class='ocr_line' id='line_1_72' title="bbox 202 3968 1714 4041; baseline 0.002 -15"><span class='ocrx_word' id='word_1_535' title='bbox 202 3968 319 4041; x_wconf 86' lang='lat'><strong>(89)</strong></span> <span class='ocrx_word' id='word_1_536' title='bbox 358 3970 583 4041; x_wconf 77' lang='grc' dir='ltr'>Ἔσται.</span> <span class='ocrx_word' id='word_1_537' title='bbox 612 3969 989 4041; x_wconf 68' lang='lat' dir='ltr'><strong>beadditum</strong></span> <span class='ocrx_word' id='word_1_538' title='bbox 1014 3980 1118 4036; x_wconf 89' lang='lat' dir='ltr'><strong>est,</strong></span> <span class='ocrx_word' id='word_1_539' title='bbox 1147 3971 1293 4039; x_wconf 88' lang='lat' dir='ltr'><strong>quod</strong></span> <span class='ocrx_word' id='word_1_540' title='bbox 1314 3986 1541 4029; x_wconf 88' lang='lat' dir='ltr'><strong>sensum</strong></span> <span class='ocrx_word' id='word_1_541' title='bbox 1558 3990 1714 4041; x_wconf 87' lang='lat' dir='ltr'><strong>pror-</strong></span> 
     </span>
    </p>
   </div>
   <div class='ocr_carea' id='block_1_73' title="bbox 121 4039 1637 4110">
    <p class='ocr_par' dir='ltr' id='par_1_73' title="bbox 121 4039 1637 4110">
     <span class='ocr_line' id='line_1_73' title="bbox 121 4039 1637 4110; baseline 0.003 -16"><span class='ocrx_word' id='word_1_542' title='bbox 121 4039 235 4099; x_wconf 85' lang='lat' dir='ltr'><strong>sus</strong></span> <span class='ocrx_word' id='word_1_543' title='bbox 267 4040 604 4093; x_wconf 80' lang='lat' dir='ltr'><strong>rontrarium</strong></span> <span class='ocrx_word' id='word_1_544' title='bbox 631 4039 782 4093; x_wconf 84' lang='lat' dir='ltr'><strong>facit.</strong></span> <span class='ocrx_word' id='word_1_545' title='bbox 820 4039 954 4095; x_wconf 82' lang='lat' dir='ltr'><strong>Vide</strong></span> <span class='ocrx_word' id='word_1_546' title='bbox 978 4050 1160 4095; x_wconf 85' lang='lat' dir='ltr'><strong>notam</strong></span> <span class='ocrx_word' id='word_1_547' title='bbox 1188 4053 1528 4110; x_wconf 83' lang='lat' dir='ltr'><strong>sequentem.</strong></span> <span class='ocrx_word' id='word_1_548' title='bbox 1559 4039 1637 4100; x_wconf 82' lang='lat' dir='ltr'><strong>lo.</strong></span> 
     </span>
    </p>
   </div>
   <div class='ocr_carea' id='block_1_74' title="bbox 202 4110 1716 4181">
    <p class='ocr_par' dir='ltr' id='par_1_74' title="bbox 202 4110 1716 4181">
     <span class='ocr_line' id='line_1_74' title="bbox 202 4110 1716 4181; baseline 0.002 -15"><span class='ocrx_word' id='word_1_549' title='bbox 202 4110 321 4181; x_wconf 85' lang='lat'><strong>(90)</strong></span> <span class='ocrx_word' id='word_1_550' title='bbox 352 4111 467 4181; x_wconf 6' lang='grc' dir='ltr'><strong>,Ἐν</strong></span> <span class='ocrx_word' id='word_1_551' title='bbox 492 4110 814 4179; x_wconf 76' lang='grc' dir='ltr'>εὐλογίαις.</span> <span class='ocrx_word' id='word_1_552' title='bbox 850 4111 988 4166; x_wconf 86' lang='lat' dir='ltr'><strong>Dum</strong></span> <span class='ocrx_word' id='word_1_553' title='bbox 1015 4113 1102 4167; x_wconf 89' lang='lat' dir='ltr'><strong>hic</strong></span> <span class='ocrx_word' id='word_1_554' title='bbox 1127 4112 1193 4166; x_wconf 87' lang='lat' dir='ltr'><strong>de</strong></span> <span class='ocrx_word' id='word_1_555' title='bbox 1224 4114 1458 4180; x_wconf 84' lang='lat' dir='ltr'><strong>posteris</strong></span> <span class='ocrx_word' id='word_1_556' title='bbox 1499 4116 1716 4169; x_wconf 89' lang='lat' dir='ltr'><strong>Simeo-</strong></span> 
     </span>
    </p>
   </div>
   <div class='ocr_carea' id='block_1_75' title="bbox 120 4180 1714 4257">
    <p class='ocr_par' dir='ltr' id='par_1_75' title="bbox 120 4180 1714 4257">
     <span class='ocr_line' id='line_1_75' title="bbox 120 4180 1714 4257; baseline 0.002 -20"><span class='ocrx_word' id='word_1_557' title='bbox 120 4180 224 4257; x_wconf 69' lang='lat' dir='ltr'><strong>pis</strong></span> <span class='ocrx_word' id='word_1_558' title='bbox 252 4180 492 4257; x_wconf 63' lang='lat' dir='ltr'><strong>dicitur:</strong></span> <span class='ocrx_word' id='word_1_559' title='bbox 528 4181 649 4257; x_wconf 49' lang='grc' dir='ltr'><strong>ῌαὶ</strong></span> <span class='ocrx_word' id='word_1_560' title='bbox 695 4181 909 4257; x_wconf 68' lang='grc' dir='ltr'>ἐσονται</span> <span class='ocrx_word' id='word_1_561' title='bbox 934 4182 1229 4257; x_wconf 56' lang='grc' dir='ltr'>ὀλίγιστοι,</span> <span class='ocrx_word' id='word_1_562' title='bbox 1270 4184 1714 4257; x_wconf 74' lang='grc' dir='ltr'>ἐπιμεριξόμενοι</span> 
     </span>
    </p>
   </div>
   <div class='ocr_carea' id='block_1_76' title="bbox 118 4249 1715 4322">
    <p class='ocr_par' dir='ltr' id='par_1_76' title="bbox 118 4249 1715 4322">
     <span class='ocr_line' id='line_1_76' title="bbox 118 4249 1715 4322; baseline 0.002 -15"><span class='ocrx_word' id='word_1_563' title='bbox 118 4255 189 4307; x_wconf 80' lang='grc' dir='ltr'><strong>ἐν</strong></span> <span class='ocrx_word' id='word_1_564' title='bbox 212 4251 294 4322; x_wconf 84' lang='grc' dir='ltr'>τῷ</span> <span class='ocrx_word' id='word_1_565' title='bbox 319 4250 449 4304; x_wconf 78' lang='grc' dir='ltr'>Λευῒ</span> <span class='ocrx_word' id='word_1_566' title='bbox 474 4252 580 4322; x_wconf 66' lang='grc' dir='ltr'><strong>καὶΔ</strong></span> <span class='ocrx_word' id='word_1_567' title='bbox 610 4249 801 4322; x_wconf 81' lang='grc' dir='ltr'>Ἰούδᾳ,</span> <span class='ocrx_word' id='word_1_568' title='bbox 838 4249 1100 4308; x_wconf 86' lang='lat' dir='ltr'><strong>alluditur</strong></span> <span class='ocrx_word' id='word_1_569' title='bbox 1144 4253 1211 4307; x_wconf 86' lang='lat' dir='ltr'><strong>ad</strong></span> <span class='ocrx_word' id='word_1_570' title='bbox 1257 4249 1582 4310; x_wconf 67' lang='lat' dir='ltr'><strong>vaticinium</strong></span> <span class='ocrx_word' id='word_1_571' title='bbox 1621 4255 1715 4310; x_wconf 84' lang='lat' dir='ltr'><strong>Ja-</strong></span> 
     </span>
    </p>
   </div>
   <div class='ocr_carea' id='block_1_77' title="bbox 119 4320 1713 4393">
    <p class='ocr_par' dir='ltr' id='par_1_77' title="bbox 119 4320 1713 4393">
     <span class='ocr_line' id='line_1_77' title="bbox 119 4320 1713 4393; baseline -0.001 -14"><span class='ocrx_word' id='word_1_572' title='bbox 119 4320 354 4393; x_wconf 31' lang='lat' dir='ltr'><strong>cobi—de</strong></span> <span class='ocrx_word' id='word_1_573' title='bbox 381 4323 522 4377; x_wconf 91' lang='lat' dir='ltr'><strong>tribu</strong></span> <span class='ocrx_word' id='word_1_574' title='bbox 547 4320 809 4393; x_wconf 74' lang='lat' dir='ltr'><strong>Simeou,</strong></span> <span class='ocrx_word' id='word_1_575' title='bbox 836 4322 972 4378; x_wconf 83' lang='lat' dir='ltr'><strong>Gen.</strong></span> <span class='ocrx_word' id='word_1_576' title='bbox 1002 4340 1153 4387; x_wconf 78' lang='lat' dir='ltr'><strong>xux,</strong></span> <span class='ocrx_word' id='word_1_577' title='bbox 1180 4323 1247 4376; x_wconf 88' lang='lat'><strong>7:</strong></span> <span class='ocrx_word' id='word_1_578' title='bbox 1279 4326 1563 4393; x_wconf 76' lang='grc' dir='ltr'>Διαμεριῶ</span> <span class='ocrx_word' id='word_1_579' title='bbox 1605 4329 1713 4381; x_wconf 85' lang='grc' dir='ltr'><strong>αὺ-</strong></span> 
     </span>
    </p>
   </div>
   <div class='ocr_carea' id='block_1_78' title="bbox 118 4391 1708 4465">
    <p class='ocr_par' dir='ltr' id='par_1_78' title="bbox 118 4391 1708 4465">
     <span class='ocr_line' id='line_1_78' title="bbox 118 4391 1708 4465; baseline 0.001 -15"><span class='ocrx_word' id='word_1_580' title='bbox 118 4393 289 4465; x_wconf 16' lang='grc' dir='ltr'>τσὺςί</span> <span class='ocrx_word' id='word_1_581' title='bbox 421 4391 634 4465; x_wconf 59' lang='grc' dir='ltr'>Ἰακὼϐ,</span> <span class='ocrx_word' id='word_1_582' title='bbox 662 4391 759 4465; x_wconf 77' lang='grc' dir='ltr'>καὶ</span> <span class='ocrx_word' id='word_1_583' title='bbox 786 4392 1087 4465; x_wconf 71' lang='grc' dir='ltr'>διασπερῶ</span> <span class='ocrx_word' id='word_1_584' title='bbox 1108 4394 1328 4460; x_wconf 81' lang='grc' dir='ltr'>αὐτοὺς</span> <span class='ocrx_word' id='word_1_585' title='bbox 1348 4391 1433 4465; x_wconf 46' lang='grc' dir='ltr'><strong>ἐκ</strong></span> <span class='ocrx_word' id='word_1_586' title='bbox 1453 4391 1708 4465; x_wconf 79' lang='grc' dir='ltr'>Ἰσραήλ.</span> 
     </span>
    </p>
   </div>
   <div class='ocr_carea' id='block_1_79' title="bbox 120 4462 1710 4533">
    <p class='ocr_par' dir='ltr' id='par_1_79' title="bbox 120 4462 1710 4533">
     <span class='ocr_line' id='line_1_79' title="bbox 120 4462 1710 4533; baseline 0.001 -14"><span class='ocrx_word' id='word_1_587' title='bbox 120 4464 296 4533; x_wconf 83' lang='lat' dir='ltr'><strong>Quod</strong></span> <span class='ocrx_word' id='word_1_588' title='bbox 333 4464 385 4517; x_wconf 84' lang='lat' dir='ltr'><strong>in</strong></span> <span class='ocrx_word' id='word_1_589' title='bbox 419 4462 675 4533; x_wconf 77' lang='lat' dir='ltr'><strong>Simeone</strong></span> <span class='ocrx_word' id='word_1_590' title='bbox 692 4464 973 4531; x_wconf 87' lang='lat' dir='ltr'><strong>impletum</strong></span> <span class='ocrx_word' id='word_1_591' title='bbox 1004 4479 1126 4519; x_wconf 91' lang='lat' dir='ltr'><strong>esse</strong></span> <span class='ocrx_word' id='word_1_592' title='bbox 1149 4473 1296 4533; x_wconf 86' lang='lat' dir='ltr'><strong>patet</strong></span> <span class='ocrx_word' id='word_1_593' title='bbox 1318 4481 1383 4520; x_wconf 81' lang='lat' dir='ltr'><strong>ex</strong></span> <span class='ocrx_word' id='word_1_594' title='bbox 1406 4462 1573 4521; x_wconf 83' lang='lat' dir='ltr'><strong>Josue</strong></span> <span class='ocrx_word' id='word_1_595' title='bbox 1593 4483 1710 4531; x_wconf 75' lang='lat' dir='ltr'><strong>xix,</strong></span> 
     </span>
    </p>
   </div>
   <div class='ocr_carea' id='block_1_80' title="bbox 118 4531 1719 4603">
    <p class='ocr_par' dir='ltr' id='par_1_80' title="bbox 118 4531 1719 4603">
     <span class='ocr_line' id='line_1_80' title="bbox 118 4531 1719 4603; baseline 0.002 -15"><span class='ocrx_word' id='word_1_596' title='bbox 118 4531 185 4590; x_wconf 75' lang='lat' dir='ltr'><strong>et</strong></span> <span class='ocrx_word' id='word_1_597' title='bbox 215 4537 235 4588; x_wconf 84' lang='grc' dir='ltr'>Ι</span> <span class='ocrx_word' id='word_1_598' title='bbox 271 4532 510 4601; x_wconf 87' lang='lat' dir='ltr'><strong>Paralip.</strong></span> <span class='ocrx_word' id='word_1_599' title='bbox 549 4549 625 4588; x_wconf 79' lang='lat' dir='ltr'><strong>Iv.</strong></span> <span class='ocrx_word' id='word_1_600' title='bbox 653 4531 951 4602; x_wconf 84' lang='lat' dir='ltr'><strong>Sequentia</strong></span> <span class='ocrx_word' id='word_1_601' title='bbox 1000 4531 1163 4603; x_wconf 73' lang='lat' dir='ltr'><strong>quod</strong></span> <span class='ocrx_word' id='word_1_602' title='bbox 1189 4535 1417 4591; x_wconf 86' lang='lat' dir='ltr'><strong>attinet:</strong></span> <span class='ocrx_word' id='word_1_603' title='bbox 1462 4538 1573 4591; x_wconf 78' lang='grc' dir='ltr'>Καὶ</span> <span class='ocrx_word' id='word_1_604' title='bbox 1615 4538 1719 4591; x_wconf 83' lang='grc' dir='ltr'><strong>οὐκ</strong></span> 
     </span>
    </p>
   </div>
   <div class='ocr_carea' id='block_1_81' title="bbox 120 4604 1719 4677">
    <p class='ocr_par' dir='ltr' id='par_1_81' title="bbox 120 4604 1719 4677">
     <span class='ocr_line' id='line_1_81' title="bbox 120 4604 1719 4677; baseline 0.001 -17"><span class='ocrx_word' id='word_1_605' title='bbox 120 4604 373 4677; x_wconf 80' lang='grc' dir='ltr'>ἕσταιέξ</span> <span class='ocrx_word' id='word_1_606' title='bbox 407 4605 559 4677; x_wconf 85' lang='grc' dir='ltr'>ὑμῶν</span> <span class='ocrx_word' id='word_1_607' title='bbox 585 4605 669 4677; x_wconf 74' lang='grc' dir='ltr'>εἰς</span> <span class='ocrx_word' id='word_1_608' title='bbox 686 4605 985 4677; x_wconf 72' lang='grc' dir='ltr'>ῄγεμονίαν</span> <span class='ocrx_word' id='word_1_609' title='bbox 1003 4606 1103 4677; x_wconf 87' lang='lat' dir='ltr'><strong>(uti</strong></span> <span class='ocrx_word' id='word_1_610' title='bbox 1130 4617 1276 4677; x_wconf 84' lang='lat' dir='ltr'><strong>recte</strong></span> <span class='ocrx_word' id='word_1_611' title='bbox 1301 4606 1355 4659; x_wconf 89' lang='lat' dir='ltr'><strong>in</strong></span> <span class='ocrx_word' id='word_1_612' title='bbox 1375 4608 1563 4662; x_wconf 85' lang='lat' dir='ltr'><strong>codice</strong></span> <span class='ocrx_word' id='word_1_613' title='bbox 1579 4604 1719 4662; x_wconf 82' lang='lat' dir='ltr'><strong>Oxo-</strong></span> 
     </span>
    </p>
   </div>
   <div class='ocr_carea' id='block_1_82' title="bbox 120 4674 1717 4745">
    <p class='ocr_par' dir='ltr' id='par_1_82' title="bbox 120 4674 1717 4745">
     <span class='ocr_line' id='line_1_82' title="bbox 120 4674 1717 4745; baseline 0 -13"><span class='ocrx_word' id='word_1_614' title='bbox 120 4676 319 4732; x_wconf 83' lang='lat' dir='ltr'><strong>niensi</strong></span> <span class='ocrx_word' id='word_1_615' title='bbox 346 4674 585 4744; x_wconf 76' lang='lat' dir='ltr'><strong>legitur),</strong></span> <span class='ocrx_word' id='word_1_616' title='bbox 618 4674 893 4731; x_wconf 76' lang='lat' dir='ltr'><strong>difﬁcilius</strong></span> <span class='ocrx_word' id='word_1_617' title='bbox 917 4674 1351 4744; x_wconf 30' lang='lat' dir='ltr'><strong>est‘conjectare,</strong></span> <span class='ocrx_word' id='word_1_618' title='bbox 1386 4678 1588 4745; x_wconf 85' lang='lat' dir='ltr'><strong>quibus</strong></span> <span class='ocrx_word' id='word_1_619' title='bbox 1619 4677 1717 4732; x_wconf 84' lang='lat' dir='ltr'><strong>Ja-</strong></span> 
     </span>
    </p>
   </div>
   <div class='ocr_carea' id='block_1_83' title="bbox 120 4745 1719 4803">
    <p class='ocr_par' dir='ltr' id='par_1_83' title="bbox 120 4745 1719 4803">
     <span class='ocr_line' id='line_1_83' title="bbox 120 4745 1719 4803; baseline -0.001 0"><span class='ocrx_word' id='word_1_620' title='bbox 120 4746 261 4803; x_wconf 85' lang='lat' dir='ltr'><strong>cobi</strong></span> <span class='ocrx_word' id='word_1_621' title='bbox 290 4746 473 4801; x_wconf 86' lang='lat' dir='ltr'><strong>verbis</strong></span> <span class='ocrx_word' id='word_1_622' title='bbox 499 4747 601 4800; x_wconf 87' lang='lat' dir='ltr'><strong>ista</strong></span> <span class='ocrx_word' id='word_1_623' title='bbox 630 4745 973 4800; x_wconf 90' lang='lat' dir='ltr'><strong>intimentur.</strong></span> <span class='ocrx_word' id='word_1_624' title='bbox 1009 4746 1256 4800; x_wconf 84' lang='lat' dir='ltr'><strong>Dicerem</strong></span> <span class='ocrx_word' id='word_1_625' title='bbox 1298 4757 1580 4801; x_wconf 89' lang='lat' dir='ltr'><strong>auctorem</strong></span> <span class='ocrx_word' id='word_1_626' title='bbox 1630 4764 1719 4803; x_wconf 88' lang='lat' dir='ltr'><strong>re-</strong></span> 
     </span>
    </p>
   </div>
   <div class='ocr_carea' id='block_1_84' title="bbox 121 4815 1719 4888">
    <p class='ocr_par' dir='ltr' id='par_1_84' title="bbox 121 4815 1719 4888">
     <span class='ocr_line' id='line_1_84' title="bbox 121 4815 1719 4888; baseline -0.001 -14"><span class='ocrx_word' id='word_1_627' title='bbox 121 4817 390 4888; x_wconf 75' lang='lat' dir='ltr'><strong>spexisse</strong></span> <span class='ocrx_word' id='word_1_628' title='bbox 428 4818 547 4871; x_wconf 62' lang='lat' dir='ltr'><strong>haec</strong></span> <span class='ocrx_word' id='word_1_629' title='bbox 580 4815 773 4888; x_wconf 77' lang='lat' dir='ltr'><strong>Jacobi</strong></span> <span class='ocrx_word' id='word_1_630' title='bbox 793 4818 958 4888; x_wconf 81' lang='lat' dir='ltr'><strong>verba</strong></span> <span class='ocrx_word' id='word_1_631' title='bbox 985 4836 999 4871; x_wconf 92' lang='lat'><strong>:</strong></span> <span class='ocrx_word' id='word_1_632' title='bbox 1039 4816 1211 4872; x_wconf 68' lang='lat' dir='ltr'><strong>Calui</strong></span> <span class='ocrx_word' id='word_1_633' title='bbox 1251 4834 1431 4871; x_wconf 80' lang='lat' dir='ltr'><strong>eorum</strong></span> <span class='ocrx_word' id='word_1_634' title='bbox 1456 4835 1560 4871; x_wconf 83' lang='lat' dir='ltr'><strong>non</strong></span> <span class='ocrx_word' id='word_1_635' title='bbox 1585 4819 1719 4888; x_wconf 84' lang='lat' dir='ltr'><strong>jun-</strong></span> 
     </span>
    </p>
   </div>
   <div class='ocr_carea' id='block_1_85' title="bbox 120 4886 1721 4961">
    <p class='ocr_par' dir='ltr' id='par_1_85' title="bbox 120 4886 1721 4961">
     <span class='ocr_line' id='line_1_85' title="bbox 120 4886 1721 4961; baseline 0.002 -20"><span class='ocrx_word' id='word_1_636' title='bbox 120 4886 301 4961; x_wconf 67' lang='grc' dir='ltr'><strong>αἰτίαν</strong></span> <span class='ocrx_word' id='word_1_637' title='bbox 329 4888 501 4961; x_wconf 85' lang='lat' dir='ltr'><strong>glo_ria</strong></span> <span class='ocrx_word' id='word_1_638' title='bbox 528 4903 664 4961; x_wconf 67' lang='lat' dir='ltr'><strong>mea,</strong></span> <span class='ocrx_word' id='word_1_639' title='bbox 701 4887 756 4941; x_wconf 93' lang='lat' dir='ltr'><strong>id</strong></span> <span class='ocrx_word' id='word_1_640' title='bbox 779 4886 1114 4961; x_wconf 70' lang='lat' dir='ltr'><strong>estintribu</strong></span> <span class='ocrx_word' id='word_1_641' title='bbox 1149 4902 1341 4942; x_wconf 87' lang='lat' dir='ltr'><strong>eorum</strong></span> <span class='ocrx_word' id='word_1_642' title='bbox 1373 4904 1481 4961; x_wconf 87' lang='lat' dir='ltr'><strong>non</strong></span> <span class='ocrx_word' id='word_1_643' title='bbox 1516 4886 1721 4944; x_wconf 81' lang='lat' dir='ltr'><strong>existat</strong></span> 
     </span>
    </p>
   </div>
   <div class='ocr_carea' id='block_1_86' title="bbox 120 4956 1716 5029">
    <p class='ocr_par' dir='ltr' id='par_1_86' title="bbox 120 4956 1716 5029">
     <span class='ocr_line' id='line_1_86' title="bbox 120 4956 1716 5029; baseline 0 -14"><span class='ocrx_word' id='word_1_644' title='bbox 120 4956 371 5026; x_wconf 64' lang='lat' dir='ltr'><strong>regnum</strong></span> <span class='ocrx_word' id='word_1_645' title='bbox 405 4956 786 5029; x_wconf 80' lang='lat' dir='ltr'><strong>Israeliticum.</strong></span> <span class='ocrx_word' id='word_1_646' title='bbox 824 4957 868 5013; x_wconf 92' lang='lat' dir='ltr'><strong>si</strong></span> <span class='ocrx_word' id='word_1_647' title='bbox 896 4958 1132 5028; x_wconf 88' lang='lat' dir='ltr'><strong>aliquem</strong></span> <span class='ocrx_word' id='word_1_648' title='bbox 1168 4960 1559 5029; x_wconf 34' lang='lat' dir='ltr'><strong>exdveteribus</strong></span> <span class='ocrx_word' id='word_1_649' title='bbox 1617 4976 1716 5029; x_wconf 90' lang='lat' dir='ltr'><strong>pro</strong></span> 
     </span>
    </p>
   </div>
   <div class='ocr_carea' id='block_1_87' title="bbox 122 5027 1714 5100">
    <p class='ocr_par' dir='ltr' id='par_1_87' title="bbox 122 5027 1714 5100">
     <span class='ocr_line' id='line_1_87' title="bbox 122 5027 1714 5100; baseline 0 -15"><span class='ocrx_word' id='word_1_650' title='bbox 122 5032 247 5085; x_wconf 76' lang='lat' dir='ltr'><strong>hac</strong></span> <span class='ocrx_word' id='word_1_651' title='bbox 277 5029 622 5097; x_wconf 81' lang='lat' dir='ltr'><strong>expositione</strong></span> <span class='ocrx_word' id='word_1_652' title='bbox 648 5027 922 5082; x_wconf 86' lang='lat' dir='ltr'><strong>adducere</strong></span> <span class='ocrx_word' id='word_1_653' title='bbox 952 5027 1193 5098; x_wconf 81' lang='lat' dir='ltr'><strong>pessem.</strong></span> <span class='ocrx_word' id='word_1_654' title='bbox 1232 5027 1433 5083; x_wconf 84' lang='lat' dir='ltr'><strong>Verum</strong></span> <span class='ocrx_word' id='word_1_655' title='bbox 1464 5030 1515 5082; x_wconf 86' lang='lat' dir='ltr'><strong>hi</strong></span> <span class='ocrx_word' id='word_1_656' title='bbox 1549 5027 1714 5100; x_wconf 73' lang='lat' dir='ltr'><strong>lange</strong></span> 
     </span>
    </p>
   </div>
   <div class='ocr_carea' id='block_1_88' title="bbox 120 5100 1710 5167">
    <p class='ocr_par' dir='ltr' id='par_1_88' title="bbox 120 5100 1710 5167">
     <span class='ocr_line' id='line_1_88' title="bbox 120 5100 1710 5167; baseline -0.001 -12"><span class='ocrx_word' id='word_1_657' title='bbox 120 5101 421 5155; x_wconf 84' lang='lat' dir='ltr'><strong>diversum</strong></span> <span class='ocrx_word' id='word_1_658' title='bbox 454 5100 648 5152; x_wconf 92' lang='lat' dir='ltr'><strong>horum</strong></span> <span class='ocrx_word' id='word_1_659' title='bbox 675 5100 969 5153; x_wconf 85' lang='lat' dir='ltr'><strong>verborum</strong></span> <span class='ocrx_word' id='word_1_660' title='bbox 1015 5114 1237 5154; x_wconf 91' lang='lat' dir='ltr'><strong>sensum</strong></span> <span class='ocrx_word' id='word_1_661' title='bbox 1273 5100 1520 5167; x_wconf 89' lang='lat' dir='ltr'><strong>tradunt;</strong></span> <span class='ocrx_word' id='word_1_662' title='bbox 1559 5100 1710 5154; x_wconf 89' lang='lat' dir='ltr'><strong>ideo-</strong></span> 
     </span>
    </p>
   </div>
   <div class='ocr_carea' id='block_1_89' title="bbox 122 5169 1716 5241">
    <p class='ocr_par' dir='ltr' id='par_1_89' title="bbox 122 5169 1716 5241">
     <span class='ocr_line' id='line_1_89' title="bbox 122 5169 1716 5241; baseline 0.001 -18"><span class='ocrx_word' id='word_1_663' title='bbox 122 5184 257 5241; x_wconf 80' lang='lat' dir='ltr'><strong>que</strong></span> <span class='ocrx_word' id='word_1_664' title='bbox 277 5169 591 5233; x_wconf 90' lang='lat' dir='ltr'><strong>dicendum,</strong></span> <span class='ocrx_word' id='word_1_665' title='bbox 610 5169 693 5241; x_wconf 87' lang='lat' dir='ltr'><strong>vel</strong></span> <span class='ocrx_word' id='word_1_666' title='bbox 719 5170 1030 5241; x_wconf 90' lang='lat' dir='ltr'><strong>citationem</strong></span> <span class='ocrx_word' id='word_1_667' title='bbox 1056 5170 1498 5225; x_wconf 88' lang='lat' dir='ltr'><strong>benedictionum</strong></span> <span class='ocrx_word' id='word_1_668' title='bbox 1524 5169 1716 5225; x_wconf 86' lang='lat' dir='ltr'><strong>Jacobi</strong></span> 
     </span>
    </p>
   </div>
   <div class='ocr_carea' id='block_1_90' title="bbox 123 5240 1709 5310">
    <p class='ocr_par' dir='ltr' id='par_1_90' title="bbox 123 5240 1709 5310">
     <span class='ocr_line' id='line_1_90' title="bbox 123 5240 1709 5310; baseline -0.001 -14"><span class='ocrx_word' id='word_1_669' title='bbox 123 5240 209 5296; x_wconf 72' lang='lat' dir='ltr'><strong>ad</strong></span> <span class='ocrx_word' id='word_1_670' title='bbox 245 5240 364 5293; x_wconf 64' lang='lat' dir='ltr'><strong>haec</strong></span> <span class='ocrx_word' id='word_1_671' title='bbox 391 5255 497 5293; x_wconf 94' lang='lat' dir='ltr'><strong>non</strong></span> <span class='ocrx_word' id='word_1_672' title='bbox 520 5240 811 5310; x_wconf 79' lang='lat' dir='ltr'><strong>pertinere,</strong></span> <span class='ocrx_word' id='word_1_673' title='bbox 838 5240 932 5295; x_wconf 89' lang='lat' dir='ltr'><strong>sed</strong></span> <span class='ocrx_word' id='word_1_674' title='bbox 959 5241 1027 5295; x_wconf 87' lang='lat' dir='ltr'><strong>ad</strong></span> <span class='ocrx_word' id='word_1_675' title='bbox 1049 5256 1111 5294; x_wconf 92' lang='lat' dir='ltr'><strong>ea</strong></span> <span class='ocrx_word' id='word_1_676' title='bbox 1145 5256 1268 5310; x_wconf 67' lang='lat' dir='ltr'><strong>quae</strong></span> <span class='ocrx_word' id='word_1_677' title='bbox 1290 5250 1709 5308; x_wconf 76' lang='lat' dir='ltr'><strong>przecesserunt;</strong></span> 
     </span>
    </p>
   </div>
   <div class='ocr_carea' id='block_1_91' title="bbox 122 5309 1712 5381">
    <p class='ocr_par' dir='ltr' id='par_1_91' title="bbox 122 5309 1712 5381">
     <span class='ocr_line' id='line_1_91' title="bbox 122 5309 1712 5381; baseline -0.003 -14"><span class='ocrx_word' id='word_1_678' title='bbox 122 5310 230 5367; x_wconf 87' lang='lat' dir='ltr'><strong>vel</strong></span> <span class='ocrx_word' id='word_1_679' title='bbox 263 5320 555 5381; x_wconf 63' lang='lat' dir='ltr'><strong>auctorem</strong></span> <span class='ocrx_word' id='word_1_680' title='bbox 581 5309 916 5366; x_wconf 90' lang='lat' dir='ltr'><strong>Testamenti</strong></span> <span class='ocrx_word' id='word_1_681' title='bbox 945 5310 1071 5366; x_wconf 86' lang='lat' dir='ltr'><strong>Levi</strong></span> <span class='ocrx_word' id='word_1_682' title='bbox 1108 5309 1216 5364; x_wconf 90' lang='lat' dir='ltr'><strong>non</strong></span> <span class='ocrx_word' id='word_1_683' title='bbox 1248 5312 1512 5381; x_wconf 79' lang='lat' dir='ltr'><strong>allegasse</strong></span> <span class='ocrx_word' id='word_1_684' title='bbox 1547 5311 1712 5365; x_wconf 89' lang='lat' dir='ltr'><strong>bene-</strong></span> 
     </span>
    </p>
   </div>
   <div class='ocr_carea' id='block_1_92' title="bbox 124 5378 1713 5437">
    <p class='ocr_par' dir='ltr' id='par_1_92' title="bbox 124 5378 1713 5437">
     <span class='ocr_line' id='line_1_92' title="bbox 124 5378 1713 5437; baseline -0.002 0"><span class='ocrx_word' id='word_1_685' title='bbox 124 5380 417 5437; x_wconf 83' lang='lat' dir='ltr'><strong>dictiones</strong></span> <span class='ocrx_word' id='word_1_686' title='bbox 442 5378 630 5435; x_wconf 87' lang='lat' dir='ltr'><strong>Jacobi</strong></span> <span class='ocrx_word' id='word_1_687' title='bbox 668 5381 724 5434; x_wconf 91' lang='lat' dir='ltr'><strong>in</strong></span> <span class='ocrx_word' id='word_1_688' title='bbox 752 5381 1020 5436; x_wconf 85' lang='lat' dir='ltr'><strong>canonico</strong></span> <span class='ocrx_word' id='word_1_689' title='bbox 1042 5381 1182 5435; x_wconf 90' lang='lat' dir='ltr'><strong>libro</strong></span> <span class='ocrx_word' id='word_1_690' title='bbox 1208 5378 1482 5436; x_wconf 81' lang='lat' dir='ltr'><strong>Geneseos</strong></span> <span class='ocrx_word' id='word_1_691' title='bbox 1504 5380 1713 5437; x_wconf 88' lang='lat' dir='ltr'><strong>descri-</strong></span> 
     </span>
    </p>
   </div>
   <div class='ocr_carea' id='block_1_93' title="bbox 172 5450 1712 5520">
    <p class='ocr_par' dir='ltr' id='par_1_93' title="bbox 172 5450 1712 5520">
     <span class='ocr_line' id='line_1_93' title="bbox 172 5450 1712 5520; baseline -0.001 -14"><span class='ocrx_word' id='word_1_692' title='bbox 172 5466 288 5507; x_wconf 85' lang='lat' dir='ltr'><strong>tas.</strong></span> <span class='ocrx_word' id='word_1_693' title='bbox 327 5450 423 5504; x_wconf 85' lang='lat' dir='ltr'><strong>sed</strong></span> <span class='ocrx_word' id='word_1_694' title='bbox 468 5451 838 5520; x_wconf 65' lang='lat' dir='ltr'><strong>apocryphum</strong></span> <span class='ocrx_word' id='word_1_695' title='bbox 894 5450 1083 5507; x_wconf 79' lang='lat' dir='ltr'><strong>Jacobi</strong></span> <span class='ocrx_word' id='word_1_696' title='bbox 1142 5460 1524 5506; x_wconf 90' lang='lat' dir='ltr'><strong>testamentum</strong></span> <span class='ocrx_word' id='word_1_697' title='bbox 1572 5452 1712 5505; x_wconf 89' lang='lat' dir='ltr'><strong>inter</strong></span> 
     </span>
    </p>
   </div>
   <div class='ocr_carea' id='block_1_94' title="bbox 123 5469 1712 5593">
    <p class='ocr_par' dir='ltr' id='par_1_94' title="bbox 123 5469 1712 5593">
     <span class='ocr_line' id='line_1_94' title="bbox 172 5469 1712 5520; baseline -0.001 -14"><span class='ocrx_word' id='word_1_698' title='bbox 172 5469 288 5507; x_wconf 83' lang='lat' dir='ltr'><strong>tas.</strong></span> <span class='ocrx_word' id='word_1_699' title='bbox 327 5469 423 5504; x_wconf 84' lang='lat' dir='ltr'><strong>seu</strong></span> <span class='ocrx_word' id='word_1_700' title='bbox 468 5469 838 5520; x_wconf 73' lang='lat' dir='ltr'><strong>apocrypnum</strong></span> <span class='ocrx_word' id='word_1_701' title='bbox 894 5469 1083 5507; x_wconf 75' lang='lat' dir='ltr'><strong>Jacobi</strong></span> <span class='ocrx_word' id='word_1_702' title='bbox 1142 5469 1524 5506; x_wconf 77' lang='lat' dir='ltr'><strong>teSIamentum</strong></span> <span class='ocrx_word' id='word_1_703' title='bbox 1572 5469 1712 5505; x_wconf 81' lang='lat' dir='ltr'><strong>Inter</strong></span> 
     </span>
     <span class='ocr_line' id='line_1_95' title="bbox 123 5469 1712 5593; baseline -0.001 -16"><span class='ocrx_word' id='word_1_704' title='bbox 123 5469 407 5592; x_wconf 57' lang='lat' dir='ltr'><strong>gratique;</strong></span> <span class='ocrx_word' id='word_1_705' title='bbox 428 5521 598 5593; x_wconf 80' lang='grc' dir='ltr'>τριῶν</span> <span class='ocrx_word' id='word_1_706' title='bbox 621 5521 1002 5593; x_wconf 81' lang='grc' dir='ltr'>Πατριαρχῶν,</span> <span class='ocrx_word' id='word_1_707' title='bbox 1029 5538 1260 5592; x_wconf 90' lang='lat' dir='ltr'><strong>quarum</strong></span> <span class='ocrx_word' id='word_1_708' title='bbox 1293 5522 1625 5593; x_wconf 85' lang='lat' dir='ltr'><strong>mentionem</strong></span> <span class='ocrx_word' id='word_1_709' title='bbox 1658 5531 1712 5576; x_wconf 90' lang='lat' dir='ltr'><strong>et</strong></span> 
     </span>
    </p>
   </div>
   <div class='ocr_carea' id='block_1_95' title="bbox 128 5539 1710 5661">
    <p class='ocr_par' dir='ltr' id='par_1_95' title="bbox 128 5539 1710 5661">
     <span class='ocr_line' id='line_1_96' title="bbox 128 5539 1710 5593; baseline -0.001 -16"><span class='ocrx_word' id='word_1_710' title='bbox 128 5539 407 5592; x_wconf 84' lang='grc' dir='ltr'>οιαυηκας</span> <span class='ocrx_word' id='word_1_711' title='bbox 428 5539 598 5591; x_wconf 86' lang='grc' dir='ltr'>τριων</span> <span class='ocrx_word' id='word_1_712' title='bbox 621 5539 737 5576; x_wconf 87' lang='grc' dir='ltr'>ιιατ</span> <span class='ocrx_word' id='word_1_713' title='bbox 779 5539 1002 5593; x_wconf 84' lang='grc' dir='ltr'>ιαρχων,</span> <span class='ocrx_word' id='word_1_714' title='bbox 1029 5539 1260 5592; x_wconf 90' lang='lat' dir='ltr'><strong>quarum</strong></span> <span class='ocrx_word' id='word_1_715' title='bbox 1293 5539 1625 5576; x_wconf 76' lang='lat' dir='ltr'><strong>mentionem</strong></span> <span class='ocrx_word' id='word_1_716' title='bbox 1658 5539 1710 5576; x_wconf 84' lang='lat' dir='ltr'><strong>et</strong></span> 
     </span>
     <span class='ocr_line' id='line_1_97' title="bbox 128 5539 1710 5661; baseline -0.001 -14"><span class='ocrx_word' id='word_1_717' title='bbox 128 5609 247 5661; x_wconf 83' lang='lat' dir='ltr'><strong>ego</strong></span> <span class='ocrx_word' id='word_1_718' title='bbox 306 5592 360 5645; x_wconf 91' lang='lat' dir='ltr'><strong>in</strong></span> <span class='ocrx_word' id='word_1_719' title='bbox 397 5592 605 5661; x_wconf 66' lang='lat' dir='ltr'><strong>praefat.</strong></span> <span class='ocrx_word' id='word_1_720' title='bbox 642 5593 707 5661; x_wconf 88' lang='lat' dir='ltr'><strong>ad</strong></span> <span class='ocrx_word' id='word_1_721' title='bbox 743 5539 857 5647; x_wconf 47' lang='lat' dir='ltr'><strong>haec</strong></span> <span class='ocrx_word' id='word_1_722' title='bbox 927 5592 1265 5648; x_wconf 78' lang='lat' dir='ltr'><strong>Testamenta</strong></span> <span class='ocrx_word' id='word_1_723' title='bbox 1296 5591 1441 5657; x_wconf 86' lang='lat' dir='ltr'><strong>feci,</strong></span> <span class='ocrx_word' id='word_1_724' title='bbox 1475 5602 1531 5645; x_wconf 90' lang='lat' dir='ltr'><strong>et</strong></span> <span class='ocrx_word' id='word_1_725' title='bbox 1594 5592 1710 5661; x_wconf 89' lang='lat' dir='ltr'><strong>ipse</strong></span> 
     </span>
    </p>
   </div>
   <div class='ocr_carea' id='block_1_96' title="bbox 130 5660 1704 5733">
    <p class='ocr_par' dir='ltr' id='par_1_96' title="bbox 130 5660 1704 5733">
     <span class='ocr_line' id='line_1_98' title="bbox 130 5660 1704 5733; baseline 0 -16"><span class='ocrx_word' id='word_1_726' title='bbox 130 5660 337 5717; x_wconf 85' lang='lat' dir='ltr'><strong>noster</strong></span> <span class='ocrx_word' id='word_1_727' title='bbox 365 5660 555 5716; x_wconf 82' lang='lat' dir='ltr'><strong>auctor</strong></span> <span class='ocrx_word' id='word_1_728' title='bbox 581 5664 633 5717; x_wconf 91' lang='lat' dir='ltr'><strong>in</strong></span> <span class='ocrx_word' id='word_1_729' title='bbox 670 5660 1020 5718; x_wconf 87' lang='lat' dir='ltr'><strong>Testamento</strong></span> <span class='ocrx_word' id='word_1_730' title='bbox 1050 5662 1331 5733; x_wconf 69' lang='lat' dir='ltr'><strong>Benjamin</strong></span> <span class='ocrx_word' id='word_1_731' title='bbox 1366 5661 1393 5733; x_wconf 60' lang='grc' dir='ltr'>ᾗ</span> <span class='ocrx_word' id='word_1_732' title='bbox 1418 5680 1471 5726; x_wconf 89' lang='lat' dir='ltr'><strong>x,</strong></span> <span class='ocrx_word' id='word_1_733' title='bbox 1500 5660 1704 5732; x_wconf 81' lang='lat' dir='ltr'><strong>injecit.</strong></span> 
     </span>
    </p>
   </div>
   <div class='ocr_carea' id='block_1_97' title="bbox 131 5733 1706 5805">
    <p class='ocr_par' dir='ltr' id='par_1_97' title="bbox 131 5733 1706 5805">
     <span class='ocr_line' id='line_1_99' title="bbox 131 5733 1706 5805; baseline 0.001 -20"><span class='ocrx_word' id='word_1_734' title='bbox 131 5734 417 5788; x_wconf 67' lang='lat' dir='ltr'><strong>Cancrum</strong></span> <span class='ocrx_word' id='word_1_735' title='bbox 447 5734 490 5788; x_wconf 88' lang='lat' dir='ltr'><strong>si</strong></span> <span class='ocrx_word' id='word_1_736' title='bbox 528 5734 816 5805; x_wconf 84' lang='lat' dir='ltr'><strong>quisquam</strong></span> <span class='ocrx_word' id='word_1_737' title='bbox 843 5735 1129 5790; x_wconf 86' lang='lat' dir='ltr'><strong>lectionem</strong></span> <span class='ocrx_word' id='word_1_738' title='bbox 1176 5734 1381 5789; x_wconf 79' lang='lat' dir='ltr'><strong>codicis</strong></span> <span class='ocrx_word' id='word_1_739' title='bbox 1413 5733 1706 5788; x_wconf 73' lang='lat' dir='ltr'><strong>Cantabri-</strong></span> 
     </span>
    </p>
   </div>
   <div class='ocr_carea' id='block_1_98' title="bbox 1819 3141 3406 3218">
    <p class='ocr_par' dir='ltr' id='par_1_98' title="bbox 1819 3141 3406 3218">
     <span class='ocr_line' id='line_1_100' title="bbox 1819 3141 3406 3218; baseline -0.006 -15"><span class='ocrx_word' id='word_1_740' title='bbox 1819 3147 2327 3218; x_wconf 89' lang='lat' dir='ltr'><strong>multiplicabuntur</strong></span> <span class='ocrx_word' id='word_1_741' title='bbox 2346 3155 2406 3199; x_wconf 90' lang='lat' dir='ltr'><strong>ut</strong></span> <span class='ocrx_word' id='word_1_742' title='bbox 2426 3143 2595 3211; x_wconf 88' lang='lat' dir='ltr'><strong>cedri,</strong></span> <span class='ocrx_word' id='word_1_743' title='bbox 2616 3142 2790 3198; x_wconf 87' lang='lat' dir='ltr'><strong>sancti</strong></span> <span class='ocrx_word' id='word_1_744' title='bbox 2810 3158 2877 3197; x_wconf 80' lang='lat' dir='ltr'><strong>ex</strong></span> <span class='ocrx_word' id='word_1_745' title='bbox 2905 3158 2994 3196; x_wconf 91' lang='lat' dir='ltr'><strong>me</strong></span> <span class='ocrx_word' id='word_1_746' title='bbox 3018 3156 3193 3211; x_wconf 88' lang='lat' dir='ltr'><strong>usque</strong></span> <span class='ocrx_word' id='word_1_747' title='bbox 3221 3141 3274 3194; x_wconf 89' lang='lat' dir='ltr'><strong>in</strong></span> <span class='ocrx_word' id='word_1_748' title='bbox 3303 3155 3406 3196; x_wconf 74' lang='lat' dir='ltr'><strong>sae—</strong></span> 
     </span>
    </p>
   </div>
   <div class='ocr_carea' id='block_1_99' title="bbox 1818 3234 3403 3306">
    <p class='ocr_par' dir='ltr' id='par_1_99' title="bbox 1818 3234 3403 3306">
     <span class='ocr_line' id='line_1_101' title="bbox 1818 3234 3403 3306; baseline -0.006 -9"><span class='ocrx_word' id='word_1_749' title='bbox 1818 3242 2025 3303; x_wconf 89' lang='lat' dir='ltr'><strong>culum,</strong></span> <span class='ocrx_word' id='word_1_750' title='bbox 2043 3249 2097 3294; x_wconf 88' lang='lat' dir='ltr'><strong>et</strong></span> <span class='ocrx_word' id='word_1_751' title='bbox 2116 3238 2253 3293; x_wconf 90' lang='lat' dir='ltr'><strong>rami</strong></span> <span class='ocrx_word' id='word_1_752' title='bbox 2282 3252 2471 3293; x_wconf 87' lang='lat' dir='ltr'><strong>eorum</strong></span> <span class='ocrx_word' id='word_1_753' title='bbox 2497 3252 2671 3306; x_wconf 89' lang='lat' dir='ltr'><strong>usque</strong></span> <span class='ocrx_word' id='word_1_754' title='bbox 2694 3237 2747 3290; x_wconf 91' lang='lat' dir='ltr'><strong>in</strong></span> <span class='ocrx_word' id='word_1_755' title='bbox 2765 3235 3161 3305; x_wconf 83' lang='lat' dir='ltr'><strong>longitudinem</strong></span> <span class='ocrx_word' id='word_1_756' title='bbox 3185 3234 3403 3288; x_wconf 90' lang='lat' dir='ltr'><strong>dierum</strong></span> 
     </span>
    </p>
   </div>
   <div class='ocr_carea' id='block_1_100' title="bbox 1817 3325 3404 3403">
    <p class='ocr_par' dir='ltr' id='par_1_100' title="bbox 1817 3325 3404 3403">
     <span class='ocr_line' id='line_1_102' title="bbox 1817 3325 3404 3403; baseline -0.006 -15"><span class='ocrx_word' id='word_1_757' title='bbox 1817 3342 1977 3388; x_wconf 91' lang='lat' dir='ltr'><strong>erunt</strong></span> <span class='ocrx_word' id='word_1_758' title='bbox 2004 3332 2137 3403; x_wconf 65' lang='lat'><strong>(99).</strong></span> <span class='ocrx_word' id='word_1_759' title='bbox 2169 3329 2328 3384; x_wconf 91' lang='lat' dir='ltr'><strong>Tunc</strong></span> <span class='ocrx_word' id='word_1_760' title='bbox 2352 3328 2755 3398; x_wconf 89' lang='lat' dir='ltr'><strong>peribitsemen</strong></span> <span class='ocrx_word' id='word_1_761' title='bbox 2803 3326 3067 3381; x_wconf 85' lang='lat' dir='ltr'><strong>Chanaan</strong></span> <span class='ocrx_word' id='word_1_762' title='bbox 3091 3366 3107 3393; x_wconf 96' lang='lat'><strong>,</strong></span> <span class='ocrx_word' id='word_1_763' title='bbox 3158 3334 3214 3380; x_wconf 93' lang='lat' dir='ltr'><strong>et</strong></span> <span class='ocrx_word' id='word_1_764' title='bbox 3260 3325 3404 3380; x_wconf 88' lang='lat' dir='ltr'><strong>resi-</strong></span> 
     </span>
    </p>
   </div>
   <div class='ocr_carea' id='block_1_101' title="bbox 1817 3417 3401 3490">
    <p class='ocr_par' dir='ltr' id='par_1_101' title="bbox 1817 3417 3401 3490">
     <span class='ocr_line' id='line_1_103' title="bbox 1817 3417 3401 3490; baseline -0.006 -9"><span class='ocrx_word' id='word_1_765' title='bbox 1817 3426 1987 3481; x_wconf 90' lang='lat' dir='ltr'><strong>duum</strong></span> <span class='ocrx_word' id='word_1_766' title='bbox 2016 3440 2124 3479; x_wconf 93' lang='lat' dir='ltr'><strong>non</strong></span> <span class='ocrx_word' id='word_1_767' title='bbox 2142 3423 2247 3478; x_wconf 92' lang='lat' dir='ltr'><strong>erit</strong></span> <span class='ocrx_word' id='word_1_768' title='bbox 2268 3422 2551 3487; x_wconf 86' lang='lat' dir='ltr'><strong>Amalech,</strong></span> <span class='ocrx_word' id='word_1_769' title='bbox 2583 3429 2636 3475; x_wconf 91' lang='lat' dir='ltr'><strong>et</strong></span> <span class='ocrx_word' id='word_1_770' title='bbox 2664 3421 2920 3490; x_wconf 90' lang='lat' dir='ltr'><strong>peribunt</strong></span> <span class='ocrx_word' id='word_1_771' title='bbox 2949 3434 3143 3475; x_wconf 93' lang='lat' dir='ltr'><strong>omnes</strong></span> <span class='ocrx_word' id='word_1_772' title='bbox 3179 3417 3401 3488; x_wconf 62' lang='lat' dir='ltr'><strong>Cappao</strong></span> 
     </span>
    </p>
   </div>
   <div class='ocr_carea' id='block_1_102' title="bbox 1817 3509 3403 3581">
    <p class='ocr_par' dir='ltr' id='par_1_102' title="bbox 1817 3509 3403 3581">
     <span class='ocr_line' id='line_1_104' title="bbox 1817 3509 3403 3581; baseline -0.006 -8"><span class='ocrx_word' id='word_1_773' title='bbox 1817 3518 2005 3581; x_wconf 89' lang='lat' dir='ltr'><strong>doces,</strong></span> <span class='ocrx_word' id='word_1_774' title='bbox 2036 3523 2091 3570; x_wconf 91' lang='lat' dir='ltr'><strong>et</strong></span> <span class='ocrx_word' id='word_1_775' title='bbox 2117 3528 2309 3569; x_wconf 91' lang='lat' dir='ltr'><strong>omnes</strong></span> <span class='ocrx_word' id='word_1_776' title='bbox 2347 3513 2551 3568; x_wconf 78' lang='lat' dir='ltr'><strong>Cethaei</strong></span> <span class='ocrx_word' id='word_1_777' title='bbox 2602 3512 2923 3581; x_wconf 88' lang='lat' dir='ltr'><strong>perdentur.</strong></span> <span class='ocrx_word' id='word_1_778' title='bbox 2973 3509 3131 3565; x_wconf 92' lang='lat' dir='ltr'><strong>Tunc</strong></span> <span class='ocrx_word' id='word_1_779' title='bbox 3184 3509 3403 3564; x_wconf 81' lang='lat' dir='ltr'><strong>deficiet</strong></span> 
     </span>
    </p>
   </div>
   <div class='ocr_carea' id='block_1_103' title="bbox 1818 3596 3405 3672">
    <p class='ocr_par' dir='ltr' id='par_1_103' title="bbox 1818 3596 3405 3672">
     <span class='ocr_line' id='line_1_105' title="bbox 1818 3596 3405 3672; baseline -0.004 -10"><span class='ocrx_word' id='word_1_780' title='bbox 1818 3616 1961 3663; x_wconf 89' lang='lat' dir='ltr'><strong>terra</strong></span> <span class='ocrx_word' id='word_1_781' title='bbox 1984 3604 2180 3670; x_wconf 90' lang='lat' dir='ltr'><strong>Cham,</strong></span> <span class='ocrx_word' id='word_1_782' title='bbox 2210 3612 2264 3659; x_wconf 89' lang='lat' dir='ltr'><strong>et</strong></span> <span class='ocrx_word' id='word_1_783' title='bbox 2287 3603 2468 3658; x_wconf 87' lang='lat' dir='ltr'><strong>omnis</strong></span> <span class='ocrx_word' id='word_1_784' title='bbox 2491 3602 2727 3672; x_wconf 88' lang='lat' dir='ltr'><strong>populus</strong></span> <span class='ocrx_word' id='word_1_785' title='bbox 2755 3602 2976 3672; x_wconf 90' lang='lat' dir='ltr'><strong>peribit.</strong></span> <span class='ocrx_word' id='word_1_786' title='bbox 3005 3600 3161 3655; x_wconf 85' lang='lat' dir='ltr'><strong>Tune</strong></span> <span class='ocrx_word' id='word_1_787' title='bbox 3189 3596 3405 3670; x_wconf 87' lang='lat' dir='ltr'><strong>requie-</strong></span> 
     </span>
    </p>
   </div>
   <div class='ocr_carea' id='block_1_104' title="bbox 1816 3694 3401 3765">
    <p class='ocr_par' dir='ltr' id='par_1_104' title="bbox 1816 3694 3401 3765">
     <span class='ocr_line' id='line_1_106' title="bbox 1816 3694 3401 3765; baseline -0.003 -11"><span class='ocrx_word' id='word_1_788' title='bbox 1816 3707 1933 3754; x_wconf 89' lang='lat' dir='ltr'><strong>scet</strong></span> <span class='ocrx_word' id='word_1_789' title='bbox 1964 3694 2144 3753; x_wconf 90' lang='lat' dir='ltr'><strong>omnis</strong></span> <span class='ocrx_word' id='word_1_790' title='bbox 2177 3707 2322 3751; x_wconf 89' lang='lat' dir='ltr'><strong>terra</strong></span> <span class='ocrx_word' id='word_1_791' title='bbox 2347 3709 2377 3749; x_wconf 85' lang='lat' dir='ltr'><strong>a</strong></span> <span class='ocrx_word' id='word_1_792' title='bbox 2406 3695 2839 3765; x_wconf 88' lang='lat' dir='ltr'><strong>perturbatione,</strong></span> <span class='ocrx_word' id='word_1_793' title='bbox 2861 3702 2915 3749; x_wconf 92' lang='lat' dir='ltr'><strong>et</strong></span> <span class='ocrx_word' id='word_1_794' title='bbox 2940 3696 3123 3750; x_wconf 90' lang='lat' dir='ltr'><strong>omnis</strong></span> <span class='ocrx_word' id='word_1_795' title='bbox 3148 3709 3270 3765; x_wconf 84' lang='lat' dir='ltr'><strong>quae</strong></span> <span class='ocrx_word' id='word_1_796' title='bbox 3296 3694 3401 3749; x_wconf 91' lang='lat' dir='ltr'><strong>sub</strong></span> 
     </span>
    </p>
   </div>
   <div class='ocr_carea' id='block_1_105' title="bbox 1816 3826 3401 3915">
    <p class='ocr_par' dir='ltr' id='par_1_105' title="bbox 1816 3826 3401 3915">
     <span class='ocr_line' id='line_1_107' title="bbox 1816 3826 3401 3915; baseline 0.001 -30"><span class='ocrx_word' id='word_1_797' title='bbox 1816 3829 2027 3915; x_wconf 66' lang='lat' dir='ltr'><strong>giensis</strong></span> <span class='ocrx_word' id='word_1_798' title='bbox 2053 3836 2110 3883; x_wconf 87' lang='lat' dir='ltr'><strong>et</strong></span> <span class='ocrx_word' id='word_1_799' title='bbox 2166 3826 2407 3915; x_wconf 38' lang='lat' dir='ltr'><strong>Ro‘berti</strong></span> <span class='ocrx_word' id='word_1_800' title='bbox 2444 3827 2849 3915; x_wconf 62' lang='lat' dir='ltr'><strong>Lincolniensis</strong></span> <span class='ocrx_word' id='word_1_801' title='bbox 2910 3828 3401 3915; x_wconf 47' lang='lat' dir='ltr'><strong>praeferrejellet,</strong></span> 
     </span>
    </p>
   </div>
   <div class='ocr_carea' id='block_1_106' title="bbox 1810 3898 3398 3974">
    <p class='ocr_par' dir='ltr' id='par_1_106' title="bbox 1810 3898 3398 3974">
     <span class='ocr_line' id='line_1_108' title="bbox 1810 3898 3398 3974; baseline 0.001 -18"><span class='ocrx_word' id='word_1_802' title='bbox 1810 3898 2170 3974; x_wconf 66' lang='lat' dir='ltr'><strong>fuxtaquam</strong></span> <span class='ocrx_word' id='word_1_803' title='bbox 2232 3898 2461 3974; x_wconf 81' lang='lat' dir='ltr'><strong>Simeon</strong></span> <span class='ocrx_word' id='word_1_804' title='bbox 2514 3900 2833 3966; x_wconf 86' lang='lat' dir='ltr'><strong>allirmavit,</strong></span> <span class='ocrx_word' id='word_1_805' title='bbox 2869 3898 2936 3955; x_wconf 69' lang='lat' dir='ltr'><strong>ei</strong></span> <span class='ocrx_word' id='word_1_806' title='bbox 2988 3903 3239 3974; x_wconf 79' lang='lat' dir='ltr'><strong>posteris</strong></span> <span class='ocrx_word' id='word_1_807' title='bbox 3276 3898 3398 3974; x_wconf 81' lang='lat' dir='ltr'><strong>ejus</strong></span> 
     </span>
    </p>
   </div>
   <div class='ocr_carea' id='block_1_107' title="bbox 1814 3970 3403 4040">
    <p class='ocr_par' dir='ltr' id='par_1_107' title="bbox 1814 3970 3403 4040">
     <span class='ocr_line' id='line_1_109' title="bbox 1814 3970 3403 4040; baseline 0 -13"><span class='ocrx_word' id='word_1_808' title='bbox 1814 3970 1947 4027; x_wconf 81' lang='lat' dir='ltr'><strong>fore</strong></span> <span class='ocrx_word' id='word_1_809' title='bbox 1967 3971 2163 4025; x_wconf 79' lang='lat' dir='ltr'><strong>ducem</strong></span> <span class='ocrx_word' id='word_1_810' title='bbox 2191 3987 2206 4036; x_wconf 91' lang='lat'><strong>;</strong></span> <span class='ocrx_word' id='word_1_811' title='bbox 2244 3984 2421 4040; x_wconf 90' lang='lat' dir='ltr'><strong>neque</strong></span> <span class='ocrx_word' id='word_1_812' title='bbox 2449 3970 2597 4023; x_wconf 90' lang='lat' dir='ltr'><strong>hunc</strong></span> <span class='ocrx_word' id='word_1_813' title='bbox 2625 3986 2849 4025; x_wconf 90' lang='lat' dir='ltr'><strong>sensum</strong></span> <span class='ocrx_word' id='word_1_814' title='bbox 2879 3987 2944 4025; x_wconf 82' lang='lat' dir='ltr'><strong>ex</strong></span> <span class='ocrx_word' id='word_1_815' title='bbox 2970 3971 3181 4029; x_wconf 82' lang='lat' dir='ltr'><strong>ultimis</strong></span> <span class='ocrx_word' id='word_1_816' title='bbox 3212 3970 3403 4029; x_wconf 77' lang='lat' dir='ltr'><strong>Jacobi</strong></span> 
     </span>
    </p>
   </div>
   <div class='ocr_carea' id='block_1_108' title="bbox 1814 4040 3405 4113">
    <p class='ocr_par' dir='ltr' id='par_1_108' title="bbox 1814 4040 3405 4113">
     <span class='ocr_line' id='line_1_110' title="bbox 1814 4040 3405 4113; baseline 0.001 -15"><span class='ocrx_word' id='word_1_817' title='bbox 1814 4042 2021 4105; x_wconf 86' lang='lat' dir='ltr'><strong>verbis,</strong></span> <span class='ocrx_word' id='word_1_818' title='bbox 2056 4040 2353 4113; x_wconf 45' lang='lat' dir='ltr'><strong>Gen.)le</strong></span> <span class='ocrx_word' id='word_1_819' title='bbox 2379 4081 2396 4106; x_wconf 94' lang='lat'><strong>,</strong></span> <span class='ocrx_word' id='word_1_820' title='bbox 2416 4111 2424 4113; x_wconf 80' lang='lat'><strong><em>_</em></strong></span> <span class='ocrx_word' id='word_1_821' title='bbox 2447 4041 2666 4113; x_wconf 60' lang='lat' dir='ltr'><strong>elicere,</strong></span> <span class='ocrx_word' id='word_1_822' title='bbox 2697 4056 2799 4095; x_wconf 91' lang='lat' dir='ltr'><strong>nec</strong></span> <span class='ocrx_word' id='word_1_823' title='bbox 2831 4041 2992 4097; x_wconf 84' lang='lat' dir='ltr'><strong>facile</strong></span> <span class='ocrx_word' id='word_1_824' title='bbox 3019 4057 3145 4097; x_wconf 91' lang='lat' dir='ltr'><strong>cum</strong></span> <span class='ocrx_word' id='word_1_825' title='bbox 3199 4060 3405 4113; x_wconf 67' lang='lat' dir='ltr'><strong>praece-</strong></span> 
     </span>
    </p>
   </div>
   <div class='ocr_carea' id='block_1_109' title="bbox 1814 4108 3407 4234">
    <p class='ocr_par' dir='ltr' id='par_1_109' title="bbox 1814 4108 3407 4234">
     <span class='ocr_line' id='line_1_111' title="bbox 1814 4108 3407 4234; baseline 0.001 -66"><span class='ocrx_word' id='word_1_826' title='bbox 1814 4112 2151 4234; x_wconf 66' lang='lat' dir='ltr'><strong>dentibuslin</strong></span> <span class='ocrx_word' id='word_1_827' title='bbox 2186 4108 2461 4167; x_wconf 87' lang='lat' dir='ltr'><strong>Simeonis</strong></span> <span class='ocrx_word' id='word_1_828' title='bbox 2489 4109 2843 4169; x_wconf 88' lang='lat' dir='ltr'><strong>Testamento</strong></span> <span class='ocrx_word' id='word_1_829' title='bbox 2884 4113 3066 4169; x_wconf 82' lang='lat' dir='ltr'><strong>verbis</strong></span> <span class='ocrx_word' id='word_1_830' title='bbox 3110 4108 3407 4171; x_wconf 79' lang='lat' dir='ltr'><strong>conciliare</strong></span> 
     </span>
     <span class='ocr_line' id='line_1_112' title="bbox 1819 4192 2153 4234; baseline 0 0"><span class='ocrx_word' id='word_1_831' title='bbox 1819 4192 2037 4234; x_wconf 84' lang='lat' dir='ltr'><strong>notent.</strong></span> <span class='ocrx_word' id='word_1_832' title='bbox 2100 4199 2153 4234; x_wconf 80' lang='grc'><strong>1).</strong></span> 
     </span>
    </p>
   </div>
   <div class='ocr_carea' id='block_1_110' title="bbox 1855 4192 2153 4237">
    <p class='ocr_par' dir='ltr' id='par_1_110' title="bbox 1855 4192 2153 4237">
     <span class='ocr_line' id='line_1_113' title="bbox 1855 4192 2153 4237; baseline -0.01 0"><span class='ocrx_word' id='word_1_833' title='bbox 1855 4192 2037 4237; x_wconf 83' lang='lat' dir='ltr'><strong>olent.</strong></span> <span class='ocrx_word' id='word_1_834' title='bbox 2076 4192 2153 4235; x_wconf 88' lang='lat' dir='ltr'><strong>ID.</strong></span> 
     </span>
    </p>
   </div>
   <div class='ocr_carea' id='block_1_111' title="bbox 1816 4200 3402 4330">
    <p class='ocr_par' dir='ltr' id='par_1_111' title="bbox 1816 4200 3402 4330">
     <span class='ocr_line' id='line_1_114' title="bbox 1816 4200 3402 4330; baseline 0.005 -24"><span class='ocrx_word' id='word_1_835' title='bbox 1816 4200 2348 4330; x_wconf 36' lang='lat' dir='ltr'><strong>pf)(l§;I)L&#39;fl2|:ﬁddor</strong></span> <span class='ocrx_word' id='word_1_836' title='bbox 2378 4252 2726 4330; x_wconf 46' lang='lat' dir='ltr'><strong>dicUIlqeltd</strong></span> <span class='ocrx_word' id='word_1_837' title='bbox 2752 4255 2930 4330; x_wconf 71' lang='grc' dir='ltr'>ὀστᾶ,</span> <span class='ocrx_word' id='word_1_838' title='bbox 2953 4277 3007 4313; x_wconf 92' lang='grc' dir='ltr'><strong>κ.</strong></span> <span class='ocrx_word' id='word_1_839' title='bbox 3035 4278 3087 4313; x_wconf 89' lang='grc' dir='ltr'>τ.</span> <span class='ocrx_word' id='word_1_840' title='bbox 3115 4259 3165 4313; x_wconf 87' lang='grc' dir='ltr'><strong>λ.</strong></span> <span class='ocrx_word' id='word_1_841' title='bbox 3209 4259 3402 4330; x_wconf 77' lang='lat' dir='ltr'><strong>Respi-</strong></span> 
     </span>
    </p>
   </div>
   <div class='ocr_carea' id='block_1_112' title="bbox 1815 4323 3405 4391">
    <p class='ocr_par' dir='ltr' id='par_1_112' title="bbox 1815 4323 3405 4391">
     <span class='ocr_line' id='line_1_115' title="bbox 1815 4323 3405 4391; baseline 0.003 -12"><span class='ocrx_word' id='word_1_842' title='bbox 1815 4323 2157 4379; x_wconf 86' lang='lat' dir='ltr'><strong>citfortasse</strong></span> <span class='ocrx_word' id='word_1_843' title='bbox 2182 4333 2379 4379; x_wconf 89' lang='lat' dir='ltr'><strong>auctor</strong></span> <span class='ocrx_word' id='word_1_844' title='bbox 2399 4323 2465 4377; x_wconf 87' lang='lat' dir='ltr'><strong>ad</strong></span> <span class='ocrx_word' id='word_1_845' title='bbox 2503 4323 2671 4378; x_wconf 74' lang='lat' dir='ltr'><strong>Eceli.</strong></span> <span class='ocrx_word' id='word_1_846' title='bbox 2693 4344 2841 4391; x_wconf 78' lang='lat' dir='ltr'><strong>XLVI,</strong></span> <span class='ocrx_word' id='word_1_847' title='bbox 2874 4329 2972 4384; x_wconf 74' lang='lat' dir='ltr'><strong>M:</strong></span> <span class='ocrx_word' id='word_1_848' title='bbox 3016 4331 3093 4384; x_wconf 84' lang='grc' dir='ltr'><em>Τὰ</em></span> <span class='ocrx_word' id='word_1_849' title='bbox 3116 4328 3269 4386; x_wconf 82' lang='grc' dir='ltr'>ὀστᾶ</span> <span class='ocrx_word' id='word_1_850' title='bbox 3297 4323 3405 4384; x_wconf 85' lang='grc' dir='ltr'><strong>άῠ-</strong></span> 
     </span>
    </p>
   </div>
   <div class='ocr_carea' id='block_1_113' title="bbox 1817 4394 3402 4456">
    <p class='ocr_par' dir='ltr' id='par_1_113' title="bbox 1817 4394 3402 4456">
     <span class='ocr_line' id='line_1_116' title="bbox 1817 4394 3402 4456; baseline 0.003 -7"><span class='ocrx_word' id='word_1_851' title='bbox 1817 4394 1936 4449; x_wconf 72' lang='grc' dir='ltr'>τῶν</span> <span class='ocrx_word' id='word_1_852' title='bbox 1967 4394 2258 4449; x_wconf 73' lang='grc' dir='ltr'>ἀναθάλοι</span> <span class='ocrx_word' id='word_1_853' title='bbox 2290 4396 2359 4448; x_wconf 81' lang='grc' dir='ltr'><strong>ἐκ</strong></span> <span class='ocrx_word' id='word_1_854' title='bbox 2386 4394 2492 4449; x_wconf 81' lang='grc' dir='ltr'>τοῦ</span> <span class='ocrx_word' id='word_1_855' title='bbox 2526 4396 2715 4451; x_wconf 83' lang='grc' dir='ltr'>τόπου</span> <span class='ocrx_word' id='word_1_856' title='bbox 2763 4399 2959 4453; x_wconf 80' lang='grc' dir='ltr'>αὐτῶν</span> <span class='ocrx_word' id='word_1_857' title='bbox 2979 4420 2999 4454; x_wconf 93' lang='lat'><em>:</em></span> <span class='ocrx_word' id='word_1_858' title='bbox 3031 4402 3169 4456; x_wconf 72' lang='lat' dir='ltr'><strong>Ossa</strong></span> <span class='ocrx_word' id='word_1_859' title='bbox 3220 4417 3402 4455; x_wconf 83' lang='lat' dir='ltr'><strong>eorum</strong></span> 
     </span>
    </p>
   </div>
   <div class='ocr_carea' id='block_1_114' title="bbox 1744 4434 3404 4590">
    <p class='ocr_par' dir='ltr' id='par_1_114' title="bbox 1744 4434 3404 4590">
     <span class='ocr_line' id='line_1_117' title="bbox 1744 4434 3402 4489; baseline 0.004 -42"><span class='ocrx_word' id='word_1_860' title='bbox 1744 4434 1790 4489; x_wconf 74' lang='grc' dir='ltr'><strong>Β</strong></span> <span class='ocrx_word' id='word_1_861' title='bbox 1821 4434 1919 4478; x_wconf 55' lang='grc' dir='ltr'><strong>ιρις-νυ</strong></span> <span class='ocrx_word' id='word_1_862' title='bbox 1967 4434 2028 4448; x_wconf 65' lang='grc' dir='ltr'><strong>ιιι</strong></span> <span class='ocrx_word' id='word_1_863' title='bbox 2047 4434 2258 4449; x_wconf 68' lang='grc' dir='ltr'><strong>υνυνννυυυ</strong></span> <span class='ocrx_word' id='word_1_864' title='bbox 2290 4434 2359 4448; x_wconf 75' lang='grc' dir='ltr'><strong><em>υσυ</em></strong></span> <span class='ocrx_word' id='word_1_865' title='bbox 2391 4434 2489 4449; x_wconf 78' lang='grc' dir='ltr'><strong>ιυυ</strong></span> <span class='ocrx_word' id='word_1_866' title='bbox 2530 4434 2714 4451; x_wconf 71' lang='grc' dir='ltr'><em>ιυυνυυ</em></span> <span class='ocrx_word' id='word_1_867' title='bbox 2763 4434 2948 4453; x_wconf 71' lang='grc' dir='ltr'><strong>αυιιυν</strong></span> <span class='ocrx_word' id='word_1_868' title='bbox 2979 4443 2994 4482; x_wconf 53' lang='lat'><strong>.-</strong></span> <span class='ocrx_word' id='word_1_869' title='bbox 3031 4434 3169 4483; x_wconf 49' lang='lat' dir='ltr'><strong>Uro“</strong></span> <span class='ocrx_word' id='word_1_870' title='bbox 3220 4434 3402 4455; x_wconf 72' lang='lat' dir='ltr'><strong>cura!&quot;</strong></span> 
     </span>
     <span class='ocr_line' id='line_1_118' title="bbox 1819 4465 3404 4590; baseline 0.004 -72"><span class='ocrx_word' id='word_1_871' title='bbox 1819 4465 2178 4590; x_wconf 42' lang='lat' dir='ltr'><strong>slustorum)</strong></span> <span class='ocrx_word' id='word_1_872' title='bbox 2214 4466 2475 4535; x_wconf 83' lang='lat' dir='ltr'><strong>pullulent</strong></span> <span class='ocrx_word' id='word_1_873' title='bbox 2505 4468 2567 4519; x_wconf 90' lang='lat' dir='ltr'><strong>de</strong></span> <span class='ocrx_word' id='word_1_874' title='bbox 2593 4468 2709 4521; x_wconf 88' lang='lat' dir='ltr'><strong>loco</strong></span> <span class='ocrx_word' id='word_1_875' title='bbox 2737 4487 2853 4524; x_wconf 78' lang='lat' dir='ltr'><strong>suo.</strong></span> <span class='ocrx_word' id='word_1_876' title='bbox 2894 4470 2997 4527; x_wconf 84' lang='lat' dir='ltr'><strong>Ubt</strong></span> <span class='ocrx_word' id='word_1_877' title='bbox 3042 4488 3124 4525; x_wconf 78' lang='lat' dir='ltr'><strong>vir</strong></span> <span class='ocrx_word' id='word_1_878' title='bbox 3150 4487 3404 4527; x_wconf 90' lang='lat' dir='ltr'><strong>summus</strong></span> 
     </span>
     <span class='ocr_line' id='line_1_119' title="bbox 1852 4534 3404 4590; baseline 0 0"><span class='ocrx_word' id='word_1_879' title='bbox 1852 4537 2056 4590; x_wconf 85' lang='lat' dir='ltr'><strong>acubus</strong></span> <span class='ocrx_word' id='word_1_880' title='bbox 2096 4534 2371 4590; x_wconf 66' lang='lat' dir='ltr'><strong>Benignus</strong></span> <span class='ocrx_word' id='word_1_881' title='bbox 2408 4536 2709 4590; x_wconf 82' lang='lat' dir='ltr'><strong>Bossuetus</strong></span> <span class='ocrx_word' id='word_1_882' title='bbox 2748 4542 2864 4590; x_wconf 70' lang='lat' dir='ltr'><strong>haec</strong></span> <span class='ocrx_word' id='word_1_883' title='bbox 2902 4541 3158 4590; x_wconf 81' lang='lat' dir='ltr'><strong>adnotat:</strong></span> <span class='ocrx_word' id='word_1_884' title='bbox 3213 4562 3230 4590; x_wconf 78' lang='grc' dir='ltr'><strong>ι</strong></span> <span class='ocrx_word' id='word_1_885' title='bbox 3265 4543 3404 4590; x_wconf 79' lang='lat' dir='ltr'><strong>Ossa</strong></span> 
     </span>
    </p>
   </div>
   <div class='ocr_carea' id='block_1_115' title="bbox 1852 4534 3404 4605">
    <p class='ocr_par' dir='ltr' id='par_1_115' title="bbox 1852 4534 3404 4605">
     <span class='ocr_line' id='line_1_120' title="bbox 1852 4534 3404 4605; baseline 0.003 -15"><span class='ocrx_word' id='word_1_886' title='bbox 1852 4534 2056 4590; x_wconf 85' lang='lat' dir='ltr'><strong>acubus</strong></span> <span class='ocrx_word' id='word_1_887' title='bbox 2096 4534 2371 4605; x_wconf 77' lang='lat' dir='ltr'><strong>Benignus</strong></span> <span class='ocrx_word' id='word_1_888' title='bbox 2408 4536 2709 4592; x_wconf 83' lang='lat' dir='ltr'><strong>Bossuetus</strong></span> <span class='ocrx_word' id='word_1_889' title='bbox 2748 4542 2864 4596; x_wconf 62' lang='lat' dir='ltr'><strong>haec</strong></span> <span class='ocrx_word' id='word_1_890' title='bbox 2902 4541 3158 4598; x_wconf 89' lang='lat' dir='ltr'><strong>adnotat:</strong></span> <span class='ocrx_word' id='word_1_891' title='bbox 3213 4562 3230 4593; x_wconf 85' lang='grc' dir='ltr'><strong>ι</strong></span> <span class='ocrx_word' id='word_1_892' title='bbox 3265 4543 3404 4596; x_wconf 81' lang='lat' dir='ltr'><strong>Ossa</strong></span> 
     </span>
    </p>
   </div>
   <div class='ocr_carea' id='block_1_116' title="bbox 1818 4605 3401 4680">
    <p class='ocr_par' dir='ltr' id='par_1_116' title="bbox 1818 4605 3401 4680">
     <span class='ocr_line' id='line_1_121' title="bbox 1818 4605 3401 4680; baseline 0.004 -19"><span class='ocrx_word' id='word_1_893' title='bbox 1818 4623 2003 4661; x_wconf 83' lang='lat' dir='ltr'><strong>eorum</strong></span> <span class='ocrx_word' id='word_1_894' title='bbox 2031 4605 2314 4680; x_wconf 76' lang='lat' dir='ltr'><strong>pullulent,</strong></span> <span class='ocrx_word' id='word_1_895' title='bbox 2350 4606 2588 4680; x_wconf 75' lang='lat' dir='ltr'><strong>formula</strong></span> <span class='ocrx_word' id='word_1_896' title='bbox 2618 4610 2753 4664; x_wconf 89' lang='lat' dir='ltr'><strong>bene</strong></span> <span class='ocrx_word' id='word_1_897' title='bbox 2780 4615 3112 4680; x_wconf 88' lang='lat' dir='ltr'><strong>apprecandi</strong></span> <span class='ocrx_word' id='word_1_898' title='bbox 3145 4614 3401 4677; x_wconf 87' lang='lat' dir='ltr'><strong>mortuis,</strong></span> 
     </span>
    </p>
   </div>
   <div class='ocr_carea' id='block_1_117' title="bbox 1819 4676 3405 4754">
    <p class='ocr_par' dir='ltr' id='par_1_117' title="bbox 1819 4676 3405 4754">
     <span class='ocr_line' id='line_1_122' title="bbox 1819 4676 3405 4754; baseline 0.003 -22"><span class='ocrx_word' id='word_1_899' title='bbox 1819 4688 1889 4754; x_wconf 69' lang='lat' dir='ltr'><strong>ut</strong></span> <span class='ocrx_word' id='word_1_900' title='bbox 1908 4686 2055 4754; x_wconf 84' lang='lat' dir='ltr'><strong>patet</strong></span> <span class='ocrx_word' id='word_1_901' title='bbox 2076 4676 2220 4754; x_wconf 68' lang='lat' dir='ltr'><strong>infra</strong></span> <span class='ocrx_word' id='word_1_902' title='bbox 2245 4677 2501 4754; x_wconf 70' lang='lat' dir='ltr'><strong>_xux_,_l‘2</strong></span> <span class='ocrx_word' id='word_1_903' title='bbox 2527 4694 2538 4729; x_wconf 95' lang='lat'>:</span> <span class='ocrx_word' id='word_1_904' title='bbox 2563 4749 2573 4754; x_wconf 26' lang='grc' dir='ltr'><strong>Α</strong></span> <span class='ocrx_word' id='word_1_905' title='bbox 2599 4682 2712 4734; x_wconf 75' lang='grc' dir='ltr'><strong>Καὶ</strong></span> <span class='ocrx_word' id='word_1_906' title='bbox 2746 4676 2866 4754; x_wconf 60' lang='grc' dir='ltr'>τῶιιὲ</span> <span class='ocrx_word' id='word_1_907' title='bbox 2901 4681 3133 4739; x_wconf 81' lang='grc' dir='ltr'>δώδεκα</span> <span class='ocrx_word' id='word_1_908' title='bbox 3170 4676 3405 4754; x_wconf 60' lang='grc' dir='ltr'><strong>προέβη-ἒ</strong></span> 
     </span>
    </p>
   </div>
   <div class='ocr_carea' id='block_1_118' title="bbox 1818 4746 3403 4809">
    <p class='ocr_par' dir='ltr' id='par_1_118' title="bbox 1818 4746 3403 4809">
     <span class='ocr_line' id='line_1_123' title="bbox 1818 4746 3403 4809; baseline 0.004 -8"><span class='ocrx_word' id='word_1_909' title='bbox 1818 4748 1937 4802; x_wconf 81' lang='grc' dir='ltr'>τῶν</span> <span class='ocrx_word' id='word_1_910' title='bbox 1959 4748 2031 4801; x_wconf 86' lang='grc' dir='ltr'>τὰ</span> <span class='ocrx_word' id='word_1_911' title='bbox 2057 4746 2208 4804; x_wconf 83' lang='grc' dir='ltr'>ὀστᾶ</span> <span class='ocrx_word' id='word_1_912' title='bbox 2229 4748 2521 4803; x_wconf 75' lang='grc' dir='ltr'>ἀναθάλοι</span> <span class='ocrx_word' id='word_1_913' title='bbox 2549 4749 2619 4803; x_wconf 83' lang='grc' dir='ltr'><strong>ἐκ</strong></span> <span class='ocrx_word' id='word_1_914' title='bbox 2666 4751 2774 4805; x_wconf 79' lang='grc' dir='ltr'>τοῦ</span> <span class='ocrx_word' id='word_1_915' title='bbox 2816 4754 3004 4807; x_wconf 82' lang='grc' dir='ltr'>τόπου</span> <span class='ocrx_word' id='word_1_916' title='bbox 3056 4746 3310 4809; x_wconf 54' lang='grc' dir='ltr'>αὐτῶνί</span> <span class='ocrx_word' id='word_1_917' title='bbox 3332 4746 3403 4808; x_wconf 82' lang='grc' dir='ltr'>Ει</span> 
     </span>
    </p>
   </div>
   <div class='ocr_carea' id='block_1_119' title="bbox 1818 4819 3400 4890">
    <p class='ocr_par' dir='ltr' id='par_1_119' title="bbox 1818 4819 3400 4890">
     <span class='ocr_line' id='line_1_124' title="bbox 1818 4819 3400 4890; baseline 0.004 -19"><span class='ocrx_word' id='word_1_918' title='bbox 1818 4819 2094 4890; x_wconf 74' lang='lat' dir='ltr'><strong>duodecim</strong></span> <span class='ocrx_word' id='word_1_919' title='bbox 2122 4820 2495 4890; x_wconf 74' lang='lat' dir='ltr'><strong>praphetarum</strong></span> <span class='ocrx_word' id='word_1_920' title='bbox 2522 4836 2643 4873; x_wconf 85' lang='lat' dir='ltr'><strong>ossa</strong></span> <span class='ocrx_word' id='word_1_921' title='bbox 2675 4821 2939 4890; x_wconf 82' lang='lat' dir='ltr'><strong>pullulent</strong></span> <span class='ocrx_word' id='word_1_922' title='bbox 2989 4822 3054 4879; x_wconf 88' lang='lat' dir='ltr'><strong>de</strong></span> <span class='ocrx_word' id='word_1_923' title='bbox 3110 4825 3225 4879; x_wconf 88' lang='lat' dir='ltr'><strong>loco</strong></span> <span class='ocrx_word' id='word_1_924' title='bbox 3282 4842 3400 4878; x_wconf 79' lang='lat' dir='ltr'><strong>suo.</strong></span> 
     </span>
    </p>
   </div>
   <div class='ocr_carea' id='block_1_120' title="bbox 1817 4889 3403 4956">
    <p class='ocr_par' dir='ltr' id='par_1_120' title="bbox 1817 4889 3403 4956">
     <span class='ocr_line' id='line_1_125' title="bbox 1817 4889 3403 4956; baseline 0.004 -13"><span class='ocrx_word' id='word_1_925' title='bbox 1817 4889 1988 4956; x_wconf 83' lang='lat' dir='ltr'><strong>Quasi</strong></span> <span class='ocrx_word' id='word_1_926' title='bbox 2012 4889 2253 4944; x_wconf 82' lang='lat' dir='ltr'><strong>diceret:</strong></span> <span class='ocrx_word' id='word_1_927' title='bbox 2291 4889 2491 4943; x_wconf 83' lang='lat' dir='ltr'><strong>Eorum</strong></span> <span class='ocrx_word' id='word_1_928' title='bbox 2527 4889 2793 4948; x_wconf 80' lang='lat' dir='ltr'><strong>memeria</strong></span> <span class='ocrx_word' id='word_1_929' title='bbox 2816 4894 3153 4950; x_wconf 84' lang='lat' dir='ltr'><strong>reﬂorescat.</strong></span> <span class='ocrx_word' id='word_1_930' title='bbox 3191 4895 3403 4950; x_wconf 88' lang='lat' dir='ltr'><strong>Alludit</strong></span> 
     </span>
    </p>
   </div>
   <div class='ocr_carea' id='block_1_121' title="bbox 1817 4961 3401 5033">
    <p class='ocr_par' dir='ltr' id='par_1_121' title="bbox 1817 4961 3401 5033">
     <span class='ocr_line' id='line_1_126' title="bbox 1817 4961 3401 5033; baseline 0.003 -19"><span class='ocrx_word' id='word_1_931' title='bbox 1817 4970 2018 5033; x_wconf 81' lang='lat' dir='ltr'><strong>autem</strong></span> <span class='ocrx_word' id='word_1_932' title='bbox 2059 4961 2128 5015; x_wconf 89' lang='lat' dir='ltr'><strong>ad</strong></span> <span class='ocrx_word' id='word_1_933' title='bbox 2171 4961 2625 5033; x_wconf 82' lang='lat' dir='ltr'><strong>consuetudinem</strong></span> <span class='ocrx_word' id='word_1_934' title='bbox 2671 4964 2981 5019; x_wconf 90' lang='lat' dir='ltr'><strong>collocandi</strong></span> <span class='ocrx_word' id='word_1_935' title='bbox 3032 4966 3284 5033; x_wconf 87' lang='lat' dir='ltr'><strong>sepulcra</strong></span> <span class='ocrx_word' id='word_1_936' title='bbox 3343 4967 3401 5020; x_wconf 90' lang='lat' dir='ltr'><strong>in</strong></span> 
     </span>
    </p>
   </div>
   <div class='ocr_carea' id='block_1_122' title="bbox 1816 5030 3398 5107">
    <p class='ocr_par' dir='ltr' id='par_1_122' title="bbox 1816 5030 3398 5107">
     <span class='ocr_line' id='line_1_127' title="bbox 1816 5030 3398 5107; baseline 0.004 -22"><span class='ocrx_word' id='word_1_937' title='bbox 1816 5030 2053 5107; x_wconf 60' lang='lat' dir='ltr'><strong>amoenis</strong></span> <span class='ocrx_word' id='word_1_938' title='bbox 2084 5041 2165 5107; x_wconf 45' lang='lat' dir='ltr'><strong>et</strong></span> <span class='ocrx_word' id='word_1_939' title='bbox 2190 5032 2497 5107; x_wconf 67' lang='lat' dir='ltr'><strong>virentibus</strong></span> <span class='ocrx_word' id='word_1_940' title='bbox 2556 5032 2714 5097; x_wconf 89' lang='lat' dir='ltr'><strong>locis,</strong></span> <span class='ocrx_word' id='word_1_941' title='bbox 2748 5044 2880 5103; x_wconf 90' lang='lat' dir='ltr'><strong>puta</strong></span> <span class='ocrx_word' id='word_1_942' title='bbox 2910 5030 3229 5106; x_wconf 43' lang='lat' dir='ltr'><strong>hortis—(IV</strong></span> <span class='ocrx_word' id='word_1_943' title='bbox 3270 5036 3398 5107; x_wconf 81' lang='lat' dir='ltr'><strong>Reg.</strong></span> 
     </span>
    </p>
   </div>
   <div class='ocr_carea' id='block_1_123' title="bbox 1817 5101 3399 5171">
    <p class='ocr_par' dir='ltr' id='par_1_123' title="bbox 1817 5101 3399 5171">
     <span class='ocr_line' id='line_1_128' title="bbox 1817 5101 3399 5171; baseline 0.004 -16"><span class='ocrx_word' id='word_1_944' title='bbox 1817 5117 1931 5166; x_wconf 75' lang='lat' dir='ltr'><strong>XXI,</strong></span> <span class='ocrx_word' id='word_1_945' title='bbox 1974 5101 2198 5170; x_wconf 73' lang='lat'><strong>18,26),</strong></span> <span class='ocrx_word' id='word_1_946' title='bbox 2232 5102 2438 5171; x_wconf 83' lang='lat' dir='ltr'><strong>Christi</strong></span> <span class='ocrx_word' id='word_1_947' title='bbox 2471 5117 2693 5171; x_wconf 91' lang='lat' dir='ltr'><strong>quoque</strong></span> <span class='ocrx_word' id='word_1_948' title='bbox 2727 5101 3088 5161; x_wconf 81' lang='lat' dir='ltr'><strong>monumento</strong></span> <span class='ocrx_word' id='word_1_949' title='bbox 3139 5101 3201 5160; x_wconf 83' lang='lat' dir='ltr'><strong>in</strong></span> <span class='ocrx_word' id='word_1_950' title='bbox 3237 5101 3399 5164; x_wconf 71' lang='lat' dir='ltr'><strong>horto</strong></span> 
     </span>
    </p>
   </div>
   <div class='ocr_carea' id='block_1_124' title="bbox 1814 5170 3401 5297">
    <p class='ocr_par' dir='ltr' id='par_1_124' title="bbox 1814 5170 3401 5297">
     <span class='ocr_line' id='line_1_129' title="bbox 1814 5170 3401 5297; baseline 0.004 -72"><span class='ocrx_word' id='word_1_951' title='bbox 1814 5171 2055 5297; x_wconf 58' lang='lat' dir='ltr'><strong>guodam</strong></span> <span class='ocrx_word' id='word_1_952' title='bbox 2091 5174 2272 5240; x_wconf 86' lang='lat' dir='ltr'><strong>posito</strong></span> <span class='ocrx_word' id='word_1_953' title='bbox 2303 5170 2485 5241; x_wconf 82' lang='lat' dir='ltr'><strong>(Joan.</strong></span> <span class='ocrx_word' id='word_1_954' title='bbox 2524 5170 2641 5239; x_wconf 76' lang='lat' dir='ltr'><strong>xui,</strong></span> <span class='ocrx_word' id='word_1_955' title='bbox 2678 5174 2791 5240; x_wconf 75' lang='grc'><strong>41).</strong></span> <span class='ocrx_word' id='word_1_956' title='bbox 2821 5176 3002 5230; x_wconf 88' lang='lat' dir='ltr'><strong>Credo</strong></span> <span class='ocrx_word' id='word_1_957' title='bbox 3027 5178 3093 5231; x_wconf 89' lang='lat' dir='ltr'><strong>ad</strong></span> <span class='ocrx_word' id='word_1_958' title='bbox 3118 5194 3401 5232; x_wconf 86' lang='lat' dir='ltr'><strong>commen-</strong></span> 
     </span>
     <span class='ocr_line' id='line_1_130' title="bbox 1853 5243 3401 5297; baseline 0.001 -2"><span class='ocrx_word' id='word_1_959' title='bbox 1853 5243 2049 5296; x_wconf 88' lang='lat' dir='ltr'><strong>andam</strong></span> <span class='ocrx_word' id='word_1_960' title='bbox 2086 5243 2300 5297; x_wconf 86' lang='lat' dir='ltr'><strong>niorum</strong></span> <span class='ocrx_word' id='word_1_961' title='bbox 2327 5258 2621 5297; x_wconf 75' lang='lat' dir='ltr'><strong>perennem</strong></span> <span class='ocrx_word' id='word_1_962' title='bbox 2654 5261 2719 5297; x_wconf 91' lang='lat' dir='ltr'><strong>ac</strong></span> <span class='ocrx_word' id='word_1_963' title='bbox 2747 5262 2964 5297; x_wconf 75' lang='lat' dir='ltr'><strong>semper</strong></span> <span class='ocrx_word' id='word_1_964' title='bbox 2990 5247 3255 5297; x_wconf 68' lang='lat' dir='ltr'><strong>virentem</strong></span> <span class='ocrx_word' id='word_1_965' title='bbox 3291 5263 3401 5297; x_wconf 84' lang='lat' dir='ltr'><strong>me-</strong></span> 
     </span>
    </p>
   </div>
   <div class='ocr_carea' id='block_1_125' title="bbox 1853 5243 3403 5315">
    <p class='ocr_par' dir='ltr' id='par_1_125' title="bbox 1853 5243 3403 5315">
     <span class='ocr_line' id='line_1_131' title="bbox 1853 5243 3403 5315; baseline 0.003 -19"><span class='ocrx_word' id='word_1_966' title='bbox 1853 5243 2049 5315; x_wconf 86' lang='lat' dir='ltr'><strong>andam</strong></span> <span class='ocrx_word' id='word_1_967' title='bbox 2085 5243 2300 5311; x_wconf 89' lang='lat' dir='ltr'><strong>piorum</strong></span> <span class='ocrx_word' id='word_1_968' title='bbox 2327 5258 2719 5315; x_wconf 89' lang='lat' dir='ltr'><strong>perennemac</strong></span> <span class='ocrx_word' id='word_1_969' title='bbox 2747 5262 2964 5315; x_wconf 88' lang='lat' dir='ltr'><strong>semper</strong></span> <span class='ocrx_word' id='word_1_970' title='bbox 2990 5247 3255 5302; x_wconf 72' lang='lat' dir='ltr'><strong>virentem</strong></span> <span class='ocrx_word' id='word_1_971' title='bbox 3291 5263 3403 5301; x_wconf 84' lang='lat' dir='ltr'><strong>me—</strong></span> 
     </span>
    </p>
   </div>
   <div class='ocr_carea' id='block_1_126' title="bbox 1814 5314 3405 5387">
    <p class='ocr_par' dir='ltr' id='par_1_126' title="bbox 1814 5314 3405 5387">
     <span class='ocr_line' id='line_1_132' title="bbox 1814 5314 3405 5387; baseline 0.002 -20"><span class='ocrx_word' id='word_1_972' title='bbox 1814 5314 2046 5367; x_wconf 90' lang='lat' dir='ltr'><strong>moriam</strong></span> <span class='ocrx_word' id='word_1_973' title='bbox 2075 5328 2325 5387; x_wconf 87' lang='lat' dir='ltr'><strong>ac_spem</strong></span> <span class='ocrx_word' id='word_1_974' title='bbox 2352 5314 2809 5387; x_wconf 81' lang='lat' dir='ltr'><strong>resurrectionis:</strong></span> <span class='ocrx_word' id='word_1_975' title='bbox 2838 5314 2930 5387; x_wconf 83' lang='lat' dir='ltr'><strong>qui</strong></span> <span class='ocrx_word' id='word_1_976' title='bbox 2965 5318 3108 5373; x_wconf 89' lang='lat' dir='ltr'><strong>horti</strong></span> <span class='ocrx_word' id='word_1_977' title='bbox 3161 5333 3286 5372; x_wconf 93' lang='lat' dir='ltr'><strong>cum</strong></span> <span class='ocrx_word' id='word_1_978' title='bbox 3318 5318 3405 5370; x_wconf 84' lang='lat' dir='ltr'><strong>vi-</strong></span> 
     </span>
    </p>
   </div>
   <div class='ocr_carea' id='block_1_127' title="bbox 1812 5384 3399 5465">
    <p class='ocr_par' dir='ltr' id='par_1_127' title="bbox 1812 5384 3399 5465">
     <span class='ocr_line' id='line_1_133' title="bbox 1812 5384 3399 5465; baseline 0.003 -28"><span class='ocrx_word' id='word_1_979' title='bbox 1812 5390 2113 5465; x_wconf 75' lang='lat' dir='ltr'><strong>rescerent,</strong></span> <span class='ocrx_word' id='word_1_980' title='bbox 2150 5384 2269 5465; x_wconf 87' lang='lat' dir='ltr'><strong>ipsa</strong></span> <span class='ocrx_word' id='word_1_981' title='bbox 2293 5398 2427 5465; x_wconf 88' lang='lat' dir='ltr'><strong>ossa</strong></span> <span class='ocrx_word' id='word_1_982' title='bbox 2455 5384 2519 5439; x_wconf 88' lang='lat' dir='ltr'><strong>de</strong></span> <span class='ocrx_word' id='word_1_983' title='bbox 2552 5384 2664 5439; x_wconf 86' lang='lat' dir='ltr'><strong>loco</strong></span> <span class='ocrx_word' id='word_1_984' title='bbox 2692 5403 2812 5465; x_wconf 74' lang='lat' dir='ltr'><strong>suo,</strong></span> <span class='ocrx_word' id='word_1_985' title='bbox 2839 5384 2894 5442; x_wconf 79' lang='lat' dir='ltr'><strong>id</strong></span> <span class='ocrx_word' id='word_1_986' title='bbox 2920 5397 3005 5465; x_wconf 78' lang='lat' dir='ltr'><strong>est</strong></span> <span class='ocrx_word' id='word_1_987' title='bbox 3036 5390 3105 5443; x_wconf 89' lang='lat' dir='ltr'><strong>de</strong></span> <span class='ocrx_word' id='word_1_988' title='bbox 3140 5389 3399 5465; x_wconf 78' lang='lat' dir='ltr'><strong>sepulcro</strong></span> 
     </span>
    </p>
   </div>
   <div class='ocr_carea' id='block_1_128' title="bbox 1811 5454 3402 5525">
    <p class='ocr_par' dir='ltr' id='par_1_128' title="bbox 1811 5454 3402 5525">
     <span class='ocr_line' id='line_1_134' title="bbox 1811 5454 3402 5525; baseline 0.001 -17"><span class='ocrx_word' id='word_1_989' title='bbox 1811 5454 1979 5525; x_wconf 90' lang='lat' dir='ltr'><strong>veluti</strong></span> <span class='ocrx_word' id='word_1_990' title='bbox 2015 5454 2343 5525; x_wconf 74' lang='lat' dir='ltr'><strong>germinare,</strong></span> <span class='ocrx_word' id='word_1_991' title='bbox 2380 5464 2435 5509; x_wconf 86' lang='lat' dir='ltr'><strong>et</strong></span> <span class='ocrx_word' id='word_1_992' title='bbox 2465 5470 2567 5510; x_wconf 88' lang='lat' dir='ltr'><strong>suo</strong></span> <span class='ocrx_word' id='word_1_993' title='bbox 2595 5456 2837 5525; x_wconf 89' lang='lat' dir='ltr'><strong>quodam</strong></span> <span class='ocrx_word' id='word_1_994' title='bbox 2872 5460 3037 5512; x_wconf 93' lang='lat' dir='ltr'><strong>modo</strong></span> <span class='ocrx_word' id='word_1_995' title='bbox 3072 5454 3402 5513; x_wconf 78' lang='lat' dir='ltr'><strong>reviviscere</strong></span> 
     </span>
    </p>
   </div>
   <div class='ocr_carea' id='block_1_129' title="bbox 1811 5523 3398 5594">
    <p class='ocr_par' dir='ltr' id='par_1_129' title="bbox 1811 5523 3398 5594">
     <span class='ocr_line' id='line_1_135' title="bbox 1811 5523 3398 5594; baseline 0.001 -15"><span class='ocrx_word' id='word_1_996' title='bbox 1811 5524 2158 5580; x_wconf 87' lang='lat' dir='ltr'><strong>videbantur.</strong></span> <span class='ocrx_word' id='word_1_997' title='bbox 2193 5544 2211 5576; x_wconf 70' lang='grc' dir='ltr'><strong>ι</strong></span> <span class='ocrx_word' id='word_1_998' title='bbox 2242 5523 2432 5594; x_wconf 87' lang='lat' dir='ltr'><strong>Neque</strong></span> <span class='ocrx_word' id='word_1_999' title='bbox 2454 5523 2628 5581; x_wconf 72' lang='lat' dir='ltr'><strong>aliud</strong></span> <span class='ocrx_word' id='word_1_1000' title='bbox 2654 5527 2887 5583; x_wconf 82' lang='lat' dir='ltr'><strong>innuere</strong></span> <span class='ocrx_word' id='word_1_1001' title='bbox 2917 5528 3133 5583; x_wconf 86' lang='lat' dir='ltr'><strong>videtur</strong></span> <span class='ocrx_word' id='word_1_1002' title='bbox 3179 5528 3270 5584; x_wconf 92' lang='lat' dir='ltr'><strong>hic</strong></span> <span class='ocrx_word' id='word_1_1003' title='bbox 3311 5527 3398 5582; x_wconf 89' lang='lat' dir='ltr'><strong>Si-</strong></span> 
     </span>
    </p>
   </div>
   <div class='ocr_carea' id='block_1_130' title="bbox 1814 5595 3395 5659">
    <p class='ocr_par' dir='ltr' id='par_1_130' title="bbox 1814 5595 3395 5659">
     <span class='ocr_line' id='line_1_136' title="bbox 1814 5595 3395 5659; baseline 0 -10"><span class='ocrx_word' id='word_1_1004' title='bbox 1814 5611 1996 5659; x_wconf 86' lang='lat' dir='ltr'><strong>meon,</strong></span> <span class='ocrx_word' id='word_1_1005' title='bbox 2026 5595 2091 5647; x_wconf 92' lang='lat' dir='ltr'><strong>ad</strong></span> <span class='ocrx_word' id='word_1_1006' title='bbox 2120 5606 2353 5650; x_wconf 88' lang='lat' dir='ltr'><strong>mentem</strong></span> <span class='ocrx_word' id='word_1_1007' title='bbox 2380 5598 2622 5653; x_wconf 90' lang='lat' dir='ltr'><strong>auctoris</strong></span> <span class='ocrx_word' id='word_1_1008' title='bbox 2672 5597 2870 5653; x_wconf 89' lang='lat' dir='ltr'><strong>horum</strong></span> <span class='ocrx_word' id='word_1_1009' title='bbox 2913 5598 3395 5652; x_wconf 79' lang='lat' dir='ltr'><strong>Testamentorum.</strong></span> 
     </span>
    </p>
   </div>
   <div class='ocr_carea' id='block_1_131' title="bbox 1882 5664 3393 5736">
    <p class='ocr_par' dir='ltr' id='par_1_131' title="bbox 1882 5664 3393 5736">
     <span class='ocr_line' id='line_1_137' title="bbox 1882 5664 3393 5736; baseline 0 -17"><span class='ocrx_word' id='word_1_1010' title='bbox 1882 5666 1996 5736; x_wconf 59' lang='grc' dir='ltr'><strong>(Ἦ)</strong></span> <span class='ocrx_word' id='word_1_1011' title='bbox 2041 5664 2232 5722; x_wconf 83' lang='lat' dir='ltr'><strong>Erunt.</strong></span> <span class='ocrx_word' id='word_1_1012' title='bbox 2258 5667 2312 5722; x_wconf 86' lang='lat' dir='ltr'><strong>ld</strong></span> <span class='ocrx_word' id='word_1_1013' title='bbox 2339 5677 2444 5735; x_wconf 86' lang='lat' dir='ltr'><strong>est,</strong></span> <span class='ocrx_word' id='word_1_1014' title='bbox 2478 5668 2749 5724; x_wconf 85' lang='lat' dir='ltr'><strong>latissime</strong></span> <span class='ocrx_word' id='word_1_1015' title='bbox 2775 5685 2832 5725; x_wconf 89' lang='lat' dir='ltr'><strong>se</strong></span> <span class='ocrx_word' id='word_1_1016' title='bbox 2863 5668 3190 5725; x_wconf 75' lang='lat' dir='ltr'><strong>diliuudcnt.</strong></span> <span class='ocrx_word' id='word_1_1017' title='bbox 3221 5668 3393 5725; x_wconf 67' lang='lat' dir='ltr'><strong>(iam.</strong></span> 
     </span>
    </p>
   </div>
  </div>
