3830 6216
52 329 231 385 1055

1396 321 1916 379 TESTAMENTUM
1957 319 2133 374 Μῖνι.

3221 319 3356 376 1054

45 447 173 501 καὶ
214 448 314 500 ἐπὶ
339 446 578 518 πύργους
619 447 650 516 ἡ
688 443 887 516 ἀνομία
923 443 1188 516 κάθηται·
1228 447 1322 496 καὶ
1362 441 1664 511 ἐλυπούμην

1793 439 1980 509 qnitas
2012 439 2182 503 sedit;
2217 447 2268 493 et
2298 442 2552 494 tristatus
2575 456 2694 495 sum
2727 441 2794 494 dc
2817 455 3010 510 genere
3052 438 3358 502 hominum,

51 544 219 612 περὶ
245 541 341 594 τοῦ
377 541 566 608 γένους
602 539 707 592 τῶν
730 537 1052 610 ἀνθρώπων,
1079 540 1172 591 καὶ
1197 535 1440 607 εὐξάμην
1467 534 1675 605 Κυρίῳ,

48 635 239 697 ὅπως
267 633 448 686 σωθῶ.
477 632 610 684 Τότε
638 632 904 684 ἐπέπεσεν
928 628 1014 681 ἐπ’
1038 630 1151 698 ¹ἐμὲ
1183 626 1371 688 ὕπνος,
1412 625 1505 678 καὶ
1521 623 1676 676 ἐθεα-

53 727 278 796 σάμην
301 726 426 796 ὅρος
452 723 684 795 ὑψηλόν·
727 721 884 775 τοῦτο
910 721 1034 792 ὄρος
1079 719 1326 782 Ἀσπίδος
1365 720 1424 771 ὲν
1490 718 1676 770 Ἀϐελ-

57 817 268 888 μαούλ
298 817 396 887 (5).
426 815 536 868 Kal
574 815 682 867 ίδού
705 811 1058 884 ἀνεῴχθησαν
1084 813 1132 864 οἱ
1157 812 1396 882 οὐρανοὶ,
1441 810 1535 862 καὶ
1574 809 1676 876 ἀγ-

53 905 246 972 γελος
272 903 480 974 Κυρίου
516 897 638 956 εἷπε
664 901 798 972 πρός
831 919 899 972 με
919 918 932 930 °
989 920 1007 952 ι
1033 899 1166 954 Λευῒ
1187 939 1202 964 ,
1248 899 1479 953 εἴσελθε.
1507 919 1526 952 ι
1569 899 1679 952 Καὶ

53 997 348 1067 εἰσῆλθον
395 999 459 1050 ὲκ
496 997 590 1049 τοῦ
629 995 848 1067 πρώτου
887 992 1117 1066 οὐρανοῦ
1163 994 1244 1056 είς
1282 993 1372 1046 τὸν
1406 992 1675 1062 δεύτερον,

51 1090 174 1140 ’καὶ
216 1083 366 1141 εἶδον
405 1090 522 1141 ἐκεῖ
561 1087 706 1159 ὕδωρ
741 1086 1090 1158 κρεμάμενον
1128 1083 1233 1139 ἀνά
1262 1085 1426 1155 μέσον
1485 1083 1678 1137 τούτου

58 1176 374 1231 κάκείνου.
411 1179 521 1231 Kal.
554 1173 692 1230 εἶδον
721 1176 796 1247 (4)
831 1176 1013 1248 τρίτον
1037 1175 1266 1246 οὐρανὸν
1305 1173 1438 1226 πολύ
1481 1191 1690 1243 φωτειέ

61 1270 320 1341 νότερον
355 1270 519 1341 παρὰ
571 1269 697 1333 τοὺς
734 1268 857 1323 δύο’
897 1269 992 1322 καὶ
1023 1267 1131 1338 γὰρ
1157 1266 1289 1337 ὕψος
1326 1263 1394 1338 ἦν
1430 1269 1486 1320 ὲν
1531 1269 1720 1339 αὐτῷν

57 1363 342 1435 ἄπειρον.
381 1363 490 1414 Kal
508 1359 660 1416 εἶπον
683 1361 760 1432 τῷ
788 1360 1003 1431 ἀγγέλῳ
1025 1378 1038 1392 ο
1075 1381 1092 1411 ι
1119 1360 1269 1413 Διατί
1294 1357 1499 1425 οὐτωςς
1529 1380 1545 1411 ι
1569 1361 1678 1414 Kal

57 1450 241 1508 εἶπεν
277 1458 308 1508 ὁ
337 1454 563 1525 ἄγγελος
590 1455 725 1526 πρός
751 1473 816 1526 με
837 1471 849 1484 ο
895 1475 913 1504 ‹
939 1455 1028 1525 Μὴ
1064 1452 1309 1524 θαύμαζε
1335 1454 1428 1506 ἐπὶ
1449 1451 1676 1515 τούτοις,

56 1550 286 1614 ἄλλους
323 1551 432 1622 γὰρ
454 1551 724 1620 τέσσαρας
746 1551 1008 1621 οὐρανοὺς
1031 1549 1150 1619 ὕψει
1177 1550 1562 1621 φαιδροτέρους
1587 1550 1680 1601 καὶ

56 1644 481 1715 ἀσυγκρίτους,
517 1643 646 1695 ὅταν
679 1640 909 1711 ἀνέλθῃς
937 1642 1084 1693 ἐκεῖ·
1121 1641 1201 1693 ὅτι
1246 1641 1310 1693 σὺ
1349 1641 1514 1709 ἐγγὺς
1561 1642 1676 1693 Κυ-

60 1735 202 1805 ρίου
237 1736 438 1806 στήσῃ,
471 1735 564 1788 καὶ
591 1733 904 1805 λειτουργὸς
938 1731 1103 1786 αὐτοῦ
1129 1732 1248 1806 ἔσῃ,
1286 1733 1379 1785 καὶ
1406 1734 1678 1804 μυστήρια

54 1795 256 1877 αὐτοῦ
284 1795 601 1894 ἐξαγγελεϊς
623 1827 734 1888 τοῖς
759 1795 1088 1895 ἀνθρώποις,
1126 1795 1227 1876 καλ..
1253 1823 1382 1894 περὶ
1406 1795 1514 1876 ’τοῦ
1555 1795 1680 1894 μέλ·
1710 1795 1752 1849 Β

55 1916 287 1994 λοντος.
300 1914 628 1986 λυτροῦσθαι
651 1915 744 1967 τὸν
790 1913 1009 1985 Ἰσραὴλ
1035 1913 1321 1985 κηρύξεις·
1360 1915 1453 1968 καὶ
1479 1913 1565 1966 διὰ
1587 1912 1678 1966 σοῦ

55 2007 169 2060 καὶ
218 2007 393 2061 Ἰούδα
416 2007 709 2078 ὀφθήσεται
736 2009 938 2080 Κύριος
960 2010 1018 2061 ἐν
1053 2006 1389 2079 ἀνθρώποις,
1415 2004 1603 2070 σώζων
1621 2008 1680 2059 ὲν

53 2101 277 2163 αὐτοῖς
305 2101 412 2152 πᾶν
445 2101 600 2168 γένος
625 2099 930 2172 ἀνθρώπων
951 2118 964 2130 ·
1002 2102 1096 2153 καὶ
1129 2101 1192 2152 ὲκ
1223 2098 1437 2170 μερίδος
1475 2099 1679 2169 Κυρίου

54 2188 92 2254 ἡ
123 2184 260 2256 ζωή
294 2202 411 2249 σου,
436 2187 529 2239 καὶ
553 2187 714 2250 αὐτὸς
739 2186 889 2239 ἔσται
919 2203 1009 2238 σου
1037 2186 1225 2257 ἀγρὸς,
1254 2185 1531 2256 ἀμπελὼν,
1550 2203 1677 2258 καρ-

55 2277 196 2339 ποὶ,
241 2279 468 2348 χρυσίον
502 2280 596 2332 καὶ
630 2279 913 2352 ἀργύριον.

140 2371 235 2423 Γ⁹.
291 2390 311 2421 ι
359 2368 759 2429 Ἀκουσονςοῦν
806 2372 934 2442 περὶ
979 2372 1090 2424 τῶν
1137 2371 1276 2426 έπτά
1310 2373 1572 2444 οὐρανῶν.
1622 2375 1680 2430 '0

1781 541 1835 586 et
1871 533 2025 585 oravi
2055 531 2346 585 Dominum
2379 540 2436 584 ut
2458 532 2719 586 salvarer.
2767 531 2920 586 Tune
2953 531 3148 585 cecidit
3197 547 3359 600 super

1782 639 1870 678 me
1904 640 2155 690 somnus,
2175 633 2230 679 et
2248 625 2648 694 contemplatus
2665 641 2784 678 sum
2805 624 3353 678 montemexcelsum:

1783 717 1870 771 hic
1901 724 1986 771 est
2011 731 2173 771 mons
2198 715 2422 785 Aspidis
2452 717 2506 770 in
2538 717 2846 770 Abelmaul.
2906 715 2971 770 Et
3015 733 3140 772 ecce
3184 718 3356 786 aperti

1781 817 1910 864 sunt
1931 811 2054 864 cmli
2085 851 2100 875 ,
2126 820 2178 864 et
2207 811 2434 879 angelus
2453 807 2544 864 Dei
2577 810 2712 864 dixit
2736 811 2869 863 mihi
2895 828 2908 863 :
2963 830 2980 861 ι
3002 810 3150 875 Levi,
3178 812 3358 882 ingre.

1780 903 1927 957 dere.
1953 924 1970 954 ι
2015 903 2080 956 Ει
2109 904 2452 973 ingrediebar
2481 905 2548 957 de
2581 903 2756 973 primo
2787 903 2927 958 ccelo
2953 903 3006 956 in
3032 903 3354 967 secundum,

1781 1003 1833 1048 et
1872 996 1983 1049 vidi
2017 996 2126 1051 illic
2151 1013 2348 1066 aquam
2393 1011 2716 1066 suspensam
2775 996 2831 1050 in
2881 995 3060 1050 medio
3098 996 3260 1064 huius
3302 1003 3358 1048 et

1781 1089 1950 1144 illius.
1982 1088 2047 1144 Et
2069 1091 2177 1144 vidi
2211 1091 2429 1144 tertium
2459 1091 2657 1144 cmlum
2696 1090 2868 1143 multo
2906 1089 3140 1143 lucidius
3189 1103 3354 1158 quam

1753 1183 1958 1262 ‘duos;
1991 1183 2189 1238 etenim
2231 1183 2460 1238 altitudo
2498 1192 2614 1237 erat
2639 1185 2693 1237 in
2729 1184 2847 1252 ipso
2878 1183 3108 1237 infinita.
3157 1182 3221 1237 Et
3273 1184 3357 1237 di-

1782 1275 1971 1329 cebam
2007 1275 2198 1343 angelo
2235 1291 2248 1326 :
2286 1293 2304 1324 ι
2349 1272 2576 1342 Propter
2605 1274 2737 1342 quid
2780 1273 2896 1327 ita?
2926 1295 2945 1325 ›
2977 1272 3042 1328 Et
3078 1274 3214 1329 dixit
3254 1291 3355 1329 an-

1782 1367 1935 1436 gelus
1972 1365 2137 1418 mihi;
2173 1362 2286 1418 «Ne
2316 1363 2532 1418 mireris
2588 1364 2640 1416 in
2677 1363 2798 1429 his;
2832 1383 2850 1414 ι
2887 1363 3022 1417 alios
3045 1363 3188 1416 enim
3217 1377 3354 1431 qua—

1782 1469 1907 1514 tuor
1963 1458 2133 1513 cmlos
2170 1456 2378 1511 videbis
2439 1456 2702 1510 clariores
2757 1464 2811 1510 ct
2874 1454 3349 1523 incomparabiles,

1780 1567 1905 1607 cum
1939 1549 2255 1605 ascenderis
2283 1549 2422 1613 illic;
2455 1549 2714 1618 quoniam
2740 1556 2796 1601 tu
2841 1561 3009 1616 prope
3064 1545 3356 1599 Dominum

1782 1646 1980 1708 stabis,
2008 1653 2062 1698 et
2083 1642 2333 1696 minister
2357 1641 2531 1712 ipsius
2567 1641 2700 1706 eris,
2727 1649 2780 1694 et
2819 1638 3076 1709 mysteria
3113 1637 3234 1706 ejus
3258 1651 3358 1690 an-

1782 1739 2062 1794 nuntiabis
2093 1735 2428 1798 hominibus,
2462 1744 2514 1788 et
2561 1733 2629 1787 de
2659 1741 2890 1785 venturo
2921 1731 3157 1784 liberare
3191 1725 3359 1784 Israel

1784 1829 2144 1900 prardicabis;
2181 1837 2234 1882 et
2253 1843 2350 1896 per
2383 1836 2434 1880 te
2467 1834 2520 1880 et
2543 1823 2738 1879 Judam
2771 1822 3055 1892 apparebit
3098 1820 3359 1875 Dominus

1783 1927 1924 1980 inter
1957 1923 2228 1985 homines,
2270 1921 2489 1975 salvans
2539 1919 2594 1972 in
2625 1917 2756 1986 ipsis
2786 1931 2949 1971 omne
2973 1931 3144 1984 genus
3178 1913 3359 1967 homi:

1782 2034 1912 2072 num
1937 2035 1952 2082 ;
1981 2025 2036 2071 et
2065 2032 2128 2070 ex
2160 2025 2314 2084 parte
2344 2013 2559 2067 Domini
2591 2015 2694 2066 erit
2716 2012 2823 2065 vita
2856 2019 2980 2075 tua;
3009 2018 3062 2063 et
3088 2009 3202 2078 ipse
3255 2006 3362 2062 erit

1782 2110 1878 2165 tibi
1907 2124 2056 2180 ager,
2082 2108 2263 2171 vinea,
2295 2106 2528 2173 fruetus,
2563 2121 2759 2159 aurum
2783 2112 2836 2159 et
2859 2111 3163 2172 argentum.

1854 2387 1941 2442 Ill.
1989 2388 2174 2442 «Audi
2195 2403 2324 2458 ergo
2361 2387 2427 2442 de
2455 2395 2662 2456 septem
2707 2383 2896 2439 caelis:
2943 2381 3178 2436 Inferius
3227 2395 3358 2452 pro-

56 2461 400 2534 κατώτερος
433 2464 710 2542 διά-τοῦτο
744 2465 1094 2537 στυγνότερός
1119 2466 1287 2528 ἐστιν,
1315 2465 1500 2538 ἐπειδὴ
1527 2461 1664 2529 οὗτος

1787 2492 1968 2552 pterea
1997 2483 2210 2537 tristius
2248 2491 2352 2546 est,
2378 2481 2507 2551 quia
2546 2479 2689 2534 istud
2718 2479 2878 2548 juxta
2919 2492 3112 2532 omnes
3136 2475 3358 2544 injusti-

55 2553 242 2625 παρὰ
291 2554 470 2617 πάσας
517 2555 732 2617 ἀδικίας
779 2551 1101 2624 ἀνθρώπων.
1167 2553 1225 2605 'O
1268 2552 1522 2624 δεύτερος
1566 2553 1679 2623 ἔχει

57 2647 225 2718 πῦρ,
263 2645 440 2715 χιόνα,
471 2646 822 2719 κρύσταλλον,
850 2645 1044 2715 ἕτοιμα
1080 2647 1159 2708 είς
1196 2644 1410 2716 ἡμέραν
1446 2644 1682 2715 προστά-

53 2757 305 2810 γματος
331 2739 556 2811 Κυρίου,
585 2741 644 2792 ὲν
670 2742 736 2810 τῇ
762 2738 1132 2809 δικαιοκρισίᾳ
1162 2735 1257 2790 τοῦ
1289 2736 1425 2790 Θεοῦ
1445 2754 1458 2766 ·
1496 2737 1554 2790 ὲν
1579 2737 1677 2790 αὐ-

1020 2831 1047 2859 k‘

1783 2577 1890 2630 tias
1917 2575 2203 2629 hominum
2232 2583 2336 2628 est.
2363 2572 2678 2627 Secundum
2704 2571 2868 2624 habet
2904 2570 3110 2639 ignem,
3152 2567 3357 2632 nivem,

1783 2671 2036 2744 glaciem,
2081 2676 2269 2738 parata
2301 2667 2354 2720 in
2387 2666 2532 2721 diem
2558 2665 2812 2735 prmeepti
2863 2664 3102 2730 Domini,
3141 2661 3360 2731 injusto

1777 2763 1992 2833 judicio
2010 2761 2102 2815 Dei
2128 2779 2141 2827 ;
2169 2761 2222 2814 in
2250 2761 2370 2830 ipso
2409 2769 2538 2814 sunt
2567 2774 2761 2814 omnes
2787 2759 3014 2827 spiritus
3042 2755 3359 2810 retributio-

53 2833 150 2904 τῷ
201 2836 316 2886 είσι
354 2834 532 2887 πάντα
565 2832 634 2885 τά
669 2831 955 2902 πνεύματα
995 2830 1072 2902 (5)
1109 2830 1216 2882 τῶν
1260 2829 1564 2898 ἐπαγωγῶν
1600 2831 1664 2893 είς

1787 2871 1913 2909 num
1944 2855 1997 2908 in
2030 2853 2325 2907 vindictam
2359 2853 2695 2922 iniquorum.
2725 2850 2780 2904 In
2815 2851 2972 2904 tertio
3022 2855 3152 2904 sunt
3182 2849 3360 2901 virtu-

56 2927 374 2996 ἐκδίκησιν
407 2924 516 2977 τῶν
550 2926 787 2996 ἀνόμων.
840 2925 926 2976 Ἐν
959 2922 1038 2994 τῷ
1063 2921 1231 2994 τρίτῳ
1267 2923 1407 2975 εἰσὶν
1432 2924 1486 2974 αἱ
1521 2921 1679 2976 δυνά-

61 3036 212 3092 μεις
245 3017 359 3070 τῶν
387 3015 769 3088 παρεμϐολῶν,
804 3014 1087 3085 ταχθεῖσαι
1115 3013 1190 3084 (6)
1219 3016 1298 3077 είς
1325 3013 1536 3085 ἡμέραν
1561 3012 1679 3084 κρί-

1784 2959 1865 3004 tes
1887 2957 2218 3012 castrorum,
2249 2945 2516 3001 ordinatae
2547 2945 2601 2998 in
2627 2945 2771 2998 diem
2791 2943 3009 3014 judicii,
3044 2941 3112 2995 ad
3153 2939 3364 2995 facien-

1782 3042 1912 3096 dum
1944 3040 2244 3094 vindictam
2292 3038 2346 3092 in
2393 3037 2678 3106 spiritibus
2729 3036 2934 3091 erroris
2959 3043 3012 3089 et
3058 3033 3254 3088 Beliar.
3301 3031 3359 3086 In

57 3128 252 3174 σεως,
291 3110 512 3180 ποιῆσαι
547 3109 825 3179 ἐκδίκησιν
859 3110 916 3160 ὲν
947 3109 1062 3171 τοῖς
1098 3105 1374 3177 πνεύμασι
1405 3106 1504 3177 τῆς
1540 3105 1664 3160 πλά-

1787 3142 1980 3204 quarto
1997 3142 2176 3187 autem
2207 3131 2460 3201 superius
2487 3131 2569 3184 his
2599 3129 2774 3184 sancti
2804 3136 2964 3193 sunt;
2999 3125 3262 3196 quoniam
3305 3125 3360 3176 in

56 3222 178 3275 νης
216 3203 312 3256 καὶ
338 3201 432 3254 τοῦ
458 3200 746 3272 Βελιάρ.οἱ
778 3201 834 3254 δὲ
868 3202 948 3263 είς
973 3199 1232 3270 τέταρτον
1261 3198 1447 3251 ἐπάνω
1471 3199 1679 3251 τούτων

60 3295 239 3366 ἆγιοί
263 3298 432 3349 εἰσιν-
463 3295 544 3348 ὅτι
578 3296 634 3346 ὲν
667 3295 924 3366 ἀνωτέρῳ
963 3293 1179 3346 πάντων
1212 3289 1465 3343 καταλύει
1501 3291 1533 3361 ἡ
1579 3307 1700 3360 μεέ

57 3391 232 3460 γάλη
257 3388 387 3454 δόξα
406 3386 639 3458 ὲνἋγίῳ
663 3385 854 3454 ἁγίων,
885 3377 1140 3456 ὑπεράνω
1167 3383 1346 3451 πάσης
1371 3382 1676 3452 ἁγιότητος.

74 3484 186 3536 Ἑν
226 3478 378 3550 αὐτῷ
412 3479 488 3550 (7)
523 3481 571 3531 οἱ
605 3476 826 3547 ἄγγελοί
853 3478 958 3528 είσι
993 3474 1085 3527 τοῦ
1121 3471 1415 3544 προσώπου
1452 3471 1680 3542 Κυρίου,

58 3579 115 3629 οἱ
159 3571 616 3644 λειτουργοῦντες
648 3572 742 3625 xal
767 3568 1174 3638 ἐξιλασκόμενοι
1201 3563 1338 3636 πρὸς
1363 3564 1564 3636 Κύριον
1588 3565 1681 3616 ἐπὶ

63 3669 299 3729 πάσαις
337 3667 457 3728 ταῖς
492 3662 733 3732 ἀγνοίαις
780 3661 888 3714 τῶν
933 3659 1176 3712 δικαίων.
1207 3656 1584 3728 Προσφέρουσι
1623 3655 1681 3708 δὲ

56 3758 285 3830 Κυρίῳ
327 3756 400 3827 (8)
439 3755 614 3826 ὀσμὴν
648 3753 876 3816 εὐωδίας
910 3753 1134 3822 λογικὴν
1159 3792 1173 3816 ,
1210 3750 1304 3803 καὶ
1346 3749 1680 3819 ἀναίμακτον

60 3849 428 3925 προσφοράν.
477 3849 565 3900 Ἐν
607 3846 664 3899 δὲ
709 3845 788 3915 τῷ
837 3844 1092 3897 ὑποκάτω
1124 3842 1261 3895 εἰσὶν
1299 3843 1348 3895 ot
1382 3840 1600 3911 ἄγγελοι
1631 3840 1679 3891 οἱ

61 3943 353 4014 φέροντες
384 3937 482 4000 τὰς
507 3935 824 4006 ἀποκρίσεις
847 3935 957 3996 τοῖς
980 3931 1229 4000 ἀγγέλοις
1260 3929 1354 3983 τοῦ
1389 3928 1679 4001 προσώπου

63 4030 325 4103 Κυρίου.
365 4029 452 4080 Ἐν
473 4027 530 4080 δὲ
560 4024 637 4096 τῷ
673 4025 788 4096 μετ’
823 4023 1005 4085 αὐτὸν,
1042 4022 1149 4074 εἰσὶ
1182 4020 1382 4091 θρόνοι,
1417 4018 1676 4085 ἐξουσίαι,

61 4130 131 4179 ὲν
163 4117 219 4191 ᾧ
245 4121 335 4174 ἀεὶ
362 4120 519 4190 ὕμνοι
551 4117 630 4188 τῷ
661 4115 778 4187 Θεῷ
804 4113 1221 4187 προσφέρονται.
1252 4113 1417 4165 Ὅταν
1444 4107 1535 4165 οὖν
1563 4113 1681 4164 ὲπι-

63 4215 266 4288 ϐλέψῃ
299 4216 328 4266 ὁ
357 4211 560 4283 Κύριος
594 4210 670 4281 (9)
698 4209 783 4278 ἐφ’
811 4208 983 4279 ἡμᾶς,
1020 4206 1222 4267 πάντες
1256 4205 1418 4274 ἡμεῖς
1456 4203 1679 4257 σαλευό-

67 4309 238 4383 μεοα
261 4324 274 4336 '
315 4305 409 4358 καὶ
433 4306 481 4357 οί
515 4302 754 4374 οὐρανοὶ,
785 4301 878 4354 καὶ
913 4299 946 4370 ἡ
978 4297 1072 4368 γῆ,
1103 4297 1196 4350 καὶ
1221 4297 1274 4348 αἱ
1301 4295 1545 4358 ἄϐυσσοι,
1573 4296 1681 4348 ἀπὸ

64 4397 388 4474 προσώπου
412 4396 514 4466 τῆς
551 4391 942 4466 μεγαλωσύνης
975 4387 1142 4443 αὐτοῦ
1179 4387 1489 4441 σαλεύονται
1525 4387 1636 4458 (10)
1662 4405 1674 4417 ο

61 4500 122 4550 οἱ
163 4493 232 4547 δὲ
265 4493 370 4545 υἱοὶ
400 4488 510 4542 τῶν
542 4486 868 4558 ἀνθρώπων,
919 4483 1013 4535 ἐπὶ
1045 4479 1252 4544 τούτοις
1287 4479 1675 4550 ἀναισθητοῦν-
1711 4475 1753 4529 D

62 4605 204 4651 τες,
241 4581 636 4653 ἁμαρτάνουσι,
673 4579 767 4632 καὶ
799 4574 1190 4647 παροργίζουσι
1229 4573 1319 4625 τὸν
1357 4571 1641 4641 Ὕψιστον.

153 4681 238 4732 Δ’.
271 4697 290 4728 ‹
327 4674 440 4728 Νῦν
469 4669 562 4728 οὖν
583 4671 899 4740 γινώσκετε,
925 4669 1005 4720 ὅτι
1034 4669 1248 4739 ποιήσει
1271 4667 1474 4737 Κύριος
1497 4665 1676 4737 κρίσιν

64 4775 181 4829 ἐπὶ
217 4772 346 4832 τοὺς
401 4770 549 4831 υἱοὺς
591 4766 699 4819 τῶν
743 4762 1078 4834 ἀνθρώπων,
1127 4763 1249 4824 ὅτε,
1298 4761 1406 4813 τῶν
1455 4758 1676 4830 πετρῶν

69 4863 450 4939 σχιζομένων,
477 4862 570 4914 καὶ
591 4859 685 4913 τοῦ
710 4858 861 4930 ἡλίου
889 4855 1267 4925 σϐεννυμένου,
1290 4855 1384 4907 καὶ
1413 4852 1523 4906 τῶν
1551 4851 1676 4904 ὐδά-

64 4978 202 5016 των
231 4954 636 5028 ξηραινομένων
656 4993 670 5016 ,
706 4951 800 5004 καὶ
827 4949 922 5002 τοῦ
951 4949 1120 5019 πυρὸς
1162 4946 1641 5016 καταπτήσσοντπ
1665 4992 1680 5012 ,

67 5050 187 5105 καί
225 5047 407 5116 πάσης
450 5043 679 5105 κτίσεως
721 5038 1083 5110 κλονουμένης
1108 5078 1122 5101 ,
1151 5038 1245 5089 καὶ
1279 5035 1388 5089 τῶν
1433 5035 1680 5106 ἀοράτων

158 5204 245 5274 (5)
288 5201 399 5256 Καὶ
438 5201 803 5274 ,ἐλυπούμην
831 5236 844 5251 .
867 5238 880 5250 .
907 5237 920 5249 .
948 5237 960 5248 .
1114 5192 1502 5274 ’ᾼϐελμιιούὶ
1556 5187 1681 5270 llzec

70 5261 283 5333 omnia
338 5273 542 5326 omissa
597 5261 765 5335 sunt,
815 5267 1005 5338 procul
1054 5265 1221 5320 dubio
1270 5279 1364 5331 per
1412 5261 1678 5314 incuriam

73 5349 316 5406 scriba;
351 5344 430 5396 Io.

164 5418 248 5485 (4)
291 5413 494 5468 Εἶδον.
533 5412 655 5485 Ἔτι
687 5410 952 5485 additum.
975 5409 1062 5485 lo.

164 5473 248 5556 (5)
299 5486 374 5538 Τὰ
406 5484 736 5556 πνεύματα.
767 5480 840 5556 De
865 5479 959 5556 his
974 5473 1342 5556 Ecclesiastiei
1372 5490 1561 5556 xxx1x_,
1589 5473 1678 5527 55.

77 5545 278 5616 Ἐοντι
311 5545 636 5622 πνεύμαῦα,
671 5550 709 5602 ἂ
739 5555 826 5616 εἰς
857 5548 1171 5622 ἐκδίκησιν·
1201 5545 1485 5598 ἔκτισται.
1530 5545 1607 5596 Ιυ.

165 5629 249 5692 (6)
297 5617 626 5692 Ταχθὲἷσαι.
665 5623 727 5673 υἱ
761 5619 1065 5692 ταχθέντες.
1113 5617 1186 5670 lo.

166 5681 248 5768 (7)
291 5681 479 5759 Αὺίὲῷ.
515 5693 606 5768 Τῷ
643 5681 970 5768 μετ’λαύτόν.
995 5687 1083 5768 ,Ιυ.

166 5756 248 5839 (8)
293 5756 710 5835 ΙΙρΟάφέροινοι
752 5762 818 5816 δέ
860 5761 1072 5829 Κιιρίῳ.
1109 5756 1183 5814 lla
1231 5759 1344 5828 ipse
1386 5756 1686 5826 archange—

1785 3241 2044 3296 supretno
2093 3225 2337 3278 omnium
2393 3222 2602 3276 habitat
2639 3235 2840 3290 magna
2876 3219 3049 3289 gloria
3072 3219 3123 3270 in
3160 3216 3362 3270 Sancto

1785 3334 2124 3382 sanetorum,
2159 3332 2324 3386 supra
2355 3329 2577 3368 onmem
2614 3313 2984 3368 sanctitatem.
3037 3308 3094 3362 ln
3125 3310 3229 3363 hoc
3262 3323 3361 3361 an-

1783 3415 1886 3485 geli
1936 3423 2066 3468 sunt
2115 3413 2272 3466 faciei
2309 3410 2430 3475 Dei,
2478 3408 2856 3463 ministrantes
2913 3415 2966 3459 et
2998 3405 3361 3473 propitiantes

1783 3505 1926 3574 apud
1960 3504 2254 3558 Dominum
2287 3502 2341 3556 in
2388 3501 2646 3556 omnibus
2690 3497 3016 3568 ignorantiis
3059 3497 3359 3566 justorum.

1783 3599 2033 3652 Oilei-unt
2055 3611 2185 3649 vero
2228 3593 2462 3647 Domino
2492 3593 2718 3647 odorem
2771 3588 3060 3644 suavitatis
3118 3589 3360 3640 rationa-

1785 3691 1910 3755 lem,
1942 3697 1996 3743 et
2023 3689 2141 3743 sine
2175 3686 2441 3755 sanguine
2467 3684 2820 3738 oblationem.
2847 3683 2904 3734 In
2928 3696 2993 3736 eo
3010 3690 3188 3734 autem
3215 3679 3362 3747 quod

1785 3783 1980 3837 subtus
2010 3788 2114 3843 est,
2147 3788 2275 3834 sunt
2301 3778 2478 3848 angeli
2502 3777 2593 3845 qui
2624 3776 2808 3830 ferunt
2839 3773 3224 3843 responsiones
3264 3787 3363 3824 an-

1783 3875 1920 3946 gelis
1952 3874 2111 3927 faciei
2143 3871 2382 3926 Domini.
2412 3868 2468 3922 In
2494 3884 2562 3922 eo
2599 3883 2727 3921 vero
2759 3865 2906 3935 quod
2944 3873 3070 3934 post
3125 3864 3228 3917 hoc
3255 3872 3360 3926 est,

1784 3973 1915 4019 sunt
1945 3963 2127 4016 throni
2155 3969 2209 4016 et
2232 3967 2551 4030 potestates,
2586 3958 2640 4012 in
2666 3973 2774 4025 quo
2799 3955 2986 4026 hymni
3015 3970 3230 4022 semper
3250 3952 3362 4007 Deo

1783 4054 2110 4109 offeruntur.
2145 4050 2376 4117 Quando
2400 4065 2530 4118 ergo
2554 4047 2856 4116 respexerit
2879 4045 3145 4099 Dominus
3196 4059 3360 4112 super

1783 4162 1904 4208 nos,
1945 4157 2356 4199 commovemur
2383 4155 2576 4194 omnes
2607 4154 2742 4203 nos;
2775 4147 2828 4191 et
2871 4135 3017 4200 caeli,
3044 4144 3096 4188 et
3118 4144 3280 4198 terra,
3307 4143 3364 4188 et

1783 4237 1988 4308 abyssi,
2009 4252 2039 4290 a
2071 4236 2209 4289 facie
2236 4231 2631 4304 magnitudinis
2652 4231 2770 4300 ejus
2794 4235 3240 4282 commoventur:
3266 4224 3362 4278 lilii

1783 4340 1964 4385 autem
1993 4329 2275 4382 hominum
2309 4327 2364 4380 in
2398 4325 2484 4379 his
2514 4324 2811 4379 existentes
2859 4318 3206 4373 insensibiles
3238 4331 3364 4385 pec-

1784 4425 2006 4486 cabunt,
2047 4431 2101 4475 et
2131 4419 2423 4474 irritabunt
2452 4417 2817 4472 Altissimum.

1858 4645 1952 4701 IV.
1990 4663 2010 4698 ι
2035 4643 2192 4699 Nunc
2213 4659 2342 4714 ergo
2375 4641 2710 4711 cognoscite,
2734 4639 2877 4709 quod
2906 4636 3072 4693 faciet
3097 4635 3364 4690 Dominus

1779 4741 2046 4812 judicium
2071 4754 2235 4808 super
2275 4737 2418 4790 tilios
2454 4734 2761 4796 hominum,
2787 4732 3007 4800 quando
3034 4729 3203 4800 petris
3227 4728 3362 4782 scis-

1782 4835 1880 4899 sis,
1919 4842 1974 4887 et
1997 4832 2110 4888 sole
2135 4830 2408 4886 exstincto
2429 4869 2445 4893 ,
2474 4836 2528 4882 et
2555 4826 2713 4894 aquis
2745 4825 2963 4878 siccatis
2986 4863 3001 4887 ,
3023 4831 3076 4877 et
3106 4821 3230 4892 igne
3256 4828 3362 4874 trc-

1788 4936 1993 4993 mente,
2029 4937 2083 4980 et
2104 4925 2255 4980 omni
2287 4932 2539 4978 creatura
2593 4921 2808 4974 turbata
2834 4959 2849 4982 ,
2895 4927 2948 4971 et
2996 4913 3362 4970 invisibilibus

1785 5019 2071 5089 spiritibus
2098 5015 2432 5086 liquefactis,
2455 5024 2509 5068 et
2534 5012 2747 5066 inferno
2773 5010 3006 5080 spoliato
3027 5009 3080 5061 in
3109 5007 3364 5077 passione

1785 5186 1870 5238 lus
1903 5179 2176 5250 Rapltacl,
2213 5177 2496 5250 Tob._x_ll,
2541 5173 2644 5250 Ιζὶξ
2883 5171 2999 5250 si!“
3056 5165 3360 5250 'Pascahl’,

1901 5253 1968 5305 ἐκ
1989 5235 2119 5302 ’τῶν
2152 5235 2300 5300 ἑπτὰ
2331 5235 2516 5318 ἁγίων
2547 5235 2860 5318 -ἀγγξέλῶν,
2896 5235 2951 5293 εἲ
2984 5235 3363 5318 προσαναφέ-

1775 5308 1959 5395 ρούσι
1991 5323 2092 5396 ’τὰς
2124 5308 2478 5396 προσερλιξςι
2491 5308 2618 5396 ξῶνί
2645 5308 2830 5396 ἄγξίωγ
2849 5353 2878 5396 ,,
2909 5308 3363 5396 καὶηεὶσιξτορειέ-

1784 5377 1951 5450 artat
1981 5377 2236 5444 ἐνώπιον
2267 5377 2591 5454 “(ﬁo-655119
2631 5377 2738 5438 τοῦ
2778 5383 2973 5454 ᾀγίου.
3019 5378 3240 5434 Confer.
3302 5377 3361 5432 S.

1783 5464 2016 5521 Joannis
2042 5452 2366 5530 Apocalyps.
2401 5457 2606 5530 vnt,_5,
2643 5472 2765 5530 seq.
2791 5452 2874 5530 lo.

1857 5536 1935 5606 (9)
1979 5520 2163 5606 υοτὶιγ
2184 5520 2308 5606 οὺῖ
2328 5527 2626 5606 ἐπιϐλέψῃ
2659 5530 2691 5580 ό
2712 5520 2952 5606 [(ύρέο-ς,
2977 5534 3080 5578 etc.
3107 5520 3366 5606 Respexit

1787 5588 2230 5674 ad‘p'rophetiam
2266 5588 2677 5674 llabaeuei't'tt,
2771 5588 2816 5650 ε’
2838 5588 3050 5674 ςἘοζη,
3087 5591 3181 5674 καί
3218 5588 3364 5642 ἐσα-

1786 5663 1970 5741 λεύθη
1993 5663 2044 5742 ’ἡ
2079 5672 2174 5742 γῆ,
2209 5670 2525 5742 ἐπέϐλεψε,
2563 5669 2656 5742 καὶ
2692 5663 2934 5742 διετὰλιη
2962 5665 3124 5732 ἔθνη.
3159 5664 3235 5714 ιυ.

1860 5737 1972 5820 (10)
2012 5737 2392 5800 Σάιῖὲὺονται.
2434 5737 2880 5811 Σαλευθήσονται.
2920 5737 2994 5791 In.
