3830 6216
520 319 658 374 1055

1514 317 1981 375 TESTAMENTA
2027 315 2121 371 Xll
2163 313 2783 371 PATRMRCIIARUM.

3672 318 3797 370 £05

511 432 779 489 Altissimi
810 434 853 499 ’⁸,
894 434 1152 491 homines
1206 453 1313 493 non
1364 438 1648 493 credentes
1698 445 2070 506 permanebun

2201 436 2530 503 πνευμάτων
2568 433 2916 505 τηκομένων,
2960 434 3053 488 καὶ
3088 433 3182 487 τοῦ
3225 433 3349 505 ᾅδου
3389 433 3798 501 σκυλευομένω

512 525 566 577 ἱιι
596 526 864 596 iniustitia
888 544 904 579 :
930 540 1152 597 propter
1180 543 1284 583 nec
1309 528 1361 583 in
1397 530 1737 599 punitionem
1762 529 2091 598 iudicabun-

512 626 623 673 tur.
657 619 879 674 Audivit
906 620 1073 690 igitur
1102 621 1420 678 Altissimus
1456 624 1761 677 oralionem
1814 633 1989 689 tuam,
2030 632 2091 677 ut

513 723 791 783 separaret
813 724 865 771 te
895 717 964 771 ab
994 717 1264 785 iniustitia
1287 759 1300 777 .
1328 729 1381 773 et
1408 727 1468 772 ut
1498 719 1790 774 eﬁiccreris
1820 721 1870 774 ei
1921 719 2088 787 ﬁlius,

512 818 567 860 et
599 805 864 873 famulus,
897 816 951 861 et
982 807 1231 862 minister
1255 808 1411 862 faciei
1460 809 1601 878 ejus.
1645 809 1851 865 Lumen
1897 811 2090 881 cogni—

513 900 681 953 tionis
703 899 1376 955 illuminansilluminabis
1408 902 1460 953 in
1492 899 1682 966 Jacob,
1707 911 1759 955 et
1794 912 1852 955 ut
1874 902 1956 957 sol
1982 902 2092 957 eris

512 990 663 1044 omni
706 990 901 1044 semini
950 992 1141 1057 Israel,
1169 991 1377 1059 tibique
1398 991 1618 1045 dabitur
1669 992 1976 1047 benedictio
2026 1007 2091 1047 ac

515 1083 663 1137 omni
710 1084 905 1137 semini
961 1092 1087 1147 tuo,
1136 1099 1421 1153 usquequo
1472 1085 1654 1139 visitet
1708 1084 1851 1139 Deus
1897 1098 2089 1142 omnes

515 1182 701 1245 gentes
740 1176 792 1229 in
823 1177 1128 1231 visceribus
1167 1176 1556 1232 misericordize
1597 1177 1716 1231 Filii
1754 1178 1873 1247 ejus
1914 1194 2088 1248 usque

515 1267 568 1321 in
598 1268 857 1322 sazculum
885 1271 926 1323 ’.
964 1267 1351 1325 Verumtamen
1386 1270 1481 1323 ﬁlii
1514 1271 1591 1324 tni
1622 1272 1865 1340 injicient
1891 1287 2086 1325 manus

514 1358 567 1412 in
605 1360 806 1428 ipsum,
837 1360 902 1415 ad
932 1362 1356 1431 cruciﬁgendum
1393 1363 1590 1432 ipsum.
1634 1363 1698 1419 Et
1732 1373 1950 1435 propter
1982 1366 2085 1421 hoc
2120 1428 2121 1431 η

510 1451 699 1507 datum
742 1462 827 1509 est
867 1454 962 1508 tibi
1004 1454 1296 1509 consilium
1341 1464 1395 1509 et
1442 1456 1767 1519 intellectus,
1804 1467 1863 1511 ut
1897 1467 2081 1511 notum

510 1541 681 1598 facias
719 1544 845 1599 ﬁliis
895 1546 1005 1601 tuis
1049 1546 1116 1601 de
1174 1547 1326 1617 ipso;
1367 1549 1621 1617 quoniam
1671 1550 1765 1619 qui
1816 1551 2085 1607 benedicit

508 1632 634 1701 ipsi,
656 1635 974 1692 benedictus
999 1637 1137 1703 erit;
1169 1640 1261 1708 qui
1294 1652 1421 1694 vero
1452 1639 1782 1697 maledicunt
1805 1641 1931 1713 ipsi,
1956 1658 2079 1714 per-

507 1722 682 1779 ibunt.

582 1933 647 1992 ν.
694 1957 712 1989 ι
739 1937 805 1995 Et
832 1942 1043 2010 aperuit
1080 1944 1213 1998 mihi
1246 1946 1472 2016 angelus
1495 1957 1681 2017 portas
1705 1951 1865 2019 C(Bli;
1898 1962 1951 2008 et
1975 1954 2085 2009 vidi

509 2030 770 2098 templum
815 2043 1085 2098 sanetum,
1116 2044 1169 2089 et
1192 2038 1242 2089 in
1271 2037 1469 2094 throno
1501 2041 1687 2111 gloriae
1716 2042 2080 2101 Altissimum.

510 2121 575 2176 Et
599 2123 736 2178 dixit
764 2125 927 2179 mihi:
964 2145 983 2177 ι
1010 2124 1158 2189 Levi,
1192 2130 1286 2185 tibi
1306 2130 1427 2186 dedi
1464 2132 1872 2192 benedictioncs
1900 2154 2084 2193 sacer-

506 2214 664 2282 dotii,
690 2232 977 2287 usquequo
1004 2221 1227 2276 veniens
1255 2223 1511 2281 habitabo
1542 2226 1594 2279 in
1625 2228 1804 2282 medio
1828 2231 2016 2284 lsrael.
2057 2250 2075 2283 ι

504 2305 661 2363 Tunc
689 2308 845 2364 duxit
869 2328 954 2366 me
976 2315 1201 2384 angelus
1225 2315 1275 2369 in
1298 2326 1522 2384 terram,
1548 2330 1602 2374 et
1618 2321 1764 2376 dedit
1793 2323 1927 2375 mihi
1956 2340 2081 2378 scu-

501 2408 616 2452 tum
645 2408 697 2453 et
727 2400 985 2471 gladium,
1006 2414 1059 2458 et
1087 2405 1256 2461 dixit:
1290 2426 1308 2458 ‹
1337 2406 1443 2464 Fac
1466 2410 1756 2467 vindictam
1782 2414 1834 2467 in
1860 2415 2075 2471 Sichcm

500 2505 600 2559 pro
631 2490 787 2559 Dina,
821 2503 873 2549 et
895 2510 995 2567 ego
1020 2512 1116 2553 ero
1143 2508 1355 2566 tecum,
1410 2503 1671 2573 quoniam
1732 2504 1876 2561 Deus
1928 2507 2079 2561 misit

500 2598 607 2637 me.
632 2603 650 2636 ι
687 2584 754 2639 Et
779 2590 953 2642 occidi
988 2590 1039 2643 in
1072 2599 1317 2662 tempore
1341 2595 1433 2649 illo
1480 2595 1621 2651 ﬁlios
1648 2596 1893 2664 Emmor,
1934 2600 2077 2654 sicut

497 2676 761 2745 scriptum
788 2679 949 2734 estin
984 2683 1186 2738 tabulis
1235 2687 1520 2741 caelorum.
1583 2687 1836 2744 Dicebam
1891 2702 2074 2747 autem

2194 525 2290 578 ἐπὶ
2313 523 2392 596 τῷ
2416 525 2579 579 πάθει
2605 524 2700 579 τοῦ
2734 524 2990 594 Ὑψίστου
3010 566 3025 590 ,
3050 529 3097 579 οἱ
3122 526 3400 599 ἄνθρωποι
3425 528 3798 590 ἀπιστοῦντες

2195 616 2545 688 ἐπιμενοῦσιν
2592 618 2653 671 ἐν
2691 618 2811 680 ταῖς
2850 616 3115 681 ἀδικίαις·
3154 617 3251 672 διὰ
3271 616 3432 671 τοῦτο
3470 620 3537 671 ἐν
3578 620 3796 673 κολάσει

2132 722 2135 725 ’
2196 710 2564 782 κριθήσονται.
2592 710 2923 779 Εῖσήκουσεν
2947 704 3040 762 οὖν
3064 710 3095 761 ὁ
3122 710 3384 779 ’Υψιστος
3414 712 3529 781 τῆς
3565 729 3796 783 προπυ-

2194 803 2296 872 χῆς
2320 819 2435 864 σου,
2462 800 2557 853 τοῦ
2583 801 2778 854 διελεῖν
2806 817 2865 853 σε
2888 801 2997 854 ἀπὸ
3021 802 3119 871 τῆς
3143 801 3373 866 ἀδικίας,
3401 804 3507 856 καὶ
3541 805 3795 872 γενέσθαι

2194 892 2343 962 αὐτῷ
2380 890 2514 955 υἱὸν,
2550 892 2645 944 καὶ
2678 888 3005 962 οεράποντα,
3032 892 3126 945 καὶ
3148 892 3461 965 λειτουργὸν
3498 894 3602 947 τοῦ
3633 914 3794 966 πρήσι

2194 983 2344 1037 ὡπου
2368 982 2556 1036 αὑτοῦ.
2592 982 2712 1046 Φῶς
2745 982 3002 1051 γνώσεως
3034 984 3291 1052 φωτεινὺν
3323 991 3560 1055 φωτιεῖς
3593 990 3662 1041 ἐν
3700 989 3795 1041 Ἰα-

2195 1073 2347 1139 κὼό,
2384 1076 2477 1128 καὶ
2507 1074 2583 1138 ὡς
2615 1073 2645 1126 ὁ
2678 1073 2829 1145 ἥλιος
2862 1074 2963 1147 ἔσῃ
3009 1077 3174 1129 παντὶ
3218 1077 3507 1150 σπέρματι
3558 1080 3797 1151 Ἰσραήλ.

2193 1164 2303 1218 Kal
2334 1164 2619 1235 δοθήσεται
2647 1182 2729 1219 σοι
2763 1164 3003 1233 εὐλογία,
3032 1168 3127 1220 καὶ
3161 1171 3325 1221 παντὶ
3360 1172 3661 1242 σπέρματί
3688 1191 3796 1235 σου,

2192 1255 2298 1319 ἕως
2343 1255 2709 1328 ἐπισκέψηται
2745 1256 2949 1328 Κύριος
2990 1257 3169 1312 πάντα
3206 1259 3276 1311 τὰ
3311 1261 3439 1334 ἔθνη
3484 1264 3552 1314 ἐν

2193 1365 2337 1418 χνοις
2375 1348 2490 1401 υίοῦ
2523 1349 2688 1403 αὖτοῦ
2724 1352 2828 1416 ἕως
2861 1353 3056 1418 αἰῶνος
3089 1352 3223 1423 (ll).
3272 1353 3419 1429 Πλὴν
3458 1356 3515 1407 οἱ
3555 1357 3673 1409 υἱοί
3709 1374 3794 1409 σω

2126 1442 2143 1475 Ὗ
2193 1438 2509 1493 ὲπιϐαλοῦσι
2532 1445 2721 1514 χεῖρας
2744 1445 2831 1498 ἐπ’
2856 1444 3039 1510 αὐτὸν,
3065 1445 3160 1498 τοῦ
3192 1446 3641 1501 ἀποσκολοπίσαι
3661 1450 3793 1517 (H‘)

2194 1528 2373 1582 αὐτόν.
2408 1531 2518 1584 Καὶ
2551 1532 2822 1601 διᾲγτούτο
2857 1535 3064 1589 δέδοταί
3091 1555 3174 1590 σοι
3206 1536 3368 1608 βουλὴ
3404 1540 3507 1591 καὶ
3538 1539 3795 1605 σύνεσις,

2192 1620 2286 1674 τοῦ
2324 1624 2596 1678 συνετίσαι
2628 1627 2755 1691 τοὺς
2782 1628 2932 1693 υἱούς
2959 1646 3053 1682 σου
3080 1632 3208 1701 περὶ
3239 1632 3404 1685 αὐτοῦ
3426 1651 3438 1662 ·
3471 1635 3564 1686 ὅτι
3591 1638 3621 1687 ὁ
3648 1637 3797 1689 εὐλο-

2194 1709 2307 1776 γῶν
2331 1712 2492 1766 αὑτὸν
2519 1714 2883 1788 εὐλογημένος
2915 1718 3091 1785 ἔσται,
3118 1722 3168 1773 οί
3190 1720 3245 1773 δὲ
3270 1721 3678 1794 καταρώμνοι
3706 1726 3795 1778 αύ-

2118 1794 2160 1849 Β
2188 1802 2282 1854 τὸν
2305 1803 2653 1859 ἀπολοῦνται.

2259 1925 2333 1977 E'.
2366 1944 2383 1974 ι
2421 1925 2529 1977 Kal
2556 1926 2735 1996 ἧνοιξὲ
2761 1930 2904 1999 μοιὸ
2928 1928 3159 1998 ἄγγελος
3200 1930 3299 1996 τὰς
3338 1932 3524 1996 πύλας
3564 1933 3667 1987 τοῦ
3710 1935 3792 1987 οἰτ-

2191 2014 2353 2086 ρανοῦ
2373 2032 2385 2045 ·
2423 2015 2517 2069 xal
2540 2012 2676 2070 εἶδον
2699 2018 2789 2071 τὸν
2812 2020 2937 2073 ναὸν
2958 2020 3051 2073 τὸν
3089 2022 3244 2090 ἅγιον
3268 2064 3283 2087 ,
3323 2024 3421 2076 καὶ
3458 2024 3561 2078 ἐπὶ
3598 2024 3789 2096 θρέψω

2185 2107 2344 2178 δόξης
2365 2106 2457 2160 τὸν
2484 2109 2765 2179 ’Υψιστον.
2804 2112 2913 2165 Kal
2938 2109 3058 2165 εἷπέ
3096 2131 3222 2185 μοι·
3266 2134 3285 2166 ‹
3318 2115 3476 2179 Acut,
3514 2118 3602 2170 σοὶ
3627 2118 3790 2171 δέδω-

2186 2214 2257 2250 κα
2280 2197 2380 2261 τὰς
2405 2199 2653 2268 εὐλογίας
2674 2202 2777 2271 τῆς
2802 2204 3097 2274 ἱερατείας,
3125 2206 3229 2269 ἕως
3264 2202 3324 2260 οὗ
3365 2206 3548 2260 ἐλθὼν
3588 2227 3785 2281 παροι-

2184 2292 2339 2361 κήσω
2381 2292 2492 2363 (ίὲ)
2530 2293 2589 2344 ἐν
2632 2294 2781 2364 μέσῳ
2822 2294 2915 2347 τοῦ
2969 2297 3201 2368 Ἰσραήλ.
3250 2319 3269 2349 ι
3313 2300 3451 2353 Τότε
3480 2304 3513 2355 ὁ
3554 2304 3785 2372 Malo;

2182 2382 2355 2451 ἤγαγέ
2403 2400 2469 2453 με
2511 2384 2603 2436 ἐπὶ
2641 2384 2739 2456 τὴν
2780 2385 2917 2455 γῆν,
2967 2389 3061 2441 καὶ
3116 2390 3283 2443 ἐδωκὲ
3339 2409 3435 2462 μοι
3476 2394 3650 2449 ὅπλον
3693 2399 3782 2449 καὶ

2183 2477 2457 2545 ῥομφαίαν
2493 2476 2642 2547 (1·5),
2688 2480 2782 2532 καὶ
2816 2475 2972 2532 eine‘
3028 2500 3047 2530 ι
3100 2482 3329 2553 Ποίησον
3382 2485 3677 2557 ἐκδίκησιν
3726 2489 3781 2539 ἐν

2181 2568 2361 2639 Συχὲμ
2395 2570 2534 2640 ὑπὲρ
2560 2570 2754 2635 Δίνας,
2782 2572 2937 2641 κάγὼ
2971 2572 3161 2644 ἔσομαι
3198 2575 3337 2645 μετὰ
3378 2577 3475 2630 σοῦ
3498 2620 3514 2642 ,
3551 2580 3637 2632 ὅτι
3672 2581 3775 2633 Ki-

2182 2674 2294 2726 ριος
2333 2659 2643 2713 ἀπέσταλκέ
2682 2678 2767 2731 με.
2806 2682 2823 2713 ι
2867 2664 2977 2716 Kal
3019 2665 3335 2719 συνετέλεσα
3383 2670 3444 2720 ἐν
3480 2669 3566 2739 τῷ
3608 2671 3780 2741 καιρῷ

495 2766 583 2820 ei:
620 2786 636 2818 ι
667 2766 798 2833 Oro,
831 2769 1081 2837 Domine,
1112 2774 1200 2830 dic
1232 2778 1365 2830 mihi
1394 2794 1589 2832 nomen
1618 2788 1768 2833 tuum
1794 2823 1808 2846 ,
1834 2790 1893 2835 ut
1918 2782 2072 2836 invo-

2182 2750 2372 2821 ἐκείνῳ
2416 2752 2543 2814 τοὺς
2588 2754 2739 2817 υἱοὺς
2802 2754 3065 2827 Ἑμμὼρ,
3123 2756 3305 2822 καθὼς
3353 2760 3681 2830 γέγραπται
3725 2766 3780 2815 ἐν

494 2872 613 2911 cem
638 2868 690 2915 te
718 2860 770 2913 in
793 2861 883 2916 die
924 2864 1358 2921 tribulationis.»
1412 2868 1477 2923 Et
1523 2870 1687 2924 dixit:
1751 2871 1903 2942 «Ego
1950 2890 2071 2929 sum

495 2949 725 3018 angelus
755 2966 1025 3009 excusans
1049 2972 1219 3026 genus
1270 2960 1457 3024 lsracl,
1487 2970 1545 3015 ut
1584 2977 1691 3017 non
1737 2967 2075 3033 percutiatur

497 3043 551 3095 in
586 3043 746 3099 ﬁnem
778 3047 845 3113 ¹⁰,
882 3049 1143 3117 quoniam
1172 3053 1351 3107 omnis
1383 3054 1610 3123 spiritus
1648 3056 1993 3125 perniciosus
2021 3058 2071 3111 ei

2174 2844 2296 2907 ταῖς
2323 2843 2486 2909 πλαξὶ
2509 2843 2614 2896 τῶν
2644 2845 2890 2916 οὐρανῶν
2928 2847 3061 2918 (Η).
3102 2845 3267 2902 Εἶπον
3289 2851 3346 2903 δέ
3374 2852 3533 2924 αὐτῷ
3554 2871 3569 2882 ·
3604 2873 3623 2905 σ
3655 2856 3777 2907 Δέο-

2179 2950 2296 3002 μαι,
2321 2934 2494 3006 Κύριε
2514 2976 2528 2999 ,
2555 2936 2676 2988 είπέ
2703 2954 2791 3007 μοι
2812 2937 2873 2990 τὸ
2897 2937 3069 3007 ὄνομά
3110 2957 3199 2993 σου
3224 2981 3239 3006 ,
3284 2941 3376 2994 ἵνα
3414 2944 3777 3015 ἐπικαλῶμαξ

2177 3044 2235 3079 σε
2272 3028 2330 3080 ἐν
2354 3029 2535 3101 ἡμέρα
2560 3029 2809 3099 θλίψεως,
2839 3051 2857 3082 ι
2889 3032 2997 3084 Kal
3023 3029 3171 3084 εἶπεν
3190 3051 3201 3061 ·
3238 3052 3257 3085 ι
3296 3035 3440 3102 Ἐγὼ
3464 3039 3591 3107 εἰμι
3618 3040 3647 3091 ὁ
3680 3039 3771 3106 ἆγ-

496 3134 808 3192 insidiatur.
848 3158 866 3191 ι
902 3140 969 3194 Et
1008 3151 1131 3211 post
1161 3144 1275 3199 hrec
1295 3120 1441 3200 velut
1464 3163 1531 3201 ex
1559 3120 1753 3203 somno
1780 3151 2072 3217 excitatus,

2182 3120 2335 3188 γελος
2368 3124 2396 3174 ὁ
2421 3123 2855 3195 παραιτούμενος
2885 3125 2945 3177 τὸ
2968 3125 3123 3193 γένος
3161 3126 3402 3199 Ἰσραὴλ,
3440 3130 3540 3183 τοῦ
3570 3132 3647 3203 μὴ
3676 3152 3773 3185 πα-

493 3228 743 3284 benedixi
765 3231 1069 3300 Allissimo,
1091 3244 1143 3290 et
1167 3239 1362 3308 angelo
1385 3242 1667 3296 excusanti
1693 3258 1863 3312 genus
1885 3246 2073 3313 Israel,

490 3331 546 3377 et
573 3340 763 3381 omnes
782 3326 984 3397 justos.

563 3664 652 3722 Vl.
701 3686 720 3719 ι
765 3667 867 3723 Ubi
922 3684 1051 3729 vero
1096 3676 1221 3730 veni
1252 3677 1319 3732 ad
1362 3688 1572 3748 patrem
1623 3696 1829 3746 meum,
1886 3684 2068 3737 inveni

489 3759 731 3827 aspidem
790 3776 1041 3831 aeneum,
1098 3768 1243 3822 unde
1297 3770 1464 3823 etiam
1522 3787 1720 3826 nomen
1771 3774 1942 3827 monti
1983 3782 2089 3837 est,

487 3848 670 3917 Aspis,
698 3855 959 3919 quoniam
984 3870 1152 3925 prope
1175 3856 1343 3911 Gebal
1371 3866 1476 3924 est,
1502 3874 1531 3912 a
1563 3859 1771 3915 dextris
1799 3861 1955 3915 Abila
1979 3879 1991 3914 :
2014 3838 2119 3914 etir

485 3945 809 3998 conservavi
841 3960 1127 4003 sermones
1166 3950 1268 4004 hos
1315 3950 1369 4003 in
1403 3951 1570 4006 corde
1596 3967 1738 4006 meo.
1772 3951 1886 4022 Ego
1916 3955 2063 4009 suasi

485 4037 627 4105 patri
652 4053 775 4092 meo
808 4047 862 4093 et
909 4038 1100 4094 Ruben
1157 4041 1314 4095 fratri
1370 4059 1513 4109 meo,
1570 4054 1632 4099 ut
1657 4045 1904 4101 dicerent
1936 4047 2063 4101 ﬁliis

484 4126 727 4194 Emmor,
752 4131 1642 4203 utcircumciderentur;quoniam
1668 4135 1784 4191 zelo
1808 4137 2066 4191 movebar

483 4230 705 4289 propter
735 4221 1229 4288 abominationcm,
1266 4240 1431 4293 quam
1484 4225 1729 4279 fecerant
1774 4227 1829 4280 in
1871 4228 2060 4283 Israel.

483 4308 550 4363 Et
576 4328 678 4380 ego
702 4311 951 4367 interfeci
977 4314 1198 4368 Sichcm
1230 4316 1282 4369 in
1314 4317 1528 4385 primis,
1588 4330 1643 4374 et
1686 4322 1908 4378 Simeon
1936 4322 2064 4377 Em-

482 4416 621 4455 mor.
652 4400 717 4455 Et
748 4412 936 4471 postea
954 4406 1235 4460 venientes
1268 4406 1465 4463 fratres
1490 4423 1881 4479 percusserunt
1920 4416 2059 4469 civi-

481 4501 646 4547 tatem
679 4494 733 4547 in
762 4511 858 4549 ore
889 4497 1074 4566 gladii.
1109 4496 1177 4551 Et
1222 4499 1427 4553 audivit
1453 4511 1628 4569 pater,
1652 4514 1707 4559 et
1749 4505 1923 4562 iratus
1955 4485 2138 4573 est,_D

477 4594 534 4640 et
554 4588 910 4644 contristatus
942 4599 1045 4655 est,
1080 4592 1345 4660 quoniam
1377 4605 1737 4665 susceperant
1769 4599 2065 4653 circumci-

550 4744 575 4776 ⁸
600 4744 1012 4813 Coloss.tl,15.
1089 4746 1310 4814 ’Luc.t,
1342 4749 1431 4805 78.
1514 4751 1557 4782 ¹⁰
1588 4750 1723 4805 Dan.
1758 4768 1858 4817 xu,
1897 4753 1984 4807 78.

548 4898 664 4966 (ll)
706 4899 859 4965 ’Ἕως
891 4898 1123 4965 αἰῶνος.
1161 4901 1255 4964 Εἰς
1287 4900 1483 4954 αἰῶνα.
1514 4902 1683 4958 (ἔηΑιι.

546 4969 596 5042 (l
646 4971 685 5037 ‘)
702 4970 1108 5042 Ἀποσκολοπί
1112 4987 1232 5025 σαι.
1254 4971 1379 5042 Leg.
1395 4973 1835 5029 ἀνασκολοπίσαι.
1852 4975 2057 5034 Ducu.

702 5039 1075 5113 Hapomyiaw.
1108 5039 1459 5113 Ka‘mmﬁaw.
1484 5046 1654 5101 Gnan.

547 5111 662 5187 (1??)
698 5110 931 5187 _"_E:6c_uxé
957 5130 1059 5187 μοι
1094 5112 1289 5166 ὅπλον
1321 5110 1418 5167 καί
1446 5117 1771 5185 ῥομφαίαν.
1810 5116 1884 5172 lla
1924 5134 2061 5187 quo-

475 5195 584 5257 que
610 5180 801 5257 J_uditl1
826 5183 880 5234 in
912 5180 1161 5257 oratione
1196 5199 1293 5257 sua
1330 5180 1460 5257 cap.
1490 5180 1739 5257 tifvers.
1775 5189 1843 5242 2:
1880 5180 2061 5257 Κύριε

473 5254 509 5329 εξ
539 5251 805 5329 Θεὸς-,τοῦ
826 5254 1061 5329 graecae
1070 5271 1190 5321 μου
1207 5251 1470 5329 Συμεών,
1560 5257 1786 5324 ἔδωκας
1810 5259 1881 5312 ἐν
1907 5251 2061 5329 χὲιρὶ

464 5321 772 5396 ῥομφαίαν
786 5326 873 5396 εὶς
893 5323 1211 5396 ἐκδίκησιν
1229 5321 1597 5396 ἀλλογενῶν,
1619 5339 1705 5382 etc
1756 5321 1828 5390 in,
1907 5321 1944 5329 "
1995 5321 2012 5328 ⁷
2045 5356 2051 5369 ι

544 5394 657 5462 (14)
703 5393 837 5459 Ταῖς
868 5394 1057 5458 πλαξὶ
1086 5392 1204 5445 τῶν
1235 5392 1526 5463 οἰξραίθῶν.
1568 5399 1649 5451 Ad
1684 5399 1832 5454 hunc
1874 5399 2057 5455 locum

471 5461 859 5518 illustrandum
891 5465 1113 5518 exhibet
1151 5464 1239 5519 hic
1291 5461 1526 5529 Grahius
1580 5468 1745 5524 llenr.
1796 5469 2059 5526 Dodwelli

510 5534 741 5604 rolixam
784 5550 939 5604 aeque
981 5549 1045 5587 ac
1089 5535 1361 5590 eruditam
1390 5537 1840 5594 Dissertationem
1866 5541 1943 5595 De
1976 5552 2060 5594 la-

468 5547 741 5655 prouxam
784 5550 939 5604 aeque
981 5549 1045 5587 ac
1089 5547 1361 5590 eruditam
1390 5547 1840 5594 Dissertationem
1866 5547 1943 5595 De
1976 5552 2057 5594 ta-

476 5603 608 5679 __ulis
661 5604 947 5679 malorum,
984 5620 1117 5679 _qu:_e
1166 5608 1221 5679 in
1268 5608 1419 5662 hisee
1480 5624 1556 5661 χιι
1626 5612 2057 5679 patriarcharum

476 5672 820 5751 rest-amentis
845 5672 1053 5751 passim
1083 5674 1396 5751 laudantur.
1448 5672 1635 5749 Cujus
1662 5681 1761 5733 viri
1809 5684 2057 5751 sagacis-

474 5743 600 5797 simi
625 5747 892 5799 sententia
920 5746 1102 5801 statim
1132 5758 1279 5816 patet
1308 5748 1376 5804 ab
1399 5743 1555 5805 initio
1585 5790 1598 5817 ,
1630 5752 1713 5806 his
1743 5743 1924 5808 verbis
1959 5769 2055 5808 ex-

2179 3211 2340 3279 τάξαι
2367 3214 2561 3277 αὐτοὺς
2586 3216 2665 3278 είς
2697 3216 2869 3280 τέλος,
2906 3218 2986 3269 ὅτι
3012 3220 3118 3271 πᾶν
3146 3219 3257 3289 (15)
3285 3221 3513 3289 πνεῦμα
3690 3227 3775 3296 {in

2177 3306 2257 3367 εἰς
2282 3305 2479 3369 αὐτοὺς
2502 3307 2842 3377 προσϐάλλει.
2880 3329 2898 3359 ι
2926 3310 3036 3362 Kal
3062 3311 3199 3380 μετὰ
3218 3312 3417 3378 ταῦτα,
3439 3313 3639 3387 ὥσπερ
3666 3318 3774 3389 (lli)

2176 3396 2403 3461 ἔξυπνος
2428 3400 2736 3471 γενόμενος,
2761 3401 3027 3473 εύλόγησα
3043 3400 3132 3457 τὸν
3150 3404 3438 3473 "Tifata-cm,
3456 3408 3559 3459 καί
3574 3409 3668 3460 τὸν
3690 3411 3774 3478 E7-

2175 3488 2330 3556 γελον
2352 3490 2444 3542 τὸν
2470 3491 2899 3562 παραιτούμενον
2923 3493 3018 3546 τοῦ
3043 3493 3231 3561 γένους
3256 3495 3353 3548 τοῦ
3395 3495 3645 3568 Ἰσραὴλ,
3685 3503 3774 3553 καὶ

2174 3580 2394 3634 πάντων
2426 3581 2535 3634 τῶν
2564 3581 2806 3637 δικαίων.

2245 3696 2335 3761 (ζ’.
2369 3714 2387 3746 ι
2418 3697 2528 3749 Kal
2551 3696 2626 3760 ὡς
2649 3699 2900 3771 ἠρχόμην
2924 3700 3062 3773 πρὸς
3092 3702 3184 3756 τὸν
3210 3702 3427 3774 πατέρα
3453 3721 3589 3775 μου,
3620 3700 3776 3777 εὗφν

2124 3786 2375 3853 ,σίάσπίδα
2402 3788 2628 3860 χαλκῆν,
2658 3790 2739 3861 διρ
2762 3793 2856 3844 καὶ
2888 3793 2948 3846 τὸ
2984 3794 3153 3865 ὄνομα
3192 3794 3285 3847 τοῦ
3322 3795 3487 3866 δρους
3534 3798 3772 3861 Ἀστεις,

2170 3875 2250 3927 ὅτι
2288 3878 2454 3945 ἐγγὺς
2488 3879 2696 3946 Γεϐὰλ,
2738 3884 2804 3935 ἐκ
2839 3883 3028 3949 δεξιῶν
3068 3885 3285 3939 Ἀϐιλᾶο
3315 3888 3409 3939 καὶ
3436 3892 3771 3960 συνετήρουν

2169 3969 2295 4031 τοὺς
2328 3968 2517 4037 λόγους
2560 3971 2783 4037 τούτους
2820 3975 2878 4026 ἐν
2915 3978 2982 4045 τῇ
3021 3976 3215 4047 καρδίᾳ
3260 3994 3385 4048 μου.
3436 3978 3591 4047 Ἐγὼ
3619 3998 3769 4033 συνε-

2170 4060 2434 4115 ϐούλευσα
2454 4062 2532 4133 τῷ
2560 4066 2727 4137 πατρί
2754 4084 2854 4136 μου
2880 4069 2974 4121 καὶ
3013 4069 3252 4141 Ῥουϐὴμ
3285 4069 3363 4141 τῷ
3390 4070 3621 4144 ἀδελφῷ
3650 4093 3768 4144 μου.

2169 4151 2255 4204 ἵνα
2304 4151 2497 4205 εἴπωσι
2543 4157 2657 4217 τοῖς
2703 4158 2837 4219 υἱοῖς
2897 4157 3158 4229 Ἑμμὼρ,
3210 4159 3305 4212 τοῦ
3353 4164 3768 4236 περιτμηθῆναι

2166 4243 2361 4306 αὐτοὺς
2386 4284 2399 4306 ,
2429 4243 2512 4295 ὅτι
2548 4246 2795 4317 ἐζήλωσα
2818 4247 2909 4301 διὰ
2928 4250 2991 4301 τὸ
3026 4250 3298 4321 βδέλυγμα
3316 4292 3331 4315 ,
3358 4251 3388 4303 ὃ
3414 4254 3694 4326 ἐποίησαν
3719 4260 3767 4308 ἐν

2180 4334 2415 4406 Ἰσραήλ.
2441 4337 2611 4405 Κάγὼ
2650 4339 2859 4391 ἀνεῖλον
2893 4340 2985 4393 τὸν
3027 4341 3209 4412 Συχὲμ
3244 4342 3305 4393 ἐν
3348 4344 3640 4415 πρώτοις,
3682 4350 3763 4401 καὶ

2166 4426 2391 4497 Συμεὼν
2434 4430 2525 4483 τὸν
2575 4430 2822 4502 Ἐμμώρ.
2870 4432 2981 4485 Kal
3021 4432 3159 4503 μετὰ
3201 4432 3379 4486 ταῦτα
3425 4436 3685 4502 ἐλθόντες
3723 4442 3760 4491 οἱ

2179 4516 2385 4586 ὶδελςροὶ
2423 4520 2695 4588 ἐπάταξαν
2733 4524 2834 4595 τὴν
2874 4523 3027 4577 πόλιν
3072 4526 3130 4578 ἐν
3172 4525 3405 4599 στόματι
3464 4530 3757 4599 ῥομφαίας.

2170 4613 2280 4664 Kal
2304 4614 2533 4683 ἤκουσεν
2556 4617 2583 4667 ὁ
2608 4594 2809 4687 πατὴρ,
2836 4618 2929 4670 καὶ
2948 4594 3345 4689 ὠργίσθηῖῖἶαὶ
3368 4594 3628 4694 ἐλυττῆοῇ
3650 4662 3665 4683 ,
3691 4626 3758 4675 r37.

2168 4924 2356 4980 pressa
2385 4927 2398 4962 :
2439 4926 2457 4959 ι
2492 4907 2705 4971 mm;
2737 4906 2831 4961 τοῦ
2864 4906 3118 4980 οὐρανοῦ,
3152 4909 3351 4978 inquit,
3404 4926 3521 4966 non
3570 4915 3719 4969 aliud
3742 4958 3755 4979 ,

2164 4981 2382 5054 opinor,
2410 4980 2693 5054 denotant,
2723 4985 3090 5054 quamglegent
3206 4980 3351 5054 caelis
3386 4984 3753 5054 archetypam.

2164 5049 2275 5103 Lex
2298 5050 2443 5104 enim
2476 5049 2712 5104 Mosaica
2745 5050 2945 5104 tabulis
2986 5050 3213 5119 lapideis
3242 5066 3273 5104 a
3307 5050 3424 5105 Deo
3470 5049 3755 5119 ipso—exa-

2164 5069 2275 5103 LCX
2298 5069 2443 5104 clllll]
2476 5069 2712 5104 ιιιοδειιοει
2745 5069 2945 5104 ῑῖΙΙΠΙΙΙΒ
2986 5069 3213 5119 laplUClS
3242 5069 3273 5104 3.
3308 5069 3424 5105 ΠΕΟ
3470 5070 3485 5105 1
3534 5070 3602 5107 SO
3640 5073 3755 5111 ειε-

2162 5130 2283 5174 rata
2316 5131 2421 5174 est.
2453 5120 2587 5195 Quze
2622 5120 2843 5195 quidem
2890 5120 3114 5195 Tabulae
3139 5164 3153 5187 ,
3181 5121 3393 5185 πλάκες
3427 5069 3639 5179 ligula:
3672 5145 3755 5195 ap—

2161 5192 2436 5260 pellantur
2458 5192 2511 5244 in
2538 5193 2711 5246 sacris
2740 5192 2957 5255 litteris,
2985 5207 3083 5263 pro
3125 5206 3383 5247 sermone
3434 5198 3589 5263 apud
3638 5192 3751 5250 ΠιῙΙο

2162 5263 2389 5333 lenistas
2439 5270 2697 5333 recepto,
2752 5277 2858 5330 qua
2911 5260 3133 5331 quidem
3188 5260 3555 5333 opponuntur
3601 5269 3751 5333 πλαξὶ

2162 5332 2492 5407 σαρκίναιςὲ
2515 5331 2749 5407 Legiqne
2772 5333 3029 5407 cordibus
3062 5331 3641 5407 humanisinscripta:
3662 5340 3721 5407 {ll

2162 5402 2287 5457 Cor.
2333 5417 2415 5465 ιιι,
2463 5403 2539 5468 5).
2588 5402 2768 5456 ιΙΙωο
2823 5403 2929 5456 alia
2972 5418 3042 5458 ue
3090 5404 3244 5472 plura
3292 5405 3377 5457 vir
3423 5402 3747 5462 doeiusfln

2162 5473 2321 5526 aliam
2358 5482 2538 5526 autem
2576 5474 2902 5526 sententiam
2933 5420 3059 5526 1H“)
3102 5475 3169 5526 de
3218 5489 3279 5526 re
3324 5474 3467 5526 abiit
3523 5480 3746 5526 celebris

2160 5473 2321 5527 aliam
2358 5482 2538 5526 autem
2576 5474 2902 5529 sententiam
2954 5473 3059 5527 hac
3102 5475 3169 5528 de
3218 5489 3279 5527 re
3324 5474 3467 5527 abiit
3523 5480 3746 5533 celebris

2161 5544 2389 5617 criticus
2445 5542 2753 5617 Richardns
2810 5544 3093 5617 Simonius
3143 5546 3198 5597 in
3249 5544 3515 5617 Biblioth.
3577 5552 3739 5617 triliq.

2164 5623 2296 5667 tom.
2328 5612 2392 5679 ll,
2421 5628 2542 5684 cap.
2586 5614 2673 5684 15,
2714 5628 2835 5683 pag.
2875 5615 3014 5684 εει,
3062 5630 3225 5684 quem
3266 5616 3539 5672 consulas

2232 5685 2344 5754 (l5)
2388 5680 2535 5737 nar.
2575 5680 2871 5739 Omissum.
2905 5680 3074 5754 Gnan.

2234 5753 2345 5824 (lb‘)
2387 5756 2637 5821 Ὥσπερ.
2667 5754 2969 5811 Omissum.
2996 5753 3073 5809 In.
