3830 6216
24 338 165 393 057

1268 321 1796 385 TESTAMENTUM
1833 320 2011 377 LEVI.

3167 319 3307 375 i058

23 452 391 517 ιατεδέξαντο
423 452 522 523 τὴν
565 468 632 505 πε
643 452 865 525 ριτομὴν
884 493 899 517 ,
924 454 1018 506 καὶ
1057 448 1195 523 μετὰ
1227 448 1386 502 τοῦτο
1415 444 1615 500 ἀπέθα-

1724 437 1958 507 sionem,
2003 447 2203 510 etpost
2226 440 2331 495 hoc
2358 439 2564 495 mortui
2587 446 2750 503 sunt;
2792 447 2848 492 et
2872 437 2927 491 in
2963 436 3304 491 benedictio-

23 564 103 600 ον
130 562 150 576 ·
190 545 288 599 κα).
320 546 380 598 ὲν
412 548 531 609 ταῖς
571 546 842 615 εὐλογίαις
876 544 1050 609 ἄλλως
1085 543 1358 612 ἐποίησεν.
1408 539 1618 610 Ἦμάρ-

26 657 198 710 ομεν
252 638 397 713 γὰρ,
437 640 518 693 ὅτι
569 639 720 713 παρὰ
759 639 985 711 γνώμην
1028 636 1195 692 αὐτοῦ
1239 636 1621 706 πεποιήκαμεν

24 731 191 783 ὀὖτο
214 748 228 761 ο
266 731 425 799 καίγε
459 732 797 804 ὲμαλακίσθη
833 734 892 786 ὲν
922 734 988 804 τῇ
1023 731 1206 803 ἡμέρᾳ
1232 728 1438 802 ἐκείνῃ.
1479 726 1619 780 Ἀλλ’

27 825 138 890 γὼ
176 819 320 876 εἶδον
343 865 357 887 ,
393 824 473 877 ὃτι
506 822 779 893 ἀπόφασις
811 822 947 877 Θεοῦ
978 820 1047 895 ἦν
1091 824 1170 886 εἰς
1204 819 1351 875 κακὰ
1392 820 1486 873 ἐπὶ
1530 819 1618 871 Σί-

23 932 190 985 ιημα
210 932 223 945 ·
259 914 396 969 διότι
429 915 616 987 ἤθελον
649 918 729 980 είς
758 916 857 988 τὴν
890 917 1104 990 Σάρραν
1137 915 1379 985 ποιῆσαι,
1413 912 1471 965 δν
1495 913 1621 984 τρό-

23 1020 124 1057 τον
181 1004 450 1076 ἐποίησαν
495 1004 653 1058 Δίναν
699 1005 800 1076 τὴν
845 1004 1077 1075 ἀδελφὴν
1126 1002 1314 1074 ἡμῶν⁸
1363 999 1459 1054 κα)⁹
1502 997 1620 1051 Κύ-

23 1114 145 1160 no;
186 1093 461 1149 ἐκώλυσεν
500 1095 714 1159 αὐτούς.
754 1096 864 1148 Καὶ
900 1094 1072 1159 οὕτως
1106 1092 1332 1159 ἐδίωξαν
1368 1089 1621 1162 Ἀϐραὰμ

23 1190 110 1243 τὸν
160 1187 384 1259 πατέρα
427 1187 585 1259 ἡμῶν
609 1228 624 1252 ,
679 1188 826 1255 ξένον
880 1188 1039 1251 ὄντα,
1093 1186 1188 1241 καὶ
1234 1184 1623 1254 κατεπάτησαν

42 1283 140 1353 l7)
168 1282 243 1336 τὰ
265 1283 495 1354 ποίμνια
530 1282 838 1352 ὡγκωμένα
867 1281 993 1334 ὄντα
1030 1282 1118 1333 ἐπ’
1152 1278 1314 1331 αὐτόν
1333 1295 1346 1308 ο
1376 1276 1471 1330 καὶ
1519 1277 1618 1328 Ἱε-

23 1372 191 1438 ἵλαῒ,
226 1374 322 1427 τὸν
351 1374 600 1444 οίκογενῆ
635 1373 797 1427 αὑτοῦ
818 1414 832 1438 ,
868 1373 1073 1444 σφόδρα
1110 1372 1408 1424 αἰκίσαντο.
1443 1370 1618 1438 Καίγε

23 1465 205 1527 »ὖτως
230 1464 449 1518 ἐποίουν
478 1465 686 1529 πάντας
713 1465 839 1528 τοὺς
869 1464 1053 1531 ξένους
1087 1462 1221 1534 (18),
1252 1464 1310 1515 ὲν
1332 1462 1620 1532 δυναστείᾳ

23 1556 377 1627 ὶρπάζοντες
398 1556 496 1621 τὰς
522 1560 784 1625 γυναῖκας
813 1556 994 1610 αὐτῶν
1013 1597 1027 1619 ,
1067 1557 1161 1609 καὶ
1202 1554 1618 1626 ξενηλατοῦντες

23 1647 509 1717 ιὺτούς.Ἔφθασε
529 1648 585 1701 δὲ
605 1650 639 1719 ἡ
659 1648 795 1719 ὀργὴ
815 1648 1019 1719 Κυρίου
1035 1648 1120 1700 ἐπ’
1138 1647 1333 1710 αὐτοὺς
1349 1649 1428 1710 είς
1442 1646 1614 1710 τέλος.

82 1741 171 1792 Z'.
222 1758 241 1791 ι
279 1740 389 1793 Καὶ
420 1735 572 1792 εἷπον
609 1738 688 1810 τῷ
723 1740 920 1811 πατρί·
957 1759 976 1791 ι
1020 1738 1114 1810 Μὴ
1153 1738 1392 1811 ὀργίζου,
1437 1738 1614 1809 κύριε,

23 1831 95 1882 ἓτι
122 1830 196 1883 ὲν
222 1830 307 1882 σοὶ
346 1829 686 1896 ὲξουδενὼσει
722 1830 926 1901 Κύριος
959 1831 1086 1893 τοὺς
1129 1829 1464 1892 Χαναναίους
1483 1869 1497 1893 ,
1524 1830 1619 1881 καὶ

23 1921 189 1975 ἰὼσει
232 1922 335 1992 τὴν
371 1923 474 1993 γῆν
509 1921 687 1975 αὐτῶν
729 1940 848 1987 σοι,
902 1923 996 1975 καὶ
1035 1923 1307 1995 σπέρματί
1346 1940 1437 1976 σου
1481 1922 1619 1993 μετὰ

23 2016 97 2069 τέ.
138 2018 349 2071 Ἔσται
384 2018 492 2090 γὰρ
524 2019 633 2072 ἀπὸ
668 2021 908 2092 σήμερον
941 2020 1120 2091 Σικὴμ
1160 2020 1424 2092 λεγομένη
1468 2019 1620 2083 πόλις

23 2108 315 2162 ἱσυνέτων
333 2127 346 2139 ·
370 2109 595 2163 ὃτιὼσεί
614 2128 698 2175 τις
718 2110 969 2181 χλευάσει
992 2111 1191 2183 μωρὸν,
1215 2111 1385 2175 οὓτως
1406 2110 1620 2181 ἐχλευά-

23 2217 208 2271 ταμεν
227 2200 442 2264 αὐτούς’
461 2202 542 2254 ὃτι
558 2219 629 2255 κα
637 2202 716 2271 ίγε
732 2203 1039 2275 ἀφροσύνην
1055 2202 1293 2274 ἔπραξαν
1309 2204 1366 2257 ὲν
1382 2204 1616 2276 Ἰσραὴλ,

24 2293 227 2357 ,ιιᾶναι
262 2290 372 2363 (19)
389 2293 488 2364 τὴν
518 2294 755 2367 ἀδελφὴν
788 2296 964 2368 ἡμῶν.
984 2297 1093 2349 Καὶ
1118 2295 1375 2360 λαϐόντες
1409 2294 1618 2350 ἐκεῖθεν

23 2382 116 2453 τὴν
146 2381 393 2454 ἀδελφὴν
418 2385 451 2456 ἡ
460 2384 595 2455 μῶν,
614 2387 918 2460 ἀπὰροντες
936 2386 1046 2459 (20)
1063 2388 1297 2458 ἤλθομεν
1317 2390 1395 2451 είς
1422 2387 1613 2459 Βεθήλ.

84 2475 180 2529 H'.
220 2493 238 2525 ι
272 2476 447 2530 Κάκεῖ
474 2476 634 2531 πάλιν
661 2474 798 2532 εἶδον
834 2482 1086 2552 πρᾶγμα,
1117 2479 1305 2552 ὥσπερ
1330 2481 1393 2533 τὸ
1421 2480 1617 2551 πρότε-

23 2581 137 2633 ρον,
181 2566 327 2636 μετὰ
351 2566 412 2620 τὸ
444 2569 665 2640 ποιῆσαι
687 2571 901 2642 ἡμέρας
931 2578 972 2624 o’
1011 2572 1142 2643 (21).
1172 2574 1282 2625 Kal.
1315 2568 1454 2626 εἶδον
1478 2573 1620 2628 ἐπτά

24 2657 369 2730 ἀνθρώπους
382 2661 440 2713 ὲν
456 2661 641 2733 ἐσθῆτι
668 2663 856 2735 λευκῇ,
875 2663 1133 2733 λέγοντάς
1158 2682 1275 2736 μοι’
1302 2684 1320 2717 t
1358 2667 1617 2732 Ἀναστὰς

23 2751 250 2806 ἔνδυσαι
279 2752 382 2822 τὴν
414 2753 605 2825 στολὴν
640 2754 740 2826 τῆς
780 2752 1073 2826 ἰερατείας,
1118 2760 1213 2811 καὶ
1240 2758 1329 2811 τὸν
1358 2760 1618 2829 στέφανον

24 2844 125 2913 τῆς
158 2844 536 2914 δικαιοσύνης,
564 2848 658 2900 καὶ
680 2846 742 2900 τὸ
764 2847 943 2916 λόγιον
974 2851 1071 2920 τῆς
1094 2852 1378 2917 συνέσεως,
1406 2855 1500 2907 καὶ
1524 2856 1616 2909 τὸν

24 2936 244 3007 ποδήρη
293 2936 391 3006 τῆς
437 2937 711 3007 ἀληθείας,
753 2940 937 2993 καὶτὸ
975 2941 1203 2996 πέταλον
1230 2944 1331 3014 τῆς
1361 2947 1614 3012 πίστεως,

25 3028 119 3079 καὶ
149 3027 258 3097 τὴν
290 3026 489 3099 μίτραν
510 3029 606 3082 τοῦ
630 3032 879 3101 σημείου,
898 3034 995 3087 καὶ
1021 3034 1083 3087 τὸ
1108 3036 1271 3105 ὲφοὺδ
1291 3037 1392 3107 τῆς
1414 3057 1618 3111 προφη-

1720 530 1887 586 nihus
1912 532 2071 586 aliter
2109 530 2256 586 fecit.
2284 530 2640 585 Peccavimus
2669 529 2841 595 enim,
2865 528 3129 598 quoniam
3161 542 3305 597 pra:-

1722 628 1804 676 ter
1825 622 2117 679 consilium
2149 622 2271 693 ejus
2324 623 2431 677 hoc
2460 620 2727 687 fecimus;
2775 628 2829 675 et
2873 620 3184 675 infirmatus
3220 628 3307 675 est

1721 714 1776 768 in
1807 715 1897 769 die
1921 715 2031 769 illa.
2067 714 2173 770 Sed
2205 730 2307 785 ego
2340 714 2489 778 novi,
2532 714 2681 783 quod
2709 713 2979 768 sententia
3033 710 3129 767 Dei
3181 720 3306 767 erat

1722 810 1778 865 in
1820 811 1962 864 mala
1999 825 2166 879 super
2203 806 2482 874 Sichima;
2527 806 2789 877 quoniam
2816 805 3110 860 voluerunt
3151 803 3304 860 Sara:

1722 900 1923 967 facere,
1975 899 2437 970 quemadmodum
2486 897 2733 953 fecerunt
2782 896 2934 952 Dinae
2977 883 3155 954 δονοτί
3199 912 3305 952 ηοω

1722 1003 1881 1050 strae:
1915 1003 1970 1047 et
2005 990 2272 1046 Dominus
2294 990 2578 1059 prohibuit
2624 1004 2744 1043 eos.
2789 988 2855 1042 Et
2905 992 2986 1043 sic
3025 987 3301 1057 persecuti

1721 1096 1851 1143 sunt
1876 1086 2153 1140 Abraham
2190 1094 2396 1154 patrem
2441 1091 2717 1148 nostrum,
2773 1081 3121 1152 peregrinum
3177 1080 3299 1134 exi-

1722 1187 1977 1244 stentem,
2003 1185 2059 1232 et
2088 1177 2552 1232 conculcaverunt
2597 1190 2789 1245 greges
2844 1174 2986 1243 ejus,
3051 1172 3302 1241 turgidos

1720 1275 2017 1329 existentes
2048 1271 2192 1342 apud
2223 1271 2440 1339 ipsum;
2480 1277 2535 1324 et
2585 1267 2792 1329 Jeblai,
2829 1268 2883 1320 in
2930 1266 3094 1319 domo
3122 1264 3300 1334 ipsius

1720 1368 1989 1437 genitum,
2017 1366 2174 1419 valde
2223 1364 2668 1418 verberaverunt.
2705 1360 2771 1415 Et
2820 1361 2897 1413 ita
2942 1357 3216 1420 faciebant
3242 1358 3300 1411 in

1720 1472 1913 1512 omnes
1950 1455 2291 1525 peregrinos,
2325 1454 2378 1508 vi
2408 1454 2685 1522 rapientes
2733 1464 2932 1505 uxores
2983 1464 3198 1513 eorum,
3245 1458 3302 1503 et

1720 1548 1774 1601 in
1806 1546 2060 1601 exsilium
2095 1544 2436 1614 impellentes
2464 1558 2582 1598 eos.
2639 1540 2802 1596 Venit
2835 1549 3016 1595 autem
3076 1542 3157 1595 ira
3191 1538 3300 1595 Do~

1720 1640 1854 1695 mini
1878 1654 2043 1708 super
2074 1652 2169 1691 eos
2200 1636 2252 1689 in
2288 1635 2474 1690 ﬁnem.

1790 1731 1905 1785 VII.
1955 1750 1972 1782 ‹
1998 1730 2065 1786 Et
2095 1730 2343 1784 dicebam
2373 1730 2548 1799 patri:
2586 1748 2604 1780 ι
2628 1728 2706 1784 Ne
2740 1728 3016 1793 irascaris,
3049 1727 3296 1793 domine,

1724 1825 1984 1895 quoniam
2015 1824 2069 1878 in
2093 1834 2147 1880 te
2170 1824 2237 1879 ad
2261 1822 2495 1877 nihilum
2524 1822 2731 1891 rediget
2761 1821 2906 1877 Deus
2931 1820 3297 1886 Chananazos,

1724 1927 1777 1973 et
1816 1917 1965 1971 dabit
2011 1927 2211 1971 terram
2262 1915 2506 1984 ipsorum
2537 1914 2657 1977 tibi,
2696 1922 2749 1968 et
2784 1912 2982 1967 semini
3032 1920 3127 1966 tuo
3177 1919 3303 1981 post

1724 2017 1795 2064 te.
1826 2030 1844 2061 ι
1882 2007 1996 2061 Erit
2051 2006 2196 2061 enim
2237 2004 2305 2059 ab
2342 2004 2448 2059 hoc
2504 2004 2592 2058 die
2636 2001 2858 2057 Sichem
2912 2001 3057 2056 dicta
3101 2000 3298 2057 civitas

1724 2102 2015 2156 stultorum
2040 2117 2055 2166 ',
2081 2098 2342 2168 quoniam
2366 2105 2426 2152 ut
2448 2097 2573 2165 quis
2595 2095 2804 2150 deridet
2835 2092 3068 2160 fatuum,
3098 2095 3171 2148 ita
3202 2094 3298 2148 de-

1723 2192 1948 2247 risimus
1964 2207 2076 2254 eos;
2096 2191 2355 2260 quoniam
2374 2188 2739 2258 insipientiam
2760 2187 2969 2256 operati
2992 2197 3122 2241 sunt
3143 2186 3197 2239 in
3218 2187 3303 2239 ls-

1722 2284 1856 2349 rael,
1876 2283 2226 2353 inquinantes
2250 2295 2495 2337 sororem
2516 2290 2780 2334 nostram.
2801 2278 2865 2333 Et
2887 2276 3215 2346 accipientes
3234 2276 3301 2329 il-

1721 2381 1832 2436 linc
1855 2394 2096 2435 sororem
2116 2386 2383 2441 nostram,
2403 2374 2713 2430 auferentes
2743 2376 2996 2429 venimus
3013 2373 3066 2426 in
3085 2372 3295 2427 Bethel.

1792 2471 1930 2527 Vill.
1972 2491 1990 2524 ι
2027 2469 2094 2525 Ει
2128 2470 2200 2524 ibi
2247 2484 2443 2524 rursus
2468 2467 2719 2523 videbam
2769 2483 2905 2528 rem,
2936 2466 3299 2536 quemadmo-

1719 2563 1849 2618 dum
1884 2562 2057 2632 prius,
2082 2568 2373 2631 postquam
2400 2558 2503 2613 feci
2535 2559 2651 2613 dies
2682 2558 3046 2627 septuaginta.
3078 2556 3146 2612 Et
3186 2556 3298 2610 vidi

1720 2668 1928 2726 septem
1958 2655 2209 2709 homines
2237 2653 2289 2706 in
2315 2662 2464 2706 veste
2487 2652 2630 2717 alba,
2666 2651 2908 2705 dicentes
2940 2650 3074 2703 mihi
3101 2668 3115 2704 :
3148 2670 3165 2701 ι
3190 2648 3300 2703 Ex-

1720 2763 1973 2820 surgens,
2002 2746 2165 2801 indue
2197 2746 2390 2801 stolam
2419 2742 2732 2809 sacerdotii,
2764 2752 2818 2797 et
2848 2758 3109 2797 coronam
3135 2742 3300 2811 justi-

1720 2842 1807 2897 tiaa
1829 2884 1845 2909 ,
1887 2850 1940 2895 et
1978 2840 2245 2895 rationale
2286 2839 2617 2902 intellectus,
2653 2844 2706 2890 et
2737 2836 2990 2904 poderem
3020 2836 3297 2903 veritatis,

1717 2944 1772 2991 et
1799 2934 2037 3005 petalum
2067 2931 2210 2995 ﬁdei,
2241 2940 2294 2986 et
2321 2931 2538 2985 mitram
2569 2929 2733 3000 signi,
2767 2937 2820 2983 et
2851 2928 3028 2999 ephod
3058 2931 3295 2999 prophe-

1721 3027 1830 3081 tiae.
1863 3044 1881 3076 ›
1916 3023 1982 3077 Ει
2014 3022 2394 3092 unusquisque
2426 3022 2671 3090 ipsorum
2705 3022 3139 3091 unumquodque
3170 3036 3299 3091 por-

24 3119 198 3181 τείας.
225 3137 247 3170 r
275 3120 386 3171 Καὶ
401 3115 480 3184 είς
501 3119 730 3185 ἕκαστος
756 3124 936 3178 αὐτῶν
961 3125 1191 3180 ἕκαστον
1234 3128 1613 3199 βαστάζοντες,

1724 3126 1921 3184 tantes,
1961 3117 2344 3185 imposuerunt
2394 3112 2549 3179 mihi,
2583 3122 2637 3166 et
2688 3112 2988 3167 dixerunt:
3023 3133 3041 3165 ι
3072 3113 3154 3167 Ab
3196 3115 3299 3170 hoc

26 3209 320 3279 ὲπέθηκάν
358 3228 466 3281 μοι,
493 3215 588 3266 καὶ
612 3210 797 3268 εἷπον·
846 3216 976 3269 Ἀπὸ
1006 3218 1099 3271 τοῦ
1135 3219 1230 3273 νῦν
1253 3220 1404 3287 γίνου
1435 3224 1515 3285 είς
1545 3224 1618 3275 ἱε-

28 3301 127 3368 ρέα
174 3297 413 3372 Κυρίου,
448 3304 514 3357 σί)
543 3306 637 3359 καὶ
668 3307 889 3378 σπέρμα
926 3326 1020 3362 σου
1055 3310 1162 3373 ἕως
1202 3312 1418 3376 αἰῶνος.
1455 3316 1563 3367 Καὶ
1589 3317 1618 3368 ὁ

26 3395 254 3466 πρῶτος
280 3395 394 3466 (22)
420 3396 603 3467 ἤλειψέ
628 3416 694 3469 με
717 3400 880 3472 ἐλαίῳ
903 3402 1061 3472 ἁγίῳ,
1095 3404 1189 3456 καὶ
1209 3403 1376 3458 ἔδωκέ
1401 3423 1488 3475 μοι
1522 3405 1618 3477 ῥά-

26 3488 153 3541 ϐδον
193 3490 455 3560 κρίσεως.
498 3493 555 3547 Ὀ
580 3493 829 3565 δεύτερος
871 3495 1057 3548 ἕλουσέ
1092 3513 1159 3566 με
1190 3496 1341 3550 ὕδατι
1368 3498 1613 3570 καθαρῷ,

25 3580 123 3634 καὶ
152 3580 408 3651 ὲψώμισε
437 3583 597 3653 ἄρτον
637 3584 747 3656 (25)
776 3588 869 3640 καὶ
897 3583 1057 3651 οἶνον,
1092 3588 1257 3657 Ἀγια
1286 3590 1454 3658 ἁγίων
1480 3592 1614 3663 (24),

28 3676 122 3726 καὶ
150 3671 451 3745 περιέθηκέ
478 3694 565 3745 μοι
599 3677 789 3749 στολὴν
818 3680 978 3746 ἁγίαν
1009 3681 1102 3733 καὶ
1135 3680 1361 3748 ἔνδοξον.
1408 3684 1464 3737 '0
1497 3686 1615 3756 τρί-

26 3782 117 3827 τος
166 3765 431 3836 βυσσίνην
465 3784 531 3837 με
560 3768 901 3840 περιέϐαλεν,
941 3772 1130 3841 ὁμοίαν
1176 3774 1358 3843 ὲφούδ.
1420 3775 1477 3828 '0
1527 3776 1617 3828 τέ-

26 3873 229 3926 ταρτος
264 3855 441 3927 ζώνην
482 3874 571 3927 μοι
603 3860 956 3933 περιέθηκεν,
1002 3864 1193 3935 ὁμοίαν
1229 3865 1501 3937 πορφύρᾳ.
1560 3868 1616 3922 Ὀ

28 3950 290 4021 πέμπτος
316 3951 507 4005 κλάδον
540 3972 627 4026 μοι
653 3954 835 4020 ἐλαίας
864 3958 1029 4013 ἔδωκε
1061 3958 1329 4030 πιότητος.
1379 3961 1435 4015 '0
1461 3961 1616 4024 ἕκτος

30 4040 304 4110 στέφανόν
337 4060 426 4112 μοι
449 4046 516 4116 τῇ
544 4046 753 4118 κεφαλῇ
783 4048 1128 4120 περιέθηκεν.
1177 4050 1232 4105 Ὀ
1258 4051 1482 4123 ἕϐδομος
1505 4052 1619 4106 διά-

26 4132 178 4204 δημα
202 4136 273 4206 τῇ
310 4138 516 4210 κεφαλῇ
552 4157 641 4209 μοι
676 4141 946 4213 ίερατείας
977 4143 1287 4215 περιέθηκε,
1318 4145 1411 4199 καὶ
1447 4145 1616 4216 ἐπλή-

33 4244 177 4296 ρωσε
215 4228 321 4292 τὰς
354 4232 541 4303 χεῖράς
585 4250 687 4303 μου
732 4234 1093 4306 θυμιάματος,
1138 4236 1277 4290 ὥστε
1322 4238 1618 4308 ἱερατεύειν

33 4334 100 4385 με
126 4318 343 4390 Κυρίῳ.
370 4316 542 4375 Εἶπαν
575 4322 633 4376 δὲ
660 4323 797 4394 πρός
825 4342 920 4395 με·
959 4345 976 4376 ι
1007 4327 1139 4379 Λευῒ
1168 4310 1247 4391 είς
1274 4331 1424 4400 τρεῖς
1444 4327 1618 4399 ἀρχὰς

29 4408 437 4481 διαιρεθήσεται
462 4412 523 4464 τὸ
556 4412 777 4484 σπέρμα
806 4432 920 4478 σου,
957 4416 1038 4477 εἰς
1076 4420 1301 4487 σημεῖον
1324 4416 1480 4488 δόξης
1507 4421 1618 4472 Κυ-

32 4497 151 4569 ρίου
182 4479 586 4570 ἐπερχομένου·
607 4479 755 4555 καὶτὸ
788 4503 1085 4567 πιστεύσας
1105 4479 1218 4576 (ἔδ)
1243 4479 1615 4579 πρῶτος-κλῆ-
1649 4479 1695 4535 D

34 4608 126 4659 ρος
160 4590 341 4655 ἔσται,
375 4594 469 4647 καὶ
511 4596 683 4666 μέγας
726 4596 867 4679 ύπτξρ
909 4598 1074 4651 αὐτὸν
1106 4599 1168 4651 οὐ
1199 4600 1507 4669 γενήσεται.
1558 4603 1616 4656 Ὀ

32 4682 292 4758 δεύτερος
312 4687 463 4742 ἔσται
482 4690 540 4742 ὲν
568 4690 853 4763 ἱερωσύνῃ.
889 4691 946 4745 Ὀ
964 4692 1166 4763 τρίτος,
1188 4694 1616 4768 ὲπικληθήσεται

104 4822 155 4888 (1
167 4821 226 4899 7_)
243 4824 719 4899 ΔΚατεῑσιῖάτιη(ταν.
755 4829 1170 4899 Κατεπόνησαν,
1204 4831 1386 4886 nimiis
1414 4831 1615 4889 labori-

34 4888 694 4979 bus-geratigarunt,‘sive
716 4888 1074 4979 confecerat}
1106 4888 1277 4979 Cium.

262 4962 500 5043 ζζάςτας
530 4967 672 5043 τοὺς
704 4962 937 5043 ξέννὸυῄςζ.
972 4970 1114 5043 Πᾶσι
1142 4972 1255 5034 τοῖς
1298 4968 1485 5036 ξένοις.
1535 4972 1613 5030 In.

132 5032 224 5102 l9)
264 5034 501 5091 Μιᾶναι.
532 5032 837 5102 Μιάναντες
864 5032 1040 5093 Λίναν.
1068 5038 1149 5093 In.

113 5103 222 5175 [20)
280 5103 653 5175 ‘Arzdportsq.
688 5110 1041 5233 Ἐπάραντες,
1066 5126 1169 5166 ms.
1200 5109 1376 5169 Oxon.
1408 5112 1513 5168 Sed
1540 5117 1617 5170 le-

113 5176 282 5229 ndum
311 5188 441 5233 Duto
465 5180 794 5233 ἀπάραντες.
846 5197 897 5233 n.

37 5176 305 5251 ίιεῃςιμῐῇ
311 5188 441 5251 puto
465 5180 794 5251 ἀπάραντες.
823 5176 897 5234 in.

242 5246 500 5328 ᾘιέέρας.
520 5246 740 5328 Inserta!
756 5252 1024 5328 suntduze
1046 5267 1206 5328 voces
1229 5256 1377 5325 ἡμᾶς
1394 5256 1612 5313 ἐκεῖ.Ιι).

128 5317 226 5386 22)
283 5318 343 5370 '0
373 5318 620 5386 πρῶτος.
657 5323 776 5375 Ἔτι
804 5323 1066 5377 additum.
1096 5324 1173 5378 In.

128 5386 222 5453 ‘25)
270 5388 488 5456 Ἄρτον.
518 5394 621 5444 Ms.
654 5392 730 5447 In.

128 5458 223 5527 ‘24)
269 5458 430 5535 "Afr-ra
469 5463 675 5535 ἀπίων.
720 5462 897 5517 Minus
944 5467 1157 5533 placent
1200 5484 1321 5535 (luit:
1368 5467 1421 5520 in
1470 5467 1617 5524 hunc

38 5525 220 5581 locum
259 5525 485 5585 adnotat
520 5525 782 5597 Crabius;
825 5552 887 5588 ea
923 5525 1067 5591 enim
1106 5537 1158 5589 in
1204 5525 1441 5591 alienum
1489 5554 1615 5592 sen-

37 5612 157 5652 sum
189 5600 401 5675 detorta
422 5603 698 5675 videntur.
728 5604 808 5657 Τὰ
851 5606 1014 5673 Ἅγια
1057 5605 1164 5658 τῶν
1210 5610 1379 5675 ἁγίων
1421 5624 1616 5661 occur-

38 5678 163 5722 runt
188 5670 390 5745 passim
420 5672 475 5727 in
498 5675 669 5729 sacris
707 5670 1011 5742 litteris,'in
1047 5677 1240 5745 primis
1258 5670 1399 5732 'vero
1438 5677 1613 5734 Levit.

37 5743 475 5812 respondentque
529 5745 596 5799 iis
643 5747 951 5814 prxcipue,
1012 5743 1135 5814 qua!
1180 5758 1372 5815 sponte
1430 5750 1613 5803 oblata

104 5246 126 5529 ἷ

1723 3220 1966 3278 tempore
1998 3217 2117 3262 esto
2146 3205 2400 3260 sacerdos
2437 3202 2673 3269 Domini,
2707 3212 2765 3258 tu
2811 3214 2865 3259 et
2913 3221 3096 3260 semen
3143 3218 3297 3262 tuum

1720 3316 1896 3371 usque
1925 3301 1980 3353 in
2022 3300 2303 3353 saeculum.
2340 3316 2357 3348 ι
2395 3296 2461 3349 Ει
2491 3296 2699 3365 primus
2730 3297 2885 3350 unxit
2911 3313 2997 3351 me
3021 3297 3143 3353 oleo
3168 3315 3300 3353 san-

1720 3406 1828 3461 cto,
1862 3402 1916 3449 et
1966 3394 2115 3448 dedit
2165 3392 2300 3445 mihi
2331 3391 2539 3461 virgam
2569 3391 2784 3460 judicii.
2837 3391 3122 3447 Secundus
3166 3394 3299 3449 lavit

1722 3503 1809 3542 me
1832 3502 1973 3557 aqua
2011 3485 2234 3549 munda,
2266 3494 2322 3538 et
2349 3484 2552 3538 cibavit
2572 3482 2749 3553 (dans)
2776 3499 2970 3552 panem
3003 3494 3056 3539 et
3082 3486 3296 3552 vinum,

1721 3581 1930 3636 scilicet
1956 3579 2155 3635 Sancta
2191 3585 2529 3640 sanctorum,
2567 3585 2621 3630 et
2650 3578 3006 3633 circumdedit
3043 3594 3128 3634 me
3156 3580 3298 3633 stola

1720 3685 1910 3732 sancta
1939 3682 1993 3727 ct
2015 3673 2277 3744 gloriosa.
2304 3670 2522 3727 Tertius
2550 3671 2769 3741 byssina
2795 3687 2882 3725 me
2905 3672 3102 3739 induit,
3130 3673 3298 3727 simili

1718 3768 1918 3839 cphod.
1954 3766 2193 3832 Quartus
2228 3780 2423 3818 zonam
2473 3764 2607 3817 mihi
2646 3765 3088 3835 circumposuit,
3136 3767 3295 3823 simi-

1718 3863 1825 3916 lem
1858 3873 2134 3930 purpurae.
2163 3856 2400 3924 Quintus
2430 3872 2643 3911 ramum
2670 3858 2827 3912 olivze
2855 3858 2989 3911 mihi
3012 3860 3298 3928 deditpin-

1721 3954 1991 4027 guedinis.
2045 3951 2244 4005 Sextus
2293 3964 2557 4005 coronam
2596 3950 2762 4018 capiti
2812 3966 2936 4006 meo
2983 3952 3299 4022 circumpo-

1720 4047 1853 4102 suit.
1888 4043 2169 4114 Septimus
2195 4042 2446 4097 diadema
2480 4042 2644 4111 capiti
2689 4058 2813 4097 meo
2858 4043 3152 4098 sacerdotii
3184 4046 3297 4101 cir-

1720 4135 2056 4205 cumposuit,
2082 4143 2136 4189 et
2160 4133 2401 4203 implevit
2428 4149 2626 4188 manus
2654 4149 2805 4189 meas
2837 4136 3212 4206 thymiamate,
3237 4148 3301 4194 ut

1721 4229 2030 4284 sacerdotio
2053 4227 2310 4295 fungerer
2337 4224 2592 4279 Domino.
2622 4224 2887 4281 Dixerunt
2910 4239 3093 4281 autem
3118 4229 3254 4283 mihi
3280 4248 3299 4285 :

1727 4340 1746 4372 ς
1778 4319 1931 4386 Levi,
1964 4319 2020 4375 in
2066 4319 2167 4372 tria
2202 4316 2470 4387 principia
2500 4316 2773 4371 dividetur
2801 4333 2985 4373 semen
3023 4329 3209 4389 tuum,
3242 4322 3299 4376 in

1722 4415 1942 4485 signum
1972 4411 2160 4482 gloria:
2196 4409 2412 4464 Domini
2452 4410 2925 4478 snpervenicntis;
2958 4420 3014 4465 et
3046 4413 3141 4482 qui
3178 4430 3303 4469 cre-

1720 4506 1940 4570 diderit,
1969 4504 2146 4575 prima
2188 4518 2310 4557 sors
2333 4502 2457 4567 erit,
2480 4510 2535 4555 et
2558 4500 2732 4570 major
2760 4517 2923 4571 super
2966 4503 3144 4571 ipsum
3185 4520 3296 4559 non

1719 4602 1831 4657 fiet.
1867 4598 2156 4656 Secundus
2186 4596 2292 4651 erit
2323 4596 2377 4649 in
2410 4595 2741 4651 sacerdotio.
2776 4593 3016 4661 Tertius,
3056 4597 3106 4651 ei
3136 4612 3302 4652 voca-

1718 4697 1867 4752 bitur
1897 4709 2099 4749 nomen
2130 4705 2359 4754 novum,
2386 4688 2647 4760 quoniam
2690 4687 2806 4741 Rex
2836 4703 2902 4741 ex
2932 4687 3071 4743 Juda
3099 4703 3298 4743 exsur-

1719 4830 1977 4895 Domino,
2007 4830 2210 4885 ﬁebant
2238 4827 2437 4882 Sancta
2466 4832 2777 4897 sanctorum
2792 4867 2808 4891 ,
2839 4826 3215 4897 cedebantque
3242 4831 3301 4886 in

1720 4917 1878 4958 usum
1911 4894 2260 4956 sacerdotum
2288 4906 2341 4951 et
2390 4896 2700 4950 levitarum.
2733 4894 2921 4965 Neque
2963 4894 3138 4951 aliter
3165 4915 3300 4955 sane

1719 4973 1965 5028 sensisse
2003 4984 2281 5026 auctorem
2321 4965 2779 5020 Testamentorum
2825 4976 2986 5034 puto,
3036 4969 3167 5023 dum
3212 4972 3303 5026 hic

1718 5043 1847 5098 Levi
1876 5042 1957 5096 sic
2008 5042 2330 5113 lnqucntetn
2359 5037 2591 5113 inducit.
2621 5067 2692 5113 —-_
2723 5035 2889 5113 Recte
2928 5040 3301 5113 consideranti

1719 5115 1835 5168 haec
1867 5112 2005 5167 visio
2036 5107 2218 5184 potius
2246 5108 2462 5164 videtur
2504 5107 2695 5163 referri
2724 5109 2794 5184 ad
2842 5109 3206 5164 christianum
3247 5120 3303 5166 et

1718 5186 1962 5241 divinum
2003 5179 2195 5239 altaris
2242 5179 2790 5251 sacramentum‘s‘ub
2823 5188 3051 5248 utraque
3089 5188 3299 5251 specie;

1718 5257 1878 5325 cujus
1901 5261 1956 5307 et
1982 5254 2110 5308 hinc
2131 5266 2348 5323 quoque
2367 5253 2621 5325 primaeva
2644 5248 2779 5325 fides
2798 5261 2990 5305 contra
3018 5248 3305 5311 luere-licus

1716 5322 2096 5381 Protestantes
2119 5322 2468 5393 comprobari
2493 5331 2692 5391 potest.
2730 5323 2932 5377 Dmcu.

1796 5397 1902 5467 i225)
1941 5396 2052 5447 Καὶ
2094 5399 2125 5449 ό
2170 5397 2524 5467 πιστεύσας.
2578 5394 2687 5467 Καὶ
2735 5394 3070 5467 ἐπίστευσα,
3121 5393 3193 5467 ita
3242 5404 3303 5448 ut

1718 5463 1948 5537 πρῶτος
1978 5482 2176 5520 novam
2226 5466 2443 5519 inchoet
2479 5464 2788 5537 periodum.
2821 5463 3083 5537 Gnas._—
3110 5464 3297 5520 Graeca

1718 5533 1886 5593 verbo
1922 5549 2079 5592 lenus
2120 5537 2193 5589 ita
2236 5544 2436 5591 sonant
2481 5533 2496 5589 Ξ
2536 5533 2604 5587 Et
2636 5536 2725 5604 qui
2757 5535 3063 5597 crediderit,
3104 5550 3297 5605 magna

1718 5627 1831 5663 sors
1859 5612 1991 5670 erit,
2024 5618 2075 5660 et
2102 5623 2321 5674 magnus
2353 5623 2511 5674 super
2539 5608 2711 5674 ipsum
2739 5623 2842 5661 non
2869 5606 2957 5674 [iet
2988 5620 3004 5658 :
3039 5606 3144 5662 hoc
3179 5617 3264 5662 est

1718 5698 1867 5734 nemo
1898 5678 2068 5746 major
2096 5679 2230 5746 ipso.
