3830 6216
507 301 644 356 1059

1514 296 1980 351 TESTAMENTA
2015 294 2105 348 XII
2143 291 2763 348 PATRIARCHARUM.
3689 293 3808 346 {ratio

506 437 615 495 get,
639 435 694 476 et
724 420 881 475 faciet
908 415 1277 472 sacerdotium
1312 426 1539 472 novum,
1566 416 1872 463 secundum
1899 417 2084 477 typum

2221 407 2341 476 ,ύτῴ
2367 407 2538 476 ὄνομα
2572 405 2776 464 καινὸν,
2808 405 2888 456 ὅτι
2933 404 3182 471 βασιλεὺς
3212 406 3274 458 ἐκ
3306 404 3400 457 τοῦ
3442 405 3638 458 Ἰούδα
3687 408 3806 456 civ:-

509 515 773 585 gentium,
808 513 862 565 in
913 525 1108 564 omnes
1139 515 1347 576 gentes.
1383 503 1662 555 Adventus
1699 510 1880 554 autem
1922 499 2093 568 ipsius

510 606 825 670 ineﬂ'abilis,
859 612 917 657 ut
949 602 1229 672 preplieta:
1263 595 1532 650 Altissimi
1562 612 1625 648 ex
1659 595 1868 647 semine
1914 593 2093 646 Abra-

512 702 638 756 ham
672 701 841 770 patris
873 699 1070 753 nostri.
1105 698 1280 751 Omne
1305 691 1672 747 desiderabile
1713 690 1766 742 in
1801 688 1963 743 Israel
1998 689 2094 743 tibi

510 796 634 861 erit,
667 803 722 848 et
750 793 948 847 semini
983 801 1114 853 tuo;
1163 798 1217 842 et
1262 786 1562 842 comedetis
1602 799 1764 837 omne
1805 783 2095 852 pulchrum

513 887 657 946 visu,
693 894 748 939 et
777 898 1021 937 mensam
1053 879 1268 933 Domini
1300 876 1590 932 distribuet
1612 890 1797 928 semen
1830 883 2018 934 tuum,
2046 882 2100 926 et

512 996 578 1034 ex
610 978 742 1048 ipsis
772 984 931 1030 erunt
959 972 1242 1043 pontiﬁces
1268 979 1322 1023 et
1345 967 1585 1038 judiees,
1610 973 1663 1017 et
1692 963 1886 1017 scriba:
1912 979 1926 1028 ;
1960 977 2100 1032 quo-

515 1072 660 1124 niam
695 1070 747 1122 in
777 1085 872 1122 ore
913 1083 1105 1120 eorum
1147 1064 1491 1118 custodietur
1523 1070 1802 1117 sanctum.
1843 1075 1862 1107 ι
1901 1054 1968 1108 Ει
2005 1071 2100 1108 ex-

515 1160 862 1232 pergefactus
891 1157 1155 1220 intellexi,
1183 1156 1446 1226 quoniam
1477 1155 1580 1208 boc
1608 1151 1788 1208 simile
1819 1149 1966 1204 illius
1993 1157 2097 1203 est.

514 1252 787 1306 Abscondi
814 1267 942 1303 vero
972 1251 1073 1303 hoc
1103 1250 1156 1302 in
1183 1248 1347 1302 corde
1379 1261 1525 1304 meo.
1554 1256 1609 1300 et
1638 1258 1747 1298 non
1776 1239 2099 1295 annuntiavi

516 1344 620 1397 hoc
653 1343 905 1412 cuiquam
935 1340 1144 1393 homini
1174 1340 1226 1393 in
1255 1349 1422 1392 terra.

587 1594 679 1650 IX.
716 1614 734 1646 ι
769 1593 832 1648 Ει
856 1603 979 1664 post
1001 1595 1145 1648 duos
1181 1594 1298 1648 dies
1322 1594 1671 1647 ascendimus
1708 1609 1809 1664 ego
1851 1602 1903 1647 et
1933 1591 2103 1648 Judas

518 1688 584 1741 ad
617 1686 768 1740 Isaac
801 1701 925 1739 cum
957 1695 1112 1755 patre
1139 1694 1357 1749 nostro;
1393 1692 1446 1736 et
1476 1683 1757 1737 benedixit
1788 1684 1922 1736 milii
1951 1694 2103 1753 pater

518 1780 687 1849 patris
729 1777 854 1842 mei,
889 1777 1189 1831 secundum
1222 1792 1507 1830 sermones
1536 1775 1808 1830 visionum
1851 1791 2098 1829 mearum
2135 1773 2173 1824 Β

517 1888 656 1941 quas
677 1871 954 1936 videram;
983 1879 1036 1923 et
1061 1886 1167 1923 non
1197 1869 1367 1922 voluit
1394 1869 1472 1923 ire
1499 1870 1783 1923 nobiseum
1814 1870 1867 1923 in
1894 1868 2098 1923 Betliel.

522 1963 589 2018 Ut
618 1976 799 2018 autem
825 1964 1075 2018 venimus
1100 1963 1153 2015 in
1189 1961 1396 2026 Betbel,
1422 1962 1558 2016 vidit
1581 1972 1733 2032 pater
1755 1978 1910 2016 meus
1933 1961 2104 2016 Jacob

521 2059 574 2112 in
605 2059 816 2111 visione
843 2057 910 2110 de
951 2073 1056 2118 me,
1089 2057 1240 2126 quod
1280 2058 1497 2110 futurus
1529 2073 1705 2110 essem
1734 2057 1813 2110 eis
1845 2058 2103 2111 sacerdos

519 2152 586 2206 ad
615 2150 806 2204 Deum.
849 2149 1242 2219 Etexsurgcns
1272 2166 1430 2203 mane
1454 2150 1751 2203 dccimavit
1790 2149 1974 2201 omnia
2011 2165 2105 2218 per

519 2258 606 2296 me
638 2241 890 2295 Domino.
919 2239 982 2293 Et
1015 2243 1266 2293 venimus
1293 2241 1341 2292 in
1368 2238 1584 2293 llebi'on
1617 2240 1682 2292 ad
1712 2239 2100 2303 habitandum;

518 2346 571 2390 et
601 2336 751 2389 Isaae
800 2337 1014 2388 vocavit
1064 2350 1150 2388 me
1181 2334 1467 2396 continuo,
1511 2343 1568 2386 ut
1599 2341 1928 2386 memoraret
1971 2333 2104 2386 mibi

520 2430 690 2498 legem
739 2427 975 2488 Domini,
1020 2427 1163 2481 sicut
1193 2425 1517 2479 monstravit
1557 2425 1689 2477 milii
1718 2424 1946 2494 angelus
1987 2421 2100 2477 Dei.

519 2521 584 2576 Et
611 2521 800 2574 docuit
827 2537 911 2573 me
940 2520 1108 2588 legem
1139 2517 1455 2579 sacerdotii,
1489 2517 1913 2580 sacriﬁciorum,
1949 2515 2104 2568 holo-

519 2623 894 2667 cautomatum
919 2655 933 2676 ,
995 2612 1390 2682 primitiarum,
1419 2612 1876 2674 voluntariorum,
1902 2611 2109 2665 saluta-

521 2707 687 2759 rium.
717 2705 961 2775 Singulis
985 2705 1178 2758 diebus
1209 2705 1394 2758 docuit
1423 2721 1507 2758 me
1551 2705 1874 2773 intelligere,
1900 2714 1954 2756 et
1978 2719 2105 2772 per-

519 2799 803 2854 severabat
822 2799 873 2852 in
901 2814 987 2852 me
1009 2814 1192 2851 coram
1222 2796 1543 2851 Domino.Et
1565 2797 1703 2849 dixit
1730 2795 1861 2848 mihi
1884 2795 2104 2860 :cCave,

521 2893 619 2955 ﬁli,
640 2908 669 2945 a
695 2891 888 2960 spiritu
918 2889 1332 2954 fornicationis;
1372 2890 1458 2942 hic
1485 2890 1631 2942 enim
1659 2886 2020 2958 permanebit,
2054 2892 2108 2939 et

520 2999 615 3052 per
641 2998 826 3037 semen
857 2990 1008 3035 tuum
1042 2981 1350 3050 inquinabit
1376 2992 1582 3033 sancta.
1617 2978 1816 3046 Accipe
1838 2991 1972 3047 ergo
2009 2975 2108 3030 tibi

520 3089 772 3138 uxorem,
809 3073 987 3127 adhuc
1013 3071 1232 3142 juvenis
1261 3071 1527 3132 existens,
1564 3070 1834 3124 maculam
1868 3084 1975 3122 non
2011 3067 2107 3122 ba-

520 3167 736 3220 bentem
773 3181 948 3235 neque
977 3165 1342 3234 inquinatam,
1361 3176 1537 3233 neque
1550 3164 1615 3217 de
1632 3178 1826 3233 genere
1850 3161 2106 3230 alienige-

522 3276 715 3314 narum
730 3261 811 3314 vel
831 3256 1170 3329 gentium.Et
1200 3266 1494 3326 antequam
1527 3257 1695 3310 intres
1727 3256 1778 3308 in
1801 3263 2009 3317 sancta,
2029 3253 2106 3306 la-

521 3367 682 3416 vare;
709 3351 834 3404 etin
865 3349 1248 3415 sacriﬁcando,
1272 3351 1484 3413 lavare;
1519 3358 1573 3403 et
1597 3347 1876 3417 complens
1907 3347 2110 3401 sacriﬁ-

521 3442 688 3506 cium,
716 3456 906 3495 rursus
937 3441 1138 3494 lavare.
1161 3439 1456 3493 Duodecim
1476 3439 1731 3492 arborum
1767 3452 1980 3505 semper
2018 3437 2107 3490 lia-

521 3535 766 3589 bentium
809 3533 938 3586 folia
969 3532 1226 3601 (fruetus)
1261 3533 1394 3586 olfer
1428 3530 1684 3593 Domino,
1715 3540 1773 3584 ut
1807 3531 1972 3584 etiam
2022 3544 2106 3582 me

521 3625 797 3678 Abraham
828 3625 1035 3678 docuit.
1072 3623 1137 3676 Et
1175 3627 1358 3678 omnis
1390 3625 1644 3677 animalis
1680 3623 1890 3686 mundi,
1923 3631 1975 3675 et
2014 3637 2106 3674 vo-

523 3716 688 3769 latilis
721 3715 907 3769 mundi
955 3715 1088 3768 offer
1135 3716 1463 3769 sacriﬁcium
1521 3715 1777 3768 Domino.
1831 3713 1894 3766 Et
1927 3713 2106 3766 omnis

524 3807 684 3876 primi
714 3807 976 3877 germinis
1009 3809 1089 3861 tui
1122 3817 1175 3862 et
1214 3809 1321 3861 vini
1354 3808 1489 3862 ochr
1538 3809 1842 3877 primitias,
1897 3809 2106 3863 sacriﬁ-

523 3903 669 3955 cium
710 3901 968 3967 Domino;
1000 3911 1054 3955 et
1097 3916 1259 3954 omne
1302 3900 1631 3954 saerilicium
1690 3900 1802 3954 sale
1853 3912 2110 3967 consper-

524 4012 638 4067 ges.
675 4015 691 4045 ι

597 4087 665 4143 Χ.
709 4107 726 4137 ε
767 4087 921 4142 Nunc
967 4088 1132 4158 igitur
1174 4086 1467 4149 custodite,
1518 4098 1863 4154 qumcunque
1907 4086 2108 4137 mando

526 4184 707 4250 vobis,
743 4184 869 4247 ﬁlii;
902 4181 1166 4250 quoniam
1203 4195 1544 4250 quaecunque
1582 4179 1765 4233 audivi
1801 4193 1830 4231 a
1864 4177 2110 4248 patribus

527 4275 684 4341 meis,
714 4273 1036 4328 annuntiavi
1069 4272 1246 4326 vobis.
1275 4269 1544 4326 lnnocens
1573 4285 1693 4325 sum
1727 4269 1797 4324 ab
1830 4269 1980 4323 omni
2010 4269 2111 4323 im-

528 4369 725 4437 pietate
775 4373 958 4419 vestra
988 4372 1042 4417 et
1083 4362 1541 4432 transgressione,
1593 4376 1761 4430 quam
1809 4360 2025 4415 facietis
2057 4360 2109 4414 in

2200 497 2484 565 στήσεται,
2524 495 2617 546 καὶ
2657 495 2872 562 ποιήσει
2909 493 3177 562 ἱερατείαν
3205 493 3350 553 νέαν,
3396 491 3551 563 με.τά
3587 492 3697 542 τὶν
3733 510 3806 541 τ.-

2198 605 2300 639 πον
2330 588 2437 639 τῶν
2467 586 2658 650 ἐθνῶν,
2695 588 2772 648 εἰς
2809 586 2983 638 πάντα
3021 584 3087 636 τὰ
3129 585 3273 656 ἔθνη.
3315 586 3377 636 Ἥ
3417 585 3481 637 δὲ
3524 586 3804 654 παρουςῖε

2199 679 2361 732 αὑτοῦ
2397 680 2694 750 ἄφραστος,
2727 679 2804 741 ὡς
2836 680 3116 748 προφήτου
3147 678 3350 749 ὑψηλοῦ
3381 678 3501 747 (Ξίῖ)
3539 679 3608 730 ἐκ
3647 678 3805 746 σπέρ-

2203 788 2370 840 ματος
2417 771 2666 842 Ἀϐραὰμ
2717 771 2923 842 πατρὸς
2973 770 3150 840 ἡμῶν.
3188 772 3300 822 Πᾶν
3347 769 3718 839 ἐπιθυμητὸν
3759 772 3804 818 εἰ

2215 865 2430 936 Ἰσραήλ
2460 883 2539 916 σοι
2571 865 2746 925 ἕσται,
2777 866 2870 917 καὶ
2897 864 2974 935 τῷ
3007 864 3279 934 σπέρματί
3321 880 3445 915 σου·
3496 864 3599 914 καὶ
3631 862 3804 913 ἕζεσθε

2204 958 2309 1008 πᾶν
2334 956 2535 1026 ὡραῖον
2557 954 2769 1025 ὁράσει,
2804 956 2898 1006 καὶ
2926 953 3022 1024 τὴν
3060 953 3336 1025 τράπεζαν
3366 953 3596 1024 Κυρίου
3635 952 3804 1003 διανε-

2205 1050 2435 1119 μήσεται
2457 1047 2518 1098 τὸ
2550 1047 2767 1118 σπέρμα
2806 1063 2921 1109 σου,
2960 1047 3054 1098 καὶ
3081 1047 3137 1112 ἐξ
3165 1045 3341 1099 αὐτῶν
3363 1046 3597 1098 ἔσονται
3624 1046 3798 1115 ἀρχιε·

2207 1142 2337 1210 ρεῐς,
2370 1141 2962 1210 κριτα“ι,γραμματείς·
2989 1139 3070 1190 ὅτι
3101 1141 3190 1191 ἐπὶ
3215 1139 3493 1209 στόματος
3513 1139 3710 1191 αὐτῶν
3733 1157 3808 1204 ᾳ.-

2204 1233 2532 1303 λαχθήσεται
2558 1233 2669 1301 (27)
2692 1233 2752 1284 τὸ
2782 1233 2954 1300 ἆγιον.
2990 1252 3005 1282 ι
3040 1233 3146 1284 Καὶ
3168 1232 3524 1298 ἐξυπνισθεὶς
3573 1231 3806 1298 συνῆκα.

2205 1327 2283 1378 ὅτι
2309 1325 2466 1377 τοῦτο
2487 1326 2674 1395 ὅμοιον
2704 1324 2894 1394 ἐκείνῳ
2925 1325 3060 1377 ἐστί.
3101 1325 3274 1391 Καίγε
3303 1323 3532 1395 ἔκρυψα
3564 1323 3735 1375 τοῦτο

2206 1419 2269 1487 τῇ
2313 1416 2511 1486 καρδίᾳ
2543 1432 2666 1485 μου,
2700 1416 2792 1467 καὶ
2841 1415 2940 1467 ούκ
2972 1416 3267 1486 ἀνήγγειλα
3313 1417 3446 1470 αὐτὸ
3500 1417 3682 1470 παντὶ
3729 1417 3804 1466 αν-

2207 1508 2409 1582 θρώπῳ
2444 1512 2535 1562 ἐπὶ
2566 1511 2663 1580 τῆς
2695 1510 2818 1579 γῆς.

2278 1602 2355 1654 6'.
2392 1621 2409 1651 ι
2447 1604 2556 1656 Ka‘t
2584 1602 2701 1673 μεθ’
2730 1603 2941 1674 ἡμέρας
2970 1602 3063 1655 δύο
3084 1601 3282 1671 ἀνέϐην
3309 1600 3422 1670 ἐγὼ
3447 1601 3560 1653 καὶ
3614 1600 3808 1659 Ἰούδας

2209 1695 2346 1765 πρὸς
2405 1694 2589 1747 Ἰσαὰκ
2626 1694 2762 1764 μετὰ
2793 1695 2883 1746 τὸν
2928 1695 3139 1765 πατέρα
3177 1693 3361 1764 ἡμῶν·
3405 1693 3509 1744 καὶ
3549 1693 3808 1759 εὐλόγηῖέ

2207 1805 2274 1858 με
2300 1788 2328 1838 ὁ
2360 1785 2539 1856 πατὴρ
2576 1784 2670 1838 τοῦ
2708 1785 2911 1856 πατρός
2954 1803 3076 1857 μου,
3109 1785 3245 1838 κατὰ
3284 1785 3412 1847 τοὺς
3448 1783 3667 1852 λόγους
3712 1784 3808 1834 τῶν

2205 1877 2448 1950 ὁράσεών
2487 1895 2608 1949 μου,
2655 1871 2730 1932 ὧν
2777 1875 2942 1931 εἷδοψ
2992 1880 3086 1930 καὶ
3126 1878 3225 1930 ούκ
3267 1876 3424 1948 ἧθελε
3463 1875 3812 1945 πορευθῇπ

2209 1971 2326 2042 μεθ’
2356 1974 2388 2042 ἡ
2399 1971 2514 2042 μῶν
2537 1973 2616 2034 είς
2645 1970 2838 2042 Βεθήλ.
2885 1972 2971 2034 Ὠς
2993 1971 3050 2024 δὲ
3077 1971 3307 2041 ἤλθομεν
3329 1970 3410 2031 εἰς
3442 1967 3656 2037 Βεθὴλ,
3687 1963 3810 2018 εἶδεν

2205 2068 2233 2118 ὁ
2264 2067 2446 2136 πατήρ
2477 2083 2576 2136 μου
2622 2064 2814 2118 Ἰακὼὸ
2839 2066 2895 2117 ἐν
2929 2065 3167 2136 ὁράματι
3209 2063 3334 2132 περὶ
3366 2061 3533 2131 ἐμοῦ,
3576 2062 3666 2113 ὃτι
3706 2063 3810 2112 ξεττ

2210 2175 2307 2228 μαι
2340 2157 2523 2219 αὐτοῖς
2569 2158 2648 2218 εἰς
2694 2156 2842 2228 ἱερέα
2891 2157 3026 2226 πρὸς
3063 2155 3154 2206 τὸν
3200 2153 3350 2205 Θεόν.
3401 2152 3518 2204 Καὶ
3571 2151 3812 2211 ἀναστὰς

2206 2249 2266 2302 τὸ
2291 2249 2399 2318 (28)
2426 2248 2570 2320 πρωῒ
2604 2248 2986 2301 ἀπεδεκάτωσε
3025 2247 3201 2299 πάντα
3227 2246 3293 2298 δι’
3321 2243 3458 2314 ἐμοῦ
3491 2242 3577 2313 τῷ
3603 2244 3807 2313 Κυρίῳ.

2208 2343 2318 2394 Καὶ
2343 2342 2576 2412 ἠλθομεν
2610 2343 2689 2404 εἰς
2725 2339 2970 2411 Χεϐρὼν,
3003 2339 3095 2391 τοῦ
3128 2337 3457 2391 καταλῦσαι·
3483 2339 3587 2390 καὶ
3628 2338 3664 2388 ’1
3677 2337 3810 2388 sui:

2209 2433 2388 2487 ἐκάλει
2420 2451 2485 2503 με
2516 2432 2750 2502 συνεχῶς
2775 2431 2870 2484 τοῦ
2896 2431 3208 2501 ὑπομνῆσαί
3239 2430 3352 2500 (‘29)
3396 2447 3464 2500 με
3503 2429 3676 2498 νόμον
3705 2429 3806 2479 Κυ-

2211 2529 2346 2599 ρίου,
2383 2525 2564 2588 καθὼς
2594 2525 2760 2591 ἕδειξέ
2797 2543 2884 2596 μοι
2909 2527 2937 2577 ὁ
2962 2525 3190 2593 ἄγγελος
3228 2523 3325 2575 τοῦ
3355 2522 3521 2575 Θεοῦ.
3563 2523 3678 2575 Καὶ
3706 2521 3804 2571 ἐξί-

2207 2619 2372 2672 δασκὲ
2405 2637 2472 2690 με
2508 2618 2669 2688 νόμον
2698 2617 3016 2689 ἱερωσύνης,
3049 2617 3269 2678 θυσιῶν,
3307 2614 3804 2684 ὁλοκαυτωμάτων,

2209 2712 2495 2785 ἀπαρχῶν,
2545 2711 2830 2774 ἑκουσίων,
2880 2709 3181 2782 σωτηρίων.
3234 2710 3344 2761 Καὶ
3388 2703 3457 2777 ἧν
3502 2707 3636 2760 καθ’
3684 2706 3806 2758 Exi-

2213 2824 2342 2878 στην
2373 2805 2584 2876 ἡμέραν
2616 2802 2905 2867 συνετίζων
2946 2820 3032 2872 με,
3052 2803 3144 2855 καὶ
3169 2803 3248 2864 εἰς
3271 2801 3372 2871 ἐμὲ
3411 2799 3807 2869 ἀσχολούμενος

2207 2897 2274 2972 ἦν
2311 2899 2539 2952 ἐνώπιον
2588 2898 2814 2970 Κυρίου.
2850 2897 2960 2949 Καὶ
3003 2895 3156 2962 ἕλεγὲ
3189 2911 3304 2964 μοι·
3352 2915 3369 2943 ι
3413 2893 3688 2963 Πρόσεχε,
3732 2893 3796 2941 τέ-

2211 3011 2334 3047 κνον
2367 2993 2500 3061 (50),
2551 2992 2659 3045 ἀπὸ
2698 2990 2793 3044 τοῦ
2833 2988 3140 3059 πνεύματος
3168 2987 3269 3056 τῆς
3315 2984 3615 3057 πορνείας·
3661 2984 3806 3035 τοζτη

2134 3127 2180 3188 C
2212 3085 2319 3156 γὰρ
2341 3083 2624 3154 ἐνδελεχεῖ,
2656 3082 2750 3136 καὶ
2775 3081 2956 3154 μέλλει
2990 3079 3221 3150 μιαίνειν
3246 3077 3334 3130 διὰ
3355 3075 3454 3129 τοῦ
3487 3076 3804 3146 σπέρματπ

2213 3193 2308 3231 σου
2344 3177 2494 3244 ἅγια.
2534 3175 2678 3229 Λάϐε
2703 3170 2794 3228 οὖν
2818 3172 3028 3242 σεαυτῷ
3051 3173 3306 3240 γυναῖκα,
3341 3168 3425 3221 ἔτι
3460 3167 3590 3230 νὲος
3616 3166 3713 3226 ὢν,
3740 3167 3803 3235 μὴ

2209 3268 2434 3338 ἔχουσαν
2469 3266 2678 3338 μῶμον,
2706 3264 2840 3336 μηδέ
2864 3262 3244 3334 βεδηλωμένην
3271 3301 3286 3322 ,
3317 3262 3458 3331 μήτε
3485 3259 3605 3312 ἀπὸ
3625 3261 3802 3326 γένους

2208 3357 2519 3428 ἀλλοφύλων
2564 3357 2596 3427 ἢ
2633 3355 2822 3410 ἐθνῶν.
2872 3356 2982 3408 Καὶ
3029 3354 3137 3425 πρὸ
3178 3351 3271 3405 τοῦ
3311 3350 3588 3403 εἰσελθεῖν
3628 3351 3708 3411 εἰς
3749 3346 3801 3398 τὸ

2211 3451 2358 3518 ἆγια,
2393 3449 2576 3502 λούου·
2613 3449 2705 3501 καὶ
2748 3449 2807 3500 ἐν
2835 3447 2913 3518 τῷ
2960 3445 3128 3508 θύειν,
3174 3445 3396 3496 νίπτουο
3439 3444 3539 3494 καὶ
3582 3442 3796 3510 ἀτταρτὲ-

2209 3540 2316 3604 ζων
2358 3537 2520 3592 πάλιν
2562 3539 2662 3608 τὴν
2705 3537 2917 3602 θυσίαν,
2948 3537 3156 3590 νίπτου.
3200 3535 3423 3588 Δώδεκα
3451 3534 3695 3603 δένδρων
3731 3531 3794 3584 aL".

2209 3635 2440 3704 ἐχόντων
2470 3632 2641 3702 φύλλα
2668 3632 2908 3698 ἀνάγαγε
2933 3629 3012 3700 τῷ
3039 3629 3244 3700 Κυρίῳ,
3270 3628 3346 3690 ώς
3365 3628 3517 3698 κάμὲ
3557 3627 3793 3697 Ἀϐραὲμ

2210 3725 2434 3790 ἐδίδαξε.
2491 3725 2600 3778 Καὶ
2646 3723 2846 3786 παντὸς
2899 3719 3038 3785 ζώου
3085 3717 3352 3790 καθαροῦ,
3402 3719 3499 3770 καὶ
3555 3716 3796 3770 πετεινοί

2210 3815 2450 3888 καθαροῦ
2500 3815 2778 3887 πρόσφερε
2827 3811 3016 3865 θυσίαν
3059 3809 3138 3878 τῷ
3179 3808 3386 3880 Κυρίῳ.
3443 3808 3564 3860 Καὶ
3611 3808 3797 3866 παντὸς

2211 3907 2702 3982 πρωτογενήματός
2742 3923 2858 3966 σου,
2887 3906 2981 3959 καὶ
3006 3903 3164 3956 οἴνων
3199 3903 3477 3973 πρόσφερε
3525 3901 3794 3972 ἀπαρχὰς.

2211 4001 2399 4053 θυσίαν
2425 3997 2502 4068 τῷ
2527 3997 2715 4068 Κυρίῳ
2733 4014 2744 4025 ·
2773 3996 2868 4049 καὶ
2897 3996 3075 4048 πᾶσαν
3103 3993 3292 4046 θυσίαν
3327 3991 3487 4045 ἅλατι
3517 3993 3715 4056 ἁλιεῖς.
3753 4013 3767 4042 .-

2286 4095 2341 4146 l'.
2393 4113 2410 4142 ε
2440 4091 2553 4144 Νῦν
2597 4086 2689 4143 οὖν
2726 4088 3016 4159 φυλάξατε,
3042 4087 3141 4140 ὅσα
3176 4085 3284 4154 ἐγὼ
3307 4085 3637 4157 ἐντέλλομαι
3659 4088 3791 4156 ὑμῖν.

2210 4184 2407 4238 τέκνα·
2444 4183 2526 4236 ὅτι
2579 4182 2679 4234 ὅσα
2723 4182 2932 4251 ἥκουσα
2989 4178 3139 4250 παρὰ
3184 4177 3294 4230 τῶν
3340 4177 3605 4248 πατέρων
3662 4196 3786 4248 μου.

2212 4275 2506 4348 ἀνήγγειλα
2559 4275 2707 4345 ὑμῖν.
2750 4272 2948 4336 Ἀθῶός
2991 4273 3104 4342 εἰμι
3157 4271 3262 4324 ἀπὺ
3309 4270 3496 4340 πάσης
3552 4272 3790 4330 ἀσεϐείας

2216 4367 2368 4441 ὑμῶν
2401 4369 2494 4422 καὶ
2539 4366 2926 4440 παραϐάσεως,
2971 4365 3040 4436 ἢν
3077 4365 3330 4435 ποιήσετε
3381 4363 3479 4416 ἐπὶ
3525 4364 3785 4430 συντελείᾳ

528 4457 1005 4512 consummatione
1058 4454 1387 4509 saeculorum
1441 4453 1495 4506 iu
1531 4449 1871 4507 Salvatorem
1921 4453 2104 4506 mundi

2221 4462 2321 4515 τῶν
2348 4460 2556 4514 αἰώνων
2591 4461 2670 4522 εἰς
2700 4458 2790 4510 τὸν
2824 4457 3053 4527 Σωτῆρα
3088 4455 3181 4508 τοῦ
3210 4455 3417 4524 κόσμου
3454 4454 3781 4514 ἀσεϐοῦντες.

530 4552 694 4620 impie
724 4549 1004 4612 facientes,
1042 4548 1364 4602 seducentes
1400 4545 1585 4610 Israel,
1620 4555 1672 4600 et
1703 4545 2036 4601 suscitantes
2059 4546 2107 4600 ei

530 4643 674 4695 mala
698 4657 894 4711 magna
919 4658 948 4694 a
975 4640 1225 4693 Domino.
1249 4638 1312 4692 Et
1334 4638 1519 4708 inique
1539 4636 1754 4692 facietis
1773 4653 1895 4693 cum
1921 4636 2108 4703 lsrael,

533 4745 592 4788 ut
620 4749 728 4787 non
778 4734 1050 4788 sustineat
1086 4747 1144 4787 se
1173 4729 1476 4785 Jerusalem
1510 4745 1540 4783 a
1573 4728 1712 4784 facie
1746 4729 1974 4784 malitia:
2018 4745 2110 4783 ve-

531 4836 693 4890 strae;
721 4827 812 4880 sed
845 4824 1131 4879 scindatur
1158 4824 1341 4877 velum
1379 4822 1590 4892 templi,
1621 4830 1682 4876 ut
1719 4837 1827 4875 non
1857 4821 1996 4875 velet
2018 4822 2113 4876 de-

534 4919 867 4974 formitatem
894 4926 1152 4971 vestram.
1178 4914 1244 4970 Et
1266 4915 1655 4985 dispergemini
1679 4914 1881 4983 captivi
1906 4914 1958 4966 in
1988 4931 2112 4984 gen-

533 5013 702 5076 tibus,
739 5020 792 5064 et
823 5010 976 5064 eritis
1008 5009 1061 5062 in
1105 5007 1488 5077 opprobrium,
1530 5015 1584 5060 et
1627 5006 2065 5060 maledictionem
2093 5045 2109 5069 ,

530 5115 588 5161 et
609 5105 1112 5168 eoneulcationem;
1143 5105 1341 5156 domus
1365 5102 1509 5155 enim
1535 5116 1699 5168 quam
1727 5099 1891 5169 eliget
1920 5097 2107 5151 Domi-

535 5216 659 5264 nus,
688 5196 990 5251 Jerusalem
1019 5195 1326 5256 vocabilur,
1368 5192 1833 5263 quemadmodum
1867 5191 2111 5246 continet

533 5293 671 5348 liber
696 5289 881 5343 Enoch
911 5288 1067 5358 justi.

604 5489 716 5561 (26)
749 5491 1089 5561 ῘΑφραστος
1109 5525 1123 5551 ,
1151 5486 1238 5561 ῶς
1263 5485 1586 5561 ,προφήτου
1628 5483 1893 5552 ὑψηλοῦ.
1951 5485 2110 5551 Ἀγα-

533 5555 707 5632 πητὴζ
732 5559 806 5622 ὼς
826 5555 1114 5632 ’προφήτης
1150 5556 1424 5632 ’Υψίστουι
1444 5555 1622 5632 Δ(ἶῐιΑιι.

626 5624 716 5696 27)
754 5624 1229 5696 Φυλαχθῆσεται.
1272 5625 1638 5696 Ληφθήσεται.
1667 5624 1742 5678 ID.

625 5697 716 5754 28)
761 5701 852 5753 Td.
897 5699 1046 5750 Ἀπό.
1073 5697 1150 5750 In.

627 5762 716 5839 29)
767 5768 1148 5839 Ὑπομνῆσαι.
1191 5765 1682 5837 ’Υπομνηματίσαι.
1713 5762 1788 5820 ID.

604 5631 627 5840 ἓ

695 5633 716 5841 ξ

2214 4551 2522 4613 πλανῶντες
2547 4548 2637 4601 τὸν
2677 4545 2911 4618 Ἰσραὴλ,
2955 4547 3050 4598 καὶ
3078 4546 3455 4613 ἐπεγείροντες
3479 4545 3637 4616 αὐτῷ
3661 4546 3782 4598 κακὰ

2217 4641 2425 4712 μεγάλα
2452 4639 2604 4711 παρὰ
2631 4637 2840 4708 Κυρίῳ.
2867 4638 2975 4689 Καὶ
3003 4637 3302 4706 ἁνομήσετε
3331 4636 3430 4687 σὺν
3451 4635 3536 4705 τῷ
3565 4637 3780 4707 Ἰσραὴλ,

2213 4732 2354 4806 dare
2400 4730 2474 4801 μὴ
2511 4727 2778 4800 βαστάσαι
2822 4727 3176 4798 Ἰερουσαλὴμ
3221 4725 3330 4780 ἀπὸ
3370 4726 3675 4796 προσώπου
3710 4743 3782 4776 πο-

2213 4824 2402 4894 νηρίας
2435 4822 2588 4893 ὑμῶν
2605 4837 2619 4851 ·
2647 4819 2784 4873 ἀλλὰ
2819 4820 3004 4888 σχίσαι
3031 4818 3092 4871 τὸ
3116 4818 3317 4887 ἔνδυμα
3339 4817 3440 4870 τοῦ
3465 4818 3626 4880 ναοῦ,
3667 4819 3780 4872 ὥστε

2217 4914 2290 4986 μὴ
2314 4913 2750 4968 κατακαλύπτειν
2783 4911 3170 4983 ἀσχημοσύνην
3211 4909 3385 4980 ὑμῶν.
3415 4911 3533 4963 Καὶ
3572 4912 3780 4966 διασπε-

2215 5006 2441 5077 ρήσεσθε
2472 5007 2802 5077 αἰχμάλωτοι
2829 5008 2884 5058 ἐν
2907 5007 3020 5068 τοῖς
3045 5005 3241 5065 ἔθνεσι,
3267 5004 3578 5058 καὶέσεσθε
3597 5008 3675 5070 εἰς
3693 5008 3778 5071 (3h

2213 5097 2534 5166 ὀνειδισμὸν,
2589 5098 2682 5150 καὶ
2728 5097 2994 5167 κατάραν,
3033 5097 3129 5148 καὶ
3168 5099 3554 5169 καταπατημα
3577 5117 3590 5128 ·
3633 5102 3661 5152 ὁ
3695 5101 3779 5166 γὰρ

2213 5186 2378 5252 οἶκος,
2397 5189 2454 5242 ὃν
2472 5189 2537 5243 ἂν
2559 5189 2846 5260 ἐκλέξηται
2869 5190 3093 5260 Κύριος,
3131 5190 3504 5262 Ἰερουσαλὴμ
3536 5195 3778 5265 κληθήσε-

2215 5297 2330 5344 ται,
2381 5281 2562 5345 καθὼς
2589 5281 2834 5352 περιέχει
2867 5281 3044 5351 βίϐλος
3089 5282 3256 5352 Ἑνὼχ
3278 5282 3374 5335 τοῦ
3414 5284 3636 5338 δικαίου
3667 5286 3772 5356 (liii.

2307 5484 2394 5553 50)
2440 5483 2672 5537 Τέκνον.
2707 5482 2946 5553 Σεαυτῷ.
2974 5483 3050 5537 In.

2307 5554 2397 5618 51)
2441 5557 2561 5618 Εἰς.
2611 5555 2758 5605 Ἐκεῖ
2790 5554 3058 5608 additum.
3099 5555 3174 5608 In.

2289 5623 2398 5695 (32)
2439 5626 2658 5695 Βίϐλος
2704 5624 2884 5691 Ἑνὼχ
2932 5624 3037 5678 τοῦ
3062 5623 3315 5677 δικαίου.
3366 5624 3495 5678 Jam
3538 5641 3694 5695 Supra
3726 5627 3766 5676 in

2216 5693 2870 5768 Testamento_Sim_eo_nis
2903 5695 2931 5765 §
2957 5695 3303 5768 v,_citavera_t
3322 5695 3507 5764 aliqua
3535 5693 3768 5768 είχαρατ

2216 5765 2377 5837 κτῆρι
2420 5764 2640 5836 γραφῆς
2679 5763 2867 5833 Ἑνὼχ,
2910 5763 2974 5819 ὀι
3013 5764 3123 5832 jam
3159 5765 3215 5819 in
3260 5763 3768 5821 Testamento'ljevi

2376 5484 2398 5696 ἓ
