3830 6216
124 351 278 406 1061
1361 351 1705 406 fESTAMEl‘

1824 353 1870 406 Μ
1932 347 2126 410 ιΕνιξ
3285 355 3421 410 1062

204 469 324 519 1Α’.
364 486 381 516 ‹
420 465 547 519 Ὅτε
589 470 682 520 οὑν
704 469 892 524 ἔλαϐον
919 476 1179 539 γυναῖκα,
1200 471 1286 544 κη’
1318 473 1456 526 ἐτῶν
1487 475 1654 546 ἤμην,

1910 473 2002 528 XI.
2040 493 2058 524 ο
2094 472 2324 540 Quando
2357 475 2520 545 igitur
2545 475 2732 545 accepi
2761 487 3014 537 uxorem,
3045 487 3195 526 cram
3247 485 3419 523 anim.

109 557 307 629 ὄνομα
351 558 557 629 Μέλχα.
600 562 708 614 Καὶ
755 563 1093 618 συλλαϐοῦσα
1131 566 1305 628 ἔτεκε,
1352 568 1444 619 καὶ
1495 567 1705 621 ἐκάλεσε

1834 583 1955 621 rum
1983 567 2076 630 28,
2112 569 2198 621 cui
2235 582 2434 621 nomen
2467 576 2584 622 erat
2614 566 2843 622 Melcha.
2873 563 2940 618 Et
2967 563 3286 634 concipiens
3325 577 3419 631 pc—

107 651 183 704 τὸ
212 651 395 721 ὄνομα
419 652 582 705 αὐτοῦ
606 653 835 725 Γηρσάμ
861 656 995 726 (55)·
1019 659 1100 710 ὅτι
1128 659 1184 709 ἐν
1213 661 1278 729 τῇ
1305 661 1374 729 γῇ
1403 657 1561 729 ἡμῶν
1585 659 1705 730 πάρ

1827 658 1970 726 perit
1995 659 2260 728 (lilium),
2291 669 2344 712 et
2373 660 2590 714 vocavit
2614 674 2812 712 nomen
2840 657 2960 726 ejus
2983 656 3207 711 Gersam
3233 675 3247 722 ;
3275 671 3421 726 quo-

109 757 284 794 οικοι
323 739 465 813 iussi;
489 759 502 772 ·
531 743 762 816 Γηρσάμ
803 746 910 818 γὰρ
954 749 1232 816 παροικία
1259 751 1546 821 γράφεται.
1570 747 1722 803 Εἶδον

109 832 178 886 δὲ
212 834 350 904 περὶ
370 833 556 896 αὑτοῦ,
583 835 663 887 ὃτι
698 837 800 889 οὐκ
823 837 977 892 ἔσται
1008 840 1066 892 ἐν
1105 840 1296 914 πρώτῃ
1327 840 1499 908 τάξει.
1541 843 1650 894 Kal
1692 843 1723 893 6

113 924 293 977 Καὰθ
338 926 598 998 ἐγεννήθη
634 929 942 1000 τριακοστῷ
985 932 1224 1002 πέμπτῳ
1256 932 1401 997 ἔτει,
1429 933 1567 1005 πρὸς
1597 935 1722 986 ava-

110 1015 296 1080 τολὰς
345 1018 517 1088 ἡλίου.
552 1016 707 1072 Εἶδον
729 1020 785 1074 δὲ
809 1023 866 1074 ὲν
887 1023 1146 1094 ὁράματι,
1175 1024 1257 1076 ὅτι
1299 1024 1463 1094 μέσος
1497 1026 1555 1077 ὲν
1585 1024 1722 1095 ὑψη-

111 1107 243 1172 λοῖς
278 1109 462 1163 ἵστατο
486 1112 665 1183 πάσης
689 1113 787 1184 τῆς
815 1115 1156 1184 συναγωγῆς.
1191 1115 1465 1194 Διάύτοῦτο
1486 1117 1719 1171 ἐκάλεσα

109 1200 184 1253 τὸ
223 1203 398 1272 ὄνομα
425 1205 587 1258 αὑτοῦ
622 1206 799 1270 meo,
831 1207 860 1259 ὅ
881 1209 1046 1272 ἐστιν,
1070 1209 1228 1279 ἀρχὴ
1253 1188 1592 1280 ξλεγαλείου,
1625 1215 1720 1266 καὶ

111 1295 566 1364 συμϐιϐασμός.
601 1298 709 1350 Kal
735 1298 917 1369 τρίτον
942 1300 1096 1353 ἔτεκέ
1121 1319 1210 1370 μοι
1234 1303 1326 1355 τὸν
1352 1305 1570 1376 Μεραρὶ
1596 1322 1719 1357 τεσ-

114 1386 461 1457 σαρακοστῷ
510 1386 618 1440 ἔτει
650 1387 794 1459 ζωῆς
825 1407 947 1458 μου.
987 1393 1095 1444 Kal
1135 1394 1323 1465 ἐπειδὴ
1357 1395 1716 1469 ὲδυστόκησεν

113 1478 156 1544 ἡ
183 1479 378 1548 μήτηρ
400 1479 586 1541 αὑτοῦ,
620 1479 876 1534 ἐκάλεσεν
899 1481 1062 1535 αὑτὸν
1094 1485 1312 1556 Μεραρὶ
1338 1487 1470 1556 (54),
1520 1489 1548 1540 ὃ
1574 1490 1713 1552 ἐστι,

113 1571 342 1636 πικρία
375 1587 514 1639 μουο
557 1572 820 1639 ὃτικαίγε
846 1573 1010 1638 αὐτὸς
1033 1575 1323 1632 ἀπέθανεν.
1365 1580 1427 1632 Ἡ
1454 1580 1512 1632 δὲ
1551 1583 1718 1653 Ἰοχα-

114 1660 226 1712 ϐὲδ
252 1660 326 1725 ξδ’
352 1661 458 1714 ἔτει
481 1663 675 1734 ἐτέχθη
711 1665 767 1716 ἐν
793 1663 1058 1737 Αἰγύπτῳ
1092 1668 1224 1740 (55)·
1255 1669 1463 1738 ἔνδοξος
1488 1673 1545 1726 δὲ
1569 1675 1718 1745 ἥμην

113 1754 256 1806 τότε
298 1756 356 1807 ὲν
389 1755 538 1826 μέσῳ
561 1756 668 1809 τῶν
693 1758 937 1829 ἀδελφῶν
967 1778 1091 1832 μου.

209 2018 310 2070 ῐΒ’.
355 2037 372 2067 ι
403 2018 510 2070 Kal
550 2017 740 2070 ἔλαϐεν
784 2020 812 2072 6
859 2019 1088 2090 Γηρσὰμ
1117 2025 1372 2089 γυναῖκα,
1416 2025 1508 2076 καὶ
1536 2024 1720 2078 ἔτεκεν

116 2108 289 2179 αὐτῷ
329 2109 418 2162 τὸν
467 2110 641 2180 Δομνὶ
687 2109 820 2180 (56),
866 2111 958 2164 καὶ
1002 2113 1188 2182 Σεμεΐ.
1235 2115 1345 2166 Kal
1389 2115 1495 2168 υἱοὶ
1537 2117 1714 2170 mae-

132 2202 365 2273 Ἀϐρὰμ
392 2202 525 2272 (57),
561 2201 746 2272 Ἱσαάρ
775 2201 911 2272 (58),
939 2203 1164 2274 Χεϐρὼν
1187 2244 1200 2267 ,
1257 2205 1456 2278 Ὀζιήλ.
1491 2208 1599 2260 Kal
1619 2209 1722 2261 υἱοὶ

116 2295 377 2367 Μεραρί·
403 2294 590 2365 Μολθῆ
614 2295 724 2365 (59)
744 2295 836 2348 καὶ
866 2296 1108 2366 Ὀμοισῆ.
1130 2297 1240 2350 Καὶ
1259 2297 1336 2369 τῷ
1355 2300 1721 2372 ὲννενηκοστῷ

113 2389 382 2458 τετάρτῳ
407 2387 514 2440 ἔτει
545 2405 648 2458 μου
690 2387 882 2441 ἔλαϐεν
919 2388 1131 2460 Ἀϐράμ
1150 2392 1249 2462 τὴν
1288 2392 1520 2462 Ίοχαϐὲδ
1556 2392 1722 2462 Θυγα-

115 2479 270 2550 τέρα
308 2495 406 2548 μου
436 2477 613 2549 ἑαυτῷ
641 2480 721 2542 είς
752 2483 1016 2546 γυναῖκα·
1063 2481 1144 2533 ὅτι
1169 2483 1227 2534 ὲν
1263 2483 1359 2552 μιᾷ
1397 2483 1578 2554 ἡμέρᾳ
1599 2484 1722 2551 ἐγε-

115 2569 378 2642 νήθησαν
424 2571 586 2634 αὐτὸς
629 2572 727 2624 καὶ
773 2573 805 2642 ἡ
863 2571 1109 2644 θυγάτηρ
1174 2590 1298 2644 μου.
1360 2575 1533 2628 Ὀκτὼ
1578 2576 1718 2630 ἐτῶν

114 2665 307 2734 ἤμην,
343 2663 430 2715 ὅτε
474 2663 720 2734 εἰσῆλθον
767 2665 845 2728 εἰς
896 2665 1150 2717 Χαναὰν·
1198 2667 1294 2719 καὶ
1344 2667 1717 2721 ὀκτωκαίδεκα

115 2756 296 2818 ἐτῶν,
351 2757 437 2808 ὅτε
468 2755 765 2809 ἀπέκτεινα
797 2756 888 2809 τὸν
925 2757 1110 2828 Συχέμ
1132 2775 1145 2786 ·
1195 2759 1290 2811 καὶ
1331 2760 1718 2815 ἐννεακαίδεκα

115 2849 230 2918 ἔτη
281 2847 568 2918 ἱεράτευσα
618 2847 750 2918 (40)·
779 2849 874 2900 καὶ
914 2847 1117 2902 εἴκοσιν
1160 2850 1304 2903 ὀκτὼ
1340 2851 1498 2915 ἐτῶν,
1531 2852 1718 2906 ἔλαϐον

116 2943 397 3010 γυναῖκαο
428 2941 522 2993 καὶ
569 2941 978 3012 τεσσαράκοντα
1013 2941 1173 3003 ἐτῶν,
1225 2943 1472 3014 εἰσῆλθον
1516 2947 1597 3009 είς
1626 2947 1720 2999 Αἵ-

118 3048 360 3100 γυπτον.
411 3031 520 3082 Καὶ
564 3031 674 3084 ἰδοὺ
700 3070 715 3094 ,
763 3031 928 3084 τέκνα
974 3031 1075 3102 μού
1112 3033 1273 3097 ἐστε,
1330 3035 1488 3107 τρίτη
1533 3039 1714 3106 γενεά.

131 3123 347 3194 Ἰωσὴφ
384 3122 660 3194 ἑκατοστῷ
697 3123 867 3196 ὀγδόῳ
911 3125 1003 3178 καὶ
1047 3126 1259 3199 δεκάτῳ
1307 3144 1406 3198 μου
1447 3128 1554 3182 ἔτει
1584 3131 1718 3186 ἀπέ-

117 3220 153 3273 Θ
164 3236 288 3274 ave.

213 3311 308 3364 li".
343 3329 359 3360 ι
386 3310 492 3362 Kal
524 3308 618 3362 νῦν
649 3309 781 3381 (lii),
803 3309 969 3363 τέκνα
990 3327 1110 3381 μου,
1141 3310 1449 3382 ἐντέλλομαι
1472 3314 1602 3384 ὑμῖν
1621 3332 1716 3384 φο-

119 3442 249 3483 non
283 3425 456 3478 solum
487 3425 588 3478 hoc
617 3423 644 3494 ᾗ
673 3441 726 3484 x.
772 3424 864 3479 sed
890 3433 944 3478 et
969 3435 1152 3494 postea
1187 3425 1233 3548 ἦν
1266 3443 1350 3480 xtv
1376 3438 1428 3480 et
1461 3444 1574 3493 xw,
1610 3430 1715 3483 sub

119 3496 297 3548 titulo
317 3494 532 3548 γραφῆς
556 3505 609 3548 et
634 3494 836 3548 ϐιϐλίου
866 3495 1088 3548 allegat:
1115 3496 1166 3548 in
1239 3507 1543 3548 eslamento
1565 3498 1715 3548 Judze

118 3496 297 3554 titulo
317 3494 532 3565 γραφῆς
556 3505 609 3549 et
633 3494 836 3565 βιϐλίου
866 3495 1088 3564 allegat:
1115 3496 1166 3548 in
1191 3494 1543 3551 Testamento
1565 3498 1717 3552 Judze

118 3576 319 3639 autem
349 3565 375 3636 §
408 3581 559 3639 xviii,
593 3567 647 3618 in
683 3565 878 3639 plurali
902 3581 1131 3639 n_um_ero
1157 3565 1380 3639 βιϐλίοις
1418 3566 1587 3639 Ἑνὼχ
1619 3569 1714 3622 τοῦ

115 3635 629 3711 δι-καίουέιιιιειιθηι
661 3636 902 3711 adducit.
939 3635 1262 3711 lr_t_Za_bu|o_n
1293 3637 1319 3708 ᾗ
1353 3655 1424 3711 ⁸ιιι
1445 3677 1459 3699 ,
1497 3635 1715 3711 γραφὴν

117 3709 306 3780 νόμου
340 3705 525 3780 ἙνὼχΔ
553 3705 831 3780 appellat__:
869 3706 921 3758 iu
968 3705 1314 3780 Nephthalim
1347 3708 1470 3778 §Iv,
1497 3705 1716 3780 γραῴἧν

116 3776 303 3847 ἁγίαν
329 3787 484 3831 vocat
507 3776 661 3848 juxta
687 3776 932 3848 codicem
972 3776 1495 3848 Cantabrigiensem,
1512 3776 1717 3848 quani-

118 3845 302 3919 \‘i‘sAin
333 3845 725 3919 codiceAOxon.
753 3861 858 3899 vox
885 3847 1047 3919 άγίαν
1093 3848 1171 3919 sit
1203 3845 1406 3919 omissa
1435 3865 1447 3900 :
1482 3845 1716 3919 denique

119 3922 194 3974 in
213 3917 493 3988 Benjamin
519 3916 546 3987 §
569 3931 644 3983 Ix,
669 3917 859 3984 λόγους
900 3916 1068 3987 Ἑνὼχ
1081 3917 1174 3970 τοῦ
1195 3918 1404 3972 δικαίου
1426 3916 1712 3974 memorat.

120 3991 322 4124 IDiSJ‘i)
351 4058 623 4129 Γηρσάμ.
660 4057 886 4122 Eodem,
943 4073 1055 4129 quo
1103 4058 1230 4112 Levi
1285 4061 1712 4129 primogenitum

121 4131 312 4212 ﬁlium
350 4127 571 4213 vocavit
616 4132 880 4213 nomine,
909 4140 962 4210 et
1008 4127 1220 4213 Moyses
1270 4127 1547 4213 pronepos
1585 4131 1713 4186 Levi

117 4201 369 4272 primam
421 4203 626 4269 prolem
678 4199 992 4268 appellavit,
1042 4199 1108 4252 et
1139 4201 1211 4253 ob
1257 4199 1508 4254 eamdem
1544 4204 1715 4255 ratio—

121 4286 287 4347 nem.
332 4268 583 4347 Nauiuuti
629 4271 732 4347 hoc
765 4271 906 4347 lo_co_
928 4271 1131 4347 dicitur
1151 4271 1218 4347 de
1243 4271 1356 4347 lilio
1393 4270 1522 4347 Levi
1553 4273 1714 4347 ικαὶ

118 4341 364 4413 ἐκάλεσε
388 4340 448 4413 τί)
470 4340 639 4413 ὄνομα
676 4339 839 4391 αὑτοῦ
868 4339 1320 4413 Γηρσάμζλὸτι-ξν
1355 4343 1420 4412 τῇ
1453 4344 1522 4412 γῇ
1541 4342 1712 4413 ἡμῶν

121 4406 692 4484 πάρο-ικοιῆμενξριιὶ
722 4406 962 4484 quoque
985 4406 1193 4484 de:lilio
1237 4406 1420 4484 Musis"
1440 4406 1710 4484 svo-“prium

117 4480 442 4551 estih‘xod.
463 4480 539 4546 'It,
565 4480 657 4551 22)
690 4498 702 4532 :
743 4481 853 4551 Kal
891 4480 1246 4551 ὲπῳνόμασεν
1267 4481 1328 4532 τὸ
1348 4481 1518 4551 ὄνομα
1544 4480 1708 4534 αὑτοῦ

1828 744 1974 798 niam
2034 745 2088 798 in
2142 755 2283 799 terra
2349 757 2538 802 nostra
2603 747 2827 801 advenae
2877 763 3128 811 eramus;
3184 745 3413 800 Gersam

1824 836 1968 890 enim
2042 838 2334 891 incolatum
2397 840 2689 908 signiﬁcat.
2767 838 3018 892 Sciebam
3090 847 3274 892 autem
3346 839 3414 892 de

1826 929 1970 998 ipso,
1995 931 2141 1000 quod
2171 947 2277 983 non
2304 933 2410 986 erit
2438 933 2490 984 in
2518 933 2695 1002 primo
2719 931 3198 986 ordiue.Secundo
3234 928 3411 984 Kaath

1824 1023 2041 1092 genitus
2071 1032 2174 1088 est,
2201 1023 2256 1076 in
2287 1025 2571 1079 tricesimo
2603 1025 2798 1094 quinto
2830 1039 3000 1084 anno,
3037 1023 3104 1076 ad
3141 1022 3408 1076 orientem

1825 1115 1974 1173 solis.
2031 1115 2289 1171 Videbam
2323 1126 2507 1172 autem
2557 1119 2610 1170 in
2655 1119 2891 1182 visione,
2918 1117 3067 1187 quod
3113 1115 3325 1171 medius
3354 1115 3408 1168 in

1822 1206 2053 1260 excelsis
2083 1208 2263 1261 stabat
2293 1209 2476 1263 omnis
2509 1224 2816 1279 synagoga.
2840 1207 3069 1277 Propter
3092 1209 3196 1262 hoc
3219 1206 3408 1261 vocavi

1822 1314 2024 1353 nomen
2057 1301 2180 1370 ejus
2208 1300 2365 1366 Kaat,
2407 1304 2552 1372 quod
2600 1313 2704 1369 est,
2733 1303 3049 1372 principium
3078 1300 3409 1370 magnitudi-

1824 1391 1925 1455 nis,
1958 1400 2012 1445 et
2035 1391 2339 1446 instructio.
2376 1393 2442 1447 Et
2472 1395 2634 1449 tertio
2659 1395 2868 1465 peperit
2893 1395 3024 1448 mihi
3050 1393 3245 1448 Merari
3273 1407 3411 1462 qua-

1821 1485 2132 1557 dragesimo
2165 1503 2312 1540 anno
2337 1488 2456 1542 vita:
2482 1504 2637 1543 mete.
2672 1487 2734 1542 Et
2768 1488 2896 1558 quia
2934 1487 3222 1541 diliiculter
3245 1499 3410 1554 pepeo

1821 1581 1894 1634 rit
1915 1587 2094 1634 mater
2120 1580 2262 1650 ejus,
2292 1582 2508 1635 vocavit
2532 1596 2656 1635 eum
2691 1580 2912 1645 Merari,
2943 1580 3089 1648 quod
3121 1589 3225 1643 est,
3253 1595 3406 1631 ama-

1825 1673 2006 1726 ritudo
2032 1689 2177 1737 mea;
2205 1674 2466 1742 quoniam
2493 1687 2547 1728 et
2571 1675 2684 1743 ipse
2710 1682 2962 1726 mortuus
2993 1681 3098 1728 est.
3131 1670 3408 1724 Jochahed

1825 1781 1956 1820 vero
1981 1767 2324 1838 sexagesimo
2350 1776 2550 1836 quarto
2580 1781 2726 1820 anno
2775 1775 2898 1819 nata
2929 1773 3013 1820 est
3040 1769 3091 1817 in
3127 1763 3362 1835 .IEgyplo
3393 1783 3405 1817 :

1821 1860 2098 1931 gloriosus
2141 1873 2272 1913 vero
2311 1875 2460 1914 eram
2511 1867 2642 1913 tunc
2672 1859 2725 1912 in
2775 1859 2954 1914 medio
2983 1856 3213 1911 fratrum
3261 1873 3410 1912 meo-

1823 1966 1967 2006 rum.

1895 2043 2008 2098 XII.
2051 2064 2070 2095 ι
2105 2042 2170 2098 Ει
2221 2043 2428 2113 accepit
2467 2042 2690 2097 Gersam
2735 2058 2984 2110 uxorem,
3015 2052 3068 2098 et
3107 2042 3318 2111 peperit
3359 2042 3408 2094 ei

1822 2131 2037 2198 Lomni,
2071 2141 2124 2185 et
2149 2130 2351 2185 Semei.
2373 2130 2438 2184 Et
2466 2130 2559 2184 ﬁlii
2588 2129 2793 2196 Kaath;
2829 2133 3242 2197 Abram,lsaar,
3267 2133 3410 2186 Che-

1821 2223 1956 2276 bron
1979 2230 2031 2276 et
2054 2220 2224 2277 Oziel.
2252 2219 2317 2276 Et
2344 2222 2439 2275 lilii
2465 2221 2660 2275 Morari
2686 2240 2700 2286 ;
2725 2221 2912 2282 Monii,
2938 2231 2993 2277 et
3014 2221 3229 2276 Omusi.
3264 2219 3330 2274 Et
3351 2223 3406 2274 iu

1822 2315 2176 2384 nonagesimo
2206 2324 2404 2383 quarto
2440 2329 2585 2367 anno
2622 2329 2765 2379 meo,
2815 2314 3027 2383 accepit
3056 2314 3272 2382 .Abram
3314 2311 3408 2365 Jo~

1821 2405 2031 2461 chabed
2071 2406 2238 2460 tiliam
2280 2420 2460 2460 meam
2496 2405 2598 2460 sibi
2642 2405 2693 2458 iu
2729 2421 2994 2472 uxorem;
3040 2405 3303 2475 quoniam
3350 2404 3405 2458 iu

1821 2515 1930 2552 una
1958 2498 2046 2552 die
2083 2497 2194 2551 nati
2227 2506 2378 2564 sunt,
2411 2497 2526 2567 ipse
2553 2506 2607 2551 et
2651 2497 2758 2550 lilia
2792 2513 2933 2551 mea.
2967 2496 3105 2552 Octo
3136 2513 3403 2551 annorum

1819 2605 1992 2653 eram,
2030 2591 2252 2659 quando
2295 2590 2574 2661 ingressus
2607 2606 2728 2644 sum
2761 2605 2962 2644 terram
3008 2590 3308 2656 Chanaan;
3352 2598 3406 2643 et

1820 2682 2127 2738 octodecim
2173 2697 2468 2749 annorum,
2514 2685 2738 2752 quando
2782 2682 3027 2736 interfeci
3067 2681 3319 2748 Sichem;
3351 2689 3406 2736 et

1821 2792 2017 2830 novem
2049 2777 2228 2832 decim
2262 2792 2533 2831 annorum
2576 2776 2887 2833 sacerdotio
2915 2776 3136 2830 functus
3161 2791 3280 2830 sum
3306 2793 3320 2842 ;
3351 2785 3406 2830 et

1819 2868 2012 2937 viginti
2057 2876 2182 2923 octo
2224 2883 2520 2934 annorum,
2565 2867 2748 2937 accepi
2789 2876 3132 2932 uxorem;et
3165 2867 3389 2937 quadra-

1820 2957 1969 3028 ginta
2019 2974 2314 3022 annorum,
2370 2959 2654 3029 ingressus
2708 2975 2833 3012 sum
2885 2959 2938 3012 in
2981 2957 3300 3030 AEgyptum.
3341 2960 3407 3013 Et

1819 3064 1968 3114 ecce,
1996 3049 2093 3104 lilii
2115 3052 2220 3104 mei
2245 3051 2400 3117 estis,
2435 3051 2593 3104 tertia
2619 3051 2922 3122 generatio.
2947 3049 3146 3120 Joseph
3171 3053 3406 3106 centesi-

1821 3159 1914 3197 tno
1937 3151 1991 3198 et
2011 3144 2225 3199 decimo
2246 3153 2442 3199 octavo
2478 3159 2626 3200 anno
2654 3145 2835 3198 :L-tatis
2859 3159 2992 3198 meae
3023 3153 3274 3200 mortuus
3299 3157 3403 3200 est.

1888 3308 2026 3364 Xlll.
2063 3308 2130 3364 Et
2153 3326 2319 3378 nunc,
2355 3311 2452 3366 ﬁlii
2483 3311 2612 3377 mei,
2641 3313 2842 3367 mando
2875 3311 3032 3366 vobis
3064 3320 3123 3366 ut
3161 3308 3403 3366 uincatis

1818 3422 2284 3495 temporisautem
2314 3425 2624 3495 contrarius
2657 3426 2876 3495 quidem
2907 3434 2992 3480 est
3027 3425 3242 3478 auctori
3299 3441 3401 3479 no—

1818 3503 1934 3548 stro
1974 3492 2039 3546 R.
2081 3493 2302 3547 Salonio
2345 3494 2554 3559 Jarchi,
2606 3492 2698 3562 qui
2742 3512 2862 3550 eam
2908 3500 3020 3550 vult
3056 3506 3236 3549 natam
3264 3495 3402 3549 inter

1817 3580 1996 3616 muros
2023 3564 2074 3617 in
2105 3565 2218 3634 ipso
2246 3565 2484 3634 ingressu
2509 3567 2561 3619 in
2591 3564 2883 3636 /Egyptum
2912 3582 2930 3620 :
2970 3575 3055 3621 ast
3086 3578 3244 3619 antea
3269 3581 3401 3620 con—

1818 3646 2050 3702 ceptam,
2100 3637 2345 3703 adeoque
2383 3637 2524 3689 inter
2553 3639 2771 3706 triginta
2819 3645 2930 3692 tres
2960 3638 3173 3690 animas
3203 3651 3400 3690 nume—

1818 3714 1922 3778 rat,
1945 3720 2067 3774 quaa
2101 3706 2476 3778 cudearjobo
2515 3706 2810 3777 Egyptum
2850 3708 3107 3778 ingressa:
3140 3707 3399 3778 dicuntur

1819 3775 1973 3840 (Gen.
2010 3791 2156 3836 xm,
2191 3776 2300 3836 15).
2331 3776 2507 3842 Quam
2556 3775 2870 3842 opinionem
2913 3775 3077 3831 etiam
3124 3777 3248 3831 aliis
3277 3778 3402 3831 rab-

1819 3844 1958 3916 biuis
1998 3847 2270 3916 placuisse
2295 3857 2525 3902 testatur
2556 3844 2836 3903 Manasses
2879 3847 3164 3901 Conciliat.
3204 3855 3397 3916 quiest.

1817 3915 1906 3977 62,
1937 3916 1991 3968 in
2017 3915 2262 3970 Genesin.
2296 3916 2495 3972 Verum
2531 3920 2728 3972 merito
2756 3919 2838 3972 his
2863 3915 3400 3972 contradixitAben-

1815 4000 1962 4049 ezra,
1999 4003 2197 4056 urgens
2224 3988 2326 4042 hac
2370 3990 2582 4043 ratione
2611 3987 2984 4042 Jochabedam
3045 3988 3220 4042 fuisse
3263 4003 3399 4041 ceu-

1818 4065 1934 4109 tum
1967 4067 2022 4110 et
2066 4059 2287 4127 triginta
2315 4073 2607 4123 annorum,
2641 4059 2865 4128 quando
2893 4058 3118 4128 Moysen
3149 4058 3391 4128 peperit;

1817 4142 1942 4180 cum
1992 4125 2172 4181 tamen
2221 4128 2505 4198 Scriptura
2547 4125 2799 4184 miraculi
2833 4125 3009 4183 instar
3036 4125 3256 4198 referat,
3295 4125 3397 4180 Sa-

1818 4212 1934 4268 ram
1968 4197 2397 4267 uouagenariain
2435 4201 2710 4268 peperisse
2742 4199 3010 4254 lsaacum.
3050 4197 3396 4267 Quapropter

1815 4267 2094 4323 existimat
2145 4269 2322 4338 ipsum
2354 4267 2616 4324 Jacobum
2669 4270 2808 4324 inter
2847 4271 2981 4325 istos
3032 4270 3396 4338 trigintajres

1817 4337 2238 4405 numerandum,
2268 4339 2638 4395 Jochabedam
2670 4351 2851 4394 autem
2878 4341 2971 4394 diu
3000 4339 3208 4408 postiin
3233 4337 3398 4408 Egy-

1817 4417 1910 4476 pto
1941 4418 2121 4462 natam
2157 4426 2305 4469 esse.
2341 4410 2540 4464 Eadem
2559 4427 2683 4465 cum
2716 4407 3094 4466 Ahenezra’R.
3125 4407 3250 4462 Levi
3285 4407 3392 4462 Ben

1817 4476 2024 4532 Gerson
2063 4488 2117 4533 et
2167 4480 2561 4534 Aharbanelem
2601 4483 2803 4535 sentire
2831 4523 2844 4545 ,
2902 4482 3069 4535 rel'ert
3113 4478 3394 4532 Manasses

117 4550 606 4633 qugap,~léxmv,
633 4548 716 4633 ὅτι
744 4550 1002 4633 πάροικος
1025 4548 1138 4633 aiunt
1161 4553 1217 4603 ἐν
1237 4554 1307 4622 γῇ
1336 4548 1610 4633 ἀλλοτρίᾳ,
1638 4557 1705 4605 uti

1824 4548 1945 4602 loco
1975 4549 2161 4604 citato.
2193 4552 2372 4620 Atque
2393 4552 2670 4633 .sic.etiam
2703 4559 3135 4633 nos_ter_au_ctor,
3176 4550 3270 4618 qui
3301 4549 3391 4633 in-

119 4620 445 4678 γεἰίείοτῶν
473 4620 526 4674 0'
563 4630 743 4686 sonat,
776 4620 868 4689 qui
890 4629 1068 4674 tamen
1095 4620 1228 4675 Geu.
1257 4620 1402 4684 XLVI,
1431 4620 1710 4690 “posue-

120 4701 266 4748 runt
303 4690 548 4763 Γηρσὼν,
581 4708 687 4763 non
723 4690 1143 4763 Γηρσάμ,ί;ιιιεο
1188 4703 1244 4745 ut
1283 4692 1491 4745 ulrovis
1542 4694 1706 4746 modo

120 4771 285 4818 recte
310 4761 545 4817 dicatur.
583 4761 726 4816 Vitio
758 4771 940 4816 autem
983 4762 1333 4815 librariorum
1381 4764 1576 4816 merito
1623 4771 1707 4816 at-

119 4833 544 4904 tribuitﬂaliam
600 4834 764 4901 hujus
812 4832 1054 4904 nominis
1103 4833 1392 4904 lectionem
1443 4833 1706 4904 Origenes

120 4917 272 4959 tom.
334 4902 444 4956 Vlll
505 4898 798 4956 Comment.
840 4903 896 4954 in
955 4900 1116 4955 Joan.
1153 4918 1204 4970 p.
1256 4903 1358 4955 152
1397 4921 1408 4955 :
1452 4898 1567 4966 Εἷξ
1599 4903 1705 4956 τῶν

117 4973 268 5027 υιών
313 4973 462 5034 Λευῒ,
509 4975 537 5024 6
582 4973 816 5044 πρῶτος,
846 4971 1028 5044 Γεσὼν
1056 4974 1112 5044 ἐν
1136 4975 1264 5044 τοῖς
1296 4972 1576 5044 πλείστοις
1598 4973 1706 5025 τῶν

115 5045 480 5114 ἀντιγράφων
503 5040 834 5114 ὠνόμασται,
864 5043 983 5094 ἀντ)⁹
1014 5043 1107 5114 τοῦ
1134 5040 1358 5114 Γηρσὼν
1379 5082 1393 5104 ,
1418 5043 1705 5114 ὁμώνυμος

115 5061 290 5112 αντιγ
330 5061 480 5112 αφων
503 5061 834 5114 ωνομασται,
864 5061 983 5094 αντι
1014 5061 1107 5095 του
1134 5061 1154 5094 ι
1176 5061 1358 5113 ηρσων
1379 5082 1393 5104 ,
1418 5061 1705 5114 ομωνυμος

111 5061 414 5183 τυγχίνων
438 5114 515 5184 τῷ
540 5114 868 5184 πρωτοτόκῳ
896 5113 1157 5184 Μωσέῳς,
1185 5113 1461 5184 ὲκατέρῳν
1495 5113 1582 5165 διὰ
1606 5115 1705 5184 τὴν

116 5182 424 5254 παροικίαν
446 5182 502 5237 ἐν
519 5182 597 5255 γῇ
613 5182 866 5255 ἀλλοτρίᾳ
904 5182 1266 5255 γεννηθέντῳν
1286 5223 1301 5246 ,
1327 5182 1420 5235 τοῦ
1446 5182 1705 5254 ὀνόματος

113 5252 365 5326 ἑτοίμως
408 5252 675 5326 κειμένου.
733 5252 878 5326 Unus
929 5252 1176 5326 ﬁliorum;
1193 5252 1340 5315 Levi,
1371 5252 1609 5322 primus,
1649 5256 1704 5307 in

112 5323 374 5398 pluribus
413 5323 808 5398 eae'mplaribus
833 5323 1000 5378 Geson
1033 5324 1335 5398 nominatus
1377 5332 1458 5377 est
1507 5341 1602 5393 pro
1645 5341 1701 5398 eo

113 5394 275 5464 huod
304 5406 380 5447 est
415 5395 632 5460 Gersou,
658 5395 891 5464 ejusdem
931 5394 1158 5447 nominis
1191 5396 1420 5448 existens
1449 5411 1565 5446 cum
1593 5397 1699 5465 pri-

111 5467 396 5534 moyenito
415 5466 629 5536 Moysis,
654 5467 862 5519 nomine
879 5477 997 5536 apte
1018 5465 1251 5536 utrisque
1273 5465 1539 5534 imposito,
1564 5467 1698 5535 quod

113 5536 309 5609 geniti
327 5534 628 5609 fuissentin
657 5545 795 5589 terra
816 5535 1031 5609 aliena.
1057 5534 1134 5589 In.

204 5606 320 5676 (54)
344 5608 582 5674 Μεραρί.
604 5605 886 5677 Μερςιιρήντ
913 5605 994 5677 ΑΙΙ).

201 5674 428 5748 (55)-’11
460 5677 528 5730 δὲ
563 5674 830 5746 Ἰοχὰϐἑδ
863 5674 946 5748 ξδ’
968 5676 1094 5748 ,ἔτει
1139 5674 1349 5748 ἐτέχθη
1400 5679 1469 5728 ἐν
1500 5747 1503 5748 ν
1529 5678 1700 5744 Αίγύ-

115 5745 275 5810 πτῳ.
309 5745 463 5802 Hunc
493 5750 668 5801 locum
711 5747 1010 5800 nativitatis
1042 5745 1364 5800 Jochahedm
1400 5747 1699 5814 assignavit

115 5823 246 5891 ipse
302 5819 419 5888 ejus
462 5819 604 5873 [ilius
649 5819 861 5890 Moyses
893 5815 1082 5888 (Num.
1133 5832 1278 5880 xxvi,
1315 5818 1426 5886 59).
1468 5816 1697 5872 Ratione

1821 4634 1983 4690 super
2013 4636 2217 4675 annum
2261 4623 2436 4675 aetatis
2478 4621 2605 4675 Levi
2646 4637 2756 4690 quo
2794 4620 3068 4676 Jochabed
3119 4629 3244 4673 nata
3285 4627 3392 4690 est,

1812 4689 2080 4761 designat,
2105 4693 2500 4746 recentioribus
2547 4687 2788 4746 rahliiuis
2820 4697 2978 4761 plane
3007 4694 3270 4761 ignotum.
3305 4687 3387 4742 In.

2035 4763 2239 4834 ᾼομνζ.
2283 4764 2523 4834 Λομνήν.
2560 4765 2634 4818 ID.

1905 4830 1995 4907 57)
2043 4831 2278 4907 ίΑϐρμάμ.
2322 4830 2466 4907 Sive
2497 4842 2705 4907 auctor_
2752 4831 3242 4907 Testamentorum,
3278 4840 3391 4896 sive

1810 4899 1991 4980 scriba
2048 4901 2114 4980 in.
2154 4899 2484 4973 Apographo
2526 4904 2756 4980 erravit,
2782 4904 2910 4958 dum
2942 4905 3168 4980 _'_Ab’pap.
3202 4899 3390 4980 posuit

1808 4986 1906 5052 pro
1936 4971 2570 5052 ΔἈι.ι.ρᾶιμ,ςοοὶηιήιιιιιιὶδ
2608 4989 2903 5052 perperam“
2942 4971 3142 5052 litteris
3167 4971 3290 5049 β’θι
3315 4999 3390 5052 μ;

1808 5043 1950 5117 sicut
1994 5051 2048 5094 et
2083 5045 2252 5117 paulo
2299 5053 2426 5099 ante
2449 5045 2622 5117 Λομνε
2666 5059 2762 5114 pro
2794 5044 2954 5096 Λοϐνί
2980 5043 3242 5117 scriptum
3282 5043 3389 5107 est;

1807 5111 2077 5187 Caeterum
2108 5114 2175 5168 de
2204 5115 2290 5187 his
2319 5111 2636 5187 nominibu_s
2667 5111 3021 5187 posterorum
3048 5111 3176 5172 Levi
3199 5163 3214 5187 ,
3243 5131 3388 5176 tota-

1806 5197 1913 5252 que
1935 5183 2056 5250 ejus
2091 5186 2416 5260 genealogia‘
2435 5186 2560 5260 lege
2584 5185 2759 5260 Exod.
2801 5201 2878 5260 vi,
2908 5186 2996 5251 16,
3023 5183 3210 5260 δοαψ,
3246 5193 3393 5247 unde

1807 5261 2000 5306 auctor
2037 5264 2228 5308 noster
2256 5255 2355 5310 sua
2385 5255 2746 5315 descripsisse
2791 5255 3029 5312 videtur.
3063 5255 3139 5315 us.

2034 5323 2262 5398 ξῙσαάρ.
2305 5322 2649 5398 ⁸ισςξιχάρηίι).

2023 5395 2258 5466 Μολθῆ.
2292 5393 2506 5466 Μοολῆξ
2558 5396 2632 5450 In.

1881 5464 1989 5537 (ιο)
2025 5464 2380 5532 Ἰεράτευσα.
2409 5464 2498 5537 Τῷ
2532 5467 2720 5537 Κυρίῳ
2748 5467 2873 5521 add.
2901 5469 2975 5522 lt).

1881 5517 1992 5608 (41)
2018 5517 2125 5587 Κᾰὶ
2169 5517 2392 5608 κ.
2423 5517 3002 5601 acili—liuncmloeum,
3049 5539 3140 5592 sed
3193 5555 3388 5608 parum

1803 5605 2106 5677 emendate,
2147 5607 2337 5660 recitat
2365 5623 2430 5660 ex
2461 5624 2563 5662 ms.
2604 5608 2999 5677 archiepiscopi
3030 5605 3392 5665 Cantuarieu-

1803 5676 1899 5738 sis,
1936 5673 2199 5730 ileuricus
2225 5677 2563 5731 Whartonus
2610 5679 2662 5731 iu
2711 5673 2962 5730 Auctario
3002 5678 3256 5734 Ηίθεοι-ἕω
3295 5690 3392 5734 do-

1803 5747 2046 5812 gmatirm
2174 5746 2380 5802 Usscrii
2418 5747 2491 5802 De
2522 5749 2816 5818 Scripturis
2858 5761 2905 5802 et
2939 5751 3104 5804 sacris
3139 5767 3390 5807 vernacu—

1803 5818 1890 5883 lis,
1918 5833 2035 5887 cap.
2067 5817 2121 5886 2,
2157 5835 2275 5888 pag.
2307 5818 2430 5872 522.
