3830 6216
136 201 285 265 1065

1410 204 1929 267 TESTAMENTUM
1969 209 2147 266 LEVI.

3245 216 3391 285 mos

125 318 371 390 θήσεσθε
399 318 492 374 ἐπὶ
515 322 580 392 τῇ
611 318 898 393 ἱερωσύνῃ,
930 317 1071 371 κατά
1098 317 1207 371 τῶν
1234 317 1536 388 ἀνθρώπων
1563 320 1717 371 ἑπαι-

1822 322 1914 375 sed
1940 329 1993 375 et
2017 323 2278 377 adversus
2300 321 2556 377 mandata
2580 322 2673 380 Dei
2702 323 2894 393 inilati,
2918 324 3154 383 illudetis
3176 338 3384 393 sancta,

128 411 356 481 ρόμενοι
374 426 387 439 ·
430 411 492 463 οὑ
546 410 704 481 μόνον
745 409 821 472 δὲ,
869 408 1005 462 ἀλλά
1037 409 1132 462 καὶ
1160 407 1300 461 κατά
1335 406 1446 459 τῶν
1493 407 1722 460 ἐντολῶν

120 501 231 554 τοῦ
262 498 395 553 Θεοῦ
426 492 793 572 φυσιούμενοι,
834 498 1196 562 καταπαίξετε
1236 497 1305 550 τά
1349 496 1478 564 ἅγια
1504 496 1635 569 (48),
1664 497 1722 549 ἑν

125 595 538 665 καταφρονήσει
566 592 955 661 γελοιάζοντες.

207 687 309 738 1Ε’.
346 704 364 736 ‹
392 686 490 740 Διά
513 685 681 738 ταῦτα
705 686 733 737 ὁ
776 684 919 749 ναὸς,
948 682 1006 736 ὃν
1057 683 1122 737 ἂν
1164 681 1448 751 ἐκλέξηται
1492 680 1716 753 Κύριος,

124 778 341 851 ἔρημος
387 781 535 834 ἔσται
570 782 627 833 ἑν
654 780 978 851 ἀκαθαρσίᾳ,
1034 778 1127 831 καὶ
1177 780 1334 849 ὑμεῖς
1384 776 1721 848 αἰχμάλωτοι

121 869 323 924 ἔσεσθε
356 872 464 942 (49)
493 872 574 934 εἰς
605 872 781 925 πάντα
809 871 879 923 τά
907 870 1055 939 ἑθνη,
1090 869 1183 922 καὶ
1226 868 1411 920 ἔσεσθε
1446 868 1719 937 βδέλυγμα

120 962 191 1013 ἑν
221 964 421 1027 αὐτοῖς,
462 962 555 1016 καὶ
580 960 807 1033 λήψεσθε
836 958 1032 1021 ὄνειδος
1067 958 1159 1011 καὶ
1206 954 1465 1025 αἰσχύνην
1505 954 1719 1007 αἰώνιον

120 1051 287 1124 παρά
308 1054 409 1123 τῆς
428 1051 820 1118 δικαιοκρισίας
840 1050 934 1103 τοῦ
964 1048 1097 1101 Θεοῦ
1117 1065 1129 1078 ·
1166 1048 1257 1101 καὶ
1286 1048 1485 1109 πάντες
1507 1046 1555 1098 οἱ
1588 1044 1721 1124 θεωτ

123 1117 545 1217 ρούντεςνὺμᾶς
593 1144 876 1215 φεύξονται
922 1144 1012 1212 ἀφ’
1059 1141 1230 1212 ὑμῶν.
1277 1140 1387 1193 Kal
1425 1140 1474 1191 εἰ
1530 1136 1604 1208 μή
1649 1117 1718 1189 δι’

134 1238 413 1309 Ἀϐραὰμ,
464 1239 555 1290 καὶ
595 1237 810 1299 Ἰσαάκ,
874 1237 965 1289 καὶ
1007 1232 1235 1296 Ἰακὼϐ,
1296 1234 1421 1295 τοὺς
1474 1230 1719 1300 πατέρας

118 1328 311 1399 ἡμῶν,
345 1323 423 1391 εἷς
466 1330 529 1381 ἑκ
570 1328 663 1381 τοῦ
705 1327 1013 1399 σπέρματός
1044 1342 1143 1396 μου
1182 1324 1243 1376 ού
1278 1323 1351 1394 μὴ
1381 1321 1715 1392 καταλειφθῇ

116 1422 225 1473 ἐπὶ
254 1422 355 1491 τῆς
380 1422 502 1491 γῆς.

200 1514 285 1580 1C,"
287 1519 318 1564 '.
355 1532 373 1563 ‹
398 1512 506 1566 Καὶ
536 1509 629 1564 νῦν
661 1510 829 1580 ἔγνων
881 1512 938 1563 ἑν
973 1509 1158 1581 βιϐλίῳ
1202 1508 1389 1577 Ἑνὼχ,
1440 1506 1521 1559 ὅτι
1566 1505 1714 1557 ἑϐδο-

1823 412 1877 467 in
1905 423 2216 484 contemptu
2242 415 2566 473 deridentes.

1891 677 2011 734 XV.
2049 698 2067 730 ‹
2105 679 2331 748 Propter
2379 681 2496 736 haec
2541 682 2799 750 templum
2835 683 2982 752 quod
3009 684 3199 755 utique
3227 686 3389 755 eliget

1823 769 2108 833 Dominus.
2137 772 2474 828 desolabitur
2506 773 2558 827 in
2593 776 2957 841 immunditia,
2981 787 3034 831 et
3065 794 3161 833 vos
3190 782 3390 849 captivi

1821 864 1973 917 eritis
2008 863 2062 916 in
2103 879 2295 920 omnes
2323 874 2529 935 gentes,
2560 875 2614 921 et
2636 867 2969 923 abominatio
2998 871 3136 925 inter
3178 888 3306 938 eas;
3336 880 3392 926 et

1821 954 2100 1023 accipietis
2158 958 2508 1025 opprobrium
2573 968 2627 1013 et
2685 961 3061 1016 confusionem
3106 965 3392 1033 sempiter-

1822 1060 1949 1098 nam
1981 1060 2008 1099 a
2039 1046 2187 1114 justo
2213 1046 2419 1116 judicio
2447 1047 2574 1115 Dei;
2602 1058 2655 1103 et
2670 1067 2861 1106 omnes
2892 1053 2986 1121 qui
3013 1053 3246 1108 viderint
3272 1071 3390 1121 vos,

1822 1133 2031 1207 fugient
2072 1151 2103 1189 a
2140 1135 2312 1191 vobis.
2355 1136 2422 1191 Et
2478 1139 2584 1193 nisi
2635 1148 2780 1193 esset
2822 1149 3041 1210 prepter
3091 1143 3389 1207 Abraham,

1819 1227 1969 1282 Isaac
1996 1238 2048 1282 et
2088 1227 2256 1284 Jacob
2284 1269 2299 1294 ,
2346 1239 2528 1299 patres
2596 1241 2849 1299 nostros,
2883 1250 3026 1291 unus
3068 1250 3135 1289 ex
3183 1237 3393 1293 semine

1820 1334 1944 1373 meo
1996 1334 2103 1374 non
2135 1321 2533 1390 relinqueretur
2559 1320 2613 1375 in
2643 1331 2807 1377 terra.

1887 1498 2026 1553 XVI.
2063 1520 2080 1550 ι
2111 1498 2174 1554 Et
2203 1516 2352 1555 nunc
2390 1503 2619 1574 cognovi
2663 1504 2717 1558 in
2740 1504 2881 1559 libro
2907 1503 3114 1572 Enoch,
3138 1506 3279 1576 quod
3309 1522 3395 1563 se-

118 1610 375 1679 μήκοντα
414 1607 709 1679 ἑϐδομάδας
752 1603 1181 1674 πλανηθήσεσθε,
1210 1600 1304 1655 καὶ
1344 1598 1441 1669 τὴν
1485 1597 1713 1669 ἱερωσύ-

1821 1593 2097 1661 ptuaginta
2131 1592 2500 1648 hebdomadas
2533 1594 2806 1661 errabitis,
2829 1604 2883 1649 et
2918 1597 3278 1651 sacerdotium
3310 1600 3393 1652 in-

112 1717 226 1770 νην
274 1700 626 1772 βεϐηλώσετε,
676 1699 768 1751 καὶ
805 1697 903 1759 τάς
946 1695 1133 1757 θυσίας
1176 1695 1435 1764 μιανείτε,
1485 1691 1579 1744 καὶ
1620 1692 1709 1742 τὸν

1821 1685 2137 1754 quinabitis,
2164 1693 2219 1739 et
2250 1686 2515 1741 sacriﬁcia
2540 1687 2814 1757 polluetis,
2838 1696 2892 1742 et
2928 1688 3099 1759 legem
3131 1691 3392 1744 extermi-

112 1796 293 1866 νόμον
324 1793 630 1862 ἀφανίσετε,
659 1792 752 1845 καὶ
777 1791 967 1859 λόγους
993 1786 1286 1860 προφητῶν
1309 1783 1711 1851 ἑξουδενώσετε,

111 1890 180 1941 ὲν
214 1888 510 1958 διαστροφῇ
542 1883 759 1949 διώξετε
800 1881 997 1951 ἄνδρας
1033 1877 1292 1941 δικαίους,
1334 1877 1429 1930 xal
1473 1873 1714 1935 εὐσεϐεῖς

114 1981 423 2051 μισήσετε,
470 1975 737 2047 ἀληθινῶν
788 1974 978 2041 λόγους
1027 1969 1358 2040 βδελύξεσθε,
1410 1968 1504 2022 καὶ
1547 1967 1714 2038 ἄνδρα

110 2070 641 2125 ἀνακαινοποιοῦντα
657 2068 748 2121 τὸν
780 2066 941 2137 νόμον
958 2065 1015 2116 ἑν
1040 2064 1262 2134 δυνάμει
1301 2062 1554 2132 Ὑψίστου
1580 2061 1716 2114 πλά-

110 2182 216 2220 νον
262 2161 750 2235 προσαγορεύσετε,
790 2158 884 2212 καὶ
925 2156 1096 2220 τέλος,
1147 2155 1223 2219 ὡς
1256 2156 1524 2226 νομίσετε,
1577 2154 1714 2206 ἀπο-

111 2259 368 2313 κτενεῖτε
411 2254 593 2317 αὐτὸν,
633 2253 733 2305 οὐκ
777 2250 979 2313 εἰδότες
1017 2246 1181 2302 αὑτοῦ
1214 2248 1274 2301 τὸ
1317 2248 1625 2317 ἀνάστημα,
1653 2246 1715 2299 τὸ

111 2345 305 2401 ἀθῶον
334 2339 470 2415 αἷμα
499 2344 554 2395 ἑν
584 2342 751 2411 κακίᾳ
780 2341 871 2393 ἐπὶ
900 2339 1143 2408 κεφαλὰς
1188 2339 1341 2409 ὑμῶν
1386 2337 1713 2407 ἀναδεχόμε-

112 2456 228 2491 νοι.
258 2437 367 2489 Kal
396 2436 461 2488 δι’
502 2435 661 2487 αὐτὸν
693 2432 841 2486 ἔσται
871 2430 940 2484 τά
985 2432 1115 2499 am
1165 2430 1317 2501 ὑμῶν
1364 2429 1564 2501 ἔρημα,
1612 2429 1715 2491 ἕως

112 2527 355 2595 ἐδάφους
384 2523 735 2596 μεμιαμμένα
754 2541 765 2551 ·
801 2522 895 2576 καὶ
924 2523 1023 2574 οὐκ
1052 2521 1201 2574 ἔσται
1232 2520 1395 2583 τόπος
1432 2519 1583 2590 ὑμῶν
1611 2536 1714 2571 κα·-

112 2618 312 2688 θαρὸς,
343 2617 454 2669 ἀλλ’
489 2619 545 2669 ἑν
578 2618 688 2678 τοῖς
731 2614 937 2667 ἔθνεσιν
988 2610 1175 2666 ἔσεσθε
1220 2613 1299 2674 εἰς
1347 2611 1590 2681 κατάραν
1622 2610 1715 2663 καὶ

112 2712 209 2773 εἰς
258 2706 721 2778 διασκορπισμὸν,
765 2706 869 2769 ἕως
919 2704 1080 2766 αὐτὸς
1125 2702 1283 2757 πάλιν
1327 2702 1712 2773 ἑπισκέψηται,

112 2801 225 2855 καὶ
279 2801 621 2871 οἱκτειρήσας
668 2796 1026 2868 προσδέξηται
1079 2795 1223 2866 ὑμᾶς
1272 2796 1330 2848 ἑν
1381 2794 1561 2847 πίστει
1624 2794 1717 2848 καὶ

115 2891 307 2945 ὕδατι.

196 2984 299 3035 IZ’.
341 3000 360 3032 ι
386 2981 496 3037 Καὶ
538 2980 618 3035 ὅτι
676 2982 945 3051 ἠκούσατε
992 2980 1261 3053 περὶτῶν
1304 2987 1343 3034 o’
1371 2978 1711 3052 ἑϐδομάδων,
1742 3016 1784 3073 C

108 3073 397 3129 ἀκούσατε
428 3075 518 3126 καί¹
544 3074 671 3145 περί
699 3074 800 3143 τῆς
835 3074 1152 3146 ἱερωσύνης.
1179 3074 1315 3126 Καθ’
1343 3072 1573 3127 ἕκαστον
1602 3073 1709 3145 γὰρ

128 3162 450 3233 Ἰωϐηλαῖον
479 3163 630 3215 ἔσται
663 3164 947 3235 ἱερωσύνη.
975 3164 1085 3217 Kal
1112 3166 1168 3216 ἑν
1192 3164 1268 3234 τῷ
1293 3163 1494 3236 πρώτῳ
1534 3163 1714 3235 Ἰωϐη-

110 3253 266 3323 λαίῳ
295 3256 324 3307 6
346 3253 559 3324 πρῶτος
583 3254 866 3325 χριόμενος
904 3256 982 3317 εἰς
1018 3252 1313 3326 ἱερωσύνην
1337 3255 1509 3325 μέγας
1536 3254 1710 3320 ἔσται,

112 3347 227 3400 καὶ
253 3344 471 3416 λαλήσει
510 3343 626 3415 Θεῷ
664 3346 738 3407 ὼς
767 3345 965 3415 πατρί·
1019 3344 1112 3405 καὶ
1158 3347 1190 3416 ἡ
1240 3344 1504 3416 ἱερωσύνη
1546 3346 1710 3399 αὑτοῦ

114 3436 345 3507 πλήρης
373 3448 508 3506 μετα
536 3433 699 3502 φόϐου
732 3435 933 3506 Κυρίου
954 3452 967 3464 ο
1006 3433 1098 3487 καὶ
1126 3436 1181 3487 ἑν
1211 3435 1391 3505 ἡμέρα
1420 3436 1592 3505 χαρᾶς
1617 3438 1714 3489 αὑ..

112 3524 227 3579 τοῦ
260 3526 353 3579 ἐπὶ
392 3525 631 3596 σωτηρίᾳ
656 3524 859 3594 κόσμου
892 3524 1054 3587 αὐτὸς
1085 3525 1465 3595 ἀναστήσεται.
1507 3527 1593 3578 Ἐν
1634 3525 1712 3596 τῷ

111 3615 367 3689 δευτέρῳ
404 3614 696 3685 Ίωϐηλαίῳ
725 3617 753 3668 6
789 3614 1072 3685 χριόμενος
1100 3617 1156 3667 ἑν
1187 3615 1369 3667 πένθει
1415 3614 1712 3687 ἀγαπητῶν

117 3706 586 3778 συλληφθήσεται,
623 3706 718 3760 καὶ
759 3706 910 3760 ἔσται
956 3707 989 3776 ή
1038 3706 1304 3778 ἱερωσύνη
1342 3706 1505 3759 αὐτοῦ
1535 3708 1709 3779 τιμία,

114 3800 225 3852 καὶ
262 3797 413 3869 παρά
449 3800 585 3851 πᾶσι
622 3798 1024 3869 δοξασθήσεται.
1060 3799 1116 3851 Ὁ
1147 3798 1202 3849 δὲ
1237 3798 1415 3870 τρίτος
1451 3800 1625 3869 ἱερεὺς
1656 3800 1713 3853 ἑν

115 3890 277 3962 λύπῃ
315 3888 815 3961 παραληφθήσεται.
868 3890 975 3942 Καὶ
1023 3889 1051 3941 6
1098 3890 1353 3958 τέταρτος
1400 3890 1456 3941 ἑν
1501 3889 1713 3954 ὀδύναις

115 3984 283 4035 ἔσται
303 3998 318 4011 ·
349 3982 432 4043 ὅτι
454 3980 750 4052 προσθήσει
781 3981 866 4033 ἐπ’
900 3981 1061 4034 αὐτὸν
1091 3983 1122 4052 ή
1156 3981 1335 4033 ἀδικία
1365 3982 1445 4045 εἰς
1473 3981 1676 4051 πλῆθος
1695 3999 1709 4012 ·

114 4075 225 4128 καὶ
278 4073 389 4135 πᾶς
430 4071 646 4149 Ἰσραὴλ
698 4073 1014 4144 μισήσουσιν
1068 4073 1295 4135 ἕκαστος
1347 4073 1438 4126 τὸν
1488 4074 1713 4144 πλησίον

113 4162 317 4219 αὐτοῦ.
360 4165 417 4218 Ὀ
442 4165 689 4235 πέμπτος
730 4166 788 4217 ἑν
830 4164 1009 4217 σκότει
1055 4164 1572 4235 παραληφθήσεται·
1604 4164 1712 4217 ώσ-

113 4253 308 4314 αύτως
342 4252 437 4305 καὶ
464 4255 493 4306 6
518 4253 692 4318 ἕκτος,
727 4253 820 4305 καὶ
841 4253 868 4305 6
900 4242 1141 4324 ἕϐδομος.
1186 4254 1274 4307 Ἐν
1301 4252 1358 4305 δὲ
1386 4252 1463 4324 τῷ
1502 4252 1712 4324 ἑϐδόμῳ

1815 1776 2037 1843 nabitis,
2067 1786 2121 1831 et
2166 1792 2447 1832 sermones
2495 1780 2881 1848 prophetarum
2931 1784 3309 1846 contemnetis,
3336 1782 3393 1836 in

1815 1870 2168 1938 perversitate
2191 1871 2592 1939 persequemini
2624 1872 2769 1925 viros
2792 1872 2994 1941 justos,
3025 1882 3080 1928 et
3113 1876 3232 1943 pios
3266 1876 3394 1930 odio

1816 1957 2105 2025 habebitis,
2145 1960 2425 2012 veracium
2475 1974 2757 2016 sermones
2801 1962 3291 2031 abominabimini,
3341 1974 3398 2021 et

1815 2050 1991 2104 virum
2019 2063 2368 2106 renovantem
2409 2053 2580 2122 legem
2623 2052 2678 2106 in
2729 2054 2932 2110 virtute
2972 2056 3260 2124 Altissimi,
3293 2059 3400 2113 im-

1814 2152 2090 2210 postorem
2118 2146 2489 2215 appellabitis;
2519 2156 2573 2201 et
2597 2146 2652 2201 in
2679 2147 2804 2212 ﬁne,
2828 2156 2888 2202 ut
2909 2149 3268 2215 aestimabitis,
3301 2165 3398 2207 oc-

1816 2234 2008 2291 cidetis
2046 2252 2193 2302 eum,
2223 2239 2525 2294 nescientes
2549 2239 2720 2308 ipsius
2742 2240 3219 2307 resurrectionem,
3246 2242 3399 2297 inno-

1817 2336 2026 2382 centem
2079 2333 2401 2403 sanguinem
2441 2331 2495 2385 in
2547 2333 2756 2386 malitia
2803 2348 2965 2402 super
2999 2333 3177 2403 capita
3216 2343 3395 2389 vestra

1816 2422 2102 2490 recepturi.
2136 2422 2199 2477 Et
2238 2432 2458 2494 propter
2482 2424 2662 2493 ipsum
2694 2434 2854 2479 erunt
2889 2433 3076 2480 sancta
3102 2435 3280 2479 vestra
3306 2426 3398 2479 de-

1816 2522 1982 2578 serta,
2006 2529 2181 2583 usque
2219 2516 2286 2569 ad
2316 2517 2679 2585 pavimentum
2710 2516 3024 2587 profanata;
3056 2525 3111 2572 et
3140 2534 3250 2572 non
3291 2521 3397 2573 erit

1816 2601 1969 2656 locus
1998 2612 2177 2658 vester
2209 2606 2464 2671 mundus,
2494 2607 2587 2661 sed
2621 2607 2674 2661 in
2709 2608 2959 2677 gentibus
2991 2607 3145 2662 eritis
3190 2609 3246 2661 in
3286 2624 3397 2662 ma-

1816 2692 2157 2753 ledic-tionem
2199 2706 2253 2752 et
2284 2700 2338 2751 in
2386 2699 2800 2769 dispersionem,
2829 2700 3003 2755 donec
3047 2701 3164 2769 ipse
3202 2717 3397 2758 rursus

1816 2792 2078 2860 visitabit,
2105 2800 2159 2846 et
2180 2792 2449 2847 miserens
2478 2792 2699 2861 recipiet
2721 2806 2817 2847 vos
2838 2792 2893 2846 in
2920 2791 3026 2846 ﬁde
3048 2800 3104 2848 et
3124 2808 3287 2864 aqua.

1886 2967 2055 3025 XVII.
2089 2988 2109 3022 ‹
2137 2969 2205 3025 Ει
2229 2971 2487 3041 quoniam
2517 2970 2749 3027 audistis
2784 2970 2852 3026 de
2895 2973 3237 3043 septuaginta
3265 2973 3398 3028 beb-

1816 3064 2162 3129 domadibus,
2189 3065 2371 3120 audite
2405 3065 2569 3119 etiam
2622 3065 2689 3119 de
2728 3065 3050 3120 sacerdotio.
3084 3065 3395 3122 Secundum

1817 3172 2263 3226 unumquemque
2288 3156 2434 3210 enim
2462 3156 2746 3225 jubilzeum
2779 3156 2883 3211 erit
2912 3159 3301 3212 sacerdotium.
3336 3158 3398 3213 In

1814 3251 1990 3320 primo
2006 3249 2226 3319 jubilazo
2245 3249 2454 3316 primus
2476 3258 2671 3305 unctus
2697 3250 2754 3304 in
2779 3250 3140 3305 sacerdotium
3167 3267 3399 3320 magnus

1812 3343 1937 3409 erit,
1961 3351 2017 3397 et
2034 3343 2286 3412 loquetur
2309 3342 2420 3397 Deo
2443 3352 2501 3398 ut
2527 3344 2667 3413 patri
2694 3360 2708 3409 ;
2746 3350 2801 3397 et
2830 3344 3191 3398 sacerdotium
3222 3345 3397 3413 ipsius

1813 3432 2034 3502 plenum
2069 3434 2173 3489 erit
2206 3450 2330 3489 cum
2362 3434 2560 3489 timore
2603 3434 2852 3501 Domini;
2894 3444 2949 3489 et
2992 3436 3047 3489 in
3081 3435 3169 3489 die
3211 3436 3396 3506 gaudii

1814 3525 1985 3594 ipsius
2031 3525 2086 3579 in
2134 3526 2310 3580 salute
2358 3526 2548 3581 mundi
2583 3526 2697 3595 ipse
2746 3538 3012 3598 resurget.
3053 3526 3112 3580 In
3153 3528 3394 3581 secundo

1809 3616 2030 3687 jubilaeo
2073 3626 2293 3679 unctus,
2316 3618 2370 3671 in
2415 3618 2633 3673 tristitia
2673 3618 2992 3673 dilectorum
3038 3619 3395 3689 concipietur,

1812 3719 1868 3766 et
1893 3709 1996 3765 erit
2020 3712 2385 3767 sacerdotium
2426 3712 2547 3780 ejus
2576 3712 2917 3777 honorabile,
2942 3721 2998 3769 et
3028 3713 3169 3782 apud
3202 3727 3396 3767 omnes

1814 3804 2224 3875 gloriﬁcabitur.
2252 3803 2470 3859 Tertius
2498 3818 2630 3858 vero
2668 3805 2926 3860 sacerdos
2959 3805 3013 3859 in
3049 3807 3270 3861 tristitia
3302 3822 3397 3861 a3-

1814 3908 2078 3955 sumetur.
2116 3897 2182 3952 Et
2207 3906 2437 3967 quartus
2464 3898 2518 3950 in
2548 3897 2739 3952 dolore
2767 3899 2899 3962 erit;
2931 3901 3191 3969 quoniam
3228 3916 3398 3969 appo--

1813 4000 1906 4047 net
1959 4007 2123 4061 super
2169 3991 2346 4060 ipsum
2404 3991 2670 4061 injustitia
2722 3991 2776 4045 in
2823 3992 3229 4047 multitudinem
3278 4010 3292 4046 :
3341 3999 3397 4047 et

1813 4084 1993 4139 omnis
2032 4082 2196 4138 Israel
2232 4084 2360 4138 odio
2397 4084 2618 4138 habebit
2667 4083 3045 4154 unusquisque
3084 4084 3396 4153 proximum

1814 4191 1997 4230 suum.
2038 4172 2273 4241 Quintus
2302 4175 2358 4229 in
2404 4175 2644 4231 tenebris
2674 4176 3203 4244 comprehendetur:
3241 4175 3399 4231 simi-

1813 4268 1935 4323 liter
1983 4276 2038 4322 et
2098 4276 2283 4323 sextus
2328 4275 2383 4322 et
2430 4267 2713 4336 septimus.
2757 4266 2814 4320 In
2862 4268 3091 4335 septimo
3134 4283 3261 4323 vero
3290 4266 3396 4321 erit

111 4345 280 4396 ἔσται
313 4343 570 4413 μιασμὸς,
599 4344 657 4397 ὃν
687 4344 747 4397 οὐ
773 4344 1005 4417 δύναμαι
1036 4347 1227 4410 εἰπεῖν,
1253 4342 1479 4397 ἐνώπιον
1504 4344 1709 4412 Κυρίου

1821 4359 2166 4422 abominatio,
2198 4373 2363 4428 quam
2413 4373 2522 4411 non
2571 4374 2791 4428 possum
2837 4358 3037 4423 dicere,
3063 4373 3246 4413 coram
3280 4359 3396 4414 Do--

111 4434 226 4487 καὶ
265 4432 600 4505 ἀνθρώπων
646 4435 727 4488 ὅτι
776 4436 931 4489 αὐτοὶ
982 4435 1280 4505 γνώσονται
1327 4438 1375 4488 οἰ
1433 4435 1712 4499 ποιοῦντες

112 4520 292 4573 αὐτά.
344 4520 457 4597 Διά.
487 4520 646 4575 τοῦτο
698 4524 755 4575 ἑν
811 4524 1171 4595 αἰχμαλωσίᾳ,
1219 4526 1311 4578 καὶ
1359 4527 1417 4579 ἑν
1468 4529 1711 4597 προνομῇ

112 4612 375 4663 ἔσονταιο
408 4592 559 4683 κᾶἲή
602 4612 701 4682 γῆ,
734 4615 827 4667 καὶ
861 4592 1156 4686 ήηῦπαρξις
1201 4615 1379 4669 αὐτῶν
1423 4592 1716 4688 ἀφανισθήζ

114 4718 303 4756 σεται.
360 4702 469 4755 Καὶ
512 4704 570 4756 ὲν
620 4704 843 4778 πέμπτῃ
895 4705 1146 4777 ἑϐδομάδι
1180 4706 1594 4778 ἐπιστρέφουσιν
1635 4709 1716 4769 εἰς

111 4794 234 4863 γῆν
261 4793 594 4865 ἐρημώσεως
619 4796 818 4862 αὐτῶν,
847 4799 941 4851 καὶ
969 4800 1541 4871 ἀνακαινοποιήσουσιν
1569 4797 1713 4853 οἶκον

110 4886 358 4957 Κυρίου.
403 4887 489 4940 Ἐν
515 4889 571 4941 δὲ
600 4889 678 4961 τῷ
701 4890 912 4963 ἑϐδόμῳ
937 4891 1276 4965 ἑϐδοματικῷ
1302 4893 1518 4964 ἥξουσιν
1550 4896 1715 4965 ἱερεῖς

108 4976 661 5049 εἰδωλολατροῦντες,
700 4982 949 5054 μάχιμοι,
996 4984 1338 5057 φιλάργυροι,
1376 4986 1738 5058 ὑπερήφανοι,

108 5072 345 5143 ᾶνθμοι,
373 5072 637 5141 ἀσελγεῖς,
672 5075 1036 5149 παιδοφθόροι,
1061 5079 1435 5151 κτηνοφθόροι.

187 5269 452 5323 1Η’.«Καὶ
494 5268 632 5343 μετά
671 5270 733 5323 τὸ
776 5272 1026 5342 γενέσθαι
1066 5273 1165 5347 τήν
1210 5275 1488 5349 ἐκδίκησιν
1535 5276 1713 5330 αὐτῶν

340 5427 745 5549 Ilia-mxumam
782 5429 855 5483 τὰ
894 5429 1047 5501 ἅγια.
1092 5434 1554 5507 Καταφρονήσετε
1598 5434 1708 5488 τῶν

183 5568 306 5645 (49)
333 5565 525 5635 Ὑμεῖς
548 5569 906 5645 αἰχμάλωτοι
932 5572 1167 5627 ἔσεσθε.
1199 5573 1507 5630 Iudaeorum
1541 5575 1705 5645 placi-

104 5639 199 5705 tis
230 5639 459 5691 adversa
513 5644 737 5697 omnino
786 5642 997 5696 videtur
1048 5646 1324 5713 praedictio
1381 5639 1708 5717 captivitatis

454 5736 728 5797 ΡΑτιιοι..
774 5735 893 5798 (ιιι.
937 5737 1012 5798 Il.

1819 4452 1969 4506 mino
2007 4459 2061 4506 et
2088 4450 2436 4516 hominibus;
2474 4452 2733 4523 quoniam
2779 4450 2880 4520 ipsi
2923 4461 3271 4520 cognoscent,
3299 4452 3394 4521 qui

1817 4542 2016 4599 facient
2059 4558 2144 4597 ea.
2190 4541 2420 4612 Propter
2457 4543 2561 4597 hoc
2616 4542 2669 4595 in
2713 4543 3024 4612 captivitate
3060 4552 3114 4597 et
3154 4543 3207 4596 in
3250 4544 3389 4598 dire-

1816 4637 1999 4706 ptione
2027 4643 2218 4701 erunt;
2242 4643 2296 4689 et
2327 4645 2469 4690 terra
2496 4642 2551 4689 et
2580 4635 2884 4689 substantia
2916 4649 3105 4689 eorum
3133 4638 3384 4690 extermio

1816 4729 2055 4783 nabitur.
2100 4725 2165 4781 Et
2215 4726 2269 4780 in
2323 4726 2511 4797 quinta
2563 4724 2900 4780 hebdomade
2954 4736 3293 4781 revertentur
3336 4728 3393 4781 in

1816 4826 2015 4873 terram
2040 4817 2392 4872 desolationis
2417 4817 2685 4886 ipsorum,
2720 4825 2773 4870 ct
2801 4817 3142 4871 renovabunt
3169 4818 3393 4871 domum

1816 4910 2055 4966 Domini.
2096 4909 2151 4964 In
2178 4910 2408 4979 septima
2433 4924 2563 4963 vero
2600 4909 2935 4964 hebdomade
2959 4912 3176 4965 venient
3214 4926 3395 4966 sacer-

1816 5001 1971 5056 dotes
1993 5000 2417 5065 idololatrantes,
2452 4999 2762 5063 bellatores,
2792 5001 2965 5067 avari,
3009 5002 3253 5071 superbi,
3289 5002 3396 5056 ini-

1816 5092 1932 5161 qui,
1960 5091 2241 5162 impudici,
2266 5106 2562 5161 puerorum
2590 5101 2961 5161 corruptores,
2990 5108 3247 5163 pecorum
3270 5111 3395 5159 cor-

1816 5192 2086 5254 ruptores.

1886 5273 2072 5328 XVIII.
2110 5292 2129 5326 ‹
2163 5273 2230 5329 Et
2260 5283 2547 5344 postquam
2593 5274 2736 5330 facta
2779 5275 2943 5331 fuerit
2971 5276 3206 5332 vindicta
3244 5278 3390 5348 ipso-

1816 5445 1977 5504 atque
2028 5432 2338 5488 aﬂlictionis
2380 5440 2624 5502 tempore
2652 5430 2884 5499 Messia‘,
2915 5433 3017 5487 sub
3056 5447 3165 5501 quo
3206 5433 3390 5504 omnia

1816 5503 1916 5558 sibi
1957 5519 2211 5573 prospera
2244 5504 2586 5572 pollicentur.
2620 5504 2870 5559 Attamen
2899 5505 3106 5572 priscos
3134 5503 3391 5556 rabbinos

1816 5572 2123 5644 male’genti
2169 5589 2301 5638 suae,
2332 5575 2493 5627 etiam
2521 5583 2643 5642 post
2673 5575 2961 5628 adventum
2994 5573 3219 5632 Messina,
3251 5572 3392 5626 omi—

1817 5655 1972 5701 natos
2005 5658 2148 5713 esse,
2178 5660 2246 5699 ex
2276 5645 2660 5701 traditionibus
2704 5658 2895 5700 eorum
2936 5653 3168 5697 CullSlal.
3195 5645 3277 5701 In.

2994 5735 3072 5793 34
