3830 6216
147 306 310 365 1069

702 438 928 499 ΚΕΦᾹΛ
936 446 1097 500 ΔΙΟΝ
1145 450 1217 501 Δ’.

152 558 431 626 Διαθήκη
476 557 697 633 Ἰούδα
733 561 868 630 περὶ
915 561 1239 633 ἀνδρείας,
1306 562 1404 616 καὶ
1458 567 1747 633 φιλαργυ-

632 632 791 699 ρίας,
832 631 931 685 καὶ
970 634 1270 700 πορνείας.

238 745 319 797 A'.
370 743 725 817 ’Δντίγραφον
757 745 929 814 λόγων
977 746 1179 812 Ἰούδα,
1213 746 1315 798 ὅσα
1360 743 1586 816 ἐλάλησε
1633 749 1744 810 τοῖς

155 836 304 900 υἱοῖς
346 834 510 890 αὐτοῦ
547 838 653 910 πρὸ
683 838 777 891 τοῦ
814 838 1103 893 ἀποθανεῖν
1150 836 1331 891 αὐτόν.
1381 837 1745 907 Συναχθέντες

146 922 328 998 ἦλθον
376 929 512 1000 πρὸς
563 930 758 993 αὐτὸν,
810 932 906 985 καὶ
955 926 1108 984 εἶπεν
1154 931 1335 993 αὐτοῖς
1357 947 1370 959 ·
1426 948 1444 981 ι
1472 930 1742 1001 Τέταρτος

152 1018 280 1083 υἱὸς
312 1021 576 1092 ἐγενόμην
621 1022 733 1092 ἐγὼ
762 1023 841 1095 τῷ
862 1024 1026 1096 πατρί
1051 1041 1150 1095 μου
1171 1064 1185 1087 ,
1220 1024 1313 1076 καὶ
1344 1024 1377 1093 ἡ
1418 1023 1600 1093 μήτηρ
1639 1039 1739 1092 μου

147 1113 276 1187 (56)
327 1116 574 1187 ὠνόμασέ
611 1134 679 1188 με
726 1116 946 1181 Ἰούδαν,
1000 1116 1262 1185 λέγουσα·
1326 1115 1742 1187 Ἀνθομολογοῦ-

151 1225 262 1277 μαι
307 1207 385 1279 τῷ
434 1209 661 1281 Κυρίῳ,
696 1210 779 1263 ὅτι
825 1209 1024 1262 δέδωκέ
1062 1226 1149 1280 μοι
1184 1210 1279 1263 καὶ
1310 1210 1568 1280 τέταρτον
1600 1208 1735 1263 υἱόν.

164 1297 330 1363 Ὄξὺς
361 1299 507 1371 ήμην
539 1299 633 1352 κα).
667 1299 954 1361 σπουδαῖος
988 1299 1047 1352 ὲν
1080 1297 1291 1369 νεότητί
1328 1316 1451 1369 μου,
1474 1301 1566 1353 καὶ
1599 1301 1739 1354 ὐπα-

143 1388 336 1443 κούων
381 1390 459 1461 τῷ
506 1390 677 1461 πατρὶ
728 1389 870 1443 κατὰ
903 1389 1080 1444 πάντα
1129 1390 1284 1457 λόγον
1304 1407 1316 1419 ·
1355 1391 1448 1443 κα).
1482 1391 1737 1461 εὐλόγουν

144 1480 271 1552 (57)
306 1480 403 1551 τὴν
440 1480 651 1553 μητέρα
688 1498 790 1552 μου
814 1520 829 1545 ,
864 1481 959 1534 καὶ
991 1480 1092 1551 τὴν
1126 1478 1359 1551 ἀδελφὴν
1392 1482 1493 1551 τῆς
1530 1484 1735 1554 μητρός

147 1590 281 1643 μου.
320 1573 428 1625 Καὶ
461 1572 679 1642 ἐγένετο
700 1613 715 1637 ,
749 1572 825 1637 ὠς
857 1570 1139 1645 ὴνδρώθην
1175 1574 1286 1646 (58)
1313 1613 1327 1637 ,
1363 1575 1459 1628 καὶ
1489 1576 1519 1625 ό
1554 1576 1734 1646 πατήρ

143 1682 260 1736 μου
330 1663 523 1718 Ἰακὼϐ
570 1650 775 1735 ηὔξατό
829 1682 920 1736 μοι
971 1664 1108 1737 (59),
1168 1665 1373 1734 λέγων·
1433 1667 1734 1733 Βασιλεὺς

137 1758 291 1827 ἔσῃ,
318 1756 823 1825 κατευοδούμενος
865 1756 935 1809 ἐν
972 1754 1144 1811 πᾶσι.

224 1869 302 1923 B'.
344 1888 361 1921 ι
388 1869 496 1922 Καὶ
518 1867 688 1922 ἔδωκέ
727 1884 815 1940 μοι
849 1867 1054 1938 Κύριος
1088 1867 1248 1939 χάριν
1280 1867 1338 1919 ἐν
1356 1869 1489 1921 πᾶσι
1510 1866 1730 1937 τοῖςέρ-

134 1977 268 2028 γοις
336 1977 468 2031 μου,
517 1958 576 2013 ἐν
624 1976 686 2011 τε
730 1958 809 2030 τῷ
856 1958 1047 2030 ἀγρῷ,
1096 1958 1192 2011 καὶ
1225 1959 1284 2011 ἐν
1317 1956 1395 2028 τῷ
1439 1957 1591 2027 οἴκῳ.
1644 1957 1732 2020 Ὠς

132 2044 289 2103 εἶδον
354 2048 500 2120 (60),
553 2049 636 2102 ὃτι
672 2048 1006 2120 συνέδραμον
1042 2050 1108 2119 τῇ
1158 2047 1362 2118 ἐλάφῳ,
1400 2046 1494 2099 καὶ
1528 2046 1731 2109 πιάσας

129 2142 339 2214 αὐτὴν,
374 2142 607 2213 ἐποίησα
638 2141 717 2213 τῷ
750 2140 917 2213 πατρί
955 2158 1056 2212 μου
1092 2139 1305 2212 βρῶμα.
1326 2140 1437 2204 Τὰς
1469 2138 1733 2211 δορκάδας

130 2233 418 2305 ἐκράτουν
448 2232 538 2286 διὰ
567 2230 662 2286 τοῦ
694 2232 919 2304 δρόμου,
957 2232 1049 2285 καὶ
1084 2234 1213 2297 πᾶν,
1241 2230 1270 2285 ὃ
1299 2226 1367 2302 ἦν
1401 2231 1459 2283 ἐν
1490 2233 1603 2293 τοῖς
1638 2247 1733 2281 πε-

126 2325 298 2388 δίοις,
331 2323 755 2394 κατελάμϐανον.
809 2322 1017 2395 Φοράδα
1052 2321 1248 2394 ἀγρίαν
1282 2320 1601 2385 κατέλαϐον,
1638 2322 1732 2373 καὶ

131 2417 349 2481 πιάσας
394 2416 659 2489 ἡμέρωσα
706 2414 837 2486 (61)·
877 2416 971 2470 καὶ
1019 2414 1210 2469 λέοντα
1255 2413 1584 2479 ἀπέκτεινα,
1635 2413 1730 2467 καὶ

125 2507 448 2579 ἀφειλόμην
510 2507 697 2579 ἔριφον
731 2508 797 2560 ἐκ
827 2505 923 2561 τοῦ
959 2507 1227 2577 στόματος
1271 2506 1455 2561 αὐτοῦ.
1497 2508 1729 2578 ’Ἄρκτον

126 2599 325 2654 λαϐὼν
357 2600 467 2653 ἀπὸ
498 2598 594 2653 τοῦ
629 2599 820 2665 ποδὸς,
855 2599 1166 2653 ἀπεκύλισα
1198 2600 1280 2661 εἰς
1316 2597 1561 2668 κρημνόν
1585 2614 1598 2626 ·
1636 2597 1730 2650 καὶ

127 2692 255 2746 πᾶν
288 2689 476 2760 θηρίον
497 2730 512 2753 ,
548 2690 598 2743 εἰ
644 2690 983 2762 ἐπέστρεφεν
1017 2690 1106 2743 ἐπ’
1142 2688 1265 2759 ἐμὲ,
1300 2688 1538 2742 διέσπων
1571 2687 1725 2753 αὐτὸ,

122 2782 217 2846 ὡς
251 2781 415 2836 κύων.
467 2782 669 2854 Ἀγρίιρ
701 2783 871 2855 χοίρῳ
906 2782 1244 2853 συνέδραμον
1265 2820 1278 2844 ,
1313 2781 1407 2834 καὶ
1440 2781 1727 2850 προλαϐὼν

123 2874 200 2925 ὲν
230 2871 311 2942 τῷ
342 2872 558 2945 τρέχειν
594 2890 683 2943 με,
720 2872 1111 2945 κατεσπάραξα
1143 2870 1328 2924 αὐτόν.
1361 2870 1634 2940 Πάρδαλις
1669 2872 1726 2924 ἐν

121 2962 364 3034 Χεϐρὼν
388 2962 802 3034 προσεπήδησεν
824 2961 916 3015 ἐπὶ
936 2960 1027 3015 τὸν
1061 2960 1231 3014 κύναο
1267 2959 1363 3013 καὶ
1394 2960 1594 3023 πιάσας
1627 2960 1727 3012 αύ-

120 3053 237 3124 τὴν
285 3052 392 3106 ἀπὸ
422 3053 523 3124 τῆς
554 3052 742 3125 οὐρᾶς,
779 3052 1125 3124 ἀπηκόντισα
1142 3050 1345 3122 αὐτὴν,
1381 3050 1482 3104 καὶ
1515 3052 1724 3124 ἐρράγη

1439 334 1967 393 TESTAMENTUM
2001 339 2221 397 JUD/E.

1778 466 1825 521 A

1800 596 1803 599 -
1854 568 2249 624 Testamentum
2282 573 2474 658 Judce,
2528 579 2592 658 de
2623 581 2936 658 fortitudine
2957 626 2972 654 ,
3004 598 3053 641 et
3086 592 3343 658 avaritia.
3369 602 3427 653 et

3282 360 3427 423 i070

2448 461 2678 520 CAPUT
2733 467 2821 524 IV.

2444 648 2815 716 fornicatione.

1917 747 1959 802 Ι.
2000 748 2416 823 Transcriptum
2467 772 2784 816 sermonum
2834 763 3025 833 ludat,
3079 785 3424 844 quaecunque
3466 790 3467 793 ‘

1846 841 2063 898 locutus
2086 852 2171 898 est
2213 844 2343 901 ﬁliis
2394 849 2530 917 suis,
2579 861 2871 923 antequam
2918 870 3242 918 mereretur.
3270 841 3420 920 Con-

1845 936 2053 1005 gregali
2076 949 2347 995 venerunt
2384 942 2451 995 ad
2477 943 2676 1013 ipsum,
2708 958 2762 1002 et
2793 949 2929 1004 dixit
2960 951 3040 1007 eis
3071 970 3086 1007 :
3124 973 3142 1005 ι
3175 954 3421 1022 Quartus

1844 1026 1989 1082 filius
2018 1028 2241 1086 effectus
2269 1047 2389 1087 sum
2412 1035 2554 1103 patri
2587 1053 2730 1104 meo,
2760 1049 2814 1094 et
2844 1051 3019 1097 mater
3057 1061 3175 1101 mea
3206 1050 3425 1108 vocavit

1844 1131 1931 1171 me
1960 1115 2178 1186 Judam,
2224 1120 2410 1178 dicens
2440 1142 2453 1178 :
2489 1142 2508 1175 (
2542 1125 2817 1182 Conﬁteor
2848 1128 3116 1199 Domino,
3150 1137 3416 1204 quoniam

1842 1205 2142 1263 deditmihi
2172 1219 2227 1265 et
2255 1223 2511 1282 quartum
2540 1216 2736 1273 ﬁlium.
2769 1239 2789 1271 ι
2829 1218 2999 1277 Velox
3033 1240 3183 1281 eram
3217 1237 3271 1283 et
3294 1239 3416 1285 stu-

1841 1294 2032 1351 diosus
2058 1296 2112 1351 in
2132 1297 2421 1367 juventute
2447 1320 2588 1373 mea,
2617 1318 2671 1362 et
2700 1308 2959 1367 obediens
2993 1315 3134 1381 patri
3179 1334 3302 1373 meo
3331 1336 3421 1376 se-

1840 1386 2081 1442 cundum
2114 1405 2276 1448 omne
2291 1394 2515 1450 verbum
2542 1415 2556 1464 ;
2586 1406 2641 1453 et
2661 1399 3051 1459 benedicebam
3077 1410 3237 1464 matri
3261 1428 3416 1476 meae,

1838 1486 1893 1533 et
1914 1481 2089 1535 sorori
2118 1484 2312 1540 matris
2368 1502 2524 1543 meae.
2561 1488 2628 1544 Et
2675 1490 2877 1548 factum
2931 1510 3052 1564 est,
3080 1508 3139 1553 ut
3190 1502 3417 1560 effectus

1839 1585 1963 1625 sum
1992 1574 2114 1641 vir,
2160 1584 2214 1631 et
2240 1587 2393 1647 pater
2442 1596 2597 1637 meus
2645 1581 2816 1640 Jacob
2863 1590 3040 1645 oravit
3087 1608 3252 1662 super
3306 1613 3413 1663 me,

1839 1662 2025 1720 dicens
2052 1684 2065 1719 :
2105 1685 2123 1717 ι
2159 1665 2275 1722 Rex
2303 1670 2435 1736 eris,
2466 1684 2820 1743 prosperatus
2852 1678 2905 1731 in
2938 1681 3213 1738 omnibus.
3252 1704 3270 1735 ι

1903 1863 1971 1920 Η.
2016 1884 2036 1917 ι
2073 1866 2142 1921 Ει
2182 1869 2333 1925 dedit
2371 1872 2507 1928 mihi
2548 1873 2820 1933 Dominus
2867 1882 3096 1949 gratiam
3131 1884 3184 1937 in
3225 1889 3412 1941 omni--

1834 1956 1938 2012 bus
1978 1961 2238 2029 operibus
2290 1964 2451 2031 meis,
2491 1973 2546 2020 et
2573 1967 2628 2021 in
2674 1984 2806 2040 agro
2836 1982 2889 2025 et
2928 1975 2982 2026 in
3013 1974 3198 2031 domo.
3234 1975 3412 2033 Utvi-

1833 2049 2052 2118 debam,
2102 2054 2247 2123 quod
2299 2058 2695 2113 concurrebam
2740 2075 2951 2129 cervaa;
3002 2074 3056 2118 et
3098 2069 3407 2137 apprehen-

1832 2142 1969 2197 dens
2000 2142 2199 2213 ipsam,
2231 2143 2335 2200 feci
2372 2147 2552 2202 cibum
2579 2150 2720 2218 patri
2766 2166 2909 2207 meo.
2942 2153 3149 2223 Capras
3179 2172 3410 2227 supera-

1834 2233 1957 2286 bam
2014 2249 2112 2303 per
2153 2251 2400 2301 cursum,
2445 2246 2500 2293 et
2539 2254 2702 2295 omne
2731 2244 2878 2311 quod
2905 2253 3026 2298 erat
3065 2247 3117 2301 in
3161 2250 3409 2319 campis,

1832 2324 2130 2394 capiebam.
2180 2326 2389 2398 Equam
2424 2340 2691 2400 agrestem
2734 2336 3013 2404 capiebam
3040 2377 3055 2401 ,
3104 2344 3160 2392 et
3211 2355 3410 2409 appre-

1833 2412 2077 2470 hendens
2110 2416 2486 2485 mansuefeci;
2513 2429 2567 2473 et
2589 2419 2799 2476 leonem
2827 2423 3092 2492 interfeci,
3124 2436 3180 2481 et
3202 2429 3405 2497 eripie-

1830 2504 1957 2560 bam
1981 2504 2193 2560 haedum
2213 2523 2280 2562 ex
2303 2524 2398 2564 ore
2420 2510 2561 2579 ejus.
2589 2511 2791 2568 Ursum
2821 2516 3042 2584 capiens
3070 2534 3165 2587 per
3191 2521 3407 2589 pedem,

1830 2596 2113 2652 volvebam
2145 2598 2199 2653 in
2227 2603 2586 2672 praecipitium
2614 2623 2628 2671 ;
2655 2614 2707 2661 et
2739 2620 2957 2664 omnem
2992 2608 3185 2676 feram,
3218 2614 3264 2667 si
3321 2630 3409 2668 re-

1829 2705 1988 2745 versa
2022 2699 2105 2747 est
2130 2692 2187 2747 in
2210 2710 2319 2759 me,
2345 2695 2713 2753 dilacerabam
2746 2714 2890 2765 eam,
2928 2709 2990 2756 ut
3027 2704 3203 2759 canis.
3232 2704 3407 2762 Poreo

1831 2782 2070 2838 silvestri
2126 2788 2549 2857 concurrebam,
2578 2799 2632 2845 et
2660 2806 3052 2863 praeoccupans
3092 2796 3146 2850 in
3179 2813 3409 2853 curren-

1828 2874 1923 2942 do,
1951 2876 2250 2932 dilaceravi
2286 2894 2433 2934 eum.
2461 2879 2711 2939 Pardalis
2740 2883 2795 2940 in
2829 2884 3046 2942 Hebron
3073 2889 3286 2945 insiluit
3310 2908 3407 2947 su-

1828 2980 1928 3036 per
1959 2982 2183 3033 canem;
2218 2978 2272 3023 et
2302 2972 2718 3039 apprehendens
2742 2990 2861 3030 eam
2892 2993 2990 3047 per
3028 2982 3279 3046 caudam,
3309 2985 3406 3037 ab-

1822 3060 2081 3130 jiciebam
2128 3076 2281 3126 eam,
2317 3072 2372 3118 et
2421 3064 2639 3136 dirupta
2692 3078 2777 3124 est
2824 3070 2878 3124 in
2929 3073 3178 3127 terminis
3220 3072 3399 3129 [ἔσται.

120 3148 196 3198 ἐν
227 3148 340 3208 τοῖς
376 3146 522 3216 ὅροις
557 3145 757 3217 Γάζης.
813 3144 953 3199 Βοῦν
984 3145 1174 3216 ἄγριον
1207 3146 1266 3199 ἐν
1300 3144 1456 3216 χώρᾳ
1489 3144 1725 3216 νεμόμε-

1837 3153 2030 3208 Bovem
2071 3153 2376 3210 silvestrem
2431 3155 2487 3210 in
2535 3159 2758 3228 regione
2791 3170 3009 3230 pastum
3040 3165 3187 3219 tenui
3218 3166 3404 3220 cornio

122 3252 228 3289 νον
259 3236 542 3307 ἐκράτησα
574 3235 686 3308 (62)
719 3236 828 3290 τῶν
860 3237 1131 3308 κεράτων,
1167 3237 1260 3289 καὶ
1291 3238 1349 3289 ἐν
1382 3234 1567 3305 κύκλῳ
1587 3251 1719 3288 συσ-

122 3326 347 3392 σείσας,
380 3327 475 3381 καὶ
508 3327 783 3393 σκοτίσας,
818 3326 981 3402 ῥίψας
1015 3325 1225 3378 ἀνεῖλον
1257 3322 1440 3377 αὐτόν.

206 3441 281 3492 Γ¹.
325 3458 344 3491 ι
369 3439 479 3493 Καὶ
499 3440 590 3493 ὅτε
609 3434 776 3511 ἦλθον
790 3440 841 3492 oi.
860 3438 954 3493 δύο
979 3437 1217 3510 βασιλεῖς
1247 3436 1357 3491 τῶν
1390 3435 1713 3491 Χαναναίων

116 3532 593 3604 τεθωρακισμένοι
626 3532 721 3585 ἐπὶ
752 3531 819 3586 τά
852 3532 1100 3604 ποίμνια,
1134 3531 1229 3584 καὶ
1258 3529 1427 3593 πολὺς
1453 3528 1579 3592 λαὸς
1599 3526 1715 3598 μετ’

115 3619 342 3687 αὐτῶν,
377 3619 534 3689 κάγὼ
583 3620 741 3692 μόνος
771 3620 994 3692 δραμὼν
1043 3620 1136 3673 ἐπὶ
1168 3620 1263 3673 τὸν
1297 3618 1518 3689 βασιλέα
1551 3618 1711 3689 Σοὺρ,

118 3710 392 3780 συνέσχον
428 3709 540 3784 (65)
562 3710 744 3776 αὐτὸν,
769 3712 862 3764 καὶ
893 3711 986 3765 ἐπὶ
1018 3709 1117 3775 τὰς
1150 3709 1419 3781 κνημίδας
1452 3707 1711 3780 κρούσας,

116 3804 451 3860 κατέσπασα
470 3844 485 3871 ,
519 3806 615 3859 καὶ
644 3805 818 3870 οὕτως
850 3804 1061 3859 ἀνεῖλον
1093 3803 1274 3857 αὐτόν.
1310 3802 1422 3855 Kal.
1461 3801 1554 3855 τὸν
1594 3800 1715 3853 ἐτε-

120 3916 223 3970 ρον
280 3896 503 3970 βασιλέα
554 3898 802 3967 Ταφουέ,
853 3897 1167 3968 καθήμενον
1216 3894 1309 3947 ἐπὶ
1357 3893 1453 3946 τοῦ
1508 3893 1676 3946 ἵππου
1695 3933 1710 3958 ,

114 3991 334 4048 ἀνεῖλον
354 3989 535 4056 αὑτὸν,
554 3989 648 4043 καὶ
678 3988 851 4053 οὕτως
868 3989 1049 4043 πάντα
1062 3987 1152 4041 τὸν
1182 3985 1307 4040 λαὸν
1338 3985 1449 4058 (64)
1470 3984 1713 4056 διεσκόρ-

116 4101 284 4138 πισα.
333 4083 439 4136 Τὸν
496 4080 675 4154 Ἀχὼρ
727 4080 984 4152 βασιλέα,
1036 4078 1206 4151 ἄνδρα
1238 4076 1544 4147 γιγάντων,
1582 4076 1710 4147 βάλ-

1822 3242 1947 3309 bus,
1984 3254 2039 3300 et
2066 3246 2120 3299 in
2156 3247 2425 3303 circulum
2448 3250 2675 3306 volvens
2704 3262 2759 3307 et
2779 3254 3402 3326 obtenebrans,jaciens

1820 3337 1996 3393 occidi
2019 3352 2167 3394 eum.

1888 3450 1977 3507 Ill.
2019 3471 2037 3503 ι
2068 3452 2134 3507 Ει
2160 3455 2379 3524 quando
2408 3456 2701 3513 veniebant
2734 3459 2844 3514 duo
2872 3476 3028 3531 reges
3054 3461 3398 3522 Cbananaeo-

1818 3558 1943 3601 rum
1976 3544 2189 3601 loricati
2226 3562 2390 3617 super
2417 3563 2630 3621 greges,
2661 3558 2715 3606 et
2757 3552 2964 3608 multus
3003 3556 3236 3623 p0pulus
3269 3573 3397 3614 cum

1818 3635 1974 3707 ipsis,
2001 3645 2056 3691 et
2088 3652 2189 3708 ego
2220 3639 2371 3695 solus
2417 3656 2645 3696 currens
2669 3642 2725 3697 in
2756 3659 2938 3715 regem
2974 3643 3100 3713 Sur,
3145 3650 3395 3709 continui

1817 3744 1944 3785 eum
1968 3738 2022 3784 et
2053 3731 2105 3783 in
2139 3730 2304 3786 tibias
2340 3733 2649 3801 percutiens
2670 3776 2685 3802 ,
2715 3738 3013 3805 prostravi,
3038 3747 3093 3794 et
3121 3740 3192 3795 ita
3217 3743 3396 3799 occidi

1816 3836 1962 3876 eum.
1988 3820 2054 3875 Et
2075 3822 2243 3875 alium
2272 3838 2453 3891 regem
2478 3821 2721 3893 Taphue,
2750 3827 3027 3883 sedentem
3052 3830 3106 3883 in
3133 3846 3275 3902 equo
3302 3848 3398 3888 oc-

1816 3914 1946 3983 cidi,
1979 3924 2145 3985 atque
2166 3915 2239 3969 ita
2271 3932 2489 3971 omnem
2516 3917 2777 3988 populum
2806 3919 3059 3990 dispersi.
3092 3922 3277 3980 Achor
3304 3941 3394 3981 re-

1815 4023 1957 4078 gem,
1982 4008 2161 4063 virum
2187 4008 2488 4080 gigantum,
2519 4009 2864 4079 sagittantem
2902 4020 3028 4067 ante
3057 4021 3111 4068 et
3137 4025 3305 4083 retro,
3335 4018 3392 4071 in

1812 4115 1955 4170 equo
1978 4101 2410 4171 apprehendens,
2429 4100 2664 4171 lapidem
2687 4101 2966 4172 sexaginta
2985 4102 3245 4160 librarum
3259 4123 3393 4162 con-

111 4176 287 4229 λοντα
318 4174 447 4239 τόξα
478 4173 787 4247 ἔμπροσθεν
819 4172 913 4226 καὶ
946 4171 1169 4225 ὄπισθεν
1188 4212 1202 4236 ,
1238 4173 1324 4240 ἐφ’
1360 4170 1527 4223 ἵππου
1560 4170 1657 4221 ἀνε
1686 4198 1709 4206 -

1838 4170 2100 4265 orquens,
2133 4192 2339 4263 projeci
2382 4192 2437 4247 in
2469 4170 2695 4264 equum,
2721 4200 2776 4249 et
2818 4170 2999 4263 ipsum
3030 4194 3297 4252 interfeci.
3323 4198 3392 4253 Et

111 4268 383 4339 λόμενος,
417 4266 562 4320 λίθον
596 4266 859 4338 ἐξήκοντα
906 4263 1108 4337 λιτρῶν
1143 4264 1428 4327 ἀκοντίσας
1453 4303 1468 4328 ,
1502 4261 1709 4316 δέδωκα

1837 4261 2345 4356 ιχρῖιεηεηεᾼοὴοτ
2374 4261 2785 4347 Ιιοινίεόυειωε,
2816 4261 2991 4340 occidi
3017 4301 3165 4351 eum,
3190 4296 3246 4341 et
3274 4288 3390 4343 dis-

110 4360 201 4431 τῷ
232 4361 388 4431 ἵππῳ
420 4362 514 4412 καὶ
565 4359 861 4413 ἀπέκτεινα
894 4358 1076 4413 αὐτόν.
1128 4358 1240 4410 Καὶ
1274 4356 1585 4427 πολεμήσας
1617 4354 1710 4408 τὸν

1837 4354 2003 4434 εοίιηε
2026 4378 2273 4449 clypeum
2290 4376 2427 4449 ejus,
2446 4377 2688 4433 conscidi
2706 4378 2871 4447 pedes
2889 4378 3029 4447 ejus.
3056 4378 3114 4432 In
3137 4381 3389 4437 exuendo

128 4452 317 4524 Ἀχὼρ
349 4452 443 4506 ἐπὶ
475 4450 622 4524 ὥρας
654 4451 747 4506 δύο
767 4491 780 4517 ,
815 4450 1112 4506 ἀπέκτεινα
1145 4448 1306 4503 αὐτὸν
1326 4489 1340 4513 ,
1377 4448 1471 4501 κα).
1502 4448 1582 4511 είς
1615 4446 1708 4499 δύο

1837 4480 1997 4526 ιυιειη
2030 4470 2150 4540 ejus
2190 4471 2490 4536 thoracem,
2514 4484 2645 4525 ecce
2663 4477 2788 4524 octo
2813 4468 2938 4533 viri,
2964 4469 3127 4523 amici
3157 4470 3277 4541 ejus
3301 4471 3390 4526 in-

112 4544 269 4619 μέρη
305 4545 533 4616 ποιήσας
563 4545 663 4615 τὴν
697 4544 899 4597 ἀσπίδα
931 4541 1115 4605 αὐτοῦ,
1153 4539 1424 4611 συνέκοψα
1454 4539 1582 4603 τοὺς
1604 4538 1703 4591 πό-

1837 4538 2074 4632 :eperunt
2117 4576 2363 4631 pugnare
2411 4559 2675 4615 adversus
2746 4574 2854 4613 me.
2907 4557 3192 4615 Involvens
3254 4576 3387 4633 ergo

105 4637 216 4700 δας
248 4635 433 4690 αὐτοῦ.
484 4636 572 4689 Ἑν
604 4636 661 4688 δὲ
691 4635 770 4707 τῷ
804 4634 1011 4688 ἐκδύειν
1050 4651 1117 4705 με
1151 4633 1313 4687 αὐτὸν
1343 4631 1435 4685 τὸν
1452 4629 1703 4702 θώρακα,

1840 4629 2004 4709 tolam
2026 4629 2217 4708 meam
2235 4652 2286 4708 in
2314 4668 2479 4707 manu
2509 4667 2652 4718 mea,
2687 4651 2963 4721 lapidibus
2994 4667 3024 4707 e
3054 4652 3224 4707 funda
3250 4629 3382 4725 per-

113 4730 237 4784 ἰδοὺ
284 4726 473 4800 ἄνδρες
505 4725 651 4780 ὀκτὼ
674 4767 689 4792 ,
723 4728 929 4799 ἑταῖροι
961 4726 1145 4791 αὐτοῦ,
1181 4722 1414 4796 ἤρξαντο
1448 4722 1705 4792 πολεμεῖν

1840 4747 2024 4802 utiens
2050 4746 2221 4815 ipsos,
2252 4753 2491 4815 quatuor
2533 4758 2721 4799 eorum
2751 4744 2961 4809 occidi;
2990 4745 3170 4799 cmteri
3199 4757 3382 4802 autem

110 4818 260 4890 πρός
311 4834 398 4889 με.
461 4817 774 4889 Ἑνειλήσας
838 4810 931 4870 οὖν
994 4815 1094 4886 τὴν
1161 4813 1354 4885 στολήν
1386 4830 1490 4905 μου
1526 4811 1587 4865 ἐν

1837 4810 2087 4905 ugerunt:
2117 4810 2367 4887 Etlacob
2392 4841 2546 4902 pater
2576 4841 2763 4887 noster
2793 4833 2994 4889 occidit
3022 4833 3253 4902 Beelisa,
3287 4853 3380 4894 re-

108 4910 266 4983 χειρί
300 4926 422 4980 μου,
458 4909 625 4974 λίθοις
676 4908 1040 4980 σφενδονήσας
1086 4904 1302 4971 αὐτοὺς,
1334 4901 1701 4998 τέσσαραᾼςᾼέξ

1838 4901 1925 4981 em
1954 4925 2200 4980 omnium
2222 4901 2435 4995 regum,
2467 4925 2740 4994 gigantem
2771 4923 3091 4981 fortitudine
3111 4966 3128 4993 ,
3160 4930 3379 4984 cubito-

106 5001 302 5060 αὐτῶν
350 5000 594 5056 ἀνεῖλον·
647 5003 697 5055 οἱ
744 5001 802 5055 δὲ
836 4999 984 5055 ἄλλοι
1030 4998 1253 5070 ἔφυγον.
1290 4997 1400 5050 Καὶ
1445 4994 1638 5049 Ἰακὼϐ
1671 4995 1699 5047 ὁ

1837 5032 1924 5069 um
1975 4994 2387 5071 duodecim.iEt
2436 5015 2633 5070 cecidit
2664 5029 2828 5084 super
2880 5015 3030 5085 ipsos
3068 5026 3293 5087 tremor,
3324 5029 3379 5074 et

108 5096 304 5167 πατὴρ
334 5094 495 5167 ἡμῶν
527 5095 705 5150 ἀνεῖλε
754 5094 847 5148 τὸν
898 5093 1160 5158 Βεελισᾶ,
1210 5088 1430 5161 βασιλέα
1476 5089 1697 5143 πάντων

1837 5116 2153 5162 essaverunt
2177 5121 2424 5178 pugnare
2450 5116 2642 5161 contra
2670 5121 2793 5161 nos.
2824 5104 3054 5176 Propter
3084 5107 3190 5163 hoc
3215 5125 3376 5163 secu-

102 5189 225 5243 τῶν
274 5188 566 5259 βασιλέων,
619 5186 849 5255 γίγαντα
877 5188 945 5257 τῇ
1001 5183 1178 5255 ίσχύῖ,
1215 5180 1434 5252 πηχέων
1466 5178 1693 5270 δῴδεκα.

1837 5213 1892 5254 us
1918 5205 2036 5252 erat
2076 5208 2230 5267 pater
2258 5212 2414 5252 meus
2444 5197 2500 5251 in
2534 5197 2759 5266 praeliis,
2792 5199 3054 5267 quoniam
3082 5214 3182 5270 ego
3220 5215 3372 5254 eram

105 5280 226 5334 Καὶ
275 5278 539 5333 ἐπέπεσεν
584 5277 672 5331 ἐπ’
719 5276 916 5340 αὐτοὺς
960 5274 1200 5348 τρόμος,
1250 5272 1344 5326 κα).
1382 5269 1692 5325 ἐπαύσαντο

1837 5306 1919 5346 um
1965 5289 2229 5347 fratribus
2276 5289 2434 5345 meis.
2471 5288 2614 5344 Vidit
2651 5290 2796 5343 enim
2830 5290 2887 5343 in
2918 5290 3129 5346 visione
3159 5291 3368 5358 deme,

1861 5468 1975 5538 (61)
2000 5467 2233 5536 Φοράδα
2246 5469 2460 5538 ἀγρίαν
2478 5466 2830 5530 κατέλαϐον,
2858 5466 2956 5520 καὶ
2979 5465 3193 5532 πιάσαι,
3229 5465 3370 5537 ἠμέ-

1782 5537 1970 5607 ρωσα.
2004 5538 2229 5593 Desunt.
2264 5537 2343 5592 In.

1860 5609 1971 5679 (62)
2016 5606 2369 5679 Ἐκράτησα.
2398 5607 2731 5679 Κρατείσας.
2770 5612 2844 5664 In.

1857 5676 1971 5751 (65)
2010 5679 2184 5745 Σοὺρ,
2212 5676 2544 5751 συνέσχον.
2593 5679 2806 5745 Ἀσοὺρ,
2835 5680 3094 5750 συνεῖχον.
3125 5676 3198 5731 In.

1858 5749 1969 5823 (64)
1999 5751 2178 5806 Λαόν.
2212 5749 2417 5804 Αὐτῶν.
2446 5750 2521 5807 In.

184 5477 300 5551 (59)
332 5478 541 5549 Μήτηρ
567 5477 865 5551 nov-Ne-
898 5478 976 5532 ιο·

183 5546 304 5615 (57)
340 5546 674 5618 Εὐ.2.ὀγο*υν.
713 5549 969 5618 Ἐτίμων.
990 5546 1069 5602 In.

208 5619 300 5685 58)
356 5617 711 5686 Ἡνδρώθην.
762 5617 1081 5689 Ἦδρύᾼνθην.
1122 5617 1197 5670 In.

208 5622 300 5685 58)
356 5622 711 5686 Ἡνδρώθην.
762 5622 1081 5689 Ἦδρύνθην.
1123 5622 1175 5670 ln

183 5622 298 5757 (59)
324 5689 558 5753 Ηῦξατό
574 5706 694 5758 μοι.
724 5687 1061 5758 [Επηύξατο.
1096 5690 1175 5742 In.

180 5754 295 5838 (60)
340 5761 435 5828 Ὦς
462 5754 645 5815 εἶδόν.
680 5754 829 5816 Οἶδα.
860 5754 938 5813 In.
