3830 6216
454 306 591 368 ml
1412 311 1871 369 TESTAMENTA
1910 315 1949 369 Χ
1962 316 2001 370 ΙΙ
2040 316 2659 374 PATRIARCHARUM.
3575 323 3734 377 1072

446 428 593 499 quod
619 426 844 498 angelus
881 427 1097 482 virtutis
1158 427 1601 497 sequebaturme
1646 429 1700 483 in
1741 429 1958 484 omnibu

2216 430 2499 502 lspoﬁvreq
2548 432 2632 501 ἐφ’
2682 432 2847 503 ἡμᾶς.
2904 433 3003 485 Διά
3049 435 3208 489 τοῦτο
3255 436 3563 508 ἀμέριμνος
3600 434 3728 510 ἦ·δὸ

426 530 501 573 ‘-ul
546 536 652 574 non
686 519 954 573 vincerer.

2216 524 2307 594 τήρ
2329 541 2445 594 ,μου
2480 524 2536 575 ἐν
2567 526 2677 586 τοῖς
2713 523 2989 593 πολέμοις,
3026 526 3105 579 ὅτι
3140 527 3250 595 ἐγὼ
3281 530 3428 599 ήμην
3464 531 3569 583 σὺν
3606 533 3728 593 τοῖς

444 614 694 685 ἀδελφοῖς
746 632 871 685 μου.
909 608 1029 666 Εἷδε
1080 612 1187 683 γάρ
1220 615 1277 664 ἐν
1309 613 1543 685 ὁράματι
1592 616 1719 685 περὶ
1755 612 1912 684 ἐμοῦ,
1946 614 2027 667 ὅτι
2066 615 2295 684 ἄγγελος
2345 617 2625 687 δυνάμεως
2684 613 2880 669 -ἐπεταί
2916 636 3004 689 μοι
3037 620 3093 672 ἐν
3130 622 3294 685 πᾶσι,
3366 621 3461 675 τοῦ
3499 623 3584 694 μὴ
3620 626 3728 694 ἡτ-

432 706 655 761 τᾶσθαι.

513 818 603 875 lV.
628 840 646 873 ι
671 819 817 875 Etad
833 827 1078 875 austrum
1104 818 1303 873 factum
1332 827 1417 873 est
1440 818 1603 873 nobis
1625 821 1872 889 praelium
1897 837 2016 875 ma-

2214 818 2273 867 ι’.
2308 833 2325 865 ι
2368 815 2477 866 Kal
2509 814 2647 867 κατά
2666 818 2811 867 νότον
2827 815 3048 884 γέγονεν
3070 818 3203 887 ἡμῖν
3234 819 3467 889 πόλεμος
3501 822 3726 891 μείζω-ν

438 912 551 981 jus,
578 926 744 982 quam
770 910 914 980 quod
946 910 999 963 in
1026 909 1284 963 Sicbimis
1315 926 1329 974 ;
1364 917 1417 961 et
1454 908 1758 962 instructus
1806 910 1861 963 in
1898 926 1950 964 ac

2228 904 2283 954 ἐν
2301 903 2559 974 Σικήμοις
2579 920 2590 933 °
2617 904 2709 957 καὶ
2744 906 3194 976 παραταξάμενος
3233 908 3372 979 μετὰ
3405 910 3515 962 τῶν
3554 902 3726 965 ἁδελ-

439 1018 565 1060 cum
598 1003 863 1057 fratribus
903 1002 1060 1066 meis,
1108 1008 1430 1070 persecutus
1472 1015 1592 1053 sum
1635 1000 1781 1053 mille
1828 1000 1948 1055 viro

2217 1014 2235 1047 ν
2274 1012 2373 1065 μου
2399 1035 2412 1058 ,
2448 994 2641 1061 ἐδίωξα
2674 996 2878 1065 χιλίους
2913 996 3130 1068 ἄνδρας,
3169 1002 3261 1053 καὶ
3312 1002 3625 1056 ἀπέκτεινα
3658 1006 3729 1072 ἐξ

435 1110 491 1155 et
512 1101 687 1157 occidi
738 1115 802 1153 ex
850 1099 929 1154 eis
968 1099 1231 1152 ducentos
1259 1098 1438 1159 viros,
1470 1105 1523 1150 et
1551 1105 1790 1165 quatuor
1825 1112 1947 1167 rege

2206 1084 2295 1136 τῶν
2358 1084 2662 1149 διακοσίους
2724 1087 2941 1157 ἄνδρας,
2993 1091 3087 1141 καὶ
3120 1090 3391 1163 τέσσαρας
3444 1094 3718 1163 βασιλεξ.

436 1192 505 1246 Et
548 1192 771 1246 ascendi
821 1206 985 1259 super
1040 1190 1188 1259 ipsos
1225 1189 1277 1243 in
1326 1204 1579 1255 murum,
1608 1196 1663 1242 et
1698 1188 1835 1243 alios
1868 1188 1948 1243 dui

2211 1178 2225 1228 l
2258 1176 2485 1246 ἀνῆλθον
2521 1179 2606 1230 ἐπ’
2638 1180 2833 1243 αὐτοὺς
2852 1181 2943 1233 ἐπὶ
2975 1180 3067 1233 τοῦ
3101 1183 3334 1253 τείχους,
3370 1188 3469 1238 καὶ
3514 1188 3723 1252 ἄλλους

434 1299 590 1354 reges
612 1282 787 1337 occidi
817 1300 831 1335 :
859 1292 913 1336 et
958 1284 1031 1335 ita
1081 1281 1433 1334 liberavimus
1462 1278 1698 1347 llebron,
1725 1287 1780 1333 et
1832 1280 1946 1335 abdi

2206 1298 2207 1305 ι
2244 1266 2478 1336 βασιλεῖς
2514 1268 2754 1320 ἀνεῖλον·
2795 1269 2889 1323 καὶ
2924 1270 3095 1334 οὕτως
3117 1272 3579 1346 ἠλευθερώσαμεν
3616 1279 3718 1348 τὴν

435 1371 616 1426 ximus
641 1386 861 1425 omnem
885 1385 1075 1440 regum
1100 1369 1495 1439 captivitatem.

2208 1360 2342 1431 Ξρὼν
2367 1402 2381 1424 ,
2419 1363 2512 1415 καὶ
2545 1362 2807 1433 ἐλάϐομεν
2845 1366 3023 1417 πᾶσαν
3056 1366 3157 1436 τὴν
3189 1360 3571 1439 αἰχμαλωσίαν
3602 1372 3720 1424 τῶν

2121 1451 2384 1520 βασιλέων
2397 1492 2411 1506 .

499 1553 565 1610 ν.
606 1574 624 1607 ‹
664 1553 731 1609 Et
778 1561 999 1624 postero
1040 1552 1127 1606 die
1165 1551 1435 1606 abit-imus
1460 1552 1514 1606 in
1540 1550 1781 1617 Aretam,
1816 1552 2009 1607 civita-

2208 1553 2260 1604 ζ’.
2306 1571 2322 1603 ι
2354 1555 2461 1607 Kal
2496 1558 2560 1627 τῇ
2600 1554 2727 1626 ἐξῆς
2779 1555 3098 1627 ἀπήλθομεν
3127 1558 3205 1622 εἰς
3253 1559 3499 1630 Ἀρέταν,
3554 1561 3720 1615 πόλιν

427 1657 536 1702 tem
567 1656 845 1718 potentem
892 1653 951 1699 et
1000 1652 1271 1698 muratam
1300 1684 1315 1708 ,
1352 1650 1406 1695 et
1453 1642 1610 1697 nobis
1654 1643 1939 1697 inaccessil

2207 1642 2375 1697 ιταιὰν
2408 1646 2504 1698 καὶ
2537 1648 2786 1717 τειχήρη,
2824 1648 2916 1699 xal
2950 1648 3383 1719 ἀπροσέγγιστον
3418 1654 3580 1721 ἡμῖν,
3620 1653 3719 1706 θά-

426 1741 557 1805 lem,
610 1747 844 1792 mortem
897 1736 1219 1790 minantem.
1256 1733 1368 1805 Ego
1416 1734 1580 1804 igitur
1608 1745 1661 1789 et
1690 1734 1804 1789 Gad
1836 1735 1938 1789 adv

2204 1750 2265 1785 ον
2316 1734 2663 1790 ἀπειλοῦσαν.
2727 1736 2865 1805 Ἐγὼ
2912 1733 3004 1790 οὖν
3050 1739 3143 1791 καὶ
3194 1738 3300 1792 Γὰδ
3342 1742 3716 1813 προσὴξαμευ

426 1832 612 1887 nimus
641 1832 710 1885 ab
731 1830 943 1884 oriente
967 1827 1237 1893 civitatis;
1267 1828 1464 1881 ltuben
1519 1843 1650 1882 vero
1684 1837 1738 1880 et
1767 1826 1895 1881 Levi

2204 1823 2225 1876 δ
2272 1825 2544 1879 ἀνατολῶν
2596 1826 2696 1897 τῆς
2748 1828 2991 1893 πόλεως’
3058 1830 3296 1901 Ῥουϐἡμ
3338 1831 3394 1883 δέ
3440 1834 3539 1884 καὶ
3576 1834 3716 1886 Λευῗ

423 1921 707 1977 occidente
732 1930 786 1974 et
815 1928 1026 1973 austro.
1059 1917 1126 1972 Et
1151 1918 1536 1973 existimantes
1567 1918 1661 1986 qui
1692 1933 1857 1987 super
1878 1934 1930 1971 ιιι

2199 1930 2210 1966 δ
2243 1913 2461 1987 δυσμῶν
2495 1918 2587 1970 καὶ
2618 1919 2791 1973 νότου.
2828 1921 2937 1972 Kal
2985 1920 3294 1991 νομίζοντες
3340 1925 3387 1975 οἱ
3445 1924 3562 1977 ἀπὸ
3614 1926 3711 1978 τοῦ

422 2028 518 2067 ros
538 2020 715 2077 erant,
741 2010 889 2080 quod
919 2026 1020 2065 nos
1048 2010 1149 2064 soli
1198 2024 1469 2073 essemus,
1524 2010 1740 2064 attracli
1772 2019 1901 2064 sunt

2202 2025 2332 2077 (ους,
2368 2009 2449 2061 ὅτι
2482 2011 2645 2081 ἡμεῖς
2682 2013 2832 2082 μόνοι
2866 2012 3055 2083 ἐσμὲν,
3091 2002 3527 2087 ἐφειλκύσθησαν
3568 2018 3714 2090 πρὸς

422 2121 561 2170 nos;
619 2114 674 2160 et
720 2104 794 2158 ila
848 2104 1079 2157 latentes
1121 2100 1323 2156 fratres
1359 2103 1464 2156 mei
1496 2118 1563 2156 ex
1589 2113 1818 2172 utraque
1849 2120 1934 2173 par

2198 2099 2265 2161 ἱς·
2304 2098 2396 2150 καὶ
2428 2098 2599 2163 οὕτως
2634 2100 2875 2172 λαθραῖοι
2924 2104 2970 2154 οἱ
3006 2102 3220 2171 ἀδελφοί
3269 2122 3369 2174 μου
3408 2105 3470 2171 ἐξ
3505 2108 3710 2161 ἐκατέ-

420 2200 639 2270 paxillis
678 2197 1044 2253 ascenderunt
1089 2210 1329 2257 murum,
1387 2202 1441 2248 et
1492 2194 1834 2249 intraverunt
1861 2196 1932 2250 εἰι

2197 2206 2220 2240 ν
2404 2189 2701 2252 πασσάλοις
2736 2191 3077 2262 ἐπανέϐησαν
3114 2191 3190 2261 τῷ
3226 2190 3417 2261 τείχει,
3456 2195 3555 2246 καὶ
3592 2197 3709 2247 εἰσ-

418 2301 605 2357 tatem,
659 2288 1039 2359 ignorantibus
1074 2286 1229 2356 ipsis.
1263 2285 1330 2339 Et
1371 2286 1622 2355 cepimus
1648 2301 1769 2340 eam
1817 2287 1871 2340 in
1901 2302 1930 2341 ο

2192 2288 2257 2331 ιον
2289 2281 2369 2344 εἰς
2420 2280 2517 2351 τὴν
2552 2281 2723 2347 πόλιν,
2752 2281 3090 2351 ἀγνοούντων
3128 2283 3325 2338 αὐτῶν.
3360 2282 3475 2337 Kal
3508 2286 3704 2339 ἐλάϐο-

417 2384 602 2455 gladii,
636 2393 691 2438 et
736 2380 1068 2451 refugientes
1114 2380 1169 2433 in
1199 2380 1420 2443 turrim,
1472 2380 1829 2435 incendentes
1852 2396 1929 2435 ea:

2186 2387 2199 2422 ι
2248 2371 2417 2443 αὐτὴν
2465 2372 2525 2424 ἐν
2573 2372 2799 2459 στόματι
2852 2374 3157 2445 μαχαίρας,
3213 2375 3305 2427 καὶ
3354 2376 3489 2439 τοὺς
3526 2379 3589 2430 ἐν
3622 2382 3698 2448 τφ

421 2493 547 2532 cum
580 2477 715 2546 ipsis
745 2476 1015 2545 cepimus.
1047 2472 1113 2528 Et
1133 2490 1259 2528 cum
1290 2474 1689 2540 recederemus,
1712 2475 1815 2529 viri
1848 2474 1929 2529 Th

2184 2480 2292 2534 ργῳ
2326 2466 2755 2534 καταφυγόντας,
2790 2467 3173 2538 ἐμπρήσαντες
3206 2466 3296 2519 τὸν
3328 2469 3568 2539 πύργον,
3602 2472 3696 2522 σιν

416 2570 562 2639 phue
601 2566 1190 2636 invadebantprzedam
1241 2575 1527 2633 nostram;
1559 2574 1614 2622 et
1656 2583 1779 2622 cum
1840 2583 1928 2623 acc

2186 2558 2276 2619 τοῖς
2311 2556 2591 2627 ἐλάϐομεν.
2641 2559 2750 2611 Kal
2785 2560 2841 2612 ἐν
2894 2558 2972 2628 τῷ
3006 2560 3221 2613 ἀπιέναι
3256 2560 3405 2629 ἡμᾶς
3426 2602 3441 2624 ,
3500 2563 3698 2634 ἄνδρες

414 2662 626 2731 pissent
646 2676 765 2715 eam
792 2676 916 2714 cum
949 2659 1075 2712 filiis
1101 2657 1325 2722 nostris,
1350 2658 1627 2727 congressi
1653 2673 1844 2715 sumus
1868 2675 1926 2714 cu

2189 2648 2305 2718 ρουέ
2330 2648 2593 2703 ἐπέϐαλον
2612 2654 2677 2721 τῇ
2714 2652 3069 2723 αἰχμαλωσίᾳ
3109 2653 3285 2723 ἡμῶν,
3306 2650 3405 2705 καὶ
3444 2657 3701 2725 παραλα-

414 2752 496 2806 eis
516 2766 692 2821 usque
716 2751 781 2805 ad
810 2749 1075 2819 Thapbue
1100 2766 1115 2816 ;
1144 2763 1349 2817 eosque
1388 2750 1714 2815 occidimus,
1761 2760 1815 2804 et
1860 2751 1926 2805 Cll

2184 2760 2281 2806 ντες
2316 2742 2490 2813 αὐτὴν
2526 2743 2619 2794 σὺν
2659 2743 2768 2813 (66)
2805 2748 2917 2807 τοῖς
2951 2744 3085 2807 υἱοῖς
3130 2744 3308 2815 ἡμῶν,
3369 2747 3696 2818 συνήψαμεν

412 2852 579 2897 tatem
638 2841 1004 2904 incendimus,
1062 2848 1353 2910 postquam
1408 2842 1595 2894 omnia
1623 2856 1744 2910 qua:
1772 2840 1825 2894 in
1874 2842 1924 2912 ip

2180 2830 2234 2894 ὸς
2273 2834 2470 2897 αὐτοὺς
2487 2834 2591 2899 ἕως
2624 2834 2838 2905 Θαφουέ
2875 2836 2985 2906 (67)
3008 2853 3022 2866 ·
3046 2838 3334 2901 κάκείνους
3355 2839 3692 2892 ἀπεκτείνα-

413 2944 590 3002 erant,
620 2934 1035 3004 spoliassemus.

2181 2946 2216 2993 ι,
2255 2932 2349 2983 καὶ
2384 2931 2482 3002 τὴν
2535 2932 2688 2985 πόλιν
2723 2933 3136 3003 ἐνεπρήσαμεν,
3176 2933 3354 2987 πάντα
3390 2934 3459 2987 τὰ
3492 2937 3557 2987 ἐν
3592 2936 3693 2987 af.—

2091 3024 2157 3091 τῇ
2196 3022 2612 3088 σκυλεύσαντες.

484 3113 573 3169 Vl.
613 3132 633 3165 ι
664 3112 727 3168 Ει
757 3123 811 3168 ιιι
846 3128 994 3167 eram
1034 3115 1086 3167 in
1116 3115 1275 3185 aquis
1306 3112 1588 3181 Cliuzeba,
1635 3115 1671 3168 ii
1717 3116 1809 3185 qni
1834 3132 1863 3169 a
1891 3114 1985 3171 Jo-

2186 3116 2251 3179 ἵν.
2286 3134 2301 3164 ι
2344 3116 2449 3167 Kal
2481 3116 2555 3179 ὡς
2592 3118 2738 3188 ήμην
2773 3118 2830 3171 ἐν
2862 3121 2975 3183 τοῖς
3010 3109 3162 3172 ὕδασι
3194 3118 3479 3189 Χουζηϐἄ,
3498 3122 3553 3175 οἱ
3586 3121 3698 3174 ἀπὸ

410 3209 517 3270 bcl.
551 3209 845 3263 veniebant
893 3209 1157 3263 adversus
1208 3224 1308 3263 nos
1360 3210 1413 3262 in
1446 3209 1725 3278 prmlium;
1767 3217 1821 3262 et
1854 3225 1919 3263 co

2178 3206 2293 3276 »ϐὴλ
2326 3202 2487 3276 ἦλθον
2694 3178 2842 3280 μᾶς
2876 3178 2970 3273 εἰς⁷
2994 3210 3257 3281 πόλεμον
3298 3178 3397 3265 καὶ
3437 3178 3690 3285 συνήψα-

410 3300 581 3370 gressi
614 3315 805 3354 sumus
837 3316 961 3353 cum
993 3301 1102 3367 eis,
1138 3302 1401 3370 ipsosque
1436 3300 1759 3366 occidimus,
1784 3316 1922 3370 eosq:

2176 3317 2189 3350 ι
2225 3300 2420 3363 αὐτοὺς
2458 3300 2590 3371 (68),
2628 3301 2914 3366 κάκείνους
2949 3303 3350 3373 ἀπεκτείναμεν
3373 3320 3387 3333 ⁸
3429 3304 3527 3357 καὶ
3560 3308 3688 3368 τοὺς

408 3391 504 3459 qui
541 3406 571 3445 a
617 3389 778 3445 Selon
810 3392 1085 3445 auxiliarii
1118 3392 1360 3460 ipsorum
1393 3402 1582 3454 erant;
1610 3400 1663 3444 et
1695 3406 1800 3444 non
1835 3392 1920 3446 det

2180 3390 2412 3461 5Σηλὼμ
2449 3394 2771 3462 συμμάχους
2808 3392 2988 3446 αὐτῶν
3022 3394 3449 3465 ἀπεκτείναιρι.εν⁵
3475 3397 3692 3449 καὶούκ

408 3500 531 3539 mus
556 3486 638 3538 eis
666 3499 970 3553 egressum,
1016 3492 1074 3538 ut
1102 3484 1350 3539 venirent
1390 3486 1454 3536 ad
1490 3500 1609 3539 nos.
1646 3483 1709 3536 Et
1737 3484 1830 3553 qui
1860 3500 1920 3538 su

2179 3501 2363 3553 »κάμεν
2397 3484 2578 3547 αὐτοῖς
2626 3484 2875 3550 διέξοδον,
2911 3485 3003 3538 τοῦ
3040 3486 3299 3539 εἰσελθεῖν
3336 3485 3479 3558 πρὸς
3517 3491 3691 3559 ἡμεῖς.

406 3592 437 3631 a
470 3574 677 3631 Mecbir
711 3584 1147 3644 supervenerunt
1198 3575 1353 3629 nobis
1382 3577 1576 3644 quinto
1604 3576 1711 3639 die,
1736 3584 1793 3629 ut
1816 3590 1917 3644 cap

2177 3577 2195 3628 ἰ
2227 3577 2275 3628 οἱ
2312 3576 2418 3628 ἀπὸ
2452 3576 2645 3647 Μεχὴρ
2679 3576 2913 3646 ἐπῆλθον
2946 3579 3079 3647 ἡμῖν
3114 3580 3178 3647 τῇ
3215 3578 3447 3650 πέμπτῃ
3474 3581 3689 3653 ἡμέρᾳ.

407 3682 505 3720 vos
582 3668 936 3731 abducerent,
964 3674 1015 3721 ct
1040 3667 1243 3736 agressi
1276 3682 1370 3721 eos
1408 3666 1534 3720 forti
1569 3683 1748 3737 pugna
1781 3667 1919 3720 invas

2180 3667 2266 3719 ἰεῖν
2310 3669 2408 3737 τὴν
2460 3667 2872 3738 αἰχμαλωσίαν·
2925 3669 3021 3720 καὶ
3072 3669 3449 3740 προσάξαντες
3497 3675 3692 3735 αὐτοῖς

408 3773 555 3821 mus,
598 3758 858 3827 quoniam
900 3766 1058 3811 erant
1102 3757 1452 3812 multitudine
1483 3766 1765 3827 potentes;
1800 3767 1852 3812 et
1885 3775 1916 3811 0

2176 3760 2420 3829 κρατερᾷ
2457 3759 2607 3832 μάχῃ
2642 3758 3097 3831 περιεγενόμεθα,
3151 3761 3232 3813 ὅτι
3278 3756 3425 3832 ἦσαν
3480 3763 3688 3834 πλῆθος

406 3850 641 3904 cidimus
684 3865 801 3914 eos,
831 3858 1126 3919 antequam
1168 3849 1536 3903 ascenderunt
1577 3850 1918 3903 ascensione:

2178 3853 2295 3904 ατοὶ
2327 3854 2384 3904 ἐν
2416 3854 2599 3914 αὐτοῖς
2620 3869 2631 3881 ·
2671 3854 2764 3905 καὶ
2788 3854 3190 3924 ἀπεκτείναμεν
3224 3852 3428 3919 αὐτοὺς
3462 3857 3688 3928 προτοῦ

408 3941 477 3996 Ut
521 3950 703 3996 autem
756 3942 1009 3996 venimus
1040 3942 1108 3995 ad
1152 3940 1431 3995 civitatem
1470 3956 1684 4006 eorum,
1723 3942 1919 3994 mulier

2172 3943 2358 4012 ιϐἧναι
2407 3943 2503 4013 τὴν
2537 3943 2822 3997 ἀνάϐασιν.
2885 3945 2972 4009 Ὧς
3017 3944 3073 3998 δὲ
3121 3944 3357 4015 ἤλθομεν
3407 3951 3476 4017 τῇ
3536 3948 3684 4002 πόλει

400 4052 591 4091 eorum
613 4036 903 4091 volvebant
925 4051 1092 4105 super
1112 4051 1212 4089 nos
1236 4035 1443 4103 lapides
1471 4050 1500 4089 a
1525 4036 1728 4090 vertice
1752 4042 1912 4088 mont;

2172 4034 2290 4099 τῶν,
2328 4036 2384 4088 αἱ
2419 4038 2676 4103 γυναῖκες
2711 4034 2892 4089 αὐτῶν
2937 4036 3150 4089 ἐκύλιον
3195 4038 3280 4105 ἐφ’
3316 4039 3469 4108 ἡμᾶς
3502 4039 3684 4104 λίθους

400 4131 455 4182 in
494 4145 604 4199 quo
629 4137 753 4183 erat
792 4128 1005 4181 civitas.
1060 4126 1126 4180 Et
1156 4127 1435 4183 latitantes
1466 4142 1569 4196 ego
1597 4134 1651 4180 et
1701 4125 1912 4179 Simeou

2170 4132 2186 4180 5
2218 4127 2316 4197 τῆς
2350 4128 2592 4197 κορυφῆς
2626 4126 2720 4180 τοῦ
2755 4118 2915 4200 ὅρους
2942 4167 2957 4191 ,
2994 4130 3050 4181 ἐν
3178 4123 3245 4199 ἦν
3280 4132 3313 4200 ἡ
3352 4131 3536 4195 πόλις-
3575 4134 3682 4185 Kal

398 4231 571 4290 tergo,
622 4219 1080 4289 apprehendimus
1124 4219 1368 4283 excelsa,
1400 4226 1454 4273 et
1482 4226 1653 4272 totam
1695 4217 1910 4271 civitate

2167 4218 2487 4289 οκρυϐέντες
2522 4218 2634 4288 ἐγὼ
2666 4221 2760 4272 xal
2809 4214 3034 4290 Συμεὼν
3068 4219 3375 4286 ἐξόπισθεν,
3413 4224 3679 4279 ἐπελαϐό-

399 4312 762 4382 perdidimus.

2164 4310 2220 4363 la
2239 4311 2347 4363 τῶν
2365 4311 2608 4382 ὑψηλῶν,
2632 4314 2727 4365 καὶ
2748 4312 2877 4382 ὅλην
2909 4314 3007 4384 τὴν
3042 4314 3195 4366 πόλιν
3228 4314 3676 4389 ὡλοθρεύσαμεν.

471 4402 584 4456 Vll.
627 4421 646 4454 ι
680 4402 746 4457 Et
768 4402 1017 4472 sequenti
1048 4402 1136 4456 die
1166 4400 1374 4455 dictum
1409 4408 1493 4455 est
1521 4401 1699 4462 nobis.
1724 4402 1868 4470 quod
1899 4402 1976 4456 ci-

2164 4404 2222 4455 ι’.
2265 4422 2282 4453 ι
2308 4404 2419 4455 Kal
2435 4407 2502 4474 τῇ
2522 4404 2649 4475 ἐξῆς
2678 4405 2878 4476 ἐρρέθη
2913 4406 3050 4476 πρὸς
3080 4406 3246 4476 ἡμᾶς,
3284 4407 3368 4459 ὅτι
3402 4410 3461 4460 αἱ
3500 4411 3676 4475 πόλεις

398 4496 596 4551 vitales
636 4496 870 4550 duorum
904 4509 1089 4563 regum
1141 4509 1267 4547 cum
1300 4494 1500 4562 populo
1542 4494 1696 4564 gravi
1728 4494 1910 4547 venire

2161 4510 2185 4545 ν
2217 4493 2309 4547 δύο
2345 4493 2612 4563 βασιλέων
2645 4493 2756 4566 (69)
2793 4497 2849 4547 ἐν
2883 4495 3027 4566 ὄχλῳ
3063 4496 3218 4566 βαρεί
3268 4496 3532 4567 ἔρχονται
3568 4502 3673 4571 (Ἱο)

397 4589 463 4643 ad
518 4604 642 4643 nos.
688 4588 800 4657 Ego
846 4588 1010 4658 igitur
1045 4596 1098 4640 et
1144 4585 1255 4639 Dan
1286 4626 1300 4648 ,
1336 4586 1601 4655 fingentes
1630 4600 1732 4638 nos
1769 4584 1909 4638 Amo

2162 4584 2210 4647 ὃς
2242 4586 2411 4654 ἡμᾶς.
2461 4584 2601 4653 Ἐγὼ
2634 4581 2726 4639 οὖν
2761 4587 2854 4639 καὶ
2887 4586 3015 4650 Δάν,
3053 4590 3567 4659 προσποιησάμενοι
3597 4593 3674 4645 Ἀ-

400 4682 603 4743 rlneos,
655 4690 712 4734 ut
761 4680 1033 4734 auxiliarii
1069 4679 1316 4732 venimus
1364 4678 1418 4730 in
1454 4677 1730 4731 civitatem
1757 4691 1912 4729 eorur

2159 4677 2391 4746 ῥραίους,
2427 4677 2503 4740 ὡς
2540 4677 2817 4747 σύμμαχοι
2871 4678 3105 4748 ἤλθομεν
3138 4678 3217 4739 εἰς
3252 4677 3353 4748 τὴν
3390 4681 3548 4733 πόλιν
3584 4684 3671 4735 αὖ·

396 4769 562 4825 Nocte
593 4781 775 4825 autem
809 4770 1079 4839 profunda
1129 4769 1477 4823 venientibus
1529 4768 1792 4822 fratribus
1841 4783 1908 4837 ap

2155 4787 2201 4822 ν.
2267 4770 2441 4822 Νυκτὶ
2487 4770 2543 4823 δὲ
2591 4770 2782 4841 βαθείᾳ
2833 4770 3047 4822 ἐλθοῦσι
3094 4773 3204 4833 τοῖς
3253 4770 3513 4840 ἀδελφοῖς
3563 4777 3666 4851 (71)

396 4865 611 4920 ruimus
653 4873 859 4931 portas,
885 4873 936 4915 et
960 4878 1152 4915 omnes
1184 4878 1279 4915 eos
1309 4860 1645 4930 perdidimus
1667 4902 1682 4927 ,
1710 4870 1763 4915 et
1787 4876 1908 4915 omn

2156 4858 2361 4929 >ίξαμεν
2396 4859 2494 4923 τὰς
2529 4859 2703 4923 πύλας
2741 4860 2875 4929 (72),
2929 4861 3023 4912 καὶ
3060 4860 3270 4923 πάντας
3306 4863 3511 4927 αὐτοὺς
3546 4866 3668 4918 ὠλο-

397 4973 519 5026 quae
547 4970 739 5009 eorum
779 4965 954 5020 erant,
992 4956 1385 5023 depraedantes,
1417 4962 1527 5008 tres
1556 4970 1744 5009 muros
1778 4971 1909 5009 eoru

2156 4950 2400 5021 εύσαμεν,
2436 4952 2527 5004 καὶ
2562 4952 2737 5005 πάντα
2760 4951 2830 5005 τὰ
2852 4951 3033 5005 αὐτῶν
3065 4954 3569 5023 προνομεύσαντες,
3604 4959 3668 5010 τά

397 5046 815 5116 prostravimus.
852 5046 917 5099 Et
955 5045 1217 5123 Tliainnae.
1256 5045 1851 5115 appropinquavimus,
1878 5063 1909 5099 ιι

2152 5044 2205 5097 la
2238 5046 2396 5115 τείχη
2446 5043 2622 5096 αὐτῶν
2676 5043 3019 5113 καθείλομεν.
3073 5045 3185 5095 Kal
3243 5044 3302 5095 ἐν
3350 5048 3419 5115 τῇ
3476 5048 3664 5118 Θάμνα

398 5148 517 5192 erat
554 5152 716 5191 omne
738 5136 1007 5205 refugium
1051 5138 1368 5191 bellantium
1401 5152 1611 5207 regum.
1642 5135 1799 5191 Tunc
1828 5136 1901 5207 inj

2155 5138 2549 5207 οσηγγίσαμεν,
2603 5130 2662 5189 οὗ
2713 5132 2780 5206 ἦν
2828 5139 2977 5189 πᾶσα
3023 5139 3055 5207 ἡ
3106 5138 3367 5209 ἀποφυγὴ
3412 5141 3525 5211 (75)
3561 5144 3662 5196 τῶν

396 5244 535 5284 Lam
565 5244 761 5297 passus
814 5228 986 5281 iratus
1020 5244 1174 5291 sum,
1214 5238 1267 5282 et
1298 5229 1561 5298 impetum
1600 5226 1703 5283 feci
1730 5226 1787 5281 in
1822 5228 1903 5296 ips

2142 5230 2345 5299 κλεμίων
2411 5228 2691 5299 βασιλέων.
2762 5228 2894 5279 Τότε
2947 5227 3301 5299 ὑϐριζόμενος
3350 5231 3654 5305 ἐθυμώθην,

472 5386 583 5451 (63)
636 5384 974 5457 Ἐκατέρων.
1011 5384 1130 5457 Τῷν
1161 5383 1575 5457 μερῷνηϐιιλβη
1722 5452 1732 5457 _
2075 5388 2358 5457 βασιλέων.
2413 5386 2487 5441 In.

471 5456 581 5530 (66)
615 5454 722 5530 Kal
757 5452 1203 5521 παραλαϐόντες
1226 5452 1435 5518 αὑτήν.
1480 5452 1587 5504 Kal
1626 5452 1967 5523 πράσσοντες
2075 5452 2084 5457 ’
2142 5459 2254 5530 (70)
2294 5460 2627 5530 ’,Ερχονταμ
2664 5460 2941 5530 Ἔρχεται.
2975 5457 3051 5530 In.

398 5528 585 5595 αὕτήν.
627 5528 701 5578 lu.
1040 5594 1048 5597 _
1120 5594 1169 5597 Ἦ
1282 5593 1305 5597 μ
1352 5594 1373 5597 _
1542 5594 1550 5597 Α
1606 5592 1621 5597 _
2145 5528 2256 5597 (7t)
2311 5529 2581 5597 Έλθοῦοῖι
2640 5528 2761 5594 τοῖς
2810 5528 3117 5596 ἀδελφοῖς.
3188 5528 3485 5587 Ἐλθόντων
3548 5531 3649 5589 τᾶν

474 5592 583 5669 (6⁷7)
620 5598 773 5669 ’Έως
806 5594 1068 5669 νΘαφουέ.
1119 5594 1205 5669 Ἐν
1238 5593 1575 5669 τῷΔΘαφουέ.
1606 5592 1683 5645 l0.
1742 5665 1752 5669 _
1848 5663 1891 5669 __
2072 5592 2314 5667 ἀδελφῶν
2349 5598 2525 5669 ἡμῶν.
2553 5595 2626 5650 ID.

470 5663 580 5733 (68)
613 5665 1225 5737 Συνήψίιμεναὺτούς.
1247 5664 1354 5715 Kal
1378 5664 1711 5732 συνάψαντες
1736 5663 1967 5734 ἐτρέψα-
2145 5663 2256 5737 (7Q)
2298 5663 2521 5733 Πύλας.
2552 5670 2764 5731 Δύτοῖς.
2794 5666 2869 5721 lo.

403 5735 746 5810 navnaz'rtodg.
780 5736 851 5810 lu.
997 5804 1018 5810 _
1119 5803 1174 5810 μ
1278 5804 1301 5810 Α
1432 5804 1477 5810 Α.
1627 5806 1663 5810 _
1714 5806 1736 5810 μ
1866 5803 1895 5810 __
2145 5735 2258 5809 (73)
2312 5738 2628 5809 Ἁποφυγή.
2674 5739 3001 5810 Ἀποσκευή.
3035 5738 3110 5795 In.

474 5806 585 5877 (69)
618 5810 685 5862 Al
714 5808 917 5871 πόλεις
950 5804 1065 5859 τῶν
1109 5803 1215 5858 δύο
1257 5804 1581 5867 βασιλέων.
1627 5806 1768 5868 Γαᾶς
1813 5803 1964 5867 πόλις
