3830 6216
162 378 331 435 4075

1454 378 1975 439 TESTAMENTUM
2007 383 2220 439 JUDE.

3295 390 3433 446 1074

172 496 280 549 καὶ
314 492 549 564 ὥρμησα
582 492 671 545 ἐπ’
705 494 904 558 αὐτοὺς
944 493 1038 548 ἐπὶ
1084 493 1181 565 τήν
1216 494 1467 566 κορυφήν
1493 496 1769 549 ’κάκεῖνοι

1883 515 2045 568 super
2073 499 2330 554 verticem
2366 509 2460 555 :et
2508 500 2586 556 illi
2624 499 2807 557 fundis
2840 502 3115 572 jaciebant
3152 521 3314 575 super
3346 524 3434 563 me

170 582 511 652 ἐσφενδόνων
549 582 636 635 ἐπ’
686 584 785 653 ἐμὲ
830 583 1000 646 λίθοις
1054 585 1147 637 καὶ
1195 581 1404 647 τόξοις’
1459 586 1553 637 καὶ
1603 589 1654 638 εἰ
1694 588 1766 658 μὴ

168 675 287 728 Δάν
321 677 347 728 6
380 674 605 744 ἀδελφός
641 692 740 745 μου
777 676 1119 747 συνεμάχησέ
1145 694 1252 747 μοι,
1272 672 1416 745 εἶχόν
1442 694 1506 747 με
1532 678 1762 732 ἀνελεῖν.

187 765 532 837 Ἐπήλθομεν
565 762 658 819 οῦν
692 768 781 820 ἐπ’
816 768 1015 830 αὐτοὺς
1054 767 1191 838 μετά
1225 768 1549 837 θυμοῦ,καὶη
1570 770 1767 834 πάντες

170 857 429 927 ἔφυγον-ς
473 859 567 912 καὶ
613 858 913 922 διελθόντες
961 860 1028 912 δι’
1066 859 1230 930 ἀλλης
1264 859 1420 923 ὁδοῦ,
1472 860 1767 931 ἐδεήθησαν

168 948 275 1000 ’.τοῦ
311 946 515 1018 πατρός
546 964 646 1018 μου
671 986 685 1010 ,
721 947 815 1001 καὶ
857 946 1118 1018 ἐποίησεν
1168 949 1390 1019 εἰρήνην
1440 950 1559 1019 μετ’
1589 948 1767 1001 αὐτῶν

173 1038 321 1108 (74),
345 1039 439 1091 καὶ
460 1039 560 1091 οὐκ
591 1038 930 1108 ἐποιήσαμεν
979 1036 1161 1100 αὐτοῖς
1211 1037 1364 1091 οὐδὲν
1414 1037 1617 1103 κακὸν,
1654 1036 1767 1091 ἀλλ’

169 1131 515 1201 ἐποιήσαμεν
564 1130 763 1192 αὐτοὺς
815 1128 1213 1193 ὑποσπόνδους,
1263 1129 1359 1182 καὶ¹
1409 1128 1770 1199 ἀπεδώκαμεν

174 1222 368 1284 αὐτοῖς
403 1223 583 1275 πᾶσαν
600 1221 699 1291 τὴν
734 1220 1131 1291 αἰχμαλωσίαν.
1169 1220 1280 1273 Καὶ
1300 1220 1624 1291 ᾠκοδόμησα
1658 1219 1769 1289 ἐγὼ

170 1313 280 1383 ’τὴν
315 1312 554 1383 Θάμναν,
589 1313 681 1365 καὶ
713 1314 741 1365 6
769 1314 950 1385 πατήρ
985 1332 1085 1385 μου
1117 1313 1217 1383 τὴν
1251 1311 1549 1383 Ῥαμϐαήλ.
1581 1314 1768 1367 Εἴκοσι

170 1404 321 1457 ἑτῶν
354 1403 522 1475 ήμην,
557 1403 647 1455 ὅτε
680 1403 896 1471 ἐγένετο
929 1407 957 1457 6
984 1404 1220 1474 πόλεμος
1255 1398 1407 1466 οὗτος
1427 1420 1440 1432 ·
1492 1404 1585 1456 καὶ
1628 1399 1768 1474 ἦσαν

170 1492 228 1543 οἱ
260 1492 551 1543 Χαναναῖοι
588 1489 909 1561 φοϐούμενοί
944 1508 1037 1562 με,
1061 1492 1156 1544 καὶ
1189 1493 1315 1555 τοὺς
1339 1490 1600 1561 ἀδελφούς
1639 1510 1762 1562 μου.

251 1582 336 1633 H'.
373 1599 391 1633 ι
420 1576 528 1633 Ἦν
553 1581 611 1634 δέ
653 1599 741 1652 μοι
770 1582 864 1635 καὶ
894 1584 1063 1654 κτήνη
1098 1582 1289 1647 πολλὰ,
1318 1584 1412 1637 καὶ
1441 1579 1585 1653 εἶχον
1612 1585 1769 1655 ἀρχι-

170 1672 417 1744 ποίμενα
458 1673 600 1745 Ἱρᾶν
635 1672 727 1726 τὸν
766 1673 1148 1745 Ὀδολαμίτην·
1196 1675 1333 1746 πρὸς
1368 1676 1427 1729 ὃν
1464 1674 1652 1739 ἐλθὼν,
1688 1672 1766 1728 εἰ-

171 1763 271 1827 δον
304 1763 519 1835 Βάρσαν
546 1762 658 1835 (75)
682 1765 906 1836 βασιλέα
942 1765 1191 1837 Ὀδολάμ.
1219 1768 1329 1821 Καὶ
1360 1768 1610 1837 ἐποίησεν
1637 1769 1766 1838 ἡμῖν

1870 595 2100 666 lapides,
2129 604 2187 650 et
2209 595 2596 666 jaculabantur
2619 599 2855 653 arcubus
2881 616 2895 663 ;
2926 608 2979 652 et
3006 600 3107 653 nisi
3137 598 3246 652 Dan
3269 598 3436 654 frater

1870 703 2028 743 meus
2080 688 2353 757 suppetias
2401 689 2537 743 mihi
2594 691 2850 754 tulisset,
2888 689 3289 744 interfecissent
3326 707 3433 743 me.

1872 778 2298 847 Supervenimus
2359 781 2523 850 igitur
2576 780 2713 849 ipsis
2762 796 2887 836 cum
2926 780 3126 840 furore.
3166 790 3220 835 et
3245 797 3439 836 omnes

1875 868 2167 938 fugerunt;
2215 877 2268 923 et
2309 878 2659 928 transeuntes
2693 888 2784 941 per
2820 874 2981 927 aliam
3006 874 3147 926 viam
3173 874 3428 943 depreca-

1869 958 2067 1013 bantur
2108 967 2317 1028 patrem
2363 976 2566 1026 meum,
2619 973 2672 1015 et
2710 962 2840 1016 fecit
2875 977 3061 1031 pacem
3091 979 3215 1018 cum
3240 966 3354 1029 eis,
3385 974 3439 1021 et

1871 1064 1981 1104 non
2007 1048 2235 1107 fecimus
2295 1051 2376 1106 eis
2436 1052 2734 1121 quidquam
2792 1055 2961 1120 mali,
3008 1055 3101 1110 sed
3149 1056 3274 1110 data
3311 1058 3434 1123 fide,

1870 1142 2179 1211 recepimus
2204 1158 2299 1197 eos
2327 1143 2379 1195 in
2405 1144 2744 1211 societatem,
2768 1156 2821 1200 et
2841 1147 3173 1202 reddidimus
3210 1148 3290 1204 eis
3320 1165 3440 1204 om-

1873 1249 1974 1289 nes
2001 1235 2265 1304 captivos.
2294 1235 2360 1290 Et
2388 1236 2651 1291 aediﬁcavi
2697 1252 2797 1306 ego
2834 1237 3162 1303 Thamnam,
3207 1249 3262 1294 et
3288 1253 3439 1310 pater

1870 1340 2027 1382 meus
2082 1325 2410 1382 Rambahel.
2464 1327 2662 1398 Viginti
2701 1344 2969 1384 annorum
3010 1335 3440 1400 eram,cjuando

1870 1417 2077 1473 factum
2127 1428 2210 1474 est
2251 1420 2397 1475 istud
2430 1420 2673 1487 bellum;
2716 1430 2770 1476 et
2816 1420 3108 1476 Chananmi
3140 1425 3441 1480 timuerunt

1870 1524 1978 1573 me,
2014 1519 2068 1563 et
2098 1508 2293 1564 fratres
2332 1526 2505 1566 meos.

1940 1601 2075 1656 VIII.
2122 1621 2141 1652 ι
2171 1601 2338 1656 Erant
2368 1611 2548 1657 autem
2573 1603 2707 1656 mihi
2734 1611 2788 1657 et
2816 1618 3010 1672 pecora
3041 1605 3235 1668 multa,
3262 1615 3316 1659 et
3342 1607 3441 1660 ha-

1867 1691 2061 1746 bebam
2106 1692 2406 1760 principem
2438 1702 2716 1762 pastorum
2764 1693 2886 1748 lran
2936 1692 3328 1761 Odolamitem;
3374 1699 3439 1750 ad

1869 1797 2030 1851 quem
2077 1797 2202 1836 cum
2250 1783 2393 1845 veni,
2430 1783 2541 1836 vidi
2592 1781 2797 1836 Barsan
2844 1800 3023 1853 regem
3074 1786 3322 1839 Udolam.
3376 1786 3443 1842 Ει

174 1851 348 1905 πότον
366 1869 379 1882 ⁸
406 1854 500 1906 καὶ
538 1854 923 1925 παρακαλέσας
947 1855 1129 1908 δίδωσί
1154 1873 1243 1927 μοι
1268 1858 1366 1927 τὴν
1393 1856 1668 1927 θυγατέρα
1680 1858 1769 1909 αύ-

1883 1867 1997 1923 L'ecit
2047 1870 2206 1923 nobis
2254 1869 2597 1935 convivium,
2651 1880 2705 1925 et
2757 1851 3054 1940 deprecans
3108 1874 3255 1927 dedit
3308 1876 3449 1929 mihi

170 1943 274 1997 τοῦ
293 1945 533 2015 Βησσουὲ
559 1947 638 2011 εἰς
655 1950 908 2014 γυναῖκα,
930 1946 1261 2025 Αἶύτηέτεκέη
1270 1965 1359 2018 μοι
1376 1948 1465 2000 τὸν
1485 1949 1584 2018 Εἳρ
1605 1949 1765 2019 (75⁹),

172 2038 277 2088 καὶ
303 2035 395 2088 τὸν
419 2038 594 2091 Αὑνᾶν
616 2036 747 2107 (76),
775 2039 868 2091 καὶ
892 2037 1106 2109 Σιλώμ·
1140 2031 1214 2091 ὧν
1241 2039 1368 2102 τοὺς
1390 2039 1483 2094 δύο
1509 2040 1769 2103 ἀτέκνους

173 2124 362 2178 ἀνεῖλε
413 2126 644 2197 Κύριος’
682 2130 711 2180 6
749 2126 858 2199 γὰρ
902 2127 1091 2198 Σιλὼμ
1140 2129 1324 2200 ἔζησε,
1358 2130 1453 2183 καὶ
1498 2130 1567 2182 τά
1604 2132 1769 2184 τέκνα

173 2216 349 2269 αὐτοῦ
380 2219 537 2288 ὑμεῖς
568 2219 710 2272 ἐστε.

250 2307 329 2360 Θ’.
371 2327 389 2358 ι
419 2308 707 2362 Δεκαοκτὼ
743 2308 836 2382 ἔτη
886 2310 1225 2381 ἐποιήσαμεν
1263 2312 1504 2385 εἰρήνην,
1532 2314 1560 2364 ὁ
1588 2313 1769 2384 πατὴρ

172 2400 339 2469 ἡμῶν
371 2402 465 2453 καὶ
490 2403 670 2471 ἡμεῖς,
705 2401 841 2471 μετά
863 2402 957 2455 τοῦ
991 2402 1219 2471 ἀδελφοῦ
1245 2403 1408 2456 αὑτοῦ
1455 2404 1647 2468 Ἠσαῦ,
1676 2406 1770 2457 καὶ

174 2493 226 2546 οἱ
267 2492 375 2544 υἱοὶ
416 2491 579 2545 αὑτοῦ
624 2492 938 2565 μεθ’ήμῶν,
981 2493 1119 2565 μετά
1162 2493 1256 2547 τοῦ
1301 2495 1475 2549 ἐλθεῖν
1518 2497 1664 2567 ἡμᾶς
1705 2499 1769 2548 ἐκ

175 2587 616 2657 Μεσοποταμίας
659 2587 766 2640 ἀπὸ
804 2586 1009 2641 Λάϐαν.
1064 2588 1174 2641 Καὶ
1225 2587 1620 2659 πληρωθέντων
1656 2590 1769 2641 τῶν

172 2676 456 2731 δεκαοκτὼ
490 2679 645 2743 ἐτῶν,
680 2682 738 2733 ἐν
768 2679 846 2750 τῷ
869 2679 1290 2750 τεσσαρακοστῷ
1331 2680 1441 2732 ἔτει
1480 2681 1581 2750 τῆς
1624 2681 1771 2752 ζωῆς

180 2786 311 2838 μου,
334 2769 566 2839 ἐπῆλθεν
592 2771 721 2840 ἡμῖν
751 2768 941 2833 Ἠσαῦ,
968 2770 996 2821 6
1018 2770 1243 2838 ἀδελφὸς
1277 2769 1373 2822 τοῦ
1408 2770 1614 2842 πατρός
1645 2789 1767 2842 μου,

176 2860 238 2909 ἐν
279 2859 391 2929 λαῷ
439 2859 598 2931 βαρεῖ
634 2861 728 2913 κα)⁹
763 2860 987 2931 ἰσχυρῷ·
1026 2860 1121 2913 καὶ
1162 2860 1354 2913 ἔπεσεν
1392 2860 1504 2932 (77)
1537 2862 1594 2914 ἐν
1632 2862 1770 2933 τόξῳ

191 2949 393 3002 Ἰακὼϐ
448 2951 590 3022 (78),
637 2953 732 3005 καὶ
775 2951 914 3022 ῆρθη
961 2951 1153 3023 νεκρὸς
1205 2953 1263 3004 ἐν
1303 2950 1418 3021 ὄρει
1467 2952 1635 3023 Σιείρ·
1676 2953 1771 3006 καὶ

176 3041 550 3112 πορευόμενος
573 3044 757 3097 ἐπάνω
782 3044 1067 3115 Εἰρραμνᾶ
1100 3042 1212 3112 (80)
1248 3042 1535 3096 ἀπέθανεν.
1577 3044 1769 3114 Ἡμεῖς

174 3132 236 3193 ἑὲ
276 3130 574 3203 ἐδιώξαμεν
611 3134 702 3186 ἐπὶ
734 3135 863 3196 τοὺς
905 3134 1052 3196 υἱοὺς
1085 3133 1273 3186 Ἡσαῦ.
1309 3128 1419 3185 Ἦν
1460 3133 1517 3186 δὲ
1559 3133 1769 3197 τούτοις

176 3222 358 3286 πόλις,
395 3224 489 3276 καὶ
530 3226 709 3293 τεῖχος
756 3224 1030 3295 σιδηροῦν,
1068 3226 1162 3278 καὶ
1202 3223 1366 3277 πύλαι
1411 3223 1636 3294 χαλκαῖ·
1676 3226 1769 3278 καὶ
1796 3204 1838 3261 C

174 3311 285 3375 τ.ρκ
316 3311 657 3383 ἠδυνήθημεν
691 3313 950 3367 εἰσελθεῖν
986 3316 1042 3368 ἐν
1068 3316 1223 3385 αὐτῇ,
1251 3316 1344 3369 καὶ
1376 3315 1771 3386 περικαθίσαν.,-

174 3419 278 3467 τες
303 3404 726 3475 ἐπολιορκοῦμεν
758 3407 972 3470 αὐτούς.
1010 3408 1121 3459 Καὶ
1145 3407 1219 3469 ὡς
1242 3407 1342 3459 οὐκ
1369 3407 1603 3477 ήνοιγον,
1633 3406 1772 3477 μετὰ

177 3497 390 3549 εἴκοσιν
430 3498 661 3568 ἡμέρας,
685 3496 935 3568 ὁρώντων
979 3499 1179 3563 αὐτῶν,
1214 3499 1475 3570 προσάγω
1506 3497 1769 3570 κλίμακα,

177 3587 283 3647 καὶ
319 3588 417 3658 τὴν
458 3588 661 3642 ἀσπίδα
693 3590 786 3641 ἐπὶ
821 3589 923 3658 τῆς
959 3589 1203 3659 κεφαλῆς
1246 3606 1371 3661 μου·
1409 3590 1505 3643 καὶ
1544 3588 1771 3660 ἀνῆλθον

178 3679 585 3750 ἀποδεχόμενος
615 3679 797 3742 λίθους
828 3680 933 3743 ἕως
957 3681 1235 3734 ταλάντων
1265 3682 1454 3754 τριῶν·
1492 3682 1586 3736 καὶ
1619 3681 1775 3734 ἀνελ-

179 3769 299 3823 θὼν
327 3770 434 3839 (81)
468 3772 740 3843 τέσσαρας
780 3773 906 3835 τοὺς
939 3773 1199 3838 δυνατοὺς
1233 3773 1290 3840 ἐξ
1328 3771 1527 3827 αὐτῶν.
1563 3772 1673 3825 Καὶ
1703 3775 1769 3843 τῇ

180 3862 314 3931 ἑξῆς
333 3862 596 3933 ἐμϐάντες
611 3863 851 3933 Ῥουϐὴμ
866 3865 958 3917 καὶ
973 3863 1079 3917 Γάδ
1098 3864 1307 3917 ἀνεῖλον
1329 3864 1544 3936 ἐτέρους
1563 3862 1622 3928 ’ἐξ
1637 3862 1766 3932 (82).

180 3955 325 4009 Τότε
352 3954 595 4008 αἰτοῦσιν
623 3955 770 4025 ἡμᾶς
802 3954 870 4007 τά
906 3956 1042 4027 πρὸς
1080 3957 1323 4027 εἰρήνην⁸
1363 3955 1459 4008 καὶ
1490 3954 1771 4024 γενόμενοι

179 4049 289 4118 τῆς
316 4048 513 4118 βουλῆς
534 4046 627 4100 τοῦ
652 4047 859 4118 πατρὸς
890 4047 1068 4117 ήμῶν,
1090 4047 1388 4118 ἐδεξάμεθα
1411 4048 1609 4109 αὐτοὺς
1635 4047 1770 4099 ὑπο-

181 4140 406 4211 φόρους.
462 4142 573 4194 Καὶ
605 4137 747 4212 ἦσαν
792 4136 1030 4202 διδόντες
1074 4141 1204 4209 ήμῖν
1253 4139 1427 4210 πυροῦ
1476 4139 1669 4211 κόρους
1706 4144 1769 4201 σέ,

182 4231 371 4284 ἐλαίου
394 4230 496 4283 Βέθ
532 4230 643 4302 (85)
672 4238 743 4299 φ’,
770 4228 915 4282 οἴνου
947 4229 1123 4300 μέτρα
1149 4245 1199 4299 θα
1226 4236 1297 4297 φ’,
1324 4228 1429 4290 ἐως
1457 4229 1543 4281 ὅτε
1568 4227 1769 4299 κατήλ-

183 4323 354 4392 θομεν
383 4323 463 4384 είς
483 4321 775 4390 Αἴγυπτον.

258 4413 311 4467 I'.
357 4431 376 4463 ι
404 4412 560 4466 Μετά
587 4413 644 4465 δὲ
665 4411 838 4471 ταῦτα
864 4413 964 4482 Εἲρ
990 4413 1018 4463 6
1042 4412 1155 4474 υἱός
1192 4428 1292 4481 μου
1326 4410 1515 4480 ἄγεται
1537 4411 1635 4481 τὴν
1662 4411 1770 4464 Θά-

186 4523 305 4575 μαρ
331 4507 395 4558 ἐκ
426 4505 872 4576 Μεσοποταμίας,
903 4504 1178 4575 θυγατέρα
1222 4504 1416 4574 Ἀράμ.
1455 4499 1562 4555 Ἦν
1590 4503 1647 4602 δέ
1673 4503 1772 4573 Εῖρ
1808 4549 1849 4602 D

182 4597 445 4666 πονηρὸς,
485 4598 579 4649 κα).
605 4596 801 4665 ήπόρει
839 4594 967 4663 περὶ
999 4595 1098 4664 τῆς
1128 4594 1345 4663 Θάμαρ,
1381 4594 1462 4645 ὅτι
1489 4594 1587 4645 οὐκ
1618 4588 1685 4662 ἦν
1711 4594 1775 4645 ἐκ

182 4685 295 4755 γῆς
332 4685 571 4738 Χαναάν.
611 4685 722 4738 Καὶ
764 4683 993 4753 ἅγγελος
1030 4681 1236 4752 Κυρίου
1275 4680 1480 4733 ἀνεῖλεν
1516 4681 1676 4733 αὐτὸν
1707 4684 1772 4751 τῇ

179 4773 349 4847 τρίτῃ
388 4775 570 4846 ήμέρα
612 4777 677 4846 τῇ
718 4775 894 4838 νυκτὶ,
924 4774 1019 4827 καὶ
1069 4773 1230 4835 αὐτὸς
1266 4760 1372 4823 ὀὐκ
1411 4772 1551 4839 ἔγνω
1584 4772 1771 4842 αὐτὴν,

183 4868 335 4939 κατά
370 4867 704 4937 πανουργίαν
739 4865 839 4935 τῆς
878 4864 1082 4935 μητρὸς
1110 4860 1295 4916 αὐτοῦ’
1340 4863 1401 4914 οὐ
1440 4860 1551 4933 γὰρ
1582 4860 1773 4932 ήθελεν

182 4963 337 5032 ἔχειν
359 4960 526 5013 τέκνα
551 4959 646 5012 ἀπ’
667 4957 855 5027 αὐτῆςσ
903 4955 1060 5021 καίγε
1094 4950 1247 5023 οὗτος
1280 4951 1552 5007 ἀπέθανεν
1580 4955 1638 5005 ἐν
1677 4971 1775 5007 πο-

177 5049 375 5120 νηρίᾳ.
415 5049 503 5103 Ἐν
532 5050 650 5110 ταῖς,
686 5047 922 5118 ἡμέραις
952 5043 1052 5097 τοῦ
1079 5043 1322 5112 θαλάμου
1353 5041 1774 5113 ἐπεγὰμϐρευσα

266 5200 380 5267 (74)
420 5198 647 5254 Αὐτῶν.
683 5198 874 5251 Αὑτοῦ.
911 5196 988 5251 In.

292 5271 379 5337 75)
420 5268 684 5337 Βάρσαν.
722 5268 996 5337 Βαρσαϐά.
1035 5265 1111 5320 In.

266 5273 379 5408 (75)
420 5273 684 5337 Βάρσαν.
722 5273 996 5391 ΒαΗρσαδά.
1036 5273 1111 5320 In.

289 5340 401 5409 75‘)
438 5338 697 5410 Septuag.
718 5341 760 5410 ξ
787 5409 793 5410 γ
822 5356 869 5410 ρ.
910 5338 1117 5391 Βελειι.

264 5406 391 5477 (76)
416 5406 673 5465 ΑὺᾶιᾶνῘ
706 5406 987 5475 Origenes,
1034 5419 1164 5461 tom.
1196 5424 1291 5463 vm
1382 5406 1669 5462 Comment.
1718 5407 1773 5459 in

185 5480 472 5541 Joannem,
521 5480 727 5549 p432.
758 5479 847 5549 Τῷ
885 5477 1051 5549 Ἰούδᾳ
1074 5480 1373 5549 παρ’ίὴμῖν
1410 5478 1507 5548 μὲν
1544 5477 1773 5530 66561:;—

190 5568 288 5622 ρος
325 5550 500 5622 Αύνᾶν
521 5546 681 5603 ἐἶναι
715 5546 958 5622 λέγεται,
991 5546 1239 5622 eapse:
1265 5546 1565 5622 ””Εϐραίοις
1605 5549 1772 5622 λὨνάν

186 5617 311 5674 ἐστι
363 5618 521 5673 Iuda:
551 5622 807 5673 secundus
833 5617 1022 5739 gilius)
1056 5617 1197 5684 apud
1222 5635 1313 5670 nos
1346 5617 1554 5684 quidem
1581 5619 1771 5672 Aunan

187 5706 304 5739 esse
331 5691 546 5739 dicitur.
575 5691 716 5739 armd
752 5689 829 5739 He
868 5705 997 5739 neos
1030 5703 1148 5739 vero
1176 5686 1347 5739 Onan.
1377 5693 1544 5739 ίίιιΑΒ.

187 5706 304 5753 esse
331 5691 546 5751 dicitur,
575 5691 716 5759 apud
752 5686 997 5742 Hebraeos
1030 5703 1148 5759 v_ero
1176 5686 1347 5742 Onan.
1377 5693 1544 5747 GRAB.

267 5760 378 5823 (77)
424 5756 699 5813 Ἀ’πεσὲν.
733 5760 1013 5811 Ἐπαισεν.
1053 5756 1131 5812 In.

268 5830 382 5899 (.78)
436 5830 646 5885 Ἰακώϐ.
684 5829 787 5883 Τὸν
826 5825 993 5884 Ἠσαῦ
1030 5826 1152 5883 add.
1182 5826 1256 5884 ID.

1869 1958 2033 2013 tiliam
2078 1973 2233 2012 suam
2280 1957 2482 2013 Bessue
2512 1960 2567 2013 in
2600 1974 2849 2013 uxorem.
2899 1958 3025 2014 Haec
3062 1962 3267 2030 peperit
3306 1963 3443 2015 mihi

1870 2050 1999 2119 Her,
2024 2061 2078 2107 et
2110 2051 2327 2116 Aunan,
2359 2060 2412 2106 et
2460 2051 2662 2118 Silom;
2701 2068 2934 2121 quorum
2982 2054 3121 2106 duos
3160 2054 3283 2107 sine
3317 2053 3443 2115 filiis

1870 2144 2067 2198 occidit
2099 2142 2393 2210 Dominus;
2432 2141 2601 2197 Silom
2638 2144 2784 2197 enim
2822 2144 2977 2208 vixit,
3003 2152 3056 2197 et
3081 2144 3177 2196 lilii
3202 2143 3320 2212 ejus
3346 2160 3444 2204 vos

1869 2236 2021 2289 estis.

1942 2325 2035 2379 IX.
2077 2345 2094 2378 ι
2125 2324 2433 2381 Octodecim
2471 2326 2630 2381 annis
2660 2324 2890 2380 fecimus
2917 2342 3128 2395 pacem,
3160 2335 3311 2395 pater
3340 2340 3442 2380 no—

1872 2427 1984 2474 ster
2013 2428 2067 2473 et
2096 2434 2218 2485 nos,
2248 2435 2373 2473 cum
2407 2419 2575 2473 fratre
2616 2418 2735 2487 ejus
2773 2417 2939 2483 Esau,
2972 2426 3027 2471 et
3054 2416 3150 2481 lilii
3189 2419 3308 2487 ejus
3338 2433 3443 2475 nol-.-

1869 2510 2120 2574 biscum,
2168 2519 2457 2580 postquam
2528 2508 2780 2563 venimus
2847 2524 2931 2563 ex.
2970 2507 3363 2577 Mesopommia
3412 2524 3445 2562 a

1871 2604 2078 2659 Laban.
2113 2602 2181 2657 Et
2224 2603 2464 2672 impletis
2502 2601 2806 2657 octodecim
2833 2600 3013 2663 annis,
3051 2600 3103 2652 in
3141 2600 3445 2669 quadrage-

1871 2696 2013 2751 simo
2049 2709 2194 2749 anno
2224 2696 2348 2749 vitae
2378 2709 2546 2759 meae,
2573 2692 2886 2762 supervenit
2915 2692 3072 2746 nobis
3100 2690 3244 2751 Esau
3275 2689 3444 2744 frater

1871 2789 2042 2859 patris
2085 2789 2215 2853 mei,
2242 2788 2295 2840 in
2336 2787 2539 2857 populo
2578 2786 2730 2857 gravi
2766 2792 2829 2840 et,
2857 2784 3019 2850 forti;
3053 2797 3106 2839 et
3145 2784 3341 2838 cecidit
3386 2783 3441 2834 in

1873 2898 2002 2937 arcu
2023 2881 2209 2941 Iacob.
2224 2890 2278 2935 et
2299 2881 2440 2935 latus
2462 2889 2545 2934 est
2567 2888 2818 2934 mortuus
2835 2878 2886 2931 in
2907 2885 3146 2931 montem
3171 2875 3290 2930 Seir
3306 2872 3443 2945 (79).

1874 2975 1984 3032 Nos
2011 2986 2191 3032 autem
2224 2972 2493 3044 persecuti
2517 2987 2710 3027 sumus
2737 2971 2877 3025 filios
2905 2969 3070 3024 Esau.
3103 2968 3233 3023 Erat
3255 2977 3440 3023 autem

1871 3068 1952 3123 eis
1997 3066 2215 3132 civitas,
2260 3076 2313 3120 et
2353 3078 2545 3119 murus
2586 3061 2820 3125 ferreus,
2864 3069 2918 3114 et
2965 3070 3134 3129 portae
3179 3073 3360 3125 aereae,
3391 3065 3449 3113 et

1871 3175 1984 3213 non
2008 3158 2292 3229 potuimus
2316 3155 2531 3210 intrare
2555 3154 2610 3207 in
2632 3168 2775 3220 eam,
2805 3152 3119 3206 obsidentes
3152 3164 3283 3205 vero
3310 3164 3445 3205 con-

1873 3255 2141 3310 elusimus
2175 3266 2302 3317 eos;
2328 3258 2385 3305 et
2423 3263 2550 3305 eum
2586 3262 2698 3301 non
2734 3245 3027 3315 aperirent,
3064 3252 3186 3313 post
3223 3243 3339 3296 dies
3364 3242 3448 3297 vi-

1874 3347 2031 3418 ginti,
2076 3345 2387 3399 videntibus
2430 3342 2531 3405 eis,
2574 3340 2777 3396 adduxi
2833 3340 3060 3397 scalam,
3102 3346 3154 3390 et
3195 3335 3446 3405 clypeum

1873 3454 2038 3507 super
2087 3444 2251 3507 caput
2296 3450 2509 3500 meum;
2540 3442 2595 3488 et
2632 3432 2875 3496 ascendi,
2920 3429 3197 3499 accipiens
3239 3427 3445 3496 lapides

1874 3547 2048 3600 usque
2075 3531 2142 3585 ad
2172 3530 2383 3600 pondus
2416 3528 2744 3581 talentorum
2782 3525 2983 3583 trium:
3016 3536 3068 3577 et
3096 3537 3219 3577 cttm
3254 3536 3447 3575 ascen-

1872 3623 2110 3687 dissem,
2156 3621 2329 3677 occidi
2370 3629 2607 3689 quatuor
2646 3626 2895 3688 potentes
2937 3631 3003 3670 ex
3053 3615 3205 3684 ipsis.
3252 3612 3318 3667 Et
3360 3612 3449 3666 die

1874 3717 2123 3786 sequenti
2173 3715 2441 3768 intrantes
2487 3711 2676 3766 Ruben
2709 3719 2766 3765 et
2791 3709 2906 3766 Gad
2948 3709 3265 3763 occiderunt
3310 3704 3447 3759 alios

1873 3825 1989 3864 sex.
2023 3807 2178 3862 Tunc
2208 3809 2521 3877 petiverunt
2548 3820 2579 3859 a
2611 3804 2768 3858 nobis
2797 3801 3143 3858 conditiones
3180 3797 3362 3867 paris;
3394 3805 3451 3849 et

1874 3899 2021 3955 ducti
2063 3900 2296 3954 consilio
2330 3898 2500 3967 patris
2528 3897 2700 3951 nostri
2732 3894 3037 3963 recepimus
3076 3906 3173 3945 eos
3212 3889 3445 3943 tributa-

1874 3992 2004 4045 rios.
2048 3989 2115 4043 Et
2160 3991 2426 4044 dederunt
2459 3987 2619 4042 nobis
2659 3985 2916 4040 frumenti
2953 3997 3113 4037 coros
3155 3981 3445 4043 ducentos,

1873 4094 1937 4139 et.
1972 4084 2077 4140 olei
2123 4083 2226 4138 Bes
2276 4084 2642 4152 quingentos,
2693 4079 2805 4132 vini
2858 4089 3147 4130 mensuras
3197 4072 3343 4125 mille
3391 4078 3449 4124 et

1874 4177 2221 4247 quingentas,
2254 4175 2429 4228 donec
2456 4171 2840 4227 descendimus
2865 4170 2918 4222 in
2950 4166 3267 4237 Egyptum.

1945 4377 2012 4433 X.
2050 4396 2069 4430 ‹
2098 4376 2228 4431 Post
2258 4376 2362 4430 hoc
2388 4373 2495 4428 Her
2523 4373 2667 4427 filius
2691 4387 2845 4426 meus
2874 4369 3021 4424 duxit
3056 4381 3281 4420 uxorem
3308 4363 3450 4419 Tha-

1875 4491 1995 4529 mar
2041 4490 2109 4529 ex
2155 4470 2579 4541 Mesopotamia,
2629 4468 2795 4522 filiam
2845 4466 3031 4519 Aram.
3084 4462 3214 4517 Erat
3261 4472 3445 4517 autem

1878 4571 1985 4625 Her
2013 4571 2373 4641 perniciosus,
2403 4576 2457 4621 et
2479 4566 2743 4621 dubitavit
2791 4564 2858 4618 de
2901 4562 3160 4628 Thamar,
3186 4561 3446 4631 quoniam

1878 4681 1985 4719 non
2016 4673 2133 4719 erat
2168 4679 2233 4718 ex
2267 4673 2409 4718 terra
2438 4659 2718 4714 Chanaan.
2753 4657 2817 4711 Et
2847 4657 3070 4727 angelus
3106 4653 3322 4707 Domini
3351 4667 3448 4707 oc-

1875 4760 2006 4815 cidit
2043 4775 2167 4813 eum
2210 4757 2366 4812 tertia
2410 4756 2497 4811 die
2526 4755 2579 4808 in
2610 4762 2788 4818 nocte,
2815 4761 2869 4806 et
2898 4752 3013 4823 ipse
3054 4765 3161 4803 non
3194 4745 3448 4818 cognovit

1874 4867 2015 4916 eam,
2061 4867 2156 4920 per
2200 4849 2456 4905 astutiam
2508 4844 2699 4900 matris
2735 4859 2878 4910 sum;
2927 4857 3034 4897 non
3089 4841 3235 4895 enim
3277 4839 3448 4894 voluit

1876 4948 2075 5002 habere
2120 4946 2260 5000 ﬁlios
2304 4961 2368 4998 ex
2413 4944 2561 5012 ipsa;
2592 4950 2645 4995 et
2676 4940 2765 4993 hic
2806 4939 2860 4992 in
2903 4934 3147 5004 nequitia
3194 4942 3446 4988 mortuus

1874 5048 1977 5096 est.
2009 5038 2066 5093 ln
2092 5039 2282 5093 diebus
2315 5034 2539 5090 thalami
2570 5032 2692 5088 dedi
2717 5032 2765 5087 ei
2795 5032 2973 5085 virum
3003 5029 3237 5093 Aunan;
3267 5035 3320 5080 et
3345 5026 3447 5080 iste

1951 5197 2062 5260 (79)
2106 5196 2334 5249 Montem
2370 5192 2504 5247 Seir.
2547 5190 2776 5260 Additur
2824 5190 2875 5242 in
2927 5187 3115 5242 Graeco
3153 5192 3325 5260 textu,
3362 5183 3444 5236 vi-

1866 5252 2002 5321 tiose
2029 5252 2057 5313 ε’
2076 5271 2123 5315 et
2152 5262 2340 5313 vadens
2371 5274 2525 5322 super
2552 5255 2792 5313 lramna,
2818 5261 3187 5322 mortuusesl:
3208 5252 3279 5303 In.

1938 5333 2050 5403 (80)
2087 5330 2326 5403 1mm.
2349 5318 2666 5403 Ειήρᾳμνᾷ-
2702 5325 2791 5403 Ἐν
2836 5318 3307 5403 Ἀνονιράμο.¹οε..,
3372 5390 3405 5403 ..

1939 5390 2050 5471 (81)
2094 5390 2844 5471 Ἀνελθών.-’Ᾱιίιῖ.μἀνεῖλον,
2878 5390 3095 5471 pronter
3126 5390 3439 5471 similitudi-

1869 5459 1991 5531 nem
2024 5459 2174 5526 voris
2198 5468 2549 5539 praecedentis
2580 5459 3012 5539 incurja__scr_il)a3
3040 5461 3324 5539 omissum.
3360 5459 3435 5539 In.

1942 5546 2052 5613 (82)
2238 5538 2559 5613 ’ῐξξήκονται
2584 5552 2685 5589 ms.
2716 5534 2879 5613 Eolla
2901 5529 3332 5613 :I‘rin.,'(:.antab.
3362 5529 3437 5613 Io.

1947 5597 2059 5681 (85)
2101 5597 2231 5668 Βέθ.
2258 5597 2518 5681 suspicor
2543 5597 2827 5681 legendum
2854 5601 3066 5681 βάτρυς.
3098 5597 3264 5681 βάτος
3292 5597 3438 5681 enim

1873 5666 2245 5742 estvtnensura
2280 5666 2635 5746 qut'lidorum'3
2669 5682 2728 5726 ut
2759 5666 2915 5725 docet
2946 5667 3164 5736 lost-ph.
3202 5667 3297 5721 lib.
3330 5666 3449 5730 Ant.

1880 5761 2053 5830 tiquit.
2084 5753 2211 5810 Jud.
2240 5742 2361 5817 viti,
2384 5761 2503 5817 cap.
2531 5744 2585 5800 ‘2.
2618 5742 2693 5798 In.
