3830 6216
387 331 530 391 1075

1404 333 1871 390 'I'ESTAMEN'I‘A
1911 333 1999 388 XII
2031 332 2652 393 PATRIARCHARUM.

3511 333 3674 388 I076

387 451 442 507 in
465 451 669 507 malitia
701 467 809 507 non
837 453 1091 524 cognovit
1115 469 1257 520 eam,
1284 453 1469 507 vivens
1499 468 1623 508 cum
1647 469 1709 508 ea
1733 466 1956 506 annum.

2077 451 2197 524 ιύτῇ
2239 451 2329 504 τὸν
2368 451 2566 508 Αὒνᾶνο
2606 450 2763 520 καίγε
2803 442 2957 514 οὗτος
2995 451 3054 503 ἐν
3098 451 3330 524 πονηρίᾳ
3365 452 3474 505 οὐκ
3504 451 3674 521 ἔγνω

388 539 455 594 Et
481 543 700 612 quando
732 543 972 598 minatus
1003 559 1122 597 sum
1151 543 1222 610 ei,
1254 541 1422 597 coivit
1449 543 1667 612 quidem
1692 557 1816 596 cum
1844 541 1955 604 illa,

385 647 574 687 semen
610 648 736 688 vero
765 633 974 688 corruit
1000 633 1109 706 (85)
1141 633 1196 688 in
1221 641 1444 698 terram,
1473 635 1773 689 secundum
1806 647 1960 686 man-

385 725 576 780 datum
620 727 812 781 matris
846 743 992 793 suae;
1023 736 1077 780 et
1105 727 1194 781 hic
1225 726 1279 780 in
1309 725 1518 780 malitia
1563 737 1813 783 mortuus
1851 739 1956 786 est.

388 816 649 873 Volebam
691 827 873 874 autem
915 829 970 874 et
1014 819 1183 874 Silom
1229 818 1363 874 dare
1403 820 1479 886 ei,
1524 820 1621 874 sed
1663 835 1802 875 uxor
1837 836 1959 875 mea

387 909 590 966 Bcssue
631 927 738 965 non
785 910 1069 981 permisit;
1101 910 1371 967 malitiosa
1399 912 1545 966 enim
1584 923 1702 967 erat
1728 914 1783 967 in
1809 912 1956 968 Tha.

388 1021 527 1068 mar,
555 1005 815 1074 quoniam
859 1019 964 1059 non
1007 1013 1126 1059 erat
1162 1019 1231 1060 ex
1257 1003 1475 1060 ﬁliabus
1499 1004 1782 1072 Chanaan,
1816 1008 1957 1064 sicut

385 1100 525 1168 ipsa.

457 1190 549 1248 XI.
587 1210 605 1242 ι
634 1191 700 1246 Et
733 1206 834 1261 ego
861 1191 1122 1256 sciebam,
1151 1190 1298 1260 quod
1327 1189 1697 1260 perniciosum
1727 1200 1843 1245 erat
1865 1207 1957 1261 ge-

383 1301 491 1341 nus
528 1284 812 1349 Chanaan,
845 1285 938 1340 sed
979 1285 1271 1339 consilium
1313 1284 1617 1355 juventutis
1665 1285 1960 1339 excaecavit

382 1392 480 1431 cor
527 1391 730 1430 meum.
778 1374 844 1430 Et
891 1374 1081 1430 videns
1129 1390 1248 1430 eam
1290 1376 1479 1429 vinum
1528 1373 1866 1441 fundentem,
1901 1377 1958 1430 in

383 1469 643 1524 ebrietate
693 1469 803 1522 vini
845 1469 1104 1538 deceptus
1149 1483 1293 1533 sum,
1333 1477 1388 1520 et
1429 1467 1643 1520 concidi
1693 1466 1761 1520 ad
1810 1481 1955 1520 eam.

383 1560 525 1632 Ipsa,
551 1577 636 1616 me
664 1561 908 1624 absente,
941 1561 1094 1626 abiit,
1117 1568 1173 1614 et
1194 1559 1403 1629 accepit
1433 1559 1605 1613 Silom
1637 1574 1864 1614 uxorem
1890 1574 1959 1612 ex

383 1662 531 1706 terra
571 1650 852 1706 Chanaan.
900 1650 968 1704 At
993 1667 1119 1706 cum
1149 1651 1529 1721 cognovissem
1571 1650 1701 1720 quid
1735 1649 1957 1716 fecerat,

383 1745 638 1799 maledixi
669 1744 718 1798 ei
761 1744 813 1797 in
843 1743 1033 1798 dolore
1063 1745 1257 1797 animae
1299 1758 1433 1797 meae
1461 1761 1473 1795 :
1499 1752 1553 1797 et
1585 1743 1702 1812 ipsa
1740 1751 1956 1798 mortua

383 1848 468 1894 est
492 1839 546 1892 in
574 1839 780 1892 malitia
808 1838 1040 1892 ﬁliorum
1073 1852 1319 1892 suorum.

453 1928 568 1985 XII.
602 1948 620 1981 ι
646 1929 780 1985 Post
815 1931 914 1984 hos
945 1938 1126 1984 autem
1167 1943 1449 1984 sermones
1484 1927 1621 1998 (87),
1650 1929 1814 1983 vidua
1843 1927 1957 1985 exi-

383 2030 559 2077 stente
607 2019 866 2085 Thamar,
921 2031 1045 2090 post
1093 2022 1232 2077 duos
1287 2037 1461 2076 annos
1515 2022 1766 2087 audiens,
1809 2020 1958 2090 quod

383 2112 622 2169 ascendo
649 2113 872 2167 tondere
896 2128 1046 2179 oves,
1072 2119 1267 2166 ornata
1292 2112 1638 2182 sponsalibus
1663 2125 1959 2166 ornamen-

384 2205 474 2269 tis,
503 2205 644 2261 sedit
662 2215 787 2259 ante
809 2205 1080 2260 civitatem
1109 2205 1176 2260 ad
1201 2215 1435 2275 portam.
1461 2202 1571 2259 Lex
1592 2203 1738 2259 enim
1760 2203 1959 2258 Amor-

382 2298 655 2352 rhaeorum
683 2306 787 2364 est,
819 2306 1041 2367 nuptam
1076 2297 1366 2367 praesidere
1391 2297 1446 2351 in
1474 2295 1838 2352 fornicatione
1863 2311 1959 2365 per

384 2400 591 2461 septem
629 2390 746 2445 dies
784 2389 939 2461 juxta
971 2398 1205 2460 portam.
1239 2386 1544 2444 Inebriatus
1575 2389 1741 2458 igitur
1761 2402 1862 2458 ego
1901 2388 1957 2442 in

384 2486 545 2554 aquis
571 2483 811 2547 Chozeb,
839 2499 945 2538 non
978 2483 1172 2553 agnovi
1199 2497 1320 2537 eam
1349 2498 1460 2552 pra:
1484 2483 1642 2549 vino;
1671 2491 1725 2536 et
1745 2482 1958 2550 decepit

384 2591 474 2630 me
502 2575 850 2645 pulchritudo
882 2575 1056 2644 ipsius
1086 2589 1180 2643 per
1216 2572 1447 2627 formam
1485 2581 1733 2627 ornatus.
1768 2571 1833 2627 Et
1860 2573 1958 2626 de-

383 2662 598 2717 clinans
621 2661 688 2716 ad
712 2662 909 2731 ipsam,
937 2662 1182 2716 dicebam
1211 2679 1224 2716 :
1253 2660 1530 2732 Ingredior
1553 2661 1621 2716 ad
1639 2671 1709 2716 te.
1735 2659 1800 2715 Et
1820 2662 1959 2716 dixit

385 2755 519 2809 mihi
547 2773 559 2808 :
587 2753 727 2820 Quid
761 2754 894 2807 mihi
925 2753 1118 2808 dabis?
1156 2752 1223 2807 Et
1264 2754 1387 2808 dedi
1423 2754 1473 2808 ei
1504 2754 1712 2824 virgam
1757 2768 1957 2820 meam,

384 2855 440 2902 et
467 2862 682 2912 zonam,
715 2854 770 2900 et
797 2846 1046 2900 diadema
1079 2845 1231 2917 regni
1266 2865 1278 2900 :
1307 2854 1360 2900 et
1406 2862 1532 2901 cum
1577 2846 1782 2901 coirem
1831 2861 1959 2901 cum

385 2936 500 3002 illa,
546 2935 816 3005 concepit.
872 2932 1136 3004 Ignorans
1182 2943 1365 2989 autem
1421 2935 1554 3004 quid
1613 2933 1760 3002 fecit,
1811 2934 1956 2988 volui

385 3027 638 3084 occidere
678 3043 832 3093 eam;
867 3027 982 3095 ipsa
1023 3035 1205 3081 autem
1255 3028 1476 3083 mittens
1526 3028 1582 3082 in
1634 3027 1960 3084 abscondito

2060 544 2249 615 αὐτὴν,
2274 545 2503 613 ποιήσας
2531 545 2627 597 σὺν
2653 545 2790 614 αὐτῇ
2815 543 3076 596 ἐνιαυτόν.
3106 544 3219 597 Kal.
3248 544 3338 596 ὅτε
3363 543 3672 614 ἠπείλησα

2059 636 2237 706 αὐτῷ,
2275 635 2504 707 συνῆλθε
2553 636 2652 706 μὲν
2692 637 2862 706 αὐτῇ,
2895 634 3167 706 διέφθειρε
3209 635 3265 689 δὲ
3306 637 3369 688 τὸ
3418 635 3670 705 σπέρμα

2059 731 2151 782 ἐπὶ
2171 729 2267 800 τὴν
2287 729 2412 800 γῆν,
2443 729 2581 799 μετὰ
2604 729 2704 800 τὴν
2725 729 2941 800 ἐντολὴν
2967 730 3066 799 τῆς
3092 728 3293 802 μητρὸς
3314 729 3485 782 αὑτοῦ
3511 730 3661 798 (84)·

2061 823 2218 890 καίγε
2262 817 2416 884 οὗτος
2456 819 2724 877 ἀπέθανεν
2767 822 2824 873 tv
2875 819 3128 892 πονηρίᾳ.
3174 819 3398 874 Ἤθελον
3447 820 3512 872 δὲ
3553 821 3670 873 καὶ

2057 914 2148 968 τὸν
2174 912 2356 983 Σιλὼμ
2379 912 2560 966 δοῦναι
2591 914 2751 984 αὐτῇ,
2778 912 2893 966 ἀλλ’
2913 915 2947 984 ή
2973 915 3110 984 γυνή
3148 930 3248 984 μου
3273 913 3526 983 Βησςουὲ
3545 913 3667 965 οὑκ

2058 1005 2289 1073 ἀφῆκεν·
2326 1005 2685 1077 ἐπονηρεύετο
2717 1005 2827 1077 γάρ
2853 1005 2991 1077 πρὸς
3029 1005 3127 1076 τὴν
3165 1005 3382 1077 Θάμαρ,
3418 1006 3511 1058 ὅτι
3542 1007 3667 1058 οὒκ

2056 1093 2125 1169 ἦν
2147 1098 2214 1151 ἐκ
2236 1095 2548 1170 θυγατέρων
2578 1097 2818 1162 Χαναὰν,
2843 1099 2920 1161 ὡς
2947 1099 3104 1171 αὐτή.

2129 1189 2228 1242 IA'.
2268 1210 2288 1243 ι
2330 1190 2500 1259 Κάγὼ
2534 1191 2700 1262 ᾔδειν,
2732 1192 2814 1244 ὅτι
2845 1189 3079 1262 πονηρὸν
3103 1190 3164 1244 τὸ
3190 1190 3345 1258 γένος
3371 1188 3615 1242 Χαναὰν
3641 1228 3662 1250 ,

2057 1279 2196 1334 ἀλλά
2225 1281 2286 1334 τὺ
2314 1281 2612 1336 διαδούλιον
2652 1282 2750 1352 τῆς
2790 1282 3039 1352 νεότητος
3075 1279 3185 1353 (86)
3223 1282 3504 1350 ἐτύφλωσε
3543 1281 3668 1352 τὴν

2059 1373 2283 1444 καρδίαν
2311 1391 2434 1445 μου.
2470 1375 2579 1428 Kal
2607 1373 2730 1427 ίδὼν
2773 1373 2943 1444 αὐτὴν
2985 1373 3342 1443 οἰνοχοοῦσαν,
3382 1375 3443 1426 ἐν
3500 1372 3665 1444 μέθῃ

2057 1465 2202 1520 οἴνου
2252 1465 2559 1538 ἡπατήθην,
2594 1465 2688 1518 καὶ⁵
2731 1463 3001 1520 συνέπεσα
3046 1463 3182 1535 πρὸς
3227 1464 3411 1534 αὑτήν.
3463 1462 3662 1533 Αὕτη,

2059 1560 2288 1624 ἀπόντος
2318 1576 2440 1630 μου,
2469 1557 2761 1631 ἐπορεύθη,
2785 1557 2885 1615 καὶ
2899 1555 3058 1608 ἔλαϐε
3082 1555 3162 1626 τῷ
3186 1552 3367 1626 Σιλὼμ
3397 1556 3668 1622 γυναῖκα,

2060 1654 2124 1706 ἐκ
2161 1651 2267 1722 γῆς
2310 1651 2547 1706 Χαναὰν.
2596 1649 2764 1712 Γνοὺς
2800 1648 2859 1701 δὲ
2901 1647 2931 1700 ὃ
2964 1647 3206 1717 ἐποίησε,
3233 1645 3668 1716 κατηρασάμην

2060 1747 2196 1816 αὐτῇ
2241 1747 2296 1798 ἐν
2331 1743 2496 1816 ὀδύνῃ
2536 1742 2715 1814 ψυχῆς
2749 1757 2872 1813 μου·
2916 1739 3076 1809 καίγε
3111 1739 3248 1809 αὑτὴ
3278 1739 3554 1793 ἀπέθανεν
3586 1740 3664 1790 ἐν

2059 1835 2292 1907 πονηρίᾳ
2326 1833 2454 1886 υἱῶν
2479 1833 2663 1904 αὐτῆς.

2128 1927 2224 1980 IB'.
2267 1944 2285 1977 ι
2315 1925 2472 1980 Μετά
2513 1925 2572 1979 δέ
2609 1925 2736 1988 τοὺς
2774 1923 2968 1994 λόγους
3013 1922 3255 1988 τούτους,
3293 1920 3656 1992 χηρευούσης

2055 2020 2156 2092 τῆς
2185 2019 2400 2090 Θάμαρ,
2443 2017 2581 2088 μετά
2620 2017 2713 2071 δύο
2750 2015 2842 2088 ἐτη
2884 2015 3182 2078 ἀκούσασα,
3223 2015 3303 2067 δτι
3335 2013 3654 2085 ἀνέρχομαι

2057 2116 2236 2184 κεῖραι
2281 2110 2352 2164 τά
2399 2108 2676 2181 πρόϐατα,
2730 2107 3067 2178 κοσμηθεῖσα
3117 2106 3306 2176 κόσμῳ
3345 2103 3648 2175 νυμφικῷ,

2057 2205 2309 2259 ἐκάθισεν
2343 2204 2604 2258 ἀπέναντι
2628 2205 2696 2274 τῇ
2721 2201 2874 2254 πόλει
2910 2199 3049 2270 πρὸς
3086 2198 3185 2268 τὴν
3224 2197 3416 2266 πύλην.
3455 2195 3650 2264 Νόμος

2056 2299 2165 2370 γὰρ
2203 2298 2564 2371 ⁹Λμορῥαίων,
2591 2298 2690 2369 τὴν
2727 2295 3009 2368 γαμοῦσαν
3051 2293 3378 2366 προκαθίσαι
3404 2295 3464 2344 ὲν
3503 2308 3645 2364 πορ-

2057 2392 2176 2463 νείᾳ
2211 2391 2351 2444 ἐπτά
2391 2391 2603 2462 ἡμέρας
2643 2389 2796 2461 παρά
2823 2389 2923 2461 τὴν
2965 2387 3156 2459 πύλην.
3201 2385 3513 2447 Μεθυσθεὶς
3548 2379 3648 2437 οὖν

2057 2484 2167 2553 ἐγὼ
2205 2487 2262 2539 ἐν
2303 2484 2458 2538 ὕδασι
2497 2463 2846 2554 Χωξὴόῗούκ
2889 2482 3135 2549 ἐπέγνων
3174 2479 3344 2550 αὐτὴν
3389 2477 3502 2531 ἀπὺ
3543 2475 3645 2530 τοῦ

2057 2576 2221 2632 οἴνου·
2260 2577 2354 2632 καὶ
2385 2576 2634 2646 ἠπάτησέ
2663 2592 2728 2646 με
2757 2575 2818 2628 τὸ
2851 2572 3047 2636 κάλλος
3072 2572 3240 2642 αὐτῆς
3262 2570 3353 2624 διὰ
3378 2569 3476 2623 τοῦ
3507 2570 3646 2640 σχή-

2061 2687 2230 2741 ματος
2276 2669 2377 2740 τῆς
2420 2669 2759 2740 κοσμήσεως.
2807 2669 2919 2723 Kal.
2969 2664 3221 2729 ἐκκλίνας
3259 2663 3399 2735 πρὸς
3434 2663 3644 2733 αὐτὴν,

2057 2757 2239 2814 εἷπον·
2282 2779 2300 2812 ι
2335 2759 2574 2813 Είσέλθω
2615 2760 2751 2831 πρὸς
2779 2759 2858 2814 σέ.
2889 2779 2907 2810 ι
2944 2759 3054 2812 Kal
3076 2753 3196 2811 εἶπέ
3235 2772 3346 2826 μοι·
3389 2774 3406 2805 ι
3436 2755 3507 2806 Τί
3550 2771 3646 2823 μοι

2057 2853 2278 2920 δὼσειςς
2307 2872 2330 2905 ›
2365 2853 2475 2908 Καὶ
2506 2853 2682 2906 ἔδωκα
2715 2854 2851 2924 αὐτῇ
2885 2854 2984 2924 τὴν
3028 2849 3219 2923 ῥάϐδον
3250 2867 3376 2920 μου,
3403 2848 3503 2901 καὶ
3543 2847 3647 2916 τὴν

2059 2945 2256 3016 ζώνην,
2281 2945 2374 2998 καὶ
2402 2942 2466 2995 τὸ
2497 2942 2735 3014 διάδημα
2759 2942 2859 3011 τῆς
2894 2940 3189 3010 βασιλείας·
3217 2937 3310 2992 καὶ
3335 2939 3412 3001 ὡς
3441 2937 3646 3007 συνῆλ-

2059 3035 2150 3089 θον
2179 3037 2337 3106 αὐτῇ,
2363 3034 2697 3104 συνείληφεν.
2741 3032 2974 3102 Ἀγνοῶν
3006 3033 3063 3085 δέ
3083 3031 3112 3084 ό
3143 3030 3418 3101 ἐποίησεν,
3448 3029 3648 3098 ἤθελον

383 3120 635 3190 pignora,
687 3119 896 3190 pudore
934 3118 1158 3175 suffudit
1210 3134 1316 3175 me.
1369 3118 1586 3175 Vocans
1631 3136 1762 3175 vero
1803 3136 1955 3188 eam,

2077 3129 2158 3181 ιύτ
2166 3127 2230 3199 ην
2247 3125 2470 3180 ἀνελεῖν’
2486 3126 2750 3196 πέμψασα
2765 3124 2821 3177 δὲ
2837 3127 2892 3178 ἐν
2909 3123 3134 3194 κρυπτῷ
3148 3123 3272 3185 τοὺς
3286 3121 3649 3196 ἀρραϐῶνας,

385 3211 568 3266 audivi
619 3218 674 3265 et
723 3210 986 3280 mysticos
1035 3224 1338 3278 sermones,
1365 3227 1504 3281 quos
1549 3211 1766 3266 locutus
1809 3227 1954 3280 sum,

383 3300 666 3356 dormiens
712 3315 838 3354 cum
887 3315 973 3366 ea,
1003 3300 1060 3354 in
1106 3301 1371 3356 ebrietate
1401 3317 1549 3367 mea;
1581 3310 1636 3355 et
1659 3317 1767 3356 non
1805 3303 1958 3372 potui

384 3394 638 3450 occidere
689 3408 844 3461 eam,
885 3395 1148 3464 quoniam
1173 3411 1206 3452 a
1236 3394 1469 3450 Domino
1510 3404 1648 3450 erat.
1700 3394 1956 3451 Dicebam

384 3497 565 3543 autem
595 3505 608 3542 :
634 3485 712 3542 Ne
743 3486 883 3543 forte
911 3488 1036 3542 dolo
1061 3503 1274 3543 mecum
1299 3497 1445 3559 agat,
1463 3488 1532 3543 ab
1555 3488 1660 3542 alia
1685 3489 1958 3559 accipiens

383 3579 604 3649 pignus.
641 3578 747 3633 Sed
777 3594 954 3648 neque
977 3580 1408 3650 appmpinquavi
1441 3580 1492 3634 ei
1523 3580 1756 3650 amplius
1784 3595 1958 3651 usque

384 3672 453 3726 ad
499 3680 730 3727 mortem
781 3688 993 3738 meam,
1043 3673 1304 3742 quoniam
1349 3675 1810 3730 abominationem
1852 3674 1959 3732 feci

384 3764 530 3818 hanc
560 3763 616 3817 in
638 3763 788 3818 omni
821 3763 1007 3819 Israel.
1040 3765 1106 3818 Et
1132 3765 1226 3834 qui
1256 3775 1415 3820 erant
1446 3767 1500 3819 in
1531 3767 1770 3832 civitate,
1805 3767 1957 3822 dice-

383 3853 644 3908 bantnon
667 3869 791 3910 esse
812 3855 867 3909 in
901 3855 1121 3910 civitate
1148 3855 1530 3925 desponsatam
1553 3875 1568 3923 ;
1597 3859 1855 3926 quoniam
1891 3873 1958 3914 ex

384 3946 494 4002 alio
526 3945 648 4001 loco
678 3947 904 4004 veniens
937 3948 1003 4002 ad
1044 3949 1208 4002 breve
1254 3957 1470 4018 tempus
1501 3950 1643 4003 sedit
1678 3949 1732 4003 in
1763 3959 1954 4019 porta;

383 4046 441 4092 et
473 4037 829 4105 existimavit,
860 4039 1009 4109 quod
1043 4041 1227 4094 nullus
1253 4040 1509 4109 cognovit
1547 4055 1635 4094 me
1667 4040 1959 4097 intravisse

384 4136 452 4191 ad
483 4152 626 4191 eam.
656 4136 721 4192 Et
751 4146 873 4207 post
917 4139 1033 4192 haec
1069 4138 1318 4192 venimus
1346 4138 1400 4190 in
1439 4137 1732 4210 [Egyptum
1765 4137 1833 4192 ad
1866 4135 1960 4192 Jo—

386 4229 518 4298 seph
566 4237 788 4298 propter
842 4227 1063 4283 famem.
1121 4228 1490 4299 Quadraginta
1543 4244 1639 4283 sex
1688 4243 1956 4282 annorum

385 4336 560 4385 eram,
583 4331 637 4376 et
667 4321 1008 4391 septuaginta
1035 4329 1145 4376 tres
1177 4337 1352 4377 annos
1383 4321 1492 4376 vixi
1522 4321 1649 4376 illic.

425 4413 594 4474 ,XIII.
625 4433 642 4467 ι
667 4412 735 4468 Et
763 4430 908 4468 nunc
937 4429 1276 4483 quascunque
1304 4428 1404 4483 ego
1430 4413 1586 4468 vobis
1613 4413 1836 4475 mando.
1859 4428 1958 4467 au-

2061 3217 2363 3290 κατῄσχυνὲ
2407 3235 2493 3290 με.
2527 3216 2778 3279 Καλέσας
2809 3215 2866 3268 δὲ
2905 3199 3328 3284 a61i1v,ﬂxouaa
3379 3215 3477 3265 καὶ
3519 3214 3651 3277 τοὺς

2060 3313 2116 3364 ἐν
2152 3315 2434 3383 μυστηρίῳ
2473 3310 2682 3380 λόγους,
2709 3308 2823 3374 οὓς,
2855 3308 3129 3362 καθεύδων
3159 3307 3255 3358 σὺν
3285 3306 3450 3375 αὐτῇ,
3482 3306 3544 3358 ἐν
3577 3308 3656 3376 τῇ

2063 3401 2204 3475 μέθῃ
2231 3419 2332 3472 μου
2358 3401 2612 3471 ἐλάλησα’
2653 3401 2748 3452 κα)¹
2777 3399 2878 3451 οὐκ
2903 3397 3174 3470 ἠδυνήθην
3197 3395 3408 3451 ἀνελεῖν
3441 3397 3646 3466 αὐτὴν,

2058 3494 2140 3546 ὅτι
2174 3493 2324 3566 παρά
2355 3494 2561 3560 Κυρίου
2593 3487 2681 3564 ἦν.
2721 3492 2946 3561 Ἔλεγον
2971 3492 3099 3564 γάρ·
3138 3511 3156 3542 ι
3187 3492 3415 3562 Μήποτε
3451 3492 3516 3542 ἐν
3553 3490 3651 3543 δο-

2059 3583 2263 3656 λιότητι
2283 3585 2524 3657 ἐποίησε,
2545 3569 2696 3657 παρά
2720 3585 2886 3656 ἄλλης
2905 3583 3143 3640 λαϐοῦσα
3166 3583 3255 3636 τὸν
3279 3583 3603 3653 ἀρραϐῶνα.
3621 3602 3644 3634 ι

2073 3679 2210 3732 Ἀλλ’
2235 3679 2356 3732 οὐδὲ
2383 3680 2585 3749 ήγγισα
2609 3681 2744 3752 αὐτῇ
2773 3678 2853 3731 ἔτι
2875 3678 2979 3742 ἐως
3003 3677 3234 3731 θανάτου
3261 3694 3384 3748 μου,
3407 3677 3494 3729 ὅτι
3524 3677 3654 3746 βδέ-

2059 3771 2243 3844 λυγμα
2273 3771 2506 3842 ἐποίησα
2537 3770 2696 3824 τοῦτο
2735 3773 2792 3824 ἐν
2825 3771 2988 3824 παντὶ
3025 3769 3255 3841 Ἰσραήλ.
3291 3769 3472 3838 Καίγε
3501 3772 3555 3823 οἱ
3587 3772 3654 3822 ἐν

2058 3867 2124 3934 τῇ
2175 3845 2326 3917 πόλει
2371 3863 2573 3932 ἐλεγον,
2617 3863 2691 3935 μὴ
2733 3858 2870 3916 εἶναι
2908 3865 2966 3916 ἐν
3126 3862 3278 3914 πόλει
3318 3860 3652 3933 τελισκομέ-

2059 3971 2156 4024 νην
2195 3954 2325 4026 (88)·
2365 3955 2448 4008 ὃτι
2481 3955 2539 4021 ἐξ
2576 3954 2736 4008 ἄλλου
2778 3954 2978 4026 χωρίου
3021 3952 3253 4006 ἐλθοῦσα
3289 3953 3428 4024 πρὸς
3461 3953 3652 4024 βραχῦ

2059 4049 2310 4103 ἐκάθισεν
2351 4050 2410 4103 ἐν
2454 4051 2520 4119 τῇ
2561 4047 2723 4120 πύλῃ·
2763 4048 2860 4100 καὶ
2895 4046 3142 4118 ἐνόμιζεν
3181 4045 3311 4119 (89),
3341 4048 3426 4099 ὅτι
3462 4047 3652 4113 οὐδείς

2059 4140 2219 4208 ἐγνω,
2255 4140 2337 4192 ὅτι
2365 4138 2612 4209 εἰσῆλθον
2644 4141 2723 4202 είς
2756 4140 2944 4210 αὐτήν.
2981 4142 3089 4192 Καὶ
3123 4139 3261 4211 μεεά
3282 4139 3456 4192 ταῦτα
3480 4140 3650 4211 ἦλθο-

2063 4249 2160 4300 μεν
2180 4232 2260 4294 είς
2282 4229 2553 4298 Αἴγυπτον
2579 4229 2714 4301 πρὸς
2743 4231 2937 4302 Ἰωσὴφ
2956 4229 3044 4282 διὰ
3066 4230 3156 4283 τὸν
3177 4230 3350 4301 λιμόν
3378 4237 3476 4302 μς
3504 4232 3652 4285 ἐτῶν

2059 4324 2225 4394 ἤμην,
2250 4323 2342 4374 καὶ
2373 4328 2450 4389 ογ’
2474 4319 2644 4391 ἔζησα
2667 4323 2783 4374 ἐκεῖ
2813 4321 2927 4392 ἐτη.

2132 4411 2228 4463 Il".
2268 4429 2286 4460 ι
2319 4411 2428 4462 Kal
2449 4409 2543 4462 νῦν
2571 4411 2669 4462 ὅσα
2695 4409 2806 4478 ἐγὼ
2829 4412 2958 4481 ὑμῖν
2980 4409 3313 4480 ἐντέλλομαι,
3340 4411 3648 4476 ἀκούσατε,

387 4505 497 4560 dite
533 4505 629 4560 ﬁlii
660 4505 789 4570 mei,
827 4503 1021 4558 Iudam
1073 4513 1278 4574 patrem
1321 4516 1582 4570 vestrum,
1607 4517 1660 4559 et
1688 4505 1958 4559 custodite

2077 4501 2223 4554 τέκνα
2275 4517 2398 4570 μου,
2435 4499 2605 4553 Ἰούδα
2647 4499 2741 4553 τοῦ
2782 4501 2984 4572 πατρὸς
3021 4499 3194 4571 ὑμῶν,
3236 4501 3328 4553 καὶ
3363 4501 3651 4568 φυλάξατε

386 4612 578 4652 omnes
606 4612 889 4652 sermones
922 4611 1096 4662 meos,
1127 4597 1195 4650 ad
1228 4595 1532 4651 faciendum
1581 4611 1772 4650 omnes
1797 4595 1961 4665 justi—

385 4689 666 4746 ticatioues
693 4689 932 4755 Domini,
960 4698 1015 4744 et
1039 4689 1108 4744 ad
1139 4688 1502 4743 obcdiendum
1532 4689 1807 4743 mandatis
1841 4689 1957 4745 Dei.

386 4779 454 4834 Et
495 4795 604 4835 nou
644 4780 933 4836 ambuletis
973 4788 1098 4850 post
1134 4780 1404 4834 desideria
1453 4789 1658 4845 vestra,
1696 4796 1871 4849 neque
1905 4781 1960 4834 in

386 4872 810 4944 cngitationibus
857 4872 1209 4927 consiliorum
1249 4881 1578 4936 vestrorum,
1609 4872 1665 4924 in
1705 4871 1962 4940 superbia

383 4963 570 5018 cordis
595 4961 784 5028 vestri,
813 4971 862 5016 et
887 4976 955 5015 ne
982 4961 1288 5032 gloriemini
1324 4959 1379 5014 in
1403 4959 1657 5029 operibus
1684 4957 1962 5012 fortitudi-

457 5138 570 5210 (84)
614 5138 694 5210 (λὺ
752 5137 862 5210 γὰρ
900 5137 1138 5210 ἤθελεν.
1183 5137 1346 5204 ἔχειν
1406 5134 1585 5210 τέκνα
1631 5132 1956 5210 ἀπἐαὐτῆς·

385 5204 560 5278 καίγέ
590 5204 768 5279 οὗτος
797 5204 1094 5279 ᾀπέθαίνεν
1116 5207 1184 5279 ἐςν·
1210 5208 1498 5279 πονηρίᾳ.-
1527 5206 1619 5279 ν
1657 5204 1962 5279 magme-

378 5273 514 5348 ραις
548 5277 652 5348 τοῦ
677 5276 945 5348 θαλάμου
967 5276 1413 5348 ἐπεγιάμϐιίευσα
1435 5273 1714 5348 α’ὺτῇΑτόν
1735 5273 1956 5348 Αὺγιὶν·

388 5342 554 5420 italia»:
581 5347 757 5420 01350;
782 5342 851 5400 ἐκ
874 5342 1131 5420 πονηρίᾳ
1146 5342 1259 5420 spx
1284 5347 1433 5420 ἔγνω
1451 5344 1676 5420 (αὐτὴν,
1704 5342 1962 5420 πριήσας

387 5413 507 5477 σ’ὺῦ
527 5417 678 5486 αὐτῇ
706 5418 1001 5470 ἐνιαυτόν.
1029 5417 1137 5469 Καὶ
1163 5417 1261 5468 ὅτε
1285 5413 1588 5486 ἠπείλησα
1609 5413 1961 5486 αὐτῷ-συν-

386 5491 536 5558 ῆλθε
560 5481 677 5558 per;
709 5486 884 5558 αὐτῇ,
919 5485 1207 5558 διέφθειρε
1241 5481 1316 5558 δὲ
1341 5486 1404 5537 τὸ
1445 5481 1680 5558 σπέρμα
1715 5484 1811 5558 ἐπὶ
1837 5481 1961 5558 ,τὴν

385 5551 522 5630 ηλῆν,
560 5551 711 5612 Ξιατὰ
754 5551 869 5626 τ’ὴῦ
900 5551 1302 5630 ἐντολὴν-τῆς
1328 5555 1556 5630 μητρὸς.
1584 5554 1787 5607 αὐτοῦ.
1836 5551 1960 5606 Ilaec

389 5625 784 5685 iu'Oxonicnsi
819 5625 1030 5684 codice
1076 5628 1218 5680 male
1270 5637 1396 5679 sunt
1451 5625 1651 5677 omissa
1690 5642 1702 5676 :
1745 5631 1960 5677 exstant

386 5715 517 5754 Vero
550 5701 599 5751 in
632 5714 698 5752 eo
735 5699 1017 5767 sequentia
1047 5695 1256 5764 εΚαίγε
1288 5692 1440 5767 οὗτος
1477 5693 1743 5767 ἀπέθανεν
1774 5695 1832 5746 ἐν
1865 5709 1960 5744 πο-

388 5770 570 5845 νηρίᾳ,
606 5784 724 5841 quae
754 5766 1276 5840 iu’Cautabrigiensi
1309 5766 1522 5821 desunt.
1553 5766 1722 5824 CMB.

2063 4593 2268 4656 πάντας
2293 4595 2417 4656 τοὺς
2443 4591 2632 4661 λόγους
2659 4610 2780 4662 μου,
2807 4591 2900 4644 τοῦ
2935 4595 3104 4645 ποιεῖν
3127 4593 3302 4646 πάντα
3324 4592 3395 4644 τὰ
3417 4593 3653 4647 δικαιώ-

2067 4701 2214 4755 ματα
2254 4685 2481 4755 Κυρίου,
2517 4686 2611 4738 καὶ
2653 4684 2944 4739 ὑπακούειν
2982 4683 3199 4747 ἐντολὰς
3236 4683 3394 4738 Θεοῦ.
3422 4687 3543 4738 Καὶ
3572 4688 3650 4759 μὴ

2064 4773 2360 4845 πορεύεσθε
2384 4774 2557 4828 ὀπίσω
2578 4775 2685 4827 τῶν
2707 4774 3010 4846 ἐπιθυμιῶν
3039 4775 3208 4847 ὑμῶν,
3243 4774 3378 4845 μηδὲ
3404 4777 3651 4848 ἐνθυμή-

2065 4880 2180 4915 σεσι
2203 4861 2519 4920 διαϐουλίων
2545 4863 2716 4934 ὑμῶν,
2739 4866 2795 4915 ἐν
2828 4864 3174 4935 ὑπερηφανίᾳ
3207 4864 3434 4935 καρδίας
3460 4867 3646 4935 ὑμῶν,

2063 4956 2155 5008 καὶ
2203 4955 2277 5027 μὴ
2320 4954 2595 5025 καυχᾶσθε
2635 4957 2694 5007 ἐν
2726 4954 2910 5026 ἔργοις
2947 4955 3125 5026 ἰσχύος
3169 4955 3421 5027 νεότητος
3459 4958 3646 5026 ὑμῶν,

2131 5141 2243 5202 (85)
2275 5140 2508 5194 Corruit.
2546 5139 2600 5192 In
2628 5139 2834 5201 Grmco,
2872 5141 3126 5205 corrupit.
3163 5139 3238 5192 In.

2130 5210 2238 5279 (86)
2268 5213 2579 5276 Νεότητος.
2612 5209 2804 5279 Ψυχῆς
2831 5210 2924 5262 καὶ
2955 5209 3052 5277 τῆς
3078 5209 3343 5279 νεότητος.
3383 5208 3458 5262 In.

2128 5275 2240 5349 (87)
2274 5279 2402 5334 Post
2433 5280 2525 5334 hos
2555 5275 2734 5333 auten]
2761 5275 3044 5349 sermones.
3084 5275 3348 5332 Posthwc.
3376 5280 3456 5331 I1).

2130 5347 2239 5421 (88)
2259 5352 2436 5404 Πόλει
2461 5351 2918 5421 τελισκομένην.
2941 5347 3092 5420 Πύλῃ
3109 5349 3337 5401 τελωνου
3347 5349 3543 5421 μένην.
3564 5348 3640 5407 In.

2059 5420 2526 5490 -Τελισκομένη
2546 5461 2560 5485 ,
2590 5436 2698 5474 non
2741 5431 2825 5474 est
2854 5420 3171 5490 desponsata
3190 5461 3203 5482 ,
3232 5428 3294 5472 ut
3332 5420 3516 5490 reddit
3559 5422 3644 5473 in.

2060 5503 2266 5561 te-pres
2307 5488 2532 5552 Latine,
2576 5492 2669 5546 sed
2724 5499 2973 5561 scortum.
3016 5488 3194 5543 Semel
3243 5489 3439 5561 legitur
3479 5491 3537 5543 in
3582 5491 3640 5545 S.

2062 5558 2258 5628 Sm'ipt.
2285 5563 2351 5616 de
2383 5572 2564 5616 scorto
2597 5561 2857 5615 masculo.
2887 5558 3103 5613 Denter.
3131 5574 3290 5623 xxnr,
3319 5560 3406 5618 18,
3441 5561 3639 5617 Alex.:

2057 5637 2158 5688 οὐκ
2187 5634 2336 5686 ἔσται
2364 5632 2739 5701 τελισκόμενος
2765 5630 2900 5701 πρὸς
2933 5631 3112 5701 πᾶσαν
3139 5629 3324 5700 εὐχήν.
3357 5629 3569 5693 Diues.

2130 5705 2242 5775 (89)
2273 5703 2378 5760 Καὶ
2405 5699 2685 5772 ἐνόμιζεν.
2716 5699 2989 5774 Νομίζων.
3027 5699 3196 5757 ϐιιιιιι.

3547 5836 3630 5843 ψ
