3830 6216
152 307 304 364 1077

1395 313 1925 374 TESTAMENTUM
1960 318 2175 376 JL‘DE.

3268 327 3408 382 1078

146 420 243 511 ὄτι
261 418 430 511 καίγε
447 420 604 476 τοῦτο
621 423 852 497 πονηρὸν
875 425 932 479 ὲν
947 425 1239 498 ὀφθαλμοῖς
1265 428 1485 499 Κυρίου.
1522 430 1707 483 Ἐπειδ

1851 432 1935 487 uis
1960 434 2261 503 juvenlutis
2292 446 2504 505 vestrae,
2536 438 2795 509 quoniam
2818 449 2871 495 et
2897 440 3003 495 hoc
3033 447 3115 495 est
3137 442 3407 511 pernicio-

148 508 270 580 γάρ
301 509 454 579 κάγὼ
486 513 920 585 καυχησάμενος,
963 516 1044 569 ὅτι
1077 516 1135 569 ὲν
1169 516 1427 588 πολέμοις
1458 519 1557 572 οὐκ
1588 520 1734 590 ἠπά-

145 601 292 671 τησέ
350 619 417 672 με
469 603 757 674 πρόσωπον
803 609 1061 675 γυναικὸς
1107 610 1414 680 εὐμόρφου,
1463 610 1739 674 ὠνείδιζον

161 694 410 766 Ῥουϐὴμ
440 696 533 749 τὸν
565 697 791 767 ἀδελφόν
827 717 926 770 μου
954 701 1081 772 περὶ
1116 702 1322 767 Βάλλας
1349 703 1604 772 γυναικὸς
1632 720 1738 757 πα-

144 786 284 857 τρός
313 805 433 856 μου*
459 788 551 841 καὶ
575 789 635 842 τὸ
664 789 878 861 πνεῦμα
908 791 1001 844 τοῦ
1036 792 1199 877 ζήλου
1233 795 1327 848 καὶ
1359 794 1459 865 τῆς
1488 796 1739 867 πορνείας

146 878 501 951 παρετάξατο
541 882 599 934 ὲν
633 882 773 952 ἐμοὶ,
801 882 906 946 ἕως
935 870 1208 938 συνέπεσα
1248 888 1328 950 είς
1360 887 1606 957 Βησσουὲ
1638 888 1738 959 τὴν

143 970 487 1035 Χαναναίαν,
534 971 627 1023 καὶ
678 973 758 1035 είς
804 972 1002 1043 Θάμαρ
1051 975 1149 1045 τὴν
1186 976 1584 1047 νυμφευθεῖσαν
1626 980 1739 1041 τοῖς

144 1062 291 1125 υἱοῖς
339 1079 457 1133 μου.
508 1063 618 1115 Kal
664 1062 847 1132 ἔλεγον
893 1064 971 1135 τῷ
1007 1065 1252 1138 πενθερῷ
1295 1084 1419 1138 μου·
1450 1087 1467 1118 ι
1498 1068 1741 1139 Συμϐου-

140 1149 330 1203 λεύσω
354 1150 431 1222 τῷ
462 1152 630 1222 πατρί
668 1170 791 1223 μου,
831 1154 925 1207 καὶ
962 1153 1136 1221 οὕτως
1174 1156 1412 1228 λήψομαι
1446 1157 1541 1229 τὴν
1576 1158 1740 1229 θυγα-

139 1242 289 1313 τέρα
324 1260 436 1298 σου.
464 1262 483 1295 ι
514 1245 625 1297 Καὶ
657 1243 825 1312 ἔδειξέ
861 1263 949 1317 μοι
976 1248 1063 1300 ἐπ’
1080 1248 1304 1320 ὀνόματι
1335 1250 1436 1320 τῆς
1471 1250 1737 1324 θυγατρὸς

144 1333 322 1388 αὐτοῦ
354 1334 556 1407 χρυσοῦ
583 1336 788 1407 πλῆθος
822 1338 1066 1410 ἄπειρον
1092 1336 1159 1411 ἦν
1192 1340 1301 1413 γὰρ
1328 1341 1595 1412 βασιλεύς.
1627 1344 1737 1397 Καὶ

141 1426 323 1497 αὐτὴν
349 1429 630 1498 κοσμήσας
654 1431 710 1482 ὲν
731 1432 936 1501 χρυσίῳ
957 1432 1050 1484 καὶ
1077 1434 1461 1505 μαργαρίταις,
1486 1434 1737 1505 εποίησεν

136 1522 177 1589 ἡ
190 1522 285 1589 μῖν
310 1520 565 1591 οἰνοχοεῖν
588 1524 644 1574 ὲν
664 1523 741 1593 τῷ
762 1523 981 1596 δείπνῳ,
1010 1528 1065 1578 ὲν
1094 1525 1278 1581 κάλλει
1303 1527 1595 1593 γυναικῶν.
1626 1529 1736 1582 Kal

135 1613 173 1664 ὁ
210 1607 353 1676 οἶνος
400 1612 682 1685 διέστρεψέ
734 1634 824 1686 μοι
872 1618 1004 1681 τοὺς
1049 1619 1379 1690 ὀφθαλμοὺς,
1416 1623 1511 1675 καὶ
1555 1623 1735 1693 ἠμαύ-

139 1719 294 1777 ρωσε
320 1702 418 1775 τὴν
444 1706 672 1777 καρδίαν
710 1724 813 1777 μου
848 1708 880 1777 ὴ
920 1708 1099 1781 ἡδονή.
1140 1711 1250 1763 Kal
1278 1711 1528 1780 ἐρασθεὶς
1562 1713 1733 1784 αὐτῆς

136 1796 440 1863 συνέπεσα,
481 1799 574 1851 καὶ
607 1798 859 1870 παρέϐην
902 1801 1119 1871 ἐντολὴν
1144 1801 1373 1873 Κυρίου,
1402 1804 1495 1856 καὶ
1518 1804 1734 1875 ἐντολὴν

131 1886 402 1959 πατέρων
442 1906 564 1959 μου,
606 1892 699 1943 καὶ
747 1890 938 1945 ἔλαϐον
985 1891 1156 1961 αὐτὴν
1195 1894 1273 1957 είς
1318 1897 1568 1962 γυναῖκα.
1625 1896 1734 1948 Kal

130 1974 500 2031 ἀνταπέδωκέ
529 1995 619 2048 μοι
644 1977 848 2049 Κύριος
884 1980 1024 2035 κατὰ
1048 1981 1111 2035 τὸ
1143 1982 1449 2037 διαϐούλιον
1473 1984 1575 2055 τῆς
1600 2002 1734 2055 καρ-

128 2062 265 2128 δίας
295 2081 419 2135 μου,
440 2066 521 2119 ὅτι
546 2068 645 2120 οὐκ
666 2069 973 2143 εὐφράνθην
996 2071 1054 2124 ὲν
1074 2075 1185 2137 τοῖς
1205 2072 1415 2136 τέκνοις
1435 2074 1622 2144 αὐτῆς.

214 2156 314 2209 ΙΔ’.
352 2176 369 2208 ι
403 2157 515 2211 Kal
551 2157 668 2225 νῦν,
712 2160 878 2215 τέκνα
920 2180 1045 2233 μου,
1077 2163 1150 2235 μὴ
1195 2163 1531 2235 μεθύσκεσθε
1577 2166 1727 2236 οίνῳ·

129 2247 226 2300 ὅτι
254 2242 398 2312 οἶνος
426 2249 740 2321 διαστρέφει
760 2253 851 2307 τὸν
881 2254 1004 2307 νοῦν
1034 2255 1145 2308 άπὸ
1198 2256 1297 2326 τῆς
1334 2256 1612 2326 ἀληθείας,
1638 2257 1732 2310 καὶ

129 2336 403 2407 ἐμϐάλλει
430 2339 605 2411 ὀργὴν
651 2342 759 2412 (90)
789 2342 1103 2415 ἐπιθυμίας,
1148 2347 1243 2399 καὶ
1285 2348 1470 2417 ὁδηγεῖ
1493 2350 1573 2411 εἰς
1598 2349 1733 2402 πλά-

126 2443 241 2498 νην
273 2427 401 2492 τοὺς
444 2429 776 2503 ὀφθαλμούς.
811 2433 884 2486 Τὸ
913 2434 1022 2506 γὰρ
1064 2435 1281 2507 πνεῦμα
1328 2437 1422 2507 τῆς
1474 2437 1730 2508 πορνείας

127 2518 232 2572 τὸν
281 2514 422 2575 οἶνον
448 2560 463 2585 ,
512 2522 588 2585 ὡς
644 2522 888 2579 διάκονον
934 2526 1072 2597 πρὸς
1108 2526 1208 2592 τὰς
1247 2527 1439 2599 ἡδονὰς
1484 2528 1597 2598 ἔχει
1633 2529 1727 2582 τοῦ

126 2610 293 2675 νοός·
321 2613 405 2666 ὅτι
446 2614 602 2683 καίγε
631 2615 700 2669 τὰ
735 2616 828 2669 δύο
860 2617 1035 2673 ταῦτα
1067 2620 1341 2689 ἀφιστῶσι
1371 2621 1471 2692 τὴν
1500 2620 1727 2691 δύναμιν

124 2702 235 2756 τοῦ
271 2703 581 2777 ἀνθρώπου.
630 2708 755 2762 Ἐάν
784 2710 891 2782 γάρ
911 2728 995 2775 τις
1028 2711 1126 2785 πίῃ
1158 2706 1301 2766 οἶνον
1331 2714 1411 2777 είς
1443 2712 1642 2784 μέθην,
1669 2716 1726 2765 ὲν

124 2796 511 2868 διαλογισμοῖς
565 2803 831 2872 ῥυπαροῖς
890 2803 1251 2873 συνταράσσει
1304 2804 1396 2856 τὸν
1459 2804 1583 2858 νοῦν
1639 2807 1719 2869 εἰς

127 2886 418 2957 πορνείαν,
449 2889 542 2942 καὶ
573 2891 921 2963 ὲκθερμαίνει
946 2894 1007 2944 τὸ
1036 2895 1194 2963 σῶμα
1222 2897 1300 2959 είς
1332 2896 1477 2967 μίξιν
1499 2915 1511 2927 ·
1557 2900 1651 2950 καὶ
1677 2901 1725 2952 εί

126 2976 376 3045 πάρεστι
396 2977 458 3029 τὸ
477 2978 578 3049 τῆς
604 2980 899 3053 ἐπιθυμίας
929 2982 1125 3048 αἴτιον,
1159 2985 1392 3056 πράσσει
1427 2989 1528 3057 τὴν
1556 2988 1727 3058 ἁμαρ-

124 3068 259 3120 τίαν
292 3068 424 3140 (91),
456 3073 548 3124 καὶ
575 3073 674 3125 οὐκ
701 3074 1029 3144 αἰσχύνεται.
1051 3076 1303 3141 Τοιοῦτός
1328 3079 1474 3130 ἐστιν
1500 3079 1527 3129 6
1551 3074 1721 3144 οἶνος,

1841 540 1960 579 sum
2000 528 2053 581 in
2084 529 2262 585 oculis
2296 528 2534 586 Domini.
2578 530 2715 597 Quia
2756 533 2901 586 enim
2932 541 2986 588 et
3016 548 3116 603 ego
3144 534 3405 602 gloriatus

1842 634 1985 685 sum,
2011 622 2155 689 quod
2183 622 2235 676 in
2275 623 2430 679 bellis
2467 640 2575 679 non
2617 625 2824 694 decepit
2852 642 2938 681 me
2968 626 3133 682 facies
3160 628 3405 682 mulieris

1845 708 2121 775 formosa,
2157 714 2358 782 probro
2406 714 2558 771 effeci
2604 715 2794 771 Ruben
2838 712 3060 772 fratrem
3109 733 3288 772 meum
3338 720 3405 775 de

1848 801 1995 857 Balla
2038 819 2207 858 uxore
2245 806 2411 874 patris
2444 807 2549 861 mei
2578 827 2591 862 :
2617 817 2671 863 et
2696 809 2918 877 spiritus
2945 810 3044 863 zeli
3080 820 3133 865 et
3171 810 3405 865 fornica-

1842 895 2008 949 tiouis
2040 896 2283 951 constitit
2310 897 2363 950 in
2393 913 2499 963 me,
2530 899 2704 953 donec
2741 900 2903 953 incidi
2945 900 2995 953 iu
3024 899 3224 955 Bessue
3257 899 3404 954 Cha-

1841 1003 2107 1053 nanteam,
2138 997 2191 1042 et
2222 989 2275 1043 in
2305 988 2543 1043 Thamar
2571 1001 2790 1059 nuptam
2824 992 2948 1047 ﬁliis
2980 993 3135 1047 meis.
3168 991 3235 1045 Et
3259 992 3407 1045 dice-

1841 1080 1962 1133 bam
2013 1095 2203 1135 socero
2256 1081 2797 1137 meozpersuadebo
2840 1084 2978 1152 patri
3029 1100 3180 1147 meo,
3228 1094 3281 1138 et
3328 1084 3408 1138 ita

1844 1171 2104 1239 accipiam
2140 1170 2304 1225 ﬁliam
2333 1182 2502 1227 tuam.
2538 1172 2603 1227 Et
2631 1175 2866 1228 ostendit
2888 1175 3018 1229 mihi
3040 1176 3257 1229 nomine
3282 1174 3407 1231 ﬁiia:

1839 1278 1952 1317 sua:
1983 1263 2102 1317 auri
2130 1265 2528 1320 multitudinem
2563 1267 2855 1334 inlinitam;
2887 1276 3004 1322 erat
3026 1271 3167 1322 enim
3195 1283 3310 1321 rex.
3342 1267 3407 1320 Et

1839 1371 1963 1410 cum
2010 1365 2263 1413 ornasset
2297 1375 2416 1415 eam
2464 1376 2597 1415 auro
2637 1371 2690 1417 et
2729 1363 3056 1431 margaritis,
3083 1362 3209 1417 fecit
3248 1363 3405 1417 nobis

1839 1448 2026 1503 vinum
2062 1450 2263 1505 effundi
2289 1453 2342 1505 in
2373 1468 2550 1519 cmna,
2581 1453 2632 1506 in
2662 1455 3063 1523 pulchritudine
3091 1455 3401 1508 mulierum.

1840 1537 1906 1593 Et
1942 1541 2125 1595 vinum
2160 1545 2418 1611 pervertit
2460 1545 2649 1599 oculos
2682 1560 2854 1610 meos,
2879 1554 2932 1600 et
2966 1546 3279 1600 obscuravit
3310 1560 3406 1599 cor

1838 1646 2018 1686 meum
2078 1633 2349 1703 voluptas.
2418 1634 2482 1688 Et
2530 1636 2849 1691 desiderans
2900 1652 3018 1691 eam
3071 1637 3308 1701 concidi,
3353 1645 3408 1692 et

1839 1733 2214 1796 transgressus
2245 1744 2367 1781 sum
2398 1728 2715 1782 mandatum
2758 1728 2973 1783 Domini
3000 1739 3053 1784 et
3089 1730 3403 1784 mandatum

1837 1827 2051 1886 patrum
2086 1834 2354 1885 meorum,
2380 1831 2432 1873 et
2477 1821 2662 1890 accepi
2702 1837 2821 1875 eam
2853 1822 2903 1874 in
2947 1838 3195 1876 uxorem.
3232 1822 3296 1877 Et
3321 1839 3406 1879 se-

1836 1910 2073 1963 cundum
2110 1913 2401 1965 consilium
2438 1911 2621 1967 cordis
2649 1913 2754 1965 mei
2779 1914 3031 1967 retribuit
3064 1914 3195 1967 mihi
3223 1914 3406 1968 Domi-

1836 2016 1963 2067 nus,
1992 2004 2248 2071 quoniam
2284 2018 2392 2057 non
2429 2004 2642 2058 lmtatus
2670 2020 2791 2061 sum
2816 2006 2870 2060 iu
2900 2006 3025 2061 ﬁliis
3054 2006 3191 2076 ejus.

1904 2158 2044 2213 XIV.
2086 2178 2104 2211 ι
2139 2159 2203 2213 Et
2228 2175 2394 2223 nunc,
2432 2160 2537 2221 ﬁlii
2588 2161 2716 2228 mei,
2753 2177 2820 2218 ne
2851 2161 3192 2216 inebriemini
3237 2161 3400 2229 vino;

1834 2252 2093 2320 quoniam
2126 2252 2311 2306 vinum
2370 2254 2569 2308 avertit
2626 2254 2960 2309 intellectum
2991 2271 3022 2309 a
3052 2257 3300 2322 veritate,
3350 2266 3405 2312 et

1831 2344 2077 2399 immittit
2104 2345 2240 2399 iram
2270 2346 2548 2412 desiderii,
2574 2355 2627 2401 et
2657 2347 2808 2402 ducit
2836 2347 2888 2402 in
2914 2364 3154 2404 errorem
3185 2351 3399 2406 oculos.

1834 2436 2070 2505 Spiritus
2098 2437 2243 2492 enim
2274 2436 2650 2493 fornicationis
2675 2440 2863 2493 vinum
2911 2449 2971 2494 ut
2997 2440 3309 2496 ministrum
3332 2440 3401 2497 ad

1833 2530 2138 2600 voluptates
2171 2530 2337 2587 habet
2365 2534 2600 2600 mentis;
2636 2534 2895 2604 quoniam
2928 2542 2984 2589 et
3018 2535 3126 2588 duo
3159 2535 3274 2589 hac
3303 2550 3401 2590 au-

1830 2620 2013 2677 ferunt
2046 2623 2343 2692 potentiam
2381 2624 2637 2679 hominis.
2695 2624 2751 2679 Si
2789 2625 2934 2679 enim
2965 2625 3163 2694 aliquis
3206 2625 3403 2682 biberit

1830 2715 2017 2769 vinum
2044 2715 2097 2769 in
2124 2715 2468 2783 ebrietatem,
2504 2717 2925 2786 cogitationibus
2976 2719 3217 2773 sordidis
3266 2734 3401 2773 eou-

1829 2808 2015 2863 turbat
2038 2809 2367 2865 intellectum
2399 2811 2451 2865 in
2482 2809 2989 2875 fornicationem,et
3010 2809 3258 2864 accendit
3278 2825 3400 2864 cor-

1827 2916 1931 2971 pus
1955 2903 2026 2958 ad
2052 2903 2360 2958 mistionem
2385 2922 2399 2969 ;
2438 2912 2492 2958 et
2526 2904 2572 2957 si
2601 2905 2755 2958 adest
2775 2903 3027 2957 desiderii
3060 2917 3249 2967 causa,
3272 2917 3401 2971 ope—

1828 3004 1981 3048 ratur
2008 3002 2316 3063 peccatum,
2338 3004 2393 3050 et
2416 3010 2524 3049 non
2553 2994 2888 3049 suffunditur
2910 2995 3135 3063 pudore.
3169 2992 3297 3047 Tale
3316 3001 3401 3047 est

1827 3086 2038 3154 vinum,
2080 3085 2178 3140 ﬁlii
2225 3086 2355 3154 mei,
2394 3087 2652 3157 quoniam
2697 3086 2884 3140 ebrius
2934 3085 3070 3138 nihil
3101 3084 3396 3139 erubescit.

124 3158 305 3213 ⁶τέκνα
356 3178 479 3231 μου,
527 3163 609 3215 ὅτι
644 3166 671 3215 6
705 3165 920 3236 μεθύων
966 3167 1119 3221 οὐδὲν
1163 3169 1414 3223 αἰδεῖται.
1454 3170 1584 3223 Ἰδοὺ
1618 3170 1707 3241 γὰρ

1833 3177 1967 3235 Ecce
1997 3179 2145 3235 enim
2184 3188 2238 3234 et
2266 3195 2352 3234 me
2380 3189 2565 3235 errare
2606 3179 2752 3245 fecit,
2785 3188 2843 3233 ut
2871 3194 2977 3233 non
3018 3180 3398 3233 erubescerem

128 3251 288 3321 κάμὲ
328 3253 626 3324 ὲπλάνησε,
652 3256 725 3326 μὴ
755 3258 1109 3329 αἰσχυνθῆναι
1135 3260 1334 3331 πλῆθος
1364 3262 1421 3315 ὲν
1443 3263 1507 3331 τῇ
1540 3261 1719 3313 πόλει’

121 3340 219 3397 δτι
250 3344 309 3394 ὲν
330 3343 632 3416 ὀφθαλμοῖς
665 3348 880 3402 πάντων
918 3351 1167 3418 ἐξέκλινα
1206 3353 1342 3422 πρὸς
1373 3353 1472 3423 τὴν
1504 3353 1720 3425 Θάμαρ,

124 3433 231 3488 καὶ
271 3435 501 3505 ἐποίησα
535 3440 810 3511 ἁμαρτίαν
856 3445 1117 3515 μεγάλην,
1152 3448 1247 3498 καλ⁸
1276 3446 1589 3516 ἀνεκάλυψα
1620 3447 1721 3500 κά-

122 3524 326 3598 λυμμα
352 3529 691 3603 ἀκαθαρσίας
733 3535 863 3589 υίῶν
904 3555 1021 3607 μου.
1050 3536 1196 3591 Πιὼν
1218 3534 1377 3603 οἶνον,
1402 3541 1503 3592 οὐκ
1523 3540 1722 3610 ησχύν-

125 3616 236 3688 θην
268 3621 365 3693 τὴν
394 3623 611 3696 ἐντολὴν
631 3626 724 3678 τοῦ
755 3627 911 3692 Θεοῦ,
938 3631 1032 3682 καὶ
1059 3630 1249 3684 ἔλαϐον
1278 3634 1513 3701 γυναῖκα
1543 3634 1723 3686 Χανα-

123 3710 314 3765 ναίαν.
334 3714 609 3781 Συνέσεως
638 3718 745 3788 γὰρ
774 3719 962 3790 χρῄζει
994 3724 1021 3774 ὁ
1054 3721 1191 3775 πιὼν
1220 3721 1380 3786 οἶνον,
1410 3724 1577 3777 τέκνα
1597 3742 1715 3795 μου·

125 3801 230 3863 καὶ
260 3802 397 3873 αὕτη
423 3806 572 3859 ἐστὶν
598 3810 630 3879 ἡ
657 3810 872 3876 σύνεσις
892 3813 992 3882 τῆς
1012 3814 1345 3879 οίνοποσίας,
1370 3815 1455 3868 ἵνα
1471 3815 1575 3881 ἕως
1597 3817 1719 3870 ὅτου

124 3891 250 3962 ἔχει
280 3895 433 3960 αἰόὼ,
465 3898 563 3970 πίῃ
583 3917 594 3928 ·
630 3900 723 3953 ἐὰν
749 3901 805 3953 δὲ
830 3903 1077 3976 παρέλθῃ
1105 3905 1195 3959 τὸν
1230 3907 1357 3979 ὅρον
1380 3906 1588 3973 τοῦτον,
1623 3912 1721 3980 ὲμ-

128 3984 325 4039 ϐάλλει
348 3989 429 4052 εἰς
458 3989 550 4042 τὸν
575 3990 700 4045 νοῦν
729 3993 791 4046 τὸ
822 3993 1035 4065 πνεῦμα
1072 3997 1172 4067 τῆς
1200 3999 1428 4071 πλάνης,
1457 4001 1551 4053 καὶ
1578 4004 1722 4055 ποιεῖ

126 4078 228 4131 τὸν
263 4079 496 4149 μέθυσον
525 4084 1040 4157 αἰσχρορῤημονεῖν,
1082 4092 1176 4143 καὶ
1224 4096 1592 4164 παρανομεῖν,
1626 4097 1721 4149 καὶ

132 4170 215 4242 μὴ
250 4172 622 4242 αἰσχύνεσθαι,
661 4177 777 4230 ἀλλ’
808 4180 1179 4251 ἐγκαυχᾶσθαι
1208 4186 1274 4254 τῇ
1318 4185 1530 4256 ἀτιμίᾳ,
1568 4187 1719 4257 νομί-

126 4260 295 4324 ζοντα
324 4259 464 4317 εἶναι
494 4266 676 4322 καλόν.

205 4353 306 4406 1Ε’.
347 4373 367 4405 ι
419 4355 477 4409 '0
516 4359 817 4427 πορνεύων,
876 4363 971 4415 καὶ
1010 4365 1385 4436 γυμνούμενος
1421 4367 1521 4439 τῆς
1560 4366 1715 4438 βασι-

1826 3271 1897 3325 ob
1920 3271 2322 3326 multitudinem
2350 3272 2404 3325 in
2429 3271 2678 3337 civitate;
2710 3271 2966 3340 quoniam
2996 3271 3049 3323 in
3074 3270 3249 3325 oculis
3279 3285 3399 3323 om-

1825 3359 1981 3415 nium
2025 3360 2293 3417 declinavi
2346 3363 2413 3416 ad
2446 3361 2704 3427 Thamar,
2741 3372 2793 3416 et
2822 3362 2921 3415 feci
2969 3369 3249 3431 peceatum
3277 3377 3397 3415 ma-

1825 3466 2013 3520 gnum,
2064 3459 2119 3505 et
2170 3451 2402 3505 revelavi
2451 3452 2695 3505 velamen
2748 3450 3104 3504 immunditiaa
3157 3448 3396 3503 filiorum

1825 3557 2094 3597 meorum.
2126 3542 2264 3597 Cum
2302 3544 2545 3598 biberem
2595 3543 2805 3607 vinum,
2851 3558 2960 3597 non
3002 3542 3397 3597 verecundatus

1823 3649 1945 3688 sum
1974 3635 2289 3689 mandatum
2322 3634 2441 3701 Dei,
2470 3643 2524 3688 ct
2545 3635 2725 3705 accepi
2757 3651 2983 3690 uxorem
3006 3635 3391 3691 Chananrcam.

1824 3726 2053 3796 Propter
2083 3728 2229 3796 quod
2261 3726 2540 3781 intellectu
2578 3743 2717 3797 opus
2772 3728 2953 3791 habet,
3004 3728 3097 3796 qui
3147 3727 3282 3781 bibit
3314 3728 3393 3780 vi-

1822 3834 1976 3884 num,
2006 3819 2101 3872 ﬁlii
2133 3818 2268 3883 mei;
2305 3828 2357 3872 et
2387 3819 2435 3871 is
2457 3828 2540 3873 est
2574 3819 2880 3873 intellectus
2917 3819 3027 3873 vini
3062 3819 3392 3888 potationis,

1824 3918 1884 3963 ut
1922 3911 2161 3979 quandiu
2197 3912 2361 3965 habet
2401 3910 2859 3973 erubescentiam,
2917 3911 3103 3974 bibat;
3162 3913 3207 3966 si
3264 3927 3393 3967 vrro

1824 4010 2062 4058 transeat
2089 4003 2378 4057 terminum
2398 4002 2563 4069 hunc,
2583 4003 2821 4057 immittit
2844 4004 2895 4057 iu
2920 4005 3247 4058 intellectum
3280 4006 3395 4073 spi-

1821 4098 1987 4152 ritum
2022 4098 2244 4164 erroris,
2277 4097 2370 4168 qui
2406 4097 2536 4152 facit
2567 4098 2778 4152 ebrium
2804 4098 2981 4166 turpia
3014 4097 3183 4167 loqui,
3210 4108 3263 4151 et
3289 4099 3393 4151 iui-

1821 4204 1929 4258 qua
1991 4204 2171 4259 agere,
2223 4198 2276 4245 et
2318 4206 2425 4245 non
2456 4189 2834 4255 verecundari,
2863 4191 2956 4244 sed
2995 4198 3051 4244 et
3079 4190 3297 4262 gloriari
3337 4190 3391 4242 in

1822 4282 2142 4351 ignominia,
2180 4283 2583 4337 existimantem
2607 4298 2729 4337 esse
2759 4283 2983 4336 bonum.

1892 4371 2008 4426 XV.
2037 4394 2054 4425 ι
2086 4372 2190 4441 Qui
2228 4372 2545 4439 fornicatur,
2586 4383 2639 4428 et
2686 4373 2921 4429 nudatus
2962 4388 3149 4442 regno,
3181 4372 3391 4442 egredi-

123 4441 286 4538 λείας
317 4442 451 4514 (92),
476 4445 756 4518 ἐξέρχεται
776 4450 906 4521 (95),
937 4453 1224 4517 δουλωθεὶς
1252 4459 1317 4527 τῇ
1351 4459 1599 4530 πορνείᾳ,
1640 4460 1707 4524 ὡς

1833 4481 1930 4531 .ur,
1969 4480 2160 4519 servus
2190 4463 2413 4519 effectus
2437 4463 2811 4531 fornicationi,
2847 4466 2988 4520 sicut
3008 4474 3062 4519 et
3087 4479 3187 4534 ego
3218 4464 3389 4517 nuda-

125 4532 291 4626 κάγὼ
322 4537 649 4607 γυμνωθείς.
680 4542 896 4595 Ἐδωκα
928 4544 1037 4617 γάρ
1055 4547 1154 4616 τὴν
1190 4548 1383 4617 ῥάϐδον
1410 4567 1532 4621 μου,
1558 4568 1707 4605 τουτ-

1833 4574 1907 4611 .us
1943 4572 2086 4612 sum.
2121 4555 2251 4610 Dedi
2282 4556 2426 4610 enim
2458 4557 2626 4625 (aliis)
2669 4557 2878 4626 virgam
2910 4572 3109 4619 meam,
3145 4556 3248 4609 hoc
3281 4564 3385 4621 est,

120 4624 270 4691 ἐστι,
298 4626 361 4678 τὸ
391 4629 668 4701 στήριγμα
710 4633 806 4704 τῆς
852 4636 987 4706 ἐμῆς
1030 4637 1227 4709 φυλῆς·
1262 4641 1353 4693 καὶ
1392 4643 1491 4714 τὴν
1541 4642 1716 4717 ζώνην

124 4733 270 4789 μου,
310 4720 580 4786 τουτέστι,
619 4722 872 4795 δύναμιν
909 4728 1002 4780 καὶ
1041 4729 1102 4782 τὸ
1151 4731 1408 4803 διάδημα,
1441 4736 1709 4803 τουτέστι,

121 4809 228 4880 τὴν
260 4809 421 4899 δόξαν,
444 4813 548 4883 τῆς
578 4814 856 4884 βασιλείας
883 4836 1003 4889 μου.
1033 4823 1207 4891 Καίγε
1248 4828 1589 4899 μετανοήσας
1620 4831 1713 4883 ἐπὶ

122 4899 365 4965 τούτοις,
384 4898 525 4956 οἶνον
542 4905 636 4958 xal
655 4906 822 4977 κρέας
834 4907 933 4960 οὐκ
948 4908 1135 4963 ἔλαϐον
1149 4910 1254 4974 ἕως
1277 4898 1475 4985 γῆρας,
1494 4916 1587 4968 καὶ
1604 4918 1708 4968 πᾶ-

124 5008 236 5045 σαν
266 4994 604 5066 εὐφροσύνην
640 4998 740 5050 οὐκ
768 4993 928 5053 εἶδον.
959 5003 1068 5055 Kal
1096 5002 1264 5069 ἕδειξέ
1303 5022 1393 5075 μοι
1426 5008 1454 5059 6
1478 5006 1708 5076 ἄγγελος

119 5083 221 5136 τοῦ
240 5082 397 5149 Θεοῦ,
428 5086 509 5138 ὅτι
526 5086 629 5151 ἕως
644 5086 738 5140 τοῦ
763 5089 977 5155 αἰῶνος,
994 5093 1093 5146 κᾶν
1111 5094 1339 5163 βασιλεῖ,
1363 5096 1463 5150 κᾶν
1485 5101 1705 5172 πτωχῷ,

1819 4649 2221 4701 ﬁrmamentum
2239 4663 2371 4701 mea:
2400 4648 2575 4702 tribus
2594 4666 2608 4713 ;
2627 4658 2679 4702 et
2702 4663 2893 4702 zonam
2924 4664 3125 4714 meam,
3161 4648 3263 4701 hoc
3283 4658 3385 4714 est,

1818 4740 2151 4809 potentiam;
2180 4750 2233 4793 et
2264 4741 2535 4804 diadema,
2575 4741 2677 4795 hoc
2710 4750 2789 4794 est
2823 4741 3047 4810 gloriam
3079 4741 3228 4810 regni
3255 4740 3383 4793 mei.

1819 4831 1884 4887 Et
1915 4833 2183 4901 paenitens
2204 4833 2270 4886 de
2300 4833 2404 4899 bis,
2440 4833 2624 4885 vinum
2658 4842 2709 4886 et
2733 4848 2927 4887 carnes
2957 4849 3065 4886 non
3113 4832 3385 4902 assumpsi

1815 4938 1989 4993 usque
2018 4925 2085 4977 ad
2113 4932 2472 4991 senectutem,
2521 4932 2575 4977 et
2604 4940 2822 4977 omnem
2876 4924 3115 4977 lzetitiam
3156 4925 3380 4979 nescivi.

1817 5013 1883 5071 Et
1913 5016 2154 5071 ostendit
2184 5016 2316 5070 mihi
2344 5016 2569 5085 angelus
2597 5014 2711 5078 Dei,
2744 5016 2889 5085 quod
2915 5031 3087 5085 usque
3130 5016 3181 5070 in
3210 5031 3382 5071 saecu-

1812 5111 1952 5175 lum,
1984 5119 2037 5163 et
2061 5110 2191 5179 regi,
2211 5108 2524 5178 etpauperi,
2563 5108 2820 5161 mulieres
2846 5108 3299 5175 dominabuntur;
3328 5117 3382 5163 et

121 5175 185 5233 αἱ
221 5179 476 5242 γυναῖκες
519 5181 1038 5251 κατακυριεύσουσι,
1071 5188 1165 5237 καὶ
1194 5186 1288 5239 τοῦ
1324 5189 1421 5259 μὲν
1443 5190 1707 5260 βασιλέως

1833 5200 1961 5270 'egis
1983 5175 2203 5270 quidem
2230 5175 2422 5254 tollent
2446 5198 2673 5271 gloriam
2700 5206 2754 5251 et
2777 5198 2952 5251 virilis
2977 5199 3293 5268 potentiam,
3325 5208 3378 5252 et

122 5265 325 5336 ἀροῦσι
346 5268 447 5339 τὴν
478 5269 658 5336 δόξαν,
691 5271 785 5325 τοῦ
814 5273 872 5325 δὲ
917 5276 1162 5347 ἀνδρείου
1201 5279 1297 5350 τὴν
1327 5281 1551 5354 δύναμιν
1570 5326 1585 5349 ,
1614 5288 1708 5340 καὶ

118 5358 220 5412 τοῦ
260 5360 478 5431 πτωχοῦ
528 5364 590 5416 τὸ
631 5364 733 5435 τῆς
781 5369 1055 5438 πτωχείας
1097 5370 1379 5442 ἐλάχιστον
1411 5379 1702 5451 στήριγμα,

121 5515 316 5640 953?.)
369 5518 591 5587 Ὀργήῆ
616 5519 880 5592 suSPicor
900 5522 1187 5594 “gendum
1211 5530 1409 5601 ὁρμήν,
1430 5531 1699 5601 impetum.

200 5657 314 5785 ἓξὲξ

200 5660 314 5785 (Ωἱζ
367 5660 713 5751 ᾉιιαρτίανκ
735 5664 1074 5746 Ἐπιθυμίαν.
1102 5668 1174 5723 In.

200 5728 290 5797 t0“)
318 5782 319 5785 η
350 5732 462 5791 [χαι
490 5748 900 5797 γυμνουμενος
946 5755 1055 5797 της
1078 5740 1174 5797 βαι

318 5782 319 5785 η
350 5730 462 5791 Καὶ
490 5735 900 5805 γυμνούμενος
929 5730 1055 5807 ’τῆς
1078 5740 1414 5808 βασιλείας.
1467 5746 1695 5817 Ζημιούμ

1818 5292 2071 5363 pauperis
2098 5291 2433 5362 paupertatis
2465 5291 2751 5345 minimum
2788 5290 3209 5344 firmamentum.

1811 5558 1968 5612 μενος
1991 5541 2089 5612 οὐκ
2115 5540 2444 5612 αἰσθάνεται,
2472 5541 2565 5593 καὶ
2589 5539 2772 5612 ἄδοξον
2793 5541 2891 5592 οὐκ
2910 5537 3238 5612 αἰσχύνεται.
3260 5535 3389 5591 Κᾶν.

1806 5606 1913 5683 γάρ
1943 5629 2024 5674 τις
2062 5610 2371 5683 βασιλεύσῃ,
2413 5610 2688 5681 πορνεύων
2718 5606 3101 5681 γυμνούμενος.
3134 5606 3210 5662 ι».

1879 5682 1988 5753 (95)
2042 5682 2387 5751 Ἑξέρχεται.
2421 5683 2547 5735 Οὐκ.
2588 5683 2663 5736 In.
