3830 6216
428 323 572 380 ⁷1079

1463 316 1926 376 rusum“
1963 318 2059 373 xu
2093 318 2706 389 rnmxncmnuu,

3566 326 3590 379 1
3600 327 3708 380 ομ)

502 439 646 495 XVI.
677 458 697 491 ι
733 439 1018 495 Custodite
1039 454 1190 511 ergo,
1235 438 1331 494 ﬁlii
1375 439 1513 506 mei,
1546 438 1840 493 terminum
1870 438 2003 491 vini.

2187 440 2304 505 IG”.
2371 462 2391 491 ι
2430 438 2771 494 Φυλάσσεσθε
2799 433 2911 503 οῦν,
2954 439 3119 493 τέκνα
3151 457 3273 512 μου,
3303 439 3399 493 τδν
3422 442 3561 513 ὅρον
3608 441 3709 493 τοῦ

435 531 578 586 Sunt
604 532 750 585 enim
798 532 939 585 ineo
974 540 1209 601 quatuor
1254 530 1481 601 spiritus
1528 530 2005 599 perniciosi;con-

434 624 804 694 cupiscentiaa,
835 622 1300 689 inﬂammationis,
1335 623 1590 685 luxuriae,
1616 632 1669 677 et
1700 622 1874 691 turpis
1917 621 2004 673 Iu-

434 718 535 769 cri.
586 716 640 769 Si
690 716 888 770 bibatis
932 716 1118 769 vinum
1177 715 1229 768 in
1273 715 1480 779 lmtitia,
1526 730 1650 767 cum
1692 715 1885 767 timore
1912 712 2002 765 Dei

432 810 835 874 erubescentes,
886 807 1098 861 vivetis.
1133 806 1189 860 Si
1236 809 1381 861 enim
1432 806 1631 860 bibatis
1671 821 1777 860 non
1813 805 2009 859 erube-

435 908 671 965 scentes,
698 908 752 954 et
776 900 991 954 recedat
1024 897 1116 952 Dei
1146 898 1328 961 timor,
1350 898 1464 967 jam
1494 897 1724 952 eﬁicitur
1746 898 2005 961 ebrietas,

433 1002 486 1046 et
534 992 806 1046 subintrat
850 991 1257 1046 inverecundia.
1312 989 1370 1044 Si
1419 1005 1549 1044 vero
1582 1006 1757 1059 neque
1783 990 2009 1044 omnino

434 1083 630 1139 bibetis
672 1084 808 1154 (95),
840 1094 899 1139 ut
944 1099 1050 1138 non
1082 1085 1315 1153 peccetis
1344 1084 1398 1138 in
1430 1084 1612 1138 verbis
1638 1083 2005 1148 contumeliae,

433 1187 490 1233 et
517 1192 729 1246 pugnat,
766 1186 821 1232 et
843 1176 1153 1243 calumniaa,
1199 1186 1253 1231 et
1295 1177 1753 1247 transgressionis
1783 1176 2012 1230 manda-

435 1278 615 1324 torum
656 1268 771 1333 Dei,
800 1277 855 1323 et
887 1270 1120 1338 pereatis
1170 1279 1295 1323 ante
1336 1278 1552 1338 tempus
1581 1276 1847 1323 vestrum.
1874 1265 2009 1321 Nam

437 1361 693 1431 mysteria
730 1360 820 1415 Dei
847 1370 899 1416 et
928 1361 1209 1416 hominum
1240 1362 1433 1415 alienis
1462 1360 1659 1415 revelat
1688 1360 1875 1414 viuum
1925 1358 2008 1427 (ut

435 1462 489 1509 ct
519 1469 619 1522 ego
648 1454 902 1508 mandata
925 1454 1018 1509 Dei
1044 1462 1099 1508 et
1121 1455 1375 1524 mysteria
1401 1453 1569 1508 Jacob
1597 1454 1765 1523 patris
1788 1451 1894 1506 mei
1922 1465 2010 1506 re-

434 1544 608 1598 velavi
633 1543 973 1599 Chananitidi
1011 1544 1234 1615 Bessuc)
1268 1546 1468 1616 quibus
1490 1546 1659 1599 vetuit
1690 1543 1833 1598 Deus
1859 1559 2012 1599 reve-

435 1631 568 1685 lare.
627 1632 731 1687 Sed
762 1642 815 1687 et
846 1634 968 1687 belli
1021 1641 1074 1687 et
1102 1634 1536 1689 conturbationis
1584 1648 1750 1689 causa
1780 1632 2015 1688 efﬁcitur

436 1739 647 1777 vmum.

2108 529 2277 584 οἴνου.
2311 531 2469 583 Ἔστι
2496 531 2606 602 γὰρ
2636 533 2691 583 ἐν
2716 530 2865 600 αὐτῷ
2886 532 3124 603 τέσσαρα
3150 531 3432 602 πνεύματα
3492 530 3713 597 πονηρὰ

2108 623 2426 694 ἐπιθυμίας,
2452 623 2766 693 πυρώσεως,
2800 624 3547 695 ἀσωτίας,αίσχροκερδείας.
3581 624 3709 676 Ἐὰν

2114 716 2304 785 πίνητε
2336 711 2475 767 οἶνον
2520 716 2577 767 ἐν
2603 715 2929 787 εὐφροσύνῃ,
2967 715 3100 785 μετά
3130 714 3291 783 φόϐου
3332 714 3474 766 Θεοῦ
3521 712 3706 767 cibo-5-

2114 823 2289 876 μενοι,
2324 806 2572 878 ζήσεσθε.
2612 806 2737 859 Ἐὰν
2782 806 2891 877 γὰρ
2916 806 3102 875 πίνητε
3138 806 3210 877 μή
3240 805 3580 877 αἰδούμενοι,
3613 806 3708 857 καὶ

2120 901 2329 971 ἀποστῇ
2347 903 2374 953 6
2388 900 2482 953 τοῦ
2499 900 2632 952 Θεοῦ
2648 899 2830 969 φόϐος,
2849 899 3032 952 λοιπὸν
3048 900 3253 967 γίνεται
3273 898 3432 970 μέθη,
3451 899 3558 950 καί
3574 916 3708 969 παρ-

2113 991 2227 1043 εισέ
2242 991 2858 1062 ρχεταιήάναισχυντία.
2890 992 2953 1043 Ei
2981 990 3038 1043 δέ
3064 990 3194 1062 μηδέ
3218 991 3353 1054 ὅλως
3382 992 3555 1061 πίητε
3571 990 3705 1061 (94),

2114 1085 2205 1138 tva
2234 1086 2307 1155 μὴ
2340 1085 2619 1156 ἁμάρτητε
2664 1086 2719 1137 ἐν
2750 1083 2932 1151 λόγοις
2962 1083 3191 1154 ὑϐρεως,
3227 1084 3319 1137 καὶ
3352 1083 3568 1154 μάχης,
3612 1085 3708 1137 καὶ

2114 1178 2503 1247 συκοφαντίας,
2554 1177 2650 1229 καὶ
2696 1175 3061 1247 παραϐάσεως
3112 1175 3333 1235 ἐντολῶν
3385 1176 3555 1239 Θεοῦ,
3614 1179 3708 1229 καὶ

2116 1269 2401 1324 ἀπολεῖσθε
2423 1270 2521 1321 οὐκ
2552 1271 2609 1321 ἐν
2637 1268 2812 1339 καιρῷ
2836 1267 3010 1339 ὑμῶν.
3033 1268 3209 1335 Καίγε
3248 1270 3532 1338 μυστήρια
3570 1268 3708 1320 Θεοῦ

2114 1364 2209 1417 καὶ
2255 1360 2553 1433 ἀνθρώπων
2603 1361 2902 1432 ἀλλοτρίοις
2950 1360 3318 1433 ἀποκαλύπτει
3365 1360 3394 1411 ὁ
3421 1354 3573 1421 οἶνος
3611 1360 3710 1429 (ὡς

2114 1453 2271 1523 κάγὼ
2296 1432 2514 1517 ἐντολὰς
2540 1453 2674 1506 Θεοῦ
2704 1456 2798 1507 καὶ
2823 1432 3097 1523 μυστήρια
3142 1450 3335 1504 Ἰακὼϐ
3363 1450 3461 1503 τοῦ
3496 1452 3711 1521 πατρός

2118 1562 2219 1617 μου
2254 1544 2577 1613 ἀπεκάλυψα
2615 1548 2680 1615 τῇ
2715 1544 3023 1598 Χανανίτιδι
3066 1543 3324 1613 Βησσουέ)
3364 1538 3446 1607 οἷς
3479 1538 3640 1595 εἶπεν
3682 1546 3711 1592 6

2102 1634 2247 1699 ’Θεὸς
2288 1634 2363 1708 μὴ
2411 1634 2779 1704 ἀποκαλύψαι.
2812 1636 2921 1689 Καὶ
2968 1634 3025 1687 δὲ
3057 1633 3294 1704 πολέμου
3323 1633 3418 1685 καὶ
3446 1634 3711 1704 ταραχῆς

2116 1724 2285 1791 αἴτιος
2309 1725 2517 1795 γίνεται
2538 1727 2567 1777 6
2599 1721 2759 1789 οἶνος.

509 1811 671 1867 XVII.
708 1831 728 1864 ι
768 1811 967 1868 Mando
1000 1814 1162 1884 igitur
1191 1814 1345 1868 vobis
1367 1854 1381 1878 ,
1416 1814 1512 1868 ﬁlii
1546 1814 1675 1879 mei,
1703 1822 1761 1866 ut
1791 1828 1902 1866 non
1929 1812 2011 1866 di-

2184 1820 2279 1872 lZ'.
2394 1818 2742 1889 Ἐντέλλομαι
2772 1813 2864 1871 οὖν
2900 1819 3059 1888 ὑμῖν,
3099 1818 3266 1872 τέκνα
3294 1836 3420 1888 μου,
3464 1818 3549 1888 μὴ
3572 1818 3713 1885 ἀγα-

437 1905 621 1974 ligatis
648 1914 957 1973 argentum,
983 1921 1163 1974 neque
1194 1906 1502 1975 inspiciatis
1544 1906 1598 1959 in
1649 1905 2011 1974 pulchritudi-

438 2010 563 2049 nem
596 1996 887 2049 mulierum
910 2013 924 2061 ;
951 1996 1080 2065 quia
1112 2005 1165 2050 et
1192 2005 1412 2065 pr0pter
1428 2005 1711 2066 argentum
1733 2006 1787 2049 et
1809 1994 2013 2051 formo-

438 2088 654 2142 sitatem
680 2087 857 2141 erravi
905 2088 960 2140 in
1009 2086 1216 2142 Bessue
1248 2087 1643 2141 Cbananaeam.
1676 2084 1813 2140 Novi
1840 2088 2010 2152 enim,

438 2180 583 2249 quod
610 2187 829 2249 propter
859 2178 969 2233 duo
992 2179 1106 2234 bzec
1128 2179 1233 2233 erit
1255 2194 1424 2249 genus
1448 2194 1629 2232 meum
1649 2178 1702 2232 in
1732 2179 2011 2248 nequitia;

439 2270 700 2339 quoniam
733 2277 788 2324 et
817 2270 1087 2339 sapientes
1110 2270 1252 2324 viros
1276 2269 1512 2324 ﬁliorum
1538 2284 1787 2325 meorum
1810 2270 2015 2325 aliena-

438 2362 605 2427 bunt,
650 2372 704 2418 et
751 2378 978 2433 regnum
1008 2361 1162 2417 Iuda:
1199 2364 1467 2428 minuent,
1500 2364 1645 2432 quod
1698 2364 1846 2418 dedit
1876 2364 2014 2419 mihi

439 2455 706 2511 Dominus
732 2456 785 2509 in
815 2456 1121 2511 obedientia
1147 2456 1335 2525 patris.
1372 2454 1661 2526 Nunquam
1705 2458 1851 2511 enim
1879 2472 2014 2511 con-

440 2548 653 2603 tristavi
687 2549 911 2603 verbum
964 2549 1134 2617 patris
1166 2550 1271 2603 mei
1319 2546 1508 2615 Jacob,
1540 2550 1797 2618 quoniam
1831 2550 2016 2603 omnia

440 2657 564 2711 qua:
598 2640 755 2707 dixit,
787 2640 1074 2695 laciebam.
1102 2639 1169 2693 Et
1190 2640 1467 2695 Abraham
1505 2650 1658 2709 pater
1701 2641 1872 2709 patris
1908 2642 2015 2694 mei

441 2733 724 2789 benedixit
752 2732 907 2797 mihi,
939 2741 998 2785 ut
1025 2747 1309 2801 regnarem
1342 2732 1394 2785 in
1435 2731 1637 2798 Israel;
1668 2742 1723 2785 et
1748 2730 1899 2786 Isaac
1924 2733 2018 2786 be-

442 2823 654 2878 nedixit
680 2824 813 2877 mihi
846 2824 1011 2878 simili
1041 2823 1225 2876 modo.
1259 2821 1321 2875 Et
1355 2837 1459 2893 ego
1489 2823 1637 2888 novi,
1667 2823 1813 2892 (ιιιθά
1836 2839 1903 2878 ex
1933 2840 2018 2879 me

443 2918 613 2972 stabit
646 2933 897 2986 regnum.

518 3007 701 3062 XVIII.
724 3027 741 3059 ι
768 3007 833 3061 Et
860 3008 964 3078 legi
995 3007 1046 3062 in
1081 3009 1235 3063 libris
1259 3009 1444 3064 Enoch
1469 3010 1623 3080 justi,
1650 3018 1855 3081 quanta
1877 3010 2021 3064 mala

443 3102 660 3159 facietis
687 3103 739 3156 in
774 3103 1038 3159 extremis
1069 3103 1280 3158 diebus.
1310 3102 1511 3159 Cavete
1540 3104 1723 3173 igitur,
1771 3104 1864 3158 ﬁlii
1890 3104 2018 3167 mei,

447 3211 479 3251 a
526 3195 891 3251 fornicatione
943 3206 997 3251 et
1030 3198 1291 3264 avaritia;
1341 3196 1524 3251 audite
1565 3196 1761 3251 Judam
1814 3206 2024 3266 patrem

445 3298 713 3355 vestrum,
731 3288 990 3358 quoniam
1023 3290 1127 3345 ista
1151 3298 1406 3358 separant
1432 3305 1463 3343 a
1491 3290 1606 3361 lege
1626 3289 1746 3355 Dei,
1778 3301 1831 3343 et
1855 3304 2029 3343 excaa-

448 3390 577 3435 cant
605 3382 895 3437 consilium
920 3383 1135 3447 animm,
1162 3392 1216 3437 et
1252 3383 1563 3451 superbiam
1596 3384 1814 3449 docent,
1842 3391 1896 3437 et
1920 3398 2030 3436 non

447 3475 733 3545 patiuntur
751 3476 1027 3529 hominem
1050 3476 1486 3530 misericordiam
1505 3476 1763 3530 exhibere
1778 3475 2030 3545 proximo

451 3579 576 3626 suo,
599 3565 1064 3633 privantanimam
1085 3565 1258 3633 ipsius
1290 3566 1439 3620 omni
1472 3566 1737 3630 bonitate,
1763 3574 1818 3619 et
1848 3566 2029 3621 conti-

452 3669 582 3712 nent
628 3659 806 3727 ipsum
841 3660 896 3712 in
939 3659 1217 3712 laboribus
1259 3668 1312 3713 et
1339 3659 1621 3713 doloribus
1644 3701 1659 3726 ,
1692 3668 1747 3713 et
1775 3668 2033 3721 amovent

454 3763 712 3803 somnum
731 3749 800 3802 ab
814 3764 901 3817 eo,
923 3760 1257 3804 consumunt
1275 3765 1468 3804 carnes
1485 3750 1676 3819 ipsius,
1695 3759 1747 3804 et
1764 3751 2031 3805 sacriﬁcia

456 3838 553 3893 Dei
583 3840 907 3909 impediunt,
954 3851 1008 3895 et
1041 3839 1447 3895 benedictiones
1474 3857 1584 3895 non
1616 3850 1942 3907 memorant,
1980 3849 2034 3895 et

456 3932 738 4002 propheta:
786 3932 1028 4002 loquenti
1074 3947 1182 3985 non
1228 3933 1512 3996 obediunt,
1542 3942 1591 3987 et
1619 3933 1785 3987 verbo
1816 3934 2034 4009 pietatis

457 4024 830 4079 offenduntur.
892 4023 1117 4079 Duabus
1153 4025 1299 4079 enim
1343 4024 1694 4101 passionibus
1739 4026 2034 4080 contrariis

458 4117 732 4172 mandatis
754 4116 846 4172 Dei
874 4118 1139 4183 serviens,
1174 4116 1283 4171 Deo
1300 4117 1523 4171 obedire
1546 4132 1654 4171 non
1679 4127 2033 4189 potest,quo-

459 4210 607 4263 niam
636 4216 1047 4263 excatcaverunt
1069 4208 1307 4261 animam
1335 4207 1478 4277 ejus,
1510 4216 1564 4262 et
1597 4207 1650 4261 in
1675 4207 1785 4274 die,
1816 4208 1959 4262 sicut
1981 4208 2033 4271 in

459 4310 619 4357 nocte
636 4302 899 4355 ambulat.

532 4396 674 4451 XIX.
708 4416 726 4448 ι
762 4395 886 4449 Filil
920 4396 1045 4461 mei,
1085 4395 1314 4450 avaritia
1369 4394 1436 4449 ad
1490 4394 1633 4449 idola
1681 4394 1851 4458 ducit,
1899 4409 2038 4465 quo-

2114 1908 2222 1978 πᾷν
2265 1906 2545 1978 ἀργύριον,
2581 1908 2713 1977 μηδέ
2745 1905 3037 1978 ἐμϐλέπειν
3061 1908 3141 1969 είς
3182 1907 3379 1969 κάλλος
3399 1906 3709 1974 γυναικῶν·

2113 1999 2194 2053 ὅτι
2237 2000 2395 2069 καίγε
2423 2000 2490 2054 δι’
2512 2001 2793 2073 ἀργύριον,
2825 2000 2921 2054 καὶ
2956 1999 3023 2053 δι’
3044 2000 3345 2071 εὐμορφίαν
3388 1998 3714 2069 ἐπλανήθην

2113 2093 2194 2156 είς
2219 2094 2460 2163 Βησσουέ
2482 2095 2581 2165 τήν
2606 2094 2936 2148 Χαναναίαν.
2962 2094 3085 2147 Ὀτι
3111 2089 3229 2147 οῖδα
3256 2092 3390 2162 ἐγὼ,
3420 2095 3507 2147 ὅτι
3532 2094 3624 2147 διὰ
3644 2096 3715 2146 τὰ

2113 2185 2206 2239 δύο
2236 2185 2409 2240 ταῦτα
2440 2186 2590 2240 ἔσται
2616 2188 2677 2239 τὸ
2699 2187 2853 2256 γένος
2891 2203 2993 2257 μου
3033 2189 3090 2241 ἐν
3120 2186 3387 2258 πονηρίᾳ·
3426 2188 3515 2240 ὅτι
3550 2190 3710 2255 καίγε

2120 2279 2318 2347 σοφοὺς
2348 2279 2548 2351 ἄνδρας
2568 2278 2677 2333 τῶν
2711 2279 2843 2333 υίῶν
2887 2296 2987 2351 μου
3016 2278 3392 2345 ἀλλοιώσουσι,
3419 2282 3520 2332 καὶ
3556 2280 3709 2349 βασι-

2114 2371 2266 2425 λείαν
2301 2371 2472 2425 Ἰούδα
2505 2370 2901 2442 σμικρυνθῆναι
2933 2374 3270 2443 ποιήσουσιν,
3301 2373 3370 2443 ἢν
3410 2372 3588 2425 ἔδωκέ
3623 2390 3710 2442 μοι

2116 2463 2322 2535 Κύριος
2371 2463 2428 2515 ἐν
2478 2462 2693 2533 ὑπακοῇ
2743 2462 2966 2533 πατρός.
3012 2462 3278 2515 Οὐδέποτε
3314 2460 3427 2531 γὰρ
3458 2460 3713 2531 ἐλύπησα

2116 2554 2274 2621 λόγον
2326 2550 2522 2606 Ἰακὼϐ
2560 2552 2656 2607 τοῦ
2691 2536 2897 2625 πατρός
2944 2554 3053 2626 (96)
3100 2571 3232 2625 μου,
3262 2554 3344 2606 ὅτι
3368 2553 3578 2617 πάντα,
3613 2554 3713 2615 ὅσα

2118 2639 2290 2707 εἶπεν,
2315 2642 2548 2696 ἐποίουν.
2582 2644 2691 2697 Καὶ
2726 2642 2977 2715 Ἀϐραὰμ
3001 2645 3029 2696 6
3049 2645 3232 2715 πατὴρ
3252 2643 3344 2697 τοῦ
3370 2646 3587 2717 πατρός
3613 2663 3711 2716 μοι

2119 2734 2377 2806 εὐλόγησέ
2412 2752 2498 2805 με,
2542 2734 2845 2805 βασιλεύειν
2881 2738 2937 2789 ἐν
2978 2736 3221 2808 Ἰσραήλ·
3255 2737 3351 2789 καὶ
3397 2737 3593 2790 Ἰσαὰκ
3623 2739 3711 2789 εὖ-

2119 2826 2325 2896 λόγησέ
2368 2843 2431 2897 με
2462 2826 2680 2897 ὁμοίως.
2708 2828 2819 2881 Καὶ
2846 2826 2955 2897 ἐγὼ
2986 2824 3126 2893 οἶδα,
3159 2828 3239 2881 ὅτι
3262 2827 3319 2894 ἐξ
3341 2828 3483 2900 ἐμοῦ
3518 2830 3716 2899 stips—

2119 2935 2208 2972 ται
2229 2918 2290 2971 τὸ
2316 2918 2602 2989 βασίλειον.

2193 3008 2299 3061 IH'.
2332 3026 2350 3058 ι
2382 3008 2557 3076 Καίγε
2582 3008 2754 3077 ἔγνων
2784 3011 2841 3062 ἐν
2875 3008 3101 3080 βιϐλίοις
3141 3008 3311 3081 Ἑνὼχ
3353 3010 3453 3063 τοῦ
3476 3010 3716 3074 δικαίου,

2125 3101 2226 3153 ὅσα
2256 3100 2400 3153 κακὰ
2436 3102 2687 3171 ποιήσετε
2718 3104 2777 3159 ἐν
2813 3103 3070 3173 ἐσχάταις
3096 3102 3355 3174 ἡμέραις.
3398 3103 3719 3169 Φυλὰξασθε

2128 3189 2240 3256 οῦν,
2272 3192 2435 3245 τέκνα
2465 3211 2587 3263 μου,
2628 3193 2735 3246 ἀπὺ
2763 3194 2861 3265 τῆς
2893 3196 3149 3265 πορνείας
3176 3195 3270 3247 καὶ
3306 3194 3413 3263 τῆς
3442 3195 3719 3263 φιλαργυο

2132 3285 2283 3357 ρίας·
2332 3286 2597 3339 ἀκούσατε
2638 3284 2807 3339 Ἰούδα
2851 3285 2945 3337 τοῦ
2974 3285 3178 3357 πατρὸς
3204 3283 3381 3355 ὑμῶν,
3415 3284 3501 3337 ὅτι
3544 3285 3722 3337 ταῦτα

2131 3377 2335 3447 ἀφιστᾷ
2369 3376 2534 3447 νόμου
2561 3375 2716 3441 Θεοῦ,
2748 3377 2843 3428 καὶ
2864 3375 3053 3443 τυφλοῖ
3072 3376 3132 3428 τὸ
3154 3374 3458 3429 διαϐούλιον
3483 3375 3595 3443 τῆς
3621 3373 3723 3442 ψυ-

2132 3468 2254 3539 χῆς,
2299 3468 2393 3522 καὶ
2442 3467 2818 3539 ὑπερηφανίαν
2846 3467 3171 3531 ἐκδιδάσκει,
3216 3468 3312 3519 καὶ
3333 3467 3440 3518 οὐκ
3492 3466 3725 3536 ἀφίησιν

2132 3561 2301 3633 ἄνδρα
2333 3561 2555 3631 ἐλεῆσαι
2588 3560 2682 3613 τοῦ
2706 3560 2931 3631 πλησίον
2967 3558 3153 3621 αὑτοῦ,
3187 3559 3466 3629 στερίσκει
3493 3558 3599 3628 τὴν
3622 3558 3725 3626 φυ-

2133 3654 2234 3725 χὴν
2261 3653 2424 3707 αὑτοῦ
2449 3653 2555 3707 ἀπὸ
2588 3652 2768 3723 πάσης
2796 3651 3172 3721 ἀγαθωσύνης,
3196 3652 3289 3703 καὶ
3310 3652 3534 3719 συνέχει
3564 3651 3727 3703 αὐτὸν

2134 3749 2194 3800 ἐν
2231 3746 2448 3817 μόχθοις
2476 3746 2567 3798 καὶ
2594 3746 2793 3809 πόνοις,
2829 3745 2922 3797 καὶ
2953 3745 3162 3813 ἀφιστᾷ
3205 3742 3373 3795 ῦπνον
3400 3742 3601 3803 αὐτοῦ,
3628 3760 3728 3793 κα-

2135 3839 2417 3908 ταδαπανᾷ
2448 3837 2655 3908 σάρκας
2687 3835 2873 3900 αὐτοῦ,
2904 3834 2998 3887 καὶ
3028 3832 3215 3895 θυσίας
3246 3830 3385 3883 Θεοῦ
3416 3829 3725 3900 ἐμποδίζει,

2139 3932 2233 3983 καὶ
2262 3929 2509 3997 εὐλογίας
2522 3929 2581 3981 οὐ
2609 3928 2880 3999 μέμνηται
2909 3924 3040 3996 (97),
3062 3924 3155 3987 καὶ
3182 3922 3440 3993 προφήτῃ
3469 3920 3729 3972 λαλοῦντι

2143 4023 2248 4094 οὐχ
2272 4020 2558 4083 ὑπακούει,
2592 4020 2685 4072 καὶ
2719 4019 2860 4088 λόγῳ
2888 4015 3162 4078 εὐσεϐείας
3186 4013 3566 4085 προσοχθίζει.
3598 4015 3730 4067 Δυσὶ

2138 4116 2247 4188 γὰρ
2292 4116 2521 4168 πάθεσιν
2557 4112 2815 4175 ἐναντίοις
2841 4110 2951 4163 τῶν
2991 4108 3216 4163 ἐντολῶν
3270 4107 3364 4160 τοῦ
3415 4107 3557 4161 Θεοῦ
3612 4108 3731 4160 δου-

2145 4207 2337 4272 λεύων,
2364 4205 2484 4277 Θεῷ
2515 4203 2807 4258 ὑπακούειν
2834 4205 2894 4256 οὐ
2916 4202 3154 4263 δύναται,
3179 4202 3260 4253 ὅτι
3281 4198 3609 4267 ἐτύφλωσαν
3632 4198 3731 4268 τὴν

2147 4300 2326 4371 ψυχὴν
2353 4297 2537 4361 αὐτοῦ,
2567 4299 2658 4351 καὶ
2694 4298 2751 4350 ἐν
2778 4296 2980 4366 ἡμέρᾳ,
3009 4294 3085 4357 ὡς
3116 4294 3174 4345 ἐν
3204 4292 3381 4355 νυκτὶ,
3409 4288 3726 4362 πορεύεται.

2210 4392 2309 4445 1Θ’.
2335 4411 2352 4442 ι
2383 4389 2559 4443 Τέκνα
2584 4406 2705 4459 μου,
2724 4390 2757 4458 ή
2779 4386 3109 4457 φιλαργυρία
3135 4383 3272 4456 πρὸς
3299 4382 3496 4435 εἴδωλα
3523 4383 3731 4452 ὁδηγεῖ,

462 4488 606 4541 niam
634 4487 685 4540 in
708 4501 894 4541 errore
920 4502 1014 4555 per
1038 4499 1343 4557 argentum,
1369 4501 1463 4541 eos
1479 4487 1569 4556 qui
1603 4502 1711 4539 non
1731 4494 1877 4551 sunt,
1904 4486 2020 4540 deos

2163 4486 2222 4535 ru
2258 4483 2317 4533 ἐν
2348 4498 2387 4534 π
2423 4481 2523 4554 άνῃ
2551 4480 2619 4533 δι’
2639 4478 2899 4550 ἀργυρίου
2930 4478 3054 4539 τοὺς
3083 4475 3156 4546 μὴ
3180 4475 3337 4536 ὂντας
3354 4474 3517 4536 θεοὺς
3535 4474 3733 4544 ὀνομά-

462 4575 782 4641 nominant;
817 4584 871 4629 et
891 4574 1020 4629 facit
1048 4576 1337 4629 habentem
1373 4592 1492 4631 eam
1542 4577 1594 4629 in
1625 4577 1868 4629 exstasin
1903 4576 2020 4630 inci-

2163 4576 2433 4640 ζουσι-καὶ
2455 4576 2596 4626 ποιεῖ
2626 4572 2716 4625 τὸν
2734 4572 2924 4645 ἔχοντα
2956 4570 3123 4640 αὐτὴν
3156 4569 3234 4631 εἰς
3263 4567 3526 4618 ἔκστασιν
3564 4570 3732 4635 ἐμπεο

462 4666 616 4722 dere.
638 4665 865 4735 Propter
893 4678 1176 4737 argentum
1198 4667 1310 4738 (98)
1330 4683 1429 4736 ego
1449 4668 1657 4736 perdidi
1679 4668 1817 4723 ﬁlios
1850 4684 2000 4723 meos

2163 4668 2278 4718 rsiv.
2320 4664 2398 4717 Δι’
2428 4662 2689 4735 ἀργυρίου
2733 4661 2844 4731 ἐγὼ
2879 4658 3133 4714 ἀπώλεσα
3164 4657 3233 4711 τὰ
3261 4656 3431 4708 τέκνα
3477 4672 3587 4725 μου
3608 4696 3623 4719 ,
3646 4656 3735 4708 καὶ

465 4766 520 4810 et
548 4758 651 4813 nisi
684 4758 1003 4829 pmuitentia
1030 4757 1212 4812 carnis
1253 4773 1406 4823 meae,
1437 4767 1491 4812 et
1523 4758 1804 4813 humilitas
1843 4759 2020 4812 anima

2163 4758 2191 4808 :l
2214 4757 2288 4828 μὴ
2313 4757 2345 4825 ή
2373 4755 2627 4826 μετάνοια
2642 4754 2740 4824 τῆς
2764 4753 2965 4825 σαρκός
2989 4768 3110 4822 μου,
3128 4750 3221 4802 καὶ
3236 4752 3268 4820 ἠ
3285 4747 3627 4811 ταπείνωσις
3640 4747 3735 4816 τῆς

468 4865 604 4903 mea:
624 4860 677 4903 et
696 4850 976 4905 orationes
994 4848 1162 4903 Jacob
1179 4850 1349 4919 patris
1368 4850 1471 4903 mei
1492 4850 1901 4919 (obstitissent),
1921 4851 2020 4904 sine

2163 4851 2325 4921 μυχῆς
2370 4866 2495 4919 μου,
2538 4848 2632 4900 καὶ
2676 4849 2730 4899 αἱ
2775 4845 2931 4915 εὐχαὶ⁵
2974 4842 3165 4896 Ἰακὼϐ
3206 4840 3301 4895 τοῦ
3349 4841 3565 4911 πατρός
3617 4858 3732 4911 μου,

468 4940 654 4995 liberis
686 4956 943 4994 morerer.
992 4940 1097 4994 Sed
1132 4939 1273 4996 Deus
1296 4952 1507 5010 patrum
1534 4956 1803 5003 meorum,
1831 4941 2015 4995 miseri

2163 4942 2374 5004 ἱτεκνος
2412 4935 2556 5009 εἶχον
2600 4936 2908 4991 ἀποθανεῖν.
2944 4930 3139 4991 ’Ἀλλἰὂ
3163 4933 3293 4996 Θεὸς
3321 4932 3433 4984 τῶν
3482 4932 3734 5002 πατέρων

468 5047 592 5087 cors
604 5041 657 5085 et
672 5031 931 5096 clemens,
952 5033 1205 5103 cognovit
1220 5034 1366 5101 quod
1387 5033 1439 5085 in
1465 5034 1769 5102 ignorantia
1792 5032 1917 5087 feci.
1939 5032 2020 5086 Ex

2163 5048 2276 5102 μου,
2302 5032 2331 5083 ὁ
2355 5029 2653 5099 οἰκτίρμων
2673 5028 2766 5079 καὶ
2785 5025 3051 5096 ἐλεήμων,
3076 5022 3314 5089 συνέγνω
3334 5021 3417 5071 ὅτι
3453 5020 3515 5069 ἐν
3547 5019 3736 5087 ἀγνοίᾳ

469 5123 696 5179 cweavit
722 5124 866 5177 enim
892 5139 976 5177 me
998 5125 1250 5193 princeps
1271 5125 1494 5188 erroris,
1522 5134 1576 5178 et
1600 5125 1867 5199 ignoravi,
1903 5126 2018 5180 sicu

2163 5122 2401 5192 ιποίησα.
2438 5120 2743 5189 Ἐτύφλωσε
2768 5119 2877 5188 γάρ
2908 5134 2975 5187 με
2997 5117 3024 5169 6
3050 5116 3232 5186 ἅρχων
3254 5112 3355 5182 τῆς
3384 5110 3626 5180 πλάνης,
3652 5111 3737 5163 καὶ

472 5214 661 5279 homo,
692 5221 747 5267 et
778 5213 921 5267 sicut
956 5227 1106 5280 caro,
1144 5214 1199 5266 in
1231 5214 1471 5282 peccatis
1519 5224 1834 5284 corruptus.
1865 5212 1928 5267 Et
1956 5226 2020 5269 co

2163 5216 2420 5286 ήγνόησα,
2451 5214 2526 5277 ὼς
2556 5212 2859 5284 ἄνθρωπος,
2908 5210 3001 5262 καὶ
3023 5209 3097 5271 ὼς
3138 5206 3273 5277 σὰρξ
3305 5204 3441 5274 (99),
3474 5204 3535 5255 ἐν
3560 5204 3736 5273 ἀμαρ-

547 5351 657 5419 (94)
696 5354 764 5404 El
786 5350 855 5419 δὲ
884 5350 1038 5418 μηδὲ
1071 5350 1225 5419 ὅλως
1258 5351 1450 5419 πίητε.
1485 5350 1710 5419 corrige
1756 5364 1823 5403 ex
1869 5348 2044 5403 Oxon.

484 5414 607 5477 coll.
640 5414 770 5472 τίδὲ
799 5414 965 5487 λέγω.
992 5417 1112 5487 μηδ’
1139 5414 1274 5479 ὅλως
1303 5414 1503 5487 πίνετε.
1531 5414 1695 5487 (ἔτι,ιῄ

556 5491 667 5559 (95)
705 5489 765 5545 Si
813 5478 931 5542 vero
965 5478 1127 5559 u'eq'ue
1178 5478 1388 5559 oninino
1423 5484 1630 5538 bibetis.
1660 5480 1800 5547 Quid
1828 5496 1944 5534 vero
1977 5478 2061 5532 di-

487 5556 729 5615 caiufne
757 5560 967 5614 omnino
1001 5558 1213 5611 bibatis.
1247 5556 1319 5609 In.

562 5630 672 5697 (96)
703 5631 898 5699 Λόγον
942 5628 1139 5685 Ἰακὼό
1178 5627 1283 5680 τοῦ
1317 5626 1554 5694 πατρός.
1599 5620 1791 5676 Ἰακὼϐ
1830 5618 1921 5675 τὸν
1954 5638 2060 5673 πα-

489 5700 792 5841 τέῗζῖ)“ὃὺ
820 5782 1132 5842 μέμνηται.
1161 5764 1297 5823 Θεοῦ
1326 5766 1386 5822 οῦ
1418 5762 1763 5837 μνημονεύει.
1797 5761 1869 5818 In.

2222 5352 2335 5421 (98)
2368 5350 2593 5423 PrOpter
2630 5357 2927 5423 argentum.
2977 5346 3095 5423 Duo
3129 5343 3300 5423 verba
3334 5342 3441 5423 ista
3494 5342 3564 5395 ad
3609 5356 3736 5411 pra-

2151 5411 2426 5480 cedentem
2460 5411 2742 5489 periodum
2768 5428 2894 5473 sunt
2914 5416 3223 5489 referenda,
3256 5414 3303 5466 si
3333 5411 3597 5489 Graecum
3630 5423 3727 5462 ισιιο

2152 5504 2267 5553 tum
2288 5492 2442 5561 sequi
2460 5483 2729 5561 velimus,
2751 5490 2807 5542 in
2836 5488 3253 5561 cujusutroque
3270 5483 3605 5551 exemplari,
3636 5492 3730 5531 iam

2153 5565 2328 5619 Oxon.
2355 5554 2518 5631 quam
2544 5560 2775 5631 Cantab.
2805 5554 2929 5628 post
2948 5557 3015 5610 δι’
3038 5554 3312 5631 Δἀργυρίου
3338 5562 3733 5622 οειριιιιαωὶλί

2153 5635 2348 5689 melius
2374 5622 2527 5695 vero,
2554 5630 2710 5699 juxta
2749 5622 2887 5682 hanc
2906 5622 3235 5699 versionem.
3262 5622 3341 5677 In.

2230 5704 2341 5773 (99)
2361 5697 2876 5771 Σάρξξοωὶδδυω.
2906 5697 2981 5753 lu.
