3830 6216
116 336 153 392 Ἰ
165 334 270 390 081

1382 325 1916 388 τΕδΤΑΜΕΝΤυΜ
1945 330 2159 389 ΙΗΒΕ.

3244 344 3382 399 105?.

118 449 281 511 τεαις
316 444 560 517 φθαρείς.
583 430 695 499 Καὶ
723 444 968 514 ἐπέγνων
995 446 1095 518 τὴν
1118 445 1360 517 ἐμαυτοῦ
1410 446 1712 515 ἀσθένειαν,

1835 455 2150 524 gnoscebam
2192 452 2419 508 tandem
2480 455 2585 510 mei
2636 455 2809 527 ipsius
2860 457 3251 527 inﬁrmitatem,
3288 462 3380 531 qui

119 538 372 613 νομίζων
391 539 567 590 ἀκατα
576 537 813 608 μάχητος
842 534 999 591 εἶναι.

204 634 291 686 κν.
312 652 330 685 ‹
361 632 655 701 Ἐπίγνωτε
681 627 774 686 οῦν
795 632 963 706 (100),
993 634 1158 688 τέκνα
1191 651 1312 705 μου,
1335 633 1416 686 ὅτι
1437 633 1530 687 δύο
1557 632 1715 687 πνεύ-

125 741 286 806 ματα
315 722 630 794 σχολάζουσι
659 724 738 796 τῷ
775 724 1067 797 ἀνθρώπῳ,
1094 726 1155 778 τὸ
1183 727 1283 796 τῆς
1311 725 1586 795 ἀληθείας,
1617 724 1713 778 καὶ

116 819 193 870 ἰδ
222 817 327 887 τῆς
354 816 562 886 πλάνης
580 834 594 847 ·
632 817 726 869 καὶ
756 816 920 887 μέσον
951 819 1068 871 ἐστὶ
1092 818 1154 870 τὸ
1176 818 1274 889 τῆς
1296 818 1568 881 συνέσεως
1616 816 1713 870 τοῦ

104 906 273 977 γοδς,
303 900 363 959 οὗ
396 907 490 959 ἐάν
515 907 643 980 θέλῃ
669 907 865 961 κλῖναι.
890 908 1066 976 Καίγε
1095 908 1165 962 τὰ
1189 909 1289 979 τῆς
1314 907 1589 979 ἀληθείας,
1619 908 1714 960 καὶ

116 996 201 1048 τὰ
220 996 323 1066 τῆς
350 995 577 1066 πλάνης,
604 996 909 1068 γέγραπται
940 997 1033 1050 ἐπὶ
1057 998 1119 1050 τὸ
1148 998 1341 1069 στῆθος
1374 998 1469 1050 τοῦ
1502 996 1712 1071 ἀνθρώ-

118 1103 236 1139 που
254 1104 268 1117 ·
300 1087 391 1139 καὶ
416 1086 473 1140 ἒν
492 1086 720 1140 ἕκαστον
741 1087 921 1141 αὐτῶν
950 1090 1205 1161 γνωρίζει
1234 1090 1458 1161 Κύριος.
1484 1091 1594 1143 Καὶ
1615 1090 1714 1143 οὐκ

118 1178 248 1237 ἐστι
268 1179 479 1249 καιρὸς,
503 1181 561 1233 ἐν
578 1173 622 1246 ᾧ
642 1178 926 1251 δυνήσεται
948 1180 1127 1234 λαθεῖν
1140 1180 1236 1233 ἀνθ
1246 1180 1439 1252 ρώπων
1458 1181 1611 1252 ἔργα,
1633 1183 1715 1234 ὅτι

117 1270 192 1323 ἐν
231 1270 414 1341 στήθει
434 1270 635 1323 ὀστέων
665 1269 803 1323 αὐτὰ
826 1270 1203 1341 ἐγγέγραπται
1229 1269 1458 1324 ἐνώπιον
1489 1270 1711 1342 Κυρίου.

121 1363 245 1416 Καὶ
270 1362 333 1415 τὺ
374 1364 591 1435 πνεῦμα
618 1363 720 1433 τῆς
762 1362 1021 1434 ἀληθείας
1071 1365 1337 1433 μαρτυρεί
1386 1362 1585 1425 πάντα,
1621 1361 1716 1413 καὶ

120 1460 432 1528 κατηγορεί
468 1456 715 1520 πάντων,
748 1458 841 1510 καὶ
870 1455 1278 1527 ἐμπεπύρισται
1319 1456 1351 1515 ὁ¹
1392 1456 1715 1525 ἁμαρτήσας

121 1549 201 1601 ἐκ
225 1549 329 1618 τῆς
362 1547 496 1612 ἰδίας
521 1546 768 1620 καρδίας,
800 1546 893 1599 καὶ
924 1542 1054 1617 ἆραι
1078 1545 1374 1619 πρόσωπον
1403 1545 1463 1599 οὐ
1495 1544 1714 1599 δύναται

119 1637 273 1709 πρὸς
297 1638 386 1690 τὸν
416 1639 630 1709 κριτήν.
1698 1672 1703 1675 .

203 1729 336 1781 KA'.
370 1746 389 1780 ι
424 1729 534 1782 Καὶ
563 1728 678 1793 νῦν,
708 1727 875 1781 τέκνα
923 1744 1045 1798 μου,
1079 1726 1403 1798 ἀγαπήσατε
1431 1727 1524 1781 τὸν
1563 1725 1713 1790 Λευῗ,

1815 545 2213 599 existimassem
2243 561 2329 600 me
2356 545 2830 617 inexpugnabilem
2856 564 2999 604 esse.

1886 635 2008 691 XX.
2048 656 2066 688 ‹
2105 638 2435 709 Cognoscite
2465 639 2652 709 igitur,
2684 640 2780 694 ﬁlii
2811 642 2939 708 mei,
2969 641 3113 710 quod
3140 642 3248 696 duo
3274 642 3385 711 spi-

1821 728 1960 783 ritus
1990 739 2190 785 vacant
2216 730 2448 795 homini,
2485 732 2708 800 spiritus
2736 733 3013 797 veritatis,
3061 742 3114 788 et
3160 734 3386 804 spiritus

1820 821 2056 888 erroris;
2095 830 2150 875 et
2191 821 2407 876 medius
2437 831 2521 877 est
2564 823 2792 892 spiritus
2829 824 3135 879 intellectus
3165 824 3384 890 mentis,

1817 914 1977 984 cujus
2010 923 2115 982 est,
2146 930 2256 985 quo
2277 915 2395 969 vult
2423 913 2703 969 inclinare.
2726 914 2791 967 Et
2814 931 2934 985 quae
2964 924 3093 970 sunt
3118 916 3385 981 veritatis,

1818 1014 1871 1061 et
1895 1021 2017 1075 quae
2043 1016 2173 1061 sunt
2198 1006 2422 1073 erroris,
2447 1007 2644 1077 scripta
2672 1016 2799 1062 sunt
2814 1023 2978 1077 super
2998 1016 3186 1077 pectus
3206 1007 3389 1061 homi-

1817 1096 1906 1152 nis
1938 1096 2002 1162 ⁸³,
2035 1106 2091 1151 et-
2116 1098 2547 1168 unumquodque
2566 1114 2758 1152 eorum
2784 1100 3067 1169 cognoscit
3101 1099 3385 1153 Dominus.

1817 1187 1882 1243 Et
1906 1205 2013 1244 non
2039 1198 2123 1244 est
2146 1198 2378 1260 tempus,
2411 1191 2466 1246 in
2497 1207 2606 1261 quo
2626 1200 2882 1261 poterunt
2905 1192 3070 1246 latere
3102 1192 3389 1246 hominum

1819 1297 2009 1350 opera;
2038 1283 2294 1350 quoniam
2328 1298 2392 1337 ea
2423 1283 2476 1337 in
2504 1293 2722 1352 pectore
2740 1284 2946 1339 ossium
2973 1285 3231 1353 inscripta
3259 1291 3389 1339 sunt

1823 1388 2007 1426 coram
2054 1372 2308 1429 Domino.
2345 1374 2412 1428 Et
2462 1375 2689 1444 Spiritus
2734 1375 2977 1431 veritatis
3012 1376 3392 1431 testimonium

1818 1467 2069 1535 perhibet
2089 1467 2157 1521 de
2192 1468 2468 1535 omnibus,
2497 1479 2550 1522 et
2579 1478 2804 1522 accusat
2831 1468 3045 1530 omnia;
3076 1477 3125 1522 et
3157 1467 3391 1525 adustus

1819 1571 1904 1615 est
1956 1560 2050 1630 qui
2104 1566 2295 1629 peccat
2337 1575 2404 1613 ex
2434 1559 2657 1630 pr0prio
2686 1558 2872 1623 corde,
2901 1567 2955 1613 et
2987 1559 3167 1613 levare
3194 1558 3390 1613 faciem

1818 1669 1925 1708 non
1964 1660 2139 1721 potest
2160 1652 2227 1706 ad
2259 1652 2517 1721 judicem.
2882 1688 2887 1691 -

1890 1744 2032 1800 XXI.
2059 1764 2078 1796 ι
2098 1744 2164 1799 Et
2190 1760 2357 1809 nunc,
2387 1744 2484 1799 ﬁlii
2517 1745 2645 1810 mei,
2679 1743 2887 1815 diligite
2912 1742 3062 1807 Levi,
3097 1750 3157 1796 ut
3178 1757 3393 1811 perma-

118 1823 219 1875 ἵνα
251 1822 591 1892 διαμείνητε·
627 1823 721 1875 καὶ
755 1822 828 1893 μὴ
854 1818 1146 1891 ἐπαίρεσθε
1189 1822 1277 1872 ἐπ’
1299 1820 1494 1884 αὑτὸν,
1523 1819 1611 1873 ἵνα
1641 1820 1714 1890 μὴ

1835 1839 2034 1903 neatis;
2067 1846 2122 1892 et
2151 1852 2260 1892 non
2285 1836 2585 1891 eﬁeramini
2610 1852 2775 1905 super
2802 1836 2980 1904 ipsum
3007 1876 3021 1901 ,
3056 1843 3115 1888 ut
3140 1848 3255 1888 non
3275 1833 3393 1887 dis-

116 1912 572 1984 ὲξολοθρευθῆτε.
630 1913 784 1985 Ἐμοὶ
813 1913 922 1985 γὰρ
970 1914 1138 1967 ἔδωκε
1180 1911 1385 1983 Κύριος
1428 1911 1526 1981 τὴν
1566 1909 1721 1980 βασι-

121 2008 305 2069 λείαν,
346 1987 584 2075 κάκείνῳ
606 2006 705 2075 τὴν
747 2006 1050 2075 ἱερατείαν,
1082 2004 1178 2057 καὶ
1220 1999 1455 2065 ὑπέταξε
1484 2001 1583 2072 τὴν
1619 1998 1718 2068 βα-

121 2097 341 2151 σιλείαν
372 2099 437 2168 τῇ
474 2097 761 2170 ἱερωσύνῃ.
809 2098 963 2168 Ἐμοὶ
1004 2097 1174 2149 ἔδωκε
1218 2094 1288 2147 τὰ
1316 2093 1408 2146 ἐπὶ
1443 2092 1543 2163 τῆς
1586 2092 1718 2161 γῆς,

118 2188 374 2259 κάκείνῳ
400 2188 471 2241 τὰ
510 2189 569 2240 ἐν
606 2190 877 2260 οὐρανοῖς.
931 2190 1019 2253 Ὡς
1058 2188 1318 2259 ὑπερέχει
1364 2184 1592 2255 οὐρανὸς
1620 2182 1722 2252 τῆς

118 2281 259 2350 γῆς,
293 2280 462 2344 οὕτως
484 2281 741 2352 ὑπερέχει
758 2280 893 2334 Θεοῦ
928 2280 1168 2352 ίερατεία
1189 2278 1290 2347 τῆς
1322 2278 1414 2331 ἐπὶ
1440 2276 1543 2345 γῆς
1570 2273 1743 2344 βασι-1

116 2372 284 2433 λείας
310 2370 402 2441 (1).
436 2372 546 2424 Καὶ
570 2370 677 2442 γάρ
704 2372 864 2424 αὑτὸν
914 2370 1055 2443 ὑπὲρ
1099 2370 1159 2422 σέ
1208 2366 1489 2434 ἐξελέξατο
1517 2363 1721 2435 Κύριος

118 2459 373 2530 ἐγγίζειν
420 2461 587 2533 αὐτῷ,
642 2464 737 2516 καὶ
787 2461 986 2515 ἐσθίειν
1052 2459 1331 2531 τράπεζαν
1372 2456 1572 2522 αὑτοῦ,
1627 2454 1723 2508 καὶ¹

120 2551 391 2622 ἀπαρχὰς
418 2552 849 2623 ἐντρυφημάτων
878 2550 1009 2604 υἱῶν
1057 2546 1300 2620 Ἰσραήλ·
1346 2546 1442 2597 καὶ
1478 2543 1577 2615 ἔσῃ
1627 2542 1725 2602 αύ-

118 2645 247 2704 τοῖς
280 2642 354 2713 (2)
383 2643 458 2708 ὡς
493 2645 527 2714 ἡ
575 2642 840 2696 θάλασσα.
884 2643 1093 2713 Ὥσπερ
1126 2638 1235 2709 γάρ
1267 2641 1323 2690 ἐν
1357 2637 1492 2705 αὐτῇ
1525 2634 1722 2686 δίκαιοι

120 2735 229 2789 καὶ
269 2734 444 2788 ἄδικοι
482 2734 853 2805 χειμάζονται,
885 2735 937 2785 οἱ
968 2734 1067 2804 μὲν
1105 2726 1650 2801 αἰχμαλωτιζόμενοι,
1673 2724 1722 2776 οί

118 2825 193 2880 δὲ
237 2825 620 2889 πλουτοῦντεςο
659 2825 830 2888 οὕτως
861 2826 956 2878 καὶ
979 2826 1036 2876 ἐν
1068 2824 1150 2874 σοὶ
1181 2822 1290 2873 πᾶν
1330 2819 1487 2887 γένος
1515 2814 1727 2886 ἀνθρὼ-

130 2936 285 2983 πων,
332 2920 381 2971 οἱ
426 2919 523 2989 μὲν
566 2917 966 2971 κινδυνεύουσιν
1007 2910 1556 2985 αἰχμαλωτιζόμενοι,
1586 2909 1636 2961 οἱ
1669 2906 1727 2958 δὲ

122 3010 459 3066 πλουτοῦσιν
484 3007 844 3081 ἁρπάζοντες.
874 3009 994 3063 ’Ότι
1019 3007 1068 3060 οἱ
1093 3002 1475 3075 βασιλεύοντες
1492 2999 1726 3061 ἔσονται,

121 3108 213 3170 ὡς
242 3108 403 3177 κήτη,
432 3104 822 3165 καταπίνοντες
847 3098 1190 3171 ἀνθρώπους,
1214 3096 1289 3159 ὡς
1321 3094 1537 3164 ἰχθύας·
1569 3091 1730 3159 θυγα-

121 3200 302 3271 τέρας
321 3198 413 3251 ttat
437 3198 587 3260 υἱοὺς
612 3193 927 3265 ἐλευθέρους
959 3187 1457 3243 καταδουλώσουσιν
1475 3202 1488 3214 ο
1522 3183 1723 3247 οἴκους,

123 3293 363 3363 ἀγροὺς,
396 3291 648 3360 ποίμνια,
699 3289 957 3359 χρήματα
994 3283 1334 3354 ἀρπάσουσι·
1383 3281 1480 3333 καὶ
1519 3277 1728 3331 πολλῶν

128 3384 349 3454 σάρκας
392 3381 591 3442 ἀδίκως
638 3379 873 3450 κόρακες
916 3375 1010 3429 καὶ
1054 3373 1188 3436 ἴϐεις
1244 3372 1590 3443 χορτάσουσι,
1635 3368 1730 3422 καὶ⁸

128 3475 507 3546 προκόψουσιν
546 3473 641 3525 ἐπὶ
672 3472 733 3524 τὸ
772 3470 942 3523 κακὸν
981 3469 1039 3520 ἐν
1083 3465 1367 3535 πλεονεξίᾳ
1413 3463 1726 3533 ὑψούμενοι.

128 3568 251 3620 Καὶ
278 3565 490 3619 ἔσονται
524 3565 600 3628 ὡς
629 3561 940 3631 καταιγίδες
968 3557 1440 3630 ψευδοπροφῆται,
1472 3556 1565 3608 καὶ
1595 3554 1731 3615 πάν-

124 3676 239 3722 τας
266 3658 507 3720 δικαίους
527 3655 825 3720 διώξονται.

212 3751 341 3805 KB'.
389 3770 408 3803 ‹
452 3748 675 3815 Ἐπάξει
704 3748 761 3801 δὲ
795 3747 978 3811 αὐτοῖς
1030 3746 1236 3817 Κύριος
1268 3742 1561 3814 διαιρέσεις
1610 3741 1731 3794 κατ’

98 3847 407 3918 -ἀλλήλων,
452 3848 547 3899 καὶ
590 3844 817 3915 πόλεμοι
853 3843 1094 3912 συνεχεῖς
1129 3839 1341 3892 ἔσονται
1373 3840 1430 3891 ἐν
1478 3837 1729 3908 Ἰσραὴλ,

96 3980 101 3983 ν
130 3942 237 3994 καὶ
270 3940 327 3991 ἐν
355 3936 672 4007 ἀλλοφύλοις
710 3931 1190 4002 συντελεσθήσεται
1229 3932 1263 4001 ή
1307 3927 1552 3998 βασιλεία
1589 3945 1690 3998 μου
1716 3967 1730 3991 ,

132 4032 247 4095 ἕως
279 4030 372 4083 τοῦ
408 4029 580 4082 ἐλθεῖν
606 4029 668 4081 τὸ
694 4027 958 4096 σωτήριον
991 4022 1069 4094 τῷ
1115 4020 1358 4093 Ἰσραὴλ,
1388 4021 1497 4083 ἕως
1532 4037 1734 4090 παρου-

100 4162 103 4163 ν
136 4121 267 4183 σίας
300 4119 392 4172 τοῦ
434 4117 569 4171 Θεοῦ
587 4116 688 4186 τῆς
715 4111 1086 4182 δικαιοσύνης,
1107 4110 1201 4163 τοῦ
1220 4108 1491 4182 ὴσυχάσαι
1509 4107 1597 4160 τὸν
1630 4107 1735 4163 ’Ia—

1826 1930 2087 2000 pereatis.
2120 1928 2253 1982 Mihi
2291 1929 2437 1983 enim
2469 1929 2615 1983 dedit
2644 1927 2911 1983 Dominus
2955 1942 3206 1995 regnum,
3231 1934 3285 1978 et
3317 1924 3395 1981 illi

1822 2021 2214 2087 sacerdotium,
2255 2030 2309 2075 et
2350 2020 2581 2089 subjecit
2610 2035 2838 2091 regnum
2882 2019 3209 2075 sacerdotio.
3263 2016 3397 2070 Mihi

1821 2113 1970 2168 dedit
1999 2129 2119 2182 qua:
2148 2114 2200 2167 in
2233 2125 2411 2181 terra;
2450 2113 2525 2166 illi
2559 2128 2709 2177 vero,
2740 2128 2862 2181 quae
2891 2123 3018 2167 sunt
3046 2114 3098 2166 in
3131 2112 3306 2167 caelis.
3326 2110 3397 2167 Ut

1823 2205 2193 2274 supereminet
2219 2205 2417 2259 coelum
2440 2212 2621 2268 terrae,
2659 2205 2732 2258 ita
2759 2206 3131 2274 supereminet
3160 2204 3255 2258 Dei
3309 2219 3398 2258 sa»—

1823 2297 2125 2352 cerdotium
2157 2312 2326 2367 regno
2360 2298 2505 2366 quod
2548 2305 2631 2350 est
2679 2296 2733 2349 in
2763 2306 2929 2352 terra.
2968 2297 3180 2351 Etenim
3212 2298 3395 2366 ipsum

1819 2406 1983 2459 supra
2012 2400 2063 2444 te
2086 2391 2247 2461 elegit
2268 2391 2532 2448 Dominus
2557 2392 2994 2464 appropinquare
3016 2391 3139 2460 ipsi,
3164 2397 3218 2445 et
3248 2404 3397 2444 com-

1818 2484 1978 2538 edere
2016 2499 2259 2538 mensam
2300 2486 2505 2555 ipsius,
2545 2496 2599 2541 et
2650 2485 2917 2556 primitias
2973 2483 3290 2538 deliciarum
3333 2481 3398 2536 ﬁ-

1824 2575 2027 2629 liorum
2057 2572 2224 2629 Israel
2267 2592 2281 2628 :
2321 2583 2373 2628 et
2402 2574 2512 2628 eris
2532 2574 2612 2628 eis
2644 2584 2703 2626 ut
2728 2587 2897 2625 mare.
2925 2569 3397 2636 Quemadmodum

1825 2666 1971 2721 enim
2001 2667 2054 2719 in
2084 2666 2221 2719 mari
2248 2664 2382 2735 justi
2412 2672 2466 2718 et
2521 2662 2711 2732 injusti
2764 2662 3030 2723 hiemant,
3081 2660 3135 2713 hi
3179 2659 3400 2728 quidem

1827 2758 2024 2827 captivi
2065 2754 2214 2819 facti,
2245 2757 2300 2810 bi
2332 2770 2461 2809 vero
2481 2755 2671 2809 dilati:
2700 2754 2771 2807 ita
2806 2761 2859 2807 et
2880 2752 2932 2806 in
2965 2759 3018 2804 te
3047 2766 3207 2805 omne
3230 2764 3403 2820 genus

1829 2850 2138 2914 hominum,
2176 2848 2230 2901 hi
2275 2847 2492 2916 quidem
2526 2846 2900 2916 periclitantur
2947 2844 3001 2897 in
3033 2842 3403 2912 captivitatem

1830 2943 1960 3009 acti,
1992 2942 2048 2995 hi
2075 2955 2206 2995 vero
2257 2941 2507 2994 ditantur
2558 2938 2856 3005 rapientes.
2890 2935 3159 3001 Quoniam
3190 2933 3285 3003 qui
3313 2948 3403 2988 re-

1834 3046 2002 3105 gnant
2034 3042 2195 3087 erunt
2226 3035 2369 3088 sicut
2397 3040 2535 3095 cete,
2570 3031 2933 3101 deglutientes
2962 3029 3215 3083 homines
3255 3027 3407 3082 velut

1755 3145 1798 3204 ρ
1833 3124 2197 3194 pisceszﬁlias
2212 3133 2267 3177 et
2295 3123 2438 3177 ﬁlios
2466 3123 2665 3177 liberos
2702 3122 2757 3175 in
2783 3121 3097 3176 servitutem
3126 3118 3402 3188 redigent;

1833 3216 2050 3283 domos,
2078 3230 2262 3284 agros,
2293 3230 2506 3285 greges,
2555 3214 2817 3283 pecunias
2844 3213 3091 3281 rapient;
3125 3220 3180 3264 et
3207 3209 3407 3264 multo-

1831 3326 1953 3365 rum
1988 3308 2246 3365 carnibus
2290 3307 2492 3375 injuste
2538 3320 2733 3359 corvos
2777 3312 2831 3358 et
2864 3303 3030 3357 ibices
3060 3302 3403 3363 saturabunt,

1832 3412 1888 3457 et
1936 3402 2224 3472 proﬁcient
2272 3399 2326 3452 in
2371 3398 2579 3452 malum
2639 3398 2695 3450 in
2749 3394 2977 3450 avaritia
3038 3393 3281 3447 exaltati.
3340 3390 3407 3444 Et

1832 3502 1993 3551 erunt
2018 3501 2079 3546 ut
2107 3491 2361 3561 procella;
2387 3487 2895 3560 pseudoprophctae.
2920 3485 3189 3545 etTomnes
3225 3484 3408 3554 justos

1834 3592 2250 3656 persequentur.

1908 3742 2074 3798 XXII.
2122 3760 2141 3792 ι
2176 3741 2400 3794 lnducet
2454 3744 2636 3792 autem
2676 3734 2756 3789 eis
2807 3732 3070 3788 Dominus
3110 3730 3409 3795 divisiones

1836 3840 1978 3893 inter
2024 3852 2103 3903 se,
2155 3843 2209 3889 et
2251 3832 2393 3888 bella
2426 3830 2690 3883 continua,
2716 3836 2878 3881 erunt
2928 3827 2981 3879 in
3031 3824 3219 3887 Israel,
3262 3833 3315 3877 et
3352 3823 3408 3875 in

1835 3929 2154 3999 alienigenis
2192 3922 2663 3981 consummabitur
2710 3934 2935 3989 regnum
2972 3933 3151 3971 meum
3174 3917 3411 3980 ,.donec

1836 4023 2018 4077 veniet
2047 4015 2501 4079 salutarelsrael,
2536 4030 2708 4083 usque
2736 4014 2804 4066 ad
2835 4012 3129 4066 adventum
3169 4010 3263 4065 Dei
3311 4009 3410 4079 ju-

1831 4111 2357 4181 stitiae,utquiescat
2400 4106 2570 4163 Jacob
2616 4106 2669 4159 in
2702 4120 2855 4175 pace,
2893 4113 2947 4158 et
2977 4118 3168 4157 omnes
3199 4110 3406 4173 gentes.

92 4242 97 4245 »
134 4210 261 4267 κὼὸ
298 4213 354 4263 ἐν
374 4211 588 4281 εἰρήνῃ,
606 4209 701 4261 καὶ
732 4207 909 4259 πάντα
936 4202 1167 4273 τάἐθνη.
1190 4198 1301 4255 Καὶ
1317 4198 1477 4263 αὐτὸς
1512 4195 1709 4266 φυλάξε

1836 4206 1906 4261 Et
1951 4206 2067 4275 ipse
2098 4202 2371 4258 custodiet
2418 4206 2745 4269 potestatem
2799 4195 2948 4266 regni
2982 4194 3089 4249 mei
3131 4208 3304 4261 usque
3353 4193 3409 4246 in

136 4306 345 4376 κράτος
380 4300 657 4372 βασιλείας
707 4316 805 4369 μου
839 4298 943 4360 ἕως
988 4294 1081 4349 τοῦ
1126 4291 1341 4354 αἰῶνος.
1397 4292 1582 4361 Ὅρκῳ
1628 4287 1717 4356 γάε

1840 4298 2124 4353 saeculum.
2159 4294 2478 4348 Juramento
2506 4292 2651 4344 enim
2694 4289 2902 4359 juravit
2938 4286 3072 4340 mihi
3121 4285 3409 4349 Dominus,

131 4395 327 4467 ὤμοσέ
350 4411 439 4464 μοι
458 4392 683 4463 Κύριος,
707 4390 781 4460 μὴ
804 4386 1074 4456 ἐκλείψειν
1088 4386 1148 4438 τὸ
1166 4382 1429 4455 βασίλειόν
1449 4399 1546 4453 μου
1564 4382 1626 4432 ἐκ
1639 4378 1717 4431 τοῐ

1842 4406 1946 4443 non
1976 4386 2316 4441 defecturum
2355 4396 2582 4453 regnum
2614 4395 2797 4434 meum
2823 4393 2853 4433 e
2880 4377 3089 4432 semine
3117 4390 3260 4440 meo,
3288 4388 3411 4427 om-

136 4483 461 4555 σπὲρματὸς
500 4498 622 4551 μου,
661 4480 841 4542 πάσας
875 4476 971 4540 τὰς
1006 4475 1244 4546 ἡμέρας,
1274 4473 1379 4536 ἓως
1400 4470 1494 4523 τοῦ
1515 4469 1717 4532 αἰῶνος

1838 4480 2003 4534 nibus
2034 4477 2245 4537 diebus,
2279 4489 2451 4542 usque
2478 4473 2533 4524 in
2568 4470 2850 4525 saeculum.

215 4578 340 4631 Kl".
390 4595 408 4627 ι
438 4573 689 4644 Πολλὴδέ
720 4570 864 4642 λύπη
902 4570 991 4641 μοί
1025 4571 1160 4631 ἐστι,
1186 4566 1351 4618 τέκνα
1380 4581 1502 4635 μου,
1523 4561 1611 4615 διὰ
1632 4562 1717 4625 τάς

1909 4569 2100 4629 XXIII.
2148 4589 2167 4621 ι
2201 4567 2366 4621 Multa
2397 4573 2577 4619 autem
2609 4564 2831 4618 tristitia
2860 4559 2995 4615 mihi
3021 4569 3122 4622 est,
3152 4558 3246 4611 ﬁlii
3279 4556 3408 4622 mei,

133 4670 427 4738 ἀσελγείας
453 4670 547 4723 καὶ
572 4665 848 4737 γοητείας,
876 4662 970 4715 καὶ
1004 4659 1477 4731 εἰδωλολατρείας,
1495 4657 1559 4720 ἂς
1582 4655 1733 4725 ποιή-

136 4776 269 4814 σετε
299 4761 379 4823 εἰς
412 4760 474 4812 τὸ
500 4750 1260 4829 βασίλειον,ἐγγαστριμύθοις
1288 4746 1729 4809 ἀκολουθοῦντες,

135 4854 366 4927 κληδόσι
412 4852 523 4924 (5),
576 4852 671 4905 καὶ
718 4852 937 4921 δαίμοσι
987 4846 1217 4916 πλάνης.
1273 4844 1383 4906 Τὰς
1426 4841 1732 4913 θυγατέρας

90 4982 94 4985 Α
136 4946 300 5019 ὑμῶν
341 4943 604 5015 μουσικὰς
639 4943 732 4995 καὶ
763 4940 1029 5012 δημοσίας
1066 4940 1353 5009 ποιήσετε,
1407 4935 1503 4987 καὶ
1546 4936 1731 5004 ἐπιμι-

94 5088 101 5091 .
132 5035 379 5109 γήσεσθε
413 5037 470 5087 ἐν
506 5033 869 5104 βδελύγμασιν
902 5031 1103 5085 ἐθνῶν·
1132 5028 1247 5083 ἀνθ’
1280 5019 1354 5080 ὧν
1378 5025 1496 5090 ἄξει
1528 5025 1731 5096 Κύριος

92 5168 101 5173 -
135 5127 227 5197 ἐφ’
265 5127 406 5195 ὑμᾶς
439 5125 628 5197 λιμὸν,
666 5124 891 5178 θάνατον
925 5123 1019 5176 καὶ¹
1056 5118 1364 5192 ῥομφαίαν,
1413 5115 1732 5170 ὲκδικοῦσαν

135 5218 484 5290 πολιορκίαν,
520 5220 615 5271 καὶ
646 5217 813 5281 κύνας
853 5217 931 5279 εἰς
964 5212 1341 5283 διασπασμὸν,
1396 5208 1606 5280 ἐχθρῶν
1639 5208 1733 5261 καὶ

136 5310 316 5382 φίλων
358 5310 729 5380 ὀνειδισμοὺς,
778 5306 1053 5361 ἀπώλειαν
1100 5303 1196 5357 καὶ
1243 5302 1319 5374 (ι)
1367 5300 1733 5371 σφακελισμὸν

222 5401 270 5433 ¹³
300 5400 460 5455 Rom.
498 5417 556 5468 ll,
591 5402 678 5465 14,
718 5401 803 5455 15.

216 5493 367 5564 (100)
419 5495 730 5563 Ἐπίγνωτε
752 5491 884 5547 οὖν.
916 5489 1134 5545 Omissa
1161 5488 1371 5557 integra
1407 5486 1522 5540 haec
1550 5486 1732 5556 perio-

142 5563 686 5706 dufililnBamlelac.
732 5633 1052 5706 Βασιλείας,
1085 5630 1201 5706 ἐάνΔ
1230 5630 1303 5706 μὴ
1358 5627 1441 5706 δι’·
1460 5625 1742 5706 ἁμαρτίας

142 5697 363 5777 ἐκπέσῃ
410 5697 767 5775 Κυρίουξκαὶ
802 5704 1062 5775 κυριευθῇ
1111 5697 1530 5767 ῠπδέπιγείας,
1586 5697 1735 5752 addit

145 5776 323 5837 codex
355 5774 535 5835 Oxon,

1840 4674 2065 4735 propter
2101 4662 2492 4733 impudicitias,
2520 4668 2573 4715 et
2617 4656 2920 4724 sortilegia,
2966 4660 3020 4707 et
3052 4651 3409 4715 idololatrias,

1836 4773 1975 4828 quas
2027 4756 2244 4811 facietis
2280 4756 2335 4809 in
2369 4766 2594 4823 regnum
2619 4793 2635 4818 ,
2663 4748 3040 4816 ventriloquos
3085 4752 3407 4815 sequentes,

1836 4848 2204 4904 divinationes
2255 4857 2310 4901 et
2361 4846 2644 4900 daemonas
2698 4841 2924 4895 erroris.
2990 4837 3153 4891 Filias
3201 4844 3411 4890 vestras

1837 4942 2169 4998 cantatrices
2216 4949 2271 4995 et
2319 4938 2569 5009 publicas
2603 4934 2834 4997 facietis,
2867 4941 2920 4986 et
2969 4928 3412 4985 immiscebimini

1838 5034 2349 5091 abominationibus
2374 5031 2650 5102 gentium;
2695 5042 2794 5097 pro
2819 5025 3020 5096 quibus
3041 5023 3202 5078 ducet
3229 5020 3412 5075 Domi-

1836 5143 1944 5183 nus
1976 5142 2139 5197 super
2165 5141 2264 5180 vos
2301 5123 2501 5177 famem
2548 5129 2603 5175 et
2643 5117 3031 5188 pestilentiam,
3079 5122 3312 5168 mortem
3357 5117 3415 5165 et

1840 5222 2104 5293 gladium,
2138 5219 2498 5273 ulciscentem
2531 5212 2895 5274 obsidionem,
2932 5217 2987 5263 et
3015 5222 3179 5263 canes
3222 5206 3278 5258 in
3321 5203 3403 5257 di-

1839 5312 2217 5379 laniationem,
2271 5309 2620 5363 inimicorum
2665 5313 2719 5359 et
2761 5303 3066 5358 amicorum
3097 5294 3407 5368 opprobria,

1891 5471 1985 5561 ,(2)
2013 5470 2132 5561 ἔαὶ
2149 5470 2263 5539 ἐστι
2291 5467 2511 5535 αὐτοῖς.
2542 5468 2681 5524 Add.
2707 5466 2770 5519 σὺ
2799 5464 2855 5518 δὲ
2883 5462 2983 5536 ἔσῃ
3009 5458 3256 5533 βασιλεὺς
3305 5456 3409 5510 Ἰα-

1836 5546 1984 5685 mi?)
2012 5541 2840 5685 Qggghovdoﬁrtstqydo'qc.
2880 5597 3405 5671 Ἐξακολουθοῦντες,

1837 5679 2040 5744 omissa
2066 5682 2313 5751 sequenti
2348 5696 2476 5734 voce
2506 5679 2746 5751 κληδόσι.
2772 5679 2845 5751 lo.

1909 5736 2346 5827 ὧῂῘίάὶΙκύνας
2374 5753 2459 5818 εἰς
2492 5736 2895 5817 διοίὸπισμὸν,
2932 5741 3159 5815 ἐχθρῶν
3192 5736 3287 5795 καὶ
3314 5737 3409 5813 φί-
