3830 6216
422 308 561 366 1083

1462 279 1930 343 TESTAMENTA
1963 276 2057 333 Xll
2093 267 2709 331 PATBIAR-CHARUM.

419 420 787 485 Perditionem
818 423 873 472 et
916 413 1093 469 tabem
1124 408 1412 465 oculorum
1440 443 1457 470 ,
1502 414 1800 473 puerorum
1849 395 1998 452 occi-

2178 390 2405 462 ιθαλμῶν
2426 429 2440 450 ,
2469 386 2678 457 νηπίων
2712 382 2989 456 ἀναίρεσιν
3009 423 3023 447 ,
3062 384 3154 436 καὶ
3188 380 3428 453 συμϐίων
3467 379 3715 449 ἀφαίρε-

424 518 661 579 sionem,
695 520 750 567 et
774 524 1010 565 uxorum
1058 502 1411 565 ablationcm,
1449 495 1863 567 possessionum
1912 505 2004 544 ra-

424 610 642 680 pinam,
691 612 852 659 terra:
878 598 1292 661 desolationem,
1321 589 1509 659 templi
1542 587 1637 641 Dei
1670 584 2004 648 incendium,

426 675 597 756 vestri
646 698 892 768 ipsorum
941 690 1258 747 servitutem
1291 686 1342 739 in
1376 682 1663 755 gentibus;
1714 675 2009 732 etexscin-

425 794 611 849 dente
637 790 795 845 vobis
822 784 1110 842 eunuchos
1143 779 1410 834 uxoribus
1438 775 1555 831 suis
1574 814 1591 838 ,
1620 774 1794 828 donec
1826 782 2009 823 rever-

425 884 620 941 tamini
657 883 725 937 ad
760 879 1055 935 Dominum
1086 876 1143 930 in
1171 873 1387 942 integro
1412 868 1573 940 corde
1594 908 1608 932 ,
1646 863 2008 935 pmnitentes,

427 983 484 1029 et
514 973 863 1029 ambulantes
898 970 953 1023 in
988 966 1246 1021 omnibus
1275 958 1554 1016 mandatis
1592 956 1708 1021 Dei,
1749 964 1802 1009 et
1833 952 2013 1007 visitet

428 1079 529 1120 vos
560 1062 827 1116 Dominus
857 1059 911 1113 in
944 1053 1344 1118 misericordia,
1375 1059 1430 1106 et
1457 1049 1687 1104 reducat
1722 1062 1754 1100 a
1784 1042 2013 1113 captivi-

430 1164 539 1211 tate
576 1155 922 1208 inimicorum
959 1160 1291 1204 vestrorum.

503 1245 695 1300 XXlV.
744 1264 762 1297 ι
792 1244 857 1299 Et
905 1254 1030 1313 post
1075 1242 1190 1295 haec
1234 1240 1445 1293 orietur
1495 1234 1651 1289 vobis
1696 1240 1904 1288 astrum
1946 1244 2013 1282 ex

428 1338 600 1395 Jacob
628 1339 680 1391 in
712 1352 845 1407 pace
871 1377 885 1401 ,
932 1345 986 1390 et
1028 1342 1290 1402 exsurget
1318 1332 1485 1385 homo
1530 1345 1594 1381 ex
1625 1324 1831 1380 semine
1867 1340 2011 1385 meo,

432 1441 493 1484 ut
532 1426 893 1497 soljustitize,
941 1423 1231 1477 ambulans
1271 1435 1395 1475 cum
1447 1418 1573 1472 liliis
1621 1414 1905 1470 hominum
1960 1413 2015 1467 in

430 1520 854 1577 mansuetudine
886 1527 939 1572 et
966 1517 1177 1587 justitia
1200 1556 1214 1581 ,
1249 1525 1301 1569 et
1331 1514 1630 1584 quidquam
1664 1508 1873 1581 peccati
1907 1522 2016 1561 non

430 1614 739 1668 invenietur
780 1626 837 1665 in
864 1624 951 1664 eo.
986 1608 1052 1662 Et
1081 1606 1396 1677 aperientur
1438 1619 1601 1673 super
1645 1603 1826 1673 ipsum
1855 1598 1977 1655 eaali
2000 1636 2019 1666 ,

431 1705 499 1760 ad
553 1701 941 1759 ellundendum
996 1700 1303 1769 Spiritum,
1353 1694 1787 1751 benedictionem
1841 1690 2021 1747 Patris

433 1795 609 1851 sancti
639 1812 653 1848 :
679 1802 733 1848 et
765 1793 879 1862 ipse
906 1790 1149 1846 ell‘undet
1180 1790 1435 1859 spiritum
1471 1787 1657 1857 gratiae
1690 1800 1852 1855 super
1881 1799 2014 1849 vos,

431 1897 487 1942 et
513 1888 666 1941 eritis
696 1886 746 1941 ei
782 1884 875 1938 lilii
904 1884 958 1938 in
986 1883 1217 1937 veritate
1240 1922 1255 1947 ,
1303 1893 1358 1935 et
1403 1879 1757 1934 ambulabitis
1788 1878 1845 1931 in
1876 1892 2017 1945 prae-

434 1980 611 2048 ceptis
640 1979 786 2033 illius
814 1976 1008 2047 primis
1035 1984 1088 2029 et
1118 1974 1347 2028 ultimis.
1397 1971 1497 2025 llic
1534 1981 1618 2025 est
1666 1985 1885 2040 germen
1923 1967 2019 2023 Dei

432 2069 707 2126 Altissimi
734 2111 747 2134 ,
798 2078 852 2123 et
898 2069 989 2122 bic
1024 2076 1111 2122 est
1148 2066 1273 2119 lons
1304 2066 1358 2119 in
1387 2065 1555 2118 vitam
1603 2063 1784 2117 omnis
1813 2061 2017 2116 carnis.

435 2162 591 2217 Tunc
624 2161 919 2231 refulgebit
957 2168 1235 2227 sceptrum
1285 2158 1437 2228 regni
1488 2156 1619 2220 mei,
1662 2164 1711 2210 et
1764 2171 1794 2209 a
1839 2154 2023 2210 radice

435 2260 616 2307 vestra
651 2259 909 2306 nascetur
948 2264 1225 2319 propago;
1278 2255 1332 2301 et
1376 2248 1431 2301 in
1473 2262 1538 2300 eo
1585 2244 1842 2301 ascendet
1869 2245 2021 2314 virga

432 2344 662 2415 justitiae
689 2344 941 2415 gentibus
963 2384 979 2409 ,
1022 2351 1083 2396 ut
1102 2340 1313 2411 judicet
1335 2347 1391 2395 et
1428 2339 1599 2394 salvet
1636 2352 1827 2395 omnes
1862 2336 2022 2391 invo-

436 2445 625 2490 cantes
653 2432 972 2488 Dominum.

507 2612 680 2667 XXV.
729 2632 747 2664 ι
778 2612 846 2667 Et
874 2625 995 2682 post
1023 2615 1139 2668 haec
1165 2623 1414 2682 resurget
1440 2614 1742 2675 Abraham,
1774 2624 1827 2667 et
1852 2611 2024 2677 Isaac,

437 2716 493 2758 et
517 2703 687 2757 Jacob
716 2705 767 2757 in
801 2706 1001 2771 vitam;
1035 2713 1090 2758 et
1126 2720 1247 2774 ego,
1278 2714 1331 2758 et
1360 2704 1558 2758 fratres
1590 2704 1695 2757 mei
1728 2704 2021 2773 principes,

439 2803 716 2863 sceptrum
746 2804 988 2849 vestrum
1033 2795 1086 2848 in
1130 2793 1298 2849 Israel
1340 2796 1569 2849 erimus.
1620 2792 1747 2847 Levi
1790 2794 2022 2861 primus,

440 2884 715 2940 secundus
752 2900 875 2955 ego,
918 2884 1112 2939 tertius
1149 2882 1347 2951 Ioseph
1373 2924 1387 2946 ,
1442 2890 1673 2952 quartus
1717 2880 2023 2950 Benjamin,

439 2976 667 3045 quintus
712 2974 969 3042 Simeon,
1007 2986 1196 3030 sextus
1240 2974 1484 3040 lsachar,
1541 2984 1595 3029 et
1646 2974 1718 3027 ita
1770 2974 2027 3042 deinceps

2108 502 2193 538 σιν
2214 524 2227 547 ,
2280 482 2630 554 ὑπαρχόντων
2665 477 2919 549 ἁρπαγὴν
2948 476 3022 547 (5)
3044 517 3058 541 ,
3093 476 3193 546 γῆς
3227 475 3539 547 ἐρήμωσιν,
3576 468 3715 523 ναοῦ

2107 574 2243 629 Θεοῦ
2277 571 2644 646 ἐμπυρισμὸν,
2687 569 2841 640 ὑμῶν
2880 567 3057 623 αὐτῶν
3100 566 3341 620 δουλείαν
3380 566 3439 617 ἐν
3488 561 3713 613 ἕθνεσι’

2114 670 2207 724 καὶ
2241 664 2565 737 ἐκτεμοῦσιν
2602 662 2661 727 ἐξ
2695 662 2847 731 ὑμῶν
2883 661 2962 723 είς
2989 657 3272 727 εὐνούχους
3295 656 3419 717 ταῖς
3453 652 3717 721 γυναιξὶν

2113 764 2316 830 αὐτῶν,
2352 763 2457 826 ἕως
2501 760 2567 814 ἂν
2610 756 2977 829 ἐπιστρέψητε
3024 754 3158 825 πρὸς
3192 752 3393 822 Κύριον
3427 750 3492 801 ἐν
3527 747 3721 817 τελείᾳ

2118 856 2336 929 καρδίᾳ,
2377 850 2837 924 μεταμελούμενοι
2857 888 2871 912 ,
2908 848 3003 901 καὶ
3036 844 3389 917 πορευόμενοι
3415 843 3479 894 ἐν
3506 843 3720 901 πάσαις

2112 952 2237 1013 ταῖς
2260 946 2500 1008 ἐντολαῖς
2523 944 2617 996 τοῦ
2642 941 2801 1004 Θεοῦ,
2830 941 2924 994 καὶ
2947 938 3305 1010 ἐπισκέψηται
3330 937 3480 1006 ὑμᾶς
3505 932 3721 1005 Κύριος

2114 1043 2172 1095 ἐν
2205 1040 2365 1104 ἐλέει,
2403 1039 2496 1091 καὶ
2529 1034 2787 1107 ἀναγάπῃ
2812 1031 2886 1103 (6)
2924 1030 3031 1085 ἀπὸ
3062 1030 3159 1100 τῆς
3188 1025 3575 1099 αἰχμαλωσίας
3605 1022 3720 1077 τῶν

2116 1133 2324 1205 ἐχθρῶν
2361 1130 2533 1200 ὑμῶν.
3412 1156 3413 1159 η

2188 1228 2313 1278 ΚΔ¹.
2361 1244 2378 1274 ι
2419 1225 2529 1276 Kal.
2566 1220 2704 1293 μετά
2746 1218 2919 1272 ταῦτα
2952 1215 3198 1270 ἀνατελεῖ
3239 1215 3367 1284 ὑμῖν
3414 1212 3628 1280 ἄστρον
3664 1209 3722 1274 ἐξ

2130 1317 2324 1373 Ἰακὼϐ
2353 1319 2409 1369 ἐν
2445 1317 2659 1388 εἰρήνῃ,
2695 1315 2789 1367 καὶ
2820 1311 3180 1379 ἀναστήσεται
3212 1306 3502 1376 ἄνθρωπος
3532 1305 3600 1354 ἐκ
3625 1302 3722 1355 τοῦ

2121 1411 2434 1483 σπέρματός
2473 1427 2594 1481 μου,
2630 1408 2704 1472 ὼς
2730 1408 2757 1459 6
2787 1406 2936 1475 ἥλιος
2967 1402 3326 1470 δικαιοσύνης,
3368 1399 3726 1468 συμπορευξι-

2122 1518 2283 1573 μενος
2309 1505 2424 1563 τοῖς
2452 1502 2587 1564 υίοῖς
2618 1499 2727 1551 τῶν
2770 1495 3074 1568 ἀνθρώπων
3112 1496 3169 1546 ἐν
3202 1492 3473 1562 πραότητι
3511 1490 3611 1541 καὶ
3645 1488 3725 1540 δι-

2120 1592 2417 1665 καιοσύνῃ,
2467 1592 2561 1644 καὶ
2615 1592 2763 1643 πᾶσα
2812 1587 3055 1659 ἁμαρτία
3100 1586 3198 1654 ούχ
3244 1581 3616 1651 εὑρεθήσεται
3670 1580 3726 1629 ἐν

2122 1688 2291 1759 αὐτῷ.
2322 1689 2435 1741 Kal.
2469 1686 2844 1755 ἀνοιγήσονται
2870 1683 2958 1733 ἐπ’
2983 1679 3142 1732 αὐτὸν
3168 1676 3214 1731 οἱ
3240 1677 3461 1746 οὐρανοὶ
3481 1716 3499 1739 ,
3527 1674 3726 1742 ἐκχέαι

2050 1746 2093 1802 Β
2122 1746 2367 1850 Πνεῦμα,
2400 1746 2656 1845 εὐλογίαν,
2683 1774 2895 1844 Πατρὸς
2941 1772 3127 1839 ἀγίου·
3179 1769 3274 1823 καὶ
3319 1768 3487 1828 αὐτὸς
3542 1766 3729 1834 ἐκχεεί

2122 1873 2339 1943 πνεῦμα
2366 1873 2585 1943 χάριτος
2611 1870 2695 1938 ἐφ’
2730 1869 2894 1939 ὑμᾶς,
2929 1866 3022 1917 καὶ
3054 1862 3238 1915 ἔσεσθε
3274 1858 3421 1929 αὐτῷ
3452 1861 3545 1921 εἰς
3574 1859 3729 1919 υίοίις

2122 1968 2181 2021 ἐν
2209 1963 2436 2033 ἀληθείᾳ
2458 2002 2472 2025 ,
2508 1964 2600 2015 καὶ
2641 1956 2971 2031 πορεύσεσθε
3006 1957 3064 2007 ὲν
3110 1953 3498 2024 προστάγματι
3554 1946 3724 2002 αύτοὶ

2124 2052 2360 2126 πρώτοις
2388 2052 2481 2104 καὶ
2507 2051 2755 2120 ἐσχάτοις
2783 2048 2880 2119 (7).
2908 2040 3075 2107 Οὗτος
3098 2045 3127 2096 6
3152 2044 3376 2113 βλαστὸς
3410 2040 3559 2093 Θεοῦ
3599 2040 3728 2109 ὑψί-

2126 2161 2275 2205 στου,
2303 2144 2395 2196 καὶ¹
2419 2141 2559 2212 αῦτη
2589 2142 2621 2211 ὴ
2654 2141 2803 2210 πηγὴ
2836 2140 2916 2201 είς
2943 2137 3087 2208 ζωὴν
3121 2137 3300 2205 πάσης
3330 2134 3566 2205 σαρκός.
3589 2131 3730 2185 Τότε

2124 2236 2432 2307 ἀναλάμψει
2457 2236 2530 2305 (8)
2564 2235 2840 2303 σκῆπτρον
2883 2230 3156 2301 βασιλείας
3192 2245 3313 2298 μου,
3344 2228 3442 2280 καὶ
3469 2225 3586 2278 ἀπὸ
3624 2226 3726 2292 τῆς

2128 2331 2283 2405 ῥίζης
2302 2329 2754 2401 ὑμῶνιγενήσεται
2779 2324 3016 2395 πυθμήν·
3035 2323 3128 2376 καὶ
3142 2325 3198 2375 ἐν
3214 2320 3363 2389 αὐτῷ
3382 2320 3728 2391 ἀναϐήσεται

2128 2424 2325 2498 ῥάϐδος
2357 2420 2709 2489 δικαιοσύνης
2752 2421 2866 2481 τοῖς
2915 2416 3128 2481 ἔθνεσι,
3176 2416 3361 2485 κρῖναι
3408 2413 3509 2466 καὶ
3557 2411 3728 2465 σῶσαι

2127 2518 2337 2579 πάντας
2362 2516 2490 2577 τοὺς
2520 2510 2983 2580 ἐπικαλουμένους
3010 2508 3232 2579 Κύριον.

2199 2609 2329 2661 ΚΕ’.
2378 2626 2395 2656 ι
2429 2606 2538 2659 Καὶ
2565 2603 2701 2674 μετά
2726 2600 2900 2655 ταῦτα
2921 2601 3283 2669 ἀναστήσεται
3320 2595 3610 2667 Ἀϐραὰμ,
3636 2594 3732 2647 καὶ

2141 2700 2349 2763 Ἰσαὰκ,
2375 2701 2468 2752 καὶ
2506 2695 2722 2759 Ἰακὼϐ,
2755 2696 2834 2758 είς
2858 2694 3003 2763 ζωήν
3027 2709 3039 2721 ·
3078 2691 3171 2744 καὶ
3204 2688 3336 2756 ἐγὼ,
3373 2691 3468 2743 καὶ
3495 2690 3546 2742 οξ
3580 2688 3732 2742 ἀδελ·

2130 2794 2219 2864 φοί
2254 2811 2353 2863 μου
2383 2791 2624 2862 ἐξαρχοι,
2660 2790 2937 2860 σκῆπτρον
2963 2787 3119 2858 ἡμῶν
3146 2785 3219 2856 (9)
3254 2785 3315 2835 ἐν
3357 2781 3589 2853 Ἰσραὴλ
3609 2780 3731 2833 ἐσό-

2133 2886 2291 2958 μεθα.
2339 2883 2471 2937 Λευῒ
2517 2882 2754 2954 πρῶτος,
2787 2881 3038 2951 δεύτερος
3073 2877 3213 2946 ἐγὼ,
3249 2877 3437 2947 τρίτος
3488 2876 3731 2944 Ἰωσὴφ,

2128 2981 2387 3052 τέταρτος
2414 2980 2691 3049 Βενιαμὶν,
2732 2978 2983 3048 πέμπτος
3006 2974 3248 3045 Συμεὼν,
3286 2974 3448 3036 ἕκτος
3483 2972 3732 3041 Ἰπχάρ,

441 3082 655 3122 omnes.
695 3066 762 3122 Et
802 3066 1066 3121 Dominus
1094 3068 1377 3122 benedixit
1416 3066 1576 3131 Levi;
1612 3066 1840 3134 angelus
1868 3064 2025 3119 faciei

2178 3076 2225 3129 xl.
2247 3074 2419 3137 οὕτως
2445 3072 2682 3142 καθεξῆς
2717 3071 2937 3134 πάντες.
2968 3068 3079 3123 Kal.
3102 3068 3307 3139 Κύριος
3333 3066 3609 3136 εὐλόγηαε
3642 3066 3734 3116 τὸν

442 3174 564 3226 me;
596 3161 828 3215 virtutes
854 3161 1040 3228 gloria:
1082 3158 1343 3225 Simeon;
1381 3160 1582 3213 coelum
1626 3156 1857 3223 Ruben;
1910 3157 2027 3211 Isa-

442 3254 579 3310 char
604 3261 781 3319 terra;
820 3270 973 3308 mare
999 3253 1279 3315 Zabulon;
1322 3260 1537 3306 montes
1563 3249 1801 3319 Joseph;
1849 3248 2030 3303 taber-

444 3346 703 3403 naculum
760 3344 1080 3414 Benjamin;
1137 3344 1429 3398 luminaria
1480 3342 1625 3407 Dan;
1674 3340 1884 3395 deliciae
1928 3340 2032 3394 Ne-

444 3439 715 3508 phthalim
739 3457 753 3505 ;
784 3440 863 3495 sol
891 3438 1038 3507 Gad;
1067 3440 1209 3493 oliva
1242 3437 1379 3492 Aser
1407 3454 1421 3490 :
1446 3437 1781 3490 eteritunus
1799 3434 2032 3506 populus

452 3528 690 3592 Domini,
727 3539 781 3584 et
810 3531 996 3600 lingua
1024 3546 1162 3595 una;
1194 3538 1247 3583 et
1274 3544 1381 3582 non
1415 3529 1517 3582 erit
1544 3527 1781 3597 amplius
1808 3526 2032 3596 spiritus

448 3623 655 3677 erroris
683 3620 883 3686 Beliar,
914 3623 1175 3692 quoniam
1206 3621 1453 3674 mittetur
1478 3620 1532 3673 in
1567 3620 1746 3689 ignem
1778 3619 1831 3672 in
1861 3633 2034 3673 saecu—

448 3715 586 3770 lum.
642 3714 709 3769 Et
749 3716 843 3785 qui
876 3716 928 3768 in
971 3715 1191 3769 tristitia
1227 3713 1429 3768 mortui
1465 3722 1626 3775 sunt,
1662 3722 1947 3780 resurgent
1978 3711 2031 3764 in

450 3809 686 3882 gaudio;
716 3817 771 3862 et
802 3809 896 3876 qui
925 3808 976 3860 in
1003 3816 1321 3877 paupertate
1346 3814 1568 3875 prepter
1602 3802 1914 3865 Dominum,
1944 3802 2032 3857 di-

454 3902 747 3965 labuntur;
779 3912 833 3954 et
858 3902 951 3969 qui
978 3900 1032 3952 in
1062 3899 1265 3968 inopia,
1305 3897 1729 3960 saturabuntur;
1767 3902 1821 3947 et
1850 3893 1944 3962 qui
1979 3892 2032 3945 in

451 3995 788 4059 inﬁmitate,
828 3992 1303 4056 fortiﬁcabuntur;
1350 4000 1403 4044 et
1448 3989 1542 4058 qui
1586 3996 1804 4056 propter
1851 3984 2034 4039 Domi—

453 4101 585 4139 num
624 4085 827 4139 mortui
857 4093 1006 4147 sunt,
1039 4082 1374 4152 evigilabunt
1408 4081 1459 4134 in
1493 4081 1627 4133 vita.
1658 4078 1724 4131 Et
1754 4078 1900 4131 cervi
1942 4076 2034 4130 Ja-

452 4178 558 4233 cob
588 4189 813 4233 current
842 4178 893 4229 in
921 4176 1291 4231 exsultatione
1313 4216 1326 4238 ,
1358 4182 1413 4227 et
1440 4173 1637 4242 aquila:
1677 4171 1841 4225 Israel
1879 4172 2033 4224 vola—

452 4273 590 4328 bunt
616 4273 668 4325 in
709 4271 940 4341 gaudio;
968 4269 1121 4337 impii
1148 4282 1276 4321 vero
1302 4265 1691 4329 tristabuntur,
1736 4273 1792 4318 et
1834 4279 2034 4334 peccas

454 4375 601 4421 tores
624 4365 914 4434 lugebunt,
942 4371 996 4416 et
1021 4377 1213 4417 omnes
1240 4360 1425 4431 populi
1449 4358 1835 4429 gloriﬁcabunt
1856 4356 2037 4412 Domi-

454 4473 468 4512 r
496 4471 585 4510 um
611 4454 666 4508 in
692 4452 908 4509 saecula.

435 4728 445 4763 ε
528 4734 723 4790 XXVI.
773 4753 791 4784 ι
825 4732 1106 4787 Custodite
1133 4730 1317 4801 igitur,
1345 4731 1440 4784 lilii
1469 4732 1596 4795 mei,
1622 4748 1839 4787 omnem
1866 4734 2039 4803 legem

458 4829 712 4893 Domini,
770 4826 1029 4895 quoniam
1083 4840 1207 4893 spes
1251 4832 1335 4877 est
1379 4826 1637 4880 omnibus
1679 4828 2042 4897 dirigentibus

460 4926 605 4978 viam
634 4921 775 4990 ejus.
811 4937 829 4969 ι
858 4916 923 4971 Et
944 4916 1080 4971 dixit
1104 4916 1183 4970 eis
1211 4933 1226 4969 :
1260 4934 1277 4965 ί
1299 4915 1531 4971 Centum
1556 4921 1740 4972 decem
1766 4930 1820 4973 et
1845 4936 2041 4976 novem
2070 4920 2075 4925 ’

459 5029 731 5073 annorum
759 5027 860 5080 ego
893 5010 1099 5063 morior
1132 5008 1292 5061 hodie
1320 5008 1375 5061 in
1417 5009 1592 5064 oculis
1626 5012 1845 5065 vestris.
1874 5011 2045 5067 Nemo

462 5123 552 5171 me
579 5105 804 5175 sepeliat
848 5102 901 5155 in
948 5102 1191 5173 pretiosa
1234 5109 1406 5166 veste,
1450 5103 1535 5156 vel
1566 5112 1812 5159 ventrem
1861 5121 2044 5160 meum

465 5271 591 5321 λων
621 5262 1024 5331 ὀνειδισμοὺς,
1050 5257 1356 5331 ἀπώλειαν
1385 5260 1504 5314 καί.
1532 5259 1735 5317 Desunt
1760 5263 1969 5326 omnia,
1996 5272 2049 5316 et

466 5339 591 5391 loco
623 5327 901 5406 sequentis
933 5334 1084 5387 vocis
1111 5327 1480 5404 σφακελισμόν
1506 5332 1683 5403 posita
1710 5350 1815 5388 vox
1845 5333 2045 5404 λήμην.

468 5410 640 5465 Gntn.

543 5480 622 5619 (5)
671 5476 1096 5561 Ὑπαρχόντῳν
1127 5476 1423 5547 ἁρπαγήν.
1460 5476 1687 5530 Desunt.
1716 5473 1791 5528 In.

568 5552 599 5604 6
673 5551 983 5617 Ἀναταπεῃ.
1036 5548 1318 5619 Λναγάγῃ,
1348 5564 1468 5619 qum
1489 5546 1649 5600 lectio
1673 5547 1791 5619 mul‘

568 5546 622 5619 6)
673 5546 983 5617 Ἀνατὰπεῃ.
1022 5546 1318 5619 ’Λναγάγῃ⁷,
1348 5564 1468 5619 qum
1489 5546 1649 5600 lectio
1673 5547 1844 5619 multo
1862 5548 2052 5602 melior

475 5618 581 5685 est,
604 5618 782 5674 altera
835 5632 1061 5687 prorsus
1109 5618 1324 5673 vitiosa.
1375 5618 1578 5689 Neque;
1608 5618 1765 5689 enim
1797 5619 2051 5689 ἀναγάπῃ

479 5679 693 5757 uspiam
723 5679 849 5743 alibi
882 5689 1107 5755 legitur;
1160 5705 1257 5760 nec
1297 5679 1533 5756 sequens
1560 5687 1669 5760 ἀπό
1706 5688 1772 5744 ad
1815 5679 2049 5760 aliquam

480 5776 666 5820 vocem
692 5760 1081 5832 praecedentem
1114 5759 1301 5815 referri
1340 5769 1531 5828 potest.
1563 5758 1637 5813 In.

2133 3167 2264 3219 Λευῖ
2283 3183 2295 3195 ·
2332 3168 2360 3217 6
2386 3164 2615 3233 ἄγγελος
2639 3161 2734 3215 τοῦ
2768 3159 3061 3233 προσώπου
3088 3158 3189 3230 ἐμέ
3208 3175 3220 3188 ·
3253 3160 3308 3211 αἱ
3337 3156 3615 3226 δυνάμεις
3638 3156 3737 3224 τῆς

2132 3257 2290 3327 δόξης
2332 3255 2424 3309 τὸν
2474 3254 2730 3326 Συμεών·
2781 3255 2810 3305 6
2861 3252 3087 3325 οὐρανὸς
3138 3250 3227 3304 τὸν
3290 3248 3586 3319 Ῥουϐἡμο
3643 3249 3739 3300 τὸν

2146 3350 2366 3421 Ἰσαχάρ
2400 3352 2433 3421 ὴ
2468 3349 2541 3420 γῆ
2561 3367 2574 3379 ·
2600 3352 2633 3420 ἡ
2662 3347 2905 3403 θάλασσα
2927 3347 3020 3399 τὸν
3053 3342 3336 3399 Ζαϐουλὼν
3356 3360 3371 3373 ·
3407 3342 3479 3396 τὰ
3515 3345 3625 3414 ὄρη
3644 3342 3738 3396 τὸν

2148 3441 2373 3513 Ἰωσήφο
2423 3442 2456 3511 ἡ
2505 3440 2677 3509 σκηνὴ
2724 3438 2818 3490 τὸν
2863 3436 3154 3506 Βενιαμίν·
3203 3436 3254 3487 οἱ
3308 3433 3610 3504 φωστῆρες
3650 3433 3741 3486 τὸν

2134 3534 2273 3587 Δάν’
2324 3536 2357 3604 ἡ
2405 3532 2585 3604 τρυφὴ
2628 3532 2719 3585 τὸν
2770 3530 3122 3600 Νεφθαλείμ-ο
3171 3530 3199 3581 6
3245 3526 3399 3596 ἥλιος
3450 3526 3553 3577 τὸν
3596 3526 3736 3578 Γάδ-

2135 3622 2291 3675 ὲλαία
2336 3622 2426 3675 τὸν
2485 3622 2682 3691 Ἀσήρ·
2733 3620 2829 3673 καὶ
2873 3618 3026 3672 ἔσται
3069 3612 3150 3682 είς
3191 3617 3319 3680 λαὸς
3366 3616 3611 3687 Κυρίου,
3647 3616 3739 3669 καὶ

2136 3713 2358 3782 γλῶσσα
2386 3714 2514 3783 μία·
2560 3712 2655 3765 καὶ
2695 3713 2796 3764 οὐκ
2841 3711 2992 3764 ἔσται
3030 3710 3112 3763 ἔτι
3138 3709 3358 3779 πνεῦμα
3390 3707 3615 3779 πλάνης
3645 3707 3739 3760 τοῦ

2139 3806 2357 3879 Βελιάρ,
2382 3808 2464 3859 ὅτι
2492 3806 2894 3877 ἐμϐληθήσεται
2928 3807 2987 3857 ἐν
3008 3805 3088 3871 τῷ
3115 3806 3248 3874 πυρὶ
3287 3804 3369 3866 είς
3399 3803 3496 3855 τὸν
3540 3801 3737 3855 αἰῶνα.

2140 3899 2250 3952 Καὶ
2269 3900 2315 3951 oi
2340 3900 2396 3951 ἐν
2418 3896 2563 3969 λύπῃ
2597 3896 3030 3967 τελευτήσαντεςι
3052 3895 3447 3964 ἀναστήσονται
3471 3894 3535 3945 ἐν
3570 3895 3736 3964 χαρᾷ.

2142 3991 2237 4042 καὶ
2270 3990 2319 4042 οί
2354 3990 2411 4041 ἐν
2445 3986 2689 4058 πτωχείᾳ
2719 3988 2809 4040 διὰ
2840 3989 3065 4059 Κύριον,
3102 3984 3622 4055 πλουτισθήσονται,
3647 3986 3739 4037 καὶ

2140 4084 2189 4135 οἱ
2225 4083 2283 4133 ἐν
2316 4080 2514 4150 πενίᾳ,
2558 4079 3053 4151 χορτασθήσονται,
3104 4078 3196 4131 καὶ
3235 4077 3285 4130 oi
3332 4077 3391 4127 ἐν
3441 4074 3735 4145 ἀσθενείᾳ,

2144 4176 2457 4245 ίσχύσουσι,
2511 4174 2607 4227 καὶ
2653 4177 2701 4228 oi
2746 4173 2835 4226 διὰ
2868 4172 3071 4243 Κύριον
3102 4170 3470 4232 ἀποθανόντες
3519 4170 3739 4236 ἐξυπνι-

2144 4267 2432 4337 σθήσονται
2464 4268 2522 4318 ἐν
2555 4266 2689 4336 ζωῇ.
2724 4267 2835 4318 Kal.
2860 4268 2910 4317 οἱ
2938 4265 3125 4333 ἔλαφοι
3170 4260 3363 4316 Ἰακὼϐ
3397 4261 3737 4332 δραμοῦνται

2143 4359 2200 4411 ἐν
2235 4357 2573 4425 ἀγαλλιάσει,
2611 4358 2705 4409 καὶ
2755 4359 2805 4408 οἱ
2852 4357 3001 4409 ἀετοὶ
3042 4353 3256 4426 Ἰσραὴλ
3301 4353 3737 4425 πετασθήσονται

2069 4437 2119 4496 D
2146 4447 2203 4498 ἐν
2237 4446 2414 4516 χαρᾷ·
2452 4447 2501 4497 οἱ
2531 4444 2588 4497 δὲ
2622 4444 2838 4508 ἀσεϐεῖς
2873 4444 3198 4514 πενθήσουσι
3221 4485 3235 4509 ,
3287 4442 3383 4494 καὶ
3418 4443 3737 4514 ἁμαρτωλοὶ

2142 4537 2493 4602 κλαύσονται,
2530 4537 2627 4591 καὶ
2660 4538 2860 4601 πάντες
2893 4539 2942 4590 οἱ
2967 4536 3087 4590 λαοὶ
3110 4535 3393 4599 δοξάσουσι
3425 4536 3640 4608 Κύριον
3664 4540 3734 4599 εἰς

2144 4629 2368 4694 αἰῶνας.
2390 4682 2393 4685 ,

2217 4725 2361 4791 KCI’.
2392 4743 2411 4775 ί
2440 4723 2715 4789 Φυλάξατε
2746 4719 2859 4788 οὖν,
2882 4724 3047 4777 τέκνα
3082 4742 3205 4795 μου,
3239 4724 3422 4778 πάντα
3453 4724 3554 4778 τὸν
3583 4726 3736 4797 νόμον

2144 4821 2373 4892 Κυρίου,
2409 4821 2491 4874 ὅτι
2525 4819 2679 4882 ἐλπίς
2713 4821 2859 4871 ἐστιν
2895 4820 3027 4871 πᾶσι
3058 4820 3169 4879 τοῖς
3202 4815 3607 4870 κατευθύνουσι
3650 4818 3735 4886 τὴν

2147 4913 2264 4966 ὁδὸν
2288 4909 2473 4964 αὑτοῦ.
2505 4930 2524 4962 ι
2556 4910 2667 4963 Καὶ
2685 4906 2838 4963 εἶπεν
2861 4909 2998 4980 πρὸς
3022 4908 3236 4971 αὐτούς·
3272 4926 3291 4957 ι
3320 4906 3424 4975 ριθ¹
3443 4907 3589 4962 ἐτῶν
3614 4911 3734 4963 ἁπτι-

2149 5006 2368 5075 θνήσκω
2399 5002 2511 5072 ἐγὼ
2546 5004 2784 5074 σήμερον
2816 5003 2874 5055 ἐν
2906 5001 3204 5073 ὀφθαλμοῖς
3229 5001 3406 5071 ὑμῶν.
3436 5003 3653 5074 Μηδείς
3677 5019 3734 5073 με

2150 5095 2452 5169 ἐνταφιάσῃ
2485 5094 2769 5149 πολυτελεῖ
2800 5095 3024 5165 ἐσθῆτι,
3081 5094 3114 5165 ἢ
3149 5093 3453 5165 ἀναῤῥήξοι
3488 5094 3594 5166 τὴν
3629 5113 3733 5149 κοι-

2223 5258 2300 5329 (7)
2359 5256 2471 5311 Καὶ
2514 5259 2923 5329 ,πορεύσεσθὲ
2958 5255 3028 5309 ἐν
3082 5253 3493 5329 προστάγματι
3522 5325 3534 5329 Α
3556 5251 3731 5329 agree

2152 5321 2401 5399 πρώτοις
2431 5328 2529 5382 καὶ
2559 5321 2860 5396 ἐόνχάτοις.
2896 5326 3104 5399 Desunt
3142 5327 3196 5377 in
3220 5321 3561 5399 _0xo_niensi.
3609 5324 3731 5399 Puto

2152 5393 2282 5455 vero
2306 5393 2405 5468 pro
2428 5393 2835 5471 προπάᾷματι,
2868 5398 3151 5471 legendum
3183 5393 3472 5471 pluraliter
3501 5394 3728 5465 προστά-

2152 5463 2347 5542 γμασι,
2379 5480 2439 5525 ut
2462 5463 2741 5542 sequentia
2770 5463 2944 5524 verba
2957 5468 3222 5542 indicant.
3263 5463 3340 5516 In.

2229 5542 2304 5612 (8)
2350 5542 2484 5595 Τότε
2536 5533 3165 5612 ᾆναλάμψει.-Οηιίδειι
3211 5534 3397 5589 omnia
3452 5550 3631 5612 usque
3670 5533 3723 5585 ad

2154 5606 2436 5677 δοξάσουσι
2481 5610 2683 5682 Κύριον
2723 5606 2802 5674 εις
2836 5609 3059 5682 αἰῶνας,
3096 5609 3209 5662 sive
3243 5620 3422 5673 usque
3462 5606 3533 5659 ad
3578 5606 3729 5659 lin-cm

2158 5686 2434 5742 sequentis
2463 5681 2807 5751 paragraphi.
2835 5681 2911 5736 lo.

2230 5756 2303 5826 (9)
2358 5749 2567 5824 ἸΙμῶν.
2601 5749 2754 5825 Lego
2781 5753 2961 5823 potius
2990 5749 3160 5821 ὑμῶν.
3193 5749 3267 5807 ID.

3568 258 3801 314 ιοειι
