3830 6216
15 290 203 352 Γθὸθ

1182 279 1710 337 TESTAMENTUM
1746 276 2089 337 ZABULON.

3185 284 3321 340 £090

15 414 138 485 τὴν
182 408 480 484 ἱερατείαν,
513 404 593 478 τῷ
617 404 673 459 δὲ
708 400 1006 475 βασιλείαν.
1046 400 1239 464 Αὑτοῖς
1273 400 1640 465 ὑπακούσατε,

1757 398 2034 471 gloriﬁcati
2067 405 2194 452 sunt
2243 410 2273 449 a
2320 394 2553 450 Domino
2602 396 2655 450 in
2704 396 2830 452 ﬁliis
2879 396 3065 455 Jacob.
3106 400 3322 461 Etenim

15 505 135 556 ταὶ
175 506 247 574 τῇ
280 499 541 570 ἁπλότητι
562 494 657 550 τού
682 493 889 565 πατρὸς
925 491 1077 563 ὑμῶν
1105 491 1536 563 περιπατήσατε·
1557 491 1638 543 ὅτι

15 598 134 648 ια).
172 594 257 665 τῷ
295 592 401 646 Γὰδ
437 590 594 660 ἐδόθη
620 587 879 642 ἀπολέσαι
918 583 987 637 τὰ
1018 583 1350 655 πειρατήρια
1384 581 1453 635 τά
1486 583 1644 651 ἐπερ-

15 692 89 760 εό
102 705 263 759 μενα
302 683 537 757 Ἰσραήλ.

105 960 216 1033 CT'.
254 984 273 1016 ι
294 959 425 1018 Οἶδα
451 962 525 1027 δὲ,
545 961 709 1015 τέκνα
732 975 850 1030 μου,
870 958 950 1011 ὅτι
977 958 1033 1009 ἐν
1054 953 1299 1024 ἐσχάτοις
1324 952 1533 1022 καιροῖς
1553 965 1645 1001 κα-

15 1057 397 1127 ταλείψουσιν
430 1055 480 1108 οἱ
507 1054 612 1107 υἱοὶ
645 1054 677 1122 ἡ
688 1051 805 1123 μῶν
834 1048 947 1119 (29)
971 1048 1070 1119 τὴν
1087 1045 1385 1114 ἁπλότητα,
1405 1043 1500 1095 καὶ
1518 1041 1641 1094 κολ-

16 1150 378 1222 ιηθήσονται
412 1148 478 1218 τῇ
518 1143 812 1216 ἀπληστίᾳ·
850 1142 945 1195 καὶ
988 1138 1219 1208 ἀφέντες
1258 1137 1356 1208 τὴν
1384 1135 1640 1198 ἀκακίαν,

15 1240 492 1313 προσπελάσουσι
526 1238 591 1307 τῇ
627 1232 956 1303 κακουργίᾳ,
985 1231 1078 1283 καὶ
1104 1226 1492 1287 καταλιπόντες
1530 1223 1641 1293 (150)

15 1334 137 1396 τὰς
189 1330 412 1393 ἐντολὰς
443 1327 670 1399 Κυρίου,
714 1323 1140 1395 κολληθήσονται
1174 1318 1251 1390 τῷ
1286 1316 1504 1388 Βελιάρ·
1550 1316 1644 1368 καὶ

15 1424 285 1493 ὶερέντες
314 1421 372 1474 τὸ
394 1420 679 1490 γεώργιον,
726 1414 1207 1484 ἐξακολουθήσουσι
1245 1413 1359 1472 τοῖς
1386 1410 1644 1479 πονηροῖς

15 1513 378 1577 Ξιαϐουλίοις
398 1510 595 1577 αὑτῶν,
622 1509 716 1563 καὶ
733 1506 1199 1577 διασπαρήσονται
1224 1505 1280 1555 ἐν
1306 1504 1419 1565 τοῖς
1444 1500 1642 1562 ἔθνεσι,

15 1607 135 1659 καὶ
166 1603 515 1658 δουλεύσουσι
558 1602 670 1663 τοῖς
717 1598 930 1669 ἐχθροῖς
964 1593 1163 1648 αὑτῶν.
1208 1592 1320 1645 Καὶ
1352 1592 1515 1661 ὑμεῖς
1553 1584 1645 1641 οὖν

15 1697 244 1751 εῐπατε
271 1695 444 1749 ταῦτα
475 1694 587 1756 τοῖς
618 1691 832 1751 τέκνοις
866 1686 1044 1759 ὑμῶν,
1071 1686 1241 1747 ὅπως,
1279 1682 1373 1736 ἐὰν
1401 1680 1647 1753 ἁμαρτή-

1741 491 1885 545 Deus
1922 487 2294 544 haereditatem
2332 486 2632 559 assumpsit
2664 506 2732 545 ex
2772 493 2907 560 illis;
2942 502 2995 549 et
3043 494 3171 549 huic
3202 498 3325 566 qui-

1739 584 1863 638 dem
1915 582 2060 635 dedit
2106 582 2510 647 sacerdotium,
2562 584 2690 637 huic
2739 601 2871 640 vero
2921 602 3173 656 regnum.
3228 586 3325 644 Eis

1740 690 1871 745 ergo
1904 666 2140 741 obedite,
2174 684 2229 730 et
2266 675 2319 728 in
2344 674 2695 744 simplicitate
2730 678 2899 746 patris
2928 680 3091 733 vestri
3130 681 3326 735 ambu-

1740 771 1878 834 late;
1905 769 2163 838 quoniam
2197 778 2249 822 et
2277 767 2389 823 Gad
2423 771 2608 823 datum
2635 778 2718 824 est
2739 772 2964 839 perdere
2993 764 3327 831 tentationes

1742 861 2187 929 supervenientes
2221 860 2407 913 Israel.

1814 952 1902 1007 VI.
1946 972 1964 1005 ι
1998 952 2135 1007 Novi
2165 968 2317 1017 vero,
2352 953 2448 1007 ﬁlii
2478 940 2607 1021 mei,
2645 955 2789 1023 quod
2814 956 2868 1008 in
2898 956 3160 1012 extremis
3184 966 3325 1011 tem-

1741 1048 1966 1117 poribus
2009 1047 2391 1116 derelinquent
2445 1048 2542 1101 ﬁlii
2591 1050 2760 1103 vestri
2811 1050 3216 1119 simplicitatem
3272 1059 3327 1106 et

1744 1139 2103 1193 adhaerebunt
2145 1138 2417 1199 avaritiae;
2460 1147 2515 1192 et
2560 1139 2891 1194 dimittentes
2931 1140 3323 1209 innocentiam,

1743 1230 2256 1299 appropinquabunt
2318 1220 2679 1299 malignitati;

1744 1323 1997 1375 mandata
2040 1321 2168 1387 Dei,
2221 1322 2577 1376 adhaerebunt
2628 1322 2840 1389 Beliar;
2885 1332 2939 1377 et
2990 1325 3327 1380 dimittentes

1745 1414 2161 1483 agriculturam,
2191 1423 2488 1484 sequentur
2516 1414 2824 1483 perniciosa
2852 1416 3079 1469 consilia
3122 1432 3240 1483 sua,
3272 1425 3328 1472 et

1745 1507 2122 1577 dispergentur
2160 1508 2216 1560 in
2246 1508 2519 1577 gentibus,
2555 1517 2607 1561 et
2642 1508 2882 1562 servient
2912 1508 3150 1563 inimicis
3183 1509 3324 1565 suis.

1750 1583 1814 1651 Et
1845 1614 1943 1652 vos
1986 1599 2148 1668 igitur
2178 1600 2294 1652 hazc
2314 1598 2481 1653 dicite
2510 1586 2634 1651 liliis
2666 1597 2884 1663 vestris,
2920 1607 2978 1651 ut
3007 1586 3050 1652 si
3081 1597 3326 1668 peccent,

1746 1695 2008 1749 velociter
2054 1700 2398 1748 revertantur
2438 1672 2506 1747 ad
2552 1692 2872 1759 Dominum;
2931 1683 3188 1761 quoniam
3225 1686 3330 1746 mi—

15 1807 186 1844 :xwa't
211 1786 552 1872 (51),τάχιον
575 1782 948 1855 ἐπιστρέψωσι
983 1776 1362 1872 πρὸςξὶύριονο
1504 1774 1650 1872 ἐλεη-

1757 1788 1988 1842 sericors
2027 1794 2131 1855 est,
2174 1795 2227 1840 et
2264 1786 2457 1857 eripiet
2488 1802 2605 1854 eos,
2644 1796 2703 1842 ut
2737 1794 3082 1842 revertantur
3112 1787 3169 1841 in
3213 1794 3326 1842 ter-

15 1900 168 1954 μων
199 1883 338 1944 ἐστὶ,
381 1865 773 1943 καῖὲξελεῖται
803 1873 1023 1935 αὐτοὺς,
1065 1868 1159 1922 τοῦ
1197 1865 1524 1937 ἐπιπρέψαι
1561 1865 1641 1928 είς

15 1977 139 2047 τὴν
170 1977 279 2047 γῆν
303 1973 483 2027 αὐτῶν
517 1970 651 2040 (52).

104 2068 198 2119 Z’.
235 2046 255 2116 ε
290 2063 416 2117 Ρκ6’
444 2061 581 2116 ἐτῶν
627 2062 742 2132 εἰμι
780 2056 908 2127 ἐγώ’
955 2056 1049 2108 καὶ
1093 2054 1193 2107 οὐκ
1229 2051 1397 2119 ἔγνων
1431 2048 1519 2099 ἐπ’
1543 2046 1643 2117 ἐμὲ

15 2156 333 2229 ἁμαρτίαν
368 2157 448 2217 εἰς
487 2152 735 2207 θάνατον.
776 2148 924 2218 Πλὴν
947 2148 1048 2217 τῆς
1091 2141 1348 2213 γυναικός
1389 2158 1509 2211 μου,
1544 2139 1645 2229 οὑκ

16 2228 228 2318 ἔγνων
256 2244 441 2315 ἄλλην·
482 2244 582 2296 οὑκ
618 2241 921 2312 ἐπόρνευσα
944 2238 1001 2290 ἐν
1042 2231 1402 2306 μετεωρισμῷ
1442 2228 1643 2299 ὀφθαλ-

18 2339 194 2411 μῶνο
232 2333 376 2390 οἶνον
416 2338 496 2398 εἰς
539 2332 912 2401 ὰποπλάνησιν
951 2328 1051 2381 οὑκ
1098 2326 1268 2378 ἔπιον·
1316 2324 1423 2377 πᾶν
1459 2318 1647 2372 ἐπιθύ-

20 2445 218 2501 μημα
246 2424 343 2479 τοῦ
367 2412 592 2496 πλησίον
621 2421 723 2473 οὑκ
755 2418 1018 2487 ἐπόθησα·
1040 2415 1189 2478 δόλος
1212 2414 1311 2466 οὑκ
1337 2412 1552 2481 ἐγένετο
1586 2411 1643 2461 ἐν

20 2519 258 2591 καρδίᾳ
289 2533 410 2588 μουο
443 2514 634 2585 ψεῦδος
661 2514 763 2565 οὑκ
798 2509 995 2581 ἀνῆλθε
1020 2507 1107 2560 διὰ
1136 2506 1244 2559 τῶν
1272 2504 1494 2575 χειλέων
1523 2521 1645 2574 μου.

22 2611 230 2667 Παντὶ
259 2606 529 2680 ἀνθρώπῳ
558 2603 881 2675 ὀδυνωμένῳ
909 2596 1289 2663 συνεστέναξα,
1320 2597 1413 2649 καὶ
1448 2593 1650 2665 πτωχῷ

36 2701 347 2758 σκετέδωκα
388 2700 479 2753 τὸν
521 2698 682 2770 ἄρτον
725 2713 844 2766 μου.
884 2694 999 2747 υὺκ
1041 2692 1241 2762 ἔφαγον
1290 2689 1467 2760 μόνοςο
1503 2688 1650 2759 ὅριον

22 2796 150 2847 οὐκ
182 2792 371 2856 ἔλυσα,
408 2789 688 2843 εὐσέϐειαν
712 2784 946 2858 ἐποίησα
973 2787 1030 2837 ἐν
1046 2784 1247 2845 πάσαις
1269 2784 1390 2844 ταῖς
1415 2779 1650 2850 ἡμέραις

25 2880 212 2953 ἐμοῦ,
236 2882 331 2933 καὶ
347 2879 600 2949 ἀλήθειαν
627 2877 758 2947 (55).
786 2875 887 2927 Τὸν
909 2873 1112 2945 Κύριον
1135 2872 1397 2943 ἠγάπησα
1419 2870 1477 2921 ἐν
1502 2868 1654 2941 πάσῃ

26 2975 110 3042 τῇ
153 2969 307 3041 ἰσχύϊ
344 2985 466 3040 μουο
500 2966 702 3038 ὁμοίως
735 2964 831 3017 καὶ
865 2964 1040 3017 πάντα
1064 2961 1347 3033 ἄνθρωπον
1364 2960 1649 3029 ἠγάπησα,

29 3066 122 3127 ὡς
166 3061 286 3130 (54)
326 3060 396 3112 τά
428 3059 593 3111 τέκνα
632 3072 754 3128 μου.
796 3053 980 3107 Ταῦτα
1022 3054 1286 3121 ποιήσατε
1334 3051 1427 3103 καὶ¹
1470 3050 1649 3119 ὑμεῖς,

1744 1894 1861 1933 ram
1896 1894 2073 1933 suam.

1815 2054 1927 2111 γη.
1967 2076 1985 2109 ‹
2017 2054 2247 2112 Centum
2279 2055 2470 2128 viginti
2506 2056 2614 2111 duo
2647 2072 2917 2111 annorum
2953 2072 3075 2112 sum
3103 2064 3239 2127 ego;
3270 2057 3327 2110 et

1744 2164 1855 2203 non
1885 2152 2115 2220 cognovi
2150 2166 2315 2221 super
2342 2166 2428 2205 me
2466 2160 2750 2219 peccatum
2787 2150 2840 2203 in
2882 2157 3135 2203 mortem.
3180 2148 3330 2202 Prte-

1746 2250 1829 2297 ter
1857 2258 2082 2297 uxorem
2120 2258 2318 2310 meam,
2364 2259 2473 2297 non
2505 2243 2736 2311 cognovi
2771 2243 2967 2308 aliam;
3008 2257 3114 2295 non
3160 2240 3332 2295 forni-

1748 2334 1903 2389 catus
1928 2350 2049 2389 sum
2088 2335 2142 2389 in
2173 2335 2408 2389 elatione
2443 2335 2727 2389 oculorum
2755 2352 2768 2399 ;
2801 2335 2989 2387 vinum
3023 2335 3074 2386 in
3107 2334 3331 2387 aberra—

1750 2427 1952 2480 tionem
1988 2441 2098 2479 non
2144 2425 2291 2493 bibi;
2336 2440 2501 2479 omne
2541 2424 2900 2480 desiderabile
2940 2423 3173 2493 proximi
3220 2438 3330 2476 non

1749 2521 2092 2585 desideravi;
2142 2520 2303 2577 dolus
2352 2538 2461 2576 non
2514 2520 2691 2577 factus
2740 2530 2823 2576 est
2875 2521 2928 2574 in
2977 2521 3139 2576 corde
3174 2535 3329 2586 meo;

1751 2613 2099 2668 mendacium
2133 2628 2241 2667 non
2281 2614 2528 2668 ascendit
2561 2629 2657 2683 per
2685 2606 2828 2669 labia
2861 2630 3002 2668 mea.
3034 2612 3197 2667 Omni
3231 2612 3332 2665 ho-

1751 2707 1887 2761 mini
1913 2707 2102 2762 dolore
2128 2707 2375 2762 cruciato
2403 2707 2721 2778 congemui,
2749 2716 2802 2761 et
2831 2706 3055 2777 pauperi
3080 2705 3203 2760 dedi
3238 2720 3337 2775 pa-

1752 2815 1877 2853 nem
1923 2815 2129 2852 meum.
2182 2798 2301 2854 Non
2356 2801 2569 2855 comedi
2623 2800 2809 2861 solus;
2869 2800 3163 2854 terminum
3227 2812 3333 2851 non

1732 2890 1927 2955 solvi;
1964 2892 2221 2959 pietatem
2261 2882 2365 2946 feci
2417 2892 2469 2945 in
2513 2892 2771 2946 omnibus
2817 2892 3009 2947 diebus
3060 2891 3238 2955 meis,
3280 2900 3338 2946 et

1756 2986 2061 3041 veritatem.
2095 2988 2384 3041 Dominum
2411 2988 2575 3042 dilexi
2608 2988 2662 3042 in
2694 2997 2807 3043 tota
2841 2982 3161 3042 fortitudine
3183 3004 3332 3052 mea;

1758 3077 2010 3132 similiter
2041 3087 2096 3133 et
2117 3094 2337 3134 omnem
2372 3080 2648 3135 hominem
2683 3082 2869 3147 dilexi,
2905 3090 2962 3134 ut
2984 3081 3126 3136 ﬁlios
3159 3097 3334 3136 meos.

28 3155 226 3208 τέκνα
256 3168 379 3222 μου,
405 3151 498 3203 καὶ
523 3150 631 3201 πᾶν
662 3144 880 3217 πνεῦμα
912 3144 1004 3197 τοῦ
1038 3143 1236 3214 Βελιάρ
1275 3140 1531 3211 φεύξεται
1554 3141 1645 3210 ἀφ’

1757 3168 1881 3225 llaec
1918 3181 1971 3225 et
2004 3187 2100 3225 vos
2146 3170 2396 3237 faciatis,
2447 3174 2544 3226 ﬁlii
2586 3174 2725 3239 mei,
2769 3183 2823 3227 et
2867 3174 3049 3227 omnis
3107 3173 3339 3240 spiritus

28 3244 238 3317 ὑμῶν,
265 3245 360 3297 καὶ
395 3243 543 3295 πᾶσα
580 3234 779 3312 πρᾶξις
816 3236 1068 3308 πονηρῶν
1110 3234 1415 3307 ἀνθρώπων
1448 3235 1506 3286 οὑ
1549 3250 1649 3287 κυ-

34 3338 273 3412 ριεύσει
289 3335 461 3406 ὑμῶν’
484 3333 578 3385 καὶ
594 3332 770 3384 πάντα
786 3331 974 3401 ἄγριον
992 3328 1132 3398 θῆρα
1146 3323 1645 3388 καταδουλώσεσθε,

32 3429 282 3500 ἔχοντες
311 3423 425 3495 μεθ’
455 3423 663 3477 ἑαυτῶν
686 3420 819 3473 Θεὸν
848 3419 942 3472 τού
968 3420 1026 3471 οὑ
1038 3418 1216 3491 ρανοῧ·
1249 3416 1651 3488 συμπορευόμε-

33 3537 132 3575 von
159 3520 278 3579 τοῖς
300 3514 607 3586 ἀνθρώποις
632 3515 688 3565 ἐν
716 3510 978 3581 ἁπλότητι
1002 3510 1249 3582 καρδίας.
1276 3528 1294 3560 ι
1317 3509 1426 3562 Καὶ
1451 3504 1650 3573 ἐνετεί-

32 3615 192 3664 λατο
218 3609 423 3670 αὐτοῖς,
449 3606 595 3667 ὅπως
616 3603 888 3671 ἀνάγωσιν
921 3598 1083 3656 αὑτὸν
1122 3603 1180 3653 ἐν
1212 3596 1459 3672 Χεϐρὼν,
1490 3598 1651 3651 κάκεῖ

36 3700 225 3755 αὑτὸν
265 3698 507 3763 θάψωσιν
533 3698 588 3748 ἐν
620 3695 697 3767 τῷ
724 3696 973 3767 σπηλαίῳ
1011 3692 1271 3767 μετὰτῶν
1289 3692 1539 3763 πατέρων
1555 3690 1651 3742 αὑ·-

36 3794 176 3848 τοῧ.
216 3792 329 3843 Καὶ
362 3788 592 3853 ἐξέτεινε
626 3790 753 3852 τοὺς
801 3788 967 3851 πόδας
1016 3786 1202 3850 αὑτοῦ,
1250 3786 1345 3836 καὶ
1384 3781 1651 3835 ἀπέθανεν

39 3888 319 3955 πέμπτος
356 3882 468 3953 (55)
493 3883 549 3934 ἐν
574 3886 734 3953 γήρει
770 3879 939 3950 καλῷ,
967 3880 1075 3932 πᾶν
1122 3878 1281 3949 μέλος
1311 3876 1449 3948 έχων
1479 3874 1650 3943 ὑγιὲς,

40 3979 158 4033 καὶ
194 3974 393 4045 ἰσχύων
430 3973 678 4027 ὑπνωσεν
711 3971 881 4025 ὕπνον
915 3970 1155 4024 αἰώνιον.

610 4212 1007 4268 ΚΕΦΑΛΑΙΟΝ
1050 4214 1140 4279 εῖν.

152 4326 410 4394 Διαθήκη
448 4323 962 4448 Ζαϐουλὼιὲἱῑέτερὶ
989 4319 1445 4390 εὐσπλαγχνίας
1477 4318 1576 4372 καὶ

854 4412 983 4448 ουρ.

854 4412 983 4458 ους.

138 4514 220 4564 A'.
277 4510 628 4582 Ἀντίγραφον
660 4505 942 4561 Ζαϐουλὼν
962 4546 975 4569 ,
1012 4506 1039 4558 ὃ
1073 4504 1276 4558 διέθετο
1299 4507 1411 4567 τοῖς
1442 4504 1652 4566 τέκνοις

50 4600 235 4659 αὑτοῦ
272 4600 547 4671 ἑκατοστῷ
581 4596 1000 4670 τεσσαρακοστῷ
1034 4596 1145 4665 (56)
1188 4595 1280 4648 καὶ
1312 4594 1521 4663 δεκάτῳ
1546 4592 1656 4644 ἔτει

52 4695 167 4763 τῆς
206 4692 352 4762 ζωῆς
396 4690 580 4753 αὑτοῦ,
612 4690 750 4761 μετά
786 4689 879 4741 δύο
915 4688 1009 4758 ἔτη
1037 4687 1129 4739 τοῦ
1154 4685 1383 4739 θανάτου
1433 4685 1652 4755 Ἰωσήφ.

51 4786 181 4839 Καὶ
207 4779 359 4835 εἷπεν
392 4782 595 4844 αὑτοῖς·
639 4800 657 4831 ι
710 4778 1004 4833 Ἀκούσατέ
1073 4795 1212 4848 μου,
1274 4776 1381 4828 υἱοὶ
1445 4774 1650 4827 Ζαϐου-

142 4957 258 5029 (29)
306 4956 510 5027 Ἡμῶν.
559 4956 741 5029 Ὑμῶν
765 4963 897 5025 puto
921 4953 1240 5029 legendum,
1276 4949 1353 5006 uti
1385 4948 1658 5029 Roliertus

54 5018 274 5100 legisse
308 5018 555 5093 videtur;
597 5018 721 5100 licet
756 5018 1090 5100 Oxoniensis
1127 5024 1332 5093 pariter
1373 5036 1436 5074 ac
1462 5018 1660 5074 Canta-

58 5095 372 5169 brigiensis
403 5100 574 5152 codex
602 5098 798 5150 habeat
841 5095 1016 5169 ἡμῶν.
1047 5096 1124 5169 In.

167 5162 259 5235 ΞΟ)
294 5169 758 5231 Καταλιπόντες.
798 5162 1339 5235 Καταλιμπάνοντες.
1379 5162 1456 5215 In.

167 5172 239 5225 '50
294 5169 758 5231 Καταλιπόντες.
798 5169 1229 5235 Καταλιμπάνον

167 5169 260 5308 31;
308 5238 740 5308 Ἀμαρτήσωσι.
790 5237 1123 5308 Ἀμάρτωσι.
1152 5236 1229 5288 In.

144 5301 259 5383 (52)
270 5301 383 5363 Τοῧ
394 5301 637 5383 ἐπιστρέ
645 5312 749 5383 ψαι
764 5301 979 5383 εἰς’τὴξν
995 5304 1111 5383 γῆξθ
1125 5301 1656 5383 ανὺτῶνζυεξιιῃιλι).

298 5371 625 5453 Εὐσέϐειαν
638 5371 988 5453 ἐποίησαηέν
1002 5371 1238 5453 ’πείσαις
1260 5373 1388 5453 ταῖς
1410 5371 1659 5453 ἡμέραις

60 5444 253 5524 ἐμοῦ,
276 5451 371 5524 καὶ
405 5446 1042 5524 ἀλήθεια-νςῇΕύσέᾷειαν
1065 5447 1315 5524 ἐποίησα,
1348 5446 1406 5498 ἐν
1454 5444 1659 5505 πάσαις

62 5516 196 5585 ταῖς
228 5522 460 5591 ἡμέραις
482 5536 592 5591 μου
615 5519 871 5591 ἀλήθειαν
902 5516 1154 5588 ἐποίησα.
1186 5516 1261 5572 Ib.

148 5590 263 5665 (δέ)
311 5590 426 5665 ἀς.
478 5590 667 5665 Ὺπέρ.
707 5592 783 5643 lo.

297 5661 587 5736 ῌέμπτος.
628 5662 805 5736 Deest.
837 5661 914 5736 I_D.

148 5666 242 5736 (55
297 5666 587 5728 Πέμπτος.
628 5666 805 5715 Deest.
837 5666 914 5714 In.

148 5666 263 5805 (56}
302 5730 790 5801 Τεσσαρακοστῷ.
844 5731 1099 5801 Τετάρτῳ
1151 5728 1488 5800 legendum,
1533 5728 1659 5784 licet

1681 4472 1728 4527 Ι)

1747 3266 1923 3321 Beliar
1954 3263 2124 3335 fugiet
2151 3280 2180 3317 a
2213 3265 2403 3333 vobis;
2439 3274 2493 3320 et
2523 3267 2703 3320 omnis
2734 3267 2876 3320 actio
2899 3266 3339 3333 perniciosorum

1748 3357 2030 3411 hominum
2067 3372 2177 3410 non
2207 3358 2582 3412 dominabitur
2619 3356 2808 3421 vobis;
2837 3365 2891 3409 et
2931 3371 3147 3410 omnem
3181 3372 3340 3426 agre-

1749 3456 1885 3503 stem
1916 3448 2085 3503 feram
2116 3449 2361 3503 servituti
2396 3449 2722 3518 subjicietis,
2754 3448 3018 3502 habentes
3052 3450 3338 3504 vobiscum

1749 3540 1919 3595 Deum
1948 3542 2070 3596 coeli
2098 3560 2112 3607 ;
2147 3541 2491 3596 ambulantes
2517 3556 2640 3595 cum
2684 3540 3002 3595 hominibus
3044 3540 3098 3593 in
3131 3541 3341 3610 simpli-

1750 3635 1912 3690 citate
1944 3634 2148 3689 cordis.
2194 3653 2215 3685 ›
2248 3633 2315 3687 Et
2360 3632 2639 3688 mandavit
2678 3635 2781 3698 eis,
2820 3644 2881 3689 ut
2910 3635 3179 3689 reducant
3209 3652 3339 3690 eum

1751 3727 1805 3782 in
1841 3726 2083 3793 Hebron,
2118 3735 2169 3781 et
2212 3727 2323 3781 illic
2353 3742 2479 3780 eum
2524 3726 2792 3794 sepeliant
2827 3728 2882 3781 in
2923 3727 3183 3797 spelunca
3214 3744 3341 3783 cum

1751 3820 2003 3889 patribus
2053 3820 2190 3873 suis.
2230 3818 2297 3873 Et
2328 3818 2571 3873 extendit
2617 3819 2783 3886 pedes
2822 3835 2974 3885 suos,
3007 3830 3060 3874 et
3089 3830 3343 3877 mortuus

1753 3920 1834 3966 est
1868 3912 2093 3981 quintus
2136 3912 2304 3982 (ﬁlius
2352 3910 2522 3982 Liaa),
2556 3911 2611 3964 in
2656 3920 2936 3966 senectute
2962 3913 3126 3976 bona,
3166 3929 3333 3969 omne

1754 4004 2058 4058 membrum
2098 4003 2304 4058 habens
2328 4017 2547 4069 sanum,
2586 4010 2640 4057 et
2667 4013 2863 4072 potens
2902 4003 3166 4059 dormivit
3193 4020 3345 4060 som-

1757 4112 1886 4150 num
1918 4104 2260 4165 perpetuum.

2369 4207 2601 4264 CAPUT
2644 4208 2731 4264 Vl.

1763 4325 2151 4380 Testamentum
2190 4324 2431 4379 Zabulon
2452 4364 2473 4407 ,.
2502 4325 3058 4447 dedcommiseratione
3101 4332 3152 4378 et
3182 4325 3340 4379 misea

2426 4412 2566 4447 mor
2606 4412 2678 4447 ia.

2426 4412 2678 4449 rtcorata.

1827 4511 1867 4566 1.
1918 4511 2335 4581 Transcriptum
2387 4509 2672 4575 Zabulon,
2712 4510 2857 4579 quod
2898 4508 3168 4577 disposuit
3214 4508 3343 4564 ﬁliis

1760 4606 1876 4661 suis
1919 4606 2221 4660 centesimo
2249 4604 2462 4658 decimo
2495 4612 2692 4673 quarto
2717 4617 2864 4656 anno
2891 4603 3015 4658 vita
3046 4618 3180 4669 sum,
3220 4612 3342 4672 post

1759 4700 1901 4753 duos
1936 4712 2111 4751 annos
2144 4696 2337 4750 mortis
2384 4694 2605 4765 Ioseph.
2646 4694 2713 4749 Et
2749 4697 2889 4750 dixit
2915 4697 2995 4750 eis
3027 4714 3040 4750 :
3087 4715 3106 4748 ι
3141 4695 3342 4750 Audite

1759 4790 1866 4855 me,
1894 4788 1987 4843 ﬁlii
2020 4787 2294 4854 Zabulon,
2328 4786 2590 4841 attendite
2615 4788 2797 4842 verbis
2820 4789 2991 4858 patris
3015 4789 3201 4844 vestri.
3230 4788 3341 4855 Ego

1760 4960 1868 5005 tam
1905 4950 1956 5003 in
1990 4946 2318 5012 Oxoniensi,
2363 4963 2526 5018 quam
2560 4947 2998 5018 Cantabrigiensi
3026 4948 3215 5003 codice
3244 4948 3347 5003 ha-

1762 5025 1951 5074 beatur
1985 5019 2439 5090 τεσσαρακοστῷ,
2477 5020 2727 5090 quamvis
2770 5018 2825 5071 in
2858 5019 2963 5090 illo,
2986 5019 3177 5072 ultima
3216 5034 3347 5088 pars

1761 5091 1927 5160 hujus
1976 5090 2126 5143 vocis
2161 5089 2344 5160 deleta
2382 5089 2485 5154 Sit,
2531 5089 2678 5157 quod
2703 5104 2876 5160 error
2919 5089 3343 5158 chronologicus

1761 5157 2279 5229 deprehemleretur.
2306 5158 2497 5213 Ruben
2520 5160 2666 5212 enim
2693 5157 2864 5213 frater
2887 5168 3017 5212 natu
3043 5157 3342 5226 maximus,

1762 5228 1953 5285 eodem
2027 5246 2137 5297 quo
2185 5228 2429 5283 Zabulon
2479 5244 2654 5292 anno,
2694 5229 2933 5283 secundo
2977 5229 3184 5283 scilicet
3221 5236 3349 5297 post

1761 5310 1993 5355 mortem
2039 5297 2286 5367 Josephi,
2318 5298 2608 5353 defunctus
2657 5299 2859 5353 dicitur
2901 5313 3067 5366 supra
3111 5297 3343 5351 Testam.

1764 5373 1805 5437 Ι,
1839 5371 1866 5442 §
1903 5371 1955 5425 1.
1984 5370 2163 5442 Atqui
2186 5370 2232 5423 is
2258 5369 2485 5442 ibidem
2522 5378 2773 5442 mortuus
2811 5368 3025 5442 dicitur
3049 5367 3153 5421 1θό
3200 5382 3346 5420 anno

1761 5438 1887 5496 vitae
1906 5438 2095 5509 ipsius.
2120 5438 2238 5493 Non
2257 5439 2420 5509 igitur
2437 5439 2703 5503 Zabulon,
2729 5438 3118 5508 lraterjunior,
3138 5451 3345 5489 annum

1765 5514 1869 5567 150
1900 5512 2166 5581 attingere
2198 5512 2391 5578 potuit,
2422 5510 2517 5565 sed
2556 5510 2743 5578 utique
2788 5509 2889 5581 1H
2919 5523 3065 5581 anno
3091 5516 3346 5581 mortuus

1764 5592 1867 5647 est,
1898 5593 1955 5636 ut
1985 5578 2162 5636 Latini
2195 5582 2412 5635 codices
2435 5622 2450 5646 ,
2492 5580 2854 5648 manuscripti
2901 5580 3199 5649 pariturae
3239 5578 3345 5629 im-

1764 5654 1963 5723 pressi,
1994 5655 2211 5706 habent.
2245 5650 2351 5706 Sed
2376 5652 2433 5707 in
2469 5651 2556 5707 bis
2579 5650 2718 5705 male
2741 5650 2831 5716 52,
2867 5648 2967 5721 pro
2996 5648 3214 5704 duobus
3246 5663 3345 5701 au-

1768 5728 1855 5781 nis
1878 5724 2040 5796 positi
2070 5734 2216 5781 sunt.
2245 5724 2318 5778 ιυ.

2764 1240 2817 1285 et
2885 1232 3323 1301 derelinquentcs
3404 1240 3411 1253 ‘
