3830 6216
486 314 620 372 1001

482 448 603 493 sum
640 430 907 496 Zabulon,
954 427 1104 483 datio
1149 426 1290 481 bona
1333 422 1670 495 genitoribus
1718 422 1879 477 meis.
1912 421 2050 476 Cum
2082 423 2129 480 Α

480 526 624 579 enim
653 522 869 595 genitus
895 535 1095 586 essem,
1121 518 1276 572 valde
1313 524 1507 571 auctus
1543 524 1627 570 est
1670 523 1824 583 pater
1867 521 2053 567 noster

480 629 533 673 et
558 616 810 686 gregibus
833 624 887 668 et
917 609 1198 674 armentis,
1231 608 1450 679 quando
1476 607 1531 661 in
1566 605 1734 660 variis
1760 604 1929 675 virgis
1956 602 2056 656 ha-

482 711 601 767 buit
641 717 867 763 sortem.
910 703 1028 759 Non
1071 702 1219 768 novi,
1250 701 1341 755 filii
1396 699 1533 765 mei,
1566 696 1711 768 quod
1752 693 1968 765 peccavi
1998 694 2054 747 in

479 803 673 859 diebus
720 799 881 865 meis,
912 806 1274 867 praeterquam
1320 802 1527 858 mente;
1570 805 1747 861 neque
1772 787 2052 851 recordor,

478 895 624 966 quod
658 892 1002 963 iniquitatem
1048 888 1175 953 feci,
1228 894 1425 958 praeter
1474 881 1841 954 ignorantiam
1890 893 2056 949 quam

479 987 581 1043 feci
617 986 673 1042 in
697 982 919 1052 Joseph,
958 980 1218 1051 quoniam
1248 978 1417 1033 celavi
1443 990 1568 1031 cum
1601 973 1867 1028 fratribus
1894 970 2053 1033 meis,

478 1087 539 1134 ut
590 1095 699 1133 non
743 1077 979 1132 dicerem
1024 1072 1166 1144 patri
1208 1086 1330 1126 meo
1369 1068 1514 1139 quod
1561 1066 1765 1121 factum
1808 1074 1943 1121 erat.
1992 1062 2059 1116 Et

476 1170 600 1225 flevi
649 1169 879 1224 multum
938 1166 992 1220 in
1022 1164 1347 1221 abscondito
1394 1178 1405 1213 :
1452 1159 1609 1215 timui
1658 1159 1804 1214 enim
1858 1154 2059 1211 fratres

478 1276 651 1327 meos,
696 1257 954 1329 quoniam
1006 1254 1394 1324 conspirabant
1443 1264 1634 1304 omnes
1679 1246 1865 1315 simul,
1912 1253 1972 1299 ut
2013 1243 2061 1299 si

478 1355 604 1424 quis
635 1353 897 1407 revelaret
941 1348 1285 1419 mysterium,
1332 1344 1646 1399 occiderent
1688 1357 1815 1396 eum
1856 1338 2056 1410 gladio.

480 1444 887 1509 Verumtamen,
910 1441 1129 1513 quando
1156 1438 1410 1493 volebant
1433 1436 1681 1491 occidere
1710 1449 1859 1499 eum,
1890 1431 2061 1485 multa

478 1537 798 1593 testificatus
826 1550 945 1591 sum
976 1534 1058 1589 eis
1102 1548 1228 1588 cum
1269 1530 1524 1601 lacrymis
1544 1570 1560 1595 ,
1588 1536 1645 1583 ut
1680 1542 1791 1582 non
1819 1524 2063 1581 facerent

478 1631 821 1701 iniquitatem
850 1627 1013 1681 hanc.

549 1814 615 1869 ll.
661 1834 680 1867 ‹
710 1814 989 1869 Venerunt
1016 1812 1162 1867 enim
1209 1810 1432 1865 Simeon
1475 1816 1530 1863 et
1574 1807 1689 1863 Gad
1722 1807 1781 1862 in
1822 1805 2056 1876 Josepb,

476 1914 540 1963 ut
565 1905 878 1962 occiderent
908 1919 1032 1957 eum
1056 1922 1069 1969 ;
1100 1912 1155 1957 et
1182 1902 1384 1956 cadens
1418 1915 1582 1969 super
1608 1898 1803 1953 faciem
1832 1894 2058 1966 Joseph,

478 1998 618 2053 dixit
650 1997 729 2053 eis
759 2015 773 2050 :
814 2015 832 2047 ‹
869 1995 1199 2051 Miseremini
1251 1994 1377 2058 mei,
1412 1992 1609 2047 fratres
1658 1991 1798 2057 mei,
1832 1989 2060 2044 misere-

479 2093 613 2148 mini
642 2092 918 2148 viscerum
946 2088 1114 2144 Jacob
1143 2088 1315 2158 patris
1344 2086 1542 2141 nostri.
1590 2084 1667 2139 Ne
1710 2082 1970 2154 injiciatis
2004 2083 2059 2136 in

477 2201 565 2239 me
597 2200 793 2239 manus
827 2191 1058 2248 vestras,
1093 2182 1159 2236 ad
1193 2179 1581 2236 effundendum
1622 2178 1945 2247 sanguinem
1976 2175 2061 2229 in-

478 2288 793 2344 nocentem,
827 2276 1088 2347 quoniam
1138 2290 1245 2328 non
1291 2272 1510 2343 peccavi
1563 2271 1619 2325 in
1668 2286 1785 2325 vos.
1820 2269 1879 2323 Si
1930 2284 2060 2323 vero

476 2371 719 2442 peccavi,
754 2371 808 2424 in
859 2367 1151 2437 disciplina
1202 2366 1413 2420 erudite
1447 2378 1572 2429 me;
1608 2378 1830 2417 manum
1876 2369 2057 2415 autem

475 2471 716 2517 vestram
768 2476 837 2515 ne
886 2459 1135 2514 in‘feratis
1193 2466 1413 2527 propter
1466 2454 1634 2510 Jacob
1688 2463 1897 2525 patrem
1956 2470 2058 2508 no-

477 2563 673 2609 strum.
720 2569 739 2603 ι
779 2550 849 2606 Ut
879 2560 1060 2606 autem
1111 2549 1247 2604 dixit
1290 2548 1457 2602 verba
1505 2548 1661 2614 haec,
1713 2544 2060 2599 miseratione

479 2654 789 2701 commotus
824 2658 970 2709 sum,
1005 2651 1060 2697 et
1088 2642 1268 2712 incepi
1299 2642 1449 2705 flere,
1491 2651 1544 2694 et
1575 2640 1775 2708 hepata
1808 2653 1928 2693 mea
1969 2654 2056 2691 τοι

476 2739 655 2796 soluta
689 2744 817 2791 sunt
857 2735 912 2789 in
953 2750 1060 2800 me,
1089 2742 1143 2789 et
1187 2735 1368 2787 omnis
1396 2731 1747 2786 subsistentia
1785 2729 2056 2783 viscerum

476 2844 725 2883 meorum
776 2827 956 2880 laxata
996 2835 1080 2882 est
1126 2842 1292 2896 super
1344 2824 1584 2878 animam
1632 2837 1833 2876 meam.
1885 2820 2060 2875 Flevit

476 2926 658 2973 autem
685 2926 738 2972 et
768 2915 989 2986 Joscph,
1014 2924 1068 2971 et
1095 2933 1194 2987 ego
1223 2932 1347 2971 cum
1378 2917 1519 2985 ipso,
1551 2923 1604 2971 et
1647 2915 1933 2970 intremuit
1962 2929 2059 2968 cor

476 3024 681 3075 meum,
724 3016 780 3063 et
823 3009 1097 3078 junctura:
1142 3006 1390 3076 corporis
1431 3006 1537 3059 mei
1583 3012 1956 3075 expaverunt,
2006 3012 2059 3058 et

476 3114 585 3154 non
618 3099 767 3168 potui
804 3107 968 3153 stare.
1000 3095 1064 3150 Et
1092 3097 1279 3151 videns
1326 3110 1413 3149 me
1456 3094 1673 3148 flentem
1716 3106 1842 3147 cum
1876 3106 1972 3157 eo,
2004 3099 2056 3143 et
2084 3110 2125 3167 ρ

475 3191 599 3244 illos
645 3188 1091 3259 supervenientes
1137 3187 1201 3240 ad
1246 3184 1603 3239 occidendum
1653 3199 1812 3249 eum,
1859 3182 2059 3253 refugit

474 3288 601 3351 post
640 3294 747 3344 me,
778 3278 1076 3346 deprecans
1114 3276 1282 3344 ipsos.
1303 3273 1617 3343 Exsurgens
1650 3281 1830 3326 autem
1866 3270 2055 3325 Ruben

476 3371 667 3427 dixitzr
692 3370 933 3433 Fratres,
964 3384 1033 3422 ne
1059 3368 1379 3423 occidalnus
1400 3382 1547 3430 eum,
1579 3365 1671 3420 sed
1702 3364 2058 3434 projiciamus

476 3481 603 3520 eum
640 3464 695 3518 in
725 3478 895 3518 unum
930 3463 1148 3516 lacuum
1174 3461 1370 3514 horum
1411 3459 1707 3523 siccorum,
1736 3472 1876 3527 quos
1902 3455 2057 3509 fode-

476 3564 608 3612 runt
638 3564 819 3626 patres
846 3554 1038 3619 nostri,
1063 3560 1117 3607 et
1147 3568 1254 3606 non
1280 3551 1606 3605 invenerunt
1635 3565 1857 3619 aquam.
1883 3568 1900 3601 ι
1926 3546 2061 3602 Pro-

475 3657 595 3718 pter
622 3647 725 3700 hoc
747 3645 893 3700 enim
925 3643 1210 3713 prohibuit
1236 3640 1504 3695 Dominus
1526 3640 1824 3694 ascendere
1855 3652 2057 3708 aquam

476 3737 533 3790 in
557 3736 661 3800 eis,
697 3743 759 3789 ut
798 3735 951 3789 fieret
985 3734 1251 3804 protectio
1277 3732 1504 3804 Joseph.
1537 3734 1603 3789 Et
1629 3734 1760 3791 fecit
1791 3734 2057 3791 Dominus

478 3831 575 3897 ita,
608 3829 783 3883 donec
808 3826 1173 3881 vendiderunt
1203 3842 1328 3880 eum
1352 3826 1665 3883 fsmaelitis.

547 3920 635 3976 lll.
684 3939 702 3971 ι
741 3919 951 3973 Etenim
991 3920 1043 3973 in
1075 3921 1250 3991 pretio
1274 3919 1477 3991 Ioseph
1519 3936 1621 3991 ego
1661 3936 1769 3976 non
1807 3936 2058 3975 commu-

476 4015 657 4071 nicavi
699 4013 835 4084 (42),
868 4014 1006 4080 filii;
1056 4014 1153 4069 sed
1183 4012 1427 4081 Simeon,
1461 4022 1514 4069 et
1553 4014 1692 4081 Gad,
1736 4022 1792 4069 et
1825 4014 1917 4069 alii
1961 4030 2055 4069 sex

477 4107 675 4163 fratres
710 4110 885 4163 nostri
911 4108 1239 4177 accipientes
1288 4108 1521 4177 pretium
1554 4105 1776 4177 Joscph,
1807 4117 2059 4162 emerunt

478 4200 848 4255 calceamenta
893 4201 999 4256 sibi
1046 4201 1198 4270 ipsis,
1236 4208 1289 4255 et
1341 4201 1608 4255 uxoribus
1650 4201 1785 4264 suis,
1830 4209 1884 4254 et
1932 4200 2056 4255 ﬁliis

479 4293 621 4359 suis,
660 4291 905 4348 dicentes
947 4308 1010 4344 ε(
1046 4291 1314 4358 Quoniam
1361 4292 1598 4361 pretium
1647 4292 1931 4361 sanguinis
1974 4304 2058 4347 est

481 4381 668 4438 fratris
698 4384 871 4438 nostri
905 4383 1032 4448 hoc,
1069 4398 1137 4437 ne
1174 4383 1525 4437 comedamus
1559 4383 1761 4451 ipsum,
1791 4382 1884 4435 sed
1921 4397 2054 4436 con-

480 4474 787 4529 culcatione
816 4473 1206 4528 conculcemus
1250 4472 1451 4541 ipsum,
1491 4487 1586 4540 pro
1626 4488 1689 4525 eo
1717 4473 1861 4541 quod
1897 4473 2054 4539 dixit,
2088 4472 2132 4527 Ι)

482 4586 542 4626 se
572 4578 925 4642 regnaturum
972 4582 1135 4636 super
1178 4581 1304 4630 nos;
1346 4573 1400 4619 et
1435 4565 1717 4619 videamus
1753 4564 1885 4635 quid
1932 4581 2060 4635 por-

483 4662 705 4716 tendant
753 4658 967 4714 somnia
1014 4658 1153 4727 ejus.
1192 4677 1209 4708 ι
1236 4656 1464 4725 Propter
1513 4655 1617 4710 hoc
1663 4655 1719 4709 in
1772 4655 2061 4724 scripturis

483 4753 616 4824 legis
663 4750 851 4806 Enoch
909 4752 1172 4821 scriptum
1222 4761 1334 4816 est,
1384 4766 1495 4805 non
1540 4749 1744 4804 volenti
1791 4750 2062 4804 suscitare

552 4885 667 5025 (57)
704 4885 821 4937 Υἱοὶ
856 4883 1191 4937 Ζαϐουλὼν.
1224 4884 1411 4952 Λόγων
1445 4883 1570 4938 add.
1598 4886 1766 4940 GRAB.

579 4955 645 5009 58
702 4956 877 5020 Δόσις
905 4953 1116 5024 ἀγαθή.
1158 4954 1363 5008 Αιιυὼι
1387 4954 1452 5008 ad
1481 4955 1646 5008 verba
1693 4970 1766 5008 ma

579 4953 667 5024 58)
702 4956 877 5020 Δόσις
905 4953 1116 5024 ἀγαθή.
1158 4954 1363 5008 Αιιυὼι
1387 4954 1452 5008 ad
1481 4955 1646 5008 verba
1693 4956 1883 5009 matris
1917 4954 2059 5023 Liae,

484 5024 607 5095 quae
637 5024 928 5095 protulisse
952 5026 1172 5095 dicitur,
1210 5025 1430 5093 quando
1453 5040 1577 5079 eum
1607 5024 1767 5078 enixa
1791 5034 1926 5089 erat,
1958 5025 2062 5079 Ge-

486 5094 605 5150 Iics.
635 5094 743 5149 xxx
767 5136 781 5159 ,
815 5095 887 5147 20
916 5111 929 5146 :
968 5094 1171 5147 Bonam
1212 5097 1504 5164 portionem
1543 5095 1771 5164 largitus
1804 5106 1881 5149 est
1934 5096 2063 5148 mihi

490 5167 626 5220 Deus
658 5183 676 5219 :
697 5166 859 5218 etiam
888 5166 984 5218 hac
1007 5166 1113 5218 vice
1136 5165 1390 5218 habitabit
1422 5166 1647 5218 maritus
1664 5182 1807 5218 meus
1833 5183 2057 5232 mecum,

486 5254 545 5289 eo
576 5236 712 5305 quod
738 5237 1007 5316 genuerint
1035 5238 1083 5289 ei
1113 5252 1204 5316 sea:
1226 5236 1415 5316 ﬁlios_:
1454 5246 1500 5288 et
1534 5237 1739 5316 idcirco
1775 5236 2061 5316 appellapit

486 5303 810 5427 nontenlej'us
834 5303 1093 5361 Zabulon.
1112 5303 1347 5362 Consule
1377 5308 1699 5375 interpretes
1727 5307 1783 5361 in
1811 5303 1965 5362 hunc
1988 5309 2063 5361 lo-

488 5392 634 5431 cum.
695 5392 747 5429 υ.

560 5416 1080 5586 ἐξὸζιπέσκέπασα.
1129 5445 1477 5501 Ἐϐεϐαίωσα.
1507 5450 1587 5502 lo.

582 5518 650 5570 40
706 5517 814 5569 Καὶ
858 5516 1102 5586 ἔκλαιον
1132 5520 1332 5571 πολλὰ
1363 5518 1432 5570 ἐν
1467 5536 1587 5586 κρυε

582 5516 670 5586 40)
706 5516 1102 5591 Καὶ-ἐξιλᾳηιον
1132 5520 1332 5571 πολλὰ
1363 5518 1432 5570 ἐν
1467 5518 1687 5591 κρυφῇθ
1721 5519 2062 5591 ἐφοϐούμην

489 5585 598 5670 τὰρ
624 5585 783 5652 τούς.
830 5585 964 5637 Ἀλλ’
992 5586 1204 5640 ἔκλαιον
1231 5592 1412 5659 κρυφῆ
1449 5585 1663 5661 ἡμέρας
1702 5585 1901 5655 πολλὰς
1937 5585 2065 5664 περὶ

522 5658 722 5711 Ιωσήφ·
752 5656 845 5709 καὶ
871 5656 1180 5711 ἐφοϐούμην
1206 5658 1350 5711 τούς.
1380 5644 1457 5711 in.

561 5673 722 5727 υσηφ·
752 5673 845 5709 και
871 5673 1180 5728 εφοοουμην
1206 5676 1350 5721 τους.
1381 5673 1457 5712 ID.

561 5728 673 5797 (41)
718 5725 829 5794 Τῆς
857 5726 1047 5797 τιμῆς.
1081 5728 1154 5781 Τὸ
1179 5728 1409 5800 τίμημα.
1443 5733 1518 5788 In.

1508 290 1973 360 τΕεΤΑιιΕΝτΑ
2004 290 2103 357 x11
2131 286 2679 355 PATRIARCHARU
2692 286 2762 348 Μ.

2090 1765 2134 1823 Β

3636 274 3817 341 ἰωῖ

2157 417 2263 471 λὼν
2290 414 2425 487 (57),
2452 411 2749 483 προσέχετε
2780 408 2988 480 ῥήμασι
3016 398 3221 475 πατρὸς
3260 394 3436 473 ὗμῶν.
3484 399 3647 468 Ἐτώ
3664 403 3779 468 εἰμι

2159 504 2465 568 Ζαϐουλὼν,
2493 503 2639 565 δόσις
2656 499 2833 570 ἀγαθὴ
2868 498 2978 568 (38)
3004 500 3117 560 τοῖς
3142 494 3358 564 γονεῦσι
3386 511 3519 564 μου.
3538 491 3641 545 Ἐν
3669 492 3776 561 γάρ

2154 593 2235 664 τῷ
2269 590 2597 663 γεννηθῆναί
2634 607 2699 660 με
2737 588 2944 659 ηὐξήθη
2993 588 3022 639 ό
3071 584 3250 655 πατὴρ
3290 583 3450 653 ἡμῶν
3496 582 3615 645 ἕως
3648 583 3775 649 σε,νὸ-

2155 684 2277 755 δρα,
2316 684 2411 736 καὶ
2451 680 2521 734 τά
2561 681 2811 749 ποίμνια,
2850 677 2945 730 καὶ
2983 676 3053 729 τά
3088 675 3375 745 βουκόλια,
3412 674 3514 726 ὅτε
3559 674 3626 725 ἐν
3658 676 3773 733 ταῖς

2159 772 2431 835 ποικίλαις
2460 769 2673 841 ῥάϐδοις
2701 765 2813 839 εἶχε
2853 767 2943 820 τὸν
2970 767 3184 837 κλῆρον.
3217 766 3331 818 Οὐκ
3366 765 3579 832 ἔγνων,
3604 764 3772 816 τέκνα

2162 881 2285 936 μου,
2320 863 2402 915 ὅτι
2425 862 2673 931 ἥμαρτον
2694 861 2751 911 ἐν
2784 859 2905 920 ταῖς
2926 856 3185 927 ἡμέραις,
3213 854 3498 923 παρεκτὸς
3534 853 3771 914 ἐννοίας·

2159 956 2281 1010 οὐδὲ
2333 955 2751 1025 μιμνήσκομαι,
2799 950 2882 1002 ὅτι
2922 947 3267 1019 παρανομίαν
3303 945 3588 1015 ἐποίησα,
3638 944 3775 1013 πλὴν

2161 1046 2259 1115 τὴν
2286 1045 2528 1112 ἄγνοιαν,
2547 1044 2612 1113 ἢν
2634 1040 2864 1111 ἐποίησα
2883 1039 2977 1091 ἐπὶ
3000 1034 3218 1108 Ἰωσὴφ,
3242 1037 3322 1089 ὅτι
3341 1036 3649 1089 ἐσκέπαπ.
3669 1034 3779 1105 (39)

2162 1140 2257 1191 ἐπὶ
2290 1139 2404 1199 τοῖς
2467 1134 2721 1203 ἀδελφοῖς
2764 1148 2889 1198 μου,
2955 1130 3030 1201 μὴ
3082 1131 3258 1182 εἰπεῖν
3301 1127 3383 1198 τῷ
3441 1128 3632 1197 πατρί
3680 1144 3775 1195 μου

2161 1230 2227 1284 τὸ
2258 1229 2571 1299 γενόμενον.
2599 1222 2707 1275 Καὶ
2745 1221 2963 1276 ἔκλαιον
3003 1219 3173 1273 πολλά
3196 1221 3254 1272 ἐν
3289 1222 3506 1289 κρυφῇ·
3548 1217 3780 1286 ἐφοϐού-

2167 1339 2273 1393 μην
2294 1320 2403 1389 γάρ
2425 1319 2551 1381 τοὺς
2589 1308 2701 1386 (40)
2737 1312 3001 1383 ἀδελφούς
3041 1329 3165 1382 μου,
3195 1312 3279 1363 ὅτι
3313 1302 3620 1363 συνέθεντο
3646 1308 3781 1360 πάν-

2162 1428 2253 1474 τες
2285 1408 2441 1480 ὁμοῦ,
2466 1405 2600 1468 εῐτις
2623 1404 2814 1476 ἐξείπῃ
2836 1403 2898 1456 τὸ
2933 1402 3231 1473 μυστήριον
3250 1438 3264 1463 ,
3292 1398 3671 1469 ἀναιρεθῆναι
3690 1399 3781 1449 αὖα

2162 1499 2254 1552 τὸν
2278 1495 2542 1569 μαχαίρᾳ.
2582 1493 2727 1569 Πλὴν
2760 1494 2838 1557 δέ,
2879 1493 2969 1545 ὅτε
3004 1490 3286 1545 ἐϐούλοντο
3319 1490 3547 1543 ἀνελεῖν
3590 1488 3779 1547 αὑτὸν,

2165 1589 2336 1644 πολλὰ
2367 1568 2820 1659 διεμαρῦἷράμην
2854 1586 3041 1648 αὐτοῖς
3079 1583 3216 1655 μετὰ
3245 1581 3533 1653 δακρύων,
3574 1580 3679 1633 τοῦ
3710 1580 3781 1650 μὴ

2167 1680 2389 1750 ποιῆσαι
2411 1677 2509 1747 τὴν
2532 1675 2765 1745 ἀνομίαν
2798 1671 3025 1744 ταύτην.

2230 1811 2304 1864 B'.
2348 1830 2367 1862 ι
2390 1806 2595 1863 *Ηλθον
2630 1807 2739 1879 γὰρ
2761 1806 2986 1877 Συμεὼν
3015 1806 3108 1859 καὶ
3142 1803 3248 1857 Γὰδ
3273 1804 3367 1856 ἐπὶ
3397 1803 3498 1855 τὸν
3549 1800 3781 1871 Ἰωσὴςξ,

2159 1902 2252 1955 τοῦ
2278 1901 2487 1955 ἀνελεῖν
2522 1899 2705 1952 αὐτόν’
2742 1900 2837 1952 καὶ
2861 1896 3042 1950 πεσὼν
3078 1897 3169 1948 ἐπὶ
3194 1896 3492 1966 πρόσωπον
3536 1892 3775 1963 Ἰωσὴφ,

2161 1992 2344 2061 ἔλεγεν
2372 1993 2577 2055 αὐτοῖς·
2612 2008 2630 2041 ι
2672 1987 2963 2059 Ἑλεήσατέ
2982 2004 3071 2057 με,
3090 1984 3306 2054 ἀδελφοί
3334 2002 3461 2055 μου,
3491 1985 3782 2053 οἰκτειρή-

2163 2102 2291 2138 σατε
2319 2084 2601 2154 σπλάγχνα
2635 2080 2830 2135 Ἰακὼϐ
2854 2079 2948 2133 τοῦ
2975 2078 3180 2150 πατρὸς
3204 2076 3383 2148 ἡμῶν.
3428 2077 3532 2146 Μὴ
3570 2077 3781 2143 ἐπαγά-

2161 2194 2294 2248 γητε
2347 2174 2433 2229 ἐπ’
2476 2174 2576 2245 ἐμὲ
2611 2172 2710 2237 τὰς
2758 2173 2948 2243 χεῖρας
3005 2167 3180 2240 ὑμῶν,
3236 2166 3331 2219 τοῦ
3379 2166 3586 2237 ἐκχέαι
3636 2160 3779 2234 αἷμα

2161 2268 2357 2332 ἀθῶον,
2392 2267 2475 2319 ὅτι
2496 2265 2861 2335 οὑχήμαρτον
2897 2264 2978 2325 είς
3015 2262 3178 2331 ὑμᾶς.
3206 2260 3271 2313 Εί
3303 2259 3362 2312 δὲ
3404 2260 3694 2330 ἥμαρτον,
3723 2261 3779 2309 ἐν

2161 2358 2381 2428 παιδείᾳ
2400 2355 2725 2410 παιδεύσατέ
2749 2372 2837 2426 με’
2863 2355 2961 2426 τὴν
2984 2352 3040 2405 δὲ
3058 2355 3213 2423 χεῖρα
3240 2350 3399 2422 ὑμῶν
3426 2351 3509 2422 μὴ
3536 2351 3768 2418 ἐπενέγ-

2160 2468 2292 2505 κατε
2320 2449 2408 2503 διά
2454 2448 2646 2502 Ἰακὼϐ
2669 2447 2761 2500 τὸν
2795 2446 3006 2517 πατέρα
3039 2443 3214 2515 ἡμῶν.
3248 2462 3266 2495 ι
3310 2444 3401 2505 Ὡς
3428 2442 3685 2511 δὲ’ἔλεγε
3710 2442 3777 2494 τὰ

2163 2545 2389 2615 ῥήματα
2428 2541 2622 2605 ταῦτα,
2670 2541 2750 2603 είς
2789 2536 2970 2591 οἶκτον
2999 2532 3160 2607 ἦλθον
3190 2534 3300 2603 ἐγὼ
3324 2574 3340 2598 ,
3379 2535 3479 2588 καὶ
3514 2534 3775 2606 ἠρξάμην

2162 2633 2394 2696 κλαίειν,
2424 2634 2518 2687 καὶ
2550 2631 2620 2684 τά
2647 2629 2838 2701 ἦπατά
2872 2648 2974 2700 μου
3007 2628 3339 2698 ἐξελύθησαν
3376 2628 3469 2679 ἐπ’
3516 2626 3644 2696 ἐμὲ,
3682 2626 3774 2679 καὶ

2162 2729 2313 2779 πᾶσα
2338 2728 2370 2794 ἡ
2398 2726 2698 2786 ὑπόστασις
2724 2721 2833 2774 τῶν
2870 2722 3191 2791 σπλάγχνων
3220 2718 3529 2789 ἐχαυνοῦτο
3557 2720 3653 2771 ἐπὶ
3680 2720 3775 2789 τὴν

2159 2817 2337 2888 ψυχήν
2372 2833 2493 2887 μου.
2526 2813 2751 2867 Ἔκλαιε
2775 2812 2831 2865 δὲ
2870 2813 2966 2865 καὶ
3000 2812 3218 2881 Ἰωσὴφ,
3258 2808 3419 2878 κάγὼ
3458 2812 3566 2863 σὺν
3604 2808 3772 2879 αὐτῷ,

2161 2910 2254 2962 καὶ
2279 2905 2500 2978 ἐϐόμϐει
2526 2907 2559 2976 ἡ
2587 2904 2784 2977 καρδία
2824 2920 2945 2975 μου,
2970 2902 3064 2955 καὶ
3091 2902 3140 2953 οἱ
3175 2901 3343 2971 ἀρμοὶ
3378 2898 3478 2953 τοῦ
3521 2898 3774 2970 σώματός

2164 3020 2265 3073 μου
2293 3000 2609 3070 ἐξέστησαν,
2645 2998 2739 3050 καὶ
2774 2997 2873 3049 οὐκ
2908 2994 3188 3065 ἠδυνάμην
3229 2994 3445 3064 στῆναι.
3489 2993 3609 3045 Καὶ
3657 2992 3775 3044 ἰδών

2163 3112 2230 3166 με
2268 3092 2632 3162 συγκλαίοντα
2673 3090 2844 3159 αὐτῷ,
2874 3089 3159 3150 κάκείνους
3201 3087 3623 3158 ἐπερχομένους
3657 3087 3775 3138 ἀνευ

2163 3187 2273 3239 λεῖν
2297 3185 2481 3250 αὐτὸν,
2524 3183 2831 3252 κατέφυγεν
2870 3180 3045 3234 ὀπίσω
3094 3196 3215 3249 μου,
3253 3177 3520 3248 δεόμενος
3570 3178 3773 3231 αὑτιῖιν.

2176 3274 2438 3338 Ἀναστὰς
2467 3274 2524 3326 δέ
2558 3272 2802 3343 Ῥουϐὴμ
2830 3267 3008 3324 εἶπεν·
3049 3288 3069 3321 ι
3104 3268 3375 3337 ’Δδελφοῐη
3406 3270 3486 3341 μὴ
3514 3269 3775 3322 ἀποκτεί-

2162 3385 2342 3438 νωμεν
2369 3365 2555 3431 αὑτὸν,
2594 3364 2732 3417 ἀλλά
2771 3363 3021 3435 ῥίψωμεν
3053 3358 3213 3415 αὐτὸν
3247 3362 3329 3423 εἰς
3363 3360 3463 3413 ἕνα
3498 3361 3617 3413 τῶν
3654 3361 3776 3414 λάι-

2162 3477 2273 3512 κων
2296 3457 2406 3511 τῶν
2432 3455 2614 3529 ξηρῶν
2636 3454 2863 3519 τούτων,
2891 3448 2966 3507 ὧν
2985 3452 3199 3525 ὤρυξαν
3224 3455 3273 3505 οἱ
3310 3453 3566 3524 πατέρες
3595 3452 3770 3522 ἡμῶν,

2161 3549 2258 3602 καὶ
2289 3548 2390 3618 οὐχ
2422 3540 2579 3618 εὖρον
2603 3544 2799 3616 ὕδωρ.»
2827 3542 3062 3625 Atilii:
3093 3542 3251 3599 τοῦτο
3285 3542 3541 3597 ἐκώλυσε
3569 3545 3771 3615 Κύριος

2162 3639 2308 3711 ὕδωρ
2349 3638 2618 3708 ἀναϐῆναι
2666 3637 2725 3689 ἐν
2762 3635 2983 3699 αὐτοῖς,
3020 3635 3106 3688 ἵνα
3141 3635 3371 3705 γένηται
3411 3637 3773 3707 περιποίησις

2159 3732 2237 3803 τῷ
2253 3733 2471 3802 Ἰωσήφ.
2510 3731 2620 3783 Καὶ
2653 3728 2878 3798 ἐποίησε
2905 3727 3107 3799 Κύριος
3140 3725 3331 3792 οὕτως,
3359 3726 3471 3791 ἕως
3508 3722 3573 3781 οὗ
3610 3725 3770 3781 αὑτὸν

2158 3827 2273 3889 τοῖς
2322 3822 2697 3894 Ἰσμαηλίταις
2732 3817 3044 3890 ἐπώλησαν.

2228 3940 2302 3993 Γ¹.
2349 3959 2367 3991 ι
2392 3938 2500 3993 Καὶ
2537 3939 2645 4009 γὰρ
2668 3936 2774 4007 ’τῆς
2804 3936 2972 4006 τιμῆς
2989 3934 3099 4006 (41)
3124 3934 3217 3988 τοῦ
3264 3936 3467 4004 Ἰωσὴφ
3520 3933 3641 4004 ἐγὼ
3669 3937 3769 3990 οὐκ

2159 4032 2514 4103 ἐκοινώνησα,
2570 4032 2757 4093 τέκνα,
2808 4029 2944 4082 ἀλλά
2992 4028 3240 4098 Συμεὼν,
3278 4030 3373 4081 καὶ
3422 4028 3563 4092 Γὰδ,
3597 4033 3766 4083 mlo!

2159 4126 2376 4195 όιδελιρο)⁵
2410 4124 2468 4189 ἐξ
2510 4122 2623 4193 (45)
2656 4121 2805 4175 ἄλλοι
2844 4119 3002 4191 ἡμῶν
3035 4118 3290 4181 λαϐόντες
3318 4119 3421 4190 τὴν
3464 4122 3647 4191 τιμὴν
3677 4120 3764 4174 τοῦ

2177 4215 2398 4287 Ἰωσὴφ,
2445 4213 2778 4285 ἐπριάσαντο
2821 4211 3145 4281 ὑποδήματα
3201 4211 3447 4274 ἑαυτοῖς,
3501 4213 3603 4264 καὶ
3651 4215 3765 4274 sai;

2159 4308 2401 4378 γυναιξὶν
2446 4306 2650 4370 αὐτῶν,
2687 4308 2784 4360 καὶ
2829 4309 2943 4369 τοῖς
2984 4305 3199 4367 τέκνοις
3234 4302 3437 4368 αὐτῶν,
3481 4306 3759 4369 εἰπόντες·

2166 4421 2183 4452 ι
2200 4403 2322 4455 Ὅτι
2349 4400 2481 4470 τιμὴ
2515 4397 2747 4469 αἵματός
2766 4399 2914 4451 ἐστιν
2936 4396 3166 4467 ἀδελφοῦ
3191 4394 3346 4467 ἡμῶν
3368 4392 3541 4468 αὕτη,
3566 4397 3629 4449 οὺ
3665 4415 3758 4465 σα-

2162 4489 2386 4561 γὼμεθα
2421 4490 2611 4559 αὐτὴν,
2661 4487 2796 4541 ἀλλά
2838 4488 3220 4557 καταπατήσει
3272 4488 3758 4556 καταπατήσωμεν

2161 4580 2350 4650 αὐτὴν,
2394 4578 2510 4632 ἀνθ’
2553 4572 2629 4631 ὧν
2668 4574 2790 4629 εἶπε
2823 4575 3128 4646 βασιλεύειν
3169 4573 3278 4645 (44)
3322 4574 3409 4643 ἐφ’
3445 4576 3635 4645 ἡμᾶς·
3675 4577 3757 4628 καὶ

2164 4671 2381 4740 ἴδωμεν,
2400 4669 2453 4722 τί
2477 4669 2593 4721 ἐστι
2614 4666 2684 4722 τὰ
2708 4666 2936 4720 ἐνύπνια
2958 4664 3147 4719 αὐτοῦ.
3163 4663 3467 4749 imagine
3495 4668 3557 4718 ἐν
3577 4670 3755 4739 γραφῇ

2161 4760 2329 4834 νόμου
2380 4759 2550 4831 Ἑνὼχ
2573 4760 2880 4849 ﬁmi-cca:
2907 4758 3039 4830 (45),
3061 4758 3152 4811 τὸν
3180 4758 3256 4829 μὴ
3280 4757 3512 4811 Θέλοντα
3542 4760 3755 4831 σπέρμα

2239 4893 2356 5021 (i2)l
2386 4895 2807 4951 Communicavt.
2841 4895 2898 4950 id
2925 4904 3007 4949 est
3037 4894 3244 4949 nullam
3270 4904 3490 4964 partem
3522 4896 3647 4968 ejus
3672 4912 3755 4953 ae-

2239 4984 2303 5021 m.
2361 4984 2415 5021 ι).

2162 4984 2303 5024 CCDI.
2340 4984 2415 5021 ID.

2231 4984 2674 5105 ἳὶὼωίλδελφοι
2708 5035 2796 5100 ἓξ.
2837 5034 2935 5100 Ἓξ
2967 5034 3203 5105 ἀδελφοί.
3245 5034 3320 5105 ιιι,

2258 5103 2347 5175 44)
2388 5103 2765 5177 Βασιλεύειῖ.
2798 5107 2922 5159 Ὅτι
2954 5103 3282 5177 βασιλεύσει2
3314 5103 3392 5159 In.

2256 5172 2345 5248 45)
2396 5178 2500 5231 Ἐν
2527 5172 2725 5246 πραφῇ
2762 5172 2964 5248 νόμου
2994 5176 3185 5248 Ἑνὼχ
3216 5174 3571 5244 γέγραπται.
3614 5175 3749 5230 Idem

2162 5246 2362 5317 legitur
2407 5247 2813 5317 Deuteronomii
2862 5246 3046 5312 xxv,7
3092 5262 3208 5317 seq.
3258 5261 3323 5317 ac
3373 5248 3614 5315 proinde
3662 5263 3751 5301 no-

2164 5314 2328 5371 tanda
2358 5317 2739 5373 convenientia
2771 5316 2915 5371 inter
2950 5314 3385 5387 legemMoysis,
3403 5326 3459 5371 et
3488 5332 3619 5371 eam
3644 5334 3749 5387 qua:

2164 5387 2393 5442 Enocho
2436 5388 2647 5441 auctori
2692 5388 2924 5457 ascripta
2956 5384 3062 5457 est.
3106 5384 3381 5440 Caeterum
3416 5390 3570 5456 quod
3601 5384 3747 5442 Chri-

2166 5468 2283 5513 stus
2311 5458 2378 5513 de
2413 5454 2853 5513 circumcisione
2873 5458 3011 5511 dixit
3034 5454 3193 5512 Joan.
3220 5472 3320 5516 vn,
3348 5454 3450 5520 22,
3479 5473 3611 5512 eam
3652 5474 3743 5511 non

2164 5545 2232 5582 ex
2264 5527 2470 5599 Moyse,
2524 5527 2622 5583 sed
2664 5543 2731 5599 ex
2764 5528 3026 5599 patribus
3068 5542 3212 5599 esse,
3262 5527 3318 5580 id
3367 5528 3438 5581 de
3482 5538 3743 5599 ιιι-περιρ

2164 5595 2383 5667 quoque
2421 5598 2723 5653 suscitandi
2759 5595 2913 5651 fratri
2946 5598 3178 5653 seminis
3212 5612 3408 5650 verum
3447 5595 3577 5653 esse
3614 5598 3741 5654 colli-

2166 5670 2311 5738 gitur
2350 5684 2416 5722 ex
2439 5668 2636 5723 Genes.
2672 5684 2908 5733 xxxvm,
2940 5670 3008 5733 9;
3058 5670 3305 5736 adeoque
3353 5683 3462 5722 nec
3488 5684 3626 5723 vero
3672 5676 3743 5721 est

2167 5737 2416 5795 absimile
2457 5740 2622 5793 ritum
2668 5738 2837 5794 calcei
2882 5737 3202 5795 detrahendi
3246 5748 3299 5792 et
3342 5738 3657 5809 exspucndi
3696 5739 3740 5790 in

2235 5038 2255 5247 ἒ
