3830 6216
74 304 247 361 1095

1215 288 1736 359 TESTAMENTUM
1777 297 2119 359 ZABULON.

3226 304 3367 366 1094

70 417 409 487 ἀναστῆσαι
444 415 523 487 τῷ
559 411 772 485 ἀδελφῷ
802 411 987 477 αὐτοῦ,
1022 413 1453 486 ὑπολυθήσεσθαι
1480 414 1589 487 (46)
1616 416 1677 469 τὸ

1795 433 1962 474 ιθωοη
2013 416 2168 473 fratri
2236 427 2375 482 suo.
2424 410 2743 473 solvendum
2788 418 3258 487 ‘caleeamentum,
3310 434 3366 478 et

68 510 376 580 ὑπόδημα,
417 510 512 561 καὶ
549 508 886 578 ἐμπτύεσθαι
930 510 1008 572 είς
1048 508 1111 559 τὸ
1154 506 1461 578 πρόσωπον.
1497 507 1608 560 Καὶ
1635 508 1685 559 οἱ

64 602 323 670 ἀδελφοὶ
366 601 564 671 Ἰωσὴφ
593 601 695 653 οὐκ
726 600 999 671 ἠθέλησαν
1030 600 1109 663 είς
1137 599 1248 670 (47)
1281 597 1425 671 ζωὴν
1454 596 1685 669 ἀδελφοῦ

68 694 285 748 αὐτῶν
306 712 318 724 ·
352 695 447 747 καὶ
462 693 666 764 Κύριος
698 692 964 746 ὑπέλυσεν
995 694 1177 755 αὐτοῖς
1205 692 1267 744 τὸ
1296 692 1547 762 ὑπόδημα
1574 693 1687 746 Ἰω-

76 790 211 857 σήφ
248 786 381 857 (48).
409 787 520 839 Καὶ
550 785 659 857 γάρ
686 784 929 848 ἐλθόντες
957 787 1015 837 ἐν
1037 784 1316 855 Αἰγύπτῳ,
1342 783 1685 854 ὑπελύθησαν

74 880 209 932 ὑπὸ
249 878 360 931 τῶν
409 877 611 931 παίδων
670 877 889 947 Ἰωσὴφ,
920 876 1062 929 κατὰ
1101 876 1194 929 τὸν
1239 874 1407 929 τύπον
1445 875 1538 928 τοῦ
1580 876 1688 928 Φα-

80 969 220 1041 ραώ
267 969 401 1041 (50).
454 968 529 1022 Ού
577 967 735 1040 μόνον
783 967 841 1021 δὲ
883 966 1295 1040 προσεκύνησαν
1339 967 1505 1038 αὐτῷ,
1550 965 1687 1019 ἀλλά

74 1065 198 1116 καὶ
231 1061 659 1132 ἐνεπτύσθησαν,
703 1062 1043 1133 παραχρῆμα
1083 1062 1339 1124 πεσόντες
1380 1059 1685 1130 ἔμπροσθεν

76 1154 272 1208 αὐτοῦ
295 1172 309 1185 ο
341 1156 435 1208 καὶ
463 1154 636 1216 οὕτως
661 1154 1008 1225 ᾐσχύνθησαν
1053 1151 1361 1224 ἔμπροσθεν
1393 1151 1502 1203 τῶν
1523 1151 1687 1218 Αἰγυ-

78 1247 301 1299 πτίων.
325 1246 480 1300 Μετά
499 1245 670 1298 ταῦτα
700 1246 808 1315 γὰρ
846 1247 1083 1316 ἥκουσαν
1120 1246 1169 1297 οἱ
1193 1242 1481 1312 Αἰγύπτιοι
1514 1242 1687 1295 πάντα

75 1339 167 1391 τὰ
201 1338 349 1391 κακὰ
386 1337 422 1391 ἀ
452 1339 792 1407 ἐποιήσαμεν
821 1336 900 1407 τῷ
939 1337 1156 1408 Ἰωσήφ.

170 1434 249 1482 Δ’.
317 1446 336 1481 ι
378 1429 532 1483 Μετὰ
573 1428 744 1482 ταῦτα
789 1428 979 1482 ἔϐαλον
1024 1428 1224 1481 ἐσθίειν
1274 1430 1491 1481 ἐκεῖνοι.
1547 1424 1687 1495 Ἐγὼ

80 1525 217 1595 γὰρ
265 1521 358 1574 δύο
407 1521 617 1591 ἡμέρας
670 1521 765 1574 καὶ
809 1521 904 1574 δύο
950 1519 1148 1582 νύκτας
1195 1519 1296 1572 οὐκ
1350 1517 1683 1588 ἐγευσάμην,

83 1612 605 1684 σπλαηνιζὸμενος
651 1613 743 1665 ἐπὶ
784 1611 1002 1681 Ἰωσήφ.
1050 1612 1157 1666 Καὶ
1202 1608 1405 1671 Ἰούδας
1438 1608 1499 1662 οὑ
1536 1606 1689 1661 συνέ-

81 1722 319 1777 τρωγεν
348 1705 531 1767 αὐτοῖς
553 1719 567 1733 ·
601 1704 855 1774 προσεῖχε
885 1702 941 1757 δὲ
961 1698 1038 1770 τῷ
1067 1700 1277 1771 λάκκῳ,
1306 1699 1386 1752 ὅτι
1421 1697 1682 1767 ἐφοϐεῖτο,

88 1773 188 1868 μξὴ
222 1773 669 1868 ἀποπηδήσαντες
704 1792 927 1864 Συμεὼν
956 1793 1052 1846 καὶ
1076 1788 1183 1849 Γὰδ
1214 1791 1473 1844 ἀνέλωσιν
1503 1788 1682 1842 αὐτόν.
1716 1773 1761 1828 Β

82 1890 221 1941 Καὶ
264 1889 496 1958 ὁρῶντες
534 1887 679 1957 κάμέ
728 1886 802 1957 μὴ
846 1885 1124 1947 ἐσθίοντα,
1170 1882 1351 1935 ἕθεντό
1388 1899 1456 1953 με
1499 1884 1686 1953 τηρεῖν

82 1978 294 2042 αὑτὸν,
345 1979 449 2041 ἕως
501 1973 563 2033 οὗ
602 1978 838 2049 ἐπράθη.
899 1976 1149 2047 Ἐποίησε
1189 1975 1246 2028 δέ
1288 1977 1345 2029 ἐν
1381 1974 1462 2045 τῷ
1501 1973 1688 2045 λάκκῳ

81 2072 260 2139 τρεῖς
303 2069 514 2140 ἡμέρας
556 2068 651 2121 καὶ
671 2071 820 2139 τρεῖς
860 2066 1079 2131 νύκτας,
1124 2066 1219 2119 καὶ
1264 2066 1435 2129 οὕτως
1472 2065 1684 2137 ἐπράθη

84 2157 316 2220 ἄσιτος.
356 2158 466 2211 Καὶ
503 2157 742 2221 ἀκούσας
784 2158 1045 2229 Ῥουϐὴμ,
1091 2159 1171 2211 ὅτι
1204 2158 1417 2231 ἐπράθη
1459 2160 1688 2224 ἀπόντος

86 2250 301 2315 αὐτοῦ,
330 2252 782 2323 περισχισάμενος
812 2250 1047 2321 ἐθρήνει,
1079 2251 1273 2319 λέγων’
1343 2253 1468 2316 Πῶς
1486 2252 1686 2324 ὄψομαι

84 2344 164 2397 τὸ
216 2342 501 2416 πρόσωπον
558 2342 751 2396 Ἰακὼϐ
779 2342 873 2395 τοῦ
921 2342 1126 2413 πατρός
1180 2360 1320 2413 μου;
1352 2344 1461 2397 Καὶ
1506 2344 1688 2400 λαϐὼν

89 2434 165 2486 τὸ
211 2432 493 2505 ἀργύριον,
543 2433 853 2506 κατέδραμε
909 2432 1020 2504 (51)
1076 2435 1187 2495 τοῖς
1244 2434 1543 2504 ἐμπόροις,
1594 2439 1689 2490 καὶ

92 2523 264 2577 οὐδὲν
293 2524 403 2595 (52)
454 2516 642 2594 εὗρεν·
693 2524 920 2593 ἀφέντες
950 2523 1057 2594 γάρ
1082 2526 1180 2595 τὴν
1219 2524 1334 2577 ὁδὸν
1378 2527 1478 2596 τὴν
1522 2528 1690 2597 μεγά-

90 2616 232 2685 λην,
280 2615 654 2687 ἐπορεύθησαν
699 2615 788 2668 διά
830 2614 1330 2687 τρωγλοκολπητῶν
1363 2614 1475 2686 (55)
1522 2618 1579 2669 ἐν
1620 2620 1685 2689 τῇ

95 2706 365 2777 συντόμῳ
385 2724 399 2737 ν
436 2708 530 2761 καὶ
560 2707 661 2760 οὑκ
704 2706 872 2775 ἔφαγε
917 2707 1156 2777 Ῥουϐὴμ
1198 2707 1307 2777 (54)
1340 2708 1500 2779 ἄρτον
1533 2708 1589 2762 ἐν
1620 2712 1686 2780 τῇ

99 2797 304 2870 hut-ipa.
353 2798 557 2872 ἐκείνῃ.
600 2796 921 2869 Προσελθὼν
965 2795 1057 2851 οὖν
1102 2800 1129 2850 ὁ
1173 2796 1279 2850 Δάν
1322 2793 1473 2850 εἶπεν
1517 2798 1685 2869 αὐτῷ·

102 2893 243 2963 (Μὴ
278 2892 451 2957 κλαῖε,
497 2893 633 2965 μηδέ
687 2892 904 2947 πένθει’
939 2887 1093 2963 εὖρον
1129 2891 1237 2963 γὰρ
1263 2892 1315 2944 τί
1339 2892 1581 2965 εἴπωμεν
1612 2893 1689 2965 τῷ

95 2987 287 3057 πατρὶ
319 2988 473 3058 ἡμῶν
518 2986 731 3041 Ἰακώϐ.
768 2986 1012 3058 Θύσομεν
1052 2986 1162 3058 (55)
1198 2987 1463 3059 χίμαῤῥον
1495 2988 1686 3057 αἰγῶν,

94 3078 210 3130 καὶ
253 3077 570 3150 ἐμϐάψομεν
619 3078 712 3131 τὸν
760 3078 964 3149 χιτῶνα
1022 3074 1240 3146 Ἰωσὴφ,
1288 3079 1379 3131 καὶ
1422 3078 1685 3150 ἐροῦμεν·
1715 3114 1756 3171 C

110 3168 442 3237 Ἐπίγνωθι,
484 3170 532 3222 εἰ
560 3168 724 3240 χιτὼν
755 3169 849 3221 τοῦ
883 3166 1001 3222 υίοῦ
1027 3167 1120 3220 σού
1157 3168 1304 3221 ἐστιν
1332 3162 1483 3232 οὗτος
1503 3168 1634 3241 (56)·
1663 3191 1682 3223 ι

92 3262 203 3315 τὸν
231 3258 341 3331 γὰρ
378 3258 578 3330 χιτῶνα
607 3258 702 3313 τοῦ
733 3260 938 3331 πατρὸς
969 3257 1125 3330 ἡμῶν
1158 3257 1410 3324 ἐξέδυσαν
1445 3260 1536 3314 τὸν
1580 3262 1690 3314 Ἰω-

98 3352 225 3423 σὴφ
256 3353 313 3404 ἐν
340 3352 420 3422 τῷ
454 3351 666 3422 μέλλειν
706 3354 1039 3423 πιπράσκειν
1070 3350 1253 3414 αὐτὸν,
1300 3353 1394 3404 καὶ
1434 3353 1688 3407 ἐνέδυσαν

97 3442 278 3497 αὐτὸν
326 3443 536 3513 ἱμάτιον
581 3443 809 3496 παλαιὸν
850 3442 1057 3495 δούλου.
1093 3439 1196 3496 Τὸν
1233 3444 1290 3498 δέ
1328 3445 1536 3515 χιτῶνα
1576 3441 1689 3514 εἶχε

94 3530 363 3603 Συμεὼν,
395 3533 489 3585 καὶ
516 3534 614 3587 οὐκ
643 3534 799 3604 ήθελε
828 3535 1007 3589 δοῦναι
1040 3537 1219 3602 αὐτὸν,
1248 3537 1415 3590 θέλων
1446 3540 1511 3607 τῇ
1555 3539 1690 3606 ῥομ-

97 3624 251 3695 φαίᾳ
276 3623 437 3677 αὑτοῦ
459 3625 761 3695 κατακόψαι
784 3627 965 3690 αὑτὸν,
997 3628 1369 3701 ὀργιζόμενος,
1398 3630 1480 3682 ὅτι
1504 3627 1686 3699 ἔζησε,

98 3717 210 3771 καὶ
244 3717 345 3770 οὐκ
387 3716 591 3770 ἀνεῖλεν
641 3718 822 3771 αὐτόν.
874 3718 1227 3785 Ἀναστάντες
1272 3722 1328 3775 δὲ
1373 3724 1492 3775 κατ’
1525 3720 1689 3774 αὐτοῦ

100 3809 319 3871 πάντες
361 3807 519 3870 ὁμοῦ,
550 3808 774 3880 εἴπομεν
798 3827 811 3839 ⁸
839 3829 857 3861 ι
885 3811 1007 3863 Ὅτι
1043 3811 1136 3865 ἐὰν
1180 3814 1252 3883 μὴ
1288 3812 1412 3883 δῷς,
1436 3811 1687 3882 ἐροῦμεν,

98 3897 197 3949 ὅτι
230 3896 294 3946 σὺ
331 3902 489 3966 μόνος
513 3896 771 3967 ἐποίησας
805 3896 865 3948 τὸ
899 3898 1131 3969 πονηρὸν
1162 3902 1218 3952 ἐν
1257 3900 1470 3971 Ἰσραήλ
1498 3898 1631 3970 (57).
1664 3916 1684 3949 ι

99 3986 227 4040 Καὶ
252 3985 423 4051 οὕτως
450 3986 661 4040 δίδωσιν
688 3988 874 4054 αὐτὸν,
896 3991 989 4043 καὶ⁵
1020 3992 1302 4061 ἐποίησαν,
1327 3990 1509 4055 καθὼς
1537 3987 1689 4044 εἶπεν

98 4081 135 4132 ὁ
164 4077 292 4131 Δάν.

188 4173 265 4226 Ε’.
321 4194 340 4223 ι
370 4174 479 4226 Καὶ⁹
510 4172 625 4237 νῦν,
666 4172 837 4226 τέκνα
877 4190 1014 4243 μου,
1060 4175 1375 4243 άναγγέλλω
1420 4175 1547 4244 ὑμῖν
1593 4172 1687 4227 τοῦ

98 4263 412 4335 φυλάσσειν
446 4264 545 4328 τάς
575 4263 794 4327 ἐντολὰς
823 4264 1057 4335 Κυρίου,
1086 4267 1180 4318 καὶ
1212 4268 1381 4318 ποιεῖν
1412 4264 1558 4328 ἔλεος
1596 4266 1689 4318 ἐπὶ

97 4354 207 4410 τὸν
238 4355 482 4425 πλησίον,
527 4357 622 4409 καὶ
656 4356 1055 4427 εὐσπλαγχνίαν
1093 4357 1235 4426 ἔχειν
1282 4356 1416 4427 πρὸς
1460 4358 1685 4423 πάντας,

1786 508 2198 578 conspuendum
2253 508 2307 563 in
2351 506 2571 561 faciem.
2638 506 2703 561 Et
2753 506 2951 563 fratres
3008 507 3211 579 Ioseph
3252 526 3363 568 non

1788 601 2073 655 voluerunt
2103 599 2269 653 vitam
2319 597 2507 653 fratris
2541 613 2731 652 eorum
2761 617 2774 653 :
2809 607 2864 653 et
2900 598 3167 656 Dominus
3202 601 3367 658 solvit

1785 693 1866 746 eis
1900 693 2332 747 calceamentum
2392 690 2616 761 Ioseph.
2676 692 2889 746 Etenim
2958 694 3238 751 venientes
3304 696 3362 751 in

1786 781 2081 855 Egyptum
2105 826 2120 851 ,
2169 783 2332 839 soluti
2373 793 2503 838 sunt
2542 800 2572 838 a
2602 784 2789 854 pueris
2813 783 3015 854 Ioseph
3065 794 3192 840 ante
3238 801 3367 856 por-

1786 870 2069 947 tanti-£9),
2116 886 2171 931 et
2222 878 2295 932 ita
2345 877 2718 932 adoraverunt
2764 875 3003 946 Ioseph,
3063 880 3365 934 secundum

1787 983 1975 1045 typum
2009 973 2337 1027 Pharaonis.
2385 970 2504 1026 Non
2540 972 2718 1027 solum
2767 981 2948 1027 autem
3000 973 3370 1029 adoraverunt

1784 1082 1936 1129 eum,
1968 1066 2063 1121 sed
2096 1065 2264 1120 etiam
2295 1066 2549 1136 consputi
2578 1075 2727 1133 sunt,
2760 1066 3045 1121 confestim
3081 1068 3368 1137 prociden-

1787 1167 1868 1213 tes
1902 1173 2085 1212 coram
2120 1172 2186 1212 eo
2215 1176 2228 1211 :
2262 1166 2315 1213 et
2347 1157 2427 1212 sic
2457 1157 2673 1212 confusi
2711 1166 2839 1213 sunt
2865 1174 3049 1213 coram
3072 1157 3364 1228 Egyptiis.

1787 1248 1916 1302 Post
1950 1248 2067 1303 haec
2091 1248 2237 1303 enim
2266 1246 2558 1302 audierunt
2584 1246 2827 1318 Egyptii
2858 1247 3042 1300 omnia
3074 1248 3217 1300 mala
3245 1261 3371 1316 qua:

1786 1340 2020 1396 fecimus
2052 1340 2278 1410 Ioseph.

1856 1432 1946 1487 IV.
1972 1452 1989 1484 ι
2020 1432 2154 1488 Post
2190 1434 2307 1488 haec
2357 1441 2729 1503 apposuerunt
2768 1431 2844 1485 illi
2873 1430 3115 1503 (fratres)
3156 1432 3365 1500 cibum,

1786 1534 1848 1581 ut
1889 1526 2255 1580 comederent.
2314 1523 2426 1594 Ego
2473 1525 2617 1578 enim
2662 1540 2760 1594 per
2801 1524 2941 1579 duos
2974 1524 3091 1579 dies
3134 1532 3188 1578 et
3228 1524 3370 1580 duas

1786 1632 1976 1677 noctes
2010 1637 2120 1675 non
2157 1620 2369 1690 gustavi
2404 1619 2659 1690 (cibum),
2705 1619 2997 1673 miseratus
3028 1617 3253 1687 Ioseph.
3302 1618 3371 1673 Et

1786 1716 1955 1771 Iudas
2013 1730 2122 1769 non
2164 1713 2401 1768 comedit
2453 1728 2580 1767 cum
2631 1713 2753 1778 eis;
2814 1711 3130 1765 intendebat
3183 1722 3368 1766 autem

1789 1809 1842 1862 in
1873 1808 2075 1870 lacum,
2118 1804 2377 1875 quoniam
2418 1804 2664 1869 timebat,
2711 1817 2780 1855 ne
2806 1800 3111 1856 resilientes
3145 1800 3369 1855 Simeon

1788 1908 1842 1954 et
1864 1898 1977 1952 Gad
2004 1896 2373 1951 interficerent
2399 1908 2546 1948 eum.
2576 1892 2643 1947 Et
2666 1892 2913 1947 videntes
2940 1906 3027 1945 me
3056 1906 3164 1945 non
3188 1904 3371 1946 come-

1788 1989 2028 2052 dentem,
2068 1993 2374 2057 posuerunt
2406 1998 2493 2037 me
2540 1983 2820 2037 custodire
2852 1982 3053 2051 ipsum,
3086 1991 3373 2050 quousque

1787 2079 2040 2134 venditus
2085 2090 2188 2132 est.
2226 2076 2349 2131 Fuit
2382 2084 2562 2129 autem
2610 2075 2665 2127 in
2708 2074 2829 2128 lacu
2864 2083 2977 2129 tres
3022 2074 3139 2128 dies
3179 2082 3232 2127 et
3264 2081 3374 2126 tres

1788 2180 2010 2237 noctes,
2055 2178 2108 2225 et
2155 2170 2227 2224 ita
2269 2169 2521 2223 venditus
2568 2175 2653 2220 est
2695 2168 2986 2235 impastus.
3040 2164 3108 2219 Et
3142 2165 3375 2219 audiens

1788 2262 2003 2328 Ruben,
2050 2264 2195 2334 quod
2237 2262 2490 2317 Venditus
2534 2269 2681 2316 esset
2728 2260 2956 2313 absente
3000 2273 3087 2323 eo,
3132 2256 3375 2311 circum-

1790 2358 1997 2413 scissus
2033 2355 2301 2425 plorabat,
2346 2353 2536 2408 dicens
2566 2371 2580 2406 :
2622 2349 2911 2417 Quomodo
2943 2349 3135 2404 videbo
3171 2348 3369 2403 faciem

1788 2448 1959 2504 Iacob
1984 2449 2155 2518 patris
2184 2448 2333 2501 mei?
2382 2446 2448 2500 Et
2482 2446 2757 2515 accipiens
2800 2450 3083 2514 argentum
3129 2442 3376 2497 cucurrit

1789 2542 1857 2597 ad
1902 2550 2259 2602 mercatores,
2307 2548 2360 2593 et
2392 2539 2666 2592 neminem
2718 2537 2925 2590 invenit
2973 2552 2987 2589 :
3036 2535 3377 2590 dimittentes

1788 2636 1933 2689 enim
1984 2635 2127 2687 viam
2179 2648 2468 2703 magnam,
2519 2610 2938 2685 ambulaverunt
3000 2644 3095 2699 per
3150 2641 3377 2697 asperos

1790 2721 1945 2776 sinus
1980 2721 2034 2774 in
2066 2722 2151 2774 via
2188 2721 2595 2789 compendiaria
2624 2739 2637 2774 :
2672 2729 2725 2775 et
2768 2735 2876 2775 non
2921 2718 3157 2774 comedit
3180 2711 3374 2772 Ruben

1788 2827 1984 2881 panem
2030 2813 2085 2865 in
2125 2814 2213 2867 die
2255 2813 2366 2867 illa.
2418 2813 2696 2867 Accedens
2744 2812 2911 2882 igitur
2950 2810 3065 2865 Dan
3105 2811 3244 2865 dixit
3284 2810 3371 2866 ei:

1797 2923 1815 2956 ι
1844 2903 1923 2959 Ne
1958 2904 2109 2970 ﬂeas,
2144 2920 2321 2973 neque
2365 2906 2634 2970 tristeris;
2663 2904 2845 2957 inveni
2879 2903 3027 2956 enim
3060 2901 3191 2971 quid
3223 2903 3375 2957 dica-

1790 3012 1914 3051 mus
1941 2997 2080 3067 patri
2117 3006 2307 3052 nostro
2337 2996 2527 3051 Iacob.
2567 2995 2894 3050 Oecidemus
2924 2995 3140 3047 hircum
3173 3008 3376 3063 capro-

1790 3104 1944 3155 rum,
1993 3097 2047 3143 et
2095 3090 2370 3158 tingemus
2422 3089 2662 3142 tunicam
2706 3086 2940 3156 Ioseph,
2995 3095 3050 3141 et
3090 3086 3371 3140 dicemus:

1788 3178 2091 3250 Cognosce.
2120 3180 2166 3233 si
2201 3178 2384 3232 tunica
2432 3177 2527 3230 filii
2560 3178 2636 3231 tui
2680 3177 2751 3231 sit
2780 3176 2884 3230 ista
2911 3193 2925 3242 ;
2967 3193 2985 3225 ›
3013 3175 3195 3228 tunica
3225 3174 3375 3228 enim

1785 3273 1958 3343 patris
1990 3272 2163 3327 nostri
2190 3280 2460 3326 exuerunt
2486 3269 2713 3339 Ioseph,
2739 3285 2862 3324 cum
2888 3268 3160 3322 vendituri
3190 3274 3377 3322 essent

1787 3378 1935 3429 cum,
1971 3372 2025 3418 et
2065 3363 2363 3418 induerunt
2401 3377 2526 3416 eum
2568 3360 2957 3415 vestimentum
3004 3367 3160 3413 vetus
3203 3356 3372 3413 servi.

1790 3454 2052 3509 Tunicam
2079 3470 2214 3509 vero
2243 3454 2434 3507 habuit
2467 3452 2719 3517 Simeon,
2759 3461 2813 3505 et
2843 3451 3021 3506 noluit
3050 3451 3182 3505 dare
3223 3463 3370 3513 eam,

1788 3546 1977 3600 volens
2026 3542 2209 3613 gladio
2262 3558 2366 3598 suo
2417 3543 2728 3599 discindere
2780 3558 2943 3607 eam,
3000 3543 3173 3596 iratus
3226 3538 3373 3609 quod

1788 3635 2015 3700 viveret,
2043 3643 2097 3688 et
2132 3650 2238 3687 non
2276 3634 2570 3688 occidisset
2598 3648 2748 3687 eum.
2781 3632 3153 3703 Exsurgentes
3184 3638 3370 3684 autem

1790 3726 2054 3779 adversus
2085 3739 2210 3778 eum
2241 3739 2432 3779 omnes
2459 3722 2625 3778 simul
2645 3723 2920 3777 diximus:
2948 3740 2966 3773 ι
2994 3721 3151 3787 Quod
3186 3721 3231 3775 si
3261 3735 3374 3775 non

1789 3816 1908 3881 des,
1945 3816 2213 3881 dicemus,
2254 3815 2401 3884 quod
2439 3825 2497 3870 tu
2539 3815 2690 3870 solus
2725 3813 2905 3867 fecisti
2938 3813 3045 3867 hoc
3073 3812 3277 3866 malum
3314 3810 3375 3865 in

1789 3904 1977 3961 Israel.
2012 3924 2031 3957 ι
2062 3906 2128 3961 Et
2169 3906 2244 3961 ita
2271 3905 2419 3961 dedit
2448 3919 2600 3972 eam;
2641 3914 2697 3959 et
2740 3902 3021 3968 fecerunt,
3053 3902 3195 3957 sicut
3234 3900 3376 3955 dixit

1790 3996 1928 4053 Dan.

1870 4153 1930 4209 V.
1961 4175 1981 4208 ‹
2011 4154 2078 4209 Ει
2112 4170 2278 4221 nunc,
2313 4153 2408 4209 filii
2436 4154 2575 4221 mei,
2618 4154 2885 4208 annuntio
2918 4152 3076 4207 vobis
3098 4151 3375 4206 custodire

1790 4252 2042 4310 mandata
2071 4248 2311 4313 Domini,
2342 4256 2395 4301 et
2445 4245 2624 4301 facere
2663 4246 3103 4299 misericordiam
3149 4244 3204 4297 in
3245 4256 3376 4312 pro-

1788 4347 2022 4407 ximum,
2054 4349 2108 4395 et
2139 4341 2351 4394 viscera
2395 4335 2898 4391 commiserationis
2941 4334 3006 4387 ad
3040 4349 3231 4387 omnes
3268 4332 3372 4385 ha-

100 4446 177 4501 οὐ
219 4422 377 4517 μόνον
421 4448 501 4510 είς
547 4422 1069 4518 ἀνθρώπους-’άλλά
1105 4422 1198 4501 καὶ
1245 4422 1338 4511 είς-
1369 4448 1555 4517 άλογα.
1590 4450 1678 4519 ω

1795 4436 1939 4500 bere,
1968 4449 2075 4487 non
2105 4432 2282 4486 solum
2311 4428 2379 4483 ad
2407 4428 2676 4489 homines,
2709 4426 2802 4479 sed
2831 4432 2885 4478 et
2908 4424 2973 4477 ad
3009 4422 3370 4478 irrationalia.

103 4537 223 4609 γὰρ
258 4537 431 4591 ταῦτα
471 4536 729 4607 εὐλόγησέ
782 4554 847 4607 με
896 4535 1120 4607 Κύριος,
1167 4537 1282 4600 καὶ,
1319 4536 1535 4590 πάντων
1579 4537 1688 4590 τῶν

102 4630 358 4700 ἀδελφῶν
407 4648 505 4702 μου
546 4629 936 4694 ἀσθενούντων,
978 4627 1087 4698 ἐγὼ
1130 4630 1319 4692 ἄνοσος
1372 4629 1685 4699 παρῆλθον

101 4722 222 4782 οἶδε
275 4726 383 4798 γάρ
427 4726 628 4797 Κύριος
688 4726 918 4779 ἐκάστου
963 4726 1061 4796 τὴν
1109 4725 1445 4796 προαίρεσιν.
1496 4724 1688 4793 Ἔχετε

101 4816 210 4873 οὖν
255 4819 399 4882 ἔλεος
438 4820 495 4870 ἐν
534 4822 645 4882 τοῖς
680 4817 1005 4887 σπλάγχνοις
1032 4815 1205 4886 ὑμῶν,
1239 4816 1405 4869 τέκνα
1446 4833 1567 4887 μου,
1607 4816 1688 4869 ὅτι

99 4914 188 4976 ὡς
229 4912 295 4966 άν
332 4929 414 4975 τις
456 4913 659 4985 ποιήσῃ
690 4910 769 4982 τῷ
805 4910 1028 4980 πλησίον
1068 4908 1267 4971 αὑτοῦ,
1313 4907 1484 4970 οὕτως
1526 4906 1621 4960 καὶ¹
1661 4908 1690 4959 ὁ

105 5027 311 5081 faciem
352 5028 491 5097 ejus,
521 5027 613 5097 qui
648 5027 834 5082 fratris
877 5042 1078 5081 nomen
1115 5039 1431 5097 propagare
1466 5038 1691 5097 recusa-

101 5100 276 5160 verit,
305 5093 417 5168 jam
455 5093 585 5152 olim
628 5098 890 5152 usitatum
940 5093 1141 5161 fuisse;
1190 5093 1468 5168 sicutralia
1502 5094 1689 5147 excal-

103 5165 318 5231 ceatio,
358 5185 465 5239 qua
517 5170 858 5239 propinquus
902 5168 1055 5239 alteri
1115 5181 1215 5239 suo
1270 5165 1691 5239 _cedeba_t,_mos

106 5233 390 5308 antiquus.
416 5241 468 5292 in
502 5233 665 5293 Israel
696 5233 866 5293 fuisse
895 5238 1116 5308 dicitur,
1141 5236 1322 5308 Ruth.
1357 5250 1431 5299 IV,
1538 5233 1614 5308 In.

206 5305 298 5379 46)
359 5309 900 5379 ’Υπολυθήσεσθᾳι.
957 5305 1350 5377 ’Υποδήσεσθαι
1388 5305 1549 5359 male.
1585 5307 1659 5359 In.

208 5378 301 5445 47)
340 5383 462 5445 Εἰς.
504 5380 803 5435 Omissum.
837 5378 915 5431 In.

208 5382 280 5433 47
340 5383 462 5445 Εἰς.
504 5382 803 5435 Omissum.
838 5382 915 5431 In.

206 5382 301 5519 48)
353 5451 591 5519 Ἰωσήφ.
630 5453 694 5503 ’Ὀ
725 5451 988 5521 ἐφόρεσαν
1014 5446 1152 5501 κατά
1190 5445 1387 5516 Ἰωσήφ
1410 5444 1505 5498 τοῦ
1539 5444 1691 5499 ἀδελ-

107 5521 217 5591 φοῦ
249 5522 448 5591 αὐτῶν.
486 5521 563 5574 In.

186 5591 301 5661 (49)
344 5590 585 5644 Portam.
610 5591 844 5661 Atrium,
877 5588 1098 5661 Iosephi
1131 5588 1373 5653 scilicet;
1406 5586 1511 5641 hoc
1542 5586 1690 5641 enim

108 5682 221 5717 vox
249 5659 436 5715 πυλών
465 5663 707 5715 denotat.
736 5659 1025 5714 lxx—Vide
1050 5668 1234 5712 notam
1261 5667 1598 5727 sequentem.

184 5733 299 5804 (50)
336 5732 499 5788 Κατὰ
528 5732 634 5786 τὸν
661 5732 850 5786 τύπον
874 5729 979 5787 τοῦ
998 5729 1224 5799 Φαραώ.
1255 5726 1403 5785 Adde
1427 5743 1495 5784 ex
1511 5726 1686 5785 Oxon.

1790 4525 2020 4593 Propter
2073 4523 2190 4576 hanc
2228 4519 2377 4575 enim
2420 4516 2702 4572 benedixit
2748 4515 2882 4567 mihi
2936 4512 3233 4575 Dominus,
3292 4519 3371 4576 et,

1789 4617 2048 4671 omnibus
2102 4613 2368 4667 fratribus
2418 4611 2559 4665 meis
2610 4607 3045 4678 aegrotantibus,
3095 4620 3197 4675 ego
3251 4604 3375 4659 sine

1788 4708 2108 4779 aegritudine
2159 4705 2341 4771 evasi;
2374 4703 2526 4757 novit
2553 4701 2698 4756 enim
2722 4699 2987 4753 Dominus
3015 4698 3372 4767 uniuscujus-

1789 4818 1897 4873 que
1943 4800 2307 4871 propositum.
2378 4795 2584 4849 Habete
2639 4807 2768 4862 ergo
2824 4790 3257 4846 misericordiam
3310 4789 3372 4843 in

1788 4894 2092 4950 visceribus
2142 4889 2364 4956 vestris,
2414 4888 2511 4943 filii
2554 4887 2694 4953 mei,
2747 4886 3009 4956 quoniam
3055 4890 3116 4936 ut
3162 4880 3375 4950 aliquis

1789 5021 2097 5145 ἐμπῆοσθξν
2141 5020 2234 5144 aio?)
2282 5018 2547 5085 πυλῶνος,
2593 5017 2687 5070 καὶ
2730 5015 2903 5079 οὕτως
2956 5009 3374 5085 προσεκύνησαν

1789 5112 1868 5145 τω
1949 5110 2029 5145 ωσ
2070 5110 2127 5145 o.
2179 5109 2230 5145 ο.

1789 5094 2370 5284 τῳρίῗῗὶὲἑέὲῥοὲμε.
2410 5160 2521 5213 Καὶ
2548 5154 2931 5236 καταδραμὼν.
2962 5151 3039 5207 In.
3202 5220 3215 5233 .
3323 5217 3336 5230 .

1886 5234 1976 5284 52)
2018 5233 2225 5284 Οὐδέν.
2300 5241 2420 5284 orte
2448 5228 2657 5284 οὐδένα.
2686 5242 2938 5284 auamws
2964 5234 3018 5278 et
3042 5221 3336 5278 OxomeHSI

1886 5220 1976 5299 52)
2018 5220 2225 5286 Οὑδέτῖ.
2256 5220 2420 5286 Forte
2448 5228 2657 5299 οὐδένα,
2686 5220 2938 5299 quamvis
2964 5234 3018 5299 et
3042 5220 3374 5278 Oxoniensio

1792 5292 1969 5362 codex.
1991 5304 2185 5357 habeat
2217 5301 2389 5354 οὐδέν.
2424 5299 2526 5353 Ms.
2555 5292 2720 5352 Trin:
2741 5296 2947 5349 οὐδένα.
2970 5292 3051 5349 In.

1863 5375 1977 5445 (55)
2021 5370 2587 5445 Τρωγλοκολπητῶν.
2623 5364 3037 5445 Γζρωγλοδυτῶν.
3052 5362 3153 5445 ⁸11).

1864 5430 1977 5516 (54)
2021 5430 2247 5513 Ἐ’φὶιγε
2292 5430 2570 5509 Ῥουέήμ
2640 5430 2905 5507 Ἐφαγον,
2956 5435 3164 5490 omisso
3217 5430 3368 5483 Ῥω-

1791 5515 2309 5657 6ήίέέξυδύσομενξ.
2331 5581 2606 5657 ,Μαχαίρα
2641 5580 2768 5657 add.
2804 5578 2879 5634 In.

1866 5642 1978 5727 (56)
2022 5642 2226 5727 Οὗτος.
2266 5654 2404 5727 Add.
2432 5642 2831 5727 Καξέποίησαν
2854 5642 3152 5727 οὖτωςκῐυ.

1865 5712 1979 5800 (57)
2032 5726 2134 5782 Ἑν
2175 5712 2440 5797 Ἰσραήλ,
2505 5712 2762 5778 Ἐνώπιὸν
2791 5718 3020 5791 Κυρίου.
3049 5712 3127 5770 in.
