3830 6216
406 317 546 378 1067

1430 291 1896 354 TESTAMENTA
1932 287 2026 345 ΧΠ
2063 279 2679 342 PATRIABCHABUM.

3558 269 3724 327 1068

406 441 529 488 rum
555 447 584 485 a
613 428 863 494 Domino,
887 425 1100 482 deﬁciet
1139 415 1544 479 sacerdotium;
1568 421 1621 467 et
1660 419 1789 466 tunc
1816 405 1990 463 susci-

2144 400 2242 472 ιρὰ
2266 399 2496 470 Κυρίου,
2527 395 2764 464 ἐκλείψει
2797 393 2831 465 ἡ
2873 392 3137 466 ἱερωσύνη
3158 409 3171 422 ·
3218 391 3313 444 καὶ
3355 389 3485 443 τότε
3519 389 3724 461 ἐγερεῖ

412 526 546 581 tabit
576 523 717 578 Deus
744 520 1079 576 sacerdotem
1115 528 1336 576 novum,
1369 508 1454 564 cui
1484 519 1676 561 omnes
1712 513 1992 558 sermones

410 617 626 670 Domini
661 613 1076 675 revelahuntur;
1109 616 1162 661 et
1199 607 1314 674 ipse
1358 601 1519 655 faciet
1549 595 1815 667 judicium
1846 590 1990 646 veri-

411 710 538 764 tatis
591 709 645 761 in
690 716 832 762 terra
876 705 930 758 in
974 698 1322 756 multitudine
1375 694 1608 748 dierum.
1667 687 1733 743 Et
1787 686 1994 742 orietur

413 810 619 855 astrum
655 798 826 868 ipsius
855 796 908 848 in
937 793 1098 858 caalo,
1127 791 1268 844 sicut
1304 801 1417 853 rex,
1452 783 1768 838 illuminans
1805 775 1994 831 lumen

411 867 736 960 cognitionis
765 887 816 940 in
845 885 959 940 sole
1005 883 1140 946 diei;
1187 891 1240 935 et
1280 873 1718 947 magniﬁeabitur
1762 871 1814 924 in
1863 867 1996 924 orbe

411 993 704 1046 terrarum,
736 993 909 1047 usque
939 976 1004 1030 ad
1035 971 1466 1042 assumptionem
1516 967 1708 1037 ipsius.
1752 963 1873 1034 Ipse
1905 974 1994 1016 re-

410 1072 713 1145 splendebit
745 1071 885 1124 sicut
923 1068 1007 1124 sol
1041 1068 1094 1120 in
1136 1076 1297 1132 terra,
1322 1071 1376 1118 et
1428 1059 1580 1115 tollet
1616 1071 1807 1112 omnes
1839 1063 1993 1108 tene-

408 1168 538 1221 bras
567 1179 688 1237 quae
721 1172 848 1219 sunt
895 1160 998 1217 sub
1036 1160 1196 1224 ccelo,
1223 1168 1276 1212 et
1302 1156 1407 1210 erit
1435 1169 1538 1224 pax
1566 1151 1620 1206 in
1652 1148 1802 1205 omni
1826 1157 1992 1203 terra.

409 1257 544 1311 Caeli
583 1255 934 1310 exsultahunt
981 1253 1034 1306 in
1077 1243 1269 1305 diebus
1305 1247 1498 1316 ipsius,
1535 1251 1588 1297 et
1617 1252 1760 1296 terra
1791 1238 1995 1310 gaude-

413 1347 512 1408 bit,
542 1359 596 1400 et
635 1347 808 1401 nubes
847 1339 1198 1403 laetabuntur,
1233 1347 1288 1392 et
1340 1333 1578 1406 cognitio
1627 1329 1840 1386 Domini
1873 1327 1997 1381 l'un-

412 1441 569 1494 detur
599 1439 652 1491 in
691 1447 856 1501 terra,
891 1445 949 1489 ut
978 1449 1116 1503 aqua
1153 1431 1420 1493 marium;
1454 1436 1506 1480 et
1532 1424 1704 1494 angeli
1734 1421 1918 1493 gloria:
1945 1427 2002 1473 et

416 1525 572 1580 faciei
609 1525 821 1579 Domini
853 1523 1168 1593 gaudebunt
1199 1520 1252 1572 in
1281 1533 1367 1571 eo.
1411 1515 1548 1570 Coeli
1585 1513 1899 1584 aperientur
1932 1509 1995 1574 ¹¹,

414 1624 470 1670 et
499 1633 564 1669 ex
598 1615 797 1685 templo
829 1613 1016 1685 gloria:
1040 1612 1218 1664 veniet
1252 1625 1416 1678 super
1446 1609 1598 1661 illum
1636 1604 2000 1660 sanctiﬁcatio

416 1725 540 1762 cum
573 1724 703 1762 voce
743 1717 998 1777 paterna,
1048 1705 1189 1758 sicut
1224 1704 1292 1757 ab
1331 1701 1607 1755 Abraham
1639 1708 1791 1768 patre
1827 1695 1996 1750 Isaac.

2094 493 2295 564 Κύριος
2325 490 2474 562 ἰερέα
2497 488 2701 552 καινὸν,
2734 482 2778 554 ᾧ
2814 486 3014 549 πάντες
3054 487 3104 538 οἰ
3143 484 3289 552 λόγοι
3323 481 3540 554 Κυρίου
3573 483 3729 537 ἁπο-

2094 584 2527 654 καλυφθήσονται
2553 597 2565 608 ·
2613 579 2707 631 καὶ
2739 575 2900 641 αὐτὸς
2944 577 3157 648 ποιήσει
3209 574 3392 646 κρίσιν
3437 573 3725 644 ἀληθείας

2094 677 2186 730 ἐπὶ
2213 675 2314 745 τῆς
2339 673 2444 744 γῆς
2483 674 2540 725 ὲν
2574 670 2768 743 πλήθει
2796 668 3039 741 ἡμερῶν.
3068 668 3177 721 Kal
3218 667 3469 721 ἀνατελεϊ
3502 667 3726 737 ἄστρον

2098 765 2264 819 αὐτοῦ
2314 765 2372 816 ὲν
2414 760 2627 834 οὐρανῷ
2667 763 2799 834 (50),
2847 761 2922 824 ὡς
2977 759 3247 830 βασιλεὺς,
3285 759 3548 826 φωτίζων
3597 758 3726 827 φῶς

2096 856 2349 926 γνώσεως
2375 856 2431 908 ὲν
2457 855 2592 926 ἡλίῳ
2619 855 2860 926 ἡμέρας·
2895 855 2989 906 καὶ
3019 850 3486 923 μεγαλυνθήσεται
3536 850 3603 903 ὲν

2095 947 2406 1020 οἰκουμένῃ,
2445 946 2550 1010 ἓως
2596 945 2916 1017 ἀναλήψεως
2950 943 3135 997 αὐτοῦ.
3172 941 3340 1005 Οὗτος
3385 941 3725 1012 ἀναλάμψει

2097 1041 2172 1102 ὡς
2198 1042 2226 1092 ό
2251 1039 2402 1109 ἥλιος
2434 1039 2491 1091 ὲν
2532 1038 2600 1107 τῇ
2643 1039 2738 1107 γῇ,
2776 1036 2871 1089 καὶ
2915 1034 3101 1105 ὲξαρεῖ
3129 1034 3237 1087 πᾶν
3278 1033 3472 1096 σκότος
3513 1035 3584 1085 ὲκ
3617 1030 3723 1104 τῆς

2099 1133 2192 1185 ὑπ’
2242 1130 2491 1202 οὐρανὸν,
2539 1129 2636 1182 καὶ
2671 1128 2826 1182 ἔσται
2872 1129 3063 1199 εἰρήνη
3100 1127 3156 1179 ὲν
3193 1125 3340 1199 πάσῃ
3383 1127 3451 1196 τῇ
3499 1127 3603 1196 γῇ.
3654 1126 3719 1179 Οἱ

2099 1209 2316 1294 οὐρανοὶ
2347 1221 2757 1289 ἀγαλλιάσονται
2787 1222 2843 1272 ὲν
2884 1222 3006 1281 ταῖς
3033 1218 3263 1289 ἡμέραις
3298 1216 3487 1281 αὐτοῦ,
3537 1216 3640 1270 καὶ
3681 1219 3715 1288 ἠ

2100 1314 2169 1385 γῆ
2199 1314 2518 1385 χαρήσεται,
2562 1312 2656 1365 καὶ
2684 1313 2739 1365 αἱ
2772 1310 2987 1379 νεφέλαι
3016 1308 3503 1380 εὐφρανθήσονται,
3555 1309 3657 1362 καὶ
3681 1311 3715 1380 ή

2101 1405 2306 1474 γνῶσις
2339 1405 2546 1476 Κυρίου
2585 1403 2944 1474 ἐκχυθήσεται
2990 1402 3082 1453 ἐπὶ
3121 1400 3221 1471 τῆς
3261 1399 3386 1470 γῆς,
3433 1401 3517 1463 ὡς
3566 1400 3718 1470 ὕδωρ

2103 1496 2419 1550 θαλασσῶν·
2453 1497 2547 1548 καὶ
2581 1496 2628 1549 οἱ
2677 1495 2894 1563 ἄγγελοι
2923 1493 3024 1564 τῆς
3052 1491 3209 1562 δόξης
3248 1491 3341 1544 καί
3389 1490 3488 1544 τοῦ
3541 1507 3719 1562 προσ-

2101 1589 2250 1642 ώπου
2290 1589 2493 1660 Κυρίου
2527 1589 2856 1660 χαρήσονται
2901 1588 2957 1638 ὲν
2997 1585 3164 1655 αὐτῷ.
3205 1585 3266 1637 Ol
3304 1582 3534 1654 οὐρανοὶ
3565 1581 3719 1635 ἀνοι-

2102 1683 2381 1751 γήσονται,
2412 1680 2508 1733 καὶ
2551 1681 2614 1732 ὲκ
2653 1677 2746 1731 τοῦ
2786 1677 2915 1731 ναοῦ
2958 1675 3060 1746 τῆς
3089 1675 3246 1745 δόξης
3275 1674 3394 1745 ἥξει
3424 1675 3516 1726 ἐπ’
3548 1672 3722 1728 αὐτὸν

418 1801 485 1854 Et
515 1802 685 1872 gloria
714 1764 1167 1867 i’t-ltissimisuper
1198 1797 1376 1866 ipsum
1404 1764 1723 1856 (ﬁcetum-et
1765 1789 2000 1859 Spiritus

2147 1773 2354 1842 γίασμα
2403 1770 2546 1842 μετὰ
2599 1771 2781 1841 φωνῆς
2832 1768 3127 1840 πατρικῆς,
3185 1767 3260 1830 ὼς
3303 1765 3410 1820 ἀπὸ
3453 1764 3722 1838 Ἀϐραὰμ

418 1894 726 1948 intellectus
754 1900 807 1946 et
829 1889 1277 1946 sanctiﬁcationis
1306 1887 1610 1957 requiescet
1633 1897 1797 1953 super
1821 1882 1998 1951 ipsum

421 1986 475 2038 in
506 2000 645 2053 aqua
675 1984 739 2036 η.
774 1982 890 2053 ipse
920 1983 1071 2035 dabit
1111 1979 1568 2049 magniﬁcentiam
1616 1973 1831 2028 Domini
1877 1973 2002 2028 ﬁliis

422 2075 538 2128 suis
570 2075 622 2127 in
662 2075 886 2128 veritate
923 2075 976 2128 in
1014 2073 1302 2138 saeculum;
1339 2081 1393 2125 et
1436 2085 1543 2124 non
1593 2068 1696 2122 erit
1729 2065 2004 2121 successio

423 2166 525 2235 ipsi
557 2165 611 2218 in
642 2166 1017 2236 generationes
1047 2174 1102 2219 et
1131 2162 1506 2235 generationes
1545 2173 1718 2229 usque
1749 2157 1803 2210 in
1835 2171 2006 2211 saecu-

424 2259 558 2312 lum.
594 2255 659 2310 Et
683 2262 733 2311 in
758 2258 1061 2312 sacerdotio
1086 2257 1258 2326 ipsius
1280 2254 1493 2309 deﬁciet
1512 2267 1674 2307 omne
1697 2257 2001 2320 peccatum,

425 2354 481 2400 et
517 2346 687 2416 iniqui
717 2348 1060 2415 requiesccnt
1103 2347 1157 2399 in
1191 2345 1351 2398 malis
1381 2362 1394 2398 :
1427 2342 1562 2413 justi
1609 2356 1739 2394 vero
1788 2339 2004 2409 requie-

427 2447 584 2495 scent
609 2440 661 2492 in
693 2440 831 2508 ipso.
865 2437 929 2492 Et
980 2438 1094 2507 ipse
1136 2437 1340 2507 aperiet
1382 2447 1567 2507 portas
1611 2432 1870 2504 paradisi,
1897 2441 2009 2486 sta-

430 2540 653 2600 tuetque
683 2530 793 2600 (35)
820 2531 1112 2584 minantem
1145 2529 1382 2600 gladium
1425 2528 1688 2582 adversus
1727 2526 1922 2590 Adam,
1956 2532 2011 2578 et

430 2623 581 2678 dabit
629 2624 835 2678 sanctis
882 2625 1165 2677 comedere
1209 2623 1278 2678 de
1320 2621 1470 2692 ligno
1506 2620 1646 2686 vita,
1694 2627 1750 2674 et
1787 2617 2012 2688 spiritus

432 2716 881 2772 sanctiﬁcationis
918 2716 1023 2770 erit
1069 2715 1123 2768 in
1171 2715 1272 2769 eis.
1316 2712 1379 2767 Et
1419 2713 1595 2766 Beliar
1637 2712 1892 2783 ligabitur
1942 2711 2012 2765 ab

434 2811 572 2878 ipso,
608 2818 661 2862 et
700 2808 846 2861 dabit
877 2815 1195 2876 potestatem
1246 2806 1370 2861 ﬁliis
1411 2807 1528 2860 suis
1577 2806 1642 2858 ad
1691 2803 2011 2858 calcandum

436 2916 600 2969 super
631 2899 967 2968 perniciesos
997 2896 1240 2966 spiritus.
1275 2895 1340 2950 Et
1370 2897 1638 2951 laetabitur
1670 2893 1934 2947 Dominus
1959 2892 2013 2945 in

439 2990 564 3044 liliis
608 2992 747 3058 ejus,
792 3000 845 3042 et
887 2990 1200 3058 acquiescet
1239 2987 1504 3041 Dominus
1548 2987 1600 3039 in
1641 2984 1854 3039 dilectis
1894 2982 2014 3053 ejus

441 3097 613 3151 usque
661 3083 712 3135 in
776 3083 993 3135 saecula.
1047 3079 1200 3135 Tunc
1247 3079 1540 3134 exsultabit
1597 3077 1908 3140 Abraham,
1961 3085 2086 3174 etC

440 3173 611 3241 lsaac,
645 3183 699 3228 et
726 3174 925 3240 Jacob;
981 3184 1033 3230 et
1062 3189 1162 3246 ego
1202 3175 1471 3246 gaudebo,
1511 3187 1563 3228 et
1605 3188 1796 3228 omnes
1841 3170 2016 3226 sancti

443 3267 735 3321 induentur
766 3267 970 3321 laetitia.

517 3573 661 3628 XIX.
699 3593 717 3626 ι
755 3573 821 3629 Ει
870 3590 1054 3642 nunc,
1085 3576 1180 3630 ﬁlii
1220 3577 1348 3642 mei,
1391 3577 1575 3632 omnia
1617 3578 1850 3635 audistis
1885 3581 2022 3634 :eli-

448 3669 555 3739 gite
602 3667 766 3737 igitur
813 3668 1216 3736 vobismetipsis
1258 3670 1341 3723 vel
1388 3670 1638 3723 tenebras
1681 3670 1764 3724 vel
1809 3670 2020 3737 lucem,

450 3759 535 3812 vel
560 3757 730 3824 legem
772 3755 985 3810 Domini
1026 3758 1107 3811 vel
1156 3773 1321 3827 opera
1360 3757 1553 3812 Beliar.
1592 3779 1611 3811 ι
1648 3758 1712 3814 Et
1733 3761 2022 3830 respondi-

459 3864 582 3903 mus
611 3863 711 3903 nos
742 3849 879 3918 patri
905 3888 920 3914 ,
967 3849 1210 3903 dicentes
1241 3868 1254 3904 :
1299 3869 1317 3901 ι
1347 3849 1544 3904 Coram
1577 3849 1808 3906 Domino
1831 3854 2026 3907 ambu-

450 3939 724 4007 lahimns,
775 3941 1078 3995 secundum
1131 3942 1303 4012 legem
1345 3942 1536 4012 ipsius.
1577 3962 1596 3996 ›
1638 3943 1703 3997 Ει
1751 3945 1888 3998 dixit
1924 3962 2022 4016 pa-

454 4044 536 4088 ter
566 4044 751 4088 noster
786 4053 798 4088 :
835 4053 852 4084 ι
890 4034 1070 4090 Testis
1115 4044 1199 4090 est
1241 4034 1506 4091 Dominus
1550 4046 1604 4091 et
1645 4047 1810 4094 testes
1849 4039 2024 4107 angeli

451 4128 594 4197 ejus,
644 4137 698 4183 et
751 4127 905 4182 testis
943 4143 1044 4198 ego
1090 4138 1144 4182 et
1185 4137 1351 4184 testes
1379 4144 1477 4184 vos
1503 4130 1574 4184 de
1622 4145 1874 4184 sermone
1913 4132 2026 4186 oris

456 4219 643 4273 vestri.
692 4237 710 4270 ι
762 4217 828 4271 Et
878 4218 1119 4273 diximus
1153 4235 1166 4271 :
1200 4239 1218 4270 ι
1253 4218 1444 4275 Testes
1483 4224 1742 4292 (sumus).
1785 4242 1805 4274 ›
1841 4221 1906 4276 Et
1946 4223 2026 4278 sic

457 4309 724 4379 requievit
752 4306 902 4374 Levi,
943 4311 1057 4364 hazc
1087 4311 1357 4365 mandans
1388 4313 1512 4367 liliis
1542 4314 1681 4380 suis,
1707 4323 1761 4369 et
1783 4316 2028 4370 extendit

457 4401 621 4469 pedes
647 4417 798 4465 suos,
837 4409 891 4454 et
934 4403 1218 4470 appositus
1269 4412 1353 4456 est
1396 4403 1463 4456 ad
1493 4413 1674 4472 patres
1706 4421 1871 4468 suos,
1899 4420 2024 4460 cum

459 4495 682 4547 vixisset
708 4503 926 4547 centum
953 4505 1004 4548 et
1038 4496 1256 4565 triginta
1283 4507 1484 4564 septem
1513 4515 1702 4552 annos.
1735 4497 1798 4552 Et
1829 4515 2025 4568 posue-

462 4596 587 4638 runt
636 4602 758 4638 eum
811 4586 862 4637 in
899 4587 1091 4649 theca;
1129 4597 1181 4639 et
1228 4595 1412 4654 postea
1456 4588 1783 4655 sepelierunt
1811 4604 1934 4641 eum
1976 4589 2029 4642 in

462 4676 702 4740 llebrun,
723 4678 879 4746 juxta
906 4679 1203 4742 Abraham,
1243 4688 1296 4732 et
1331 4679 1500 4744 Isaac,
1526 4689 1579 4733 et
1606 4678 1795 4734 Iacob.

467 4853 506 4883 “
528 4851 717 4905 Matth.
753 4869 883 4916 xui,
909 4853 964 4907 5.
1021 4855 1063 4884 ¹²
1095 4852 1282 4908 Matth.
1316 4870 1398 4920 ιιι,
1436 4855 1630 4922 16,Π;
1665 4857 1800 4913 Luc.
1833 4875 1914 4924 ιιι,
1940 4857 2037 4912 22.

539 4968 652 5037 (50)
682 4969 940 5035 Ἀστρον
965 4967 1149 5021 αὑτοῦ
1195 4967 1264 5020 ἐν
1306 4967 1556 5035 οἱφανῷ.
1594 4969 1753 5025 llisee
1795 4973 2036 5028 auctoris

465 5039 639 5112 nostri
692 5039 871 5092 verbis
918 5040 1129 5112 gemina
1181 5039 1396 5112 scripsit
1556 5039 1795 5112 lgnatius
1839 5043 2039 5111 aliique

467 5105 675 5182 ξιιμ-εξ,
704 5105 951 5182 quorum:
974 5111 1136 5182 verba
1171 5105 1415 5162 recitavit
1450 5105 1778 5182 P_ear'sonus,
1807 5105 2036 5182 partiri,

478 5178 684 5234 Vindic.
714 5179 885 5246 Epist.
923 5177 1140 5248 lgnatii.
1179 5195 1295 5245 cap.
1332 5182 1416 5232 10.
1465 5177 1633 5236 ϐιιΑιι.

543 5251 654 5319 (Si)
686 5250 796 5302 Kal
820 5249 919 5302 ἐπὶ
946 5247 1075 5316 τῆς,
1107 5266 1160 5301 κ.
1189 5263 1240 5302 τ.
1270 5250 1318 5302 λ.
1371 5249 1468 5305 Hic
1525 5257 1728 5306 incerta
1774 5261 1902 5307 sunt
1953 5269 2042 5309 se-

469 5322 692 5390 quentia
725 5321 777 5372 in
801 5321 1030 5374 Cantab.
1062 5322 1395 5388 exemplari,
1421 5323 1490 5375 ob
1513 5323 1700 5378 eadem
1740 5324 1899 5378 verba
1933 5324 2040 5378 ini-

471 5393 616 5465 tialia
655 5406 766 5465 per
808 5391 1072 5465 incuriam
1129 5394 1330 5465 §t:l‘lst_
1374 5394 1577 5465 omissa
1613 5412 1627 5448 :
1669 5395 1778 5447 Καί
1810 5395 1902 5446 ἐπὶ
1941 5395 2040 5465 τῆς

471 5460 772 5534 ἱερωσύνης
813 5459 976 5534 αὐτοῦ
1017 5460 1086 5514 τὰ
1126 5461 1251 5534 ἔθνη
1279 5461 1740 5534 πληθυνθήσονται
1765 5466 1820 5518 ἐν
1843 5459 2042 5532 γνώσει

471 5531 562 5606 ait
589 5532 684 5606 τῇς
711 5531 834 5606 γῆς,
855 5531 958 5606 ,καὶ
983 5531 1410 5606 φωτισθήσονται
1433 5534 1520 5587 διὰ
1545 5531 1769 5606 ’χάριτος
1797 5531 2000 5606 Κυρίου
2025 5553 2037 5564 ·

469 5607 498 5654 ὁ
517 5604 571 5655 δὲ
613 5601 828 5678 Ἰσραὴλ
847 5601 1278 5678 1ἐλαττωθήσεται
1295 5605 1350 5654 ἐν
1370 5601 1636 5676 ἀγνωσία,
1653 5607 1745 5660 καὶ
1763 5601 2044 5678 σκοτισθή-

473 5692 622 5730 σεται
657 5669 714 5725 ὲν
741 5669 945 5725 πένθει.
966 5669 1042 5722 ID.

542 5745 654 5816 (52)
681 5742 919 5812 Στιξσει.
967 5745 1310 5816 Ἀποστήσει.
1343 5743 1414 5800 lo.

2105 1865 2309 1934 πατρὸς
2343 1863 2548 1917 Ἰσαάκ.
2587 1863 2697 1916 Kal
2739 1861 2866 1927 δόξα
2901 1860 3160 1931 Ὑψίστου
3210 1860 3299 1911 ἐπ’
3329 1857 3494 1912 αὐτὸν
3541 1857 3726 1930 ρηθήσ

2105 1973 2276 2020 σεται,
2311 1956 2406 2008 καὶ
2445 1954 2661 2025 πνεῦμα
2696 1954 2962 2015 συνέσεως
2992 1953 3084 2004 καὶ
3111 1951 3381 2022 ἁγιασμοῦ
3416 1949 3720 2004 καταπαύ-

2111 2066 2192 2101 σει
2225 2051 2311 2101 ἐπ’
2334 2049 2494 2102 αὐτὸν
2527 2050 2582 2101 ὲν
2610 2047 2688 2118 τῷ
2719 2046 2888 2099 ύδατι.
2925 2045 3096 2108 Αὐτὸς
3132 2043 3291 2097 δώσει
3317 2045 3416 2114 τὴν
3455 2043 3719 2114 μεγαλω-

2107 2139 2271 2211 σύνην
2311 2139 2514 2210 Κυρίου
2564 2140 2676 2202 τοῖς
2719 2138 2852 2198 υἱοῖς
2910 2135 3075 2190 αὐτοῦ
3127 2136 3185 2186 ὲν
3226 2133 3453 2205 ἀληθείᾳ
3499 2136 3586 2196 εἰς
3620 2134 3717 2186 τδν

2107 2231 2306 2284 αἰῶνα·
2351 2232 2444 2284 καί
2479 2231 2578 2283 οὐκ
2607 2229 2758 2282 ἔσται
2797 2226 3014 2297 διαδοχὴ
3055 2225 3204 2297 αὐτῷ
3247 2227 3329 2288 είς
3375 2224 3582 2292 γενεὰς
3616 2223 3718 2278 καὶ

2107 2319 2302 2388 γενεὰς
2330 2321 2437 2383 ἓως
2480 2318 2694 2382 αἰῶνος.
2735 2317 2846 2370 Kal
2888 2318 2982 2369 ἐπὶ
3008 2316 3109 2386 τῆς
3136 2314 3246 2385 (51)
3282 2314 3588 2385 ἱερωσύνης
3616 2314 3718 2366 αὐ-

2107 2413 2202 2466 τοῦ
2235 2412 2472 2482 ἐκλείψει
2502 2413 2654 2464 πᾶσα
2694 2409 2961 2481 ἁμαρτία,
2991 2408 3086 2461 καὶ
3114 2408 3164 2460 οἰ
3197 2405 3386 2477 ἄνομοι
3417 2404 3715 2459 καταπαύ-

2112 2522 2295 2557 σουσιν
2339 2505 2420 2567 εἰς
2475 2504 2652 2556 κακά·
2709 2503 2759 2554 οἰ
2804 2501 2863 2554 δὲ
2902 2499 3100 2553 δίκαιοι
3160 2497 3610 2552 καταπαύσουσιν
3656 2498 3720 2548 ἐν

2111 2594 2275 2666 αὐτῷ.
2305 2594 2477 2664 Καί-τε
2507 2595 2668 2657 αὐτὸς
2693 2592 2893 2657 ἀνοίξει
2920 2591 3021 2655 τὰς
3041 2591 3209 2662 θύρας
3225 2589 3320 2643 τοῦ
3351 2587 3717 2659 παραδείσου,

2112 2685 2206 2738 καὶ
2249 2686 2435 2756 στήσει
2463 2683 2574 2754 (52)
2608 2683 2706 2752 τὴν
2747 2681 3074 2735 ἁπειλοῦσαν
3115 2679 3391 2752 ῥομφαίαν
3441 2676 3583 2731 κατὰ
3617 2675 3720 2730 τοῦ

2127 2776 2316 2848 Ἀδὰμ,
2345 2776 2438 2828 καὶ
2475 2774 2634 2828 δώσει
2677 2776 2788 2837 τοῖς
2838 2773 3014 2842 ἁγίοις
3065 2774 3260 2841 φαγεῖν
3309 2773 3376 2823 ἐκ
3418 2768 3514 2823 τοῦ
3550 2768 3715 2836 ξύλου

2112 2869 2213 2939 τῆς
2265 2867 2429 2937 ζωῆς,
2485 2867 2579 2920 καὶ
2628 2864 2844 2936 πνεῦμα
2874 2863 3181 2934 ἁγιωσύνης
3216 2863 3365 2916 ἔσται
3391 2861 3480 2915 ἐπ’
3503 2861 3720 2922 αὐτοῖς.

2116 2961 2276 3013 Καὶό
2307 2958 2504 3029 Βελιὰρ
2537 2958 2818 3028 δεθήσεται
2857 2959 2948 3010 ὑπ’
2988 2955 3174 3020 αὐτοῦ,
3225 2955 3318 3008 καὶ⁵
3365 2953 3527 3006 δώσει
3562 2951 3716 3017 ὲξουι

2119 3052 2239 3105 σίαν
2271 3054 2384 3115 τοῖς
2410 3051 2620 3113 τέκνοις
2651 3048 2815 3102 αὐτοῦ
2854 3051 3043 3102 πατεῖν
3069 3048 3160 3100 ἐπὶ
3196 3047 3266 3099 τὰ
3297 3044 3512 3117 πονηρὰ
3549 3044 3715 3097 πνεύ-

2123 3160 2286 3214 ματα.
2339 3143 2448 3196 Kal
2485 3141 2917 3212 εὐφρανθήσεται
2969 3137 3173 3208 Κύριος
3211 3138 3305 3190 ἐπὶ
3346 3139 3461 3199 τοῖς
3499 3134 3716 3196 τέκνοις

2120 3230 2306 3296 αὐτοῦ,
2330 3232 2426 3284 καὶ
2455 3231 2736 3300 εὐδοκήσει
2767 3228 2970 3300 Κύριος
3013 3229 3104 3280 ἐπὶ
3138 3230 3250 3290 τοῖς
3274 3227 3583 3295 ἀγαπητοῖς
3615 3225 3716 3279 αὐ·-

2118 3323 2213 3377 τοῦ
2257 3324 2361 3387 ἕως
2404 3323 2511 3376 τῶν
2553 3321 2780 3376 αἰώνων.
2830 3323 2963 3374 Τότε
3010 3319 3394 3389 ἀγαλλιάσεται
3439 3317 3716 3390 Ἀϐραὰμ,

2122 3415 2215 3467 καὶ
2247 3413 2450 3478 Ἰσαὰκ,
2483 3415 2577 3466 καὶ
2604 3412 2830 3466 Ἰακώϐ·
2877 3411 3033 3480 κάγὼ
3066 3412 3397 3482 χαρήσομαι,
3438 3410 3535 3462 καί
3572 3409 3715 3464 πάν-

2120 3523 2213 3569 τες
2237 3508 2286 3559 οἰ
2315 3507 2459 3575 ἅγιοι
2488 3505 2794 3560 ὲνδύσονται
2830 3503 3169 3576 εὐφροσύνην
3198 3503 3333 3575 (54).

2199 3600 2304 3652 ΙΘ’.
2347 3618 2366 3649 ι
2399 3599 2508 3651 Καὶ
2541 3597 2669 3661 νῦν,
2695 3598 2862 3650 τέκνα
2889 3614 3011 3668 μου,
3047 3595 3226 3650 πάντα
3245 3595 3516 3666 ἠκούσατε
3595 3595 3717 3650 ελε-

2127 3688 2219 3742 σθε
2243 3683 2337 3741 οὖν
2368 3691 2579 3753 ἑαυτοῖς
2613 3689 2644 3759 ἢ
2689 3689 2750 3741 τὸ
2795 3687 3045 3759 σκότοςῆ
3079 3687 3142 3740 τὸ
3183 3686 3319 3757 φῶς,
3356 3686 3388 3758 ἢ
3416 3686 3584 3758 νόμον
3614 3687 3720 3742 τοῦ

2125 3779 2332 3850 Κυρίου
2353 3779 2385 3852 ἢ
2405 3779 2542 3852 ἔργα
2561 3780 2655 3833 τοῦ
2690 3780 2909 3851 Βελιάρ.
2953 3799 2973 3832 ι
3010 3781 3122 3834 Καὶ
3155 3779 3535 3851 ἁπεκρίθημεν
3553 3783 3720 3853 ἡμεῖς

2126 3872 2204 3942 τῷ
2239 3875 2437 3944 πατρὶ,
2474 3873 2755 3942 λέγοντες·
2800 3893 2818 3924 ι
2860 3871 3116 3928 Ἐνώπιον
3136 3874 3340 3945 Κυρίου
3376 3876 3720 3947 πορευσόμε-

2128 3962 2217 4028 θα,
2268 3963 2408 4016 κατὰ
2452 3965 2545 4017 τὸν
2591 3965 2753 4035 νόμον
2804 3965 2990 4018 αὐτοῦ.
3023 3984 3042 4016 ι
3098 3966 3206 4018 Καὶ
3253 3960 3406 4019 εἶπεν
3454 3969 3484 4020 ό
3528 3968 3720 4039 πατὴρ

2128 4054 2315 4125 ἡμῶν·
2357 4074 2376 4106 ι
2418 4056 2643 4126 Μάρτυς
2677 4055 2902 4128 Κύριος,
2939 4056 3032 4110 καὶ⁵
3071 4057 3346 4128 μάρτυρες
3394 4058 3445 4109 οἰ
3491 4057 3718 4127 ἄγγελοι

2128 4149 2316 4213 αὐτοῦ,
2353 4151 2446 4203 καὶ
2501 4152 2715 4221 μάρτυς
2762 4149 2908 4218 ἐγὼ,
2945 4151 3038 4202 καὶ
3076 4150 3353 4222 μάρτυρες
3385 4150 3544 4222 ὑμεῖς
3579 4153 3714 4224 περὶ

2126 4240 2221 4294 τοῦ
2286 4241 2446 4310 λόγου
2510 4241 2605 4294 τοῦ
2671 4243 2936 4313 στόματος
3001 4241 3176 4313 ὐμῶν.
3224 4262 3243 4295 ›
3299 4241 3410 4296 Kal
3455 4243 3713 4314 εἴπαμεν·

2135 4353 2154 4385 ι
2194 4334 2509 4406 Μάρτυρες.
2540 4353 2561 4385 ι
2599 4333 2708 4386 Kal
2753 4334 2920 4398 οὕτως
2956 4333 3231 4388 επαύσατο
3274 4334 3438 4396 Aeni,
3473 4336 3714 4390 ἐντελλό-

2059 4471 2102 4527 D
2135 4443 2293 4498 μενος
2326 4428 2436 4488 τοῖς
2471 4427 2605 4488 υἱοῖς
2639 4424 2823 4490 αὐτοῦ,
2859 4428 2952 4479 καὶ
2987 4426 3221 4492 ἐξέτεινε
3253 4427 3379 4489 τοὺς
3415 4425 3580 4489 πόδας
3610 4428 3711 4480 αὐ-

2130 4518 2224 4572 τοῦ
2244 4558 2258 4582 ,
2310 4518 2403 4570 καὶ
2439 4517 2741 4588 προσετέθη
2790 4517 2924 4588 πρὸς
2956 4517 3083 4580 τοὺς
3118 4517 3360 4587 πατέρας
3393 4514 3580 4582 αὐτοῦ,
3613 4517 3710 4590 ζή-

2135 4629 2232 4675 σας
2268 4611 2378 4683 ρλζ¹
2411 4612 2527 4681 έτη.
2566 4613 2672 4664 Καὶ
2705 4612 2904 4681 ἔθηκαν
2941 4612 3104 4666 αὐτὸν
3144 4613 3202 4666 ὲν
3223 4611 3397 4683 σορῷ·
3436 4613 3530 4665 καὶ
3562 4612 3713 4666 ὕπε-

2137 4721 2230 4776 ρον
2263 4703 2464 4772 έθαψαν
2511 4703 2676 4756 αὐτὸν
2721 4704 2778 4754 ὲν
2824 4701 3088 4774 Χεϐρὼν,
3141 4701 3244 4756 ἀνὰ
3276 4704 3437 4773 χεῖρα
3469 4701 3579 4773 (55)
3622 4702 3709 4756 ’Δ-

2137 4799 2344 4871 6ραὰμ,
2379 4800 2474 4852 καὶ
2519 4799 2722 4862 Ἰσαὰκ,
2757 4799 2850 4852 καὶ
2897 4797 3110 4851 Ἰακώϐ.

2209 4979 2321 5049 (55)
2355 4977 2692 5053 Statuetgue.
2729 4977 2894 5053 Stare“
2930 4980 3111 5053 faciet,
3148 4979 3318 5053 habet
3343 4988 3708 5053 uterque_ma-

2138 5053 2453 5119 nuscriputs
2482 5052 2651 5104 codex
2681 5050 2734 5102 in
2765 5049 3021 5104 Biblioth.
3051 5051 3203 5103 Bodl.
3233 5050 3306 5102 Ita
3323 5065 3543 5118 quoque
3563 5051 3701 5106 (1.8.

2139 5121 2200 5174 C.
2232 5121 2367 5174 adeo
2401 5130 2456 5172 ut
2505 5124 2591 5173 vix
2631 5121 2858 5173 dubium
2905 5121 2994 5183 sit,
3034 5119 3333 5174 Robertum
3378 5121 3431 5172 in
3460 5121 3705 5176 versione

2137 5205 2238 5245 Sua
2278 5191 2422 5244 hunc
2471 5206 2692 5244 sensum
2743 5193 3082 5258 expressisse
3109 5232 3123 5254 ,
3157 5206 3222 5244 eo
3255 5189 3401 5258 quod
3439 5190 3493 5243 in
3525 5189 3706 5246 Graeco

2141 5260 2343 5330 legeret
2374 5262 2582 5330 στήσει,
2611 5261 2686 5314 uti
2720 5261 2882 5314 habet
2910 5263 3079 5314 codex
3104 5259 3592 5328 Cantabrigiensis.
3617 5259 3704 5315 Ve-

2141 5347 2262 5384 rum
2283 5331 2396 5385 hazc
2425 5332 2604 5394 lectio,
2637 5333 2870 5400 indeque
2894 5341 3018 5384 nata
3045 5333 3242 5393 versio,
3271 5331 3704 5386 antecedentibus

2142 5401 2348 5470 pariter
2389 5402 2853 5470 acgsequentibus
2891 5401 3110 5466 verbis,
3141 5401 3355 5470 ipsique
3397 5401 3472 5453 rei
3504 5412 3699 5456 natura:

2142 5468 2424 5541 repugnat.
2457 5468 2670 5541 Optime
2693 5487 2820 5526 vero
2847 5481 3044 5526 cuncta
3084 5468 3188 5526 sibi
3232 5468 3465 5525 invicem
3517 5485 3698 5527 conso-

2142 5553 2294 5612 nant,
2341 5543 2386 5596 si
2434 5558 2498 5595 ex
2536 5542 2836 5596 Oxoniensi
2871 5544 3057 5597 codice.
3089 5541 3279 5612 Graeco
3311 5556 3550 5612 reponas
3568 5541 3695 5600 ἁπο-

2145 5611 2351 5680 στήσει,
2390 5611 2665 5665 abscedere
2700 5614 2878 5680 [uciet,
2905 5613 3184 5666 amovebil.
3221 5611 3298 5667 In.

2213 5681 2327 5753 (ζμ)
2366 5683 2787 5753 Εὐφροσύνην.
2820 5684 3192 5753 Δικαιοσύνην.
3227 5681 3305 5738 ID.

2216 5750 2327 5822 (55)
2363 5751 2554 5822 Χεξρα.
2583 5754 2802 5824 Χεῖρας.
2834 5752 2916 5811 In.
