3830 6216
150 292 298 351 ⁸06⁷9
1429 322 1711 378 TESTAM

1817 325 1957 381 TUM
1991 328 2210 385 JUD/E.
3272 349 3417 413 ,ατο

691 426 987 487 ΚΕΦΛΛΑῙ
996 434 1088 487 ΟΝ
1134 437 1206 488 Δ⁹.

153 544 420 613 Διαθήκη
466 544 686 620 Ἰούδαν
723 549 858 617 περὶ
905 548 1229 620 ἀνδρείας,
1295 550 1395 603 καὶ
1448 555 1737 620 φιλαργυ-

621 619 781 686 ρίας,
822 618 920 673 καὶ
960 621 1259 688 πορνείας.

226 731 306 783 A'.
358 730 714 804 Ἀντίγραφον
746 732 919 802 λόγων
966 733 1168 800 Ἰούδα,
1203 733 1304 786 ὅσα
1349 731 1575 804 ἐλάλησε
1622 737 1734 798 τοῖς

155 822 291 886 υἱοῖς
335 822 499 877 αὐτοῦ
538 825 642 897 πρὸ
672 825 766 879 τοῦ
803 825 1093 880 ἀποθανεῖν
1139 824 1321 879 αὐτόν.
1371 825 1734 896 Συναχθέντες

148 908 316 984 ἦλθον
365 916 502 987 πρὸς
552 917 747 981 αὑτὸν,
800 919 894 972 καὶ
944 914 1097 972 εἶπεν
1143 918 1324 981 αὐτοῖς
1346 934 1359 947 ·
1415 936 1433 968 ι
1462 918 1731 989 Τέταρτος

151 1004 267 1071 υίὸς
299 1007 565 1079 ἐγενόμην
610 1009 723 1079 ἐγὼ
751 1010 831 1082 τῷ
851 1011 1015 1083 πατρί
1040 1028 1139 1082 μου
1160 1051 1174 1075 ,
1209 1011 1302 1063 καὶ
1332 1011 1365 1080 ἡ
1407 1011 1589 1081 μήτηρ
1627 1027 1728 1079 μου

147 1099 264 1174 (56)
314 1103 563 1175 ὠνόμασέ
600 1121 668 1175 με
714 1103 935 1169 Ἰούδαν,
989 1103 1250 1173 λέγουσαο
1315 1103 1730 1175 Ἀνθομολογοῦ-

150 1212 249 1264 μαι
293 1194 374 1265 τῷ
423 1196 649 1268 Κυρίῳ,
685 1197 768 1250 ὅτι
814 1196 1013 1250 δέδωκέ
1051 1214 1138 1267 μοι
1173 1197 1267 1250 καὶ
1299 1198 1557 1268 τέταρτον
1588 1196 1725 1251 υἱόν.

160 1284 317 1350 Ὀξὺς
349 1286 496 1358 ήμην
528 1286 621 1339 καὶ
655 1286 943 1349 σπουδαῖος
977 1286 1036 1339 ἐν
1069 1284 1280 1356 νεότητί
1317 1304 1439 1357 μου,
1462 1289 1555 1340 καὶ
1588 1289 1728 1342 ὑπα-

145 1375 324 1429 κούων
369 1376 447 1448 τῷ
494 1377 665 1448 πατρὶ
716 1376 859 1431 κατά
891 1377 1069 1431 πάντα
1118 1377 1304 1445 λόγον·
1344 1379 1436 1431 καὶ
1470 1378 1725 1448 εὐλόγουν

144 1466 260 1538 (57)
292 1466 390 1537 τὴν
428 1467 638 1539 μητέρα
676 1485 779 1538 μου
802 1507 817 1532 ,
853 1468 948 1521 καὶ
980 1467 1080 1539 τὴν
1115 1466 1347 1538 ἀδελφὴν
1380 1469 1481 1538 τῆς
1519 1472 1724 1542 μητρός

146 1576 268 1630 μου.
306 1560 417 1612 Kal.
450 1559 667 1633 ἐγένετο
689 1600 704 1625 ,
738 1559 813 1624 ὡς
845 1559 1127 1633 ὴνδρώθην
1164 1561 1316 1634 (58),
1352 1563 1447 1616 καὶ
1478 1563 1507 1614 ό
1542 1564 1722 1635 πατήρ

144 1669 248 1722 μου
317 1650 511 1704 Ἰακὼϐ
562 1649 764 1722 ηὔξατό
817 1669 908 1723 μοι
959 1651 1096 1724 (59),
1156 1652 1328 1721 λέγων
1349 1671 1361 1683 ·
1421 1655 1722 1721 Βασιλεὺς

138 1744 277 1814 ἔσῃ,
305 1742 811 1813 κατευοδούμενος
853 1743 923 1797 ἐν
960 1742 1132 1798 πᾶσι.

212 1855 288 1909 B'.
330 1874 348 1907 ‹
375 1856 485 1908 Καὶ
506 1854 676 1909 ἔδωκέ
714 1871 802 1926 μοι
836 1854 1041 1926 Κύριος
1076 1855 1236 1926 χάριν
1268 1855 1326 1907 ἐν
1344 1857 1476 1909 πᾶσι
1498 1854 1718 1925 τοϊςέρ-

136 1963 255 2015 γοις
323 1964 457 2017 μου,
506 1945 565 2000 ἐν
612 1963 674 1998 τε
718 1945 797 2017 τῷ
844 1945 1035 2017 ἀγρῷ,
1084 1946 1180 1999 καὶ
1213 1947 1272 1998 ἐν
1305 1945 1382 2016 τῷ
1427 1945 1579 2015 οἴκῳ.
1632 1945 1719 2008 Ὠς

134 2030 275 2089 εἶδον
341 2034 489 2107 (60),
541 2036 625 2088 ὅτι
660 2035 994 2108 συνέδραμον
1030 2037 1096 2107 τῇ
1146 2035 1349 2105 ἐλάφῳ,
1387 2034 1482 2087 καὶ
1516 2034 1718 2097 πιάσας

130 2128 325 2200 αὐτὴν,
362 2129 595 2199 ἐποίησα
626 2127 705 2200 τῷ
737 2128 905 2200 πατρί
942 2145 1044 2199 μου
1079 2127 1293 2200 βρῶμα.
1313 2128 1424 2192 Τάς
1457 2126 1719 2199 δορκάδας

132 2220 406 2291 ἐκράτουν
437 2219 527 2273 διὰ
556 2218 650 2272 τοῦ
682 2219 907 2291 δρόμου,
944 2219 1037 2272 καὶ
1072 2220 1201 2285 πᾶν,
1229 2218 1258 2271 ὃ
1286 2213 1354 2289 ἦν
1387 2219 1446 2270 ἐν
1478 2220 1590 2281 τοῖς
1624 2234 1720 2269 πε-

128 2310 284 2374 δίοις,
318 2310 742 2381 κατελάμϐανον.
796 2309 1005 2382 Φοράδα
1039 2308 1236 2381 ἀγρίαν
1269 2308 1588 2373 κατέλαϐον,
1625 2310 1719 2361 καὶ

132 2403 336 2467 πιάσας
381 2402 647 2475 ἡμέρωσα
693 2402 825 2474 (61)·
865 2403 960 2457 καὶ
1006 2402 1197 2456 λέοντα
1242 2401 1571 2466 ἀπέκτεινα,
1622 2401 1717 2455 καὶ

126 2494 435 2565 ἀφειλόμην
498 2493 684 2565 ἔριφον
718 2495 784 2547 ἐκ
815 2493 911 2547 τοῦ
947 2494 1214 2565 στόματος
1258 2493 1443 2548 αὐτοῦ.
1484 2496 1716 2566 Ἀρκτον

126 2586 311 2641 λαϐὼν
344 2586 455 2640 ἀπὸ
485 2584 582 2639 τοῦ
617 2586 807 2652 ποδὸς,
842 2586 1153 2640 ἀπεκύλισα
1185 2587 1266 2649 εἰς
1303 2585 1547 2656 κρημνόν
1572 2601 1585 2614 °
1623 2585 1717 2638 καὶ

126 2678 241 2731 πᾶν
273 2676 463 2748 θηρίον
485 2716 500 2740 ,
536 2677 585 2729 εἰ
631 2676 970 2749 ἐπέστρεφεν
1004 2677 1093 2729 ἐπ’
1129 2676 1252 2746 ἐμὲ,
1286 2675 1524 2729 διέσπων
1558 2675 1712 2741 αὐτὸ,

121 2767 201 2833 ὼς
236 2768 402 2823 κύων.
454 2769 656 2841 Ἀγρίῳ
688 2769 858 2841 χοίρῳ
894 2770 1231 2841 συνέδραμον
1251 2807 1265 2832 ,
1300 2768 1394 2821 καὶ
1427 2768 1714 2837 προλαϐὼν

121 2859 183 2911 ἐν
215 2858 297 2929 τῷ
329 2859 545 2931 τρέχειν
582 2876 670 2930 με,
707 2859 1098 2931 κατεσπάραξα
1129 2858 1314 2911 αὐτόν.
1348 2858 1621 2928 Πάρδαλις
1656 2861 1713 2912 ὲν

121 2949 352 3020 Χεϐρὼν
375 2949 789 3021 προσεπήδησεν
811 2948 902 3003 ἐπὶ
923 2947 1014 3002 τὸν
1048 2946 1217 3001 κύνα*
1254 2947 1350 3000 καὶ
1382 2948 1581 3011 πιάσας
1614 2948 1714 3000 αὐ-

118 3040 222 3111 τὴν
269 3038 380 3093 ἀπὸ
410 3040 510 3111 τῆς
541 3039 729 3112 οὐρᾶς,
766 3038 1111 3111 ἀπηκόντισα
1129 3037 1299 3110 αὐτὴν
1318 3078 1332 3102 ,
1367 3038 1469 3092 καὶ¹
1501 3040 1710 3112 ἐρράγη

1790 586 1791 589 η
1844 556 2239 613 Testamentum
2271 562 2462 648 Judw:
2517 568 2581 648 de
2612 570 2925 648 fortitudine
2947 616 2962 643 ,
2993 588 3042 631 et
3075 582 3332 648 avaritia,
3358 591 3416 643 et

2433 636 2805 705 fornicatione.

1906 735 1949 790 Ι.
1989 736 2405 812 Transcriptum
2456 760 2773 806 sermonum
2823 734 3014 822 Judaé,
3068 774 3413 834 quaecunque

1835 829 2052 886 locutus
2076 841 2160 888 est
2204 833 2331 890 ﬁliis
2383 837 2519 905 suis,
2568 850 2859 913 antequam
2906 859 3232 908 moreretur.
3260 829 3408 910 Gon-

1835 925 2043 993 gregali
2065 938 2335 983 venerunt
2372 931 2439 984 ad
2465 932 2665 1002 ipsum,
2697 947 2750 990 et
2782 938 2917 993 dixit
2949 941 3029 997 eis
3060 960 3075 997 :
3112 963 3131 995 ‹
3164 943 3410 1012 Quartus

1833 1014 1978 1070 filius
2007 1017 2230 1075 effectus
2258 1036 2379 1075 sum
2401 1024 2543 1092 patri
2575 1042 2719 1093 meo,
2749 1038 2802 1083 et
2834 1040 3008 1086 mater
3046 1050 3163 1091 mea
3194 1040 3414 1098 vocavit

1833 1120 1920 1160 me
1948 1103 2167 1175 Iudam,
2212 1109 2398 1167 dicens
2429 1130 2442 1167 :
2477 1131 2497 1164 ‹
2531 1114 2806 1171 Conﬁteor
2836 1117 3105 1189 Domino,
3139 1126 3405 1194 quoniam

1831 1194 2131 1252 deditmihi
2161 1208 2215 1255 et
2243 1212 2499 1271 quartum
2529 1205 2724 1262 filium.
2757 1228 2777 1260 υ
2817 1208 2988 1267 Velox
3022 1229 3172 1269 eram
3206 1227 3260 1273 et
3283 1229 3404 1275 stu-

1830 1282 2021 1339 diosus
2047 1284 2101 1340 in
2121 1286 2409 1356 juventute
2436 1309 2576 1362 mea,
2606 1306 2659 1350 et
2688 1297 2948 1356 obediens
2981 1306 3122 1371 patri
3168 1323 3291 1363 meo
3319 1325 3409 1365 se-

1829 1374 2070 1430 cundum
2102 1393 2265 1436 omne
2280 1383 2504 1439 verbum
2530 1404 2544 1453 ;
2575 1395 2629 1442 et
2650 1388 3038 1449 benedicebam
3065 1400 3225 1453 matri
3249 1417 3405 1465 meae,

1827 1475 1882 1521 et
1902 1470 2077 1523 sorori
2106 1473 2300 1529 matris
2356 1490 2512 1531 meae.
2549 1477 2617 1533 Et
2663 1479 2865 1537 factum
2919 1499 3040 1554 est,
3068 1498 3128 1543 ut
3177 1491 3405 1549 effectus

1827 1573 1951 1614 sum
1981 1562 2102 1629 vir,
2148 1574 2202 1619 et
2229 1576 2382 1635 pater
2429 1585 2585 1625 meus
2633 1570 2804 1629 Jacob
2851 1579 3028 1634 oravit
3076 1597 3241 1651 super
3294 1603 3401 1653 me,

1827 1650 2013 1708 dicens
2041 1672 2053 1708 :
2093 1673 2111 1704 ι
2147 1653 2262 1711 Rex
2292 1659 2422 1725 eris,
2454 1674 2808 1733 prosperatus
2840 1667 2892 1721 in
2926 1650 3201 1727 omnibus.
3240 1693 3258 1723 ι

1891 1852 1959 1909 Η.
2004 1872 2024 1906 ι
2060 1853 2130 1909 Et
2169 1858 2321 1914 dedit
2358 1861 2493 1916 mihi
2537 1862 2808 1923 Dominus
2854 1872 3084 1939 gratiam
3118 1874 3171 1927 in
3212 1879 3399 1931 omni--

1821 1944 1925 2000 bus
1966 1949 2225 2016 operibus
2278 1953 2438 2019 meis,
2479 1963 2534 2009 et
2560 1956 2615 2010 in
2661 1973 2794 2029 agro
2824 1971 2877 2015 et
2915 1965 2970 2016 in
3001 1964 3186 2021 domo.
3221 1966 3399 2022 Utvi-

1820 2037 2039 2106 debam,
2090 2042 2234 2110 quod
2287 2047 2682 2103 concurreham
2728 2064 2939 2119 cervas;
2990 2063 3043 2108 et
3086 2059 3395 2127 apprehen-

1820 2129 1956 2185 dens
1986 2130 2186 2201 ipsam,
2219 2132 2321 2189 fcei
2359 2135 2540 2191 cibum
2566 2139 2707 2207 patri
2753 2156 2897 2196 meo.
2929 2143 3136 2213 Capras
3167 2162 3397 2217 supera-

1822 2221 1945 2274 bam
2002 2238 2099 2291 per
2140 2239 2387 2291 cursum,
2433 2235 2487 2281 et
2526 2243 2689 2284 omne
2718 2233 2865 2301 quod
2893 2242 3013 2288 erat
3052 2236 3105 2290 in
3148 2240 3396 2308 campis,

1819 2313 2117 2383 capiebam.
2168 2314 2376 2387 Equam
2411 2328 2679 2389 agrestem
2721 2325 2999 2393 capiebam
3028 2366 3043 2391 ,
3091 2334 3147 2382 et
3198 2344 3397 2399 appre-

1820 2400 2064 2458 hendens
2098 2406 2473 2474 mansuefeci;
2500 2417 2554 2461 et
2575 2408 2786 2466 leonem
2814 2412 3079 2482 interfeci,
3112 2426 3167 2470 et
3189 2418 3391 2487 eripie—

1817 2492 1943 2547 bam
1967 2493 2179 2549 hmdum
2200 2511 2266 2551 ex
2290 2513 2385 2553 ore
2407 2499 2555 2568 ejus.
2576 2500 2777 2556 Ursum
2807 2505 3029 2574 capiens
3057 2523 3152 2576 per
3178 2511 3393 2578 pedem,

1816 2585 2100 2640 volvebam
2131 2586 2186 2641 in
2214 2591 2572 2661 praecipitium
2601 2612 2615 2661 ;
2642 2604 2694 2650 et
2726 2609 2943 2653 omnem
2978 2597 3171 2665 feram,
3205 2603 3251 2657 si
3308 2619 3396 2658 re-

1816 2694 1974 2734 versa
2009 2680 2173 2736 estin
2198 2698 2306 2747 me,
2332 2684 2700 2742 dilacerabatn
2733 2704 2877 2755 eam,
2914 2698 2977 2745 ut
3014 2694 3189 2749 canis.
3219 2694 3394 2752 Porco

1818 2770 2057 2827 silvestri
2112 2777 2535 2845 concurrebam,
2565 2788 2619 2834 et
2646 2795 3039 2852 praeoccupans
3079 2786 3133 2839 in
3166 2803 3395 2843 curren-

1815 2863 1909 2930 do,
1938 2864 2236 2921 dilaceravi
2273 2883 2420 2923 eum.
2448 2868 2697 2929 Pardalis
2726 2873 2781 2929 in
2816 2874 3033 2932 Hebron
3060 2879 3272 2935 insiluit
3296 2898 3393 2937 su-

1815 2968 1914 3024 per
1945 2970 2169 3022 canem;
2204 2967 2259 3012 et
2288 2962 2703 3029 apprehendens
2728 2980 2848 3020 eam
2879 2983 2977 3037 per
3014 2972 3265 3037 caudam,
3295 2976 3393 3027 ab-

1809 3048 2067 3118 jiciebam
2114 3066 2267 3115 eam,
2304 3062 2358 3108 et
2408 3053 2626 3126 dirupta
2678 3068 2764 3113 est
2810 3060 2865 3113 in
2914 3063 3165 3117 terminis
3207 3062 3385 3119 δεῖξις.

118 3133 179 3183 ἐν
212 3134 327 3194 τοῖς
363 3133 509 3202 ὅροις
544 3132 744 3204 Γάζης.
800 3131 940 3186 Βοῦν
972 3132 1160 3203 ἄγριον
1194 3134 1253 3187 ἐν
1286 3132 1442 3204 χώρα
1475 3133 1712 3203 νεμόμε-

1817 3141 2016 3196 Bovem
2058 3142 2362 3199 silvestrem
2417 3144 2473 3199 in
2522 3149 2744 3218 regione
2778 3160 2995 3220 pastum
3026 3155 3174 3209 tenui
3204 3155 3390 3210 cornio

120 3239 213 3275 νον
244 3222 528 3294 ἐκράτησα
561 3221 672 3295 (62)
705 3222 814 3277 τῶν
848 3224 1117 3295 κεράτων,
1153 3224 1247 3276 καὶ
1278 3225 1336 3277 ἐν
1368 3222 1553 3293 κύκλῳ
1573 3239 1705 3276 συσ-

119 3312 333 3378 σείσας,
366 3314 461 3367 καὶ
495 3313 769 3379 σκοτίσας,
806 3312 968 3389 ῥίψας
1002 3312 1212 3365 ἀνεῖλον
1244 3310 1427 3365 αὐτόν.

189 3427 265 3478 I".
310 3445 330 3477 ι
354 3426 465 3479 Καὶ
485 3426 577 3479 ὅτε
595 3421 763 3498 ἦλθον
777 3427 828 3479 οἱ
846 3425 940 3480 δύο
966 3425 1203 3497 βασιλεῖς
1234 3424 1343 3479 τῶν
1377 3423 1699 3478 Χαναναίων

112 3519 579 3591 τεθωρακισμένοι
613 3518 707 3573 ἐπὶ
738 3518 806 3573 τά
839 3519 1085 3590 ποίμνια,
1121 3519 1215 3572 καὶ
1244 3517 1413 3581 πολὺς
1440 3516 1565 3579 λαὸς
1585 3514 1702 3586 μετ’

112 3605 328 3673 αὐτῶν,
362 3606 519 3675 κάγὼ
570 3607 728 3679 μόνος
758 3606 980 3679 δραμὼν
1030 3607 1123 3661 ἐπὶ
1154 3607 1249 3660 τὸν
1283 3606 1505 3677 βασιλέα
1537 3606 1697 3676 Σοὺρ,

114 3697 378 3767 συνέσχον
414 3696 526 3770 (65)
547 3696 731 3762 αὐτὸν,
755 3699 847 3751 καὶ
880 3698 972 3752 ἐπὶ
1003 3696 1102 3762 τὰς
1136 3697 1405 3768 κνημίδας
1439 3695 1697 3768 κρούσας,

110 3791 470 3857 κατέσπασα,
506 3792 601 3846 καὶ
631 3792 804 3856 οὕτως
836 3791 1046 3847 ἀνεῖλον
1079 3791 1260 3844 αὐτόν.
1296 3790 1408 3843 Καὶ
1447 3789 1539 3842 τὸν
1580 3788 1701 3841 ἓτε-

113 3901 209 3955 ρον
263 3883 489 3956 βασιλέα
540 3884 788 3954 Ταφουέ,
838 3883 1153 3955 καθήμενον
1202 3882 1295 3935 ἐπὶ
1343 3880 1439 3934 τοῦ
1494 3880 1696 3945 ἵππου,

108 3977 319 4033 ἀνεῖλον
340 3976 520 4042 αὑτὸν,
539 3976 633 4030 καὶ
664 3974 836 4039 οὕτως
853 3976 1035 4030 πάντα
1048 3975 1138 4027 τὸν
1168 3973 1293 4027 λαὸν
1324 3972 1435 4045 (64)
1455 3971 1699 4043 διεσκόρ-

108 4087 268 4124 πισα.
318 4070 424 4123 Τὸν
482 4066 660 4141 Ἀχὼρ
712 4066 970 4138 βασιλέα,
1022 4066 1191 4138 ἄνδρα
1224 4064 1530 4134 γιγάντων,
1567 4063 1696 4135 βάλ-

104 4160 270 4215 λοντα
303 4160 432 4226 τόξα
463 4159 771 4233 ἔμπροσθεν
805 4158 899 4212 καὶ¹
932 4158 1187 4223 ὄπισθεν,
1224 4160 1310 4227 ἐφ’
1345 4157 1511 4210 ἵππου
1546 4157 1642 4209 ἀνε
1671 4185 1694 4194 -

104 4254 334 4325 λόμενος
353 4293 368 4319 ,
402 4253 548 4306 λίθον
581 4253 845 4324 ἐξήκοντα
892 4250 1094 4323 λιτρῶν
1128 4251 1414 4314 ἀκοντίσας
1439 4290 1454 4315 ,
1487 4249 1695 4302 δέδωκα

102 4346 185 4417 τῷ
218 4347 372 4418 ἵππῳ
405 4348 499 4399 καὶ
550 4346 846 4399 ἀπέκτεινα
878 4345 1061 4399 αὐτόν.
1113 4344 1225 4397 Kal.
1259 4343 1571 4414 πολεμήσας
1602 4342 1695 4395 τὸν

1808 3230 1934 3297 bus,
1971 3243 2025 3288 et
2053 3234 2107 3288 in
2142 3235 2411 3292 circulum
2435 3239 2661 3295 volvens
2689 3252 2745 3297 et
2765 3244 3155 3309 obtenebrans,
3173 3246 3388 3316 jaciens

1806 3326 1982 3381 occidi
2006 3341 2153 3383 eum.

1874 3438 1963 3495 Ill.
2005 3459 2023 3492 ‹
2054 3441 2120 3496 Ει
2146 3444 2365 3513 quando
2394 3446 2687 3502 veniebant
2720 3448 2830 3503 duo
2858 3465 3013 3520 reges
3040 3451 3384 3511 Chananzeo-

1804 3546 1929 3589 rum
1963 3532 2175 3590 loricati
2212 3550 2376 3606 super
2404 3553 2616 3610 greges,
2647 3548 2701 3595 et
2743 3541 2950 3597 multus
2990 3546 3222 3614 populus
3255 3563 3384 3603 cum

1805 3622 1960 3694 ipsis,
1987 3632 2042 3679 et
2074 3640 2175 3697 ego
2206 3628 2357 3683 solus
2403 3645 2631 3686 currens
2654 3631 2711 3685 in
2742 3648 2924 3704 regem
2960 3633 3085 3702 Sur,
3131 3640 3380 3699 continui

1803 3733 1930 3773 eum
1954 3725 2007 3772 et
2039 3719 2090 3771 in
2125 3719 2289 3774 tibias
2326 3723 2635 3789 percutiens
2656 3765 2670 3790 ,
2701 3728 2999 3795 prostravi,
3024 3738 3077 3784 et
3107 3730 3179 3785 ita
3203 3733 3382 3789 occidi

1801 3824 1948 3864 eum.
1973 3808 2040 3864 Et
2061 3810 2228 3864 alium
2258 3827 2439 3880 regem
2464 3810 2706 3882 Taphue,
2736 3817 3013 3872 sedentem
3038 3819 3091 3872 in
3119 3835 3260 3891 equo
3288 3838 3384 3878 oc-

1801 3902 1931 3971 cidi,
1965 3912 2130 3973 atque
2152 3904 2225 3958 ita
2257 3920 2475 3960 omnem
2502 3906 2762 3976 populum
2792 3908 3044 3979 dispersi.
3078 3913 3263 3970 Achor
3290 3931 3379 3970 re-

1801 4011 1943 4067 gem,
1967 3996 2147 4052 virum
2172 3998 2474 4069 gigantum,
2504 3998 2849 4068 sagittantem
2887 4010 3013 4056 ante
3043 4010 3097 4057 et
3123 4015 3290 4073 retro,
3321 4008 3377 4061 in

1797 4103 1941 4158 equo
1963 4089 2395 4159 apprehendens,
2414 4090 2649 4160 lapidem
2672 4090 2951 4161 sexaginta
2970 4092 3230 4149 librarum
3244 4112 3379 4152 con-

1797 4190 2085 4253 torquens,
2118 4180 2324 4251 projeci
2367 4180 2423 4235 in
2454 4197 2680 4252 equum,
2706 4189 2761 4238 et
2802 4183 2983 4253 ipsum
3015 4184 3283 4242 interfeci.
3309 4187 3377 4242 Et

1796 4287 2117 4344 expugnans
2147 4272 2331 4327 Achor
2359 4271 2510 4328 horis
2534 4273 2769 4336 duabus,
2801 4274 2976 4330 occidi
3002 4291 3149 4340 eum,
3175 4286 3231 4331 et
3260 4278 3374 4333 dis-

1798 4381 1989 4422 secans
2011 4366 2257 4437 clypeum
2276 4364 2412 4437 ejus,
2431 4366 2672 4422 conscidi
2692 4367 2855 4436 pedes
2874 4367 3014 4437 ejus.
3041 4367 3098 4421 In
3122 4371 3374 4426 exuendo

118 4438 301 4511 Ἁχὼρ
333 4438 428 4493 ἐπὶ
461 4436 607 4510 ὥρας
639 4438 765 4504 δύο,
800 4438 1097 4493 ἀπέκτεινα
1130 4436 1291 4489 αὐτὸν
1311 4476 1325 4500 ,
1362 4436 1455 4488 καὶ
1487 4435 1567 4498 είς
1600 4434 1693 4487 δύο

1817 4468 1982 4514 ιυιθιη
2015 4458 2134 4528 ejus
2175 4459 2474 4525 thoracem,
2499 4473 2629 4513 ecce
2647 4466 2773 4513 octo
2798 4457 2923 4523 viri,
2950 4458 3111 4513 amici
3141 4460 3262 4530 ejus
3286 4461 3375 4516 in-

104 4529 252 4603 μέρη
289 4532 518 4603 ποιήσας
548 4531 648 4601 τὴν
682 4530 883 4584 ἀσπίδα
916 4529 1100 4592 αὐτοῦ,
1138 4526 1409 4598 συνέκοψα
1440 4527 1567 4590 τοὺς
1590 4526 1688 4579 πό-

97 4621 201 4686 δας
232 4620 418 4675 αὐτοῦ.
470 4622 556 4675 Ἑν
588 4622 646 4675 δὲ
676 4621 755 4693 τῷ
789 4620 997 4675 ἐκδύειν
1035 4638 1101 4692 με
1136 4620 1298 4675 αὐτὸν
1328 4619 1419 4673 τὸν
1438 4617 1688 4689 θώρακα,

105 4715 220 4769 ἰδοὺ
266 4713 458 4786 ἄνδρες
490 4712 636 4767 ὀκτὼ
658 4754 674 4778 ,
708 4714 914 4786 ἐταῖροι
945 4713 1129 4779 αὑτοῦ,
1165 4710 1399 4784 ἧρξαντο
1433 4709 1689 4780 πολεμεῖν

102 4804 243 4876 πρὸς
294 4821 383 4876 με.
445 4804 759 4876 Ἐνειλήσας
822 4798 916 4857 οὖν
978 4802 1078 4874 τὴν
1146 4800 1339 4872 στολήν
1376 4816 1475 4871 μου
1510 4799 1571 4852 ἐν
1618 4800 1687 4869 τῇ

1795 4558 2059 4620 ceperunt
2102 4564 2347 4619 pugnare
2396 4548 2659 4604 adversus
2732 4563 2838 4602 me.
2892 4546 3177 4605 Involvens
3239 4566 3372 4622 ergo

1794 4643 1989 4698 stolam
2010 4657 2188 4696 meam
2219 4640 2271 4695 in
2298 4656 2463 4695 manu
2494 4655 2636 4707 mea,
2671 4640 2948 4710 lapidibus
2978 4657 3009 4696 e
3039 4640 3208 4697 funda
3235 4658 3367 4714 per-

1792 4734 2008 4789 cutiens
2034 4734 2205 4804 ipsos,
2236 4740 2475 4803 quatuor
2517 4747 2706 4787 eorum
2736 4733 2946 4799 occidi;
2974 4735 3154 4789 czeteri
3183 4747 3367 4792 autem

1790 4820 2064 4892 fugerunt.
2104 4819 2167 4874 Et
2182 4818 2351 4875 Jacob
2376 4829 2530 4889 pater
2560 4829 2747 4875 noster
2777 4822 2978 4877 occidit
3007 4822 3237 4891 Beelisa,
3271 4843 3364 4883 re-

99 4897 248 4969 χειρί
283 4913 407 4967 μου,
442 4895 610 4961 λίθοις
661 4895 1025 4967 σφενδονήσας
1071 4892 1286 4957 αὐτοὺς,
1318 4892 1591 4963 τέσσαρας
1626 4889 1685 4957 ἐξ

1817 4889 1909 4974 rem
1939 4913 2183 4967 omnium
2207 4928 2419 4983 regum,
2451 4913 2723 4982 gigantem
2755 4912 3075 4971 fortitudine
3095 4956 3112 4983 ,
3144 4889 3363 4975 cubito-

97 4987 286 5044 αὐτῶν
334 4987 579 5042 ἀνεῖλονο
631 4990 681 5042 οἱ
729 4987 787 5041 δὲ
820 4986 969 5042 ἄλλοι
1015 4986 1237 5057 ἔφυγον.
1274 4985 1384 5037 Καὶ
1430 4983 1623 5037 Ἰακὼϐ
1655 4983 1684 5034 ὁ

1786 5019 1909 5058 rum
1959 5002 2269 5058 duodecim.
2303 5001 2371 5057 Et
2419 5003 2618 5058 cecidit
2647 5017 2811 5073 super
2864 5004 3014 5075 ipsos
3052 5015 3277 5077 tremor,
3308 5019 3363 5064 et

98 5083 287 5154 πατὴρ
318 5082 480 5154 ἡμῶν
512 5081 689 5136 ἀνεῖλε
739 5080 831 5134 τὸν
882 5079 1144 5145 Βεελισᾶ,
1194 5076 1413 5149 βασιλέα
1460 5077 1681 5130 πάντων

1817 5104 2137 5150 essaverunt
2161 5109 2408 5165 pugnare
2434 5103 2625 5150 contra
2654 5109 2777 5150 nos.
2807 5093 3037 5165 Pr0pter
3068 5097 3175 5153 hoc
3200 5114 3360 5153 secu-

94 5176 209 5228 τὼν
255 5174 550 5246 βασιλέων,
603 5173 833 5243 γίγαντα
861 5175 929 5244 τῇ
985 5170 1161 5242 ἰσχύϊ,
1199 5168 1417 5239 πηχέων
1450 5166 1677 5220 δώδεκα.

1781 5201 1876 5242 rus
1902 5193 2020 5240 erat
2060 5196 2213 5255 pater
2242 5200 2397 5240 meus
2428 5186 2483 5239 in
2517 5185 2743 5255 praeliis,
2776 5187 3038 5256 quoniam
3065 5203 3166 5259 ego
3205 5204 3357 5244 eram

96 5267 209 5319 Καὶ
258 5265 523 5320 ἐπέπεσεν
569 5264 656 5318 ἐπ’
704 5263 899 5327 αὐτοὺς
944 5261 1145 5335 τρόμος
1169 5302 1184 5327 ,
1233 5259 1328 5314 καὶ
1366 5257 1675 5312 ἐπαύσαντο

1817 5294 1903 5334 um
1950 5276 2212 5337 fratribus
2260 5277 2418 5334 meis.
2454 5276 2598 5333 Vidit
2635 5278 2779 5332 enim
2815 5278 2871 5332 in
2902 5279 3113 5335 visione
3143 5280 3210 5335 de
3231 5296 3352 5348 me.

316 5464 525 5537 Μήτηρ
552 5464 849 5537 μου.ᾼΛία.
880 5465 959 5519 In.

166 5534 287 5601 (57)
324 5534 658 5601 Εὐλότοὺν.
697 5534 1052 5601 Ἐτίμων.ῐι›.

191 5606 284 5671 58)
339 5603 695 5673 Ἠνδρώθην.
746 5603 1065 5676 Ἦδρύᾼνθην.
1107 5603 1180 5657 In.

190 5676 282 5745 59)
307 5676 542 5740 Ηῦξατό
558 5693 678 5745 μοι.
707 5674 1045 5745 gentiam.
1078 5676 1158 5729 lo.

161 5741 278 5824 tuo)
323 5747 419 5814 Ὠς
446 5741 629 5802 εἶδόν.
663 5741 813 5803 Οἶδα.
844 5741 921 5800 lo.

1845 5456 1959 5527 (61)
1983 5455 2217 5527 φοράδα
2229 5457 2443 5527 ἀγρίαν
2462 5455 2813 5519 κατέλαϐον,
2842 5455 2939 5509 καὶ
2963 5454 3177 5521 πιάσας
3213 5455 3353 5526 ὴμέ-

1765 5525 1953 5595 ρωσα.
1988 5526 2213 5581 Desunt.
2248 5525 2327 5580 In.

1843 5597 1954 5668 (62)
2000 5595 2353 5668 'Eigpdtnoa.
2381 5596 2715 5668 Κρατείσας.
2754 5601 2827 5654 In.

1865 5666 1955 5738 65)
1994 5667 2167 5734 Σοὺρ,
2195 5666 2527 5739 συνέσχον.
2576 5668 2790 5733 Ἀσοὺρ,
2818 5670 3077 5739 συνεῖχον.
3108 5666 3181 5720 In.

1864 5739 1953 5811 64)
1982 5740 2161 5794 Actor.
2195 5738 2400 5793 Αὐτῶν.
2430 5738 2505 5797 Ιι).
