3830 6216
400 339 538 400 τοτι

1357 322 1817 382 TESTA-MENTA
1855 321 1948 376 Xll
1985 313 2607 375 PATRIARCHARUM.

3517 299 3668 355 i072

395 459 542 533 quod
567 454 793 528 angelus
828 449 1046 506 virtutis
1106 445 1439 517 sequebatur
1463 457 1550 496 tne
1595 440 1649 495 in
1689 437 1969 501 omnibus,

2139 430 2447 502 ιλεμοῢντες
2495 427 2581 496 ἐφ’
2631 424 2797 496 ἡμᾶς.
2853 421 2953 474 Διά
2999 420 3158 476 τοῦτο
3204 417 3508 490 ἀμέριμνος
3544 411 3664 487 ἧνὸ

375 563 452 608 λιιι
496 566 602 606 aon
636 547 905 602 vincerer.

2077 525 2257 595 πατήρ
2279 539 2396 594 ,μου
2429 521 2486 572 ἐν
2517 520 2629 580 τοῖς
2664 514 2942 584 πολέμοκ,
2977 514 3058 566 ὅτι
3092 511 3202 580 ἐγὼ
3231 512 3380 582 ήμην
3417 509 3516 562 σὺν
3552 509 3666 568 τοῖς

395 646 646 717 ἀδελφοῖς
698 658 822 713 μου.
860 633 981 692 Εἶδε
1031 633 1140 704 γὰρ
1172 633 1229 684 ἐν
1259 629 1495 702 ὁράματι
1544 627 1672 697 περὶ
1707 620 1864 694 ἐμοῦ,
1897 621 1980 674 ὅτι
2018 617 2247 688 ἄγγελος
2297 615 2578 685 δυνάμεως
2637 606 2833 662 ’ἐπεταί
2869 625 2958 678 μοι
2990 608 3048 658 ἐν
3083 607 3247 668 πᾶσι,
3319 601 3415 656 τοῦ
3455 601 3534 672 μὴ
3569 602 3668 672 ἡτ-

384 737 609 794 ’τᾶσθαι.

467 850 560 907 IV.
583 869 602 903 ι
627 847 694 903 Et
707 847 773 902 ad
788 851 1035 900 austrum
1059 839 1259 894 factum
1288 843 1373 891 est
1395 832 1559 888 nobis
1581 831 1828 902 praelium
1852 844 1972 882 ma-

395 946 508 1015 jus,
535 955 701 1013 quam
726 935 872 1008 quod
902 934 956 988 in
983 928 1242 986 Sicbimis
1272 944 1286 992 ;
1321 932 1375 979 et
1410 923 1716 977 instructus
1763 919 1818 973 in
1855 917 1974 971 acie

397 1049 524 1093 cum
555 1032 822 1088 fratribus
861 1025 1020 1090 meis,
1067 1025 1390 1092 persecutus
1430 1029 1552 1069 sum
1592 1011 1741 1065 mille
1786 1009 1969 1074 viros,

395 1143 452 1189 et
473 1131 648 1189 occidi
698 1143 763 1182 ex
809 1125 889 1180 eis
928 1123 1192 1176 ducentos
1219 1116 1400 1176 viros,
1430 1120 1484 1165 et
1512 1117 1751 1179 quatuor
1786 1119 1970 1176 reges.

397 1225 467 1280 Et
510 1220 734 1278 escendi
783 1230 947 1286 super
1002 1213 1151 1282 ipsos
1187 1209 1240 1262 in
1288 1218 1542 1269 murum,
1570 1209 1626 1255 et
1658 1199 1798 1253 alios
1830 1196 1971 1252 duos

396 1331 554 1387 reges
576 1311 752 1368 occidi
781 1327 794 1363 :
823 1317 878 1362 et
921 1307 996 1360 ita
1045 1299 1398 1357 liberavimus
1425 1294 1662 1360 llebron,
1689 1298 1744 1344 et
1795 1289 1972 1343 abdu-

398 1404 582 1458 ximus
606 1413 827 1456 omnem
851 1408 1042 1466 regum
1065 1388 1461 1460 captivitatem.

467 1586 534 1643 Ἴ.
574 1605 593 1638 ι
633 1582 700 1638 Ει
745 1587 968 1652 postero
1009 1575 1096 1630 die
1134 1569 1405 1627 abivimus
1429 1567 1483 1621 in
1508 1564 1751 1627 Aretam,
1784 1561 1977 1616 civita-

397 1691 506 1736 tem
537 1650 815 1750 p0tente—m
863 1678 922 1726 et
970 1672 1242 1722 muratam
1271 1702 1286 1728 ,
1322 1667 1377 1714 et
1423 1656 1581 1712 nobis
1625 1650 1978 1708 inaccessibi-

397 1743 558 1838 lem,-
582 1775 817 1824 mortem
869 1760 1190 1816 minantem.
1228 1751 1340 1823 Ego
1387 1750 1552 1820 igitur
1580 1757 1634 1801 et
1662 1743 1777 1800 Gad
1808 1743 1976 1798 adve-

399 1866 586 1920 nimus
615 1861 684 1915 ab
705 1858 917 1913 oriente
940 1847 1211 1913 civitatis;
1240 1819 1439 1900 ll'uben
1492 1855 1624 1895 vero
1658 1847 1713 1892 et
1739 1835 1869 1890 Levi
1912 1832 1981 1888 ab

2139 1826 2199 1879 πὸ
2246 1823 2518 1878 ἀνατολῶν
2570 1821 2671 1892 τῆς
2723 1819 2930 1882 πόλεως
2952 1835 2966 1848 ·

398 1953 682 2012 occidente
707 1957 762 2003 et
790 1953 1002 2000 austro.
1035 1939 1102 1994 Et
1126 1936 1512 1994 existimantes
1543 1929 1637 1999 qui
1668 1942 1832 1998 super
1854 1939 1978 1980 mu-

398 2061 495 2101 ros
515 2049 692 2108 erant,
718 2036 866 2108 quod
896 2049 997 2089 nos
1024 2031 1127 2087 soli
1175 2041 1446 2089 essemus,
1502 2019 1717 2077 attracti
1750 2026 1878 2074 sunt
1920 2018 1978 2071 in

399 2153 539 2202 nos;
597 2143 653 2191 et
699 2133 773 2187 ila
825 2130 1058 2184 latentes
1099 2122 1302 2178 fratres
1338 2118 1444 2174 mei
1475 2132 1542 2170 ex
1567 2125 1797 2182 utraque
1828 2120 1979 2181 parte

400 2231 619 2305 paxillis
659 2223 1024 2282 ascenderunt
1069 2229 1310 2276 murum,
1367 2218 1422 2265 et
1473 2209 1815 2262 intraverunt
1842 2203 1980 2258 civi-

399 2295 588 2389 tatem,
641 2312 1022 2389 ignorantibus
1056 2306 1212 2378 ipsis.
1245 2303 1313 2357 Et
1352 2301 1604 2371 cepimus
1629 2312 1751 2352 eam
1799 2295 1853 2349 in
1882 2309 1981 2349 ore

400 2416 586 2489 gladii,
619 2422 676 2468 et
719 2407 1052 2478 refugientes
1096 2401 1153 2454 in
1182 2398 1405 2459 turrim,
1454 2392 1813 2449 incendentes
1835 2403 1978 2454 eam,

405 2525 531 2567 cum
564 2506 700 2578 ipsis
730 2503 1000 2572 cepimus.
1031 2495 1245 2550 Etcum
1275 2490 1675 2552 recedet-emus,
1697 2484 1801 2540 viri
1833 2482 1981 2538 Tha-

402 2603 549 2673 phue
586 2595 916 2653 invadebant
937 2588 1178 2661 praedam
1227 2592 1472 2639 nostram
1499 2599 1514 2648 ;
1546 2587 1601 2635 et
1643 2593 1767 2634 eum
1828 2591 1982 2631 acce-

401 2695 615 2766 pissent
633 2704 755 2745 eam
780 2701 905 2741 cum
937 2682 1064 2736 filiis
1089 2675 1314 2740 nostris,
1339 2671 1616 2742 congressi
1642 2684 1834 2725 sumus
1856 2681 1983 2722 cum

403 2759 486 2840 eis
506 2796 682 2851 usque
705 2779 772 2834 ad
800 2773 1066 2844 Tbapbue
1091 2788 1105 2838 ;
1134 2781 1339 2836 eosque
1377 2763 1705 2827 occidimus,
1751 2768 1806 2814 et
1849 2759 1983 2814 civi-

403 2850 996 2931 tatemiincendimus,
1054 2867 1344 2933 postquam
1399 2855 1588 2909 omnia
1615 2867 1736 2923 qua:
1764 2850 1818 2904 in
1866 2850 1982 2920 ipsa

406 2975 585 3034 erant,
613 2962 1028 3035 spoliassemus.

480 3145 571 3200 Vl.
610 3161 629 3195 σ
660 3141 724 3197 Et
753 3149 808 3195 ut
842 3153 991 3193 eram
1031 3137 1082 3191 in
1113 3134 1272 3206 aquis
1302 3127 1585 3194 Chuzeba,
1631 3126 1669 3180 ii
1714 3125 1860 3195 quia
1888 3121 1982 3178 Jo-
2015 3183 2054 3206 μ

2157 819 2229 869 Δ’.
2263 833 2281 866 ι
2324 813 2433 866 Kal
2463 809 2604 863 κατὰ
2622 811 2768 861 νότον
2783 805 3005 874 γέγονεν
3027 803 3161 875 ἡμῖν
3191 801 3426 872 πόλεμος
3461 799 3672 870 μείζων

2073 905 2168 957 τοῦ
2185 905 2240 956 ἐν
2258 904 2517 972 Σικήμοις
2537 916 2548 929 '
2575 898 2667 951 καὶ
2703 894 3153 967 παραταξάμενος
3191 889 3331 962 μετά
3363 890 3478 943 τῶν
3511 889 3676 944 ἀδελ-

2077 991 2193 1066 φῶν
2233 1012 2333 1066 μου
2357 1034 2371 1058 ,
2407 990 2601 1056 ἐδίωξα
2633 989 2838 1060 χιλίους
2874 985 3091 1056 ἄνδρας,
3129 986 3221 1037 καὶ
3271 983 3582 1035 ἀπέκτεινα
3616 981 3679 1048 ἐξ

2076 1085 2255 1139 αὐτῶν
2318 1081 2624 1144 διακοσίους
2685 1078 2904 1149 ἄνδρας,
2955 1077 3049 1129 καὶ
3081 1075 3352 1146 τέσσαρας
3405 1073 3670 1144 βασιλεῖς.

2077 1178 2187 1232 Καὶ
2221 1175 2447 1246 ἀνῆλθον
2483 1175 2568 1226 ἐπ’
2601 1173 2796 1234 αὐτοὺς
2815 1170 2907 1223 ἐπὶ
2938 1167 3031 1221 τοῦ
3065 1168 3297 1237 τείχους,
3333 1167 3434 1218 καὶ
3479 1165 3678 1228 ἄλλους

2078 1270 2171 1322 δύο
2207 1266 2442 1338 βασιλεῖς
2478 1262 2719 1317 ἀνεῖλον·
2759 1260 2854 1314 καὶ
2888 1259 3060 1321 οὕτως
3081 1256 3541 1328 ἠλευθερώσαμεν
3577 1255 3676 1325 τὴν

2081 1360 2308 1433 Χεϐρὼν
2332 1401 2348 1425 ,
2384 1360 2478 1412 καὶ
2510 1355 2773 1426 ἐλάϐομεν
2811 1355 2990 1407 πᾶσαν
3023 1353 3123 1422 τὴν
3155 1339 3534 1422 αἰχμαλωσίαν
3565 1347 3677 1401 τῶν

2089 1453 2351 1524 βασιλέων
2365 1491 2379 1505 .

2154 1555 2229 1606 E'.
2274 1571 2291 1604 ι
2322 1554 2431 1606 Kal
2464 1554 2530 1624 τῇ
2569 1549 2696 1620 ἑξῆς
2747 1545 3069 1618 ἀπήλθομεν
3097 1543 3176 1607 εἰς
3223 1541 3471 1613 Ἀρέταν,
3519 1538 3680 1593 πόλιν

2081 1642 2346 1716 κραταιὰν
2379 1643 2475 1696 καὶ
2507 1642 2758 1712 τειχήρη,
2794 1638 2888 1690 καὶ
2921 1635 3356 1708 ἀπροσὲγγιστον
3389 1634 3546 1702 ἡμῖν,
3585 1630 3680 1683 θά-

2081 1751 2237 1788 νατον
2287 1731 2636 1787 ἀπειλοῦσαν.
2698 1727 2838 1797 Ἐγὼ
2884 1721 2976 1780 οὖν
3023 1726 3118 1778 καὶ
3166 1722 3274 1776 Γὰδ
3315 1721 3678 1794 προσήξαμευ

3032 1815 3272 1885 Ῥουϐὴμ
3313 1813 3369 1866 δὲ
3415 1813 3510 1864 καί
3544 1808 3678 1863 Λευῖ

2079 1917 2186 1971 ἀπὸ
2218 1914 2436 1986 δυσμῶν
2470 1914 2562 1967 καὶ
2593 1913 2768 1966 νότου.
2804 1911 2912 1964 Kal
2961 1907 3271 1986 νομίζοντες
3317 1907 3366 1957 οἱ
3421 1903 3532 1956 ἀπὺ
3580 1902 3675 1955 τοῦ

2077 1985 2426 2079 τείχους,ίὸτι
2460 2008 2623 2077 ἡμεῖς
2660 2005 2811 2076 μόνοι
2843 2001 3034 2072 ἐσμέν,
3069 1985 3500 2068 ἐφειλκύσθησαν
3537 1995 3680 2067 πρὸς

2078 2100 2244 2169 ἡμᾶς’
2282 2097 2375 2150 καὶ
2407 2095 2578 2158 οὕτως
2613 2093 2855 2164 λαθραῖοι
2903 2093 2950 2144 οί
2984 2087 3200 2158 ἀδελφοί
3250 2104 3351 2158 μου
3387 2081 3448 2152 ἐξ
3483 2085 3678 2138 ἐκατέ-

2089 2207 2201 2261 ρων
2384 2184 2682 2247 πασσάλοις
2717 2181 3059 2251 ἐπανέϐησαν
3094 2177 3171 2247 τῷ
3208 2173 3396 2245 τείχει,
3434 2174 3528 2225 καὶ
3563 2173 3677 2224 εἰσ-

2079 2279 2240 2353 ἦλθον
2271 2280 2351 2344 εἰς
2402 2277 2500 2349 τὴν
2535 2275 2706 2340 πόλιν,
2734 2271 3073 2343 ἀγνοούντων
3111 2268 3309 2323 αὐτῶν.
3343 2261 3455 2318 Kal
3487 2263 3676 2318 ἐλάϐο-

2085 2389 2184 2444 μεν
2233 2371 2401 2442 αὐτὴν
2450 2369 2509 2422 ἐν
2557 2367 2785 2454 στόματι
2837 2361 3143 2436 μαχαίρας,
3197 2359 3290 2412 καὶ
3341 2357 3470 2420 τοὺς
3505 2357 3564 2408 ἐν
3596 2357 3674 2424 τῳ

2082 2465 2278 2537 πύργῳ
2311 2445 2742 2532 καταφυγόντας,
2777 2449 3159 2529 ἐμπρήσαντες
3192 2445 3282 2504 τὸν
3315 2450 3547 2521 πύργον,
3579 2449 3675 2500 σὺν

2083 2560 2264 2620 αὐτοῖς
2299 2554 2579 2624 ἐλάϐομεν.
2628 2552 2738 2605 Καὶ
2773 2552 2830 2603 ἐν
2881 2547 2960 2618 τῷ
2994 2546 3210 2601 ἀπιέναι
3244 2544 3427 2613 ἡμᾶς,
3485 2541 3676 2611 ἄνδρες

2083 2650 2294 2725 Θαφουέ
2319 2646 2582 2701 ἐπέϐαλον
2601 2647 2667 2716 τῇ
2704 2641 3060 2714 αἰχμαλωσίᾳ
3099 2638 3275 2710 ἡμῶν,
3296 2631 3392 2688 καὶ
3432 2633 3682 2704 παραλα-

2084 2744 2272 2808 ϐόντες
2307 2740 2482 2812 αὐτὴν
2516 2738 2610 2791 σὺν
2650 2737 2759 2807 (66)
2796 2738 2908 2797 τοῖς
2942 2733 3077 2795 υἱοῖς
3121 2729 3299 2801 ἡμῶν,
3361 2727 3680 2796 συνήψαμεν

2087 2833 2227 2917 πρὸς
2265 2834 2463 2895 αὐτοὺς
2479 2832 2583 2894 ἕως
2617 2826 2831 2898 Θαφουέ
2868 2825 3015 2897 (67)·
3039 2822 3328 2884 κάκείνους
3349 2818 3677 2873 ἀπεκτείνα-

2090 2913 2211 3001 μεν,
2249 2931 2344 2984 καὶ
2377 2929 2476 3001 τὴν
2529 2927 2682 2981 πόλιν
2715 2924 3132 2994 ἐνεπρήσαμεν,
3170 2917 3350 2971 πάντα
3381 2915 3452 2967 τὰ
3484 2915 3543 2966 ἐν
3577 2912 3680 2964 αὺ-

2086 3027 2154 3094 τῇ
2191 3022 2608 3084 σκυλεύσαντες.

2162 3118 2249 3182 ς’.
2282 3135 2299 3166 ι
2340 3115 2448 3166 Καὶ
2479 3113 2554 3176 ὡς
2589 3113 2736 3182 ἥμην
2770 3110 2828 3163 ἐν
2860 3110 2974 3172 τοῖς
3007 3097 3160 3160 ὕδασι
3191 3100 3474 3171 Χουξηϐἄ,
3492 3095 3543 3153 οἱ
3575 3097 3686 3151 ἀπὸ

611 3186 627 3195 .
660 3186 724 3197 ...
756 3186 808 3195 ...
846 3186 991 3193 --_-_
1115 3186 1267 3206 νγ--
1321 3186 1326 3187 γ
1572 3186 1583 3194 ,
1732 3186 1748 3195 _

408 3242 516 3303 ιιι-τι,
549 3238 844 3292 veniebant
891 3233 1155 3287 adversus
1206 3243 1307 3282 nos
1358 3226 1412 3280 in
1444 3222 1724 3294 praelium;
1765 3227 1820 3272 et
1853 3233 1986 3272 con-

2144 3207 2293 3278 ωϐὴλ
2325 3202 2486 3276 ἦλθον
2524 3205 2658 3275 πρὸς
2693 3205 2841 3273 ἡμᾶς
2876 3202 2956 3263 είς
2992 3197 3256 3268 πόλεμον
3295 3199 3392 3247 καὶ
3432 3189 3680 3262 συνήψα-

410 3331 582 3404 gressi
614 3343 805 3384 sumus
836 3341 962 3380 cum
993 3324 1102 3390 eis,
1138 3323 1401 3391 ipsosque
1436 3314 1760 3378 occidimus,
1784 3323 1988 3378 eosque

410 3423 506 3493 qui
543 3438 574 3476 a
619 3419 780 3475 Selon
811 3414 1087 3472 auxiliarii
1119 3413 1362 3482 ipsorum
1394 3416 1584 3469 erant;
1612 3412 1666 3457 et
1696 3417 1802 3454 non
1836 3397 1990 3454 dedi-

412 3532 536 3572 ntus
560 3516 642 3570 eis
669 3525 974 3582 egressum,
1018 3516 1078 3562 ut
1105 3505 1354 3560 venirent
1393 3501 1458 3553 ad
1493 3514 1612 3553 nos.
1649 3495 1713 3549 Et
1741 3493 1833 3564 qui
1862 3499 1990 3547 sunt

411 3626 443 3666 a
474 3607 682 3662 Mecbir
715 3605 1153 3671 supervenerunt
1202 3594 1358 3648 nobis
1387 3592 1581 3662 quinto
1609 3588 1716 3651 die,
1740 3593 1798 3640 ut
1821 3585 1988 3653 capti—

413 3715 513 3754 vos
589 3697 943 3757 abducerent,
970 3698 1022 3746 ct
1046 3687 1250 3759 agressi
1282 3700 1377 3739 eos
1414 3682 1541 3736 forti
1575 3693 1755 3750 pugna
1787 3674 1990 3730 invasi-

415 3805 564 3853 mus,
605 3785 867 3858 quoniam
908 3789 1067 3837 erant
1110 3775 1460 3833 multitudine
1491 3779 1774 3843 potentes;
1808 3777 1862 3821 et
1892 3781 1989 3820 oc-

416 3882 651 3937 cidimus
695 3893 811 3942 eos,
841 3883 1136 3943 antequam
1178 3866 1546 3924 ascenderunt
1586 3860 1988 3917 ascensionem.

417 3974 489 4030 Ut
533 3981 715 4028 autem
767 3967 1021 4024 venimus
1051 3963 1120 4018 ad
1163 3961 1442 4016 civitatem
1482 3969 1696 4019 eorum,
1733 3951 1992 4005 mulieres

413 4085 604 4125 eorum
625 4064 917 4121 volvebant
939 4073 1105 4130 super
1125 4071 1225 4111 nos
1247 4053 1455 4123 lapides
1485 4065 1514 4104 a
1537 4049 1741 4103 vertice
1765 4042 1990 4107 montis,

414 4166 470 4218 in
508 4176 620 4232 quo
644 4165 768 4214 erat
807 4155 1020 4209 civitas.
1074 4148 1141 4202 Et
1170 4147 1450 4202 latitantes
1480 4156 1583 4212 ego
1611 4148 1666 4194 et
1715 4137 1936 4190 Simeon
1961 4147 1990 4184 a

415 4227 588 4324 tergo,
638 4245 1098 4320 apprehendimus
1140 4239 1385 4302 excelsa,
1416 4242 1471 4290 et
1497 4240 1668 4288 totam
1711 4227 1992 4284 civitatem

415 4343 780 4417 perdidimus.

490 4435 604 4489 νιι.
647 4451 666 4485 ι
699 4431 766 4486 Et
788 4426 1037 4500 sequenti
1067 4424 1156 4480 die
1185 4421 1394 4477 dictum
1428 4425 1513 4473 est
1539 4415 1718 4474 nobis.
1743 4411 1888 4482 quod
1918 4409 1996 4464 ci-

2093 3318 2190 3373 μεν
2225 3300 2421 3362 αὐτοὺς
2458 3298 2590 3368 (68),
2628 3294 2915 3356 κάκείνους
2950 3290 3385 3356 ἀπεκτείναμεν’
3425 3280 3520 3336 καὶ
3551 3283 3680 3343 τοὺς

2087 3389 2415 3461 ἀπδΣηλὼμ
2452 3389 2773 3459 συμμάχους
2810 3382 2990 3438 αὐτῶν
3025 3379 3447 3448 ἀπεκτείναμεν·
3472 3374 3686 3427 καὶούκ

2090 3484 2367 3555 ἐδώκαμεν
2401 3483 2582 3544 αὐτοῖς
2629 3477 2879 3544 διέξοδον,
2914 3473 3006 3528 τοῦ
3044 3471 3302 3526 εἰσελθεῖν
3340 3465 3479 3540 πρὸς
3514 3468 3685 3536 ﬁgi;

2090 3579 2201 3632 Kal.
2232 3579 2281 3630 οἱ
2318 3574 2424 3628 ἀπὸ
2457 3572 2651 3642 Μεχὴρ
2685 3568 2918 3638 ἐπῆλθον
2951 3567 3084 3636 ἡμῖν
3119 3566 3184 3633 τῇ
3220 3561 3449 3631 πέμπτῃ
3475 3559 3685 3630 ἡμέρᾳ,

2091 3670 2273 3723 λαϐεῖν
2317 3669 2416 3737 τὴν
2467 3660 2878 3735 αἰχμαλωσίαν·
2931 3657 3028 3710 καὶ
3078 3652 3453 3726 προσάξειντες
3499 3651 3691 3711 αὐτοῖς

2093 3765 2149 3814 ἐν
2184 3759 2430 3833 κρατερᾷ
2466 3756 2616 3828 μάχῃ
2650 3747 3106 3824 περιεγενόμεθα,
3159 3747 3240 3799 ὃτι
3285 3739 3430 3815 ἦσαν
3483 3741 3691 3811 πλῆθος

2091 3854 2306 3908 δυνατοὶ
2338 3854 2394 3905 ἐν
2426 3851 2609 3911 αὐτοῖς
2629 3865 2642 3877 ·
2681 3846 2775 3899 καὶ
2797 3842 3200 3911 ἀπεκτείναμεν
3235 3833 3434 3900 αὐτοὺς
3467 3835 3581 3906 πρὸ
3596 3831 3692 3887 τοῦ

2101 3945 2371 4014 ἀναϐῆναι
2418 3942 2516 4012 τὴν
2549 3937 2834 3993 ἀνάϐασιν.
2895 3935 2983 3998 Ὧς
3027 3932 3084 3985 δέ
3133 3929 3367 4002 ἤλθομεν
3413 3929 3483 3997 τῇ
3539 3924 3694 3978 πόλει

2094 4035 2304 4100 αὐτῶν,
2342 4036 2398 4088 αἱ
2433 4034 2690 4102 γυναῖκες
2724 4025 2904 4082 αὐτῶν
2949 4023 3163 4077 ἐκύλιον
3207 4022 3291 4090 ἐφ’
3328 4021 3477 4090 ἡμᾶς
3509 4016 3696 4080 λίθους

2095 4131 2201 4186 ἀπὸ
2233 4129 2332 4199 τῆς
2365 4125 2608 4196 κορυφῆς
2641 4120 2734 4175 τοῦ
2769 4111 2928 4192 ὅρους
2956 4156 2972 4181 ,
3007 4118 3064 4169 ἐν
3192 4108 3260 4184 ἦν
3293 4115 3327 4183 ἡ
3365 4111 3544 4174 πόλις.
3583 4110 3694 4162 Kal

2097 4218 2504 4291 ὑποκρυϐἐντες
2539 4213 2651 4284 ἐγὼ
2682 4213 2777 4266 καὶ
2825 4201 3050 4280 Συμεὼν
3083 4203 3388 4270 ἐξόπισθεν,
3424 4201 3694 4256 ἐπελαϐό-

2100 4313 2239 4384 μεθα
2257 4311 2366 4364 τῶν
2384 4307 2627 4380 ὑψηλῶν,
2650 4307 2744 4359 καὶ
2767 4304 2894 4372 ὅλην
2926 4302 3024 4373 τὴν
3059 4299 3213 4352 πόλιν
3247 4295 3692 4366 ὡλοθρεύσαμεν.

2169 4407 2242 4458 Z'.
2285 4423 2302 4455 ι
2327 4402 2440 4456 Kal
2455 4404 2523 4472 τῇ
2543 4399 2669 4470 ἐξῆς
2698 4396 2898 4469 ἐρρέθη
2931 4393 3068 4464 πρὸς
3098 4392 3265 4463 ἡμᾶς,
3301 4390 3384 4442 ὅτι
3415 4389 3475 4440 αἱ
3511 4387 3695 4451 πόλεις

510 4478 604 4489 ..-.
649 4478 664 4485 -
699 4478 1016 4500 ..---,,-----
1077 4478 1086 4480 -
1760 4478 1776 4482 _

419 4531 618 4584 vitales
658 4526 891 4581 duorum
925 4532 1111 4588 regum
1161 4529 1289 4569 cum
1320 4504 1521 4582 populo
1565 4506 1718 4579 gravi
1748 4504 1988 4558 venirent

2139 4496 2206 4549 ὦν
2239 4494 2331 4548 δύο
2367 4491 2634 4563 βασιλέων
2666 4488 2778 4559 (69)
2813 4489 2870 4539 ἐν
2903 4484 3048 4556 ὄχλῳ
3083 4483 3239 4553 βαρεῖ
3287 4479 3545 4550 ἔρχονται
3584 4478 3692 4548 (70)

420 4623 486 4678 ad
542 4635 665 4674 nos.
711 4617 823 4686 Ego
869 4615 1033 4684 igitur
1068 4619 1121 4663 et
1166 4608 1278 4660 Dan
1309 4645 1323 4668 ,
1359 4604 1624 4672 ﬁngentes
1653 4612 1754 4652 nos
1791 4595 1992 4648 Amor-

424 4717 628 4780 rltaeos,
680 4719 738 4764 ut
786 4704 1058 4763 auxiliarii
1093 4701 1340 4754 venimus
1388 4695 1443 4748 in
1479 4692 1754 4747 civitatem
1781 4700 1995 4740 eorum.

422 4804 590 4860 Nocte
620 4811 802 4855 autem
835 4793 1106 4867 profunda
1155 4786 1502 4844 venientibus
1554 4781 1818 4836 fratribus
1866 4790 1997 4846 apea

424 4899 640 4954 ruimus
681 4901 886 4962 pet-tas,
913 4897 964 4941 et
988 4900 1180 4940 omnes
1211 4897 1306 4935 eos
1337 4876 1673 4948 perdidimus
1694 4915 1710 4940 ,
1737 4881 1791 4927 et
1814 4869 2000 4925 omnia

427 5006 549 5062 quae
577 5001 770 5042 eorum
808 4989 984 5045 erant,
1021 4976 1415 5045 deprmdantes,
1445 4978 1557 5024 tres
1586 4982 1773 5021 muros
1807 4979 2000 5020 eorum

427 5055 847 5152 prostravimus.
883 5071 949 5124 Et
985 5069 1248 5145 Tbainnze
1287 5057 1882 5134 appropinquavimus,
1907 5055 2001 5109 ubi

431 5181 550 5228 erat
587 5183 749 5222 omne
770 5162 1041 5231 refugiunt
1083 5157 1400 5213 bellantium
1433 5165 1644 5222 regum.
1674 5147 1831 5202 Tunc
1859 5145 2005 5215 inju-

430 5277 570 5320 r.am
599 5273 795 5330 passus
848 5256 1020 5309 iratus
1054 5266 1209 5312 sum,
1249 5257 1302 5303 et
1331 5248 1596 5316 impetum
1635 5239 1738 5296 feci
1764 5238 1822 5291 in
1855 5237 2004 5306 ipsos

509 5419 620 5488 (63)
672 5411 1012 5488 Ἑκατέρωτς.
1046 5406 1167 5488 Τῷν
1199 5400 1593 5488 μερῷνπϐιιξξι.

653 5465 1242 5549 Ιξάὶῃπιιξοαλαϐόιντές
1264 5465 1474 5536 αὐτὴν.
1518 5466 1625 5520 Kal
1665 5465 2005 5536 πράσσοντες

495 5563 625 5631 ιτήν.
666 5560 742 5612 ID.

515 5632 624 5700 (δη
661 5631 813 5700 Ἕως
846 5617 1110 5700 ,θαφουέ-
1279 5607 1725 5700 βξφρξὲςηιξξ

1030 5688 1268 5750 αὐτούς.
1289 5672 1398 5736 Καὶ
1421 5672 1754 5748 συνάψαντες
1779 5672 2010 5745 ἐτρέψα-

446 5789 546 5839 μεν
578 5781 789 5830 αὐτους.
823 5781 895 5817 ID.

517 5841 628 5913 (69)
661 5843 728 5895 Αἱ
758 5837 962 5899 πόλεις
994 5829 1110 5884 τῶν
1153 5827 1260 5882 δύο
1302 5821 1628 5888 βασιλέων.
1671 5819 1812 5880 Γαᾶς
1857 5812 2009 5876 πόλις

437 5581 474 5616 α

2099 4586 2234 4660 πρὸς
2265 4586 2435 4656 ἡμᾶς.
2483 4580 2625 4650 Ἐγὼ
2657 4575 2749 4633 οὖν
2783 4578 2877 4631 καὶ
2909 4575 3038 4639 Δάν,
3074 4570 3583 4644 προσποιησάμενοι
3612 4569 3696 4620 Ἀ-

2102 4659 2416 4751 μορραίους,
2451 4667 2528 4738 ὡς
2565 4672 2841 4742 σύμμαχοι
2894 4667 3129 4738 ἡλθομεν
3162 4663 3243 4724 εἰς
3275 4660 3374 4730 τὴν
3407 4659 3567 4711 πόλιν
3603 4659 3695 4711 αὖ-

2099 4774 2228 4828 τῶν.
2293 4769 2468 4823 Νυκτὶ
2514 4767 2571 4821 δὲ
2618 4763 2808 4836 βαθείᾳ
2859 4759 3073 4813 ἐλθοῦσι
3119 4758 3230 4818 τοῖς
3277 4752 3532 4821 ἀδελφοῖς
3583 4752 3691 4829 (71)

2101 4861 2389 4934 ὴνοίξαμεν
2423 4857 2522 4920 τὰς
2557 4855 2732 4917 πύλας
2769 4851 2902 4922 (72),
2956 4849 3051 4902 καὶ
3086 4845 3296 4907 πάντας
3331 4843 3532 4906 αὐτοὺς
3567 4841 3696 4894 ὠλο-

2103 4954 2429 5026 θρεύσαμεν,
2464 4949 2557 5002 καὶ
2591 4948 2767 5000 πάντα
2789 4942 2860 4996 τὰ
2881 4939 3062 4996 αὐτῶν
3093 4935 3594 5010 προνομεύσαντες,
3629 4933 3697 4985 τὰ

2104 5025 2236 5120 τρία
2269 5047 2428 5116 τείχη
2477 5039 2653 5094 αὐτῶν
2707 5034 3050 5104 καθείλομεν.
3101 5029 3215 5083 Kal
3272 5027 3330 5079 ἐν
3377 5029 3446 5096 τῇ
3503 5025 3696 5095 Θάμνα]⁵

2108 5138 2583 5214 προσηγγίσαμεν,
2635 5126 2696 5185 οὗ
2746 5126 2813 5200 ἦν
2860 5129 3009 5180 πᾶσα
3054 5126 3087 5195 ὴ
3138 5121 3395 5190 ἀποφυγὴ
3439 5121 3554 5190 (75)
3589 5120 3697 5173 τῶν

2108 5211 2380 5302 πολεμίων
2446 5224 2727 5298 βασιλέων.
2797 5220 2928 5271 Τότε
2981 5215 3333 5288 ὑϐριζόμενος
3382 5211 3692 5282 ἐθυμώθην,

2112 5391 2400 5463 βασιλέων.
2450 5385 2501 5440 In
2512 5427 2524 5439 .

2179 5445 2292 5531 (7'70)
2331 5461 2667 5531 "Epzmyat.
2702 5445 3088 5531 "I‘EpXEFgL‘ID.

2349 5508 2623 5602 Ἑῖιῧρῦοςι
2680 5508 3155 5587 τοῖξν“ὰδελροῖς,
3225 5512 3523 5568 Ἐλθόντων
3587 5508 3694 5566 τῶν

2113 5592 2355 5670 ἀδελφῶν
2389 5597 2566 5669 ἡμῶν.
2594 5592 2668 5670 l_D_.

2187 5658 2298 5739 (7Q)
2339 5658 2563 5732 Πῦξὶας.
2595 5664 2807 5739 Αύτοῖς.
2835 5658 2912 5713 In.

2188 5726 2301 5814 (75)
2354 5726 2673 5806 Ἀποερυγή.
2717 5729 3044 5799 ’Δποσκευή.
3076 5726 3152 5783 le.
