3830 6216
178 380 349 437 ιιυτδ

1473 377 1993 438 TES'I'AMENTUM
2025 382 2239 439 JUDE.

3313 387 3451 444 1074

189 498 298 550 καὶ
332 494 569 566 ὥρμησα
601 493 690 547 ἐπ’
725 494 923 559 αὐτοὺς
963 494 1057 549 ἐπὶ
1102 493 1201 565 τὴν
1234 494 1486 566 κορυφήν
1512 496 1789 549 ’κάκεῖνοι

1905 515 2063 567 super
2090 499 2349 553 verticem
2384 516 2397 553 :
2426 508 2479 554 et
2527 499 2605 554 illi
2642 498 2825 556 fundis
2859 500 3133 570 jaciebant
3170 519 3333 573 super
3364 522 3453 561 me

189 584 530 654 ἐσφενδόνων
569 583 655 637 ἐπ’
705 585 805 654 ἐμὲ
849 584 1019 647 λίθοις
1072 586 1167 637 καὶ
1214 581 1423 647 magme-
1478 586 1571 637 καὶ
1622 588 1673 638 εί
1712 587 1784 658 μὴ

187 677 306 730 Δάν
339 679 367 730 6
399 676 624 746 ἀδελφός
660 694 759 747 μου
796 677 1138 747 συνεμάχησέ
1164 694 1271 747 μοι,
1291 672 1435 746 εἶχόν
1460 694 1525 747 με
1552 677 1781 731 ἀνελεῖν.

204 768 551 839 Ἐπήλθομεν
585 764 677 821 οὖν
711 770 800 821 ἐπ’
835 769 1034 831 αὐτοὺς
1073 767 1211 838 μετά
1244 768 1554 838 θυμοῦ,καί⁸
1589 770 1785 833 πάντες

189 860 450 928 ἔφυγον.
492 861 587 913 καὶ
633 859 931 923 διελθόντες
980 860 1046 913 δι’
1085 860 1250 930 ἄλλης
1284 859 1439 923 ὀδοῦ,
1491 860 1786 931 ἐδεήθησαν

189 949 294 1002 τοῦ
331 948 535 1020 πατρός
566 966 666 1020 μου
691 987 705 1011 ,
740 948 834 1002 καὶ
877 948 1138 1019 ἐποίησεν
1188 950 1409 1020 εἰρήνην
1460 949 1578 1019 μετ’
1609 947 1787 1001 αὐτῶν

193 1039 341 1111 (74),
366 1040 459 1107 καὶ
479 1040 580 1092 ούκ
611 1040 949 1110 ἐποιήσαμεν
1000 1037 1181 1101 αὐτοῖς
1230 1037 1383 1091 οὐδὲν
1433 1037 1637 1103 κακὸν,
1673 1036 1786 1091 ἀλλ’

190 1132 535 1202 ἐποιήσαμεν
584 1131 782 1193 αὐτοὺς
835 1129 1233 1192 ὑποσπόνδους,
1282 1130 1379 1182 καί¹
1429 1128 1789 1199 ἀπεδώκαμεν

194 1224 386 1286 αὐτοῖς
424 1224 604 1277 πᾶσαν
620 1222 719 1293 τὴν
754 1221 1151 1291 αἰχμαλωσίαν.
1188 1221 1300 1273 Καὶ
1320 1220 1643 1292 ᾠκοδόμησα
1678 1218 1788 1289 ἐγὼ

190 1314 301 1385 τὴν
335 1314 574 1385 Θάμναν,
610 1314 701 1367 καὶ
733 1315 762 1366 6
789 1315 971 1385 πατήρ
1005 1332 1105 1385 μου
1137 1313 1237 1383 τὴν
1271 1312 1568 1383 Ῥαμόαήλ.
1601 1314 1788 1366 Εἴκοσι

192 1406 342 1458 ἑτῶν
374 1405 542 1476 ήμην,
578 1405 667 1457 ὅτε
700 1404 916 1472 ἐγένετο
949 1407 977 1458 6
1004 1404 1239 1474 πόλεμος
1275 1398 1459 1466 οὗτος·
1511 1404 1605 1455 καὶ
1648 1399 1787 1475 ἦσαν

191 1494 250 1545 οἱ
282 1494 572 1545 Χαναναῖοι
609 1490 929 1562 φοϐούμενοί
964 1508 1059 1563 με,
1080 1494 1177 1545 καὶ
1209 1493 1335 1555 τοὺς
1360 1490 1620 1560 ἀδελφούς
1659 1509 1781 1561 μου.

273 1583 357 1636 Η’.
393 1601 413 1634 ‹
441 1578 549 1635 Ἦν
574 1582 631 1635 δέ
674 1599 762 1653 μοι
790 1583 884 1636 καὶ
915 1584 1083 1655 κτήνη
1118 1582 1309 1647 πολλὰ,
1338 1585 1432 1636 καὶ
1460 1579 1604 1652 εἶχον
1632 1584 1788 1655 ἀρχι-

193 1673 438 1745 ποίμενα
479 1675 621 1746 Ίρᾶν
656 1673 748 1727 τὸν
788 1674 1169 1745 Ὀδολαμίτηνο
1217 1676 1354 1746 πρὸς
1388 1675 1447 1728 ὃν
1484 1674 1672 1739 ἐλθὼν,
1708 1672 1787 1727 εῖ-

193 1764 293 1829 δον
325 1765 540 1837 Βάρσαν
568 1765 678 1836 (75)
703 1766 927 1836 βασιλέα
963 1766 1211 1837 Ὀδολάμ.
1239 1767 1349 1820 Καὶ
1380 1767 1630 1836 ἐποίησεν
1658 1768 1786 1837 ἡμῖν

1890 595 2118 665 lapides,
2148 604 2205 650 et
2228 594 2615 665 jaculahantur
2638 597 2874 652 arcubus
2899 614 2913 662 ;
2945 607 2997 651 et
3024 597 3126 651 nisi
3155 596 3264 650 Dan
3288 596 3454 651 frater

1888 702 2047 742 meus
2098 688 2372 757 suppetias
2420 688 2555 741 mihi
2614 689 2869 752 tulisset,
2906 687 3308 742 interfecissent
3345 704 3453 741 me.

1891 777 2317 847 Super-venimus
2377 779 2542 849 igitur
2594 779 2732 848 ipsis
2781 795 2905 834 cum
2944 778 3144 837 furore.
3186 788 3239 833 et
3264 795 3457 835 omnes

1894 867 2186 938 fugerunt;
2234 876 2287 922 et
2328 877 2678 926 transeuntes
2711 886 2803 940 per
2839 872 3000 925 aliam
3024 872 3166 925 viam
3191 872 3446 941 depreca-

1889 957 2086 1012 bantur
2127 966 2337 1027 patrem
2383 974 2585 1024 meum,
2638 971 2691 1014 et
2729 961 2858 1015 fecit
2894 976 3081 1029 pacem
3110 977 3235 1015 eum
3259 964 3373 1026 eis,
3404 971 3458 1018 et

1890 1064 2001 1103 non
2026 1048 2254 1106 fecimus
2314 1049 2396 1105 eis
2455 1051 2754 1120 quidquam
2810 1053 2980 1118 mali,
3027 1053 3121 1108 sed
3169 1053 3294 1107 data
3329 1056 3453 1121 fide,

1889 1141 2198 1211 recepimus
2223 1156 2318 1196 eos
2346 1141 2399 1194 in
2425 1142 2763 1209 societatem,
2787 1153 2841 1198 et
2860 1145 3192 1200 reddidimus
3229 1146 3311 1201 eis
3340 1162 3459 1202 om-

1892 1248 1993 1289 nes
2021 1235 2284 1303 captivos.
2314 1233 2380 1289 Et
2408 1235 2669 1289 aedificavi
2716 1250 2817 1304 ego
2854 1235 3181 1301 Thamnam,
3227 1246 3281 1292 et
3308 1251 3458 1307 pater

1890 1340 2046 1381 meus
2102 1324 2429 1380 Rambahel.
2484 1326 2681 1397 Viginti
2720 1342 2989 1382 annorum
3030 1332 3460 1397 eram,quando

1889 1416 2096 1472 factum
2147 1427 2230 1473 est
2271 1419 2417 1474 istud
2450 1418 2692 1485 bellum;
2735 1428 2790 1474 et
2836 1418 3128 1474 Chananaei
3160 1423 3461 1477 timuerunt

1890 1524 1998 1572 me,
2034 1518 2088 1563 et
2118 1508 2314 1563 fratres
2352 1524 2525 1565 meos.

1959 1600 2094 1655 VIII.
2142 1619 2161 1651 ‹
2191 1600 2359 1655 Erant
2388 1610 2569 1655 autem
2594 1601 2726 1654 mihi
2754 1608 2808 1654 et
2836 1616 3031 1671 pecora
3061 1603 3255 1667 multa,
3282 1612 3336 1656 et
3362 1605 3461 1658 ha—

1887 1690 2081 1745 bebam
2127 1690 2426 1759 principem
2458 1701 2736 1760 pastorum
2783 1691 2905 1746 lran
2956 1690 3348 1759 Odolamitem;
3394 1696 3459 1747 ad

1889 1797 2049 1850 quem
2097 1796 2223 1835 cum
2271 1782 2414 1844 veni,
2450 1782 2560 1834 vidi
2612 1779 2817 1835 Barsan
2864 1797 3044 1851 regem
3094 1783 3343 1836 Udolam.
3396 1783 3463 1841 Et

197 1852 369 1907 πότον
387 1871 401 1884 ·
428 1856 521 1908 καὶ
559 1855 943 1926 παρακαλέσας
968 1856 1149 1909 δίδωσί
1175 1873 1264 1927 μοι
1289 1857 1387 1927 τὴν
1414 1856 1688 1926 θυγατέρα
1701 1857 1789 1908 αύ-

1905 1867 2018 1921 ῗθρὶι
2067 1869 2226 1923 nobis
2275 1868 2617 1934 convivium,
2671 1878 2725 1923 et
2778 1871 3074 1938 deprecans
3128 1871 3276 1925 dedit
3330 1873 3469 1926 mihi

192 1945 296 1998 τοῦ
315 1947 556 2017 Βησσουὲ
581 1948 659 2011 εἰς
676 1951 929 2014 γυναῖκα,
951 1946 1103 2018 Αὕτη
1118 1947 1380 2018 έτεκέλμοι
1396 1948 1486 1999 τὸν
1505 1949 1605 2018 Εἳρ
1625 1948 1786 2018 (75‘),

193 2040 300 2090 καί
325 2036 416 2089 τὸν
440 2040 615 2091 Αὐνᾶν
638 2036 768 2109 (76),
795 2039 889 2091 καὶ
913 2020 1127 2109 Σιλώμ·
1160 2032 1234 2091 ὧν
1262 2039 1389 2102 τοὺς
1411 2038 1504 2095 δύο
1530 2040 1790 2103 ἀτέκνους

195 2126 384 2180 ἀνεῖλε
433 2128 665 2198 Κύριος·
703 2130 731 2181 ὁ
770 2127 879 2200 γὰρ
923 2127 1111 2199 Σιλὼμ
1161 2128 1345 2201 ἔζησε,
1379 2130 1473 2183 καὶ
1518 2129 1587 2182 τά
1625 2131 1789 2183 τέκνα

196 2218 371 2271 αὐτοῦ
401 2220 557 2290 ὑμεῖς
590 2221 731 2273 ἐστε.

273 2308 351 2361 8’.
393 2328 411 2360 ι
440 2309 728 2362 Δεκαοκτὼ
764 2309 857 2382 ἔτη
906 2311 1246 2381 ἐποιήσαμεν
1284 2312 1525 2385 εἰρήνην,
1553 2313 1581 2364 6
1609 2312 1790 2383 πατὴρ

196 2401 362 2472 ἡμῶν
394 2403 486 2455 καὶ
512 2404 691 2472 ἡμεῖς,
727 2402 863 2472 μετά
884 2402 978 2456 τοῦ
1012 2402 1240 2471 ἀδελφοῦ
1266 2403 1429 2456 αὐτοῦ
1476 2403 1668 2468 Ἡσαῦ,
1696 2405 1791 2456 καὶ

198 2495 251 2549 οἱ
276 2494 396 2560 (υἱοὶ
438 2492 601 2547 αὑτοῦ
646 2493 960 2565 μεθ’ἡμῶν,
1003 2494 1141 2566 μετά
1184 2494 1277 2548 τοῦ
1322 2494 1496 2548 ἐλθεῖν
1539 2497 1685 2566 ἡμᾶς
1727 2498 1791 2548 ὲκ

200 2588 639 2658 Μεσοποταμίας
681 2588 787 2640 ἀπὸ
827 2587 1031 2642 Λάϐαν.
1085 2588 1196 2641 Καὶ
1246 2587 1642 2659 πληρωθέντων
1678 2589 1791 2641 τῶν

196 2678 479 2732 δεκαοκτὼ
512 2680 667 2745 ἑτῶν,
702 2682 759 2733 ὲν
790 2679 867 2751 τῷ
892 2679 1312 2751 τεσσαρακοστῷ
1352 2680 1462 2732 ἔτει
1501 2680 1602 2751 τῆς
1646 2681 1792 2752 ζωῆς

205 2788 333 2841 μου,
356 2770 588 2841 ἐπῆλθεν
614 2772 742 2841 ἡμῖν
773 2769 963 2832 Ἡσαῦ,
990 2770 1018 2821 6
1040 2770 1265 2838 ἀδελφὸς
1299 2770 1394 2822 τοῦ
1430 2771 1637 2841 πατρός
1667 2788 1789 2843 μου,

201 2862 262 2911 ἐν
301 2860 414 2931 λαῷ
462 2860 621 2933 βαρεῖ
656 2862 749 2915 καὶ
786 2860 1009 2932 ἰσχυρῷ·
1047 2860 1143 2913 καὶ
1185 2860 1376 2914 ἔπεσεν
1414 2861 1526 2933 (77)
1559 2863 1616 2913 ὲν
1654 2861 1793 2932 τόξῳ

217 2950 415 3003 Ἰακὼϐ
470 2952 613 3023 (78),
660 2953 754 3007 καί⁵
796 2951 936 3023 ἤρθη
984 2952 1175 3023 νεκρὸς
1227 2954 1285 3004 ὲν
1326 2950 1441 3021 ὄρει
1489 2952 1657 3023 Σιείρ·
1699 2953 1793 3006 καὶ

200 3042 573 3114 πορευόμενος
596 3045 779 3098 ἐπάνω
804 3045 1090 3115 Εἰρραμνᾶ
1121 3042 1235 3113 (80)
1270 3042 1557 3097 ἀπέθανεν.
1600 3044 1791 3114 Ἡμεῖς

298 3132 597 3205 ἐδιώξαμεν
633 3136 724 3187 ἐπὶ
757 3136 885 3197 τοὺς
927 3135 1075 3196 υἱοὺς
1107 3134 1296 3187 Ἡσαῦ.
1332 3129 1441 3186 Ἦν
1482 3133 1540 3186 δὲ
1582 3132 1792 3196 τούτοις

201 3224 381 3287 πόλις,
417 3225 511 3277 καὶ
553 3228 731 3295 τεῖχος
779 3224 1053 3296 σιδηροῦν,
1090 3227 1184 3278 καὶ
1224 3224 1389 3277 πύλαι
1432 3224 1658 3295 χαλκαῖ·
1698 3226 1791 3278 καὶ
1819 3204 1860 3261 c

200 3313 307 3375 [ύκ
338 3314 680 3385 ἠδυνήθημεν
714 3315 973 3368 εἰσελθεῖν
1009 3316 1065 3369 ὲν
1091 3317 1245 3386 αὐτῇ,
1273 3317 1367 3369 καὶ
1398 3315 1793 3386 περικαθίσανη-

199 3421 301 3469 τες
326 3405 642 3476 ἐπολιορκοῦ
652 3424 749 3476 μεν
780 3407 995 3471 αὐτούς.
1034 3409 1143 3460 Καὶ
1167 3408 1242 3469 ὡς
1265 3407 1365 3460 οὐκ
1392 3407 1625 3477 ἡνοιγον,
1655 3406 1795 3477 μετὰ

203 3498 413 3551 εἴκοσιν
454 3499 684 3569 ἡμέρας,
708 3498 958 3569 ὁρώντων
1002 3500 1201 3564 αὐτῶν,
1237 3499 1498 3571 προσάγω
1529 3498 1792 3569 κλίμακα,

204 3589 305 3651 καὶ
342 3590 440 3660 τὴν
481 3590 685 3643 ἀσπίδα
716 3591 809 3642 ἐπὶ
844 3590 946 3659 τῆς
982 3590 1224 3660 κεφαλῆς
1269 3607 1393 3661 μου’
1432 3590 1528 3643 καὶ
1567 3588 1794 3660 ἀνῆλθον

204 3681 609 3752 ἀποδεχόμενος
638 3680 820 3743 λίθους
851 3681 957 3744 ἕως
980 3682 1258 3735 ταλάντων
1288 3682 1477 3754 τριῶν·
1515 3682 1609 3735 καὶ
1642 3681 1796 3734 ἀνελ-

206 3770 322 3825 θὼν
351 3772 458 3842 (8i)
492 3773 764 3844 τέσσαρας
803 3774 929 3836 τοὺς
963 3773 1222 3839 δυνατοὺς
1256 3774 1313 3840 ἐξ
1351 3772 1550 3827 αὐτῶν.
1587 3772 1696 3825 Καὶ
1726 3775 1792 3843 τῇ

205 3864 338 3933 ἑξῆς
357 3864 619 3935 ἐμϐάντες
634 3864 874 3934 Ῥουϐἡμ
889 3865 982 3918 καὶ
998 3864 1103 3917 Γὰδ
1121 3864 1329 3918 ἀνεῖλον
1352 3864 1437 3917 ἑτέ
1447 3881 1567 3936 ρους
1586 3862 1646 3928 ’ἐξ
1660 3862 1789 3933 (82).

206 3957 349 4011 Τότε
376 3956 619 4010 αἰτοῦσιν
647 3956 793 4027 ἡμᾶς
825 3955 894 4008 τὰ
929 3956 1065 4027 πρὸς
1103 3958 1346 4028 εἰρήνην*
1387 3956 1482 4009 καὶ
1513 3954 1795 4023 γενόμενοι

205 4051 314 4121 τῆς
342 4050 537 4121 βουλῆς
558 4048 650 4102 τοῦ
676 4048 882 4119 πατρὸς
914 4047 1091 4118 ἡμῶν,
1114 4048 1411 4118 ἐδεξάμεθα
1434 4049 1631 4109 αὐτοὺς
1658 4047 1793 4099 ὑπο-

207 4142 431 4213 φόρους.
488 4143 597 4195 Καὶ
630 4139 770 4214 ἦσαν
815 4138 1053 4203 διδόντες
1098 4143 1227 4210 ἡμῖν
1277 4139 1450 4211 πυροῦ
1500 4140 1692 4211 κόρους
1730 4144 1793 4201 σθ,

207 4233 396 4301 ελαίου
420 4232 520 4284 Βέθ
556 4232 668 4303 (85)
696 4239 767 4301 φ’,
794 4229 939 4283 οἴνου
970 4230 1147 4302 μέτρα
1172 4246 1223 4300 ⁴α
1249 4236 1321 4298 φ’,
1348 4229 1452 4291 ἕως
1480 4230 1567 4281 ὅτε
1592 4227 1794 4299 κατήλ-

208 4325 379 4394 θομεν
408 4324 488 4386 εἰς
508 4323 800 4391 Αἴγυπτον.

285 4414 337 4468 I'.
382 4432 401 4464 ι
429 4415 585 4467 Μετά
612 4412 862 4483 δὲταῦτα
887 4413 987 4484 Εϊρ
1014 4414 1042 4465 6
1066 4413 1179 4475 υίός
1216 4429 1316 4482 μου
1350 4411 1538 4480 ἄγεται
1560 4411 1659 4481 τὴν
1686 4411 1793 4464 Θά-

213 4525 331 4577 μαρ
356 4508 421 4560 ὲκ
451 4506 896 4577 Μεσοποταμίας,
927 4505 1203 4576 θυγατέρα
1246 4504 1441 4574 Ἀράμ.
1479 4500 1586 4555 Ἤν
1614 4503 1671 4602 δὲ
1698 4503 1797 4573 Εἳρ
1832 4548 1872 4602 D

209 4598 471 4668 πονηρὸς,
511 4599 604 4651 καὶ
629 4597 826 4667 ἠπόρει
863 4596 991 4665 περὶ
1023 4596 1122 4665 τῆς
1152 4595 1369 4664 Θάμαρ,
1405 4595 1486 4645 ὅτι
1513 4595 1611 4645 οὐκ
1642 4589 1708 4662 ἦν
1734 4594 1798 4644 ὲκ

210 4686 321 4757 γῆς
358 4687 597 4740 Χαναάν.
635 4686 747 4739 Καὶ
790 4685 1017 4755 ἄγγελος
1055 4682 1260 4754 Κυρίου
1299 4680 1504 4735 ἀνεῖλεν
1540 4681 1701 4734 αὐτὸν
1731 4683 1796 4751 τῇ

208 4775 375 4849 τρίτῃ
413 4776 595 4848 ἡμέρᾳ
638 4779 702 4847 τῇ
744 4777 918 4840 νυκτὶ,
948 4776 1044 4828 καὶ
1093 4774 1254 4836 αὐτὸς
1292 4762 1397 4824 οὐκ
1435 4773 1576 4840 ἔγνω
1608 4771 1795 4842 αὐτὴν,

213 4869 360 4939 κατά
396 4868 729 4940 πανουργίαν
764 4867 863 4937 τῆς
903 4865 1107 4937 μητρὸς
1134 4862 1319 4918 αὑτοῦ·
1365 4864 1425 4915 οὐ
1464 4861 1575 4933 γὰρ
1606 4860 1798 4932 ἡθελεν

214 4965 363 5034 ἔχειν
385 4961 552 5015 τέκνα
576 4961 671 5013 ἀπ’
692 4960 879 5028 αὐτῆς·
928 4956 1085 5022 καίγε
1118 4951 1271 5023 οὗτος
1304 4952 1576 5008 ἀπέθανεν
1605 4955 1663 5005 ὲν
1701 4971 1799 5007 πο-

208 5051 401 5123 νηρίᾳ.
440 5051 529 5105 Ἐν
557 5052 676 5113 ταῖς
712 5048 947 5119 ἡμέραις
976 5045 1077 5099 τοῦ
1104 5044 1347 5113 θαλάμου
1378 5041 1799 5113 ὲπεγάμδηρευσα

293 5202 406 5269 (74)
447 5200 673 5255 Αὐτῶν.
708 5199 900 5253 Αὐτοῦ.
936 5199 1013 5253 In.

447 5270 710 5339 Βάρσίιν.
748 5270 1022 5339 Βαρσαϐά.
1061 5267 1135 5322 ID.

292 5274 405 5412 (75)
447 5274 710 5339 Βάρσίιν.
748 5274 1022 5392 Βαηρσαὸά.
1062 5274 1135 5322 ID.

316 5341 427 5411 75‘)
464 5340 786 5412 Septuag.:
812 5411 819 5412 ί
847 5358 895 5411 ρ.
936 5340 1142 5393 Dmcu.

290 5408 417 5479 ('76)
441 5408 698 5466 Αὺκᾶνῖ
732 5408 1027 5479 Origenes,
1059 5421 1189 5462 tom.
1221 5426 1316 5463 vm
1408 5408 1702 5479 Comment.
1743 5408 1799 5459 in

216 5478 499 5543 Joannem,
548 5482 752 5551 ρζίδῖ.
784 5481 873 5551 Τῷ
911 5478 1077 5550 Ἰούδᾳ
1100 5481 1249 5551 παρξῄ
1268 5482 1404 5551 ἡμῖν
1435 5479 1531 5549 μὲν
1570 5478 1597 5529 6
1618 5478 1799 5551 δξρτες-

221 5570 313 5623 ρος
350 5553 526 5623 Αύνᾶν
548 5548 707 5605 ἐἶναι
741 5548 984 5623 λέγεται,
1016 5548 1190 5623 παρά
1210 5549 1264 5623 δὲ
1292 5548 1590 5623 ⁷Ἒ6ραίοις
1630 5549 1798 5623 -Ὡνᾶν

214 5619 351 5676 ἔστι.
388 5620 547 5675 ludar
577 5623 834 5675 secundus
862 5619 1048 5687 (filius)
1082 5619 1223 5687 apud
1248 5636 1338 5671 nos
1371 5620 1580 5685 quidem
1606 5620 1796 5672 Aurum

214 5709 330 5755 esse
358 5693 572 5753 dicitur,
601 5692 741 5761 apud
779 5690 1023 5745 Hebraeos
1058 5704 1173 5761 vero
1202 5687 1372 5743 0mm.
1402 5694 1569 5749 (ima.

293 5762 405 5825 (77)
450 5758 725 5815 Ἔπεσεν.
759 5762 1038 5814 Ἐπαισεν.
1079 5758 1156 5814 ΙΙ).

295 5832 409 5901 (.78)
462 5833 673 5887 Ἰακώϐ.
711 5832 812 5885 Τὸν
852 5827 1018 5886 Ἡσαῦ
1056 5828 1177 5885 add.
1207 5827 1281 5887 ID.

1888 1958 2053 2013 filiam
2098 1972 2253 2011 suam
2300 1956 2503 2012 Bessue
2532 1958 2588 2011 in
2621 1973 2869 2011 uxorem.
2920 1956 3046 2012 llaec
3082 1960 3287 2028 peperit
3326 1961 3463 2012 mihi

1890 2049 2020 2118 Her,
2044 2060 2099 2106 et
2131 2050 2348 2115 Aunan,
2379 2059 2433 2104 et
2481 2049 2682 2117 Silom;
2722 2066 2955 2120 quorum
3004 2052 3142 2104 duos
3182 2051 3305 2104 sine
3338 2051 3464 2113 ﬁliis

1891 2143 2088 2197 occidit
2119 2141 2414 2209 Dominus;
2453 2140 2623 2195 Silom
2659 2142 2805 2195 enim
2843 2141 2998 2206 vixit,
3024 2149 3077 2194 et
3102 2142 3197 2194 lilii
3223 2142 3341 2209 ejus
3367 2157 3465 2201 vos

1890 2235 2041 2289 estis.

1963 2324 2057 2379 IX.
2097 2344 2115 2377 ι
2146 2323 2454 2380 Octodecim
2493 2324 2651 2379 annis
2680 2322 2911 2378 fecimus
2938 2339 3150 2393 pacem,
3181 2333 3333 2393 pater
3360 2338 3464 2377 no—

1893 2426 2006 2473 ster
2034 2427 2089 2472 et
2117 2433 2239 2483 nos,
2270 2434 2395 2472 cum
2428 2417 2596 2471 fratre
2638 2417 2757 2485 ejus
2794 2415 2960 2481 Esau,
2994 2424 3049 2470 et
3077 2414 3172 2479 filii
3211 2416 3330 2485 ejus
3360 2431 3463 2475 no:-

1891 2509 2142 2573 biscum,
2190 2518 2478 2579 postquam
2549 2506 2802 2562 venimus
2868 2522 2953 2561 ex.
2992 2505 3384 2575 MeSOpotamia
3433 2521 3466 2559 a

1893 2603 2100 2658 Laban.
2135 2601 2203 2656 Et
2246 2602 2486 2671 impletis
2523 2600 2827 2655 octodecim
2854 2599 3035 2661 annis,
3073 2598 3125 2651 in
3163 2598 3467 2667 quadrage-

1893 2696 2035 2750 simo
2071 2708 2216 2749 anno
2246 2695 2370 2747 vitae
2400 2708 2567 2757 meae,
2595 2691 2907 2760 supervenit
2936 2690 3094 2744 nobis
3122 2688 3265 2747 Esau
3297 2686 3466 2741 frater

1892 2788 2064 2859 patris
2107 2787 2237 2852 mei,
2264 2787 2316 2839 in
2358 2786 2560 2856 populo
2599 2784 2752 2855 gravi
2787 2791 2851 2839 et.
2879 2782 3041 2848 forti;
3074 2795 3128 2837 et
3167 2781 3362 2836 cecidit
3408 2781 3463 2832 in

1895 2898 2024 2937 arcu
2045 2880 2231 2939 Jacob.
2246 2889 2301 2934 et
2321 2880 2463 2933 latus
2485 2888 2567 2933 est
2589 2887 2840 2932 mortuus
2857 2876 2908 2929 in
2929 2883 3169 2929 montem
3193 2873 3312 2928 Seir
3327 2870 3465 2942 (79).

1896 2974 2007 3031 Nos
2033 2985 2213 3031 autem
2246 2971 2515 3043 persecuti
2539 2985 2732 3025 sumus
2758 2969 2899 3024 ﬁlios
2927 2967 3092 3023 Esau.
3124 2966 3254 3021 Erat
3276 2974 3462 3020 autem

1893 3067 1974 3122 eis
2020 3066 2237 3131 civitas,
2282 3074 2335 3118 et
2376 3076 2566 3117 murus
2608 3059 2842 3124 ferreus,
2886 3067 2940 3112 et
2988 3067 3157 3127 porta:
3201 3070 3382 3123 aereae,
3413 3062 3471 3111 et

1893 3174 2006 3213 non
2032 3157 2314 3228 potuimus
2339 3154 2553 3209 intr-are
2577 3153 2632 3206 in
2655 3166 2797 3218 eam,
2827 3150 3141 3204 obsidentes
3174 3162 3305 3202 vero
3332 3162 3467 3202 con-

1896 3254 2163 3309 clusimus
2198 3265 2325 3316 eos;
2350 3257 2408 3304 et
2446 3262 2573 3304 eum
2608 3261 2720 3300 non
2756 3244 3049 3313 aperirent,
3086 3249 3208 3310 post
3245 3241 3361 3294 dies
3387 3240 3470 3295 vi-

1897 3346 2053 3418 ginti,
2099 3343 2410 3399 videntibus
2453 3340 2554 3404 eis,
2597 3338 2800 3394 adduxi
2856 3338 3083 3395 scalam,
3124 3343 3177 3387 et
3218 3333 3468 3403 clypeum

1896 3454 2060 3508 super
2110 3444 2274 3506 caput
2319 3449 2532 3499 meum;
2562 3441 2618 3487 et
2654 3430 2898 3495 ascendi,
2943 3427 3219 3497 accipiens
3262 3425 3467 3493 lapides

1897 3546 2070 3600 usque
2098 3530 2165 3584 ad
2195 3529 2406 3599 pondus
2439 3527 2767 3580 talentorum
2805 3523 3006 3581 trium;
3038 3534 3091 3575 et
3118 3534 3242 3575 cum
3276 3532 3469 3573 ascen-

1896 3623 2133 3686 dissem,
2179 3620 2351 3676 occidi
2392 3627 2630 3688 quatuor
2669 3625 2917 3687 potentes
2959 3630 3025 3668 ex
3076 3612 3227 3682 ipsis.
3274 3610 3341 3664 Et
3384 3609 3471 3663 die

1897 3716 2146 3785 sequenti
2197 3714 2465 3767 intrantes
2510 3709 2699 3765 Ruben
2732 3718 2788 3764 et
2814 3708 2929 3764 Gad
2970 3707 3288 3761 occiderunt
3332 3702 3470 3756 alios

1897 3824 2012 3863 sex.
2046 3806 2201 3862 Tunc
2232 3807 2543 3876 petiverunt
2571 3819 2602 3857 a
2634 3802 2791 3857 nobis
2820 3799 3166 3856 conditiones
3204 3795 3385 3865 pacis;
3417 3802 3473 3846 et

1897 3899 2045 3954 ducti
2087 3899 2320 3953 consilio
2353 3897 2523 3966 patris
2551 3894 2723 3950 nostri
2754 3892 3059 3961 recepimus
3099 3903 3196 3943 eos
3234 3887 3469 3941 tributa-

1897 3991 2028 4045 rios.
2071 3988 2138 4043 Et
2183 3990 2450 4043 dederunt
2482 3986 2642 4040 nobis
2681 3983 2939 4037 frumenti
2976 3996 3136 4035 coros
3178 3978 3468 4039 ducentos,

1896 4094 1961 4138 et.
1996 4084 2101 4139 olei
2147 4083 2249 4138 Bes
2299 4083 2665 4151 quingentos,
2716 4076 2828 4130 vini
2881 4087 3171 4128 mensuras
3220 4069 3367 4124 mille
3413 4075 3472 4121 et.

1898 4176 2244 4247 quingentas,
2277 4175 2452 4227 donec
2479 4169 2863 4225 descendimus
2889 4168 2941 4220 in
2974 4164 3290 4235 Egyptum.

1969 4377 2036 4432 Χ.
2073 4396 2092 4429 ‹
2122 4376 2252 4430 Post
2282 4375 2386 4429 hoc
2412 4371 2518 4426 Her
2546 4372 2690 4426 ﬁlius
2715 4384 2869 4424 meus
2897 4367 3044 4422 duxit
3081 4378 3304 4418 uxorem
3331 4361 3473 4416 Tha.-

1898 4490 2019 4529 mar
2065 4489 2132 4529 ex
2179 4468 2603 4539 MeSOpotamia,
2652 4467 2818 4520 tiliam
2869 4464 3055 4517 Aram.
3108 4460 3238 4515 Erat
3285 4469 3469 4515 autem

1904 4571 2008 4625 Her
2036 4570 2397 4640 perniciosus,
2427 4575 2481 4621 et
2503 4565 2767 4620 dubitavit
2815 4562 2882 4617 de
2924 4560 3184 4626 Thamar,
3210 4559 3470 4629 quoniam

1902 4681 2009 4719 non
2040 4673 2157 4718 erat
2191 4678 2258 4717 ex
2290 4672 2433 4717 terra
2462 4658 2742 4714 Chanaan.
2778 4656 2842 4710 Et
2870 4655 3094 4725 angelus
3131 4651 3345 4705 Domini
3375 4665 3471 4704 oc-

1899 4760 2030 4815 cidit
2067 4775 2191 4812 eum
2234 4757 2390 4811 tertia
2433 4756 2522 4809 die
2550 4754 2603 4807 in
2634 4761 2812 4816 nocte,
2839 4758 2893 4805 et
2922 4750 3037 4820 ipse
3078 4762 3185 4800 non
3218 4743 3471 4816 cognovit

1898 4867 2039 4916 eam,
2085 4867 2180 4919 per
2224 4849 2480 4904 astutiam
2534 4843 2723 4899 matris
2759 4858 2901 4907 suaa;
2952 4855 3058 4895 non
3114 4839 3259 4892 enim
3301 4836 3472 4891 voluit

1902 4948 2100 5002 habere
2144 4946 2284 5000 Iilios
2328 4960 2393 4997 ex
2438 4943 2585 5011 ipsa;
2616 4948 2669 4993 et
2702 4939 2789 4991 hic
2830 4937 2884 4990 in
2927 4932 3171 5002 nequitia
3218 4940 3470 4985 mortuus

1899 5048 2001 5095 est.
2034 5038 2091 5092 In
2116 5038 2307 5093 diebus
2339 5033 2565 5090 thalami
2595 5031 2716 5087 dedi
2741 5032 2789 5085 ci
2819 5030 2998 5083 virum
3027 5026 3261 5090 Aunan;
3291 5032 3345 5078 et
3369 5024 3470 5077 iste

1975 5197 2086 5261 (79)
2131 5196 2359 5249 Montem
2394 5191 2529 5246 Seir.
2571 5189 2800 5261 Additur
2848 5188 2900 5240 in
2951 5185 3139 5240 Graeco
3173 5191 3349 5261 tegttu,
3387 5181 3468 5234 vi-

1890 5249 2027 5322 tiose
2054 5249 2148 5314 {et
2176 5261 2365 5313 vadens
2395 5273 2549 5322 super
2577 5254 2816 5312 lromna,
2842 5258 3211 5322 mortuus_est._
3232 5249 3304 5301 In.

1962 5316 2075 5405 (80)
2112 5329 2351 5405 ἶεπάνςυ,
2374 5316 2690 5405 511315614”?-
2727 5324 2816 5405 Ἐν
2861 5316 3369 5405 Ἀνονιράμκηε-ςμ
3398 5387 3431 5405 ι·

1963 5388 2075 5471 (81)
2119 5388 2869 5471 ἉνελθώντἏίίιῖ.-ἀνεῖλον,
2904 5388 3119 5471 prouter
3150 5388 3464 5471 similitudi-

1894 5457 2016 5531 nem
2048 5457 2198 5525 vocis
2223 5467 2573 5538 praecedentis
2604 5457 3037 5538 inrur_ia__scr_i_ha3
3066 5459 3349 5538 omissum.
3385 5457 3460 5538 In.

1967 5526 2077 5611 (89.)
2107 5526 2235 5603 κΕξξ
2264 5539 2584 5611 Ἐξήκοντα,
2609 5552 2710 5588 ms.
2740 5533 2904 5611 (loli.z
2926 5527 3356 5611 Trinwgantah.

1972 5596 2084 5681 (85)
2127 5596 2257 5667 Βέθ.
2285 5596 2542 5681 suspicor
2568 5596 2852 5681 legendum
2880 5600 3090 5681 βάτρυς.
3122 5596 3289 5681 βάτρς
3317 5596 3462 5681 enim

1899 5664 1985 5742 est
2000 5664 2272 5739 allicit—sura
2306 5664 2661 5745 ιὶιιὺἱιίοιδιιιιῖ2
2695 5682 2754 5725 ut
2784 5664 2941 5725 docet
2971 5666 3189 5735 Joscph.
3227 5666 3321 5721 lib.
3355 5664 3474 5729 Αιιτχ.

1905 5741 2079 5829 ίὶφιίιι
2109 5752 2237 5809 Ιαίί.
2267 5741 2387 5816 vui,
2410 5759 2529 5816 cap.
2557 5744 2611 5799 ‘2.
2645 5741 2718 5797 In.
