  <div class='ocr_page' id='page_1' title='image "/cluster/home/n/w/nwhite01/storage/ocr_20150623/2/nnc1.0114695790/623.png"; bbox 0 0 3830 6216; ppageno 0'>
   <div class='ocr_carea' id='block_1_1' title="bbox 404 331 3682 396">
    <p class='ocr_par' dir='ltr' id='par_1_1' title="bbox 404 331 3682 396">
     <span class='ocr_line' id='line_1_1' title="bbox 404 331 3682 396; baseline -0 -6"><span class='ocrx_word' id='word_1_1' title='bbox 404 331 546 391; x_wconf 70' lang='grc'><strong>1075</strong></span> <span class='ocrx_word' id='word_1_2' title='bbox 1421 334 1889 392; x_wconf 79' lang='lat' dir='ltr'><strong>&#39;I&#39;ESTAMEN&#39;I‘A</strong></span> <span class='ocrx_word' id='word_1_3' title='bbox 1928 333 2018 388; x_wconf 78' lang='lat' dir='ltr'><strong>XII</strong></span> <span class='ocrx_word' id='word_1_4' title='bbox 2049 333 2670 396; x_wconf 63' lang='lat' dir='ltr'><strong>PATRIARCHARUM.</strong></span> <span class='ocrx_word' id='word_1_5' title='bbox 3525 336 3682 390; x_wconf 67' lang='lat'><strong>£076</strong></span> 
     </span>
    </p>
   </div>
   <div class='ocr_carea' id='block_1_2' title="bbox 403 443 1915 524">
    <p class='ocr_par' dir='ltr' id='par_1_2' title="bbox 403 451 1915 524">
     <span class='ocr_line' id='line_1_2' title="bbox 403 451 1915 524; baseline -0.001 -17"><span class='ocrx_word' id='word_1_6' title='bbox 403 451 459 507; x_wconf 88' lang='lat' dir='ltr'><strong>in</strong></span> <span class='ocrx_word' id='word_1_7' title='bbox 480 451 686 506; x_wconf 89' lang='lat' dir='ltr'><strong>malitia</strong></span> <span class='ocrx_word' id='word_1_8' title='bbox 718 467 825 508; x_wconf 90' lang='lat' dir='ltr'><strong>non</strong></span> <span class='ocrx_word' id='word_1_9' title='bbox 853 454 1107 524; x_wconf 78' lang='lat' dir='ltr'><strong>cognovit</strong></span> <span class='ocrx_word' id='word_1_10' title='bbox 1131 470 1273 521; x_wconf 87' lang='lat' dir='ltr'><strong>eam,</strong></span> <span class='ocrx_word' id='word_1_11' title='bbox 1300 453 1485 508; x_wconf 81' lang='lat' dir='ltr'><strong>vivens</strong></span> <span class='ocrx_word' id='word_1_12' title='bbox 1516 469 1640 508; x_wconf 92' lang='lat' dir='ltr'><strong>cum</strong></span> <span class='ocrx_word' id='word_1_13' title='bbox 1664 469 1726 509; x_wconf 89' lang='lat' dir='ltr'><strong>ea</strong></span> <span class='ocrx_word' id='word_1_14' title='bbox 1750 468 1915 507; x_wconf 85' lang='lat' dir='ltr'><strong>annui</strong></span> 
     </span>
    </p>
   </div>
   <div class='ocr_carea' id='block_1_3' title="bbox 2171 443 3683 524">
    <p class='ocr_par' dir='ltr' id='par_1_3' title="bbox 2171 443 3683 524">
     <span class='ocr_line' id='line_1_3' title="bbox 2171 443 3683 524; baseline 0.003 -21"><span class='ocrx_word' id='word_1_15' title='bbox 2171 454 2215 524; x_wconf 76' lang='grc' dir='ltr'>τῇ</span> <span class='ocrx_word' id='word_1_16' title='bbox 2257 451 2347 506; x_wconf 78' lang='grc' dir='ltr'><strong>τὸν</strong></span> <span class='ocrx_word' id='word_1_17' title='bbox 2387 451 2584 508; x_wconf 77' lang='grc' dir='ltr'><strong>Αὺνᾶν·</strong></span> <span class='ocrx_word' id='word_1_18' title='bbox 2625 452 2780 521; x_wconf 85' lang='grc' dir='ltr'>καίγε</span> <span class='ocrx_word' id='word_1_19' title='bbox 2821 443 2975 516; x_wconf 75' lang='grc' dir='ltr'>οὗτος</span> <span class='ocrx_word' id='word_1_20' title='bbox 3013 451 3074 504; x_wconf 80' lang='grc' dir='ltr'>ὲν</span> <span class='ocrx_word' id='word_1_21' title='bbox 3117 453 3348 524; x_wconf 73' lang='grc' dir='ltr'>πονηρίᾳ</span> <span class='ocrx_word' id='word_1_22' title='bbox 3381 453 3488 507; x_wconf 75' lang='grc' dir='ltr'><strong>οὐκ</strong></span> <span class='ocrx_word' id='word_1_23' title='bbox 3517 453 3683 522; x_wconf 72' lang='grc' dir='ltr'>ἔγνω</span> 
     </span>
    </p>
   </div>
   <div class='ocr_carea' id='block_1_4' title="bbox 404 539 1916 616">
    <p class='ocr_par' dir='ltr' id='par_1_4' title="bbox 404 539 1915 613">
     <span class='ocr_line' id='line_1_4' title="bbox 404 539 1915 613; baseline -0.001 -19"><span class='ocrx_word' id='word_1_24' title='bbox 404 539 472 595; x_wconf 85' lang='grc' dir='ltr'>Ει</span> <span class='ocrx_word' id='word_1_25' title='bbox 497 542 718 612; x_wconf 85' lang='lat' dir='ltr'><strong>quando</strong></span> <span class='ocrx_word' id='word_1_26' title='bbox 749 543 988 598; x_wconf 85' lang='lat' dir='ltr'><strong>minatus</strong></span> <span class='ocrx_word' id='word_1_27' title='bbox 1020 560 1138 598; x_wconf 90' lang='lat' dir='ltr'><strong>sum</strong></span> <span class='ocrx_word' id='word_1_28' title='bbox 1167 545 1239 610; x_wconf 92' lang='lat' dir='ltr'><strong>ei,</strong></span> <span class='ocrx_word' id='word_1_29' title='bbox 1270 541 1439 598; x_wconf 90' lang='lat' dir='ltr'><strong>coivit</strong></span> <span class='ocrx_word' id='word_1_30' title='bbox 1465 543 1684 613; x_wconf 82' lang='lat' dir='ltr'><strong>quidem</strong></span> <span class='ocrx_word' id='word_1_31' title='bbox 1709 557 1832 596; x_wconf 92' lang='lat' dir='ltr'><strong>cum</strong></span> <span class='ocrx_word' id='word_1_32' title='bbox 1860 541 1915 594; x_wconf 90' lang='lat' dir='ltr'><strong>ill</strong></span> 
     </span>
    </p>
   </div>
   <div class='ocr_carea' id='block_1_5' title="bbox 2167 539 3679 616">
    <p class='ocr_par' dir='ltr' id='par_1_5' title="bbox 2167 544 3679 616">
     <span class='ocr_line' id='line_1_5' title="bbox 2167 544 3679 616; baseline 0.001 -21"><span class='ocrx_word' id='word_1_33' title='bbox 2167 544 2266 616; x_wconf 81' lang='grc' dir='ltr'>τήν,</span> <span class='ocrx_word' id='word_1_34' title='bbox 2293 546 2521 614; x_wconf 81' lang='grc' dir='ltr'><strong>ποιήσας</strong></span> <span class='ocrx_word' id='word_1_35' title='bbox 2549 545 2646 598; x_wconf 80' lang='grc' dir='ltr'><strong>σὺν</strong></span> <span class='ocrx_word' id='word_1_36' title='bbox 2671 546 2807 616; x_wconf 81' lang='grc' dir='ltr'>αὐτῇ</span> <span class='ocrx_word' id='word_1_37' title='bbox 2832 545 3095 598; x_wconf 81' lang='grc' dir='ltr'>ἐνιαυτόν.</span> <span class='ocrx_word' id='word_1_38' title='bbox 3125 545 3236 598; x_wconf 86' lang='lat' dir='ltr'><strong>Kal</strong></span> <span class='ocrx_word' id='word_1_39' title='bbox 3265 545 3356 598; x_wconf 74' lang='grc' dir='ltr'>ὅτε</span> <span class='ocrx_word' id='word_1_40' title='bbox 3381 544 3679 615; x_wconf 67' lang='grc' dir='ltr'>ἠπείλησα</span> 
     </span>
    </p>
   </div>
   <div class='ocr_carea' id='block_1_6' title="bbox 401 633 1913 708">
    <p class='ocr_par' dir='ltr' id='par_1_6' title="bbox 401 633 1907 706">
     <span class='ocr_line' id='line_1_6' title="bbox 401 633 1907 706; baseline 0 -20"><span class='ocrx_word' id='word_1_41' title='bbox 401 647 589 687; x_wconf 91' lang='lat' dir='ltr'><strong>semen</strong></span> <span class='ocrx_word' id='word_1_42' title='bbox 626 648 753 688; x_wconf 92' lang='lat' dir='ltr'><strong>vero</strong></span> <span class='ocrx_word' id='word_1_43' title='bbox 782 633 991 688; x_wconf 90' lang='lat' dir='ltr'><strong>corruit</strong></span> <span class='ocrx_word' id='word_1_44' title='bbox 1016 634 1125 706; x_wconf 82' lang='lat'><strong>(85)</strong></span> <span class='ocrx_word' id='word_1_45' title='bbox 1157 634 1212 688; x_wconf 87' lang='lat' dir='ltr'><strong>in</strong></span> <span class='ocrx_word' id='word_1_46' title='bbox 1237 642 1460 700; x_wconf 91' lang='lat' dir='ltr'><strong>terram,</strong></span> <span class='ocrx_word' id='word_1_47' title='bbox 1489 635 1789 690; x_wconf 89' lang='lat' dir='ltr'><strong>secundum</strong></span> <span class='ocrx_word' id='word_1_48' title='bbox 1823 649 1907 687; x_wconf 90' lang='lat' dir='ltr'><strong>ma</strong></span> 
     </span>
    </p>
   </div>
   <div class='ocr_carea' id='block_1_7' title="bbox 2166 633 3678 708">
    <p class='ocr_par' dir='ltr' id='par_1_7' title="bbox 2166 636 3678 708">
     <span class='ocr_line' id='line_1_7' title="bbox 2166 636 3678 708; baseline 0.001 -19"><span class='ocrx_word' id='word_1_49' title='bbox 2166 637 2254 707; x_wconf 71' lang='grc' dir='ltr'>ςῷ,</span> <span class='ocrx_word' id='word_1_50' title='bbox 2293 636 2521 708; x_wconf 81' lang='grc' dir='ltr'><strong>συνῆλθε</strong></span> <span class='ocrx_word' id='word_1_51' title='bbox 2571 637 2670 707; x_wconf 82' lang='grc' dir='ltr'><strong>μὲν</strong></span> <span class='ocrx_word' id='word_1_52' title='bbox 2710 638 2880 708; x_wconf 82' lang='grc' dir='ltr'>αὐτῇ,</span> <span class='ocrx_word' id='word_1_53' title='bbox 2913 636 3186 708; x_wconf 80' lang='grc' dir='ltr'>διέφθειρε</span> <span class='ocrx_word' id='word_1_54' title='bbox 3226 636 3283 690; x_wconf 82' lang='grc' dir='ltr'><strong>δὲ</strong></span> <span class='ocrx_word' id='word_1_55' title='bbox 3323 638 3389 690; x_wconf 79' lang='grc' dir='ltr'>τὸ</span> <span class='ocrx_word' id='word_1_56' title='bbox 3433 637 3678 708; x_wconf 67' lang='grc' dir='ltr'>σπέρμα</span> 
     </span>
    </p>
   </div>
   <div class='ocr_carea' id='block_1_8' title="bbox 401 725 1913 804">
    <p class='ocr_par' dir='ltr' id='par_1_8' title="bbox 401 725 1913 793">
     <span class='ocr_line' id='line_1_8' title="bbox 401 725 1913 793; baseline 0.005 -15"><span class='ocrx_word' id='word_1_57' title='bbox 401 725 591 781; x_wconf 86' lang='lat' dir='ltr'><strong>datum</strong></span> <span class='ocrx_word' id='word_1_58' title='bbox 636 726 828 781; x_wconf 90' lang='lat' dir='ltr'><strong>matris</strong></span> <span class='ocrx_word' id='word_1_59' title='bbox 863 743 1008 793; x_wconf 68' lang='lat' dir='ltr'><strong>suae;</strong></span> <span class='ocrx_word' id='word_1_60' title='bbox 1039 736 1093 780; x_wconf 92' lang='lat' dir='ltr'><strong>et</strong></span> <span class='ocrx_word' id='word_1_61' title='bbox 1120 727 1209 782; x_wconf 92' lang='lat' dir='ltr'><strong>hic</strong></span> <span class='ocrx_word' id='word_1_62' title='bbox 1241 727 1295 780; x_wconf 87' lang='lat' dir='ltr'><strong>in</strong></span> <span class='ocrx_word' id='word_1_63' title='bbox 1325 727 1534 782; x_wconf 88' lang='lat' dir='ltr'><strong>malitia</strong></span> <span class='ocrx_word' id='word_1_64' title='bbox 1579 737 1830 784; x_wconf 86' lang='lat' dir='ltr'><strong>mortuus</strong></span> <span class='ocrx_word' id='word_1_65' title='bbox 1868 745 1913 786; x_wconf 73' lang='lat' dir='ltr'><strong>ei</strong></span> 
     </span>
    </p>
   </div>
   <div class='ocr_carea' id='block_1_9' title="bbox 2159 725 3671 804">
    <p class='ocr_par' dir='ltr' id='par_1_9' title="bbox 2159 729 3671 804">
     <span class='ocr_line' id='line_1_9' title="bbox 2159 729 3671 804; baseline 0 -20"><span class='ocrx_word' id='word_1_66' title='bbox 2159 730 2284 802; x_wconf 75' lang='grc' dir='ltr'>ιτὴν</span> <span class='ocrx_word' id='word_1_67' title='bbox 2304 730 2430 801; x_wconf 83' lang='grc' dir='ltr'>γῆν,</span> <span class='ocrx_word' id='word_1_68' title='bbox 2461 729 2600 801; x_wconf 84' lang='grc' dir='ltr'><strong>μετά</strong></span> <span class='ocrx_word' id='word_1_69' title='bbox 2622 730 2722 802; x_wconf 78' lang='grc' dir='ltr'><strong>τὴν</strong></span> <span class='ocrx_word' id='word_1_70' title='bbox 2743 731 2959 802; x_wconf 77' lang='grc' dir='ltr'>ἐντολὴν</span> <span class='ocrx_word' id='word_1_71' title='bbox 2985 732 3084 800; x_wconf 85' lang='grc' dir='ltr'>τῆς</span> <span class='ocrx_word' id='word_1_72' title='bbox 3111 730 3311 804; x_wconf 78' lang='grc' dir='ltr'>μητρὸς</span> <span class='ocrx_word' id='word_1_73' title='bbox 3331 731 3501 784; x_wconf 81' lang='grc' dir='ltr'>αὐτοῦ</span> <span class='ocrx_word' id='word_1_74' title='bbox 3527 731 3671 802; x_wconf 62' lang='lat'><strong>(84}-</strong></span> 
     </span>
    </p>
   </div>
   <div class='ocr_carea' id='block_1_10' title="bbox 404 816 1916 894">
    <p class='ocr_par' dir='ltr' id='par_1_10' title="bbox 404 816 1916 886">
     <span class='ocr_line' id='line_1_10' title="bbox 404 816 1916 886; baseline 0 -15"><span class='ocrx_word' id='word_1_75' title='bbox 404 816 666 874; x_wconf 81' lang='lat' dir='ltr'><strong>Volebam</strong></span> <span class='ocrx_word' id='word_1_76' title='bbox 707 827 890 874; x_wconf 88' lang='lat' dir='ltr'><strong>autem</strong></span> <span class='ocrx_word' id='word_1_77' title='bbox 931 829 987 873; x_wconf 91' lang='lat' dir='ltr'><strong>et</strong></span> <span class='ocrx_word' id='word_1_78' title='bbox 1030 819 1200 874; x_wconf 90' lang='lat' dir='ltr'><strong>Silom</strong></span> <span class='ocrx_word' id='word_1_79' title='bbox 1245 819 1380 874; x_wconf 88' lang='lat' dir='ltr'><strong>dare</strong></span> <span class='ocrx_word' id='word_1_80' title='bbox 1420 820 1495 886; x_wconf 89' lang='lat' dir='ltr'><strong>ei,</strong></span> <span class='ocrx_word' id='word_1_81' title='bbox 1540 821 1636 875; x_wconf 88' lang='lat' dir='ltr'><strong>sed</strong></span> <span class='ocrx_word' id='word_1_82' title='bbox 1679 836 1819 876; x_wconf 85' lang='lat' dir='ltr'><strong>uxor</strong></span> <span class='ocrx_word' id='word_1_83' title='bbox 1854 837 1916 876; x_wconf 51' lang='lat' dir='ltr'><strong>ml</strong></span> 
     </span>
    </p>
   </div>
   <div class='ocr_carea' id='block_1_11' title="bbox 2166 816 3678 894">
    <p class='ocr_par' dir='ltr' id='par_1_11' title="bbox 2166 818 3678 894">
     <span class='ocr_line' id='line_1_11' title="bbox 2166 818 3678 894; baseline 0 -19"><span class='ocrx_word' id='word_1_84' title='bbox 2166 824 2236 892; x_wconf 77' lang='grc' dir='ltr'><strong>ἰγε</strong></span> <span class='ocrx_word' id='word_1_85' title='bbox 2279 818 2434 886; x_wconf 77' lang='grc' dir='ltr'>οὗτος</span> <span class='ocrx_word' id='word_1_86' title='bbox 2474 820 2742 879; x_wconf 82' lang='grc' dir='ltr'><strong>ἀπέθανεν</strong></span> <span class='ocrx_word' id='word_1_87' title='bbox 2784 823 2842 876; x_wconf 83' lang='grc' dir='ltr'>ὲν</span> <span class='ocrx_word' id='word_1_88' title='bbox 2893 821 3147 894; x_wconf 73' lang='grc' dir='ltr'>πονηρία.</span> <span class='ocrx_word' id='word_1_89' title='bbox 3192 821 3418 876; x_wconf 80' lang='grc' dir='ltr'>Ἢθελον</span> <span class='ocrx_word' id='word_1_90' title='bbox 3461 822 3530 874; x_wconf 72' lang='grc' dir='ltr'><strong>δὲ</strong></span> <span class='ocrx_word' id='word_1_91' title='bbox 3573 823 3678 875; x_wconf 79' lang='grc' dir='ltr'><strong>καὶ</strong></span> 
     </span>
    </p>
   </div>
   <div class='ocr_carea' id='block_1_12' title="bbox 402 910 1914 986">
    <p class='ocr_par' dir='ltr' id='par_1_12' title="bbox 402 910 1914 981">
     <span class='ocr_line' id='line_1_12' title="bbox 402 910 1914 981; baseline 0.002 -17"><span class='ocrx_word' id='word_1_92' title='bbox 402 910 606 967; x_wconf 79' lang='lat' dir='ltr'><strong>Bcssue</strong></span> <span class='ocrx_word' id='word_1_93' title='bbox 647 926 754 965; x_wconf 86' lang='lat' dir='ltr'><strong>non</strong></span> <span class='ocrx_word' id='word_1_94' title='bbox 802 911 1084 981; x_wconf 90' lang='lat' dir='ltr'><strong>permisit;</strong></span> <span class='ocrx_word' id='word_1_95' title='bbox 1117 911 1386 967; x_wconf 89' lang='lat' dir='ltr'><strong>malitiosa</strong></span> <span class='ocrx_word' id='word_1_96' title='bbox 1415 912 1561 967; x_wconf 90' lang='lat' dir='ltr'><strong>enim</strong></span> <span class='ocrx_word' id='word_1_97' title='bbox 1600 924 1718 968; x_wconf 91' lang='lat' dir='ltr'><strong>erat</strong></span> <span class='ocrx_word' id='word_1_98' title='bbox 1745 915 1801 968; x_wconf 94' lang='lat' dir='ltr'><strong>in</strong></span> <span class='ocrx_word' id='word_1_99' title='bbox 1826 913 1914 968; x_wconf 66' lang='lat' dir='ltr'><strong>Th;</strong></span> 
     </span>
    </p>
   </div>
   <div class='ocr_carea' id='block_1_13' title="bbox 2163 910 3675 986">
    <p class='ocr_par' dir='ltr' id='par_1_13' title="bbox 2163 913 3675 986">
     <span class='ocr_line' id='line_1_13' title="bbox 2163 913 3675 986; baseline 0 -19"><span class='ocrx_word' id='word_1_100' title='bbox 2163 933 2166 955; x_wconf 71' lang='grc' dir='ltr'><strong>ι</strong></span> <span class='ocrx_word' id='word_1_101' title='bbox 2190 914 2374 986; x_wconf 86' lang='grc' dir='ltr'>Σιλὼμ</span> <span class='ocrx_word' id='word_1_102' title='bbox 2396 913 2578 968; x_wconf 79' lang='grc' dir='ltr'>δοῦναι</span> <span class='ocrx_word' id='word_1_103' title='bbox 2609 916 2768 985; x_wconf 72' lang='grc' dir='ltr'>αὐτῇ,</span> <span class='ocrx_word' id='word_1_104' title='bbox 2795 915 2911 968; x_wconf 86' lang='grc' dir='ltr'>ἀλλ’</span> <span class='ocrx_word' id='word_1_105' title='bbox 2931 917 2965 986; x_wconf 90' lang='grc' dir='ltr'><strong>ή</strong></span> <span class='ocrx_word' id='word_1_106' title='bbox 2991 917 3127 986; x_wconf 87' lang='grc' dir='ltr'>γυνή</span> <span class='ocrx_word' id='word_1_107' title='bbox 3165 931 3266 986; x_wconf 85' lang='grc' dir='ltr'><strong>μου</strong></span> <span class='ocrx_word' id='word_1_108' title='bbox 3292 915 3403 986; x_wconf 86' lang='grc' dir='ltr'><strong>Βησ</strong></span> <span class='ocrx_word' id='word_1_109' title='bbox 3417 915 3545 967; x_wconf 64' lang='lat' dir='ltr'><strong>mut</strong></span> <span class='ocrx_word' id='word_1_110' title='bbox 3566 916 3675 967; x_wconf 70' lang='grc' dir='ltr'><strong>οὐκ</strong></span> 
     </span>
    </p>
   </div>
   <div class='ocr_carea' id='block_1_14' title="bbox 403 1004 1915 1079">
    <p class='ocr_par' dir='ltr' id='par_1_14' title="bbox 403 1004 1912 1074">
     <span class='ocr_line' id='line_1_14' title="bbox 403 1004 1912 1074; baseline 0.003 -15"><span class='ocrx_word' id='word_1_111' title='bbox 403 1022 542 1068; x_wconf 88' lang='lat' dir='ltr'><strong>mar,</strong></span> <span class='ocrx_word' id='word_1_112' title='bbox 571 1004 832 1074; x_wconf 88' lang='lat' dir='ltr'><strong>quoniam</strong></span> <span class='ocrx_word' id='word_1_113' title='bbox 875 1019 981 1059; x_wconf 91' lang='lat' dir='ltr'><strong>non</strong></span> <span class='ocrx_word' id='word_1_114' title='bbox 1023 1013 1142 1059; x_wconf 90' lang='lat' dir='ltr'><strong>erat</strong></span> <span class='ocrx_word' id='word_1_115' title='bbox 1178 1019 1246 1060; x_wconf 88' lang='lat' dir='ltr'><strong>ex</strong></span> <span class='ocrx_word' id='word_1_116' title='bbox 1274 1004 1492 1060; x_wconf 85' lang='lat' dir='ltr'><strong>ﬁliabus</strong></span> <span class='ocrx_word' id='word_1_117' title='bbox 1516 1005 1799 1073; x_wconf 81' lang='lat' dir='ltr'><strong>Chanaan,</strong></span> <span class='ocrx_word' id='word_1_118' title='bbox 1833 1009 1912 1064; x_wconf 92' lang='lat' dir='ltr'><strong>sic</strong></span> 
     </span>
    </p>
   </div>
   <div class='ocr_carea' id='block_1_15' title="bbox 2162 1004 3674 1079">
    <p class='ocr_par' dir='ltr' id='par_1_15' title="bbox 2162 1007 3674 1079">
     <span class='ocr_line' id='line_1_15' title="bbox 2162 1007 3674 1079; baseline -0.001 -19"><span class='ocrx_word' id='word_1_119' title='bbox 2162 1007 2306 1072; x_wconf 60' lang='grc' dir='ltr'>ἧκεν</span> <span class='ocrx_word' id='word_1_120' title='bbox 2344 1007 2703 1079; x_wconf 78' lang='grc' dir='ltr'>ὲπονηρεύετο</span> <span class='ocrx_word' id='word_1_121' title='bbox 2735 1007 2843 1079; x_wconf 81' lang='grc' dir='ltr'>γὰρ</span> <span class='ocrx_word' id='word_1_122' title='bbox 2870 1007 3010 1079; x_wconf 84' lang='grc' dir='ltr'>πρὸς</span> <span class='ocrx_word' id='word_1_123' title='bbox 3047 1007 3145 1079; x_wconf 85' lang='grc' dir='ltr'><strong>τήν</strong></span> <span class='ocrx_word' id='word_1_124' title='bbox 3182 1007 3401 1079; x_wconf 82' lang='grc' dir='ltr'><strong>Θάμαρ,</strong></span> <span class='ocrx_word' id='word_1_125' title='bbox 3435 1007 3532 1060; x_wconf 81' lang='grc' dir='ltr'>ὅτι</span> <span class='ocrx_word' id='word_1_126' title='bbox 3565 1009 3674 1059; x_wconf 66' lang='grc' dir='ltr'>οὐκ</span> 
     </span>
    </p>
   </div>
   <div class='ocr_carea' id='block_1_16' title="bbox 399 1095 3121 1174">
    <p class='ocr_par' dir='ltr' id='par_1_16' title="bbox 399 1095 3121 1174">
     <span class='ocr_line' id='line_1_16' title="bbox 399 1095 3121 1174; baseline 0 -21"><span class='ocrx_word' id='word_1_127' title='bbox 399 1100 540 1168; x_wconf 89' lang='lat' dir='ltr'><strong>ipsa.</strong></span> <span class='ocrx_word' id='word_1_128' title='bbox 2073 1095 2142 1170; x_wconf 84' lang='grc' dir='ltr'>ἧν</span> <span class='ocrx_word' id='word_1_129' title='bbox 2164 1100 2231 1153; x_wconf 76' lang='grc' dir='ltr'>ἐκ</span> <span class='ocrx_word' id='word_1_130' title='bbox 2253 1098 2566 1172; x_wconf 82' lang='grc' dir='ltr'><strong>θυγατέρων</strong></span> <span class='ocrx_word' id='word_1_131' title='bbox 2596 1099 2834 1174; x_wconf 81' lang='grc' dir='ltr'><strong>Χαναὰν,</strong></span> <span class='ocrx_word' id='word_1_132' title='bbox 2860 1101 2936 1163; x_wconf 85' lang='grc' dir='ltr'><strong>ὡς</strong></span> <span class='ocrx_word' id='word_1_133' title='bbox 2964 1101 3121 1173; x_wconf 86' lang='grc' dir='ltr'>αὐτή.</span> 
     </span>
    </p>
   </div>
   <div class='ocr_carea' id='block_1_17' title="bbox 471 1189 1983 1266">
    <p class='ocr_par' dir='ltr' id='par_1_17' title="bbox 471 1190 1975 1263">
     <span class='ocr_line' id='line_1_17' title="bbox 471 1190 1975 1263; baseline 0.002 -18"><span class='ocrx_word' id='word_1_134' title='bbox 471 1190 563 1249; x_wconf 76' lang='lat' dir='ltr'><strong>XI.</strong></span> <span class='ocrx_word' id='word_1_135' title='bbox 601 1210 620 1243; x_wconf 74' lang='grc' dir='ltr'><strong>ι</strong></span> <span class='ocrx_word' id='word_1_136' title='bbox 649 1191 715 1246; x_wconf 79' lang='lat' dir='ltr'><strong>Et</strong></span> <span class='ocrx_word' id='word_1_137' title='bbox 749 1206 851 1262; x_wconf 91' lang='lat' dir='ltr'><strong>ego</strong></span> <span class='ocrx_word' id='word_1_138' title='bbox 877 1191 1138 1256; x_wconf 81' lang='lat' dir='ltr'><strong>sciebam,</strong></span> <span class='ocrx_word' id='word_1_139' title='bbox 1168 1191 1314 1261; x_wconf 90' lang='lat' dir='ltr'><strong>quod</strong></span> <span class='ocrx_word' id='word_1_140' title='bbox 1344 1191 1713 1261; x_wconf 88' lang='lat' dir='ltr'><strong>perniciosum</strong></span> <span class='ocrx_word' id='word_1_141' title='bbox 1744 1201 1860 1247; x_wconf 90' lang='lat' dir='ltr'><strong>erat</strong></span> <span class='ocrx_word' id='word_1_142' title='bbox 1882 1209 1975 1263; x_wconf 80' lang='lat' dir='ltr'><strong>ge-</strong></span> 
     </span>
    </p>
   </div>
   <div class='ocr_carea' id='block_1_18' title="bbox 2159 1189 3671 1266">
    <p class='ocr_par' dir='ltr' id='par_1_18' title="bbox 2159 1189 3671 1266">
     <span class='ocr_line' id='line_1_18' title="bbox 2159 1189 3671 1266; baseline -0.001 -22"><span class='ocrx_word' id='word_1_143' title='bbox 2159 1191 2244 1244; x_wconf 83' lang='lat' dir='ltr'><strong>lA&#39;.</strong></span> <span class='ocrx_word' id='word_1_144' title='bbox 2285 1212 2304 1244; x_wconf 74' lang='grc' dir='ltr'><strong>ε</strong></span> <span class='ocrx_word' id='word_1_145' title='bbox 2347 1192 2517 1262; x_wconf 88' lang='grc' dir='ltr'><strong>Κάγὼ</strong></span> <span class='ocrx_word' id='word_1_146' title='bbox 2551 1192 2717 1266; x_wconf 69' lang='grc' dir='ltr'>ᾔδειν,</span> <span class='ocrx_word' id='word_1_147' title='bbox 2749 1193 2831 1245; x_wconf 81' lang='grc' dir='ltr'><strong>ὅτι</strong></span> <span class='ocrx_word' id='word_1_148' title='bbox 2862 1191 3095 1263; x_wconf 78' lang='grc' dir='ltr'>πονηρὸν</span> <span class='ocrx_word' id='word_1_149' title='bbox 3119 1191 3181 1245; x_wconf 80' lang='grc' dir='ltr'><strong>τὸ</strong></span> <span class='ocrx_word' id='word_1_150' title='bbox 3208 1192 3363 1261; x_wconf 76' lang='grc' dir='ltr'>γένος</span> <span class='ocrx_word' id='word_1_151' title='bbox 3391 1189 3627 1245; x_wconf 75' lang='grc' dir='ltr'>Χαναὰν</span> <span class='ocrx_word' id='word_1_152' title='bbox 3653 1230 3671 1253; x_wconf 86' lang='grc'><strong>,</strong></span> 
     </span>
    </p>
   </div>
   <div class='ocr_carea' id='block_1_19' title="bbox 398 1281 1910 1355">
    <p class='ocr_par' dir='ltr' id='par_1_19' title="bbox 398 1285 1910 1355">
     <span class='ocr_line' id='line_1_19' title="bbox 398 1285 1910 1355; baseline -0.001 -13"><span class='ocrx_word' id='word_1_153' title='bbox 398 1302 506 1342; x_wconf 91' lang='lat' dir='ltr'><strong>nus</strong></span> <span class='ocrx_word' id='word_1_154' title='bbox 543 1285 828 1350; x_wconf 87' lang='lat' dir='ltr'><strong>Chanaan,</strong></span> <span class='ocrx_word' id='word_1_155' title='bbox 861 1285 955 1341; x_wconf 91' lang='lat' dir='ltr'><strong>sed</strong></span> <span class='ocrx_word' id='word_1_156' title='bbox 995 1286 1288 1341; x_wconf 85' lang='lat' dir='ltr'><strong>consilium</strong></span> <span class='ocrx_word' id='word_1_157' title='bbox 1329 1285 1633 1355; x_wconf 85' lang='lat' dir='ltr'><strong>juventutis</strong></span> <span class='ocrx_word' id='word_1_158' title='bbox 1681 1300 1910 1341; x_wconf 60' lang='lat' dir='ltr'><strong>excaecat</strong></span> 
     </span>
    </p>
   </div>
   <div class='ocr_carea' id='block_1_20' title="bbox 2161 1281 3673 1355">
    <p class='ocr_par' dir='ltr' id='par_1_20' title="bbox 2161 1281 3673 1354">
     <span class='ocr_line' id='line_1_20' title="bbox 2161 1281 3673 1354; baseline 0 -20"><span class='ocrx_word' id='word_1_159' title='bbox 2161 1281 2213 1336; x_wconf 70' lang='lat' dir='ltr'><strong>ta</strong></span> <span class='ocrx_word' id='word_1_160' title='bbox 2241 1283 2303 1336; x_wconf 83' lang='grc' dir='ltr'>τὺ</span> <span class='ocrx_word' id='word_1_161' title='bbox 2331 1283 2629 1337; x_wconf 88' lang='grc' dir='ltr'>διαϐούλιον</span> <span class='ocrx_word' id='word_1_162' title='bbox 2669 1283 2767 1354; x_wconf 82' lang='grc' dir='ltr'>τῆς</span> <span class='ocrx_word' id='word_1_163' title='bbox 2806 1283 3056 1354; x_wconf 86' lang='grc' dir='ltr'>νεότητος</span> <span class='ocrx_word' id='word_1_164' title='bbox 3092 1281 3202 1354; x_wconf 83' lang='grc'><strong>(86)</strong></span> <span class='ocrx_word' id='word_1_165' title='bbox 3240 1284 3524 1352; x_wconf 73' lang='grc' dir='ltr'>ἐτύφλωσε</span> <span class='ocrx_word' id='word_1_166' title='bbox 3566 1283 3673 1353; x_wconf 74' lang='grc' dir='ltr'><strong>τὴν</strong></span> 
     </span>
    </p>
   </div>
   <div class='ocr_carea' id='block_1_21' title="bbox 397 1373 1909 1446">
    <p class='ocr_par' dir='ltr' id='par_1_21' title="bbox 397 1375 1882 1443">
     <span class='ocr_line' id='line_1_21' title="bbox 397 1375 1882 1443; baseline -0.001 -11"><span class='ocrx_word' id='word_1_167' title='bbox 397 1392 495 1432; x_wconf 89' lang='lat' dir='ltr'><strong>cor</strong></span> <span class='ocrx_word' id='word_1_168' title='bbox 542 1392 745 1431; x_wconf 90' lang='lat' dir='ltr'><strong>meum.</strong></span> <span class='ocrx_word' id='word_1_169' title='bbox 793 1375 860 1430; x_wconf 86' lang='lat' dir='ltr'><strong>Et</strong></span> <span class='ocrx_word' id='word_1_170' title='bbox 907 1376 1097 1431; x_wconf 85' lang='lat' dir='ltr'><strong>videns</strong></span> <span class='ocrx_word' id='word_1_171' title='bbox 1145 1392 1264 1431; x_wconf 91' lang='lat' dir='ltr'><strong>eam</strong></span> <span class='ocrx_word' id='word_1_172' title='bbox 1306 1377 1496 1430; x_wconf 86' lang='lat' dir='ltr'><strong>vinum</strong></span> <span class='ocrx_word' id='word_1_173' title='bbox 1545 1375 1882 1443; x_wconf 77' lang='lat' dir='ltr'><strong>fundentem,</strong></span> 
     </span>
    </p>
   </div>
   <div class='ocr_carea' id='block_1_22' title="bbox 2160 1373 3672 1446">
    <p class='ocr_par' dir='ltr' id='par_1_22' title="bbox 2160 1373 3672 1446">
     <span class='ocr_line' id='line_1_22' title="bbox 2160 1373 3672 1446; baseline -0.001 -19"><span class='ocrx_word' id='word_1_174' title='bbox 2160 1374 2299 1446; x_wconf 85' lang='grc' dir='ltr'>ρδίαν</span> <span class='ocrx_word' id='word_1_175' title='bbox 2328 1393 2451 1446; x_wconf 90' lang='grc' dir='ltr'>μου.</span> <span class='ocrx_word' id='word_1_176' title='bbox 2487 1376 2596 1429; x_wconf 94' lang='lat' dir='ltr'><strong>Kal</strong></span> <span class='ocrx_word' id='word_1_177' title='bbox 2624 1373 2746 1428; x_wconf 79' lang='grc' dir='ltr'><strong>ἰδὼν</strong></span> <span class='ocrx_word' id='word_1_178' title='bbox 2789 1375 2959 1446; x_wconf 79' lang='grc' dir='ltr'>αὑτήν</span> <span class='ocrx_word' id='word_1_179' title='bbox 3001 1374 3361 1444; x_wconf 71' lang='grc' dir='ltr'>οἰνοχοοῦσαν,</span> <span class='ocrx_word' id='word_1_180' title='bbox 3402 1376 3461 1427; x_wconf 81' lang='grc' dir='ltr'>ὲν</span> <span class='ocrx_word' id='word_1_181' title='bbox 3519 1374 3672 1444; x_wconf 82' lang='grc' dir='ltr'>μέθῃ</span> 
     </span>
    </p>
   </div>
   <div class='ocr_carea' id='block_1_23' title="bbox 397 1463 1909 1540">
    <p class='ocr_par' dir='ltr' id='par_1_23' title="bbox 397 1467 1909 1540">
     <span class='ocr_line' id='line_1_23' title="bbox 397 1467 1909 1540; baseline -0.003 -15"><span class='ocrx_word' id='word_1_182' title='bbox 397 1470 658 1526; x_wconf 85' lang='lat' dir='ltr'><strong>ebrietate</strong></span> <span class='ocrx_word' id='word_1_183' title='bbox 708 1470 819 1524; x_wconf 90' lang='lat' dir='ltr'><strong>vini</strong></span> <span class='ocrx_word' id='word_1_184' title='bbox 861 1470 1120 1540; x_wconf 90' lang='lat' dir='ltr'><strong>deceptus</strong></span> <span class='ocrx_word' id='word_1_185' title='bbox 1165 1484 1309 1534; x_wconf 90' lang='lat' dir='ltr'><strong>sum,</strong></span> <span class='ocrx_word' id='word_1_186' title='bbox 1349 1478 1404 1522; x_wconf 90' lang='lat' dir='ltr'><strong>et</strong></span> <span class='ocrx_word' id='word_1_187' title='bbox 1445 1468 1660 1522; x_wconf 88' lang='lat' dir='ltr'><strong>concidi</strong></span> <span class='ocrx_word' id='word_1_188' title='bbox 1709 1467 1778 1522; x_wconf 88' lang='lat' dir='ltr'><strong>ad</strong></span> <span class='ocrx_word' id='word_1_189' title='bbox 1827 1482 1909 1521; x_wconf 73' lang='lat' dir='ltr'><strong>ea:</strong></span> 
     </span>
    </p>
   </div>
   <div class='ocr_carea' id='block_1_24' title="bbox 2157 1463 3669 1540">
    <p class='ocr_par' dir='ltr' id='par_1_24' title="bbox 2157 1463 3669 1539">
     <span class='ocr_line' id='line_1_24' title="bbox 2157 1463 3669 1539; baseline -0.002 -19"><span class='ocrx_word' id='word_1_190' title='bbox 2157 1485 2218 1521; x_wconf 88' lang='grc' dir='ltr'><strong>ου</strong></span> <span class='ocrx_word' id='word_1_191' title='bbox 2268 1465 2575 1539; x_wconf 81' lang='grc' dir='ltr'>ήπατήθην,</span> <span class='ocrx_word' id='word_1_192' title='bbox 2610 1466 2705 1519; x_wconf 82' lang='grc' dir='ltr'><strong>καὶ</strong></span> <span class='ocrx_word' id='word_1_193' title='bbox 2748 1465 3018 1522; x_wconf 87' lang='grc' dir='ltr'>συνέπεσα</span> <span class='ocrx_word' id='word_1_194' title='bbox 3063 1465 3199 1536; x_wconf 81' lang='grc' dir='ltr'>πρὸς</span> <span class='ocrx_word' id='word_1_195' title='bbox 3243 1465 3430 1535; x_wconf 83' lang='grc' dir='ltr'>αὐτήν.</span> <span class='ocrx_word' id='word_1_196' title='bbox 3480 1463 3669 1534; x_wconf 48' lang='lat' dir='ltr'><strong>AM,</strong></span> 
     </span>
    </p>
   </div>
   <div class='ocr_carea' id='block_1_25' title="bbox 397 1553 1909 1633">
    <p class='ocr_par' dir='ltr' id='par_1_25' title="bbox 397 1560 1909 1633">
     <span class='ocr_line' id='line_1_25' title="bbox 397 1560 1909 1633; baseline -0.002 -17"><span class='ocrx_word' id='word_1_197' title='bbox 397 1561 540 1633; x_wconf 92' lang='lat' dir='ltr'><strong>Ipsa,</strong></span> <span class='ocrx_word' id='word_1_198' title='bbox 565 1578 651 1617; x_wconf 93' lang='lat' dir='ltr'><strong>me</strong></span> <span class='ocrx_word' id='word_1_199' title='bbox 680 1562 924 1625; x_wconf 89' lang='lat' dir='ltr'><strong>absente,</strong></span> <span class='ocrx_word' id='word_1_200' title='bbox 957 1562 1110 1627; x_wconf 83' lang='lat' dir='ltr'><strong>abiit,</strong></span> <span class='ocrx_word' id='word_1_201' title='bbox 1133 1570 1189 1616; x_wconf 89' lang='lat' dir='ltr'><strong>et</strong></span> <span class='ocrx_word' id='word_1_202' title='bbox 1211 1561 1420 1630; x_wconf 91' lang='lat' dir='ltr'><strong>accepit</strong></span> <span class='ocrx_word' id='word_1_203' title='bbox 1449 1560 1621 1614; x_wconf 85' lang='lat' dir='ltr'><strong>Silom</strong></span> <span class='ocrx_word' id='word_1_204' title='bbox 1653 1575 1880 1615; x_wconf 85' lang='lat' dir='ltr'><strong>uxorem</strong></span> <span class='ocrx_word' id='word_1_205' title='bbox 1907 1589 1909 1603; x_wconf 81' lang='grc' dir='ltr'>ι</span> 
     </span>
    </p>
   </div>
   <div class='ocr_carea' id='block_1_26' title="bbox 2158 1553 3670 1633">
    <p class='ocr_par' dir='ltr' id='par_1_26' title="bbox 2158 1553 3670 1631">
     <span class='ocr_line' id='line_1_26' title="bbox 2158 1553 3670 1631; baseline -0.004 -17"><span class='ocrx_word' id='word_1_206' title='bbox 2158 1561 2305 1624; x_wconf 75' lang='grc' dir='ltr'>ὄντος</span> <span class='ocrx_word' id='word_1_207' title='bbox 2335 1576 2457 1630; x_wconf 91' lang='grc' dir='ltr'>μου,</span> <span class='ocrx_word' id='word_1_208' title='bbox 2485 1558 2778 1631; x_wconf 71' lang='grc' dir='ltr'>ἐπορεύθη,</span> <span class='ocrx_word' id='word_1_209' title='bbox 2801 1557 2902 1616; x_wconf 65' lang='grc' dir='ltr'>καὶ</span> <span class='ocrx_word' id='word_1_210' title='bbox 2915 1555 3073 1609; x_wconf 73' lang='grc' dir='ltr'>ἔλαϐε</span> <span class='ocrx_word' id='word_1_211' title='bbox 3099 1556 3178 1626; x_wconf 80' lang='grc' dir='ltr'>τῷ</span> <span class='ocrx_word' id='word_1_212' title='bbox 3202 1553 3385 1627; x_wconf 78' lang='grc' dir='ltr'>Σιλὼμ</span> <span class='ocrx_word' id='word_1_213' title='bbox 3416 1558 3670 1624; x_wconf 84' lang='grc' dir='ltr'>γυναῖκα</span> 
     </span>
    </p>
   </div>
   <div class='ocr_carea' id='block_1_27' title="bbox 397 1647 1909 1722">
    <p class='ocr_par' dir='ltr' id='par_1_27' title="bbox 397 1649 1909 1722">
     <span class='ocr_line' id='line_1_27' title="bbox 397 1649 1909 1722; baseline -0.002 -15"><span class='ocrx_word' id='word_1_214' title='bbox 397 1663 545 1708; x_wconf 84' lang='lat' dir='ltr'><strong>terra</strong></span> <span class='ocrx_word' id='word_1_215' title='bbox 586 1651 867 1707; x_wconf 85' lang='lat' dir='ltr'><strong>Chanaan.</strong></span> <span class='ocrx_word' id='word_1_216' title='bbox 915 1651 984 1706; x_wconf 86' lang='lat' dir='ltr'><strong>At</strong></span> <span class='ocrx_word' id='word_1_217' title='bbox 1009 1668 1135 1707; x_wconf 89' lang='lat' dir='ltr'><strong>cum</strong></span> <span class='ocrx_word' id='word_1_218' title='bbox 1165 1651 1545 1722; x_wconf 88' lang='lat' dir='ltr'><strong>c0gnovissem</strong></span> <span class='ocrx_word' id='word_1_219' title='bbox 1588 1651 1718 1720; x_wconf 91' lang='lat' dir='ltr'><strong>quid</strong></span> <span class='ocrx_word' id='word_1_220' title='bbox 1750 1649 1909 1705; x_wconf 83' lang='lat' dir='ltr'><strong>fecer:</strong></span> 
     </span>
    </p>
   </div>
   <div class='ocr_carea' id='block_1_28' title="bbox 2161 1647 3673 1722">
    <p class='ocr_par' dir='ltr' id='par_1_28' title="bbox 2177 1647 3673 1722">
     <span class='ocr_line' id='line_1_28' title="bbox 2177 1647 3673 1722; baseline -0.007 -16"><span class='ocrx_word' id='word_1_221' title='bbox 2177 1652 2283 1722; x_wconf 85' lang='grc' dir='ltr'>γῆς</span> <span class='ocrx_word' id='word_1_222' title='bbox 2326 1651 2563 1708; x_wconf 76' lang='grc' dir='ltr'>Χαναὰν.</span> <span class='ocrx_word' id='word_1_223' title='bbox 2613 1651 2780 1712; x_wconf 82' lang='grc' dir='ltr'>Γνοὺς</span> <span class='ocrx_word' id='word_1_224' title='bbox 2817 1649 2875 1702; x_wconf 83' lang='grc' dir='ltr'><strong>δὲ</strong></span> <span class='ocrx_word' id='word_1_225' title='bbox 2917 1648 2947 1701; x_wconf 76' lang='grc' dir='ltr'><strong>ὃ</strong></span> <span class='ocrx_word' id='word_1_226' title='bbox 2980 1648 3221 1719; x_wconf 78' lang='grc' dir='ltr'>ἐποίησε,</span> <span class='ocrx_word' id='word_1_227' title='bbox 3250 1647 3673 1717; x_wconf 67' lang='grc' dir='ltr'><strong>κατηρασάμην</strong></span> 
     </span>
    </p>
   </div>
   <div class='ocr_carea' id='block_1_29' title="bbox 399 1740 1911 1852">
    <p class='ocr_par' dir='ltr' id='par_1_29' title="bbox 399 1744 1911 1813">
     <span class='ocr_line' id='line_1_29' title="bbox 399 1744 1911 1813; baseline -0.003 -14"><span class='ocrx_word' id='word_1_228' title='bbox 399 1745 654 1800; x_wconf 79' lang='lat' dir='ltr'><strong>maledixi</strong></span> <span class='ocrx_word' id='word_1_229' title='bbox 684 1745 734 1800; x_wconf 90' lang='lat' dir='ltr'><strong>ei</strong></span> <span class='ocrx_word' id='word_1_230' title='bbox 776 1746 829 1798; x_wconf 91' lang='lat' dir='ltr'><strong>in</strong></span> <span class='ocrx_word' id='word_1_231' title='bbox 859 1744 1048 1799; x_wconf 90' lang='lat' dir='ltr'><strong>dolore</strong></span> <span class='ocrx_word' id='word_1_232' title='bbox 1079 1745 1274 1798; x_wconf 79' lang='lat' dir='ltr'><strong>animae</strong></span> <span class='ocrx_word' id='word_1_233' title='bbox 1314 1759 1449 1798; x_wconf 73' lang='lat' dir='ltr'><strong>meae</strong></span> <span class='ocrx_word' id='word_1_234' title='bbox 1477 1761 1488 1796; x_wconf 96' lang='lat'>:</span> <span class='ocrx_word' id='word_1_235' title='bbox 1515 1752 1569 1798; x_wconf 94' lang='lat' dir='ltr'><strong>et</strong></span> <span class='ocrx_word' id='word_1_236' title='bbox 1601 1744 1717 1813; x_wconf 90' lang='lat' dir='ltr'><strong>ipsa</strong></span> <span class='ocrx_word' id='word_1_237' title='bbox 1756 1753 1911 1798; x_wconf 75' lang='lat' dir='ltr'><strong>morti</strong></span> 
     </span>
    </p>
   </div>
   <div class='ocr_carea' id='block_1_30' title="bbox 2155 1740 3667 1852">
    <p class='ocr_par' dir='ltr' id='par_1_30' title="bbox 2155 1740 3667 1817">
     <span class='ocr_line' id='line_1_30' title="bbox 2155 1740 3667 1817; baseline -0.005 -17"><span class='ocrx_word' id='word_1_238' title='bbox 2155 1748 2212 1817; x_wconf 78' lang='grc' dir='ltr'>τῇ</span> <span class='ocrx_word' id='word_1_239' title='bbox 2256 1747 2313 1798; x_wconf 85' lang='grc' dir='ltr'>ὲν</span> <span class='ocrx_word' id='word_1_240' title='bbox 2347 1743 2512 1817; x_wconf 83' lang='grc' dir='ltr'>ὀδύνῃ</span> <span class='ocrx_word' id='word_1_241' title='bbox 2553 1743 2732 1814; x_wconf 77' lang='grc' dir='ltr'>ψυχῆς</span> <span class='ocrx_word' id='word_1_242' title='bbox 2765 1758 2888 1814; x_wconf 87' lang='grc' dir='ltr'>μου·</span> <span class='ocrx_word' id='word_1_243' title='bbox 2933 1741 3092 1810; x_wconf 86' lang='grc' dir='ltr'>καίγε</span> <span class='ocrx_word' id='word_1_244' title='bbox 3127 1740 3265 1811; x_wconf 81' lang='grc' dir='ltr'>αὐτή</span> <span class='ocrx_word' id='word_1_245' title='bbox 3295 1740 3574 1795; x_wconf 80' lang='grc' dir='ltr'><strong>ἀπέθανεν</strong></span> <span class='ocrx_word' id='word_1_246' title='bbox 3601 1741 3667 1792; x_wconf 74' lang='grc' dir='ltr'>ἐν</span> 
     </span>
    </p>
   </div>
   <div class='ocr_carea' id='block_1_31' title="bbox 398 1833 1910 1908">
    <p class='ocr_par' dir='ltr' id='par_1_31' title="bbox 398 1839 1334 1895">
     <span class='ocr_line' id='line_1_31' title="bbox 398 1839 1334 1895; baseline -0.003 -1"><span class='ocrx_word' id='word_1_247' title='bbox 398 1849 483 1895; x_wconf 87' lang='lat' dir='ltr'><strong>est</strong></span> <span class='ocrx_word' id='word_1_248' title='bbox 507 1839 561 1892; x_wconf 92' lang='lat' dir='ltr'><strong>in</strong></span> <span class='ocrx_word' id='word_1_249' title='bbox 589 1839 795 1894; x_wconf 90' lang='lat' dir='ltr'><strong>malitia</strong></span> <span class='ocrx_word' id='word_1_250' title='bbox 823 1839 1056 1894; x_wconf 87' lang='lat' dir='ltr'><strong>filiorum</strong></span> <span class='ocrx_word' id='word_1_251' title='bbox 1089 1853 1334 1892; x_wconf 87' lang='lat' dir='ltr'><strong>suorum.</strong></span> 
     </span>
    </p>
   </div>
   <div class='ocr_carea' id='block_1_32' title="bbox 1167 1833 2679 1908">
    <p class='ocr_par' dir='ltr' id='par_1_32' title="bbox 1167 1833 2679 1908">
     <span class='ocr_line' id='line_1_32' title="bbox 1167 1833 2679 1908; baseline -0.005 -16"><span class='ocrx_word' id='word_1_252' title='bbox 1167 1853 1334 1892; x_wconf 69' lang='lat' dir='ltr'><strong>arum.</strong></span> <span class='ocrx_word' id='word_1_253' title='bbox 2005 1833 2048 1852; x_wconf 82' lang='lat'>”</span> <span class='ocrx_word' id='word_1_254' title='bbox 2074 1835 2308 1908; x_wconf 80' lang='grc' dir='ltr'>πονηρίᾳ</span> <span class='ocrx_word' id='word_1_255' title='bbox 2342 1834 2470 1887; x_wconf 87' lang='grc' dir='ltr'>υίῶν</span> <span class='ocrx_word' id='word_1_256' title='bbox 2495 1833 2679 1905; x_wconf 74' lang='grc' dir='ltr'>αὐτῆς.</span> 
     </span>
    </p>
   </div>
   <div class='ocr_carea' id='block_1_33' title="bbox 468 1921 1980 1999">
    <p class='ocr_par' dir='ltr' id='par_1_33' title="bbox 468 1927 1974 1999">
     <span class='ocr_line' id='line_1_33' title="bbox 468 1927 1974 1999; baseline -0.001 -15"><span class='ocrx_word' id='word_1_257' title='bbox 468 1929 583 1986; x_wconf 79' lang='lat' dir='ltr'><strong>XII.</strong></span> <span class='ocrx_word' id='word_1_258' title='bbox 618 1949 635 1982; x_wconf 82' lang='grc' dir='ltr'><strong>ι</strong></span> <span class='ocrx_word' id='word_1_259' title='bbox 661 1929 795 1986; x_wconf 85' lang='lat' dir='ltr'><strong>Post</strong></span> <span class='ocrx_word' id='word_1_260' title='bbox 830 1932 929 1986; x_wconf 89' lang='lat' dir='ltr'><strong>hos</strong></span> <span class='ocrx_word' id='word_1_261' title='bbox 960 1938 1141 1984; x_wconf 88' lang='lat' dir='ltr'><strong>autem</strong></span> <span class='ocrx_word' id='word_1_262' title='bbox 1182 1943 1465 1984; x_wconf 89' lang='lat' dir='ltr'><strong>sermones</strong></span> <span class='ocrx_word' id='word_1_263' title='bbox 1500 1927 1636 1999; x_wconf 87' lang='lat'><strong>(87),</strong></span> <span class='ocrx_word' id='word_1_264' title='bbox 1665 1929 1830 1984; x_wconf 87' lang='lat' dir='ltr'><strong>vidua</strong></span> <span class='ocrx_word' id='word_1_265' title='bbox 1859 1927 1974 1985; x_wconf 85' lang='lat' dir='ltr'><strong>exi-</strong></span> 
     </span>
    </p>
   </div>
   <div class='ocr_carea' id='block_1_34' title="bbox 2152 1921 3664 1999">
    <p class='ocr_par' dir='ltr' id='par_1_34' title="bbox 2152 1921 3664 1995">
     <span class='ocr_line' id='line_1_34' title="bbox 2152 1921 3664 1995; baseline 0.003 -15"><span class='ocrx_word' id='word_1_266' title='bbox 2152 1927 2239 1980; x_wconf 86' lang='lat' dir='ltr'><strong>lB&#39;.</strong></span> <span class='ocrx_word' id='word_1_267' title='bbox 2283 1945 2301 1978; x_wconf 73' lang='grc' dir='ltr'><strong>ι</strong></span> <span class='ocrx_word' id='word_1_268' title='bbox 2332 1925 2489 1980; x_wconf 83' lang='grc' dir='ltr'><strong>Μετὰ</strong></span> <span class='ocrx_word' id='word_1_269' title='bbox 2530 1926 2588 1980; x_wconf 79' lang='grc' dir='ltr'><strong>δὲ</strong></span> <span class='ocrx_word' id='word_1_270' title='bbox 2625 1926 2753 1990; x_wconf 83' lang='grc' dir='ltr'>τοὺς</span> <span class='ocrx_word' id='word_1_271' title='bbox 2790 1923 2985 1995; x_wconf 79' lang='grc' dir='ltr'>λόγους</span> <span class='ocrx_word' id='word_1_272' title='bbox 3029 1923 3272 1989; x_wconf 79' lang='grc' dir='ltr'><strong>τούτους,</strong></span> <span class='ocrx_word' id='word_1_273' title='bbox 3311 1921 3664 1994; x_wconf 72' lang='grc' dir='ltr'>χηρευούσης</span> 
     </span>
    </p>
   </div>
   <div class='ocr_carea' id='block_1_35' title="bbox 399 2015 1911 2095">
    <p class='ocr_par' dir='ltr' id='par_1_35' title="bbox 399 2021 1911 2091">
     <span class='ocr_line' id='line_1_35' title="bbox 399 2021 1911 2091; baseline -0.004 -13"><span class='ocrx_word' id='word_1_274' title='bbox 399 2030 574 2078; x_wconf 89' lang='lat' dir='ltr'><strong>stente</strong></span> <span class='ocrx_word' id='word_1_275' title='bbox 622 2021 881 2086; x_wconf 88' lang='lat' dir='ltr'><strong>Thamar,</strong></span> <span class='ocrx_word' id='word_1_276' title='bbox 936 2031 1060 2091; x_wconf 92' lang='lat' dir='ltr'><strong>post</strong></span> <span class='ocrx_word' id='word_1_277' title='bbox 1108 2023 1248 2077; x_wconf 88' lang='lat' dir='ltr'><strong>duos</strong></span> <span class='ocrx_word' id='word_1_278' title='bbox 1302 2036 1476 2076; x_wconf 88' lang='lat' dir='ltr'><strong>annos</strong></span> <span class='ocrx_word' id='word_1_279' title='bbox 1531 2022 1782 2088; x_wconf 88' lang='lat' dir='ltr'><strong>audiens,</strong></span> <span class='ocrx_word' id='word_1_280' title='bbox 1825 2037 1911 2090; x_wconf 60' lang='lat' dir='ltr'><strong>qui</strong></span> 
     </span>
    </p>
   </div>
   <div class='ocr_carea' id='block_1_36' title="bbox 2150 2015 3662 2095">
    <p class='ocr_par' dir='ltr' id='par_1_36' title="bbox 2150 2015 3662 2091">
     <span class='ocr_line' id='line_1_36' title="bbox 2150 2015 3662 2091; baseline -0.005 -17"><span class='ocrx_word' id='word_1_281' title='bbox 2150 2019 2416 2091; x_wconf 80' lang='grc' dir='ltr'>ςΘάμαρ,</span> <span class='ocrx_word' id='word_1_282' title='bbox 2459 2017 2597 2090; x_wconf 88' lang='grc' dir='ltr'><strong>μετά</strong></span> <span class='ocrx_word' id='word_1_283' title='bbox 2637 2017 2730 2072; x_wconf 90' lang='grc' dir='ltr'>δύο</span> <span class='ocrx_word' id='word_1_284' title='bbox 2765 2017 2858 2089; x_wconf 72' lang='grc' dir='ltr'>ἐτη</span> <span class='ocrx_word' id='word_1_285' title='bbox 2900 2017 3198 2080; x_wconf 83' lang='grc' dir='ltr'>ἀκούσασα,</span> <span class='ocrx_word' id='word_1_286' title='bbox 3239 2017 3320 2069; x_wconf 80' lang='grc' dir='ltr'>ὅτι</span> <span class='ocrx_word' id='word_1_287' title='bbox 3351 2015 3662 2086; x_wconf 73' lang='grc' dir='ltr'>ἀνέρχομαι</span> 
     </span>
    </p>
   </div>
   <div class='ocr_carea' id='block_1_37' title="bbox 398 2104 1910 2184">
    <p class='ocr_par' dir='ltr' id='par_1_37' title="bbox 398 2112 1910 2182">
     <span class='ocr_line' id='line_1_37' title="bbox 398 2112 1910 2182; baseline -0.002 -14"><span class='ocrx_word' id='word_1_288' title='bbox 398 2113 637 2170; x_wconf 85' lang='lat' dir='ltr'><strong>ascendo</strong></span> <span class='ocrx_word' id='word_1_289' title='bbox 664 2114 886 2167; x_wconf 85' lang='lat' dir='ltr'><strong>tondere</strong></span> <span class='ocrx_word' id='word_1_290' title='bbox 911 2128 1060 2179; x_wconf 89' lang='lat' dir='ltr'><strong>oves,</strong></span> <span class='ocrx_word' id='word_1_291' title='bbox 1087 2120 1283 2167; x_wconf 89' lang='lat' dir='ltr'><strong>ornata</strong></span> <span class='ocrx_word' id='word_1_292' title='bbox 1307 2112 1653 2182; x_wconf 85' lang='lat' dir='ltr'><strong>sponsalibus</strong></span> <span class='ocrx_word' id='word_1_293' title='bbox 1679 2125 1910 2167; x_wconf 87' lang='lat' dir='ltr'><strong>orname</strong></span> 
     </span>
    </p>
   </div>
   <div class='ocr_carea' id='block_1_38' title="bbox 2144 2104 3656 2184">
    <p class='ocr_par' dir='ltr' id='par_1_38' title="bbox 2144 2104 3656 2184">
     <span class='ocr_line' id='line_1_38' title="bbox 2144 2104 3656 2184; baseline -0.007 -18"><span class='ocrx_word' id='word_1_294' title='bbox 2144 2116 2252 2184; x_wconf 82' lang='grc' dir='ltr'>ἰραι</span> <span class='ocrx_word' id='word_1_295' title='bbox 2297 2111 2368 2166; x_wconf 86' lang='grc' dir='ltr'><strong>τά</strong></span> <span class='ocrx_word' id='word_1_296' title='bbox 2415 2109 2693 2182; x_wconf 85' lang='grc' dir='ltr'>πρόϐατα,</span> <span class='ocrx_word' id='word_1_297' title='bbox 2746 2109 3082 2180; x_wconf 81' lang='grc' dir='ltr'>κοσμηθεῖσα</span> <span class='ocrx_word' id='word_1_298' title='bbox 3132 2107 3323 2178; x_wconf 86' lang='grc' dir='ltr'>κόσμῳ</span> <span class='ocrx_word' id='word_1_299' title='bbox 3361 2104 3656 2176; x_wconf 77' lang='grc' dir='ltr'>νυμφικῷ,</span> 
     </span>
    </p>
   </div>
   <div class='ocr_carea' id='block_1_39' title="bbox 400 2196 1912 2275">
    <p class='ocr_par' dir='ltr' id='par_1_39' title="bbox 400 2202 1912 2274">
     <span class='ocr_line' id='line_1_39' title="bbox 400 2202 1912 2274; baseline 0 -16"><span class='ocrx_word' id='word_1_300' title='bbox 400 2206 490 2269; x_wconf 88' lang='lat' dir='ltr'><strong>tis,</strong></span> <span class='ocrx_word' id='word_1_301' title='bbox 519 2205 658 2261; x_wconf 86' lang='lat' dir='ltr'><strong>sedit</strong></span> <span class='ocrx_word' id='word_1_302' title='bbox 677 2215 802 2260; x_wconf 88' lang='lat' dir='ltr'><strong>ante</strong></span> <span class='ocrx_word' id='word_1_303' title='bbox 823 2205 1094 2260; x_wconf 89' lang='lat' dir='ltr'><strong>civitatem</strong></span> <span class='ocrx_word' id='word_1_304' title='bbox 1124 2205 1192 2260; x_wconf 93' lang='lat' dir='ltr'><strong>ad</strong></span> <span class='ocrx_word' id='word_1_305' title='bbox 1216 2215 1450 2274; x_wconf 84' lang='lat' dir='ltr'><strong>portam.</strong></span> <span class='ocrx_word' id='word_1_306' title='bbox 1475 2202 1586 2260; x_wconf 81' lang='lat' dir='ltr'><strong>Lex</strong></span> <span class='ocrx_word' id='word_1_307' title='bbox 1608 2203 1754 2259; x_wconf 89' lang='lat' dir='ltr'><strong>enim</strong></span> <span class='ocrx_word' id='word_1_308' title='bbox 1776 2203 1912 2258; x_wconf 82' lang='lat' dir='ltr'><strong>Amo</strong></span> 
     </span>
    </p>
   </div>
   <div class='ocr_carea' id='block_1_40' title="bbox 2145 2196 3657 2275">
    <p class='ocr_par' dir='ltr' id='par_1_40' title="bbox 2145 2196 3657 2275">
     <span class='ocr_line' id='line_1_40' title="bbox 2145 2196 3657 2275; baseline -0.008 -16"><span class='ocrx_word' id='word_1_309' title='bbox 2145 2205 2325 2260; x_wconf 71' lang='grc' dir='ltr'>ἀθισεν</span> <span class='ocrx_word' id='word_1_310' title='bbox 2359 2205 2620 2258; x_wconf 79' lang='grc' dir='ltr'>ἀπέναντι</span> <span class='ocrx_word' id='word_1_311' title='bbox 2645 2205 2712 2275; x_wconf 80' lang='grc' dir='ltr'>τῇ</span> <span class='ocrx_word' id='word_1_312' title='bbox 2738 2203 2891 2256; x_wconf 86' lang='grc' dir='ltr'>πόλει</span> <span class='ocrx_word' id='word_1_313' title='bbox 2927 2201 3064 2272; x_wconf 85' lang='grc' dir='ltr'>πρὸς</span> <span class='ocrx_word' id='word_1_314' title='bbox 3102 2200 3201 2270; x_wconf 80' lang='grc' dir='ltr'>τὴν</span> <span class='ocrx_word' id='word_1_315' title='bbox 3239 2198 3432 2268; x_wconf 80' lang='grc' dir='ltr'>πύλην.</span> <span class='ocrx_word' id='word_1_316' title='bbox 3465 2196 3657 2268; x_wconf 83' lang='grc' dir='ltr'><strong>Νόμος</strong></span> 
     </span>
    </p>
   </div>
   <div class='ocr_carea' id='block_1_41' title="bbox 397 2295 1909 2372">
    <p class='ocr_par' dir='ltr' id='par_1_41' title="bbox 397 2295 1909 2367">
     <span class='ocr_line' id='line_1_41' title="bbox 397 2295 1909 2367; baseline -0.001 -15"><span class='ocrx_word' id='word_1_317' title='bbox 397 2298 669 2352; x_wconf 69' lang='lat' dir='ltr'><strong>rhasorum</strong></span> <span class='ocrx_word' id='word_1_318' title='bbox 697 2306 802 2365; x_wconf 87' lang='lat' dir='ltr'><strong>est,</strong></span> <span class='ocrx_word' id='word_1_319' title='bbox 833 2306 1056 2367; x_wconf 87' lang='lat' dir='ltr'><strong>nuptam</strong></span> <span class='ocrx_word' id='word_1_320' title='bbox 1090 2298 1381 2367; x_wconf 80' lang='lat' dir='ltr'><strong>praesidere</strong></span> <span class='ocrx_word' id='word_1_321' title='bbox 1407 2297 1461 2352; x_wconf 91' lang='lat' dir='ltr'><strong>in</strong></span> <span class='ocrx_word' id='word_1_322' title='bbox 1489 2295 1852 2352; x_wconf 78' lang='lat' dir='ltr'><strong>fornicatione</strong></span> <span class='ocrx_word' id='word_1_323' title='bbox 1878 2311 1909 2366; x_wconf 91' lang='lat' dir='ltr'><strong>p</strong></span> 
     </span>
    </p>
   </div>
   <div class='ocr_carea' id='block_1_42' title="bbox 2141 2295 3653 2372">
    <p class='ocr_par' dir='ltr' id='par_1_42' title="bbox 2141 2295 3653 2372">
     <span class='ocr_line' id='line_1_42' title="bbox 2141 2295 3653 2372; baseline -0.004 -20"><span class='ocrx_word' id='word_1_324' title='bbox 2141 2317 2180 2371; x_wconf 80' lang='lat' dir='ltr'><strong>:p</strong></span> <span class='ocrx_word' id='word_1_325' title='bbox 2219 2299 2581 2372; x_wconf 77' lang='grc' dir='ltr'>Ἀμορραίων,</span> <span class='ocrx_word' id='word_1_326' title='bbox 2607 2299 2706 2370; x_wconf 79' lang='grc' dir='ltr'><strong>τήν</strong></span> <span class='ocrx_word' id='word_1_327' title='bbox 2743 2297 3024 2370; x_wconf 85' lang='grc' dir='ltr'>γαμοῦσαν</span> <span class='ocrx_word' id='word_1_328' title='bbox 3067 2295 3392 2368; x_wconf 75' lang='grc' dir='ltr'>προκαθίσαι</span> <span class='ocrx_word' id='word_1_329' title='bbox 3419 2296 3475 2347; x_wconf 80' lang='grc' dir='ltr'>ὲν</span> <span class='ocrx_word' id='word_1_330' title='bbox 3514 2310 3653 2366; x_wconf 80' lang='grc' dir='ltr'>πορ-</span> 
     </span>
    </p>
   </div>
   <div class='ocr_carea' id='block_1_43' title="bbox 399 2382 1911 2464">
    <p class='ocr_par' dir='ltr' id='par_1_43' title="bbox 399 2386 1878 2461">
     <span class='ocr_line' id='line_1_43' title="bbox 399 2386 1878 2461; baseline -0.003 -15"><span class='ocrx_word' id='word_1_331' title='bbox 399 2401 606 2461; x_wconf 75' lang='lat' dir='ltr'><strong>septem</strong></span> <span class='ocrx_word' id='word_1_332' title='bbox 643 2390 760 2446; x_wconf 88' lang='lat' dir='ltr'><strong>dies</strong></span> <span class='ocrx_word' id='word_1_333' title='bbox 799 2390 954 2461; x_wconf 85' lang='lat' dir='ltr'><strong>juxta</strong></span> <span class='ocrx_word' id='word_1_334' title='bbox 985 2399 1220 2460; x_wconf 86' lang='lat' dir='ltr'><strong>portam.</strong></span> <span class='ocrx_word' id='word_1_335' title='bbox 1254 2386 1559 2444; x_wconf 89' lang='lat' dir='ltr'><strong>Inebriatus</strong></span> <span class='ocrx_word' id='word_1_336' title='bbox 1590 2389 1756 2458; x_wconf 84' lang='lat' dir='ltr'><strong>igitur</strong></span> <span class='ocrx_word' id='word_1_337' title='bbox 1777 2403 1878 2458; x_wconf 87' lang='lat' dir='ltr'><strong>ego</strong></span> 
     </span>
    </p>
   </div>
   <div class='ocr_carea' id='block_1_44' title="bbox 2145 2382 3657 2464">
    <p class='ocr_par' dir='ltr' id='par_1_44' title="bbox 2145 2382 3657 2464">
     <span class='ocr_line' id='line_1_44' title="bbox 2145 2382 3657 2464; baseline -0.002 -21"><span class='ocrx_word' id='word_1_338' title='bbox 2145 2391 2192 2464; x_wconf 67' lang='grc' dir='ltr'>ἴα</span> <span class='ocrx_word' id='word_1_339' title='bbox 2227 2392 2367 2445; x_wconf 58' lang='lat' dir='ltr'><strong>me</strong></span> <span class='ocrx_word' id='word_1_340' title='bbox 2407 2393 2619 2464; x_wconf 81' lang='grc' dir='ltr'>ἡμέρας</span> <span class='ocrx_word' id='word_1_341' title='bbox 2659 2390 2812 2462; x_wconf 88' lang='grc' dir='ltr'><strong>παρά</strong></span> <span class='ocrx_word' id='word_1_342' title='bbox 2840 2391 2938 2463; x_wconf 81' lang='grc' dir='ltr'><strong>τήν</strong></span> <span class='ocrx_word' id='word_1_343' title='bbox 2980 2389 3171 2460; x_wconf 85' lang='grc' dir='ltr'>πύλην.</span> <span class='ocrx_word' id='word_1_344' title='bbox 3217 2386 3525 2450; x_wconf 77' lang='grc' dir='ltr'>Μεθυσθεὶς</span> <span class='ocrx_word' id='word_1_345' title='bbox 3559 2382 3657 2440; x_wconf 66' lang='grc' dir='ltr'>ὧν</span> 
     </span>
    </p>
   </div>
   <div class='ocr_carea' id='block_1_45' title="bbox 399 2465 1911 2556">
    <p class='ocr_par' dir='ltr' id='par_1_45' title="bbox 399 2483 1911 2554">
     <span class='ocr_line' id='line_1_45' title="bbox 399 2483 1911 2554; baseline -0.003 -14"><span class='ocrx_word' id='word_1_346' title='bbox 399 2486 559 2554; x_wconf 85' lang='lat' dir='ltr'><strong>aquis</strong></span> <span class='ocrx_word' id='word_1_347' title='bbox 587 2483 826 2547; x_wconf 85' lang='lat' dir='ltr'><strong>Chozeb,</strong></span> <span class='ocrx_word' id='word_1_348' title='bbox 853 2498 960 2538; x_wconf 89' lang='lat' dir='ltr'><strong>non</strong></span> <span class='ocrx_word' id='word_1_349' title='bbox 993 2484 1186 2554; x_wconf 90' lang='lat' dir='ltr'><strong>agnovi</strong></span> <span class='ocrx_word' id='word_1_350' title='bbox 1214 2498 1335 2538; x_wconf 89' lang='lat' dir='ltr'><strong>eam</strong></span> <span class='ocrx_word' id='word_1_351' title='bbox 1364 2498 1475 2553; x_wconf 67' lang='lat' dir='ltr'><strong>prae</strong></span> <span class='ocrx_word' id='word_1_352' title='bbox 1499 2483 1658 2549; x_wconf 89' lang='lat' dir='ltr'><strong>vino;</strong></span> <span class='ocrx_word' id='word_1_353' title='bbox 1687 2491 1741 2536; x_wconf 91' lang='lat' dir='ltr'><strong>et</strong></span> <span class='ocrx_word' id='word_1_354' title='bbox 1760 2483 1911 2551; x_wconf 64' lang='lat' dir='ltr'><strong>decc}</strong></span> 
     </span>
    </p>
   </div>
   <div class='ocr_carea' id='block_1_46' title="bbox 2140 2465 3652 2556">
    <p class='ocr_par' dir='ltr' id='par_1_46' title="bbox 2140 2465 3652 2556">
     <span class='ocr_line' id='line_1_46' title="bbox 2140 2465 3652 2556; baseline -0.004 -18"><span class='ocrx_word' id='word_1_355' title='bbox 2140 2485 2182 2538; x_wconf 85' lang='grc' dir='ltr'><strong>ὼ</strong></span> <span class='ocrx_word' id='word_1_356' title='bbox 2221 2487 2278 2540; x_wconf 83' lang='grc' dir='ltr'>ὲν</span> <span class='ocrx_word' id='word_1_357' title='bbox 2319 2485 2474 2539; x_wconf 76' lang='grc' dir='ltr'>ὕδασι</span> <span class='ocrx_word' id='word_1_358' title='bbox 2514 2465 2861 2556; x_wconf 53' lang='grc' dir='ltr'>Χωζήϐῖϐὐκ</span> <span class='ocrx_word' id='word_1_359' title='bbox 2906 2483 3150 2550; x_wconf 76' lang='grc' dir='ltr'>ἐπέγνων</span> <span class='ocrx_word' id='word_1_360' title='bbox 3190 2481 3358 2552; x_wconf 77' lang='grc' dir='ltr'>αὐτὴν</span> <span class='ocrx_word' id='word_1_361' title='bbox 3403 2480 3513 2533; x_wconf 76' lang='grc' dir='ltr'><strong>ἀπὸ</strong></span> <span class='ocrx_word' id='word_1_362' title='bbox 3555 2478 3652 2532; x_wconf 68' lang='grc' dir='ltr'>τοῦ</span> 
     </span>
    </p>
   </div>
   <div class='ocr_carea' id='block_1_47' title="bbox 399 2571 1911 2648">
    <p class='ocr_par' dir='ltr' id='par_1_47' title="bbox 399 2572 1907 2644">
     <span class='ocr_line' id='line_1_47' title="bbox 399 2572 1907 2644; baseline -0.003 -13"><span class='ocrx_word' id='word_1_363' title='bbox 399 2591 488 2631; x_wconf 87' lang='lat' dir='ltr'><strong>me</strong></span> <span class='ocrx_word' id='word_1_364' title='bbox 517 2575 865 2644; x_wconf 90' lang='lat' dir='ltr'><strong>pulchritudo</strong></span> <span class='ocrx_word' id='word_1_365' title='bbox 895 2575 1070 2644; x_wconf 88' lang='lat' dir='ltr'><strong>ipsius</strong></span> <span class='ocrx_word' id='word_1_366' title='bbox 1100 2589 1194 2644; x_wconf 90' lang='lat' dir='ltr'><strong>per</strong></span> <span class='ocrx_word' id='word_1_367' title='bbox 1230 2572 1462 2628; x_wconf 89' lang='lat' dir='ltr'><strong>formam</strong></span> <span class='ocrx_word' id='word_1_368' title='bbox 1500 2583 1749 2628; x_wconf 91' lang='lat' dir='ltr'><strong>ornatus.</strong></span> <span class='ocrx_word' id='word_1_369' title='bbox 1783 2572 1848 2628; x_wconf 88' lang='lat' dir='ltr'><strong>Et</strong></span> <span class='ocrx_word' id='word_1_370' title='bbox 1875 2573 1907 2627; x_wconf 95' lang='lat' dir='ltr'><strong>d</strong></span> 
     </span>
    </p>
   </div>
   <div class='ocr_carea' id='block_1_48' title="bbox 2143 2571 3655 2648">
    <p class='ocr_par' dir='ltr' id='par_1_48' title="bbox 2143 2571 3655 2648">
     <span class='ocr_line' id='line_1_48' title="bbox 2143 2571 3655 2648; baseline 0.003 -26"><span class='ocrx_word' id='word_1_371' title='bbox 2143 2595 2236 2633; x_wconf 66' lang='grc' dir='ltr'>,ου’</span> <span class='ocrx_word' id='word_1_372' title='bbox 2275 2578 2370 2634; x_wconf 74' lang='grc' dir='ltr'><strong>καὶ</strong></span> <span class='ocrx_word' id='word_1_373' title='bbox 2401 2577 2650 2648; x_wconf 71' lang='grc' dir='ltr'>ἠπάτησὲ</span> <span class='ocrx_word' id='word_1_374' title='bbox 2679 2593 2745 2648; x_wconf 85' lang='grc' dir='ltr'><strong>με</strong></span> <span class='ocrx_word' id='word_1_375' title='bbox 2774 2577 2834 2629; x_wconf 87' lang='grc' dir='ltr'><strong>τὸ</strong></span> <span class='ocrx_word' id='word_1_376' title='bbox 2867 2574 3062 2638; x_wconf 81' lang='grc' dir='ltr'>κάλλος</span> <span class='ocrx_word' id='word_1_377' title='bbox 3087 2574 3257 2644; x_wconf 79' lang='grc' dir='ltr'>αὐτῆς</span> <span class='ocrx_word' id='word_1_378' title='bbox 3278 2572 3368 2626; x_wconf 82' lang='grc' dir='ltr'><strong>διὰ</strong></span> <span class='ocrx_word' id='word_1_379' title='bbox 3392 2571 3486 2625; x_wconf 81' lang='grc' dir='ltr'>τοῦ</span> <span class='ocrx_word' id='word_1_380' title='bbox 3519 2573 3655 2644; x_wconf 81' lang='grc' dir='ltr'>σχή-</span> 
     </span>
    </p>
   </div>
   <div class='ocr_carea' id='block_1_49' title="bbox 397 2661 1909 2743">
    <p class='ocr_par' dir='ltr' id='par_1_49' title="bbox 397 2661 1909 2732">
     <span class='ocr_line' id='line_1_49' title="bbox 397 2661 1909 2732; baseline -0.002 -15"><span class='ocrx_word' id='word_1_381' title='bbox 397 2662 612 2717; x_wconf 87' lang='lat' dir='ltr'><strong>cliuans</strong></span> <span class='ocrx_word' id='word_1_382' title='bbox 635 2662 702 2716; x_wconf 88' lang='lat' dir='ltr'><strong>ad</strong></span> <span class='ocrx_word' id='word_1_383' title='bbox 726 2663 924 2731; x_wconf 85' lang='lat' dir='ltr'><strong>ipsam,</strong></span> <span class='ocrx_word' id='word_1_384' title='bbox 951 2662 1197 2717; x_wconf 89' lang='lat' dir='ltr'><strong>dicebam</strong></span> <span class='ocrx_word' id='word_1_385' title='bbox 1226 2680 1239 2716; x_wconf 91' lang='lat'><strong>:</strong></span> <span class='ocrx_word' id='word_1_386' title='bbox 1267 2661 1545 2732; x_wconf 75' lang='lat' dir='ltr'><strong>Ingrediar</strong></span> <span class='ocrx_word' id='word_1_387' title='bbox 1568 2663 1636 2716; x_wconf 90' lang='lat' dir='ltr'><strong>ad</strong></span> <span class='ocrx_word' id='word_1_388' title='bbox 1655 2671 1724 2716; x_wconf 92' lang='lat' dir='ltr'><strong>te.</strong></span> <span class='ocrx_word' id='word_1_389' title='bbox 1749 2661 1816 2717; x_wconf 90' lang='lat' dir='ltr'><strong>Et</strong></span> <span class='ocrx_word' id='word_1_390' title='bbox 1835 2663 1909 2716; x_wconf 77' lang='lat' dir='ltr'><strong>dii</strong></span> 
     </span>
    </p>
   </div>
   <div class='ocr_carea' id='block_1_50' title="bbox 2140 2661 3652 2743">
    <p class='ocr_par' dir='ltr' id='par_1_50' title="bbox 2140 2665 3652 2742">
     <span class='ocr_line' id='line_1_50' title="bbox 2140 2665 3652 2742; baseline -0.005 -18"><span class='ocrx_word' id='word_1_391' title='bbox 2140 2687 2246 2735; x_wconf 88' lang='grc' dir='ltr'>ιτος</span> <span class='ocrx_word' id='word_1_392' title='bbox 2291 2671 2392 2741; x_wconf 85' lang='grc' dir='ltr'>τῆς</span> <span class='ocrx_word' id='word_1_393' title='bbox 2436 2671 2776 2742; x_wconf 83' lang='grc' dir='ltr'>κοσμήσεως.</span> <span class='ocrx_word' id='word_1_394' title='bbox 2823 2671 2934 2724; x_wconf 90' lang='lat' dir='ltr'><strong>Kal</strong></span> <span class='ocrx_word' id='word_1_395' title='bbox 2984 2667 3236 2731; x_wconf 77' lang='grc' dir='ltr'>ἐκκλίνας</span> <span class='ocrx_word' id='word_1_396' title='bbox 3275 2665 3413 2738; x_wconf 76' lang='grc' dir='ltr'>πρὸς</span> <span class='ocrx_word' id='word_1_397' title='bbox 3448 2665 3652 2735; x_wconf 72' lang='grc' dir='ltr'>αὐτὴν,</span> 
     </span>
    </p>
   </div>
   <div class='ocr_carea' id='block_1_51' title="bbox 399 2753 1911 2832">
    <p class='ocr_par' dir='ltr' id='par_1_51' title="bbox 399 2753 1911 2825">
     <span class='ocr_line' id='line_1_51' title="bbox 399 2753 1911 2825; baseline -0.001 -16"><span class='ocrx_word' id='word_1_398' title='bbox 399 2755 534 2810; x_wconf 90' lang='lat' dir='ltr'><strong>mihi</strong></span> <span class='ocrx_word' id='word_1_399' title='bbox 561 2773 573 2808; x_wconf 91' lang='lat'><strong>:</strong></span> <span class='ocrx_word' id='word_1_400' title='bbox 601 2753 742 2821; x_wconf 82' lang='lat' dir='ltr'><strong>Quid</strong></span> <span class='ocrx_word' id='word_1_401' title='bbox 775 2754 908 2808; x_wconf 90' lang='lat' dir='ltr'><strong>mihi</strong></span> <span class='ocrx_word' id='word_1_402' title='bbox 941 2755 1132 2809; x_wconf 76' lang='lat' dir='ltr'><strong>dabis?</strong></span> <span class='ocrx_word' id='word_1_403' title='bbox 1170 2753 1238 2808; x_wconf 89' lang='lat' dir='ltr'><strong>Et</strong></span> <span class='ocrx_word' id='word_1_404' title='bbox 1279 2754 1402 2808; x_wconf 91' lang='lat' dir='ltr'><strong>dedi</strong></span> <span class='ocrx_word' id='word_1_405' title='bbox 1438 2755 1488 2809; x_wconf 88' lang='lat' dir='ltr'><strong>ei</strong></span> <span class='ocrx_word' id='word_1_406' title='bbox 1519 2755 1727 2825; x_wconf 81' lang='lat' dir='ltr'><strong>virgam</strong></span> <span class='ocrx_word' id='word_1_407' title='bbox 1771 2769 1911 2810; x_wconf 74' lang='lat' dir='ltr'><strong>mea!</strong></span> 
     </span>
    </p>
   </div>
   <div class='ocr_carea' id='block_1_52' title="bbox 2143 2753 3655 2832">
    <p class='ocr_par' dir='ltr' id='par_1_52' title="bbox 2143 2755 3655 2832">
     <span class='ocr_line' id='line_1_52' title="bbox 2143 2755 3655 2832; baseline -0.004 -17"><span class='ocrx_word' id='word_1_408' title='bbox 2143 2779 2254 2815; x_wconf 84' lang='grc' dir='ltr'>τον·</span> <span class='ocrx_word' id='word_1_409' title='bbox 2298 2781 2316 2814; x_wconf 79' lang='grc' dir='ltr'><strong>ι</strong></span> <span class='ocrx_word' id='word_1_410' title='bbox 2351 2761 2590 2815; x_wconf 80' lang='grc' dir='ltr'>Είσέλθω</span> <span class='ocrx_word' id='word_1_411' title='bbox 2632 2761 2766 2832; x_wconf 85' lang='grc' dir='ltr'>πρὸς</span> <span class='ocrx_word' id='word_1_412' title='bbox 2795 2761 2873 2816; x_wconf 79' lang='grc' dir='ltr'><strong>σέ.</strong></span> <span class='ocrx_word' id='word_1_413' title='bbox 2904 2781 2923 2812; x_wconf 74' lang='grc' dir='ltr'><strong>ι</strong></span> <span class='ocrx_word' id='word_1_414' title='bbox 2959 2760 3069 2814; x_wconf 85' lang='lat' dir='ltr'><strong>Kal</strong></span> <span class='ocrx_word' id='word_1_415' title='bbox 3093 2755 3212 2812; x_wconf 78' lang='grc' dir='ltr'>εἶπέ</span> <span class='ocrx_word' id='word_1_416' title='bbox 3251 2774 3360 2829; x_wconf 86' lang='grc' dir='ltr'>μοι·</span> <span class='ocrx_word' id='word_1_417' title='bbox 3401 2776 3420 2808; x_wconf 79' lang='grc' dir='ltr'><strong>ι</strong></span> <span class='ocrx_word' id='word_1_418' title='bbox 3449 2757 3516 2808; x_wconf 90' lang='grc' dir='ltr'>Τί</span> <span class='ocrx_word' id='word_1_419' title='bbox 3561 2773 3655 2826; x_wconf 85' lang='grc' dir='ltr'><strong>μοι</strong></span> 
     </span>
    </p>
   </div>
   <div class='ocr_carea' id='block_1_53' title="bbox 398 2846 1910 2926">
    <p class='ocr_par' dir='ltr' id='par_1_53' title="bbox 398 2846 1910 2918">
     <span class='ocr_line' id='line_1_53' title="bbox 398 2846 1910 2918; baseline -0.001 -15"><span class='ocrx_word' id='word_1_420' title='bbox 398 2856 454 2903; x_wconf 91' lang='lat' dir='ltr'><strong>et</strong></span> <span class='ocrx_word' id='word_1_421' title='bbox 481 2862 695 2912; x_wconf 88' lang='lat' dir='ltr'><strong>zonam,</strong></span> <span class='ocrx_word' id='word_1_422' title='bbox 729 2855 784 2900; x_wconf 90' lang='lat' dir='ltr'><strong>et</strong></span> <span class='ocrx_word' id='word_1_423' title='bbox 811 2847 1060 2901; x_wconf 90' lang='lat' dir='ltr'><strong>diadema</strong></span> <span class='ocrx_word' id='word_1_424' title='bbox 1093 2846 1245 2918; x_wconf 86' lang='lat' dir='ltr'><strong>regni</strong></span> <span class='ocrx_word' id='word_1_425' title='bbox 1280 2865 1292 2901; x_wconf 92' lang='lat'>:</span> <span class='ocrx_word' id='word_1_426' title='bbox 1321 2855 1374 2901; x_wconf 89' lang='lat' dir='ltr'><strong>et</strong></span> <span class='ocrx_word' id='word_1_427' title='bbox 1421 2863 1547 2902; x_wconf 87' lang='lat' dir='ltr'><strong>cum</strong></span> <span class='ocrx_word' id='word_1_428' title='bbox 1592 2847 1798 2902; x_wconf 92' lang='lat' dir='ltr'><strong>coirem</strong></span> <span class='ocrx_word' id='word_1_429' title='bbox 1846 2864 1910 2902; x_wconf 93' lang='lat' dir='ltr'><strong>cu</strong></span> 
     </span>
    </p>
   </div>
   <div class='ocr_carea' id='block_1_54' title="bbox 2143 2846 3655 2926">
    <p class='ocr_par' dir='ltr' id='par_1_54' title="bbox 2143 2849 3655 2926">
     <span class='ocr_line' id='line_1_54' title="bbox 2143 2849 3655 2926; baseline -0.006 -17"><span class='ocrx_word' id='word_1_430' title='bbox 2143 2870 2294 2922; x_wconf 74' lang='grc' dir='ltr'>ισειςς</span> <span class='ocrx_word' id='word_1_431' title='bbox 2323 2874 2346 2907; x_wconf 83' lang='grc'><strong>›</strong></span> <span class='ocrx_word' id='word_1_432' title='bbox 2380 2854 2491 2911; x_wconf 88' lang='lat' dir='ltr'><strong>Kal</strong></span> <span class='ocrx_word' id='word_1_433' title='bbox 2522 2855 2697 2908; x_wconf 76' lang='grc' dir='ltr'>ἔδωκα</span> <span class='ocrx_word' id='word_1_434' title='bbox 2730 2856 2868 2926; x_wconf 81' lang='grc' dir='ltr'>αὐτῇ</span> <span class='ocrx_word' id='word_1_435' title='bbox 2902 2855 3000 2926; x_wconf 83' lang='grc' dir='ltr'>τὴν</span> <span class='ocrx_word' id='word_1_436' title='bbox 3043 2851 3235 2925; x_wconf 78' lang='grc' dir='ltr'>ῥάϐδον</span> <span class='ocrx_word' id='word_1_437' title='bbox 3267 2869 3388 2923; x_wconf 86' lang='grc' dir='ltr'>μου,</span> <span class='ocrx_word' id='word_1_438' title='bbox 3418 2850 3512 2903; x_wconf 73' lang='grc' dir='ltr'><strong>καὶ</strong></span> <span class='ocrx_word' id='word_1_439' title='bbox 3553 2849 3655 2919; x_wconf 68' lang='grc' dir='ltr'>τὴν</span> 
     </span>
    </p>
   </div>
   <div class='ocr_carea' id='block_1_55' title="bbox 400 2933 1912 3018">
    <p class='ocr_par' dir='ltr' id='par_1_55' title="bbox 400 2933 1910 3006">
     <span class='ocr_line' id='line_1_55' title="bbox 400 2933 1910 3006; baseline -0.001 -16"><span class='ocrx_word' id='word_1_440' title='bbox 400 2937 514 3003; x_wconf 90' lang='lat' dir='ltr'><strong>illa,</strong></span> <span class='ocrx_word' id='word_1_441' title='bbox 559 2936 831 3006; x_wconf 89' lang='lat' dir='ltr'><strong>concepit.</strong></span> <span class='ocrx_word' id='word_1_442' title='bbox 886 2933 1150 3005; x_wconf 88' lang='lat' dir='ltr'><strong>Ignorans</strong></span> <span class='ocrx_word' id='word_1_443' title='bbox 1197 2945 1380 2990; x_wconf 91' lang='lat' dir='ltr'><strong>autem</strong></span> <span class='ocrx_word' id='word_1_444' title='bbox 1436 2935 1569 3005; x_wconf 88' lang='lat' dir='ltr'><strong>quid</strong></span> <span class='ocrx_word' id='word_1_445' title='bbox 1628 2934 1776 3003; x_wconf 89' lang='lat' dir='ltr'><strong>fecit,</strong></span> <span class='ocrx_word' id='word_1_446' title='bbox 1826 2935 1910 2990; x_wconf 94' lang='lat' dir='ltr'><strong>vol</strong></span> 
     </span>
    </p>
   </div>
   <div class='ocr_carea' id='block_1_56' title="bbox 2147 2933 3659 3018">
    <p class='ocr_par' dir='ltr' id='par_1_56' title="bbox 2147 2939 3652 3018">
     <span class='ocr_line' id='line_1_56' title="bbox 2147 2939 3652 3018; baseline -0.003 -22"><span class='ocrx_word' id='word_1_447' title='bbox 2147 2963 2270 3018; x_wconf 76' lang='grc' dir='ltr'>ινην,</span> <span class='ocrx_word' id='word_1_448' title='bbox 2296 2947 2390 3000; x_wconf 79' lang='grc' dir='ltr'>καὶ</span> <span class='ocrx_word' id='word_1_449' title='bbox 2419 2944 2481 2998; x_wconf 86' lang='grc' dir='ltr'><strong>τὸ</strong></span> <span class='ocrx_word' id='word_1_450' title='bbox 2513 2945 2750 3015; x_wconf 81' lang='grc' dir='ltr'>διάδημα</span> <span class='ocrx_word' id='word_1_451' title='bbox 2775 2944 2875 3013; x_wconf 80' lang='grc' dir='ltr'>τῆς</span> <span class='ocrx_word' id='word_1_452' title='bbox 2911 2942 3206 3013; x_wconf 84' lang='grc' dir='ltr'>βασιλείας·</span> <span class='ocrx_word' id='word_1_453' title='bbox 3232 2939 3326 2994; x_wconf 74' lang='grc' dir='ltr'>καὶ</span> <span class='ocrx_word' id='word_1_454' title='bbox 3348 2940 3425 3004; x_wconf 82' lang='grc' dir='ltr'>ὡς</span> <span class='ocrx_word' id='word_1_455' title='bbox 3454 2939 3652 3010; x_wconf 77' lang='grc' dir='ltr'>συνῆλ-</span> 
     </span>
    </p>
   </div>
   <div class='ocr_carea' id='block_1_57' title="bbox 399 3027 1911 3108">
    <p class='ocr_par' dir='ltr' id='par_1_57' title="bbox 399 3027 1910 3096">
     <span class='ocr_line' id='line_1_57' title="bbox 399 3027 1910 3096; baseline -0.001 -12"><span class='ocrx_word' id='word_1_456' title='bbox 399 3027 653 3084; x_wconf 89' lang='lat' dir='ltr'><strong>occidere</strong></span> <span class='ocrx_word' id='word_1_457' title='bbox 691 3043 846 3094; x_wconf 89' lang='lat' dir='ltr'><strong>eam;</strong></span> <span class='ocrx_word' id='word_1_458' title='bbox 879 3028 996 3096; x_wconf 92' lang='lat' dir='ltr'><strong>ipsa</strong></span> <span class='ocrx_word' id='word_1_459' title='bbox 1037 3037 1220 3082; x_wconf 89' lang='lat' dir='ltr'><strong>autem</strong></span> <span class='ocrx_word' id='word_1_460' title='bbox 1269 3029 1491 3084; x_wconf 91' lang='lat' dir='ltr'><strong>mittens</strong></span> <span class='ocrx_word' id='word_1_461' title='bbox 1541 3029 1597 3084; x_wconf 89' lang='lat' dir='ltr'><strong>in</strong></span> <span class='ocrx_word' id='word_1_462' title='bbox 1650 3029 1910 3086; x_wconf 87' lang='lat' dir='ltr'><strong>abscondi</strong></span> 
     </span>
    </p>
   </div>
   <div class='ocr_carea' id='block_1_58' title="bbox 2143 3027 3655 3108">
    <p class='ocr_par' dir='ltr' id='par_1_58' title="bbox 2143 3029 3655 3108">
     <span class='ocr_line' id='line_1_58' title="bbox 2143 3029 3655 3108; baseline -0.004 -18"><span class='ocrx_word' id='word_1_463' title='bbox 2143 3055 2166 3090; x_wconf 86' lang='grc' dir='ltr'><strong>ν</strong></span> <span class='ocrx_word' id='word_1_464' title='bbox 2193 3039 2353 3108; x_wconf 81' lang='grc' dir='ltr'>αὐτῇ,</span> <span class='ocrx_word' id='word_1_465' title='bbox 2379 3036 2712 3107; x_wconf 78' lang='grc' dir='ltr'>συνείληφεν.</span> <span class='ocrx_word' id='word_1_466' title='bbox 2756 3033 2990 3104; x_wconf 80' lang='grc' dir='ltr'>Ἀγν.οιῖ›ν</span> <span class='ocrx_word' id='word_1_467' title='bbox 3022 3035 3079 3087; x_wconf 84' lang='grc' dir='ltr'><strong>δὲ</strong></span> <span class='ocrx_word' id='word_1_468' title='bbox 3099 3033 3128 3086; x_wconf 81' lang='grc' dir='ltr'><strong>ὃ</strong></span> <span class='ocrx_word' id='word_1_469' title='bbox 3159 3033 3431 3103; x_wconf 77' lang='grc' dir='ltr'>εποίησεν,</span> <span class='ocrx_word' id='word_1_470' title='bbox 3459 3029 3655 3100; x_wconf 68' lang='grc' dir='ltr'>ἤθελον</span> 
     </span>
    </p>
   </div>
   <div class='ocr_carea' id='block_1_59' title="bbox 397 3119 1909 3200">
    <p class='ocr_par' dir='ltr' id='par_1_59' title="bbox 397 3119 1909 3192">
     <span class='ocr_line' id='line_1_59' title="bbox 397 3119 1909 3192; baseline 0.002 -18"><span class='ocrx_word' id='word_1_471' title='bbox 397 3121 649 3190; x_wconf 87' lang='lat' dir='ltr'><strong>pignora,</strong></span> <span class='ocrx_word' id='word_1_472' title='bbox 701 3120 910 3192; x_wconf 87' lang='lat' dir='ltr'><strong>pudore</strong></span> <span class='ocrx_word' id='word_1_473' title='bbox 948 3119 1172 3177; x_wconf 78' lang='lat' dir='ltr'><strong>suﬂ&#39;udit</strong></span> <span class='ocrx_word' id='word_1_474' title='bbox 1224 3136 1330 3177; x_wconf 91' lang='lat' dir='ltr'><strong>me.</strong></span> <span class='ocrx_word' id='word_1_475' title='bbox 1382 3120 1600 3177; x_wconf 85' lang='lat' dir='ltr'><strong>Vocans</strong></span> <span class='ocrx_word' id='word_1_476' title='bbox 1646 3137 1776 3177; x_wconf 89' lang='lat' dir='ltr'><strong>vero</strong></span> <span class='ocrx_word' id='word_1_477' title='bbox 1818 3138 1909 3177; x_wconf 77' lang='lat' dir='ltr'><strong>ear</strong></span> 
     </span>
    </p>
   </div>
   <div class='ocr_carea' id='block_1_60' title="bbox 2139 3119 3651 3200">
    <p class='ocr_par' dir='ltr' id='par_1_60' title="bbox 2139 3122 3651 3200">
     <span class='ocr_line' id='line_1_60' title="bbox 2139 3122 3651 3200; baseline 0.003 -19"><span class='ocrx_word' id='word_1_478' title='bbox 2139 3146 2173 3181; x_wconf 78' lang='grc' dir='ltr'>ιτ</span> <span class='ocrx_word' id='word_1_479' title='bbox 2181 3129 2245 3200; x_wconf 83' lang='grc' dir='ltr'>ὴν</span> <span class='ocrx_word' id='word_1_480' title='bbox 2261 3128 2486 3182; x_wconf 82' lang='grc' dir='ltr'>ἀνελεῖν·</span> <span class='ocrx_word' id='word_1_481' title='bbox 2502 3127 2764 3198; x_wconf 81' lang='grc' dir='ltr'>πέμψασα</span> <span class='ocrx_word' id='word_1_482' title='bbox 2780 3126 2837 3179; x_wconf 83' lang='grc' dir='ltr'><strong>δὲ</strong></span> <span class='ocrx_word' id='word_1_483' title='bbox 2852 3129 2909 3180; x_wconf 83' lang='grc' dir='ltr'>ὲν</span> <span class='ocrx_word' id='word_1_484' title='bbox 2926 3125 3149 3196; x_wconf 85' lang='grc' dir='ltr'>κρυπτῷ</span> <span class='ocrx_word' id='word_1_485' title='bbox 3163 3125 3288 3188; x_wconf 83' lang='grc' dir='ltr'>τοὺς</span> <span class='ocrx_word' id='word_1_486' title='bbox 3302 3122 3651 3198; x_wconf 65' lang='grc' dir='ltr'>ἀρραϐῶνας,</span> 
     </span>
    </p>
   </div>
   <div class='ocr_carea' id='block_1_61' title="bbox 398 3211 1910 3291">
    <p class='ocr_par' dir='ltr' id='par_1_61' title="bbox 398 3211 1910 3283">
     <span class='ocr_line' id='line_1_61' title="bbox 398 3211 1910 3283; baseline 0 -17"><span class='ocrx_word' id='word_1_487' title='bbox 398 3211 582 3266; x_wconf 83' lang='lat' dir='ltr'><strong>audivi</strong></span> <span class='ocrx_word' id='word_1_488' title='bbox 633 3219 688 3266; x_wconf 88' lang='lat' dir='ltr'><strong>et</strong></span> <span class='ocrx_word' id='word_1_489' title='bbox 737 3211 1000 3282; x_wconf 88' lang='lat' dir='ltr'><strong>mysticos</strong></span> <span class='ocrx_word' id='word_1_490' title='bbox 1049 3226 1352 3281; x_wconf 84' lang='lat' dir='ltr'><strong>sermones,</strong></span> <span class='ocrx_word' id='word_1_491' title='bbox 1379 3228 1518 3283; x_wconf 86' lang='lat' dir='ltr'><strong>quos</strong></span> <span class='ocrx_word' id='word_1_492' title='bbox 1563 3214 1780 3268; x_wconf 84' lang='lat' dir='ltr'><strong>locutus</strong></span> <span class='ocrx_word' id='word_1_493' title='bbox 1825 3229 1910 3268; x_wconf 83' lang='lat' dir='ltr'><strong>sui</strong></span> 
     </span>
    </p>
   </div>
   <div class='ocr_carea' id='block_1_62' title="bbox 2142 3211 3654 3291">
    <p class='ocr_par' dir='ltr' id='par_1_62' title="bbox 2142 3215 3654 3291">
     <span class='ocr_line' id='line_1_62' title="bbox 2142 3215 3654 3291; baseline -0.004 -19"><span class='ocrx_word' id='word_1_494' title='bbox 2142 3219 2378 3291; x_wconf 83' lang='grc' dir='ltr'>,τῄσχυνὲ</span> <span class='ocrx_word' id='word_1_495' title='bbox 2422 3237 2508 3291; x_wconf 89' lang='grc' dir='ltr'>με.</span> <span class='ocrx_word' id='word_1_496' title='bbox 2543 3218 2792 3281; x_wconf 80' lang='grc' dir='ltr'>Καλέσας</span> <span class='ocrx_word' id='word_1_497' title='bbox 2824 3217 2881 3270; x_wconf 83' lang='grc' dir='ltr'><strong>δὲ</strong></span> <span class='ocrx_word' id='word_1_498' title='bbox 2921 3215 3110 3286; x_wconf 84' lang='grc' dir='ltr'>αὐτὴν,</span> <span class='ocrx_word' id='word_1_499' title='bbox 3138 3216 3342 3286; x_wconf 69' lang='grc' dir='ltr'>ἤκουσα</span> <span class='ocrx_word' id='word_1_500' title='bbox 3391 3216 3484 3266; x_wconf 81' lang='grc' dir='ltr'>καὶ</span> <span class='ocrx_word' id='word_1_501' title='bbox 3529 3216 3654 3278; x_wconf 77' lang='grc' dir='ltr'>τοὺς</span> 
     </span>
    </p>
   </div>
   <div class='ocr_carea' id='block_1_63' title="bbox 397 3301 1909 3384">
    <p class='ocr_par' dir='ltr' id='par_1_63' title="bbox 397 3301 1909 3374">
     <span class='ocr_line' id='line_1_63' title="bbox 397 3301 1909 3374; baseline 0.002 -18"><span class='ocrx_word' id='word_1_502' title='bbox 397 3301 680 3357; x_wconf 85' lang='lat' dir='ltr'><strong>dormiens</strong></span> <span class='ocrx_word' id='word_1_503' title='bbox 726 3317 852 3355; x_wconf 91' lang='lat' dir='ltr'><strong>cum</strong></span> <span class='ocrx_word' id='word_1_504' title='bbox 901 3317 988 3367; x_wconf 88' lang='lat' dir='ltr'><strong>ea,</strong></span> <span class='ocrx_word' id='word_1_505' title='bbox 1017 3302 1073 3356; x_wconf 92' lang='lat' dir='ltr'><strong>in</strong></span> <span class='ocrx_word' id='word_1_506' title='bbox 1120 3302 1385 3357; x_wconf 88' lang='lat' dir='ltr'><strong>ebrietate</strong></span> <span class='ocrx_word' id='word_1_507' title='bbox 1416 3318 1564 3369; x_wconf 92' lang='lat' dir='ltr'><strong>mea;</strong></span> <span class='ocrx_word' id='word_1_508' title='bbox 1596 3312 1650 3358; x_wconf 91' lang='lat' dir='ltr'><strong>et</strong></span> <span class='ocrx_word' id='word_1_509' title='bbox 1674 3319 1782 3359; x_wconf 83' lang='lat' dir='ltr'><strong>non</strong></span> <span class='ocrx_word' id='word_1_510' title='bbox 1820 3313 1909 3374; x_wconf 87' lang='lat' dir='ltr'><strong>pot</strong></span> 
     </span>
    </p>
   </div>
   <div class='ocr_carea' id='block_1_64' title="bbox 2143 3301 3655 3384">
    <p class='ocr_par' dir='ltr' id='par_1_64' title="bbox 2167 3309 3655 3384">
     <span class='ocr_line' id='line_1_64' title="bbox 2167 3309 3655 3384; baseline -0.006 -18"><span class='ocrx_word' id='word_1_511' title='bbox 2167 3316 2450 3384; x_wconf 83' lang='grc' dir='ltr'>μυστηρίῳ</span> <span class='ocrx_word' id='word_1_512' title='bbox 2489 3311 2696 3381; x_wconf 88' lang='grc' dir='ltr'>λόγους,</span> <span class='ocrx_word' id='word_1_513' title='bbox 2724 3309 2838 3374; x_wconf 78' lang='grc' dir='ltr'>οὓς,</span> <span class='ocrx_word' id='word_1_514' title='bbox 2870 3310 3144 3364; x_wconf 85' lang='grc' dir='ltr'>καθεύδων</span> <span class='ocrx_word' id='word_1_515' title='bbox 3174 3309 3270 3360; x_wconf 85' lang='grc' dir='ltr'><strong>σὺν</strong></span> <span class='ocrx_word' id='word_1_516' title='bbox 3301 3309 3462 3377; x_wconf 77' lang='grc' dir='ltr'>αὐτῇ,</span> <span class='ocrx_word' id='word_1_517' title='bbox 3491 3309 3552 3358; x_wconf 80' lang='grc' dir='ltr'>ἐν</span> <span class='ocrx_word' id='word_1_518' title='bbox 3585 3309 3655 3378; x_wconf 81' lang='grc' dir='ltr'>τῇ</span> 
     </span>
    </p>
   </div>
   <div class='ocr_carea' id='block_1_65' title="bbox 399 3395 1911 3477">
    <p class='ocr_par' dir='ltr' id='par_1_65' title="bbox 399 3395 1911 3465">
     <span class='ocr_line' id='line_1_65' title="bbox 399 3395 1911 3465; baseline 0.001 -15"><span class='ocrx_word' id='word_1_519' title='bbox 399 3395 652 3450; x_wconf 90' lang='lat' dir='ltr'><strong>occldere</strong></span> <span class='ocrx_word' id='word_1_520' title='bbox 703 3409 858 3462; x_wconf 88' lang='lat' dir='ltr'><strong>eam,</strong></span> <span class='ocrx_word' id='word_1_521' title='bbox 899 3396 1161 3465; x_wconf 88' lang='lat' dir='ltr'><strong>quoniam</strong></span> <span class='ocrx_word' id='word_1_522' title='bbox 1188 3411 1220 3452; x_wconf 88' lang='lat' dir='ltr'><strong>a</strong></span> <span class='ocrx_word' id='word_1_523' title='bbox 1250 3395 1484 3450; x_wconf 91' lang='lat' dir='ltr'><strong>Domino</strong></span> <span class='ocrx_word' id='word_1_524' title='bbox 1525 3405 1663 3452; x_wconf 89' lang='lat' dir='ltr'><strong>erat.</strong></span> <span class='ocrx_word' id='word_1_525' title='bbox 1714 3396 1911 3452; x_wconf 88' lang='lat' dir='ltr'><strong>Diceba</strong></span> 
     </span>
    </p>
   </div>
   <div class='ocr_carea' id='block_1_66' title="bbox 2138 3395 3650 3477">
    <p class='ocr_par' dir='ltr' id='par_1_66' title="bbox 2138 3397 3650 3477">
     <span class='ocr_line' id='line_1_66' title="bbox 2138 3397 3650 3477; baseline -0.007 -22"><span class='ocrx_word' id='word_1_526' title='bbox 2138 3403 2220 3477; x_wconf 77' lang='grc' dir='ltr'><strong>Ξθῃ</strong></span> <span class='ocrx_word' id='word_1_527' title='bbox 2247 3421 2347 3474; x_wconf 86' lang='grc' dir='ltr'><strong>μου</strong></span> <span class='ocrx_word' id='word_1_528' title='bbox 2373 3402 2627 3473; x_wconf 76' lang='grc' dir='ltr'>ἐλάλησα·</span> <span class='ocrx_word' id='word_1_529' title='bbox 2667 3402 2763 3454; x_wconf 74' lang='grc' dir='ltr'>καὶ</span> <span class='ocrx_word' id='word_1_530' title='bbox 2792 3401 2892 3452; x_wconf 82' lang='grc' dir='ltr'><strong>οὐκ</strong></span> <span class='ocrx_word' id='word_1_531' title='bbox 2918 3399 3189 3472; x_wconf 72' lang='grc' dir='ltr'>ἠδυνήθην</span> <span class='ocrx_word' id='word_1_532' title='bbox 3213 3397 3421 3453; x_wconf 84' lang='grc' dir='ltr'>ἀνελεῖν</span> <span class='ocrx_word' id='word_1_533' title='bbox 3455 3398 3650 3468; x_wconf 74' lang='grc' dir='ltr'>αὐτὴν,</span> 
     </span>
    </p>
   </div>
   <div class='ocr_carea' id='block_1_67' title="bbox 398 3486 1910 3568">
    <p class='ocr_par' dir='ltr' id='par_1_67' title="bbox 398 3486 1910 3561">
     <span class='ocr_line' id='line_1_67' title="bbox 398 3486 1910 3561; baseline 0.002 -18"><span class='ocrx_word' id='word_1_534' title='bbox 398 3497 578 3544; x_wconf 88' lang='lat' dir='ltr'><strong>autem</strong></span> <span class='ocrx_word' id='word_1_535' title='bbox 609 3506 622 3542; x_wconf 92' lang='lat'>:</span> <span class='ocrx_word' id='word_1_536' title='bbox 647 3486 726 3543; x_wconf 86' lang='lat' dir='ltr'><strong>Ne</strong></span> <span class='ocrx_word' id='word_1_537' title='bbox 757 3487 898 3544; x_wconf 86' lang='lat' dir='ltr'><strong>forte</strong></span> <span class='ocrx_word' id='word_1_538' title='bbox 925 3489 1050 3543; x_wconf 92' lang='lat' dir='ltr'><strong>dolo</strong></span> <span class='ocrx_word' id='word_1_539' title='bbox 1075 3504 1288 3544; x_wconf 91' lang='lat' dir='ltr'><strong>mecum</strong></span> <span class='ocrx_word' id='word_1_540' title='bbox 1313 3497 1459 3559; x_wconf 89' lang='lat' dir='ltr'><strong>agat,</strong></span> <span class='ocrx_word' id='word_1_541' title='bbox 1478 3489 1547 3544; x_wconf 89' lang='lat' dir='ltr'><strong>ab</strong></span> <span class='ocrx_word' id='word_1_542' title='bbox 1569 3489 1674 3544; x_wconf 89' lang='lat' dir='ltr'><strong>alia</strong></span> <span class='ocrx_word' id='word_1_543' title='bbox 1700 3491 1910 3561; x_wconf 76' lang='lat' dir='ltr'><strong>accipie1</strong></span> 
     </span>
    </p>
   </div>
   <div class='ocr_carea' id='block_1_68' title="bbox 2140 3486 3652 3568">
    <p class='ocr_par' dir='ltr' id='par_1_68' title="bbox 2140 3489 3652 3568">
     <span class='ocr_line' id='line_1_68' title="bbox 2140 3489 3652 3568; baseline -0.001 -21"><span class='ocrx_word' id='word_1_544' title='bbox 2140 3513 2155 3547; x_wconf 89' lang='lat' dir='ltr'><strong>t</strong></span> <span class='ocrx_word' id='word_1_545' title='bbox 2188 3495 2340 3568; x_wconf 88' lang='grc' dir='ltr'><strong>παρά</strong></span> <span class='ocrx_word' id='word_1_546' title='bbox 2369 3495 2575 3561; x_wconf 85' lang='grc' dir='ltr'>Κυρίου</span> <span class='ocrx_word' id='word_1_547' title='bbox 2608 3489 2696 3566; x_wconf 83' lang='grc' dir='ltr'><strong>ἧν.</strong></span> <span class='ocrx_word' id='word_1_548' title='bbox 2735 3493 2960 3562; x_wconf 89' lang='grc' dir='ltr'>Ἔλεγον</span> <span class='ocrx_word' id='word_1_549' title='bbox 2987 3493 3116 3565; x_wconf 81' lang='grc' dir='ltr'>γάρ·</span> <span class='ocrx_word' id='word_1_550' title='bbox 3153 3513 3172 3544; x_wconf 72' lang='grc' dir='ltr'><strong>ι</strong></span> <span class='ocrx_word' id='word_1_551' title='bbox 3202 3493 3429 3563; x_wconf 82' lang='grc' dir='ltr'>Μήποτε</span> <span class='ocrx_word' id='word_1_552' title='bbox 3464 3493 3524 3545; x_wconf 83' lang='grc' dir='ltr'>ὲν</span> <span class='ocrx_word' id='word_1_553' title='bbox 3561 3492 3652 3545; x_wconf 83' lang='grc' dir='ltr'><strong>δο-</strong></span> 
     </span>
    </p>
   </div>
   <div class='ocr_carea' id='block_1_69' title="bbox 397 3579 1909 3658">
    <p class='ocr_par' dir='ltr' id='par_1_69' title="bbox 397 3579 1909 3652">
     <span class='ocr_line' id='line_1_69' title="bbox 397 3579 1909 3652; baseline 0 -20"><span class='ocrx_word' id='word_1_554' title='bbox 397 3580 618 3650; x_wconf 86' lang='lat' dir='ltr'><strong>pignus.</strong></span> <span class='ocrx_word' id='word_1_555' title='bbox 655 3579 760 3634; x_wconf 90' lang='lat' dir='ltr'><strong>Sed</strong></span> <span class='ocrx_word' id='word_1_556' title='bbox 791 3594 967 3649; x_wconf 87' lang='lat' dir='ltr'><strong>neque</strong></span> <span class='ocrx_word' id='word_1_557' title='bbox 991 3581 1422 3650; x_wconf 86' lang='lat' dir='ltr'><strong>appr0pinquavi</strong></span> <span class='ocrx_word' id='word_1_558' title='bbox 1455 3581 1506 3635; x_wconf 91' lang='lat' dir='ltr'><strong>ei</strong></span> <span class='ocrx_word' id='word_1_559' title='bbox 1538 3581 1770 3651; x_wconf 91' lang='lat' dir='ltr'><strong>amplius</strong></span> <span class='ocrx_word' id='word_1_560' title='bbox 1799 3597 1909 3652; x_wconf 62' lang='lat' dir='ltr'><strong>usqu</strong></span> 
     </span>
    </p>
   </div>
   <div class='ocr_carea' id='block_1_70' title="bbox 2133 3579 3645 3658">
    <p class='ocr_par' dir='ltr' id='par_1_70' title="bbox 2133 3585 3645 3658">
     <span class='ocr_line' id='line_1_70' title="bbox 2133 3585 3645 3658; baseline -0.003 -18"><span class='ocrx_word' id='word_1_561' title='bbox 2133 3586 2278 3658; x_wconf 79' lang='grc' dir='ltr'>ύτητι</span> <span class='ocrx_word' id='word_1_562' title='bbox 2298 3587 2539 3658; x_wconf 77' lang='grc' dir='ltr'>ἐποίησε,</span> <span class='ocrx_word' id='word_1_563' title='bbox 2560 3586 2710 3658; x_wconf 86' lang='grc' dir='ltr'><strong>παρά</strong></span> <span class='ocrx_word' id='word_1_564' title='bbox 2734 3586 2901 3657; x_wconf 80' lang='grc' dir='ltr'>ἄλλης</span> <span class='ocrx_word' id='word_1_565' title='bbox 2920 3585 3158 3642; x_wconf 84' lang='grc' dir='ltr'>λαϐοῦσα</span> <span class='ocrx_word' id='word_1_566' title='bbox 3181 3585 3270 3639; x_wconf 83' lang='grc' dir='ltr'><strong>τὸν</strong></span> <span class='ocrx_word' id='word_1_567' title='bbox 3295 3585 3645 3656; x_wconf 73' lang='grc' dir='ltr'>ἀρραϐῶνα.»</span> 
     </span>
    </p>
   </div>
   <div class='ocr_carea' id='block_1_71' title="bbox 398 3673 1910 3754">
    <p class='ocr_par' dir='ltr' id='par_1_71' title="bbox 398 3673 1910 3742">
     <span class='ocr_line' id='line_1_71' title="bbox 398 3673 1910 3742; baseline 0.003 -16"><span class='ocrx_word' id='word_1_568' title='bbox 398 3673 468 3726; x_wconf 86' lang='lat' dir='ltr'><strong>ad</strong></span> <span class='ocrx_word' id='word_1_569' title='bbox 513 3681 744 3726; x_wconf 89' lang='lat' dir='ltr'><strong>mortem</strong></span> <span class='ocrx_word' id='word_1_570' title='bbox 795 3688 1007 3738; x_wconf 88' lang='lat' dir='ltr'><strong>meam,</strong></span> <span class='ocrx_word' id='word_1_571' title='bbox 1057 3674 1318 3742; x_wconf 89' lang='lat' dir='ltr'><strong>quoniam</strong></span> <span class='ocrx_word' id='word_1_572' title='bbox 1363 3675 1825 3730; x_wconf 87' lang='lat' dir='ltr'><strong>abominationem</strong></span> <span class='ocrx_word' id='word_1_573' title='bbox 1867 3676 1910 3732; x_wconf 83' lang='lat' dir='ltr'><strong>fe</strong></span> 
     </span>
    </p>
   </div>
   <div class='ocr_carea' id='block_1_72' title="bbox 2143 3673 3655 3754">
    <p class='ocr_par' dir='ltr' id='par_1_72' title="bbox 2143 3679 3655 3754">
     <span class='ocr_line' id='line_1_72' title="bbox 2143 3679 3655 3754; baseline 0 -22"><span class='ocrx_word' id='word_1_574' title='bbox 2143 3680 2225 3733; x_wconf 79' lang='grc' dir='ltr'>.λλ’</span> <span class='ocrx_word' id='word_1_575' title='bbox 2249 3681 2370 3734; x_wconf 81' lang='grc' dir='ltr'><strong>οὐδὲ</strong></span> <span class='ocrx_word' id='word_1_576' title='bbox 2397 3683 2600 3751; x_wconf 83' lang='grc' dir='ltr'>ήγγισα</span> <span class='ocrx_word' id='word_1_577' title='bbox 2623 3682 2758 3754; x_wconf 80' lang='grc' dir='ltr'>αὐτῇ</span> <span class='ocrx_word' id='word_1_578' title='bbox 2787 3680 2868 3732; x_wconf 79' lang='grc' dir='ltr'>ἔτι</span> <span class='ocrx_word' id='word_1_579' title='bbox 2889 3679 2994 3743; x_wconf 75' lang='grc' dir='ltr'>ἕως</span> <span class='ocrx_word' id='word_1_580' title='bbox 3019 3679 3248 3733; x_wconf 77' lang='grc' dir='ltr'>θανάτου</span> <span class='ocrx_word' id='word_1_581' title='bbox 3276 3697 3398 3750; x_wconf 87' lang='grc' dir='ltr'>μου,</span> <span class='ocrx_word' id='word_1_582' title='bbox 3423 3679 3504 3731; x_wconf 67' lang='grc' dir='ltr'>ὅτι</span> <span class='ocrx_word' id='word_1_583' title='bbox 3535 3679 3655 3748; x_wconf 73' lang='grc' dir='ltr'><strong>βδέ-</strong></span> 
     </span>
    </p>
   </div>
   <div class='ocr_carea' id='block_1_73' title="bbox 398 3763 1910 3849">
    <p class='ocr_par' dir='ltr' id='par_1_73' title="bbox 398 3763 1910 3834">
     <span class='ocr_line' id='line_1_73' title="bbox 398 3763 1910 3834; baseline 0.005 -18"><span class='ocrx_word' id='word_1_584' title='bbox 398 3764 544 3818; x_wconf 87' lang='lat' dir='ltr'><strong>hanc</strong></span> <span class='ocrx_word' id='word_1_585' title='bbox 573 3763 629 3816; x_wconf 92' lang='lat' dir='ltr'><strong>in</strong></span> <span class='ocrx_word' id='word_1_586' title='bbox 652 3763 802 3817; x_wconf 90' lang='lat' dir='ltr'><strong>omni</strong></span> <span class='ocrx_word' id='word_1_587' title='bbox 835 3763 1022 3818; x_wconf 89' lang='lat' dir='ltr'><strong>Israel.</strong></span> <span class='ocrx_word' id='word_1_588' title='bbox 1054 3764 1120 3818; x_wconf 86' lang='lat' dir='ltr'><strong>Et</strong></span> <span class='ocrx_word' id='word_1_589' title='bbox 1146 3765 1240 3834; x_wconf 89' lang='lat' dir='ltr'><strong>qui</strong></span> <span class='ocrx_word' id='word_1_590' title='bbox 1270 3775 1428 3821; x_wconf 90' lang='lat' dir='ltr'><strong>erant</strong></span> <span class='ocrx_word' id='word_1_591' title='bbox 1461 3767 1514 3819; x_wconf 93' lang='lat' dir='ltr'><strong>in</strong></span> <span class='ocrx_word' id='word_1_592' title='bbox 1545 3768 1784 3834; x_wconf 87' lang='lat' dir='ltr'><strong>civitate,</strong></span> <span class='ocrx_word' id='word_1_593' title='bbox 1821 3768 1910 3823; x_wconf 85' lang='lat' dir='ltr'><strong>die</strong></span> 
     </span>
    </p>
   </div>
   <div class='ocr_carea' id='block_1_74' title="bbox 2143 3763 3655 3849">
    <p class='ocr_par' dir='ltr' id='par_1_74' title="bbox 2143 3771 3655 3849">
     <span class='ocr_line' id='line_1_74' title="bbox 2143 3771 3655 3849; baseline -0.001 -23"><span class='ocrx_word' id='word_1_594' title='bbox 2143 3789 2256 3849; x_wconf 83' lang='grc' dir='ltr'><strong>γμα</strong></span> <span class='ocrx_word' id='word_1_595' title='bbox 2287 3773 2519 3843; x_wconf 78' lang='grc' dir='ltr'>ἐποίησα.</span> <span class='ocrx_word' id='word_1_596' title='bbox 2552 3772 2710 3826; x_wconf 80' lang='grc' dir='ltr'>τοῦτο</span> <span class='ocrx_word' id='word_1_597' title='bbox 2749 3775 2806 3824; x_wconf 74' lang='grc' dir='ltr'>ὲν</span> <span class='ocrx_word' id='word_1_598' title='bbox 2839 3772 3003 3825; x_wconf 60' lang='grc' dir='ltr'><strong>παντί⁸</strong></span> <span class='ocrx_word' id='word_1_599' title='bbox 3039 3771 3270 3844; x_wconf 84' lang='grc' dir='ltr'>Ἰσραήλ.</span> <span class='ocrx_word' id='word_1_600' title='bbox 3307 3771 3484 3840; x_wconf 87' lang='grc' dir='ltr'>Καίγε</span> <span class='ocrx_word' id='word_1_601' title='bbox 3511 3775 3567 3824; x_wconf 82' lang='grc' dir='ltr'>οἱ</span> <span class='ocrx_word' id='word_1_602' title='bbox 3598 3773 3655 3825; x_wconf 79' lang='grc' dir='ltr'>ἐν</span> 
     </span>
    </p>
   </div>
   <div class='ocr_carea' id='block_1_75' title="bbox 397 3852 1909 3940">
    <p class='ocr_par' dir='ltr' id='par_1_75' title="bbox 397 3852 1909 3926">
     <span class='ocr_line' id='line_1_75' title="bbox 397 3852 1909 3926; baseline 0.005 -20"><span class='ocrx_word' id='word_1_603' title='bbox 397 3852 658 3907; x_wconf 87' lang='lat' dir='ltr'><strong>bantnon</strong></span> <span class='ocrx_word' id='word_1_604' title='bbox 681 3869 806 3909; x_wconf 89' lang='lat' dir='ltr'><strong>esse</strong></span> <span class='ocrx_word' id='word_1_605' title='bbox 827 3855 881 3909; x_wconf 89' lang='lat' dir='ltr'><strong>in</strong></span> <span class='ocrx_word' id='word_1_606' title='bbox 915 3855 1134 3910; x_wconf 86' lang='lat' dir='ltr'><strong>civitate</strong></span> <span class='ocrx_word' id='word_1_607' title='bbox 1161 3855 1582 3926; x_wconf 88' lang='lat' dir='ltr'><strong>desponsatam;</strong></span> <span class='ocrx_word' id='word_1_608' title='bbox 1612 3859 1869 3926; x_wconf 90' lang='lat' dir='ltr'><strong>quoniam</strong></span> <span class='ocrx_word' id='word_1_609' title='bbox 1905 3884 1909 3906; x_wconf 73' lang='grc' dir='ltr'><strong>ε</strong></span> 
     </span>
    </p>
   </div>
   <div class='ocr_carea' id='block_1_76' title="bbox 2142 3852 3654 3940">
    <p class='ocr_par' dir='ltr' id='par_1_76' title="bbox 2189 3860 3654 3940">
     <span class='ocr_line' id='line_1_76' title="bbox 2189 3860 3654 3940; baseline -0.001 -22"><span class='ocrx_word' id='word_1_610' title='bbox 2189 3865 2340 3918; x_wconf 87' lang='grc' dir='ltr'>πόλει</span> <span class='ocrx_word' id='word_1_611' title='bbox 2386 3864 2587 3934; x_wconf 74' lang='grc' dir='ltr'>ἔλεγον,</span> <span class='ocrx_word' id='word_1_612' title='bbox 2631 3865 2705 3936; x_wconf 81' lang='grc' dir='ltr'><strong>μὴ</strong></span> <span class='ocrx_word' id='word_1_613' title='bbox 2748 3860 2885 3918; x_wconf 79' lang='grc' dir='ltr'>εἶναι</span> <span class='ocrx_word' id='word_1_614' title='bbox 2923 3866 2981 3918; x_wconf 83' lang='grc' dir='ltr'>ὲν</span> <span class='ocrx_word' id='word_1_615' title='bbox 3142 3864 3294 3917; x_wconf 86' lang='grc' dir='ltr'>πόλει</span> <span class='ocrx_word' id='word_1_616' title='bbox 3335 3863 3654 3936; x_wconf 80' lang='grc' dir='ltr'>τελισκομέ-</span> 
     </span>
    </p>
   </div>
   <div class='ocr_carea' id='block_1_77' title="bbox 397 3945 1909 4028">
    <p class='ocr_par' dir='ltr' id='par_1_77' title="bbox 397 3945 1909 4020">
     <span class='ocr_line' id='line_1_77' title="bbox 397 3945 1909 4020; baseline 0.002 -18"><span class='ocrx_word' id='word_1_617' title='bbox 397 3945 508 4002; x_wconf 83' lang='lat' dir='ltr'><strong>alio</strong></span> <span class='ocrx_word' id='word_1_618' title='bbox 539 3945 662 4000; x_wconf 93' lang='lat' dir='ltr'><strong>loco</strong></span> <span class='ocrx_word' id='word_1_619' title='bbox 692 3948 918 4003; x_wconf 90' lang='lat' dir='ltr'><strong>veniens</strong></span> <span class='ocrx_word' id='word_1_620' title='bbox 950 3948 1018 4001; x_wconf 92' lang='lat' dir='ltr'><strong>ad</strong></span> <span class='ocrx_word' id='word_1_621' title='bbox 1058 3949 1222 4002; x_wconf 85' lang='lat' dir='ltr'><strong>breve</strong></span> <span class='ocrx_word' id='word_1_622' title='bbox 1268 3956 1485 4018; x_wconf 84' lang='lat' dir='ltr'><strong>tempus</strong></span> <span class='ocrx_word' id='word_1_623' title='bbox 1516 3951 1658 4004; x_wconf 86' lang='lat' dir='ltr'><strong>sedit</strong></span> <span class='ocrx_word' id='word_1_624' title='bbox 1692 3951 1747 4004; x_wconf 91' lang='lat' dir='ltr'><strong>in</strong></span> <span class='ocrx_word' id='word_1_625' title='bbox 1777 3961 1909 4020; x_wconf 76' lang='lat' dir='ltr'><strong>port:</strong></span> 
     </span>
    </p>
   </div>
   <div class='ocr_carea' id='block_1_78' title="bbox 2142 3945 3654 4028">
    <p class='ocr_par' dir='ltr' id='par_1_78' title="bbox 2142 3954 3654 4028">
     <span class='ocr_line' id='line_1_78' title="bbox 2142 3954 3654 4028; baseline -0.001 -20"><span class='ocrx_word' id='word_1_626' title='bbox 2142 3974 2170 4008; x_wconf 95' lang='grc' dir='ltr'><strong>ν</strong></span> <span class='ocrx_word' id='word_1_627' title='bbox 2209 3955 2340 4028; x_wconf 82' lang='lat'><strong>(88)&#39;</strong></span> <span class='ocrx_word' id='word_1_628' title='bbox 2379 3956 2462 4009; x_wconf 81' lang='grc' dir='ltr'><strong>ὅτι</strong></span> <span class='ocrx_word' id='word_1_629' title='bbox 2495 3955 2553 4022; x_wconf 81' lang='grc' dir='ltr'>ὲξ</span> <span class='ocrx_word' id='word_1_630' title='bbox 2591 3955 2752 4009; x_wconf 81' lang='grc' dir='ltr'>ἄλλου</span> <span class='ocrx_word' id='word_1_631' title='bbox 2792 3957 2993 4028; x_wconf 86' lang='grc' dir='ltr'>χωρίου</span> <span class='ocrx_word' id='word_1_632' title='bbox 3037 3954 3268 4008; x_wconf 75' lang='grc' dir='ltr'>ἐλθοῦσα</span> <span class='ocrx_word' id='word_1_633' title='bbox 3304 3955 3444 4026; x_wconf 86' lang='grc' dir='ltr'>πρὸς</span> <span class='ocrx_word' id='word_1_634' title='bbox 3477 3955 3654 4026; x_wconf 73' lang='grc' dir='ltr'>βραχὺ</span> 
     </span>
    </p>
   </div>
   <div class='ocr_carea' id='block_1_79' title="bbox 397 4036 1909 4122">
    <p class='ocr_par' dir='ltr' id='par_1_79' title="bbox 397 4036 1909 4110">
     <span class='ocr_line' id='line_1_79' title="bbox 397 4036 1909 4110; baseline 0.003 -18"><span class='ocrx_word' id='word_1_635' title='bbox 397 4045 454 4092; x_wconf 86' lang='lat' dir='ltr'><strong>et</strong></span> <span class='ocrx_word' id='word_1_636' title='bbox 487 4036 843 4105; x_wconf 82' lang='lat' dir='ltr'><strong>existimavit,</strong></span> <span class='ocrx_word' id='word_1_637' title='bbox 874 4039 1024 4109; x_wconf 87' lang='lat' dir='ltr'><strong>quod</strong></span> <span class='ocrx_word' id='word_1_638' title='bbox 1057 4041 1241 4094; x_wconf 89' lang='lat' dir='ltr'><strong>nullus</strong></span> <span class='ocrx_word' id='word_1_639' title='bbox 1267 4041 1524 4110; x_wconf 88' lang='lat' dir='ltr'><strong>cognovit</strong></span> <span class='ocrx_word' id='word_1_640' title='bbox 1562 4056 1649 4095; x_wconf 89' lang='lat' dir='ltr'><strong>me</strong></span> <span class='ocrx_word' id='word_1_641' title='bbox 1681 4041 1909 4097; x_wconf 89' lang='lat' dir='ltr'><strong>intravis</strong></span> 
     </span>
    </p>
   </div>
   <div class='ocr_carea' id='block_1_80' title="bbox 2139 4036 3651 4122">
    <p class='ocr_par' dir='ltr' id='par_1_80' title="bbox 2139 4048 3651 4122">
     <span class='ocr_line' id='line_1_80' title="bbox 2139 4048 3651 4122; baseline -0.001 -19"><span class='ocrx_word' id='word_1_642' title='bbox 2139 4049 2324 4104; x_wconf 86' lang='grc' dir='ltr'>ἀθισεν</span> <span class='ocrx_word' id='word_1_643' title='bbox 2365 4051 2424 4104; x_wconf 84' lang='grc' dir='ltr'>ὲν</span> <span class='ocrx_word' id='word_1_644' title='bbox 2467 4052 2535 4120; x_wconf 81' lang='grc' dir='ltr'>τῇ</span> <span class='ocrx_word' id='word_1_645' title='bbox 2575 4049 2738 4122; x_wconf 79' lang='grc' dir='ltr'>πύλῃ·</span> <span class='ocrx_word' id='word_1_646' title='bbox 2778 4051 2874 4102; x_wconf 75' lang='grc' dir='ltr'>καὶ</span> <span class='ocrx_word' id='word_1_647' title='bbox 2910 4049 3157 4120; x_wconf 75' lang='grc' dir='ltr'>ἐνόμιζεν</span> <span class='ocrx_word' id='word_1_648' title='bbox 3195 4048 3327 4121; x_wconf 86' lang='grc'><strong>(89),</strong></span> <span class='ocrx_word' id='word_1_649' title='bbox 3355 4050 3441 4101; x_wconf 81' lang='grc' dir='ltr'>δτι</span> <span class='ocrx_word' id='word_1_650' title='bbox 3477 4049 3651 4114; x_wconf 72' lang='grc' dir='ltr'>οὐδείς</span> 
     </span>
    </p>
   </div>
   <div class='ocr_carea' id='block_1_81' title="bbox 398 4135 1910 4212">
    <p class='ocr_par' dir='ltr' id='par_1_81' title="bbox 398 4135 1908 4211">
     <span class='ocr_line' id='line_1_81' title="bbox 398 4135 1908 4211; baseline 0.002 -21"><span class='ocrx_word' id='word_1_651' title='bbox 398 4136 466 4191; x_wconf 88' lang='lat' dir='ltr'><strong>ad</strong></span> <span class='ocrx_word' id='word_1_652' title='bbox 497 4152 640 4191; x_wconf 89' lang='lat' dir='ltr'><strong>eam.</strong></span> <span class='ocrx_word' id='word_1_653' title='bbox 671 4135 735 4192; x_wconf 88' lang='lat' dir='ltr'><strong>Et</strong></span> <span class='ocrx_word' id='word_1_654' title='bbox 765 4147 887 4206; x_wconf 88' lang='lat' dir='ltr'><strong>post</strong></span> <span class='ocrx_word' id='word_1_655' title='bbox 931 4139 1047 4192; x_wconf 80' lang='lat' dir='ltr'><strong>haec</strong></span> <span class='ocrx_word' id='word_1_656' title='bbox 1083 4137 1332 4192; x_wconf 86' lang='lat' dir='ltr'><strong>venimus</strong></span> <span class='ocrx_word' id='word_1_657' title='bbox 1360 4138 1415 4191; x_wconf 91' lang='lat' dir='ltr'><strong>in</strong></span> <span class='ocrx_word' id='word_1_658' title='bbox 1453 4137 1746 4211; x_wconf 60' lang='lat' dir='ltr'><strong>[Egyptum</strong></span> <span class='ocrx_word' id='word_1_659' title='bbox 1780 4138 1847 4193; x_wconf 90' lang='lat' dir='ltr'><strong>ad</strong></span> <span class='ocrx_word' id='word_1_660' title='bbox 1881 4137 1908 4193; x_wconf 86' lang='lat' dir='ltr'><strong>J</strong></span> 
     </span>
    </p>
   </div>
   <div class='ocr_carea' id='block_1_82' title="bbox 2137 4135 3649 4212">
    <p class='ocr_par' dir='ltr' id='par_1_82' title="bbox 2137 4140 3649 4212">
     <span class='ocr_line' id='line_1_82' title="bbox 2137 4140 3649 4212; baseline 0.001 -18"><span class='ocrx_word' id='word_1_661' title='bbox 2137 4159 2233 4205; x_wconf 89' lang='grc' dir='ltr'><strong>νω,</strong></span> <span class='ocrx_word' id='word_1_662' title='bbox 2270 4143 2352 4194; x_wconf 86' lang='grc' dir='ltr'>ὅτι</span> <span class='ocrx_word' id='word_1_663' title='bbox 2378 4140 2626 4211; x_wconf 82' lang='grc' dir='ltr'>εἰσῆλθον</span> <span class='ocrx_word' id='word_1_664' title='bbox 2657 4142 2738 4204; x_wconf 89' lang='grc' dir='ltr'><strong>είς</strong></span> <span class='ocrx_word' id='word_1_665' title='bbox 2770 4142 2958 4211; x_wconf 86' lang='grc' dir='ltr'>αὐτήν.</span> <span class='ocrx_word' id='word_1_666' title='bbox 2996 4143 3104 4194; x_wconf 88' lang='lat' dir='ltr'><strong>Kal</strong></span> <span class='ocrx_word' id='word_1_667' title='bbox 3138 4141 3276 4212; x_wconf 81' lang='grc' dir='ltr'><strong>μετὰ</strong></span> <span class='ocrx_word' id='word_1_668' title='bbox 3297 4141 3471 4194; x_wconf 74' lang='grc' dir='ltr'>ταῦτα</span> <span class='ocrx_word' id='word_1_669' title='bbox 3494 4142 3649 4212; x_wconf 78' lang='grc' dir='ltr'>ήλθο-</span> 
     </span>
    </p>
   </div>
   <div class='ocr_carea' id='block_1_83' title="bbox 400 4227 1912 4304">
    <p class='ocr_par' dir='ltr' id='par_1_83' title="bbox 400 4227 1912 4299">
     <span class='ocr_line' id='line_1_83' title="bbox 400 4227 1912 4299; baseline -0.001 -15"><span class='ocrx_word' id='word_1_670' title='bbox 400 4229 532 4298; x_wconf 88' lang='lat' dir='ltr'><strong>seph</strong></span> <span class='ocrx_word' id='word_1_671' title='bbox 579 4236 803 4298; x_wconf 90' lang='lat' dir='ltr'><strong>propter</strong></span> <span class='ocrx_word' id='word_1_672' title='bbox 855 4227 1076 4283; x_wconf 90' lang='lat' dir='ltr'><strong>famem.</strong></span> <span class='ocrx_word' id='word_1_673' title='bbox 1135 4227 1505 4299; x_wconf 87' lang='lat' dir='ltr'><strong>Quadraginta</strong></span> <span class='ocrx_word' id='word_1_674' title='bbox 1557 4245 1653 4284; x_wconf 85' lang='lat' dir='ltr'><strong>sex</strong></span> <span class='ocrx_word' id='word_1_675' title='bbox 1702 4244 1912 4283; x_wconf 89' lang='lat' dir='ltr'><strong>anuoru</strong></span> 
     </span>
    </p>
   </div>
   <div class='ocr_carea' id='block_1_84' title="bbox 2139 4227 3651 4304">
    <p class='ocr_par' dir='ltr' id='par_1_84' title="bbox 2139 4231 3651 4304">
     <span class='ocr_line' id='line_1_84' title="bbox 2139 4231 3651 4304; baseline 0.003 -21"><span class='ocrx_word' id='word_1_676' title='bbox 2139 4249 2174 4284; x_wconf 73' lang='grc' dir='ltr'><strong>ιν</strong></span> <span class='ocrx_word' id='word_1_677' title='bbox 2195 4233 2274 4296; x_wconf 84' lang='grc' dir='ltr'><strong>είς</strong></span> <span class='ocrx_word' id='word_1_678' title='bbox 2295 4231 2566 4300; x_wconf 75' lang='grc' dir='ltr'>Αἴγυπτον</span> <span class='ocrx_word' id='word_1_679' title='bbox 2592 4231 2729 4302; x_wconf 83' lang='grc' dir='ltr'>πρὸς</span> <span class='ocrx_word' id='word_1_680' title='bbox 2757 4231 2951 4304; x_wconf 76' lang='grc' dir='ltr'>Ἰωσὴφ</span> <span class='ocrx_word' id='word_1_681' title='bbox 2970 4231 3058 4284; x_wconf 78' lang='grc' dir='ltr'><strong>διὰ</strong></span> <span class='ocrx_word' id='word_1_682' title='bbox 3081 4232 3170 4284; x_wconf 83' lang='grc' dir='ltr'><strong>τὸν</strong></span> <span class='ocrx_word' id='word_1_683' title='bbox 3191 4232 3364 4303; x_wconf 72' lang='grc' dir='ltr'>λιμόψ</span> <span class='ocrx_word' id='word_1_684' title='bbox 3393 4240 3489 4303; x_wconf 80' lang='grc' dir='ltr'>μς¹</span> <span class='ocrx_word' id='word_1_685' title='bbox 3516 4233 3651 4287; x_wconf 82' lang='grc' dir='ltr'>ἐτῶν</span> 
     </span>
    </p>
   </div>
   <div class='ocr_carea' id='block_1_85' title="bbox 398 4321 1910 4396">
    <p class='ocr_par' dir='ltr' id='par_1_85' title="bbox 398 4321 1664 4390">
     <span class='ocr_line' id='line_1_85' title="bbox 398 4321 1664 4390; baseline 0.002 -16"><span class='ocrx_word' id='word_1_686' title='bbox 398 4335 574 4384; x_wconf 86' lang='lat' dir='ltr'><strong>eram,</strong></span> <span class='ocrx_word' id='word_1_687' title='bbox 597 4330 651 4375; x_wconf 92' lang='lat' dir='ltr'><strong>et</strong></span> <span class='ocrx_word' id='word_1_688' title='bbox 681 4321 1022 4390; x_wconf 85' lang='lat' dir='ltr'><strong>septuaginta</strong></span> <span class='ocrx_word' id='word_1_689' title='bbox 1049 4329 1158 4376; x_wconf 88' lang='lat' dir='ltr'><strong>tres</strong></span> <span class='ocrx_word' id='word_1_690' title='bbox 1191 4337 1366 4377; x_wconf 78' lang='lat' dir='ltr'><strong>annos</strong></span> <span class='ocrx_word' id='word_1_691' title='bbox 1397 4322 1507 4376; x_wconf 88' lang='lat' dir='ltr'><strong>vixi</strong></span> <span class='ocrx_word' id='word_1_692' title='bbox 1537 4322 1664 4377; x_wconf 92' lang='lat' dir='ltr'><strong>illic.</strong></span> 
     </span>
    </p>
   </div>
   <div class='ocr_carea' id='block_1_86' title="bbox 1428 4321 2940 4396">
    <p class='ocr_par' dir='ltr' id='par_1_86' title="bbox 1433 4321 2940 4396">
     <span class='ocr_line' id='line_1_86' title="bbox 1433 4321 2940 4396; baseline 0.001 -21"><span class='ocrx_word' id='word_1_693' title='bbox 1433 4322 1507 4376; x_wconf 90' lang='lat' dir='ltr'><strong>ixi</strong></span> <span class='ocrx_word' id='word_1_694' title='bbox 1537 4322 1664 4377; x_wconf 89' lang='lat' dir='ltr'><strong>illic.</strong></span> <span class='ocrx_word' id='word_1_695' title='bbox 2073 4326 2239 4396; x_wconf 80' lang='grc' dir='ltr'>ἥμην,</span> <span class='ocrx_word' id='word_1_696' title='bbox 2264 4324 2356 4376; x_wconf 74' lang='grc' dir='ltr'>καὶ</span> <span class='ocrx_word' id='word_1_697' title='bbox 2386 4330 2464 4391; x_wconf 92' lang='grc' dir='ltr'>ογ¹</span> <span class='ocrx_word' id='word_1_698' title='bbox 2488 4321 2658 4392; x_wconf 78' lang='grc' dir='ltr'>ἔζησα</span> <span class='ocrx_word' id='word_1_699' title='bbox 2681 4325 2797 4376; x_wconf 77' lang='grc' dir='ltr'>ἐκεῖ</span> <span class='ocrx_word' id='word_1_700' title='bbox 2827 4323 2940 4394; x_wconf 77' lang='grc' dir='ltr'>ἐτη.</span> 
     </span>
    </p>
   </div>
   <div class='ocr_carea' id='block_1_87' title="bbox 439 4411 1951 4483">
    <p class='ocr_par' dir='ltr' id='par_1_87' title="bbox 439 4411 1951 4483">
     <span class='ocr_line' id='line_1_87' title="bbox 439 4411 1951 4483; baseline 0.002 -17"><span class='ocrx_word' id='word_1_701' title='bbox 439 4411 608 4473; x_wconf 82' lang='grc' dir='ltr'><strong>,ΧΙΙΙ.</strong></span> <span class='ocrx_word' id='word_1_702' title='bbox 639 4433 657 4466; x_wconf 81' lang='grc' dir='ltr'><strong>ι</strong></span> <span class='ocrx_word' id='word_1_703' title='bbox 681 4411 749 4468; x_wconf 85' lang='lat' dir='ltr'><strong>Et</strong></span> <span class='ocrx_word' id='word_1_704' title='bbox 777 4429 922 4468; x_wconf 91' lang='lat' dir='ltr'><strong>nunc</strong></span> <span class='ocrx_word' id='word_1_705' title='bbox 951 4429 1290 4483; x_wconf 67' lang='lat' dir='ltr'><strong>quaecunque</strong></span> <span class='ocrx_word' id='word_1_706' title='bbox 1319 4429 1418 4483; x_wconf 87' lang='lat' dir='ltr'><strong>ego</strong></span> <span class='ocrx_word' id='word_1_707' title='bbox 1444 4414 1601 4469; x_wconf 89' lang='lat' dir='ltr'><strong>vobis</strong></span> <span class='ocrx_word' id='word_1_708' title='bbox 1627 4414 1850 4477; x_wconf 88' lang='lat' dir='ltr'><strong>mando,</strong></span> <span class='ocrx_word' id='word_1_709' title='bbox 1873 4429 1951 4469; x_wconf 87' lang='lat' dir='ltr'><strong>au-</strong></span> 
     </span>
    </p>
   </div>
   <div class='ocr_carea' id='block_1_88' title="bbox 2137 4411 3649 4483">
    <p class='ocr_par' dir='ltr' id='par_1_88' title="bbox 2146 4411 3649 4482">
     <span class='ocr_line' id='line_1_88' title="bbox 2146 4411 3649 4482; baseline 0.002 -18"><span class='ocrx_word' id='word_1_710' title='bbox 2146 4412 2242 4464; x_wconf 83' lang='lat' dir='ltr'><strong>Il&quot;.</strong></span> <span class='ocrx_word' id='word_1_711' title='bbox 2282 4431 2300 4462; x_wconf 77' lang='grc' dir='ltr'><strong>ι</strong></span> <span class='ocrx_word' id='word_1_712' title='bbox 2333 4412 2442 4464; x_wconf 86' lang='lat' dir='ltr'><strong>Kal</strong></span> <span class='ocrx_word' id='word_1_713' title='bbox 2463 4411 2557 4464; x_wconf 82' lang='grc' dir='ltr'>νῦν</span> <span class='ocrx_word' id='word_1_714' title='bbox 2585 4412 2682 4464; x_wconf 87' lang='grc' dir='ltr'><strong>ὅσα</strong></span> <span class='ocrx_word' id='word_1_715' title='bbox 2709 4411 2820 4480; x_wconf 76' lang='grc' dir='ltr'><strong>ἐγὼ</strong></span> <span class='ocrx_word' id='word_1_716' title='bbox 2843 4414 2972 4482; x_wconf 82' lang='grc' dir='ltr'>ὑμῖν</span> <span class='ocrx_word' id='word_1_717' title='bbox 2994 4411 3328 4482; x_wconf 79' lang='grc' dir='ltr'>ἐντέλλομαι,</span> <span class='ocrx_word' id='word_1_718' title='bbox 3355 4413 3649 4477; x_wconf 79' lang='grc' dir='ltr'>ἀκούσατε,</span> 
     </span>
    </p>
   </div>
   <div class='ocr_carea' id='block_1_89' title="bbox 401 4484 1913 4574">
    <p class='ocr_par' dir='ltr' id='par_1_89' title="bbox 401 4503 1913 4574">
     <span class='ocr_line' id='line_1_89' title="bbox 401 4503 1913 4574; baseline 0.002 -17"><span class='ocrx_word' id='word_1_719' title='bbox 401 4505 511 4560; x_wconf 90' lang='lat' dir='ltr'><strong>dite</strong></span> <span class='ocrx_word' id='word_1_720' title='bbox 547 4505 643 4560; x_wconf 83' lang='lat' dir='ltr'><strong>filii</strong></span> <span class='ocrx_word' id='word_1_721' title='bbox 674 4506 803 4570; x_wconf 91' lang='lat' dir='ltr'><strong>mei,</strong></span> <span class='ocrx_word' id='word_1_722' title='bbox 840 4503 1036 4559; x_wconf 74' lang='lat' dir='ltr'><strong>Iudam</strong></span> <span class='ocrx_word' id='word_1_723' title='bbox 1087 4515 1292 4574; x_wconf 85' lang='lat' dir='ltr'><strong>patrem</strong></span> <span class='ocrx_word' id='word_1_724' title='bbox 1336 4517 1596 4572; x_wconf 89' lang='lat' dir='ltr'><strong>vestrum,</strong></span> <span class='ocrx_word' id='word_1_725' title='bbox 1621 4519 1674 4560; x_wconf 91' lang='lat' dir='ltr'><strong>et</strong></span> <span class='ocrx_word' id='word_1_726' title='bbox 1703 4507 1913 4560; x_wconf 90' lang='lat' dir='ltr'><strong>custodi</strong></span> 
     </span>
    </p>
   </div>
   <div class='ocr_carea' id='block_1_90' title="bbox 2139 4484 3651 4574">
    <p class='ocr_par' dir='ltr' id='par_1_90' title="bbox 2139 4501 3651 4573">
     <span class='ocr_line' id='line_1_90' title="bbox 2139 4501 3651 4573; baseline 0.001 -18"><span class='ocrx_word' id='word_1_727' title='bbox 2139 4519 2236 4555; x_wconf 88' lang='grc' dir='ltr'><strong>κνα</strong></span> <span class='ocrx_word' id='word_1_728' title='bbox 2289 4519 2411 4572; x_wconf 89' lang='grc' dir='ltr'>μου,</span> <span class='ocrx_word' id='word_1_729' title='bbox 2450 4501 2618 4555; x_wconf 84' lang='grc' dir='ltr'>Ἰούδα</span> <span class='ocrx_word' id='word_1_730' title='bbox 2660 4501 2754 4554; x_wconf 80' lang='grc' dir='ltr'>τοῦ</span> <span class='ocrx_word' id='word_1_731' title='bbox 2796 4503 2998 4573; x_wconf 85' lang='grc' dir='ltr'>πατρὸς</span> <span class='ocrx_word' id='word_1_732' title='bbox 3035 4501 3209 4572; x_wconf 84' lang='grc' dir='ltr'>ὑμῶν,</span> <span class='ocrx_word' id='word_1_733' title='bbox 3250 4503 3344 4555; x_wconf 73' lang='grc' dir='ltr'>καὶ</span> <span class='ocrx_word' id='word_1_734' title='bbox 3377 4503 3651 4570; x_wconf 79' lang='grc' dir='ltr'>φυλάξατε</span> 
     </span>
    </p>
   </div>
   <div class='ocr_carea' id='block_1_91' title="bbox 399 4593 1911 4666">
    <p class='ocr_par' dir='ltr' id='par_1_91' title="bbox 399 4596 1911 4666">
     <span class='ocr_line' id='line_1_91' title="bbox 399 4596 1911 4666; baseline -0.001 -16"><span class='ocrx_word' id='word_1_735' title='bbox 399 4612 592 4652; x_wconf 87' lang='lat' dir='ltr'><strong>omnes</strong></span> <span class='ocrx_word' id='word_1_736' title='bbox 621 4612 902 4652; x_wconf 84' lang='lat' dir='ltr'><strong>sermones</strong></span> <span class='ocrx_word' id='word_1_737' title='bbox 936 4612 1109 4663; x_wconf 88' lang='lat' dir='ltr'><strong>meos,</strong></span> <span class='ocrx_word' id='word_1_738' title='bbox 1141 4597 1209 4652; x_wconf 90' lang='lat' dir='ltr'><strong>ad</strong></span> <span class='ocrx_word' id='word_1_739' title='bbox 1242 4596 1547 4652; x_wconf 87' lang='lat' dir='ltr'><strong>faciendum</strong></span> <span class='ocrx_word' id='word_1_740' title='bbox 1595 4612 1786 4652; x_wconf 87' lang='lat' dir='ltr'><strong>omnes</strong></span> <span class='ocrx_word' id='word_1_741' title='bbox 1811 4597 1911 4666; x_wconf 80' lang='lat' dir='ltr'><strong>juSI</strong></span> 
     </span>
    </p>
   </div>
   <div class='ocr_carea' id='block_1_92' title="bbox 2141 4593 3653 4666">
    <p class='ocr_par' dir='ltr' id='par_1_92' title="bbox 2141 4593 3653 4663">
     <span class='ocr_line' id='line_1_92' title="bbox 2141 4593 3653 4663; baseline 0.002 -17"><span class='ocrx_word' id='word_1_742' title='bbox 2141 4594 2282 4657; x_wconf 80' lang='grc' dir='ltr'>ὶντας</span> <span class='ocrx_word' id='word_1_743' title='bbox 2306 4596 2431 4658; x_wconf 84' lang='grc' dir='ltr'>τοὺς</span> <span class='ocrx_word' id='word_1_744' title='bbox 2457 4593 2644 4663; x_wconf 86' lang='grc' dir='ltr'>λόγους</span> <span class='ocrx_word' id='word_1_745' title='bbox 2673 4611 2794 4663; x_wconf 90' lang='grc' dir='ltr'>μου,</span> <span class='ocrx_word' id='word_1_746' title='bbox 2820 4593 2914 4646; x_wconf 78' lang='grc' dir='ltr'>τοῦ</span> <span class='ocrx_word' id='word_1_747' title='bbox 2948 4597 3118 4646; x_wconf 84' lang='grc' dir='ltr'>ποιεῖν</span> <span class='ocrx_word' id='word_1_748' title='bbox 3140 4595 3317 4647; x_wconf 79' lang='grc' dir='ltr'>πάντα</span> <span class='ocrx_word' id='word_1_749' title='bbox 3340 4595 3410 4646; x_wconf 75' lang='grc' dir='ltr'>τὰ</span> <span class='ocrx_word' id='word_1_750' title='bbox 3433 4595 3653 4649; x_wconf 78' lang='grc' dir='ltr'>δικαιὼ-</span> 
     </span>
    </p>
   </div>
   <div class='ocr_carea' id='block_1_93' title="bbox 399 4685 1911 4760">
    <p class='ocr_par' dir='ltr' id='par_1_93' title="bbox 399 4689 1911 4756">
     <span class='ocr_line' id='line_1_93' title="bbox 399 4689 1911 4756; baseline 0.001 -14"><span class='ocrx_word' id='word_1_751' title='bbox 399 4690 682 4744; x_wconf 79' lang='lat' dir='ltr'><strong>tieationes</strong></span> <span class='ocrx_word' id='word_1_752' title='bbox 707 4689 946 4756; x_wconf 87' lang='lat' dir='ltr'><strong>Domini,</strong></span> <span class='ocrx_word' id='word_1_753' title='bbox 973 4699 1029 4744; x_wconf 90' lang='lat' dir='ltr'><strong>et</strong></span> <span class='ocrx_word' id='word_1_754' title='bbox 1053 4689 1121 4744; x_wconf 88' lang='lat' dir='ltr'><strong>ad</strong></span> <span class='ocrx_word' id='word_1_755' title='bbox 1153 4689 1516 4745; x_wconf 88' lang='lat' dir='ltr'><strong>obediendum</strong></span> <span class='ocrx_word' id='word_1_756' title='bbox 1547 4690 1821 4746; x_wconf 86' lang='lat' dir='ltr'><strong>mandatis</strong></span> <span class='ocrx_word' id='word_1_757' title='bbox 1855 4691 1911 4744; x_wconf 72' lang='lat' dir='ltr'><strong>Di</strong></span> 
     </span>
    </p>
   </div>
   <div class='ocr_carea' id='block_1_94' title="bbox 2139 4685 3651 4760">
    <p class='ocr_par' dir='ltr' id='par_1_94' title="bbox 2139 4685 3651 4760">
     <span class='ocr_line' id='line_1_94' title="bbox 2139 4685 3651 4760; baseline 0.002 -22"><span class='ocrx_word' id='word_1_758' title='bbox 2139 4703 2227 4739; x_wconf 85' lang='grc' dir='ltr'><strong>ιτα</strong></span> <span class='ocrx_word' id='word_1_759' title='bbox 2267 4687 2494 4756; x_wconf 82' lang='grc' dir='ltr'>Κυρίου,</span> <span class='ocrx_word' id='word_1_760' title='bbox 2530 4688 2624 4740; x_wconf 83' lang='grc' dir='ltr'><strong>καὶ</strong></span> <span class='ocrx_word' id='word_1_761' title='bbox 2666 4687 2958 4740; x_wconf 79' lang='grc' dir='ltr'>ὑπακούειν</span> <span class='ocrx_word' id='word_1_762' title='bbox 2996 4685 3213 4749; x_wconf 84' lang='grc' dir='ltr'>ὲντολάς</span> <span class='ocrx_word' id='word_1_763' title='bbox 3249 4685 3408 4740; x_wconf 83' lang='grc' dir='ltr'>Θεοῦ.</span> <span class='ocrx_word' id='word_1_764' title='bbox 3437 4689 3552 4741; x_wconf 82' lang='lat' dir='ltr'><strong>Kal</strong></span> <span class='ocrx_word' id='word_1_765' title='bbox 3579 4689 3651 4760; x_wconf 82' lang='grc' dir='ltr'><strong>μή</strong></span> 
     </span>
    </p>
   </div>
   <div class='ocr_carea' id='block_1_95' title="bbox 400 4775 1912 4852">
    <p class='ocr_par' dir='ltr' id='par_1_95' title="bbox 400 4779 1885 4852">
     <span class='ocr_line' id='line_1_95' title="bbox 400 4779 1885 4852; baseline 0.001 -18"><span class='ocrx_word' id='word_1_766' title='bbox 400 4779 469 4834; x_wconf 80' lang='lat' dir='ltr'><strong>Et</strong></span> <span class='ocrx_word' id='word_1_767' title='bbox 509 4795 619 4836; x_wconf 86' lang='lat' dir='ltr'><strong>non</strong></span> <span class='ocrx_word' id='word_1_768' title='bbox 659 4781 947 4836; x_wconf 89' lang='lat' dir='ltr'><strong>ambuletis</strong></span> <span class='ocrx_word' id='word_1_769' title='bbox 987 4789 1112 4850; x_wconf 91' lang='lat' dir='ltr'><strong>post</strong></span> <span class='ocrx_word' id='word_1_770' title='bbox 1148 4781 1418 4836; x_wconf 88' lang='lat' dir='ltr'><strong>desideria</strong></span> <span class='ocrx_word' id='word_1_771' title='bbox 1468 4791 1672 4847; x_wconf 89' lang='lat' dir='ltr'><strong>vestra,</strong></span> <span class='ocrx_word' id='word_1_772' title='bbox 1710 4798 1885 4852; x_wconf 87' lang='lat' dir='ltr'><strong>neque</strong></span> 
     </span>
    </p>
   </div>
   <div class='ocr_carea' id='block_1_96' title="bbox 2140 4775 3652 4852">
    <p class='ocr_par' dir='ltr' id='par_1_96' title="bbox 2140 4775 3652 4849">
     <span class='ocr_line' id='line_1_96' title="bbox 2140 4775 3652 4849; baseline 0.003 -23"><span class='ocrx_word' id='word_1_773' title='bbox 2140 4775 2373 4847; x_wconf 70' lang='grc' dir='ltr'>ιρεύεσθε</span> <span class='ocrx_word' id='word_1_774' title='bbox 2397 4776 2570 4830; x_wconf 81' lang='grc' dir='ltr'>ὀπίσω</span> <span class='ocrx_word' id='word_1_775' title='bbox 2591 4777 2698 4829; x_wconf 84' lang='grc' dir='ltr'>τῶν</span> <span class='ocrx_word' id='word_1_776' title='bbox 2720 4775 3023 4847; x_wconf 74' lang='grc' dir='ltr'>ἐπιθυμιῶν</span> <span class='ocrx_word' id='word_1_777' title='bbox 3051 4777 3223 4849; x_wconf 83' lang='grc' dir='ltr'>ὑμῶν,</span> <span class='ocrx_word' id='word_1_778' title='bbox 3256 4776 3391 4846; x_wconf 79' lang='grc' dir='ltr'>μηδὲ</span> <span class='ocrx_word' id='word_1_779' title='bbox 3418 4779 3652 4849; x_wconf 80' lang='grc' dir='ltr'>ἐνθυμή-</span> 
     </span>
    </p>
   </div>
   <div class='ocr_carea' id='block_1_97' title="bbox 401 4863 1913 4943">
    <p class='ocr_par' dir='ltr' id='par_1_97' title="bbox 401 4872 1913 4943">
     <span class='ocr_line' id='line_1_97' title="bbox 401 4872 1913 4943; baseline 0 -17"><span class='ocrx_word' id='word_1_780' title='bbox 401 4872 824 4943; x_wconf 84' lang='lat' dir='ltr'><strong>cngitationihus</strong></span> <span class='ocrx_word' id='word_1_781' title='bbox 871 4874 1223 4928; x_wconf 87' lang='lat' dir='ltr'><strong>consiliorum</strong></span> <span class='ocrx_word' id='word_1_782' title='bbox 1263 4882 1592 4938; x_wconf 87' lang='lat' dir='ltr'><strong>vestrorum,</strong></span> <span class='ocrx_word' id='word_1_783' title='bbox 1623 4873 1678 4926; x_wconf 90' lang='lat' dir='ltr'><strong>in</strong></span> <span class='ocrx_word' id='word_1_784' title='bbox 1718 4873 1913 4942; x_wconf 87' lang='lat' dir='ltr'><strong>supcrb</strong></span> 
     </span>
    </p>
   </div>
   <div class='ocr_carea' id='block_1_98' title="bbox 2137 4863 3649 4943">
    <p class='ocr_par' dir='ltr' id='par_1_98' title="bbox 2143 4863 3649 4937">
     <span class='ocr_line' id='line_1_98' title="bbox 2143 4863 3649 4937; baseline 0.003 -20"><span class='ocrx_word' id='word_1_785' title='bbox 2143 4881 2193 4917; x_wconf 95' lang='grc' dir='ltr'><strong>σι</strong></span> <span class='ocrx_word' id='word_1_786' title='bbox 2217 4863 2532 4922; x_wconf 83' lang='grc' dir='ltr'>διαϐουλίων</span> <span class='ocrx_word' id='word_1_787' title='bbox 2557 4865 2728 4935; x_wconf 82' lang='grc' dir='ltr'>ὑμῶν,</span> <span class='ocrx_word' id='word_1_788' title='bbox 2752 4867 2808 4917; x_wconf 79' lang='grc' dir='ltr'><strong>ὲν</strong></span> <span class='ocrx_word' id='word_1_789' title='bbox 2841 4865 3188 4937; x_wconf 77' lang='grc' dir='ltr'>ὑπερηφανίᾳ</span> <span class='ocrx_word' id='word_1_790' title='bbox 3221 4866 3450 4937; x_wconf 81' lang='grc' dir='ltr'>καρδίας</span> <span class='ocrx_word' id='word_1_791' title='bbox 3476 4869 3649 4937; x_wconf 80' lang='grc' dir='ltr'>ὑμῶν,</span> 
     </span>
    </p>
   </div>
   <div class='ocr_carea' id='block_1_99' title="bbox 399 4955 1911 5032">
    <p class='ocr_par' dir='ltr' id='par_1_99' title="bbox 399 4958 1911 5032">
     <span class='ocr_line' id='line_1_99' title="bbox 399 4958 1911 5032; baseline -0.003 -14"><span class='ocrx_word' id='word_1_792' title='bbox 399 4963 584 5018; x_wconf 88' lang='lat' dir='ltr'><strong>cordis</strong></span> <span class='ocrx_word' id='word_1_793' title='bbox 610 4962 798 5028; x_wconf 87' lang='lat' dir='ltr'><strong>vestri,</strong></span> <span class='ocrx_word' id='word_1_794' title='bbox 827 4972 876 5016; x_wconf 87' lang='lat' dir='ltr'><strong>et</strong></span> <span class='ocrx_word' id='word_1_795' title='bbox 902 4977 969 5016; x_wconf 90' lang='lat' dir='ltr'><strong>ne</strong></span> <span class='ocrx_word' id='word_1_796' title='bbox 995 4961 1302 5032; x_wconf 82' lang='lat' dir='ltr'><strong>gloriemini</strong></span> <span class='ocrx_word' id='word_1_797' title='bbox 1338 4961 1392 5015; x_wconf 90' lang='lat' dir='ltr'><strong>in</strong></span> <span class='ocrx_word' id='word_1_798' title='bbox 1417 4961 1671 5030; x_wconf 86' lang='lat' dir='ltr'><strong>operibus</strong></span> <span class='ocrx_word' id='word_1_799' title='bbox 1697 4958 1911 5014; x_wconf 85' lang='lat' dir='ltr'><strong>fortituc</strong></span> 
     </span>
    </p>
   </div>
   <div class='ocr_carea' id='block_1_100' title="bbox 2136 4955 3648 5032">
    <p class='ocr_par' dir='ltr' id='par_1_100' title="bbox 2136 4955 3648 5029">
     <span class='ocr_line' id='line_1_100' title="bbox 2136 4955 3648 5029; baseline 0.001 -21"><span class='ocrx_word' id='word_1_800' title='bbox 2136 4957 2168 5009; x_wconf 79' lang='lat' dir='ltr'><strong>tl</strong></span> <span class='ocrx_word' id='word_1_801' title='bbox 2217 4956 2290 5028; x_wconf 80' lang='grc' dir='ltr'>μὴ</span> <span class='ocrx_word' id='word_1_802' title='bbox 2334 4955 2608 5026; x_wconf 82' lang='grc' dir='ltr'>καυχᾶσθε</span> <span class='ocrx_word' id='word_1_803' title='bbox 2648 4958 2706 5009; x_wconf 83' lang='grc' dir='ltr'><strong>ὲν</strong></span> <span class='ocrx_word' id='word_1_804' title='bbox 2739 4957 2923 5027; x_wconf 83' lang='grc' dir='ltr'>ἔργοις</span> <span class='ocrx_word' id='word_1_805' title='bbox 2960 4957 3139 5029; x_wconf 71' lang='grc' dir='ltr'>ἰσχύος</span> <span class='ocrx_word' id='word_1_806' title='bbox 3183 4957 3436 5029; x_wconf 85' lang='grc' dir='ltr'>νεότητος</span> <span class='ocrx_word' id='word_1_807' title='bbox 3475 4960 3648 5028; x_wconf 81' lang='grc' dir='ltr'>ὑμῶν,</span> 
     </span>
    </p>
   </div>
   <div class='ocr_carea' id='block_1_101' title="bbox 472 5133 1984 5211">
    <p class='ocr_par' dir='ltr' id='par_1_101' title="bbox 472 5133 1970 5211">
     <span class='ocr_line' id='line_1_101' title="bbox 472 5133 1970 5211; baseline -0.004 -17"><span class='ocrx_word' id='word_1_808' title='bbox 472 5138 585 5211; x_wconf 72' lang='grc'><strong>(84)</strong></span> <span class='ocrx_word' id='word_1_809' title='bbox 629 5139 709 5211; x_wconf 70' lang='grc' dir='ltr'>ῼύ</span> <span class='ocrx_word' id='word_1_810' title='bbox 766 5137 875 5211; x_wconf 73' lang='grc' dir='ltr'>γὰρ</span> <span class='ocrx_word' id='word_1_811' title='bbox 914 5139 1152 5211; x_wconf 30' lang='grc' dir='ltr'>ἤθελεν,</span> <span class='ocrx_word' id='word_1_812' title='bbox 1197 5137 1358 5205; x_wconf 75' lang='grc' dir='ltr'>ἔχειν</span> <span class='ocrx_word' id='word_1_813' title='bbox 1419 5135 1598 5211; x_wconf 52' lang='grc' dir='ltr'>τέκνα</span> <span class='ocrx_word' id='word_1_814' title='bbox 1645 5133 1970 5211; x_wconf 39' lang='grc' dir='ltr'>ἀπ’-αὐτῆς</span> 
     </span>
    </p>
   </div>
   <div class='ocr_carea' id='block_1_102' title="bbox 1738 5133 3250 5211">
    <p class='ocr_par' dir='ltr' id='par_1_102' title="bbox 1738 5133 3250 5211">
     <span class='ocr_line' id='line_1_102' title="bbox 1738 5133 3250 5211; baseline 0.004 -23"><span class='ocrx_word' id='word_1_815' title='bbox 1738 5133 1970 5211; x_wconf 35' lang='grc' dir='ltr'>’.αὺζῆςγ</span> <span class='ocrx_word' id='word_1_816' title='bbox 2143 5142 2256 5204; x_wconf 77' lang='lat'><strong>(85)</strong></span> <span class='ocrx_word' id='word_1_817' title='bbox 2288 5141 2522 5195; x_wconf 80' lang='lat' dir='ltr'><strong>Corruit.</strong></span> <span class='ocrx_word' id='word_1_818' title='bbox 2559 5140 2614 5195; x_wconf 93' lang='lat' dir='ltr'><strong>In</strong></span> <span class='ocrx_word' id='word_1_819' title='bbox 2641 5140 2847 5204; x_wconf 63' lang='lat' dir='ltr'><strong>Graeco,</strong></span> <span class='ocrx_word' id='word_1_820' title='bbox 2885 5142 3140 5208; x_wconf 76' lang='lat' dir='ltr'><strong>corrupit.</strong></span> <span class='ocrx_word' id='word_1_821' title='bbox 3178 5141 3250 5194; x_wconf 83' lang='lat' dir='ltr'><strong>In.</strong></span> 
     </span>
    </p>
   </div>
   <div class='ocr_carea' id='block_1_103' title="bbox 400 5206 3473 5284">
    <p class='ocr_par' dir='ltr' id='par_1_103' title="bbox 400 5206 3473 5284">
     <span class='ocr_line' id='line_1_103' title="bbox 400 5206 3473 5284; baseline -0.002 -21"><span class='ocrx_word' id='word_1_822' title='bbox 400 5206 574 5278; x_wconf 59' lang='grc' dir='ltr'><strong>χαῖα-ε’</strong></span> <span class='ocrx_word' id='word_1_823' title='bbox 605 5206 1107 5284; x_wconf 52' lang='grc' dir='ltr'>ορτρςίᾲπέθίινεν</span> <span class='ocrx_word' id='word_1_824' title='bbox 1129 5208 1198 5284; x_wconf 59' lang='grc' dir='ltr'>έν</span> <span class='ocrx_word' id='word_1_825' title='bbox 1220 5209 1513 5284; x_wconf 43' lang='grc' dir='ltr'>πονηρίᾳ..</span> <span class='ocrx_word' id='word_1_826' title='bbox 1670 5206 1976 5284; x_wconf 49' lang='grc' dir='ltr'><strong>ῖαῖςηῇέέές-</strong></span> <span class='ocrx_word' id='word_1_827' title='bbox 2143 5211 2251 5284; x_wconf 77' lang='grc'>(86)</span> <span class='ocrx_word' id='word_1_828' title='bbox 2281 5214 2592 5284; x_wconf 55' lang='grc' dir='ltr'>Νεότητος,</span> <span class='ocrx_word' id='word_1_829' title='bbox 2624 5211 2817 5282; x_wconf 76' lang='grc' dir='ltr'>Ψυχῆς</span> <span class='ocrx_word' id='word_1_830' title='bbox 2844 5213 2938 5264; x_wconf 66' lang='grc' dir='ltr'><strong>καὶ</strong></span> <span class='ocrx_word' id='word_1_831' title='bbox 2967 5206 3066 5280; x_wconf 66' lang='grc' dir='ltr'>τῆς</span> <span class='ocrx_word' id='word_1_832' title='bbox 3090 5211 3358 5284; x_wconf 38' lang='lat' dir='ltr'><strong>[adem-0;.</strong></span> <span class='ocrx_word' id='word_1_833' title='bbox 3390 5210 3473 5284; x_wconf 69' lang='lat' dir='ltr'><strong>In,</strong></span> 
     </span>
    </p>
   </div>
   <div class='ocr_carea' id='block_1_104' title="bbox 393 5275 1905 5354">
    <p class='ocr_par' dir='ltr' id='par_1_104' title="bbox 393 5275 1905 5354">
     <span class='ocr_line' id='line_1_104' title="bbox 393 5275 1905 5354; baseline -0.005 -18"><span class='ocrx_word' id='word_1_834' title='bbox 393 5275 528 5348; x_wconf 67' lang='grc' dir='ltr'>ραις·</span> <span class='ocrx_word' id='word_1_835' title='bbox 563 5279 666 5354; x_wconf 64' lang='lat'><strong>101:)</strong></span> <span class='ocrx_word' id='word_1_836' title='bbox 692 5277 958 5354; x_wconf 75' lang='grc' dir='ltr'>θαλᾴμου</span> <span class='ocrx_word' id='word_1_837' title='bbox 981 5277 1426 5354; x_wconf 58' lang='grc' dir='ltr'>ἑπεγάμϐρερσα</span> <span class='ocrx_word' id='word_1_838' title='bbox 1448 5275 1728 5354; x_wconf 44' lang='grc' dir='ltr'><strong>αὑτῇ-τὸν</strong></span> <span class='ocrx_word' id='word_1_839' title='bbox 1750 5275 1905 5354; x_wconf 69' lang='grc' dir='ltr'><strong>Αὺγὰ</strong></span> 
     </span>
    </p>
   </div>
   <div class='ocr_carea' id='block_1_105' title="bbox 1958 5275 3470 5354">
    <p class='ocr_par' dir='ltr' id='par_1_105' title="bbox 1958 5275 3470 5354">
     <span class='ocr_line' id='line_1_105' title="bbox 1958 5275 3470 5354; baseline 0.001 -21"><span class='ocrx_word' id='word_1_840' title='bbox 1958 5291 1970 5303; x_wconf 84' lang='grc'><strong>⁸</strong></span> <span class='ocrx_word' id='word_1_841' title='bbox 2288 5281 2415 5335; x_wconf 81' lang='lat' dir='ltr'><strong>Post</strong></span> <span class='ocrx_word' id='word_1_842' title='bbox 2446 5275 2747 5336; x_wconf 21' lang='grc' dir='ltr'>Ιιοδίαιιιειὶἰ</span> <span class='ocrx_word' id='word_1_843' title='bbox 2775 5275 3057 5354; x_wconf 48' lang='lat' dir='ltr'><strong>sermories.</strong></span> <span class='ocrx_word' id='word_1_844' title='bbox 3098 5275 3363 5354; x_wconf 65' lang='lat' dir='ltr'><strong>Posthwc.</strong></span> <span class='ocrx_word' id='word_1_845' title='bbox 3389 5282 3470 5354; x_wconf 65' lang='lat' dir='ltr'><strong>1p.</strong></span> 
     </span>
    </p>
   </div>
   <div class='ocr_carea' id='block_1_106' title="bbox 403 5344 3646 5422">
    <p class='ocr_par' dir='ltr' id='par_1_106' title="bbox 403 5344 3646 5422">
     <span class='ocr_line' id='line_1_106' title="bbox 403 5344 3646 5422; baseline 0.014 -56"><span class='ocrx_word' id='word_1_846' title='bbox 403 5344 569 5420; x_wconf 36' lang='lat' dir='ltr'><strong>wife</strong></span> <span class='ocrx_word' id='word_1_847' title='bbox 597 5348 772 5422; x_wconf 46' lang='lat'><strong>053,09</strong></span> <span class='ocrx_word' id='word_1_848' title='bbox 796 5344 864 5401; x_wconf 41' lang='grc' dir='ltr'><strong><em>ἐν</em></strong></span> <span class='ocrx_word' id='word_1_849' title='bbox 888 5344 1272 5422; x_wconf 31' lang='lat' dir='ltr'><strong>“mnem-</strong></span> <span class='ocrx_word' id='word_1_850' title='bbox 1297 5346 1689 5422; x_wconf 10' lang='lat' dir='ltr'><strong>gw-ggamliw,</strong></span> <span class='ocrx_word' id='word_1_851' title='bbox 1717 5344 1975 5422; x_wconf 65' lang='grc' dir='ltr'>πριήσίις</span> <span class='ocrx_word' id='word_1_852' title='bbox 2143 5344 2252 5422; x_wconf 67' lang='grc'><strong>(88)</strong></span> <span class='ocrx_word' id='word_1_853' title='bbox 2271 5354 2449 5406; x_wconf 79' lang='grc' dir='ltr'>Πόλει</span> <span class='ocrx_word' id='word_1_854' title='bbox 2474 5353 2932 5420; x_wconf 73' lang='grc' dir='ltr'>τελισκομένην.</span> <span class='ocrx_word' id='word_1_855' title='bbox 2955 5349 3105 5422; x_wconf 81' lang='grc' dir='ltr'>Πύλῃ</span> <span class='ocrx_word' id='word_1_856' title='bbox 3121 5351 3552 5422; x_wconf 78' lang='grc' dir='ltr'>τελωνουμὲνην,</span> <span class='ocrx_word' id='word_1_857' title='bbox 3573 5351 3646 5409; x_wconf 77' lang='lat' dir='ltr'><strong>In.</strong></span> 
     </span>
    </p>
   </div>
   <div class='ocr_carea' id='block_1_107' title="bbox 403 5414 1915 5493">
    <p class='ocr_par' dir='ltr' id='par_1_107' title="bbox 403 5414 1915 5493">
     <span class='ocr_line' id='line_1_107' title="bbox 403 5414 1915 5493; baseline -0.007 -17"><span class='ocrx_word' id='word_1_858' title='bbox 403 5414 522 5477; x_wconf 68' lang='grc' dir='ltr'>σὺνί</span> <span class='ocrx_word' id='word_1_859' title='bbox 542 5417 693 5487; x_wconf 81' lang='grc' dir='ltr'><strong>αὐτῇ</strong></span> <span class='ocrx_word' id='word_1_860' title='bbox 720 5419 1018 5493; x_wconf 56' lang='grc' dir='ltr'><strong>εῑξγιαρτίξνἶ</strong></span> <span class='ocrx_word' id='word_1_861' title='bbox 1043 5414 1152 5470; x_wconf 74' lang='grc' dir='ltr'>Καὶ</span> <span class='ocrx_word' id='word_1_862' title='bbox 1177 5417 1283 5493; x_wconf 61' lang='grc' dir='ltr'>ὅτε</span> <span class='ocrx_word' id='word_1_863' title='bbox 1298 5414 1601 5493; x_wconf 61' lang='grc' dir='ltr'>ἠπείλησα</span> <span class='ocrx_word' id='word_1_864' title='bbox 1622 5414 1915 5493; x_wconf 36' lang='grc' dir='ltr'>αὺτῷησυέ</span> 
     </span>
    </p>
   </div>
   <div class='ocr_carea' id='block_1_108' title="bbox 2136 5414 3648 5493">
    <p class='ocr_par' dir='ltr' id='par_1_108' title="bbox 2136 5414 3648 5493">
     <span class='ocr_line' id='line_1_108' title="bbox 2136 5414 3648 5493; baseline -0.001 -17"><span class='ocrx_word' id='word_1_865' title='bbox 2136 5414 2539 5493; x_wconf 71' lang='grc' dir='ltr'>ι’Τελισκομὲνη</span> <span class='ocrx_word' id='word_1_866' title='bbox 2559 5463 2573 5487; x_wconf 93' lang='grc'><strong>,</strong></span> <span class='ocrx_word' id='word_1_867' title='bbox 2604 5414 2732 5476; x_wconf 61' lang='grc' dir='ltr'>ηοιί</span> <span class='ocrx_word' id='word_1_868' title='bbox 2753 5433 2838 5476; x_wconf 91' lang='lat' dir='ltr'><strong>est</strong></span> <span class='ocrx_word' id='word_1_869' title='bbox 2861 5414 3216 5493; x_wconf 59' lang='grc' dir='ltr'><strong>ἄωροῃέὶιιο,</strong></span> <span class='ocrx_word' id='word_1_870' title='bbox 3247 5430 3306 5493; x_wconf 78' lang='lat' dir='ltr'><strong>ut</strong></span> <span class='ocrx_word' id='word_1_871' title='bbox 3345 5414 3526 5493; x_wconf 73' lang='lat' dir='ltr'><strong>reddit</strong></span> <span class='ocrx_word' id='word_1_872' title='bbox 3569 5424 3648 5476; x_wconf 80' lang='lat' dir='ltr'><strong>in-</strong></span> 
     </span>
    </p>
   </div>
   <div class='ocr_carea' id='block_1_109' title="bbox 401 5483 1913 5565">
    <p class='ocr_par' dir='ltr' id='par_1_109' title="bbox 401 5483 1913 5565">
     <span class='ocr_line' id='line_1_109' title="bbox 401 5483 1913 5565; baseline -0.007 -20"><span class='ocrx_word' id='word_1_873' title='bbox 401 5492 550 5565; x_wconf 49' lang='grc' dir='ltr'>ῆᾼθε</span> <span class='ocrx_word' id='word_1_874' title='bbox 575 5483 897 5565; x_wconf 55' lang='grc' dir='ltr'>μὲῆαὺζῇ,</span> <span class='ocrx_word' id='word_1_875' title='bbox 929 5487 1220 5565; x_wconf 52' lang='grc' dir='ltr'>διέφθειρε</span> <span class='ocrx_word' id='word_1_876' title='bbox 1354 5487 1418 5538; x_wconf 78' lang='grc' dir='ltr'>τὸ</span> <span class='ocrx_word' id='word_1_877' title='bbox 1459 5486 1694 5565; x_wconf 44' lang='lat' dir='ltr'><strong>caci-Wa</strong></span> <span class='ocrx_word' id='word_1_878' title='bbox 1728 5485 1824 5564; x_wconf 59' lang='grc' dir='ltr'><strong>ἐίτὶ</strong></span> <span class='ocrx_word' id='word_1_879' title='bbox 1850 5483 1913 5565; x_wconf 44' lang='grc' dir='ltr'><strong>’ζὶ</strong></span> 
     </span>
    </p>
   </div>
   <div class='ocr_carea' id='block_1_110' title="bbox 2131 5483 3643 5565">
    <p class='ocr_par' dir='ltr' id='par_1_110' title="bbox 2134 5483 3643 5565">
     <span class='ocr_line' id='line_1_110' title="bbox 2134 5483 3643 5565; baseline 0.001 -19"><span class='ocrx_word' id='word_1_880' title='bbox 2134 5511 2279 5563; x_wconf 75' lang='lat' dir='ltr'><strong>pres</strong></span> <span class='ocrx_word' id='word_1_881' title='bbox 2320 5483 2682 5554; x_wconf 36' lang='lat' dir='ltr'><strong>Lati:ie&#39;,&#39;sed</strong></span> <span class='ocrx_word' id='word_1_882' title='bbox 2736 5483 2986 5565; x_wconf 55' lang='lat' dir='ltr'><strong>scortum.</strong></span> <span class='ocrx_word' id='word_1_883' title='bbox 3030 5491 3207 5546; x_wconf 87' lang='lat' dir='ltr'><strong>Semel</strong></span> <span class='ocrx_word' id='word_1_884' title='bbox 3255 5491 3454 5565; x_wconf 64' lang='lat' dir='ltr'><strong>legitur</strong></span> <span class='ocrx_word' id='word_1_885' title='bbox 3494 5493 3547 5565; x_wconf 82' lang='lat' dir='ltr'><strong>in</strong></span> <span class='ocrx_word' id='word_1_886' title='bbox 3590 5494 3643 5547; x_wconf 91' lang='lat' dir='ltr'><strong>S.</strong></span> 
     </span>
    </p>
   </div>
   <div class='ocr_carea' id='block_1_111' title="bbox 400 5553 1912 5631">
    <p class='ocr_par' dir='ltr' id='par_1_111' title="bbox 400 5553 1912 5631">
     <span class='ocr_line' id='line_1_111' title="bbox 400 5553 1912 5631; baseline -0.009 -14"><span class='ocrx_word' id='word_1_887' title='bbox 400 5553 537 5631; x_wconf 60' lang='lat' dir='ltr'><strong>ﬁr,</strong></span> <span class='ocrx_word' id='word_1_888' title='bbox 575 5553 725 5613; x_wconf 51' lang='grc' dir='ltr'>κατὰ</span> <span class='ocrx_word' id='word_1_889' title='bbox 769 5553 882 5626; x_wconf 48' lang='grc' dir='ltr'>τὴν·</span> <span class='ocrx_word' id='word_1_890' title='bbox 913 5553 1316 5631; x_wconf 48' lang='grc' dir='ltr'><strong>ἐγϊὸλὴώχτῆς</strong></span> <span class='ocrx_word' id='word_1_891' title='bbox 1342 5556 1569 5631; x_wconf 68' lang='grc' dir='ltr'>μητρὸς</span> <span class='ocrx_word' id='word_1_892' title='bbox 1597 5555 1800 5608; x_wconf 76' lang='grc' dir='ltr'>αὑτοῦ.</span> <span class='ocrx_word' id='word_1_893' title='bbox 1849 5553 1912 5607; x_wconf 61' lang='lat' dir='ltr'><strong>II;</strong></span> 
     </span>
    </p>
   </div>
   <div class='ocr_carea' id='block_1_112' title="bbox 2130 5553 3642 5631">
    <p class='ocr_par' dir='ltr' id='par_1_112' title="bbox 2130 5553 3642 5631">
     <span class='ocr_line' id='line_1_112' title="bbox 2130 5553 3642 5631; baseline 0.004 -19"><span class='ocrx_word' id='word_1_894' title='bbox 2130 5553 2271 5631; x_wconf 58' lang='lat' dir='ltr'><strong>sr&#39;ipt.</strong></span> <span class='ocrx_word' id='word_1_895' title='bbox 2299 5565 2365 5618; x_wconf 91' lang='lat' dir='ltr'><strong>de</strong></span> <span class='ocrx_word' id='word_1_896' title='bbox 2396 5553 2578 5618; x_wconf 89' lang='lat' dir='ltr'><strong>scorto</strong></span> <span class='ocrx_word' id='word_1_897' title='bbox 2611 5563 2870 5617; x_wconf 86' lang='lat' dir='ltr'><strong>masculo.</strong></span> <span class='ocrx_word' id='word_1_898' title='bbox 2901 5561 3116 5616; x_wconf 71' lang='lat' dir='ltr'><strong>Denter.</strong></span> <span class='ocrx_word' id='word_1_899' title='bbox 3145 5553 3420 5622; x_wconf 40' lang='lat' dir='ltr'><strong>xmthS,</strong></span> <span class='ocrx_word' id='word_1_900' title='bbox 3455 5563 3642 5618; x_wconf 78' lang='lat' dir='ltr'><strong>Alex.:</strong></span> 
     </span>
    </p>
   </div>
   <div class='ocr_carea' id='block_1_113' title="bbox 403 5627 1915 5702">
    <p class='ocr_par' dir='ltr' id='par_1_113' title="bbox 403 5627 1909 5702">
     <span class='ocr_line' id='line_1_113' title="bbox 403 5627 1909 5702; baseline -0.005 -17"><span class='ocrx_word' id='word_1_901' title='bbox 403 5627 798 5686; x_wconf 24' lang='lat' dir='ltr'><strong>iu‘Oxoniensi</strong></span> <span class='ocrx_word' id='word_1_902' title='bbox 855 5630 1044 5702; x_wconf 71' lang='lat' dir='ltr'><strong>codice</strong></span> <span class='ocrx_word' id='word_1_903' title='bbox 1089 5628 1231 5702; x_wconf 72' lang='lat' dir='ltr'><strong>male</strong></span> <span class='ocrx_word' id='word_1_904' title='bbox 1283 5637 1410 5702; x_wconf 65' lang='lat' dir='ltr'><strong>sunt</strong></span> <span class='ocrx_word' id='word_1_905' title='bbox 1465 5627 1664 5702; x_wconf 65' lang='lat' dir='ltr'><strong>omissa</strong></span> <span class='ocrx_word' id='word_1_906' title='bbox 1703 5644 1714 5678; x_wconf 93' lang='lat'><strong>:</strong></span> <span class='ocrx_word' id='word_1_907' title='bbox 1758 5634 1909 5702; x_wconf 69' lang='lat' dir='ltr'><strong>exsta</strong></span> 
     </span>
    </p>
   </div>
   <div class='ocr_carea' id='block_1_114' title="bbox 2063 5627 3575 5702">
    <p class='ocr_par' dir='ltr' id='par_1_114' title="bbox 2071 5627 3575 5702">
     <span class='ocr_line' id='line_1_114' title="bbox 2071 5627 3575 5702; baseline -0.001 -12"><span class='ocrx_word' id='word_1_908' title='bbox 2071 5638 2170 5690; x_wconf 72' lang='grc' dir='ltr'>οὐκ</span> <span class='ocrx_word' id='word_1_909' title='bbox 2199 5627 2349 5688; x_wconf 71' lang='grc' dir='ltr'>ἔσται</span> <span class='ocrx_word' id='word_1_910' title='bbox 2377 5635 2752 5702; x_wconf 80' lang='grc' dir='ltr'>τελισκόμενος</span> <span class='ocrx_word' id='word_1_911' title='bbox 2777 5632 2914 5702; x_wconf 74' lang='grc' dir='ltr'>πρὸς</span> <span class='ocrx_word' id='word_1_912' title='bbox 2948 5634 3125 5702; x_wconf 80' lang='grc' dir='ltr'>πᾶσαν</span> <span class='ocrx_word' id='word_1_913' title='bbox 3151 5632 3338 5702; x_wconf 82' lang='grc' dir='ltr'>εὐχήν.</span> <span class='ocrx_word' id='word_1_914' title='bbox 3372 5632 3575 5695; x_wconf 66' lang='lat' dir='ltr'><strong>Dnacn.</strong></span> 
     </span>
    </p>
   </div>
   <div class='ocr_carea' id='block_1_115' title="bbox 401 5692 1913 5777">
    <p class='ocr_par' dir='ltr' id='par_1_115' title="bbox 401 5692 1913 5777">
     <span class='ocr_line' id='line_1_115' title="bbox 401 5692 1913 5777; baseline -0.006 -22"><span class='ocrx_word' id='word_1_915' title='bbox 401 5716 531 5755; x_wconf 55' lang='lat' dir='ltr'><strong>vero</strong></span> <span class='ocrx_word' id='word_1_916' title='bbox 564 5701 614 5752; x_wconf 90' lang='lat' dir='ltr'><strong>iu</strong></span> <span class='ocrx_word' id='word_1_917' title='bbox 647 5714 713 5753; x_wconf 90' lang='lat' dir='ltr'><strong>eo</strong></span> <span class='ocrx_word' id='word_1_918' title='bbox 750 5699 1040 5777; x_wconf 64' lang='lat' dir='ltr'><strong>sequentia</strong></span> <span class='ocrx_word' id='word_1_919' title='bbox 1061 5717 1073 5751; x_wconf 95' lang='lat'>:</span> <span class='ocrx_word' id='word_1_920' title='bbox 1095 5692 1454 5777; x_wconf 37' lang='lat' dir='ltr'><strong>Kaiye-obto;</strong></span> <span class='ocrx_word' id='word_1_921' title='bbox 1490 5695 1756 5777; x_wconf 54' lang='grc' dir='ltr'>ἀπέθανεν</span> <span class='ocrx_word' id='word_1_922' title='bbox 1788 5697 1846 5747; x_wconf 81' lang='grc' dir='ltr'>ἐν</span> <span class='ocrx_word' id='word_1_923' title='bbox 1878 5712 1913 5746; x_wconf 90' lang='grc' dir='ltr'><strong>π</strong></span> 
     </span>
    </p>
   </div>
   <div class='ocr_carea' id='block_1_116' title="bbox 1694 5692 3206 5777">
    <p class='ocr_par' dir='ltr' id='par_1_116' title="bbox 1694 5692 3206 5777">
     <span class='ocr_line' id='line_1_116' title="bbox 1694 5692 3206 5777; baseline 0 -20"><span class='ocrx_word' id='word_1_924' title='bbox 1694 5713 1756 5749; x_wconf 61' lang='lat' dir='ltr'><strong>’F-V</strong></span> <span class='ocrx_word' id='word_1_925' title='bbox 1788 5697 1846 5747; x_wconf 76' lang='grc' dir='ltr'>ἐν</span> <span class='ocrx_word' id='word_1_926' title='bbox 1878 5711 1972 5746; x_wconf 83' lang='grc' dir='ltr'><strong>πο·</strong></span> <span class='ocrx_word' id='word_1_927' title='bbox 2144 5707 2256 5777; x_wconf 85' lang='lat'><strong>(89)</strong></span> <span class='ocrx_word' id='word_1_928' title='bbox 2286 5705 2392 5762; x_wconf 79' lang='lat' dir='ltr'><strong>Kal</strong></span> <span class='ocrx_word' id='word_1_929' title='bbox 2419 5692 2698 5774; x_wconf 69' lang='grc' dir='ltr'><strong>ἐνόμιζεν.</strong></span> <span class='ocrx_word' id='word_1_930' title='bbox 2729 5692 3001 5776; x_wconf 71' lang='grc' dir='ltr'>Νομίζων.</span> <span class='ocrx_word' id='word_1_931' title='bbox 3039 5701 3206 5758; x_wconf 61' lang='lat' dir='ltr'><strong>Gesn.</strong></span> 
     </span>
    </p>
   </div>
   <div class='ocr_carea' id='block_1_117' title="bbox 402 5766 1734 5846">
    <p class='ocr_par' dir='ltr' id='par_1_117' title="bbox 402 5766 1734 5846">
     <span class='ocr_line' id='line_1_117' title="bbox 402 5766 1734 5846; baseline -0.001 -23"><span class='ocrx_word' id='word_1_932' title='bbox 402 5771 584 5846; x_wconf 62' lang='grc' dir='ltr'>νηρίᾳ,</span> <span class='ocrx_word' id='word_1_933' title='bbox 620 5785 739 5841; x_wconf 67' lang='lat' dir='ltr'><strong>quae</strong></span> <span class='ocrx_word' id='word_1_934' title='bbox 769 5766 1290 5842; x_wconf 22' lang='lat' dir='ltr'><strong>iu‘Cautahrigieusi</strong></span> <span class='ocrx_word' id='word_1_935' title='bbox 1322 5766 1535 5822; x_wconf 75' lang='lat' dir='ltr'><strong>desiuit.</strong></span> <span class='ocrx_word' id='word_1_936' title='bbox 1567 5767 1734 5825; x_wconf 75' lang='lat' dir='ltr'><strong>Gil/t5.</strong></span> 
     </span>
    </p>
   </div>
   <div class='ocr_carea' id='block_1_118' title="bbox 3547 5837 3632 5845">
    <p class='ocr_par' dir='ltr' id='par_1_118' title="bbox 3547 5837 3632 5845">
     <span class='ocr_line' id='line_1_118' title="bbox 3547 5837 3632 5845; baseline 0.024 -3"><span class='ocrx_word' id='word_1_937' title='bbox 3547 5837 3632 5845; x_wconf 53' lang='lat'><strong>‘-</strong></span> 
     </span>
    </p>
   </div>
  </div>
