3830 6216
156 304 306 362 1077

1398 312 1927 373 TESTAMENTUM
1963 317 2179 374 Jl‘DjE.

3270 326 3410 381 1078

149 418 245 510 ὃτι
263 416 435 510 καίγεΔ
451 418 607 474 τοῦτο
624 421 855 494 πονηρὸν
878 423 935 476 ὲν
950 422 1243 496 ὀφθαλμοῖς
1268 426 1489 497 Κυρίου.
1526 428 1705 481 Ἐπειδ

1853 431 1939 486 uis
1964 432 2264 501 juventutis
2295 444 2507 503 vestrae,
2540 437 2798 507 quoniam
2821 448 2874 493 et
2901 438 3006 494 hoc
3036 446 3119 494 est
3141 441 3411 510 pernicio-

151 506 272 578 γὰρ
304 506 457 577 κάγὼ
490 511 923 583 καυχησάμενος,
966 514 1047 567 ὅτι
1081 514 1139 566 ὲν
1173 514 1430 586 πολέμοις
1462 518 1560 570 οὐκ
1592 518 1737 588 ἡπά-

148 600 295 669 τησέ
353 618 420 670 με
472 601 759 673 πρόσωπον
807 607 1064 673 γυναικὸς
1111 608 1417 679 εὐμόρφου,
1466 609 1742 673 ὠνείδιζον

164 692 413 765 Ῥουϐὴμ
444 694 536 747 τὸν
568 695 794 765 ἀδελφόν
829 715 929 768 μου
956 700 1084 770 περὶ
1118 701 1325 765 Βάλλας
1352 701 1608 771 γυναικὸς
1634 719 1741 754 πα-

146 785 287 855 τρός
316 802 436 855 μου⁸
462 787 639 840 καὶτὸ
666 786 881 859 πνεῦμα
912 789 1005 842 τοῦ
1040 791 1203 877 ζήλου
1237 793 1331 847 καῖ¹
1362 793 1463 863 τῆς
1491 794 1743 865 πορνείας

1844 539 1964 577 sum
2002 526 2056 578 in
2087 527 2265 583 oculis
2300 527 2537 584 Domini.
2580 528 2718 596 Quia
2759 532 2904 585 enim
2935 540 2989 587 et
3020 547 3120 603 ego
3148 532 3408 601 gloriatus

1845 632 1988 682 sum,
2014 620 2157 687 quod
2187 620 2239 674 in
2278 622 2433 677 bellis
2470 638 2578 677 non
2620 624 2827 693 decepit
2855 640 2941 679 me
2972 624 3136 680 facies
3163 626 3408 681 mulieris

1847 706 2124 774 formosae,
2160 712 2362 780 probro
2410 712 2562 770 aﬁ‘eci
2608 714 2797 769 Ruben
2842 711 3062 770 fratrem
3113 732 3291 771 meum
3341 718 3408 773 de

1852 799 1998 855 Balla
2041 818 2210 856 uxore
2247 805 2415 873 patris
2448 806 2552 860 mei
2581 826 2594 861 :
2621 816 2674 861 et
2699 808 2921 876 spiritus
2949 809 3047 862 zeli
3083 818 3137 863 et
3174 808 3409 864 fornica-

148 876 504 949 παρετάξατο
544 880 601 932 ὲν
636 881 777 950 ἐμοὶ,
804 880 909 945 ἕως
938 868 1211 936 συνέπῖσα
1252 886 1331 948 είς
1366 885 1610 955 Βησσουὲ
1641 886 1742 958 τὴν

144 968 490 1033 Χαναναίαν,
536 969 630 1022 καὶ
681 970 761 1034 είς
807 970 1006 1042 Θάμαρ
1054 972 1152 1044 τὴν
1189 974 1587 1045 νυμφευθεῖσαν
1629 979 1741 1039 τοῖς

145 1060 294 1123 υἱοῖς
343 1077 461 1130 μου.
510 1061 621 1113 Kal
668 1060 851 1130 ἔλεγον
896 1062 974 1133 τῷ
1010 1063 1255 1136 πενθερῷ
1299 1082 1422 1136 μουο
1453 1085 1470 1117 ι
1500 1066 1744 1137 Συμϐου-

142 1147 334 1201 λεύσω
358 1148 434 1220 τῷ
465 1151 633 1219 πατρί
670 1168 794 1222 μου,
834 1152 928 1211 καὶ
965 1152 1139 1218 οὕτως
1177 1154 1415 1227 λήψομαι
1449 1156 1544 1227 τὴν
1578 1156 1743 1227 θυγα-

140 1240 292 1311 τέρα
328 1258 440 1295 σου.
468 1261 486 1292 ι
518 1243 628 1295 Kal
660 1242 829 1310 ἐδειξέ
864 1261 952 1315 μοι
980 1246 1066 1298 ἐπ’
1083 1246 1307 1318 ὀνόματι
1338 1249 1439 1318 τῆς
1474 1248 1740 1322 θυγατρὸς

145 1331 325 1385 αὑτοῦ
358 1332 559 1404 χρυσοῦ
586 1334 792 1405 πλῆθος
824 1336 1069 1408 ἄπειρον·
1094 1334 1162 1410 ἦν
1196 1339 1304 1411 γὰρ
1331 1339 1599 1411 βασιλεύς.
1631 1342 1741 1395 Καὶ

142 1424 327 1495 αὐτὴν
352 1428 633 1496 κοσμήσας
658 1429 713 1479 ὲν
734 1430 939 1499 χρυσίῳ
961 1430 1053 1482 καὶ
1081 1432 1464 1503 μαργαρίταις,
1490 1433 1740 1503 ἐποίησεν

137 1520 287 1587 ἡμῖν
312 1519 567 1589 οἰνοχοεῖν
590 1522 647 1572 ὲν
668 1521 745 1590 τῷ
765 1522 984 1593 δείπνῳ,
1012 1525 1068 1575 ὲν
1097 1523 1282 1578 κάλλει
1306 1526 1598 1592 γυναικῶν.
1629 1527 1740 1580 Kal

136 1611 172 1661 6
212 1605 356 1674 οἶνος
403 1610 685 1683 διέστρεψέ
737 1631 827 1684 μοι
875 1617 1007 1680 τοὺς
1052 1616 1383 1689 ὀφθαλμοὺς,
1419 1621 1515 1673 καλ⁴
1558 1621 1739 1692 ὴμαύ-

140 1717 296 1775 ρωσε
323 1701 421 1773 τὴν
448 1704 675 1775 καρδίαν
714 1721 816 1775 μου
851 1707 884 1775 ἡ
924 1706 1101 1779 ἡδονή.
1143 1709 1253 1761 Kal
1281 1710 1531 1778 ἐρασθεὶς
1566 1711 1704 1782 αὐτῆ

1842 1731 2217 1794 transgressus
2248 1742 2369 1780 sum
2401 1726 2719 1781 mandatum
2760 1727 2976 1781 Domini
3003 1738 3056 1782 et
3092 1729 3406 1783 mandatum

137 1794 442 1861 συνέπεσα,
484 1797 578 1849 καὶ
610 1797 862 1868 παρέϐην
904 1798 1122 1869 ἐντολὴν
1146 1799 1376 1871 Κυρίου,
1405 1802 1497 1854 καὶ
1521 1801 1703 1873 ἐντολὴ

1840 1825 2054 1884 patrum
2088 1832 2357 1883 meorum,
2384 1829 2435 1872 et
2481 1819 2665 1888 accepi
2705 1836 2824 1873 eam
2856 1820 2906 1872 in
2950 1836 3198 1875 uxorem.
3236 1820 3299 1876 Et
3324 1838 3409 1877 se-

132 1884 405 1957 πατέρων
445 1904 567 1958 μου,
609 1890 702 1941 καὶ
751 1887 941 1943 ἔλαϐον
989 1889 1159 1960 αὐτὴν
1197 1892 1277 1955 είς
1322 1896 1571 1960 γυναῖκα.
1628 1895 1707 1947 Κα

1839 1908 2076 1961 cundum
2114 1910 2404 1963 consilium
2441 1909 2624 1965 cordis
2652 1912 2758 1964 mci
2783 1912 3035 1966 retribuit
3067 1913 3198 1965 mihi
3226 1912 3409 1967 Domi-

131 1973 503 2075 ἔνταπέδωκέ
532 1992 622 2046 μοι
647 1976 852 2047 Κύριος
886 1978 1027 2033 κατὰ
1051 1980 1114 2033 τὸ
1146 1980 1452 2034 διαϐούλιον
1476 1982 1578 2052 τῆς
1603 2000 1707 2053 καρ

1839 2014 1966 2065 nus,
1995 2002 2251 2069 quoniam
2286 2016 2395 2055 non
2432 2002 2645 2057 laetatus
2674 2018 2794 2059 sum
2819 2004 2873 2059 in
2902 2004 3028 2061 ﬁliis
3056 2005 3194 2075 ejus.

129 2060 268 2125 δίας
297 2080 422 2133 μου,
443 2064 524 2117 ὅτι
549 2065 648 2119 οὐκ
669 2067 977 2141 εύφράνθην
999 2069 1058 2121 ὲν
1077 2073 1188 2135 τοῖς
1209 2070 1417 2133 τέκνοις
1438 2072 1626 2142 αὐτῆς.

218 2154 317 2206 ΙΔ’.
355 2174 373 2206 ι
406 2155 519 2209 Kal
554 2155 671 2223 νῦν,
715 2158 881 2213 τέκνα
923 2178 1046 2231 μου,
1080 2160 1152 2233 μὴ
1198 2161 1534 2233 μεθύσκεσθε
1580 2164 1730 2234 οίνῳ’

130 2245 230 2298 ὃτι
257 2240 401 2310 οἶνος
429 2246 742 2319 διαστρέφει
764 2251 854 2304 τὸν
884 2252 1007 2305 νοῦν
1037 2253 1148 2306 ἀπὸ
1200 2254 1300 2324 τῆς
1338 2254 1616 2325 ἀληθείας,
1641 2256 1735 2308 καὶ

129 2334 407 2405 ἐμϐάλλει
434 2337 608 2409 ὀργὴν
653 2340 763 2410 (90)
792 2340 1107 2413 ἐπιθυμίας,
1152 2345 1247 2397 καὶ
1287 2346 1473 2416 ὁδηγεῖ
1496 2348 1575 2409 εἰς
1602 2346 1735 2400 πλά-

127 2441 245 2495 νην
276 2426 405 2490 τοὺς
447 2427 779 2501 ὀφθαλμούς.
814 2431 886 2484 Τὸ
916 2432 1025 2503 γὰρ
1067 2432 1283 2505 πνεῦμα
1330 2435 1425 2506 τῆς
1477 2435 1732 2506 πορνείας

127 2516 237 2569 τὸν
284 2512 425 2572 οἶνον
452 2558 466 2583 ,
515 2519 591 2583 ὡς
646 2520 891 2577 διάκονον
937 2524 1075 2596 πρὸς
1111 2524 1211 2590 τὰς
1249 2525 1441 2597 ἡδονὰς
1487 2526 1599 2596 ἕχει
1635 2527 1730 2580 τοῦ

126 2608 296 2672 νοός·
324 2610 408 2663 ὅτι
449 2611 606 2681 καίγε
635 2613 703 2666 τὰ
738 2614 832 2667 δύο
864 2615 1038 2671 ταῦτα
1070 2617 1344 2687 ἀφιστῶσι
1375 2619 1474 2690 τὴν
1503 2618 1731 2690 δύναμιν

1846 893 2011 948 tionis
2043 894 2286 949 constitit
2313 895 2366 948 in
2396 912 2502 962 me,
2534 897 2707 952 donec
2744 898 2907 952 incidi
2948 899 2998 952 in
3026 898 3227 953 Bessue
3260 898 3407 953 Cha-

1844 1001 2110 1053 nanaram,
2142 996 2195 1041 et
2225 987 2278 1040 in
2308 987 2546 1042 Thamar
2574 998 2794 1058 nuptam
2826 990 2951 1045 ﬁliis
2982 992 3137 1046 meis.
3172 990 3238 1044 Et
3263 991 3411 1044 dice-

1844 1078 1965 1131 bam
2016 1093 2206 1133 socero
2260 1079 2801 1136 meozpersuadeho
2843 1083 2981 1151 patri
3032 1098 3184 1147 meo,
3231 1092 3284 1137 et
3332 1083 3411 1137 ita

1847 1169 2108 1238 accipiam
2144 1169 2307 1224 ﬁliam
2337 1180 2505 1225 tuam.
2541 1171 2606 1226 Et
2634 1174 2870 1226 ostendit
2892 1174 3021 1229 mihi
3043 1175 3260 1228 nomine
3286 1174 3410 1229 ﬁiia:

1843 1276 1955 1315 sua:
1987 1262 2105 1315 auri
2133 1263 2531 1318 multitudinem
2566 1266 2859 1332 inﬁnitam;
2891 1274 3007 1320 erat
3029 1269 3170 1321 enim
3198 1282 3313 1320 rex.
3345 1266 3410 1319 Et

1842 1369 1966 1409 cum
2013 1364 2266 1412 ornasset
2301 1372 2420 1412 eam
2467 1374 2601 1414 auro
2640 1369 2693 1415 et
2732 1362 3060 1429 margaritis,
3086 1361 3212 1415 fecit
3251 1361 3409 1416 nobis

1842 1447 2029 1501 vinum
2065 1448 2266 1503 eﬂ‘undi
2293 1451 2345 1503 in
2376 1466 2553 1517 cwna,
2584 1451 2635 1505 in
2665 1453 3066 1521 pulchritudine
3095 1454 3404 1507 mulierum.

1842 1536 1908 1591 Et
1945 1540 2128 1593 vinum
2162 1543 2421 1610 pervertit
2462 1544 2652 1597 oculos
2685 1559 2857 1608 meos,
2882 1552 2935 1598 et
2969 1545 3281 1599 obscuravit
3313 1560 3409 1598 cor

1842 1644 2021 1685 meum
2082 1632 2353 1701 voluptas.
2420 1632 2485 1686 Et
2533 1634 2851 1689 desiderans
2903 1650 3021 1689 eam
3074 1636 3311 1699 concidi,
3356 1644 3410 1690 et

1906 2156 2046 2211 XIV.
2089 2176 2107 2209 ι
2142 2157 2205 2211 Ει
2232 2174 2397 2221 nunc,
2434 2158 2540 2219 filii
2591 2159 2719 2226 mei,
2756 2176 2823 2216 ne
2854 2160 3195 2215 inebriemini
3240 2160 3403 2228 vino;

1837 2251 2096 2318 quoniam
2129 2251 2315 2304 vinum
2372 2253 2572 2307 avertit
2629 2253 2963 2307 intellectum
2994 2270 3026 2307 a
3055 2256 3303 2321 veritate,
3353 2265 3408 2310 et

1834 2342 2079 2397 immittit
2106 2343 2243 2397 iram
2274 2344 2551 2411 desiderii,
2576 2353 2630 2399 et
2660 2345 2811 2400 ducit
2839 2346 2891 2400 in
2917 2362 3157 2402 errorem
3188 2350 3401 2404 oculos.

1838 2434 2074 2503 Spiritus
2100 2435 2246 2490 enim
2276 2435 2653 2492 fornicationis
2678 2438 2865 2493 vinum
2914 2447 2974 2493 ut
3000 2438 3311 2494 ministrum
3335 2438 3404 2495 ad

1836 2528 2141 2599 voluptates
2174 2528 2340 2585 habet
2368 2532 2603 2599 mentis;
2639 2533 2898 2603 quoniam
2931 2540 2987 2587 et
3021 2533 3130 2587 duo
3161 2534 3277 2587 haec
3305 2549 3404 2589 at;-

1834 2619 2016 2675 ferunt
2048 2622 2345 2690 potentiam
2384 2622 2640 2677 hominis.
2697 2622 2754 2677 Si
2792 2624 2937 2678 enim
2968 2624 3166 2693 aliquis
3209 2624 3405 2681 biberit

1833 2713 2020 2767 vinum
2048 2713 2100 2767 in
2127 2714 2471 2782 ebrietatem,
2507 2714 2928 2785 cogitationibus
2979 2717 3219 2772 sordidis
3269 2733 3404 2771 con—

1832 2806 2018 2861 turbat
2040 2807 2371 2863 in’tellectum
2402 2810 2453 2863 in
2485 2808 2921 2875 fornicationem,
2938 2818 2991 2862 et
3013 2808 3260 2863 accendit
3281 2824 3403 2863 cor-

1830 2914 1933 2969 pus
1958 2901 2028 2956 ad
2055 2901 2402 2967 inistionem;
2440 2911 2494 2957 et
2529 2902 2575 2955 si
2604 2903 2758 2956 adest
2778 2902 3029 2955 desiderii
3063 2916 3251 2966 causa,
3274 2916 3404 2970 ope-

125 2700 237 2754 τοῦ
273 2701 584 2774 ἀνθρώπου.
633 2706 758 2760 Ἐὰν
787 2708 894 2780 γάρ
914 2726 998 2773 τις
1030 2709 1129 2783 πίῃ
1161 2704 1303 2764 οἶνον
1334 2712 1414 2775 είς
1445 2711 1645 2782 μέθην,
1672 2714 1729 2764 ἐν

124 2793 513 2865 διαλογισμοῖς
568 2800 834 2870 ῥυπαροῖς
892 2801 1254 2872 συνταράσσει
1308 2802 1398 2855 τὸν
1463 2802 1587 2856 νοῦν
1641 2804 1722 2868 εἰς

128 2884 422 2954 πορνείαν,
452 2888 545 2940 καὶ
576 2889 923 2961 ἐκθερμαίνει
949 2892 1010 2943 τὸ
1040 2892 1197 2961 σῶμα
1225 2895 1304 2957 εἰς
1335 2894 1480 2965 μίξιν
1501 2913 1514 2925 ⁸
1560 2898 1654 2949 καὶ
1679 2899 1728 2950 εί

127 2973 380 3043 πάρεστι
400 2976 461 3027 τὸ
481 2976 581 3046 τῆς
607 2978 903 3050 ἐπιθυμίας
932 2981 1128 3045 αἴτιον,
1162 2983 1395 3055 πράσσει
1430 2986 1531 3055 τὴν
1559 2985 1707 3057 ἁμαρ

1837 3002 1984 3046 ratur
2011 3000 2318 3061 peccatum,
2341 3002 2396 3048 et
2418 3008 2527 3048 non
2556 2993 2891 3048 suffunditur
2913 2993 3138 3061 pudore.
3172 2991 3300 3045 Tale
3319 3000 3403 3046 est

124 3065 261 3118 τίαν
294 3066 427 3137 (91),
459 3071 551 3122 καὶ
578 3071 677 3122 οὐκ
704 3072 1032 3142 αἰσχύνεται.
1053 3074 1305 3138 Τοιοῦτός
1331 3077 1477 3128 ἐστιν
1503 3077 1530 3127 6
1554 3073 1695 3141 οἶνος

1837 3084 2041 3151 vinum,
2083 3083 2181 3138 ﬁlii
2229 3084 2359 3152 mei,
2397 3085 2655 3155 quoniam
2700 3084 2887 3138 ebrius
2938 3084 3073 3136 nihil
3104 3083 3398 3138 erubescit.

124 3155 308 3211 τέκνα
359 3176 482 3229 μου,
529 3161 612 3214 ὅτι
647 3163 674 3213 6
708 3163 922 3234 μεθύων
969 3165 1121 3219 οὐδὲν
1166 3167 1416 3221 αἰδεῖται.
1458 3169 1587 3221 Ἰδοὺ
1621 3168 1707 3239 γὰι

1837 3175 1970 3233 Ecce
2000 3178 2147 3233 enim
2187 3186 2355 3232 etme
2383 3187 2568 3233 errare
2609 3177 2755 3243 fecit,
2788 3187 2845 3233 ut
2873 3193 2980 3231 non
3020 3178 3401 3231 erubescerem

1829 3268 1899 3323 ob
1922 3269 2325 3325 multitudinem
2352 3270 2407 3324 in
2431 3270 2681 3335 civitate;
2712 3269 2969 3338 quoniam
2998 3269 3051 3321 in
3077 3269 3251 3324 oculis
3282 3284 3401 3321 om-

1827 3358 1984 3413 nium
2028 3359 2296 3414 declinavi
2348 3362 2417 3415 ad
2448 3359 2706 3425 Thamar,
2743 3371 2796 3415 et
2825 3360 2925 3414 feci
2971 3368 3251 3429 peccatum
3279 3375 3398 3413 ma-

1828 3464 2016 3518 gnum,
2066 3457 2121 3503 et
2173 3449 2405 3503 revela-vi
2453 3450 2698 3504 velamen
2750 3448 3107 3502 immunditiis
3160 3447 3399 3501 ﬁliorum

1827 3555 2097 3595 meorum.
2129 3540 2267 3595 Cum
2304 3542 2548 3596 biberem
2598 3542 2807 3606 vinum,
2854 3556 2962 3595 non
3005 3540 3399 3595 vorecundatns

1826 3647 1947 3686 sum
1977 3634 2292 3687 mandatum
2325 3632 2443 3699 Dei,
2473 3641 2527 3687 et
2547 3633 2728 3703 accepi
2760 3649 2986 3688 uxorem
3009 3633 3393 3690 Chanauzeam.

1826 3724 2055 3794 Propter
2086 3726 2231 3794 quod
2263 3725 2543 3779 intellectu
2581 3742 2719 3795 opus
2774 3726 2956 3790 habet,
3006 3727 3099 3795 qui
3150 3725 3284 3779 bibit
3318 3726 3396 3779 vi-

1826 3832 1979 3883 num,
2009 3817 2103 3870 ﬁlii
2135 3816 2271 3882 mei;
2308 3826 2360 3871 et
2390 3818 2437 3869 is
2459 3826 2543 3872 est
2577 3817 2883 3872 intellectus
2919 3817 3029 3871 vini
3064 3818 3394 3887 potationis,

1826 3917 1887 3962 ut
1924 3909 2164 3977 quandiu
2200 3911 2363 3963 habet
2404 3909 2861 3972 erubescentiam,
2920 3910 3105 3973 bibat;
3164 3910 3209 3964 si
3267 3926 3395 3964 vero

1827 4009 2065 4056 transeat
2092 4002 2381 4055 terminum
2400 4001 2565 4067 hunc,
2585 4002 2824 4056 immittit
2845 4002 2897 4055 in
2923 4003 3249 4056 intellectum
3282 4005 3397 4071 spi-

1823 4096 1990 4151 ritum
2025 4096 2246 4161 erroris,
2280 4095 2373 4167 qui
2408 4096 2538 4150 facit
2569 4097 2780 4151 ebrium
2805 4096 2983 4165 turpia
3016 4096 3185 4165 loqui,
3212 4106 3266 4150 ct
3292 4098 3395 4149 ini-

1824 4203 1933 4257 qua
1994 4204 2174 4258 agere,
2226 4197 2279 4243 et
2322 4205 2427 4243 non
2460 4188 2837 4253 verecundari,
2865 4188 2958 4242 sed
2997 4197 3053 4242 et
3082 4188 3299 4260 gloriari
3339 4189 3392 4241 in

128 3249 288 3319 κάμὲ
331 3250 628 3322 ὲπλάνησε,
655 3255 728 3324 μὴ
758 3256 1112 3326 αἰσχυνθῆναι
1138 3258 1337 3329 πλῆθος
1367 3260 1424 3312 ἐν
1445 3261 1510 3329 τῇ
1544 3258 1722 3311 πόλει·

122 3338 221 3394 δτι
253 3342 312 3393 ὲν
334 3341 636 3414 ὀφθαλμοῖς
668 3346 883 3400 πάντων
920 3349 1170 3415 ἐξέκλινα
1208 3351 1345 3421 πρὸς
1376 3351 1475 3421 τὴν
1506 3351 1722 3422 Θάμαρ,

126 3431 233 3486 καὶ
272 3433 505 3503 ἐποίησα
538 3438 813 3509 ἁμαρτίαν
859 3443 1120 3512 μεγάλην,
1155 3445 1250 3496 καὶ
1279 3444 1591 3514 ἁνεκάλυψα
1622 3446 1724 3498 κά-

124 3522 329 3596 λυμμα
356 3527 695 3602 ἀκαθαρσίας
736 3533 867 3587 υίῶν
907 3552 1023 3605 μου.
1053 3534 1199 3589 Πιὼν
1221 3532 1380 3601 οἶνον,
1405 3539 1505 3590 οὑκ
1526 3539 1725 3608 ᾐσχύν-

126 3615 238 3686 θην
270 3618 369 3691 τὴν
398 3621 614 3694 ἐντολὴν
634 3624 726 3677 τοῦ
758 3625 914 3690 Θεοῦ,
941 3629 1035 3680 καὶ
1061 3628 1251 3682 ἔλαϐον
1281 3633 1516 3699 γυναῖκα
1545 3632 1725 3684 Χανα-

124 3708 317 3763 ναίαν.
336 3712 612 3778 Συνέσεως
642 3716 748 3786 γὰρ
778 3717 965 3788 χρῄζει
996 3722 1023 3772 ὁ
1056 3720 1194 3773 πιὼν
1222 3719 1383 3785 οἶνον,
1413 3722 1579 3776 τέκνα
1599 3740 1719 3793 pou"

126 3799 232 3861 καὶ
262 3800 401 3871 αῦτη
426 3804 576 3857 ἐστὶν
600 3808 633 3877 ἡ
660 3808 875 3873 σύνεσις
895 3811 995 3880 τῆς
1016 3813 1348 3877 οἰνοποσίας,
1372 3814 1457 3866 ἵνα
1474 3814 1578 3879 ἕως
1599 3816 1722 3868 ὅτου

125 3889 251 3960 εχει
282 3892 436 3957 αἰδὼ,
468 3896 566 3967 πίῃ
585 3915 597 3926 ·
633 3898 726 3951 ἐὰν
752 3899 809 3951 δὲ
834 3901 1079 3975 παρέλθῃ
1108 3903 1198 3957 τὸν
1233 3905 1359 3977 ὅρον
1382 3904 1591 3971 τοῦτον,
1626 3910 1723 3978 ὲμ-

129 3983 327 4037 ϐάλλει
351 3987 431 4050 είς
461 3987 553 4040 τὸν
578 3988 703 4042 νοῦν
732 3991 794 4044 τὸ
824 3992 1038 4063 πνεῦμα
1075 3995 1175 4065 τῆς
1204 3996 1431 4069 πλάνης,
1460 4000 1553 4051 καὶ
1581 4003 1725 4053 ποιεῖ

127 4076 231 4130 τὸν
265 4077 499 4147 μέθυσον
528 4082 1043 4155 αίσχρορῤημονεῖν,
1084 4090 1179 4141 καὶ
1228 4094 1594 4162 παρανομεῖν,
1628 4096 1723 4148 καὶ

134 4167 216 4240 μὴ
252 4170 626 4240 αἰσχύνεσθαι,
665 4175 779 4227 ἀλλ’
811 4178 1182 4249 ἐγκαυχᾶσθαι
1210 4184 1277 4253 τῇ
1321 4183 1533 4255 ἀτιμίᾳ,
1571 4186 1722 4255 νομί-

128 4258 299 4322 ζοντα
328 4257 466 4315 εἶναι
498 4263 679 4319 καλόν.

1837 4282 2144 4349 gnominia,
2183 4281 2585 4335 existimantem
2610 4296 2731 4334 esse
2761 4281 2985 4335 bonum.

208 4351 310 4441 lE'.
351 4371 369 4403 ‹
422 4353 480 4407 Ὀ
519 4357 820 4425 πορνεύων,
880 4361 974 4413 καὶ
1013 4363 1388 4435 γυμνούμενος
1424 4366 1522 4437 τῆς
1563 4364 1707 4436 βασι-

1894 4370 2010 4424 XV.
2040 4391 2057 4422 ι
2088 4370 2193 4438 Qui
2230 4371 2547 4437 fornicatur,
2588 4382 2642 4426 et
2688 4371 2924 4427 nudatus
2964 4387 3151 4441 regno,
3183 4371 3393 4441 egredi-

125 4440 289 4536 λείας
320 4441 454 4512 (92),
479 4443 759 4516 ἐξέρχεται
778 4449 909 4519 (95),
940 4450 1227 4516 δουλωθεὶς
1255 4457 1320 4525 τῇ
1353 4457 1601 4529 πορνείᾳ,
1643 4458 1707 4522 ὡς

1837 4479 1932 4529 ,ur,
1972 4478 2163 4517 servus
2192 4462 2416 4518 effectus
2439 4462 2813 4529 fornicationi,
2849 4464 2990 4518 sicut
3010 4472 3064 4517 et
3089 4478 3189 4532 ego
3219 4462 3391 4515 nuda-

126 4530 293 4624 κάγὼ
324 4536 652 4605 γυμνωθείς.
683 4539 899 4593 Ἔδωκα
932 4542 1040 4614 γὰρ
1058 4545 1157 4614 τὴν
1193 4546 1385 4616 ῥάϐδον
1413 4565 1535 4619 μου,
1560 4567 1707 4603 τουτ-

1837 4572 1910 4609 .us
1946 4570 2089 4610 sum.
2124 4554 2254 4609 Dedi
2285 4554 2429 4609 enim
2460 4555 2629 4624 (aliis)
2671 4555 2880 4624 virgam
2913 4570 3111 4617 meam,
3148 4554 3250 4607 hoc
3284 4562 3387 4619 est,

122 4622 271 4689 ἐστι,
301 4624 363 4676 τὸ
394 4628 671 4699 στήριγμα
712 4632 809 4702 τῆς
854 4634 990 4704 ἐμῆς
1033 4635 1230 4707 φυλῆςο
1264 4639 1357 4691 καὶ
1395 4641 1494 4713 τὴν
1544 4640 1707 4715 ζώνην

1837 4647 2223 4699 irmamentum
2242 4662 2374 4699 mea:
2403 4646 2577 4700 tribus
2597 4664 2610 4712 ;
2629 4656 2681 4700 et
2704 4661 2895 4700 zonam
2927 4661 3127 4712 meam,
3164 4646 3265 4699 hoc
3286 4656 3387 4713 cst,

126 4732 271 4788 μου,
312 4718 583 4785 τουτέστι,
621 4721 875 4794 δύναμιν’
912 4725 1005 4778 καὶ
1043 4727 1104 4779 τὸ
1154 4728 1410 4801 διάδημα,
1444 4735 1707 4801 τουτέστι,

1837 4738 2153 4803 iotentiam;
2182 4747 2235 4791 et
2266 4739 2537 4803 diadema,
2578 4739 2680 4793 hoc
2712 4747 2793 4792 est
2825 4739 3050 4808 gloriam
3081 4739 3230 4808 regni
3258 4738 3385 4791 mei.

261 4808 550 4901 δόξαν-τῆς
581 4813 858 4883 βασιλείας
886 4835 1006 4887 μου.
1035 4821 1209 4890 Καίγε
1251 4826 1591 4897 μετανοήσας
1623 4829 1707 4881 ἐπὶ

1837 4829 1887 4884 Et
1917 4831 2185 4898 pmnitens
2206 4831 2272 4884 de
2302 4831 2406 4897 his,
2441 4832 2627 4884 vinum
2660 4841 2711 4884 et
2736 4847 2930 4886 carnes
2958 4847 3068 4885 non
3116 4830 3387 4901 assumpsi

124 4898 368 4963 τούτοις,
387 4896 527 4954 οἶνον
545 4902 639 4956 καὶ
658 4904 824 4975 κρέας
837 4905 935 4958 οὐκ
951 4906 1137 4961 ἔλαϐον
1152 4908 1256 4973 ἓως
1280 4896 1480 4982 γῆρας,
1497 4914 1590 4966 καὶ
1606 4916 1707 4966 πᾶ-

1837 4938 1992 4990 tsque
2021 4923 2087 4975 ad
2115 4930 2475 4989 senectutem,
2523 4930 2577 4975 et
2607 4938 2825 4975 omnem
2879 4922 3116 4976 laetitiam
3158 4923 3383 4978 nescivi.

127 5006 238 5084 ca‘v
253 4992 607 5084 Δεὐφροσύνην
642 4996 743 5049 οὐκ
770 4991 930 5051 εἶδον.
962 5000 1071 5053 Kal
1098 5000 1267 5068 ἔδειξέ
1305 5020 1395 5073 μοι
1428 5006 1456 5057 6
1481 5004 1707 5075 ἄγγελος

1837 5013 1885 5069 St
1916 5015 2156 5069 ostendit
2187 5015 2319 5068 mihi
2346 5014 2572 5084 angelus
2599 5013 2714 5077 Dei,
2746 5014 2892 5084 quod
2916 5029 3089 5084 usque
3132 5014 3184 5068 in
3213 5029 3384 5069 saecu-

122 5080 223 5134 τοῦ
242 5080 401 5145 Θεοῦ,
431 5083 511 5136 ὅτι
529 5084 631 5148 ἕως
646 5084 741 5138 τοῦ
766 5087 980 5155 αίῶνος,
996 5090 1096 5143 κᾶν
1113 5092 1341 5162 βασιλεῖ,
1365 5094 1465 5148 κᾶν
1487 5099 1707 5170 πτωχῷ,

1842 5122 1954 5173 um,
1987 5117 2040 5161 et
2063 5107 2527 5177 regi,etpauperi,
2565 5106 2823 5160 mulieres
2848 5107 3301 5173 dominabuntur;
3330 5115 3384 5161 et

124 5173 188 5235 αἱ
222 5176 479 5241 γυναῖκες
522 5179 1041 5249 κατακυριεύσουσι,
1074 5185 1167 5237 καὶ
1196 5185 1290 5238 τοῦ
1326 5187 1424 5257 μὲν
1446 5188 1707 5258 βασιλέως

1837 5198 1963 5268 'egis
1985 5173 2205 5268 quidem
2233 5173 2425 5252 tollent
2449 5196 2675 5269 gloriam
2703 5205 2757 5249 et
2780 5196 2955 5250 virilis
2978 5198 3295 5266 potentiam,
3327 5206 3381 5251 et

126 5263 328 5334 ἁροῦσι
350 5266 450 5337 τὴν
480 5267 660 5335 δόξαν,
693 5270 787 5323 τοῦ
817 5271 874 5323 δὲ
919 5273 1165 5346 ἀνδρείου
1203 5278 1300 5349 τὴν
1329 5279 1553 5353 δύναμιν
1573 5324 1587 5348 ,
1616 5286 1707 5338 καὶ

1837 5291 2074 5361 pauperis
2101 5289 2436 5360 paupertatis
2467 5289 2754 5343 minimum
2791 5289 3211 5343 ﬁrmamentum.

120 5356 222 5411 τοῦ
262 5358 481 5429 πτωχοῦ
530 5361 593 5414 τὸ
634 5362 735 5433 τῆς
783 5366 1058 5436 πτωχείας
1099 5369 1381 5441 ἐλάχιστον
1413 5377 1704 5450 στήριγμα.

124 5514 318 5639 Gaia?)
372 5516 593 5586 ὈργήἊ
619 5517 881 5590 susPicor
902 5521 1189 5592 legendum
1213 5529 1411 5599 ὁρμήν,
1431 5529 1701 5599 impetum.

1813 5557 1971 5610 μενος
1994 5540 2090 5592 οὐκ
2117 5538 2447 5610 αἰσθάνεται,
2475 5540 2568 5591 καὶ
2591 5538 2774 5602 ἄδοξον
2795 5539 2893 5591 οὐκ
2913 5536 3240 5610 αἰσχύνεται.
3261 5534 3391 5589 Κᾶν,

369 5658 408 5682 ι.
433 5659 678 5682 -.-,,ι,,,,
737 5663 886 5682 ,πίνη
979 5664 991 5680 ,
1105 5666 1119 5682 .
1808 5605 1915 5682 γάρ
1946 5628 2027 5673 τις
2064 5609 2374 5682 βασιλεύσῃ,
2416 5609 2691 5680 πορνεύων
2720 5608 3103 5680 γυμνούμενος.
3135 5605 3211 5661 ι».

375 5659 1176 5751 aggesta,Empta-1n.
1253 5741 1329 5751 ,,
1472 5745 1507 5751 _
1658 5746 1669 5751 _
1820 5659 2666 5751 "'(9s;‘-agz,,i.;g;.63.13.

203 5656 315 5784 (fil;
369 5658 716 5749 'Agaptlar.’
737 5663 1077 5745 Ἐπιθυμίαν.
1105 5666 1176 5721 11).

202 5727 293 5796 μή
353 5730 465 5788 Και
492 5746 913 5804 γυμνουμενος
948 5754 1057 5804 της
1081 5738 1416 5807 βασιλείας.
1469 5745 1698 5816 Ζημιούμ
