3830 6216
424 324 569 380 1079

1460 312 1925 377 ΤΕΞΤᾹΜΕΝΤᾹ
1960 319 2056 373 XII
2091 319 2703 389 I’ATRIARCHARUM,

3560 328 3584 380 1
3594 328 3703 381 0&0

499 440 642 496 XVI.
674 459 694 492 ι
731 440 1015 496 Custodite
1036 456 1187 513 ergo,
1232 440 1327 495 ﬁlii
1372 440 1510 507 mei,
1543 440 1837 494 terminum
1868 438 2000 492 vini.

2184 440 2301 507 ις’.
2369 462 2388 493 r
2427 440 2767 495 Φυλάσσεσθε
2796 434 2909 503 οῦν,
2951 440 3117 494 τέκνα
3149 458 3271 512 μου,
3300 440 3396 494 τὸν
3420 443 3556 514 ὅρον
3602 442 3703 494 τοῦ

432 532 575 587 Sunt
600 532 747 587 enim
794 533 936 587 ineo
971 541 1206 602 quatuor
1251 531 1479 602 spiritus
1525 531 2002 600 perniciosi;con—

430 625 801 695 eupiscentize,
832 623 1297 690 inﬂammationis,
1332 624 1587 685 luxuriae,
1613 633 1666 677 et
1696 622 1871 691 turpis
1914 622 2001 674 lu-

431 718 531 770 eri.
583 716 638 769 Si
688 717 885 771 bibatis
929 716 1115 769 vinum
1174 716 1227 769 in
1270 716 1477 780 latitia,
1523 731 1647 768 cum
1688 715 1881 767 timore
1910 712 1999 767 Dei

429 810 833 874 erubescentes,
884 808 1095 862 vivetis.
1130 806 1186 861 Si
1233 810 1377 862 enim
1428 807 1627 860 bibatis
1667 822 1774 860 non
1810 806 2006 860 erube-

432 909 668 965 scentes,
695 908 749 954 et
773 900 988 954 recedat
1021 898 1113 953 Dei
1143 899 1325 962 timor,
1346 899 1460 967 jam
1490 898 1720 953 eﬂicitur
1743 898 2002 961 ebrietas,

430 1002 483 1046 et
530 992 803 1046 subintrat
847 991 1254 1046 inverecundia.
1309 990 1367 1045 Si
1416 1005 1545 1044 vero
1578 1006 1753 1060 neque
1780 991 2007 1044 omnino

431 1083 627 1139 bibetis
669 1084 806 1154 (95),
837 1093 896 1139 ut
941 1099 1047 1138 non
1079 1085 1313 1153 peccetis
1341 1084 1395 1138 in
1426 1084 1608 1139 verbis
1634 1084 2003 1149 contumeliae,

430 1187 487 1233 et
514 1192 727 1247 pugnas,
763 1186 817 1232 et
840 1176 1150 1244 calumniae,
1196 1186 1250 1231 et
1292 1177 1749 1246 transgressionis
1780 1176 2009 1230 manda-

432 1278 612 1324 torum
653 1268 768 1333 Dei,
798 1276 852 1323 et
884 1269 1117 1338 pereatis
1166 1279 1292 1323 ante
1334 1278 1549 1338 tempus
1578 1277 1844 1323 vestrum.
1871 1265 2006 1321 Nam

434 1361 691 1431 mysteria
726 1360 817 1415 Dei
844 1370 897 1416 et
926 1362 1205 1416 hominum
1237 1362 1429 1416 alienis
1458 1360 1656 1415 revelat
1685 1360 1872 1414 viuum
1922 1359 2005 1428 (ut

432 1463 487 1509 et
516 1470 616 1523 ego
645 1454 899 1508 mandata
922 1453 1015 1509 Dei
1041 1462 1096 1507 et
1118 1455 1372 1524 mysteria
1398 1453 1566 1507 Jacob
1594 1454 1762 1523 patris
1785 1451 1891 1507 mei
1919 1465 2007 1507 re-

430 1545 605 1599 velavi
630 1543 969 1599 Chananitidi
1008 1544 1231 1616 Bessue)
1265 1546 1465 1616 quibus
1486 1546 1657 1600 vetuit
1688 1544 1830 1599 Deus
1856 1560 2009 1600 reve-

432 1632 564 1686 lare.
624 1632 729 1687 Sed
758 1643 812 1688 et
842 1634 965 1687 belli
1018 1641 1071 1686 et
1098 1635 1533 1690 conturbationis
1581 1649 1747 1689 causa
1777 1633 2012 1689 efﬁcitur

432 1739 643 1777 νιιιιιῐη.

2106 530 2275 585 οίνου.
2308 532 2467 584 Ἔστι
2494 532 2604 603 γάρ
2634 534 2689 584 tv
2713 532 2863 602 αὐτῷ
2884 533 3123 604 τέσσαρα
3148 532 3430 603 πνεύματα
3486 530 3709 599 πονηρὲ

2105 623 2423 695 ἐπιθυμίας,
2450 624 2763 694 πυρώσεως,
2797 625 3541 696 ἀσωτίας,αίσχροκερδείας.
3574 626 3705 677 ῈΞιν

2111 716 2302 786 πίνητε
2334 712 2472 768 οἶνον
2518 716 2575 768 ἐν
2601 716 2926 788 εὐφροσύνῃ,
2964 716 3099 786 μετά
3128 715 3289 785 φόϐου
3329 716 3467 768 Θεοῦ
3514 714 3703 769 αἰδοῦς

2112 824 2287 877 μενοι,
2321 807 2570 879 ζήσεσθε.
2610 808 2734 861 Ἐὰν
2779 808 2888 879 γὰρ
2914 808 3099 877 πίνητε
3134 807 3207 878 μὴ
3238 806 3575 878 αἰδούμενοι,
3607 807 3705 859 καὶ

2117 901 2326 972 ἀποστῇ
2344 904 2371 954 6
2386 901 2480 953 τοῦ
2496 900 2630 953 Θεοῦ
2646 901 2828 969 φόϐος,
2847 901 3030 953 λοιπὸν
3045 901 3250 969 γίνεται
3270 899 3429 971 μέθη,
3446 900 3552 952 καὶ
3569 917 3705 970 παρ-

2110 992 2225 1044 εισέ
2239 992 2856 1063 ρχεταιήάναισχυντία.
2886 993 2950 1045 Ei
2978 992 3034 1045 δὲ
3060 992 3191 1063 μηδὲ
3216 992 3350 1055 ὅλως
3378 993 3549 1062 πίητε
3568 992 3701 1061 (94),

2112 1086 2203 1139 ἵνα
2231 1086 2304 1156 μὴ
2337 1086 2617 1157 ἁμάρτητε
2662 1087 2717 1139 tv
2748 1084 2929 1153 λόγοις
2960 1084 3189 1156 ὓϐρεως,
3226 1085 3317 1138 καὶ
3349 1084 3563 1155 μάχης,
3608 1087 3705 1139 καὶ

2112 1178 2501 1247 συκοφαντίας,
2553 1177 2647 1231 καὶ
2693 1176 3058 1248 παραϐάσεως
3109 1176 3331 1237 ἐντολῶν
3381 1176 3551 1240 Θεοῦ,
3610 1179 3705 1230 καὶ

2114 1270 2399 1325 ἀπολεῖσθε
2420 1271 2519 1323 οὐκ
2550 1272 2607 1322 tv
2634 1269 2809 1339 καιρῷ
2834 1268 3007 1340 ὑμῶν.
3032 1269 3207 1337 Καίγε
3246 1271 3527 1339 μυστήρια
3566 1268 3704 1321 Θεοῦ

2111 1364 2206 1418 καὶ
2252 1360 2552 1434 ἀνθρώπων
2601 1362 2900 1433 ἀλλοτρίοις
2946 1360 3316 1413 ἀποκαλύπτει
3361 1361 3391 1413 6
3418 1356 3569 1423 οἶνος
3607 1361 3707 1430 (ὼς

2111 1454 2268 1524 κάγὼ
2294 1454 2512 1518 ὲντολάς
2538 1454 2672 1507 Θεοῦ
2701 1456 2795 1507 καὶ
2820 1434 3094 1524 μυστήρια
3139 1451 3332 1505 Ἰακὼϐ
3361 1452 3457 1505 τοῦ
3490 1452 3707 1523 πατρός

2116 1563 2216 1617 μου
2252 1544 2575 1615 ἀπεκάλυψα
2612 1548 2678 1616 τῇ
2712 1544 3020 1599 Χανανίτιδι
3062 1543 3322 1615 Βησσουὲ)
3361 1538 3443 1608 οἷς
3473 1539 3634 1597 εἶπεν
3674 1547 3707 1595 6

2111 1634 2245 1699 Θεὸς
2285 1635 2361 1709 μὴ
2408 1635 2776 1705 ἀποκαλύψαι.
2809 1636 2917 1689 Καὶ
2965 1635 3023 1688 δὲ
3054 1634 3291 1705 πολέμου
3320 1634 3416 1687 καὶ
3443 1635 3706 1705 ταραχῆς

2113 1726 2282 1791 αἴτιος
2306 1726 2514 1796 γίνεται
2536 1728 2565 1778 6
2596 1722 2756 1791 οἶνος.

506 1811 667 1867 XVII.
705 1832 724 1864 ι
764 1812 963 1868 Mando
996 1814 1159 1885 igitur
1188 1814 1342 1869 vobis
1363 1854 1378 1878 ,
1412 1814 1509 1868 lilii
1543 1815 1672 1880 mei,
1700 1822 1758 1867 ut
1788 1828 1899 1867 non
1927 1813 2008 1867 di—

2182 1821 2276 1873 lZ'.
2316 1837 2335 1871 (
2391 1818 2739 1890 Ἐντέλλομαι
2769 1814 2862 1873 οῦν
2897 1820 3055 1889 ὑμῖν,
3096 1819 3264 1873 τέκνα
3292 1836 3418 1890 μου,
3460 1820 3543 1889 μὴ
3566 1819 3707 1887 ἀγα-

434 1905 618 1974 ligatis
645 1915 953 1974 argentum,
980 1921 1159 1974 neque
1190 1906 1499 1975 inspiciatis
1541 1907 1595 1960 in
1646 1906 2008 1975 pulchritudi-

434 2010 560 2049 nem
592 1996 920 2061 mulierum;
948 1996 1078 2065 quia
1109 2006 1161 2050 et
1189 2005 1409 2066 pr0pter
1425 2006 1708 2066 argentum
1730 2007 1783 2050 et
1806 1995 2010 2052 formo-

435 2088 650 2143 sitatem
676 2088 853 2141 erravi
902 2088 957 2140 in
1006 2086 1213 2142 Bessue
1244 2086 1641 2142 Chananaaam.
1673 2085 1810 2141 Novi
1837 2089 2007 2153 enim,

435 2180 580 2249 quod
606 2187 825 2249 propter
856 2178 966 2233 duo
989 2179 1103 2234 haec
1125 2180 1230 2233 erit
1252 2195 1421 2249 genus
1445 2194 1626 2233 meum
1646 2179 1699 2233 in
1730 2180 2008 2248 nequitia;

436 2270 697 2340 quoniam
730 2278 785 2325 et
813 2270 1084 2339 sapientes
1106 2271 1249 2324 viros
1273 2270 1509 2324 ﬁliorum
1536 2284 1784 2325 meorum
1807 2271 2012 2326 aliena-

434 2362 601 2428 bunt,
646 2372 701 2418 et
747 2378 975 2433 regnum
1004 2361 1159 2417 Iudae
1196 2364 1464 2428 minuent,
1497 2364 1643 2432 quod
1695 2364 1843 2419 dedit
1874 2365 2011 2419 mihi

436 2455 703 2511 Dominus
728 2456 781 2510 in
811 2457 1119 2511 obedientia
1143 2456 1333 2525 patris.
1369 2454 1657 2527 Nunquam
1702 2458 1849 2511 enim
1876 2472 2011 2511 con-

436 2549 650 2604 tristavi
683 2549 908 2603 verbum
960 2550 1131 2618 patris
1162 2550 1267 2603 mei
1315 2547 1506 2615 Jacob,
1538 2550 1793 2618 quoniam
1828 2550 2013 2603 omnia

437 2658 560 2712 quae
594 2640 752 2707 dixit,
784 2640 1070 2695 faciebam.
1098 2640 1165 2693 Et
1187 2640 1463 2695 Abraham
1502 2651 1655 2710 pater
1698 2641 1869 2709 patris
1905 2642 2011 2693 mei

437 2734 720 2789 benedixit
748 2733 903 2798 mihi,
936 2741 994 2786 ut
1022 2748 1305 2801 regnarem
1338 2732 1391 2785 in
1432 2731 1634 2798 Israel;
1666 2741 1720 2786 et
1744 2730 1896 2787 Isaac
1921 2734 2016 2787 be-

439 2824 651 2879 nedixit
677 2825 810 2877 mihi
842 2824 1007 2878 simili
1038 2823 1221 2877 modo.
1256 2821 1318 2876 Et
1351 2838 1455 2893 ego
1486 2823 1634 2888 novi,
1664 2823 1811 2893 quod
1833 2840 1900 2878 ex
1930 2839 2015 2879 me

440 2918 610 2973 stabit
643 2934 893 2987 regnum.

514 3007 697 3063 XVIII.
720 3028 737 3060 ι
764 3008 829 3062 Ει
856 3009 959 3079 legi
990 3008 1042 3063 in
1078 3009 1231 3064 libris
1255 3009 1441 3065 Enoch
1465 3011 1620 3081 justi,
1647 3018 1852 3082 quanta
1874 3011 2017 3064 mala

440 3103 657 3159 facietis
683 3104 737 3157 in
770 3103 1034 3159 extremis
1065 3104 1277 3159 diebus.
1307 3102 1507 3159 Cavete
1537 3105 1720 3174 igitur,
1768 3104 1861 3159 lilii
1886 3104 2015 3167 mei,

443 3212 475 3251 a
523 3196 887 3251 fornicatione
938 3206 993 3252 et
1025 3199 1287 3264 avaritia;
1338 3196 1521 3252 audite
1562 3196 1757 3252 Judam
1812 3207 2021 3267 patrem

442 3299 709 3356 vestrum,
728 3290 986 3359 quoniam
1019 3291 1123 3345 ista
1147 3298 1403 3359 separant
1429 3305 1459 3344 a
1488 3291 1602 3361 lege
1624 3289 1743 3355 Dei,
1775 3301 1828 3343 et
1852 3304 2027 3344 esca:-

444 3392 573 3436 cant
601 3384 891 3438 consilium
916 3384 1131 3447 animm,
1158 3392 1212 3438 et
1249 3384 1560 3453 superbiam
1593 3384 1811 3450 docent,
1839 3392 1893 3437 et
1918 3398 2026 3437 non

444 3476 729 3546 patiuntur
748 3476 1023 3530 hominem
1047 3476 1483 3531 misericordiam
1502 3476 1760 3531 exhibere
1775 3476 2027 3546 proximo

447 3580 572 3627 suo,
596 3566 1060 3634 privantanlmam
1081 3566 1255 3634 ipsius
1287 3567 1435 3620 omni
1468 3566 1733 3631 bonitate,
1759 3575 1815 3620 et
1846 3566 2026 3621 conti-

448 3670 578 3713 nent
624 3660 802 3729 ipsum
837 3660 891 3713 in
934 3660 1213 3713 laboribus
1256 3668 1308 3713 et
1335 3660 1617 3714 doloribus
1640 3702 1655 3726 ,
1688 3669 1744 3714 et
1772 3668 2030 3714 amovent

450 3764 709 3803 somnum
728 3750 796 3802 ab
810 3764 897 3817 eo,
918 3762 1254 3804 consumunt
1271 3766 1464 3804 carnes
1481 3751 1673 3820 ipsius,
1691 3760 1745 3805 et
1761 3752 2029 3806 sacriﬁcia

452 3839 548 3893 Dei
580 3840 903 3909 impediunt,
950 3852 1005 3895 et
1037 3840 1443 3896 benedictiones
1470 3858 1580 3895 non
1613 3851 1938 3909 memorant,
1976 3850 2031 3896 et

452 3932 734 4002 prophetae
782 3932 1025 4002 loquenti
1071 3948 1179 3986 non
1224 3934 1508 3997 obediunt,
1539 3943 1589 3989 et
1616 3934 1782 3989 verbo
1812 3935 2031 4010 pietatis

453 4025 827 4079 oﬁenduntur.
888 4024 1113 4079 Duabus
1150 4026 1296 4079 enim
1340 4026 1691 4101 passionibus
1736 4026 2030 4081 contrariis

454 4117 729 4173 mandatis
750 4116 842 4173 Dei
871 4118 1136 4183 serviens,
1171 4116 1280 4172 Deo
1296 4118 1520 4173 obedire
1543 4133 1651 4173 non
1676 4128 2030 4190 potest,quo-

455 4211 603 4263 niam
632 4217 1044 4263 excaacaverunt
1066 4209 1304 4262 animam
1332 4207 1474 4278 ejus,
1506 4217 1561 4263 et
1593 4208 1646 4262 in
1671 4208 1782 4275 die,
1812 4209 1954 4263 sicut
1976 4210 2029 4273 in

455 4310 615 4357 nocte
632 4302 896 4356 ambulat.

528 4396 670 4452 XIX.
704 4417 723 4449 ι
758 4396 882 4450 Filii
916 4397 1042 4462 mei,
1082 4396 1311 4451 avaritia
1366 4396 1433 4451 ad
1487 4394 1630 4451 idola
1677 4395 1847 4459 ducit,
1895 4410 2035 4465 quo-

2112 1909 2219 1979 πᾷν
2262 1906 2542 1979 ἀργύριον,
2578 1908 2710 1978 μηδὲ
2742 1906 3035 1979 ἐμϐλέπειν
3058 1908 3138 1971 είς
3181 1908 3374 1971 κάλλος
3395 1908 3703 1976 γυναικῶν·

2110 2000 2191 2054 δτι
2234 2002 2391 2070 καίγε
2420 2002 2487 2055 δι’
2509 2002 2789 2073 ἀργύριον,
2822 2001 2918 2055 καὶ
2952 2000 3021 2053 δι’
3041 2001 3341 2071 εὐμορφίαν
3384 2000 3706 2071 ἐπλανήθην

2110 2094 2191 2157 είς
2216 2094 2457 2163 Βησσουὲ
2479 2096 2578 2165 τὴν
2604 2095 2933 2148 Χαναναίαν.
2958 2094 3081 2147 Ὅτι
3108 2089 3227 2148 οῖδα
3253 2093 3387 2163 ἐγὼ,
3416 2096 3499 2147 ὅτι
3524 2095 3617 2147 διὰ
3636 2096 3706 2147 τὰ

2110 2186 2203 2240 δύο
2234 2186 2405 2240 ταῦτα
2437 2187 2587 2241 ἔσται
2613 2188 2674 2240 τὸ
2696 2188 2850 2257 γένος
2887 2204 2989 2258 μου
3030 2190 3087 2242 tv
3117 2187 3383 2259 πονηρίᾳ·
3422 2189 3508 2241 ὅτι
3542 2190 3702 2256 καίγε

2117 2280 2315 2347 σοφοὺς
2345 2279 2545 2352 ἄνδρας
2566 2278 2674 2334 τῶν
2708 2280 2841 2333 υίῶν
2884 2296 2983 2351 μου
3012 2279 3387 2345 ἀλλοιώσουσι,
3415 2283 3513 2333 καὶ
3547 2280 3702 2349 βασι-

2111 2371 2263 2426 λείαν
2298 2372 2469 2426 Ἰούδα
2502 2371 2897 2443 σμικρυνθῆναι
2930 2375 3267 2445 ποιήσουσιν,
3298 2374 3365 2444 ἢν
3406 2372 3579 2426 ἐδωκέ
3614 2391 3702 2443 μοι

2113 2463 2319 2535 Κύριος
2368 2463 2425 2516 tv
2475 2463 2689 2533 ὑπακοῇ
2739 2462 2963 2533 πατρός.
3008 2462 3274 2516 Οὐδέποτε
3311 2461 3423 2532 γὰρ
3452 2461 3707 2531 ἐλύπησα

2113 2554 2271 2622 λόγον
2322 2551 2519 2606 Ἰακὼϐ
2558 2553 2653 2607 τοῦ
2688 2538 2893 2626 πατρός
2941 2554 3050 2627 (9G)
3097 2572 3229 2626 μου,
3259 2554 3341 2607 ὅτι
3364 2553 3570 2616 πάντα,
3606 2555 3707 2615 ὅσα

2115 2640 2287 2709 εἶπεν,
2312 2643 2545 2697 ἐποίουν.
2579 2645 2688 2697 Καὶ
2723 2643 2973 2715 Ἀϐραὰμ
2998 2645 3026 2696 6
3045 2645 3229 2716 πατὴρ
3248 2644 3341 2697 τοῦ
3365 2646 3578 2717 πατρός
3605 2664 3706 2717 μου

2116 2734 2374 2807 εὐλόγησέ
2409 2752 2495 2807 με,
2538 2734 2842 2805 βασιλεύειν
2877 2739 2933 2790 tv
2974 2736 3219 2808 Ἰσραήλ·
3252 2738 3347 2791 καὶ
3392 2738 3585 2791 Ἰσαὰκ
3614 2739 3707 2790 εὑο

2116 2827 2321 2897 λόγησέ
2364 2843 2429 2899 με
2458 2827 2677 2897 ὁμοίως.
2704 2829 2816 2881 Καὶ
2843 2826 2951 2898 ἐγὼ
2982 2825 3123 2894 οἶδα,
3155 2829 3235 2882 ὅτι
3259 2828 3316 2895 ἐξ
3338 2829 3477 2901 ἐμοῦ
3510 2830 3709 2900 στήσε-

2116 2936 2205 2973 ται
2226 2920 2287 2971 τὸ
2314 2918 2600 2989 βασίλειον.
3396 2908 3399 2909 ν

2190 3009 2296 3061 IH’.
2328 3026 2346 3059 r
2379 3008 2554 3077 Καίγε
2579 3009 2751 3077 ἔγνων
2781 3012 2838 3062 ὲν
2872 3009 3098 3081 βιϐλίοις
3138 3009 3309 3082 Ἑνὼχ
3349 3010 3449 3064 τοῦ
3471 3010 3709 3076 δικαίου,

2122 3101 2223 3153 ὅσα
2253 3100 2397 3153 κακά
2431 3102 2684 3171 ποιήσετε
2714 3104 2774 3160 tv
2809 3104 3067 3173 ἐσχάταις
3093 3104 3350 3175 ἡμέραις.
3394 3104 3711 3170 Φυλὰξασθε

2125 3189 2237 3256 οῦν,
2269 3193 2432 3246 τέκνα
2462 3211 2583 3264 μου,
2625 3194 2732 3247 ἀπὸ
2759 3194 2858 3265 τῆς
2889 3196 3145 3267 πορνείας
3173 3196 3266 3247 καὶ
3304 3196 3408 3265 τῆς
3437 3196 3711 3264 φιλαργυ-

2130 3286 2281 3358 ρίας·
2329 3286 2595 3339 ἀκούσατε
2634 3286 2803 3339 ’ἰούδα
2848 3286 2942 3339 τοῦ
2971 3286 3175 3358 πατρὸς
3201 3284 3377 3355 ὑμῶν,
3410 3285 3494 3337 ὅτι
3536 3285 3713 3337 ταῦτα

2128 3378 2332 3449 ἀφιστᾷ
2366 3377 2531 3447 νόμου
2557 3375 2713 3441 Θεοῦ,
2744 3378 2839 3429 καὶ
2861 3376 3050 3445 τυφλοῖ
3068 3377 3129 3429 τὸ
3150 3375 3454 3429 διαϐούλιον
3478 3374 3586 3444 τῆς
3612 3374 3714 3442 ψυ-

2129 3469 2250 3539 χῆς,
2296 3469 2390 3523 καὶ
2438 3468 2814 3539 ὑπερηφανίαν
2842 3468 3168 3533 ἐκδιδάσκει,
3214 3469 3309 3521 καὶ
3331 3468 3435 3519 οὐκ
3486 3467 3716 3536 ἀφίησιν

2129 3561 2299 3634 ἀνδρα
2330 3562 2551 3631 ἐλεῆσαι
2584 3560 2678 3615 τοῦ
2702 3561 2927 3631 πλησίον
2964 3559 3149 3623 αὑτοῦ,
3183 3560 3462 3631 στερίσκει
3487 3558 3591 3629 τὴν
3614 3560 3716 3627 Qu-

2130 3656 2230 3725 χὴν
2258 3654 2421 3708 αὑτοῦ
2446 3653 2551 3707 ἀπὸ
2585 3653 2763 3724 πάσης
2793 3652 3169 3722 ἀγαθωσύνης,
3192 3653 3286 3704 καὶ
3308 3652 3528 3720 συνέχει
3557 3651 3720 3703 αὑτὸν

2131 3750 2190 3801 tv
2228 3747 2445 3818 μόχθοις
2473 3746 2564 3798 καὶ
2590 3746 2789 3809 πόνοις,
2826 3746 2919 3797 καὶ
2949 3745 3159 3814 ἀφιστᾷ
3202 3742 3368 3796 ῦπνον
3396 3742 3595 3805 αὑτοῦ,
3622 3761 3721 3794 κα-

2132 3840 2413 3909 ταδαπανᾷ
2444 3837 2651 3909 σάρκας
2684 3835 2870 3901 αὑτοῦ,
2900 3835 2995 3888 καὶ
3024 3834 3211 3896 θυσίας
3243 3830 3380 3884 Θεοῦ
3412 3829 3720 3901 ἐμποδίζει,

2136 3933 2230 3984 καὶ
2259 3930 2505 3999 εὐλογίας
2517 3929 2578 3982 οὐ
2606 3929 2877 4000 μέμνηται
2906 3925 3037 3997 (97),
3060 3925 3152 3977 καὶ
3178 3924 3437 3995 προφήτῃ
3467 3922 3724 3974 λαλοῦντι

2140 4024 2244 4095 οὐχ
2269 4021 2555 4085 ὑπακούει,
2589 4022 2682 4073 καὶ
2716 4019 2857 4089 λόγῳ
2885 4016 3158 4079 εὐσεϐείας
3183 4014 3562 4087 προσοχθίζει.
3595 4016 3726 4068 Auct

2134 4117 2243 4189 γὰρ
2288 4116 2518 4169 πάθεσιν
2554 4112 2811 4175 ἐναντίοις
2838 4110 2947 4163 τῶν
2987 4109 3213 4164 ἐντολῶν
3266 4108 3359 4161 τοῦ
3411 4108 3554 4161 Θεοῦ
3611 4109 3727 4161 δου-

2141 4208 2333 4273 λεύων,
2361 4206 2480 4277 Θεῷ
2511 4204 2804 4259 ὑπακούειν
2831 4205 2891 4257 οὐ
2913 4203 3150 4264 δύναται,
3175 4202 3257 4253 ὅτι
3277 4199 3607 4268 ὲτύφλωσαν
3631 4200 3726 4269 τὴν

2143 4301 2323 4373 ψυχὴν
2349 4298 2534 4363 αὐτοῦ,
2564 4299 2655 4351 καὶ
2690 4299 2747 4351 tv
2774 4296 2976 4366 ἡμέρα,
3006 4294 3082 4357 ὼς
3113 4296 3170 4346 tv
3201 4292 3376 4355 νυκτὶ,
3404 4290 3721 4363 πορεύεται.

2206 4393 2305 4446 ΙΘ’.
2332 4412 2349 4443 ι
2378 4390 2555 4444 Τέκνα
2581 4406 2701 4460 μου,
2721 4390 2754 4459 ὴ
2776 4387 3107 4457 φιλαργυρία
3133 4385 3268 4457 πρὸς
3295 4383 3493 4436 εἴδωλα
3518 4384 3727 4453 ὁδηγεῖ,

457 4489 602 4541 niam
630 4488 682 4540 in
705 4502 891 4542 errore
918 4504 1011 4557 per
1035 4500 1340 4559 argentum,
1366 4502 1460 4542 eos
1476 4489 1566 4557 qui
1600 4502 1707 4541 non
1727 4495 1874 4552 sunt,
1900 4487 2021 4541 deos

2145 4486 2218 4537 ὃτι
2254 4484 2313 4535 tv
2344 4500 2383 4535 π
2419 4483 2520 4555 άνῃ
2547 4480 2615 4535 δι’
2635 4479 2895 4551 ἀργυρίου
2926 4478 3052 4541 τοὺς
3080 4476 3151 4547 μὴ
3176 4476 3334 4537 ὄντας
3351 4475 3511 4536 θεοὺς
3529 4475 3729 4545 ὀνομά-

458 4575 779 4642 nominant;
814 4584 868 4630 et
887 4575 1016 4630 facit
1045 4577 1334 4631 habentem
1369 4593 1489 4631 eam
1538 4578 1591 4631 in
1621 4578 1865 4631 exstasin
1900 4577 2033 4631 inci-

458 4667 612 4723 dere.
634 4666 861 4736 Propter
890 4680 1173 4737 argentum
1195 4669 1306 4739 (98)
1327 4684 1426 4738 ego
1445 4670 1653 4738 perdidi
1675 4670 1813 4723 ﬁlios
1845 4685 1996 4724 meos
2019 4687 2034 4735 ;

460 4767 516 4811 et
544 4758 646 4813 nisi
681 4759 1000 4830 pcenitentia
1027 4759 1208 4813 carnis
1248 4774 1403 4823 meae,
1434 4768 1487 4813 et
1519 4760 1800 4814 humilitas
1840 4760 2037 4813 anima:

464 4866 599 4905 meai
620 4861 673 4904 et
692 4851 973 4906 orationes
991 4849 1159 4904 Jacob
1176 4851 1345 4919 patris
1365 4850 1468 4903 mei
1489 4851 1897 4919 (obstitissent),
1918 4852 2037 4905 sine

464 4941 651 4995 liberis
682 4956 939 4995 morerer.
989 4941 1093 4995 Sed
1129 4940 1269 4997 Deus
1292 4952 1503 5011 patrum
1530 4957 1799 5004 meorum,
1826 4942 2042 4996 miseri—

464 5048 588 5087 cors
600 5042 654 5086 et
668 5032 927 5097 clemens,
948 5034 1362 5105 cognovitquod
1384 5034 1436 5087 in
1461 5033 1764 5102 ignorantia
1789 5033 1913 5088 feci.
1934 5033 2042 5087 Ex-

466 5124 692 5179 czecavit
718 5125 863 5178 enim
888 5141 973 5178 me
996 5127 1246 5195 princeps
1267 5126 1490 5190 erroris,
1518 5134 1572 5179 et
1597 5126 1863 5198 ignoravi,
1900 5126 2042 5181 sicut

468 5214 657 5280 homo,
689 5223 744 5268 et
774 5215 917 5269 sicut
953 5229 1103 5280 caro,
1141 5215 1194 5267 in
1228 5215 1467 5283 peccatis
1514 5224 1830 5285 corruptus.
1860 5213 1924 5268 Et
1952 5227 2045 5269 co-

543 5352 653 5421 (94)
692 5356 761 5405 El
783 5352 851 5405 δὲ
881 5351 1035 5419 μηδὲ
1068 5351 1221 5421 ῤ’,κῑως
1254 5352 1446 5421 πίητε.
1482 5350 1706 5421 corrige
1753 5366 1819 5404 ex
1865 5349 2040 5405 Oxon.

480 5416 603 5478 cod.
636 5416 689 5473 τί
713 5421 767 5473 δὲ
796 5416 961 5489 λέγω
988 5418 1108 5490 μηδ’
1136 5419 1271 5480 ὅλως
1299 5416 1500 5490 πίνετε..
1528 5416 1692 5490 (ἱβριιὶζ

553 5492 663 5561 (95)
702 5491 761 5545 Si
809 5479 927 5544 ve'ro
961 5479 1124 5561 n'eq'ue
1174 5479 1384 5561 cumino
1420 5485 1626 5539 bibetis.
1656 5482 1796 5548 Quid
1825 5497 1941 5536 vero
1974 5479 2057 5533 di-

483 5557 725 5616 cam?'ne
753 5561 963 5614 omnino
997 5557 1209 5613 bibatis.
1243 5557 1315 5611 In.

558 5631 669 5699 (96)
701 5632 895 5700 Λόγον
938 5629 1136 5686 Ἰακὼϐ
1175 5628 1279 5682 τοῦ
1314 5627 1550 5695 πατρός.
1595 5622 1788 5678 Ἰακὼϐ
1826 5620 1918 5676 τὸν
1950 5639 2055 5675 πα-

486 5702 788 5843 τέῗίῗῆ)ὴδὺ
818 5782 1128 5843 μεμνηται.
1158 5766 1293 5825 Θεοῦ
1322 5767 1382 5823 οὑ
1415 5764 1759 5838 μνημονεύει.
1793 5762 1866 5818 In.

2144 4576 2429 4641 ζουσιθκαὶ
2451 4578 2592 4627 ποιεῖ
2621 4574 2712 4627 τὸν
2730 4572 2921 4647 ἔχοντα
2952 4571 3120 4641 αὐτὴν
3152 4570 3231 4632 είς
3259 4568 3520 4619 ἔκστασιν
3559 4571 3728 4637 tym-

2142 4670 2274 4720 σεῖν.
2317 4665 2394 4717 Δι’
2424 4663 2686 4736 ἀργυρίου
2729 4662 2841 4732 ἐγὼ
2875 4659 3129 4716 ἀπώλεσα
3160 4659 3230 4713 τὰ
3257 4658 3425 4709 τέκνα
3472 4674 3580 4727 μου
3602 4697 3618 4719 ,
3642 4657 3731 4709 καὶ

2141 4760 2188 4811 εἰ
2210 4758 2284 4829 μὴ
2308 4758 2341 4827 ἡ
2369 4756 2623 4827 μετάνοια
2638 4756 2737 4825 τῆς
2762 4755 2961 4826 σαρκός
2986 4770 3107 4824 μου,
3124 4752 3264 4820 καὶὴ
3281 4749 3620 4811 ταπείνωσις
3634 4748 3730 4817 τῆς

2140 4852 2321 4922 ψυχῆς
2366 4866 2491 4920 μου,
2533 4850 2628 4901 καὶ
2673 4850 2727 4901 αί
2772 4846 2928 4916 εὐχαὶ
2970 4843 3161 4897 Ἰακὼϐ
3203 4842 3298 4897 τοῦ
3344 4843 3558 4913 πατρὸς
3610 4860 3727 4912 μου,

2144 4943 2370 5005 ἄτεκνος
2408 4937 2552 5010 εἶχον
2597 4939 2904 4997 ἀποθανεῖν.
2942 4930 3135 4991 ”Αλλ’ὁ
3158 4934 3290 4997 Θεὸς
3318 4933 3426 4985 τῶν
3475 4933 3728 5003 πατέρων

2151 5050 2273 5103 μου,
2299 5032 2326 5084 ὁ
2351 5029 2650 5099 οίκτίρμων
2669 5029 2762 5081 καὶ
2781 5026 3048 5098 ἐλεήμων,
3072 5023 3309 5091 συνέγνω
3330 5022 3410 5072 ὅτι
3447 5021 3507 5071 tv
3537 5020 3729 5087 ἀγνοίᾳ

2144 5124 2397 5193 ἐποίησα.
2434 5122 2739 5189 Ἐτύφλωσε
2764 5120 2874 5189 γάρ
2904 5135 2970 5187 με
2992 5118 3020 5170 6
3047 5117 3229 5186 ἄρχων
3251 5113 3351 5183 τῆς
3378 5111 3615 5179 πλάνης,
3643 5111 3729 5163 καὶ

2144 5216 2415 5287 ἠγνόησα,
2448 5214 2522 5277 ὼς
2552 5213 2856 5285 ἄνθρωπος,
2904 5211 2996 5262 καὶ
3020 5209 3094 5271 ὼς
3135 5206 3269 5278 σὰρξ
3300 5204 3434 5275 (99),
3467 5205 3525 5255 tv
3548 5204 3727 5273 ἀμαρ-

2218 5353 2330 5422 (98)
2363 5350 2589 5423 Propter
2626 5358 2923 5423 argentum.
2973 5346 3091 5423 Duo
3124 5343 3295 5423 verba
3330 5342 3434 5423 ista
3486 5340 3553 5394 ad
3598 5355 3727 5423 pra:-

2147 5410 2422 5481 ceden'tem
2457 5410 2738 5490 periodum
2763 5428 2889 5474 sunt
2909 5416 3220 5490 referenda,
3253 5414 3297 5466 si
3328 5410 3585 5490 Graecum
3618 5422 3721 5461 tuo

2148 5505 2263 5553 tum
2284 5493 2438 5563 sequi
2457 5482 2728 5563 velimus,
2747 5490 2802 5542 in
2832 5489 3249 5563 cujus_u_troque
3265 5482 3593 5563 exemplari.
3624 5492 3720 5563 tam

2148 5566 2323 5620 Oxon.
2350 5554 2514 5632 quam
2540 5560 2770 5632 Cantab.
2800 5554 2925 5627 post
2944 5558 3010 5610 δι’
3034 5554 3306 5632 ’ἀργυρίου
3332 5561 3418 5607 cst
3431 5562 3723 5621 punctum;

2149 5636 2344 5689 melius
2369 5622 2522 5695 vero,
2550 5631 2707 5699 juxta
2744 5622 2883 5682 hanc
2904 5622 3231 5699 versionem.
3257 5622 3335 5678 In.

2226 5706 2336 5774 (99)
2356 5701 2537 5772 Σάρξ.
2553 5698 2871 5759 Dmissum.
2902 5698 2976 5753 In.
