3830 6216
122 331 158 387 Ἰ
169 330 274 385 081

1386 321 1919 385 TESTAMENTUM
1949 328 2163 386 JUDA‘I.

3247 343 3386 398 108?.

123 444 284 507 τίαις
319 439 565 513 φθαρείς,
587 441 697 495 Καὶ
727 440 972 510 ἐπέγνων
999 442 1099 513 τὴν
1122 442 1364 513 ἐμαυτοῦ
1414 444 1716 512 ἀσθένειαν,

1839 452 2154 521 gnoscebam
2198 450 2423 506 tandem
2483 453 2589 508 mei
2640 454 2812 524 ipsius
2863 455 3255 526 infirmitatem,
3291 462 3384 530 qui

124 534 376 607 νομίζων
394 533 817 604 ἀκαταμάχητος
846 530 1003 587 εἶναι.

205 629 295 681 K'.
316 647 335 681 ι
366 627 658 696 Ἐπίγνωτε
685 623 777 682 οὖν
799 628 967 702 (100),
997 630 1161 685 τέκνα
1195 648 1315 702 μου,
1338 630 1419 683 ὅτι
1441 630 1534 684 δύο
1561 629 1719 684 πνεύ-

128 737 289 801 ματα
319 718 634 790 σχολάζουσι
663 721 742 792 τῷ
778 720 1070 793 ἀνθρώπῳ,
1098 723 1159 775 τὸ
1187 723 1287 793 τῆς
1314 722 1589 792 ἀληθείας,
1620 721 1717 775 καὶ

119 814 194 866 τὸ
226 812 331 883 τῆς
358 812 565 882 πλάνης
584 830 597 843 ο
636 813 730 865 καὶ
759 812 923 884 μέσον
954 815 1071 867 ἐστὶ
1095 814 1158 867 τὸ
1179 815 1278 885 τῆς
1301 815 1571 878 συνέσεως
1619 813 1717 867 τοῦ

108 902 276 975 νοὸς,
306 896 367 955 οὗ
400 903 493 955 ἐάν
519 902 647 976 θέλῃ
673 904 868 957 κλῖναι.
894 904 1069 973 Καίγε
1098 905 1168 958 τά
1192 905 1293 975 τῆς
1317 904 1592 976 ἀληθείας,
1622 904 1717 957 καὶ

120 991 201 1043 τὰ
224 993 326 1061 τῆς
354 990 580 1062 πλάνης,
607 993 912 1065 γέγραπται
944 994 1036 1046 ἐπὶ
1060 995 1122 1047 τὸ
1152 994 1344 1066 στῆθος
1378 995 1472 1047 τοῦ
1506 993 1715 1066 ἀνθρώ-

120 1098 239 1134 που
257 1099 271 1112 ’
302 1083 395 1135 καὶ⁸
420 1081 477 1136 ἐν
496 1083 724 1137 ἕκαστον
745 1084 924 1138 αὐτῶν
953 1086 1209 1158 γνωρίζει
1237 1087 1461 1157 Κύριος.
1487 1088 1597 1140 Καὶ
1618 1088 1717 1140 οὐκ

120 1173 251 1232 ἐστι
271 1174 481 1245 καιρὸς,
506 1177 563 1229 ὲν
581 1169 625 1242 ᾧ
645 1175 929 1247 δυνήσεται
951 1177 1130 1231 λαθεῖν
1143 1177 1239 1230 ἀνθ
1249 1177 1443 1248 ρώπων
1461 1178 1614 1249 ἔργα,
1636 1180 1717 1231 ὅτι

118 1266 191 1318 ἐν
233 1266 417 1336 στήθει
438 1266 638 1319 ὀστέων
668 1266 806 1319 αὐτά
829 1266 1207 1338 ἐγγέγραπται¹
1232 1266 1461 1321 ἐνώπιον
1491 1268 1715 1339 Κυρίου.

122 1358 247 1412 Καὶ
272 1359 336 1411 τὸ
376 1360 593 1431 πνεῦμα
621 1359 723 1430 τῆς
766 1358 1023 1431 ἀληθείας
1074 1361 1340 1429 μαρτυρεί
1389 1359 1587 1423 πάντα,
1624 1358 1719 1410 καὶ

121 1456 436 1524 κατηγορεῖ
472 1453 718 1516 πάντων,
751 1453 845 1506 καὶ
873 1452 1280 1524 ἐμπεπύρισται
1322 1453 1353 1504 ὁ
1395 1453 1718 1523 ἁμαρτήσας

121 1545 199 1597 ἐκ
228 1544 331 1614 τῆς
365 1544 498 1607 ἰδίας
524 1543 770 1616 καρδίας,
802 1543 896 1596 καὶ
926 1539 1057 1614 ἆραι
1080 1542 1376 1616 πρόσωπον
1406 1543 1466 1596 οὐ
1497 1541 1717 1595 δύναται

118 1634 276 1704 πρὸς
299 1634 389 1686 τὸν
420 1635 633 1705 κριτήν.

202 1725 340 1776 ΚΑ’.
373 1743 392 1775 ι
427 1724 537 1778 Καὶ
565 1724 681 1790 νῦν,
711 1724 877 1777 τέκνα
925 1740 1048 1794 μου,
1082 1723 1405 1795 ἀγαπήσατε
1434 1724 1526 1778 τὸν
1565 1722 1716 1788 Λευῖ,

1819 542 2217 597 existimassem
2246 558 2333 598 me
2360 544 2833 615 inexpugnabilem
2860 562 3003 603 esse.

1889 632 2011 688 XX.
2052 654 2071 686 ‹
2108 635 2439 706 Cognoscite
2468 637 2655 707 igitur,
2688 638 2783 692 ﬁlii
2814 640 2943 706 mei,
2973 639 3117 710 quod
3144 641 3251 695 duo
3278 642 3388 710 spi-

1825 726 1964 781 ritus
1994 736 2193 781 vacant
2221 728 2452 793 homini,
2489 730 2711 799 spiritus
2740 732 3017 796 veritatis,
3064 740 3117 787 et
3163 733 3389 803 Spiritus

1824 819 2059 885 erroris;
2098 828 2153 873 et
2195 819 2410 874 medius
2441 829 2524 874 est
2568 821 2796 890 spiritus
2833 822 3138 877 intellectus
3169 824 3387 890 mentis,

1820 911 1981 981 cujus
2014 920 2119 980 est,
2150 927 2259 983 quo
2280 913 2398 967 vult
2426 911 2707 967 inclinare.
2730 912 2795 966 Et
2818 930 2937 983 quae
2968 924 3095 969 sunt
3122 916 3388 979 veritatis,

1821 1012 1874 1058 et
1898 1019 2020 1073 quae
2046 1014 2175 1058 sunt
2201 1004 2426 1071 erroris,
2451 1005 2648 1075 scripta
2676 1014 2803 1060 sunt
2818 1021 2982 1076 super
3002 1014 3190 1075 pectus
3210 1006 3392 1060 homi-

1820 1094 1909 1149 nis
1941 1094 2005 1159 ",
2038 1104 2097 1149 et
2118 1097 2551 1166 unumquodque
2570 1112 2761 1151 eorum
2788 1098 3070 1167 cognoscit
3102 1097 3388 1152 Dominus.

1820 1184 1885 1241 Et
1909 1202 2016 1241 non
2042 1196 2126 1242 est
2149 1196 2382 1258 tempus,
2416 1189 2469 1243 in
2500 1205 2610 1259 quo
2629 1199 2885 1260 poterunt
2907 1191 3073 1245 latere
3105 1191 3393 1245 hominum

1821 1294 2013 1347 opera;
2042 1281 2297 1348 quoniam
2331 1296 2396 1335 ea
2426 1282 2479 1335 in
2508 1292 2725 1350 pectore
2743 1282 2949 1337 ossium
2976 1284 3235 1352 inscripta
3262 1290 3393 1337 sunt

1827 1385 2010 1424 coram
2057 1370 2311 1427 Domino.
2348 1372 2415 1426 Et
2466 1373 2692 1442 Spiritus
2738 1373 2980 1429 veritatis
3017 1375 3396 1430 testimonium

1821 1464 2071 1532 perhibet
2092 1465 2160 1519 de
2194 1466 2471 1532 omnibus,
2500 1476 2553 1520 et
2582 1476 2806 1521 accusat
2834 1466 3048 1529 omnia;
3079 1476 3126 1521 et
3160 1465 3394 1525 adustus

1822 1568 1907 1612 est
1959 1558 2053 1628 qui
2107 1564 2298 1627 peccat
2340 1573 2406 1611 ex
2436 1557 2659 1628 proprio
2689 1556 2875 1621 corde,
2904 1564 2958 1612 et
2991 1557 3170 1611 levare
3196 1556 3392 1612 faciem

1804 1666 1929 1709 non
1967 1658 2142 1719 potest
2163 1650 2230 1704 ad
2262 1650 2521 1719 judicem.

1892 1742 2036 1797 XXI.
2062 1762 2080 1794 ι
2101 1741 2168 1797 Ει
2192 1759 2359 1807 nunc,
2390 1742 2487 1796 ﬁlii
2519 1743 2648 1808 mei,
2682 1742 2889 1813 diligite
2914 1740 3065 1805 Levi,
3100 1749 3159 1795 ut
3182 1756 3397 1810 perma-

118 1818 223 1869 ἵνα
253 1817 594 1888 διαμείνητε⁸
630 1819 724 1871 καὶ
758 1819 830 1890 μὴ
856 1815 1148 1887 ἐπαίρεσθε
1192 1819 1280 1870 ἐπ’
1302 1816 1466 1869 αὑτὸν
1484 1856 1497 1882 ,
1525 1816 1613 1870 ἵνα
1644 1817 1717 1888 μὴ

1839 1837 2037 1901 :ieatis;
2070 1844 2125 1890 et
2154 1850 2263 1890 non
2287 1834 2588 1889 elIeramini
2613 1850 2777 1903 super
2806 1835 2983 1903 ipsum
3010 1875 3023 1900 ,
3058 1842 3117 1887 ut
3142 1847 3258 1887 non
3277 1832 3395 1886 dis-

115 1907 575 1980 ὲξολοθρευθῆτε.
632 1909 786 1981 Ἐμοὶ
816 1910 925 1981 γὰρ
973 1910 1141 1963 ἔδωκε
1183 1909 1387 1979 Κύριος
1430 1908 1529 1979 τὴν
1568 1906 1723 1977 βασι-

120 2003 307 2065 λείαν,
349 1983 586 2071 κάκείνῳ
609 2002 708 2072 τὴν
750 2002 1052 2071 ἱερατείαν,
1084 2002 1180 2054 καὶ
1222 1997 1457 2063 ὑπέταξε
1487 1998 1586 2070 τὴν
1621 1995 1720 2065 βα·-

120 2093 343 2147 σιλείαν
375 2095 440 2163 τῇ
476 2093 764 2167 ἱερωσύνῃ.
811 2094 965 2164 Ἐμοὶ
1007 2094 1177 2147 ἔδωκε
1222 2090 1291 2144 τά
1319 2091 1411 2143 ἐπὶ
1445 2090 1546 2160 τῆς
1588 2089 1721 2159 γῆς,

117 2183 376 2255 κάκείνῳ
403 2184 474 2237 τά
512 2186 571 2236 ἐν
608 2186 879 2256 οὐρανοῖς.
933 2187 1020 2250 Ὠς
1060 2185 1320 2255 ὑπερέχει
1366 2180 1594 2252 οὐρανὸς
1622 2180 1724 2249 τῆς

116 2277 260 2346 γῆς,
293 2276 464 2340 οὕτως
487 2277 743 2349 ὑπερέχει
760 2277 895 2330 Θεοῦ
930 2277 1170 2348 ἱερατεία
1191 2276 1293 2345 τῆς
1325 2275 1416 2329 ἐπὶ
1442 2272 1545 2342 γῆς
1573 2271 1726 2341 βασι-

116 2367 285 2429 λείας
312 2366 406 2438 (1).
439 2369 548 2421 Καὶ⁵
573 2367 680 2439 γὰρ
705 2368 866 2420 αὐτὸν
916 2368 1057 2441 ὑπὲρ
1102 2367 1161 2419 σὲ
1210 2363 1492 2431 ἐξελέξατο
1520 2361 1723 2432 Κύριος

116 2454 376 2527 ἐγγίζειν
422 2458 590 2529 αὐτῷ,
644 2460 739 2512 καὶ
790 2458 988 2512 ἐσθίειν
1053 2457 1333 2528 τράπεζαν
1374 2452 1574 2519 αὑτοῦ,
1629 2451 1725 2506 καὶ

118 2547 393 2618 ἀπαρχὰς
420 2548 851 2619 ἐντρυφημάτων
880 2546 1010 2600 υίῶν
1060 2543 1302 2616 Ἱσραήλ’
1348 2542 1443 2594 xat
1479 2540 1578 2612 ἔσῃ
1628 2540 1726 2599 αὐ-

116 2641 247 2701 τοῖς
280 2638 355 2709 (2)
385 2639 461 2703 ὡς
495 2641 529 2710 ἡ
578 2638 843 2692 θάλασσα.
886 2639 1095 2709 Ὥσπερ
1128 2635 1237 2706 γὰρ
1269 2638 1325 2687 ἐν
1359 2634 1495 2703 αὐτῇ
1526 2632 1724 2684 δίκαιοι

118 2731 231 2785 καὶ
268 2730 445 2784 ἄδικοι
484 2730 855 2801 χειμάζονται,
887 2731 938 2782 οἱ
970 2731 1069 2801 μὲν
1106 2724 1651 2798 αἰχμαλωτιζόμενοι,
1675 2722 1724 2773 οί

116 2821 188 2876 δὲ
238 2820 621 2884 πλουτοῦντεςο
661 2820 833 2884 οὕτως
864 2822 958 2874 καὶ
980 2823 1037 2873 ἐν
1070 2820 1151 2872 σοὶ
1183 2818 1291 2870 πᾶν
1332 2815 1488 2884 γένος
1518 2812 1729 2884 ἀνθρὼ-

127 2932 285 2979 πων,
333 2916 383 2968 οἱ
428 2915 525 2985 μὲν
568 2914 967 2967 κινδυνεύουσιν
1008 2906 1558 2982 αἰχμαλωτιζόμενοι,
1588 2906 1637 2957 οί
1671 2903 1729 2956 δὲ

120 3007 460 3063 πλουτοῦσιν
486 3003 845 3077 ἁρπάζοντες.
875 3005 995 3059 Ὅτι
1020 3003 1070 3056 οἱ
1094 2999 1476 3072 βασιλεύοντες
1494 2996 1728 3059 ἔσονται,

118 3104 213 3167 ὡς
241 3104 405 3173 κήτη,
434 3100 824 3162 καταπίνοντες
848 3094 1191 3167 ἀνθρώπους,
1215 3094 1290 3156 ὼς
1322 3091 1539 3161 ἰχθύας·
1570 3088 1731 3157 θυγα-

119 3196 302 3267 τέρας
322 3195 415 3247 καὶ
438 3193 589 3255 υἱοὺς
614 3189 929 3261 ἐλευθέρους
960 3184 1458 3240 καταδουλώσουσιν
1476 3199 1489 3211 ’
1523 3180 1724 3245 οἴκους,

121 3289 363 3359 ἀγροὺς,
397 3287 649 3356 ποίμνια,
700 3286 959 3355 χρήματα
996 3280 1335 3351 ἀρπάσουσι·
1385 3278 1481 3330 καὶ
1520 3274 1729 3333 πολλῶν

125 3380 350 3449 σάρκας
393 3377 592 3438 ἀδίκως
638 3375 873 3446 κόρακες
916 3372 1011 3425 καὶ⁹
1055 3370 1189 3433 ἴϐεις
1244 3369 1591 3440 χορτάσουσι,
1636 3366 1731 3419 καὶ

126 3470 508 3543 προκόψουσιν
546 3469 643 3521 ἐπὶ
674 3468 734 3521 τὸ
773 3466 943 3519 κακὸν
983 3465 1041 3517 ἐν
1084 3462 1368 3533 πλεονεξίᾳ
1415 3460 1727 3530 ὑψούμενοι.

126 3564 250 3616 Καὶ
276 3561 490 3615 ἔσονται
524 3561 601 3623 ὼς
630 3558 941 3628 καταιγίδες
970 3554 1441 3627 ψευδοπροφῆται,
1473 3554 1567 3606 καὶ
1596 3552 1731 3613 πάν-

123 3672 247 3718 τας
265 3654 507 3717 δικαίους
527 3651 826 3716 διώξονται.

211 3748 342 3801 KB'.
390 3766 409 3799 ι
453 3744 761 3811 Ἐπάξειδέ
795 3744 979 3807 αὐτοῖς
1031 3743 1237 3814 Κύριος
1268 3739 1562 3811 διαιρέσεις
1611 3739 1732 3792 κατ’

100 3843 408 3914 τάλλήλων,
453 3844 548 3895 καὶ
591 3840 817 3911 πόλεμοι
854 3840 1095 3908 συνεχεῖς
1129 3836 1341 3888 ἔσονται
1374 3837 1430 3888 ἐν
1479 3834 1729 3906 Ἰσραὴλ,

98 3937 235 3989 ικαὶ
269 3936 329 3987 ἐν
356 3932 673 4003 ἀλλοφύλοις
712 3928 1190 3999 συντελεσθήσεται
1230 3929 1263 3998 ἠ
1308 3924 1553 3996 βασιλεία
1589 3943 1691 3995 μου
1716 3965 1731 3989 ,

131 4028 246 4091 ἕως
278 4026 373 4079 τοῦ
409 4024 580 4078 ἐλθεῖν
606 4024 669 4077 τὸ
695 4022 959 4092 σωτήριον
992 4018 1069 4091 τῷ
1115 4017 1359 4091 Ἰσραὴλ,
1388 4018 1498 4081 ἕως
1532 4034 1735 4088 παρου-

102 4158 103 4161 η
134 4118 266 4179 σίας
301 4114 394 4167 τοῦ
434 4113 570 4167 Θεοῦ
588 4112 689 4183 τῆς
715 4107 1086 4179 δικαιοσύνης,
1108 4106 1201 4161 τοῦ
1221 4105 1491 4178 ἡσυχάσαι
1509 4104 1598 4157 τὸν
1631 4105 1736 4159 Ἰα-

96 4236 101 4239 >
133 4206 259 4263 κὼϐ
299 4209 355 4259 ἐν
375 4207 588 4277 εἰρήνῃ,
607 4205 701 4258 καὶ
732 4203 909 4256 πάντα
936 4199 1007 4252 τὰ
1021 4199 1167 4270 ἔθνη.
1190 4195 1302 4253 Καὶ
1317 4196 1478 4260 αὐτὸς
1512 4193 1734 4263 φυλάξει

135 4302 346 4372 κράτος
382 4296 658 4368 βασιλείας
707 4312 806 4366 μου
840 4295 943 4357 ἕως
988 4290 1081 4345 τοῦ
1126 4288 1341 4351 αἰῶνος.
1397 4289 1582 4358 ’Ὀρκῳ
1628 4284 1736 4354 γάρ

132 4390 329 4463 ὤμοσέ
352 4407 438 4460 μοι
459 4388 683 4459 Κύριος,
707 4387 781 4457 μὴ
804 4383 1073 4453 ἐκλείψειν
1088 4383 1148 4435 τὸ
1166 4379 1429 4451 βασίλειόν
1449 4396 1547 4449 μου
1564 4379 1627 4429 ἐκ
1640 4375 1733 4428 τοῦ

1829 1928 2090 1997 pereatis.
2124 1926 2255 1980 Mihi
2294 1927 2439 1981 enim
2471 1927 2618 1981 dedit
2646 1925 2914 1981 Dominus
2956 1941 3208 1995 regnum,
3233 1932 3288 1977 et
3319 1924 3398 1979 illi

1825 2019 2215 2085 sacerdotium,
2257 2029 2311 2073 et
2352 2019 2583 2087 subjecit
2613 2034 2840 2089 regnum
2885 2018 3212 2073 sacerdotio.
3266 2015 3398 2069 Mihi

1823 2111 1973 2166 dedit
2001 2126 2121 2180 quat
2151 2113 2203 2165 in
2235 2122 2413 2179 terra;
2454 2111 2527 2164 illi
2562 2126 2711 2176 vero,
2742 2127 2864 2180 quae
2892 2122 3020 2165 sunt
3048 2112 3101 2165 in
3133 2109 3400 2166 coelis.Ut

1825 2203 2195 2271 supereminet
2222 2204 2418 2257 coelum
2444 2211 2624 2266 terrae,
2662 2203 2734 2257 ita
2761 2204 3133 2273 supereminet
3162 2203 3257 2257 Dei
3311 2218 3400 2257 sa.-

1737 2334 1745 2342 .
1825 2294 2128 2350 cerdotium
2159 2310 2328 2364 regno
2362 2296 2507 2365 quod
2549 2302 2634 2349 est
2680 2295 2734 2348 in
2764 2305 2932 2350 terra.
2969 2296 3183 2351 Etenim
3214 2296 3398 2365 ipsum

1821 2403 1985 2457 supra
2014 2398 2066 2443 te
2088 2389 2249 2459 elegit
2270 2389 2534 2447 Dominus
2558 2390 2996 2462 appropinquare
3018 2389 3142 2459 ipsi,
3166 2396 3220 2443 et
3249 2404 3399 2443 com-

1820 2481 1979 2536 edere
2019 2496 2262 2537 mensam
2301 2484 2507 2553 ipsius,
2547 2494 2601 2539 et
2652 2484 2919 2555 primitias
2975 2482 3292 2537 deliciarum
3334 2481 3401 2536 fi-

1826 2573 2029 2627 liorum
2059 2570 2226 2626 Israel
2269 2590 2283 2626 :
2323 2581 2375 2627 et
2404 2573 2513 2627 eris
2534 2573 2614 2626 eis
2646 2583 2704 2625 ut
2731 2586 2899 2624 mare.
2927 2568 3398 2635 Quemadmodum

1827 2664 1972 2719 enim
2002 2665 2055 2717 in
2086 2664 2223 2717 mari
2250 2662 2383 2732 justi
2414 2670 2468 2716 et
2522 2661 2711 2731 iujusti
2765 2661 3032 2723 hiemant,
3083 2659 3137 2712 hi
3181 2658 3401 2727 quidem

1828 2756 2026 2825 captivi
2066 2752 2216 2817 facti,
2247 2754 2302 2808 bi
2335 2769 2463 2807 vero
2483 2754 2672 2808 ditati:
2702 2754 2773 2806 ita
2807 2761 2861 2805 et
2881 2752 2934 2805 in
2966 2758 3019 2804 te
3049 2766 3209 2804 omne
3231 2764 3404 2820 genus

1830 2848 2139 2911 hominum,
2177 2846 2231 2900 hi
2277 2845 2494 2915 quidem
2527 2844 2901 2914 periclitantur
2949 2843 3002 2896 in
3035 2842 3405 2911 captivitatem

1831 2941 1961 3006 acti,
1994 2940 2049 2992 hi
2077 2954 2208 2993 vero
2258 2939 2508 2993 ditantur
2559 2937 2857 3004 rapientes.
2890 2934 3161 3000 Quoniam
3192 2932 3287 3003 qui
3316 2947 3404 2988 re-

1836 3043 2004 3102 gnant
2035 3041 2197 3085 erunt
2228 3033 2371 3086 sicut
2399 3040 2536 3094 cete,
2571 3030 2934 3099 deglutientes
2964 3028 3216 3083 homines
3258 3026 3408 3081 velut

1757 3142 1799 3202 ρ
1834 3122 2198 3193 pisceszﬁlias
2213 3131 2268 3176 et
2297 3122 2439 3175 tilios
2466 3121 2666 3175 liberos
2704 3121 2757 3173 in
2784 3120 3099 3175 servitutem
3127 3118 3404 3187 redigent;

1834 3214 2052 3281 domos,
2080 3228 2264 3283 agros,
2295 3229 2507 3283 greges,
2555 3212 2818 3282 pecunias
2845 3212 3093 3279 rapient;
3127 3219 3181 3263 et
3209 3208 3408 3263 multo-

1806 3316 1955 3362 ‘rum
1989 3306 2247 3363 carnibus
2291 3305 2493 3374 injuste
2539 3318 2734 3357 corvos
2778 3310 2832 3357 et
2864 3302 3031 3356 ibices
3061 3302 3404 3363 saturabunt,

1834 3409 1889 3455 et
1937 3399 2225 3470 proﬁcient
2273 3397 2327 3450 in
2372 3396 2580 3451 malum
2640 3396 2696 3449 in
2750 3394 2977 3448 avaritia
3039 3392 3283 3446 exaltati.
3341 3390 3408 3444 Et

1832 3500 1994 3549 erunt
2019 3499 2080 3544 ut
2108 3489 2362 3560 procella:
2388 3486 2896 3559 pseudoprophetae.
2922 3483 3190 3544 etTomnes
3226 3484 3409 3553 justos

1834 3591 2251 3654 persequentur.

1909 3740 2074 3796 XXII.
2123 3758 2142 3790 ι
2177 3739 2401 3792 lnducet
2454 3743 2637 3791 autem
2676 3734 2757 3788 eis
2808 3732 3070 3787 Dominus
3111 3729 3410 3795 divisiones

1838 3837 1979 3891 inter
2025 3849 2104 3901 se,
2156 3841 2210 3887 et
2252 3830 2393 3886 bella
2426 3829 2686 3882 continua
2717 3835 2878 3879 erunt
2929 3826 2982 3878 in
3031 3823 3220 3887 Israel,
3262 3833 3315 3877 et
3353 3822 3409 3874 in

1836 3926 2154 3997 alienigenis
2193 3921 2664 3979 consummabitur
2710 3933 2936 3987 regnum
2972 3916 3411 3979 meum,.donec

1836 4021 2018 4074 veniet
2048 4018 2287 4073 salutare
2315 4014 2501 4077 Israel,
2535 4029 2708 4082 usque
2736 4013 2804 4065 ad
2836 4010 3130 4065 adventum
3169 4010 3263 4064 Dei
3311 4009 3410 4078 ju-

1832 4109 2357 4179 stitia2,utquiescat
2400 4105 2570 4162 Iacob
2616 4105 2670 4158 in
2703 4119 2855 4173 pace,
2894 4112 2948 4157 et
2978 4118 3168 4156 omnes
3199 4109 3407 4172 gentes.

1838 4204 1906 4258 Et
1952 4204 2068 4273 ipse
2099 4200 2371 4256 custodiet
2418 4204 2746 4267 potestatem
2799 4194 2949 4264 regni
2982 4194 3089 4247 mei
3132 4207 3304 4260 usque
3353 4192 3409 4245 in

1840 4296 2125 4351 saeculum.
2159 4292 2478 4345 Juramento
2506 4290 2651 4343 enim
2694 4289 2903 4358 juravit
2938 4286 3073 4339 mihi
3121 4285 3409 4348 Dominus,

1842 4404 1946 4441 non
1977 4383 2316 4439 deiecturum
2356 4395 2581 4455 regnum
2615 4393 2797 4433 meum
2823 4392 2854 4431 e
2881 4376 3089 4431 semine
3117 4389 3260 4439 meo,
3288 4387 3410 4426 om-

136 4479 461 4551 σπέρματός
501 4494 623 4547 μου,
661 4476 841 4538 πάσας
874 4473 971 4537 τὰς
1006 4472 1244 4543 ἡμέρας,
1274 4470 1378 4533 ἕως
1401 4466 1494 4521 τοῦ
1515 4467 1726 4529 αἰῶνος.

1839 4478 2003 4531 nibus
2034 4475 2245 4535 diebus,
2280 4487 2452 4540 usque
2478 4471 2534 4523 in
2568 4468 2850 4523 saeculum.

210 4574 342 4627 Kl".
391 4591 408 4622 ι
438 4570 612 4640 Πολλὴ
632 4570 689 4623 δέ
720 4567 864 4638 λύπη
903 4566 991 4637 μοί
1025 4568 1160 4628 ἐστι,
1186 4563 1350 4615 τέκνα
1381 4578 1502 4632 μου,
1524 4558 1611 4613 διὰ
1633 4559 1730 4623 τὰς

133 4666 428 4733 ἀσελγείας
454 4666 547 4718 καὶ
573 4661 847 4733 γοητείας,
875 4659 970 4712 καὶ
1004 4656 1477 4727 εἰδωλολατρείας,
1495 4655 1559 4717 ἀς
1582 4652 1733 4723 ποιή-

136 4773 267 4810 σετε
301 4757 381 4818 είς
412 4755 475 4808 τὸ
501 4747 1260 4825 βασίλειον,ἐγγαστριμύθοις
1288 4744 1729 4807 ἀκολουθοῦντες,

136 4850 366 4923 κληδόσι
412 4846 524 4919 (5),
576 4848 670 4900 καὶ
718 4847 937 4917 δαίμοσι
987 4843 1217 4912 πλάνης.
1272 4840 1383 4903 Τάς
1426 4838 1732 4909 θυγατέρας

98 4976 103 4979 ~
137 4941 302 5014 ὑμῶν
341 4939 604 5012 μουσικὰς
638 4940 733 4991 καὶ
762 4937 1029 5008 δημοσίας
1065 4937 1353 5006 ποιήσετε,
1407 4932 1503 4985 καὶ
1546 4932 1731 5001 ἐπιμι-

102 5081 107 5085 .
133 5031 379 5105 γὴσεσθε
414 5033 471 5083 ἐν
506 5029 868 5100 βδελύγμασιν
901 5027 1102 5081 ἐθνῶν·
1132 5025 1247 5079 ἀνθ’
1280 5016 1353 5077 ὧν
1378 5022 1495 5087 ἄξει
1527 5023 1731 5093 Κύριος

98 5162 107 5165 -
138 5123 226 5192 ἐφ’
263 5123 405 5191 ὑμᾶς
439 5120 628 5191 λιμὸν,
665 5120 891 5174 θάνατον
925 5119 1019 5172 καὶ
1056 5115 1364 5189 ῥομφαίαν,
1412 5113 1732 5167 ἐκδικοῦσαν

138 5214 485 5287 πολιορκίαν,
520 5216 614 5266 καὶ
645 5213 812 5277 κύνας
853 5214 930 5276 εἰς
964 5208 1341 5279 διασπασμὸν,
1395 5206 1605 5277 ἐχθρῶν
1639 5205 1732 5258 καὶ

139 5306 315 5378 φίλων
357 5306 728 5376 ὀνειδισμοὺς,
778 5303 1052 5358 ἀπώλειαν
1099 5300 1195 5354 καὶ⁹
1242 5298 1317 5372 (4)
1366 5297 1732 5368 σφακελισμὸν

222 5396 268 5428 ¹³
301 5395 460 5451 Rom.
497 5413 555 5465 ιι,
590 5398 678 5461 14,
718 5397 802 5451 15.

217 5489 366 5559 (100)
418 5491 729 5559 Ἑπιγνωτε
751 5488 883 5543 οὖν.
916 5485 1133 5542 Omissa
1160 5486 1371 5554 integra
1406 5483 1521 5538 haec
1549 5483 1731 5553 perio-

145 5559 685 5703 fiufilillgaatlslaq.
731 5628 1050 5703 Βασιλείας,
1084 5627 1200 5703 ὲάν-
1229 5628 1302 5703 μή
1357 5624 1440 5703 δι’.
1459 5623 1741 5703 ἁμαρτίας

146 5693 766 5827 ἐκῗιεέσῃοκυρίουξκαὶ
800 5700 1060 5773 ⁴ιιυριευθῇ
1109 5693 1529 5765 suosmet“,
1584 5693 1733 5749 addit

148 5786 223 5833 CQ
258 5786 327 5833 ex,
403 5785 535 5830 Χοιι,

1909 4567 2100 4627 XXIII.
2149 4587 2167 4619 (
2201 4564 2366 4619 Multa
2398 4572 2577 4617 autem
2609 4562 2831 4617 tristitia
2860 4559 2994 4614 mihi
3021 4568 3122 4621 est,
3152 4557 3247 4610 lilii
3278 4555 3407 4621 mei,

1840 4671 2065 4733 propter
2101 4660 2492 4731 impudicitias,
2520 4666 2573 4713 et
2617 4654 2920 4723 sortilegia,
2966 4660 3020 4706 et
3052 4650 3409 4714 idololatrias,

1836 4771 1975 4825 quas
2027 4754 2244 4809 facietis
2280 4754 2334 4807 in
2368 4765 2594 4821 regnum
2619 4791 2634 4816 ,
2662 4746 3041 4815 ventriloquos
3085 4752 3406 4813 sequentes,

1836 4846 2204 4902 divinationes
2255 4854 2309 4900 et
2360 4844 2644 4898 daemonas
2697 4840 2923 4894 erroris.
2989 4836 3153 4890 Filias
3201 4843 3410 4890 vestras

1837 4939 2169 4995 cantatrices
2216 4946 2270 4993 et
2318 4936 2569 5007 publicas
2603 4933 2834 4996 facietis,
2866 4940 2921 4985 et
2969 4927 3412 4984 immiscebimini

1838 5032 2348 5089 abominationibus
2374 5030 2649 5101 gentium;
2695 5040 2794 5096 pro
2819 5024 3020 5095 quibus
3040 5022 3202 5077 ducet
3229 5019 3412 5075 Domi-

1836 5140 1944 5180 nus
1976 5140 2138 5194 super
2164 5139 2263 5177 vos
2300 5121 2501 5175 famem
2548 5128 2602 5173 et
2642 5117 3030 5187 pestilentiam,
3079 5121 3311 5168 mortem
3357 5116 3415 5165 et

1839 5219 2103 5290 gladium,
2137 5217 2497 5271 ulciscentem
2530 5210 2895 5273 obsidionem,
2932 5216 2987 5262 et
3015 5221 3179 5262 canes
3222 5205 3277 5258 in
3321 5202 3402 5256 di-

1838 5310 2217 5376 laniationem,
2269 5307 2619 5362 inimicorum
2664 5312 2719 5357 et
2761 5302 3065 5357 amicorum
3097 5294 3407 5368 opprobria,

1890 5469 1984 5557 ,l?)
2012 5468 2262 5557 ἔαὶέσιι
2290 5465 2511 5533 αὐτοῖς.
2542 5467 2681 5522 Add.
2706 5464 2769 5518 σὺ
2799 5463 2856 5517 δὲ
2883 5462 2982 5535 ἔσῃ
3009 5459 3256 5533 βασιλεὺς
3305 5456 3408 5510 ἰα-

1836 5544 1982 5682 xu1%)
2010 5539 2839 5682 (ἓὲριέἓᾷουθοῦντες,κ.ζῃδόᾳι.
2881 5597 3405 5670 Ἑξακολουθοῦντες,

1835 5678 2039 5741 omissa
2065 5679 2312 5749 sequenti
2347 5694 2476 5732 voce
2506 5678 2745 5749 κληδόσι.
2771 5678 2844 5749 lo.

1908 5754 1982 5825 {4)
2020 5736 2345 5818 Καὶ’κύνιις
2372 5751 2458 5816 εἰς
2491 5736 2894 5817 διάὸπισμὸν,
2930 5741 3158 5813 ἐχθρῶν
3192 5736 3287 5795 καί
3314 5737 3408 5814 ρί-
