3830 6216
433 318 572 376 1085

1473 296 1941 358 TESTAMENTA
1974 293 2068 350 Xll
2104 286 2721 348 PATRIAREIHARUM.

3569 281 3708 337 £084

430 431 797 495 Perditionem
829 435 884 484 et
927 426 1104 482 tabem
1134 422 1423 479 oculorum
1451 458 1468 485 ,
1512 431 1811 489 puerorum
1860 412 2009 469 occi-

2155 407 2416 480 φθαλμῶν
2436 446 2451 469 ,
2480 404 2689 477 νηπίων
2723 402 3000 476 ἀναίρεσιν
3020 443 3034 467 ,
3073 405 3166 457 xul
3202 402 3439 474 συμϐίων
3469 401 3705 471 ἀφαίρε-

435 528 672 591 sionem,
706 532 760 579 et
785 536 1020 577 uxorum
1068 516 1422 580 ablationem,
1460 511 1874 583 possessionum
1922 522 2015 561 ra-

434 621 652 691 pinam,
702 623 862 672 terraa
888 611 1303 675 desolationem,
1332 605 1519 675 templi
1552 603 1647 657 Dei
1680 601 2014 664 incendium,

436 710 607 767 vestri
655 710 902 779 ipsorum
951 704 1269 760 servitutem
1300 700 1353 753 in
1385 697 1673 769 gentibus;
1723 691 2018 748 etexseiu-

434 804 621 859 dente
646 802 804 856 vobis
832 798 1120 854 eunuchos
1152 793 1420 848 uxoribus
1448 790 1565 846 suis
1584 830 1600 854 ,
1630 789 1804 843 donec
1836 798 2019 839 rever-

434 896 630 952 tamini
667 895 735 949 ad
768 892 1064 948 Dominum
1095 889 1151 943 in
1181 887 1395 956 integro
1422 883 1583 955 corde
1603 923 1617 947 ,
1654 878 2017 950 ptenitentes,

436 994 493 1040 et
524 985 873 1040 ambulantes
906 983 961 1036 in
997 979 1255 1034 omnibus
1284 973 1563 1030 mandatis
1601 971 1717 1038 Dei,
1758 980 1810 1025 ct
1841 969 2022 1023 visitet

435 1090 537 1130 vos
569 1074 835 1127 Dominus
865 1072 920 1125 in
952 1067 1353 1133 misericordia,
1384 1074 1439 1120 et
1466 1064 1695 1119 reducat
1730 1077 1762 1116 a
1792 1059 2021 1130 captivi-

438 1175 547 1222 tate
584 1166 930 1220 inimicorum
967 1173 1301 1217 vestrorum.

511 1257 703 1312 XXIV.
752 1276 770 1309 ι
800 1256 865 1311 Ει
913 1267 1038 1325 post
1083 1255 1199 1308 haec
1242 1254 1453 1307 orietur
1502 1249 1659 1304 vobis
1704 1256 1912 1303 astrum
1954 1261 2021 1299 ex

435 1349 607 1405 Jacob
634 1350 687 1403 in
719 1364 854 1419 pace
878 1389 892 1413 ,
939 1358 993 1402 et
1036 1355 1297 1415 exsurget
1326 1346 1492 1399 homo
1538 1360 1601 1396 ex
1632 1341 1839 1395 semine
1872 1356 2018 1402 meo,

439 1452 500 1494 ut
540 1438 900 1508 soljustitiat,
948 1436 1239 1490 ambulans
1278 1450 1403 1488 cum
1454 1434 1580 1487 ﬁliis
1628 1431 1912 1485 hominum
1967 1430 2022 1484 in

437 1532 861 1587 mansuetudine
892 1540 946 1584 et
973 1531 1185 1600 justitia
1206 1570 1221 1594 ,
1257 1538 1309 1582 et
1338 1528 1637 1598 quidquam
1671 1523 1880 1595 peccati
1914 1540 2023 1577 non

437 1624 745 1679 invenietur
787 1638 844 1676 in
871 1636 957 1675 eo.
992 1621 1059 1674 Et
1087 1620 1403 1690 aperientur
1444 1633 1607 1687 super
1651 1618 1833 1688 ipsum
1862 1614 1983 1671 C(Bll
2006 1653 2029 1682 ,ν

438 1716 506 1770 ad
560 1713 947 1769 ellundendum
1002 1713 1309 1781 Spiritum,
1359 1709 1793 1765 benedictionem
1847 1706 2027 1763 Patris

440 1806 614 1862 sancti
645 1824 659 1859 :
685 1813 739 1859 et
772 1804 886 1873 ipse
912 1803 1155 1858 eﬂ'undet
1186 1804 1441 1873 spiritum
1476 1802 1663 1872 gratiae
1696 1816 1857 1870 super
1887 1816 2020 1865 vos,

437 1906 493 1953 et
519 1898 672 1951 eritis
702 1898 752 1951 ei
788 1897 881 1950 lilii
910 1896 963 1950 in
991 1896 1223 1950 veritate
1245 1936 1260 1961 ,
1308 1908 1363 1949 et
1409 1894 1763 1949 ambulabitis
1794 1893 1851 1947 in
1882 1908 2022 1962 prae-

440 1990 617 2059 ceptis
645 1990 791 2044 illius
820 1989 1013 2059 primis
1041 1997 1093 2042 et
1124 1987 1352 2041 ultimis.
1402 1984 1502 2039 llic
1539 1996 1623 2041 est
1670 2000 1890 2055 germen
1928 1983 2024 2040 Dei

438 2078 712 2137 Altissimi
738 2122 752 2145 ,
803 2089 857 2135 et
903 2080 994 2134 hic
1029 2089 1117 2134 est
1152 2079 1277 2133 lons
1309 2079 1362 2132 in
1392 2079 1560 2132 vitam
1608 2078 1788 2133 omnis
1818 2078 2025 2139 carnis.

440 2172 597 2228 Tunc
629 2171 924 2243 refulgebit
962 2181 1239 2240 sceptrum
1289 2171 1441 2242 regni
1492 2171 1623 2234 mei,
1666 2179 1715 2225 et
1768 2186 1798 2224 a
1842 2170 2027 2226 radice

439 2271 621 2318 vestra
655 2270 913 2317 nascetur
952 2276 1229 2331 propago;
1281 2269 1336 2314 et
1380 2261 1435 2315 in
1476 2276 1542 2314 eo
1588 2259 1846 2315 ascendet
1873 2260 2025 2330 virga

436 2355 666 2425 justiti:e
693 2356 945 2425 gentibus
967 2396 982 2421 ,
1026 2363 1086 2409 ut
1106 2353 1317 2424 judicet
1339 2361 1394 2409 et
1432 2353 1603 2408 salvet
1640 2368 1830 2410 omnes
1866 2351 2025 2407 invo-

440 2455 629 2500 cantes
656 2443 975 2499 Dominum.

510 2623 683 2678 XXV.
732 2644 750 2675 ι
781 2624 849 2679 Ει
876 2636 998 2694 post
1025 2626 1141 2680 haec
1167 2637 1417 2695 resurget
1442 2628 1744 2690 Abraham,
1776 2639 1829 2682 et
1854 2626 2026 2694 lsaac,

440 2726 495 2768 et
519 2714 689 2769 Jacob
718 2716 769 2768 in
803 2716 1004 2782 vitam;
1037 2725 1093 2771 et
1128 2732 1249 2787 ego,
1280 2727 1333 2771 et
1361 2717 1560 2772 fratres
1592 2719 1697 2772 mei
1730 2718 2023 2789 principes,

441 2814 718 2874 sceptrum
747 2814 991 2861 vestrum
1035 2807 1088 2860 in
1132 2806 1300 2861 Israel
1341 2809 1571 2863 erimus.
1622 2807 1749 2862 Levi
1793 2810 2023 2877 primus,

442 2896 717 2950 secundus
754 2910 877 2966 ego,
921 2896 1114 2951 tertius
1151 2895 1349 2973 Joseph
1374 2937 1389 2960 ,
1443 2905 1674 2966 quartus
1718 2895 2026 2966 Benjamin,

441 2987 668 3056 quintus
714 2985 970 3055 Simeon,
1008 2998 1197 3043 sextus
1241 2987 1485 3055 lsachar,
1542 2998 1596 3043 et
1647 2989 1720 3042 ita
1772 2989 2028 3058 deinceps

2119 520 2203 555 σιν
2224 541 2237 564 ,
2289 500 2641 572 ὑπαρχόντων
2675 497 2929 569 ἁρπαγὴν
2958 496 3034 567 (5)
3055 538 3069 562 ,
3105 496 3207 567 γῆς
3241 496 3538 569 ἐρήμωσιν,
3576 491 3705 546 ναοῦ

2117 592 2253 647 Θεοῦ
2287 590 2654 664 ἐμπυρισμὸν,
2698 588 2851 659 ὑμῶν
2890 587 3067 643 αὐτῶν
3111 587 3353 641 δουλείαν
3389 587 3447 638 ἐν
3488 583 3704 636 ἔθνεσι·

2124 688 2217 741 xul
2251 683 2575 755 ἐκτεμοῦσιν
2611 681 2671 746 ἐξ
2705 681 2857 750 ὑμῶν
2892 680 2971 743 είς
2999 677 3284 748 εὐνούχους
3307 677 3429 738 ταῖς
3459 674 3707 743 γυναιξὶν

2122 781 2325 847 αὐτῶν,
2361 781 2466 844 ἓως
2511 778 2577 832 ἂν
2619 775 2985 848 ἐπιστρέψητε
3034 775 3169 845 πρὸς
3203 772 3401 843 Κύριον
3436 772 3490 823 ἐν
3524 769 3710 840 τελείᾳ

2126 873 2344 947 καρδίᾳ,
2386 869 2880 942 μεταμελούμενοι,
2916 868 3011 921 καὶ
3045 865 3397 937 πορευόμενοι
3422 865 3479 915 ἐν
3502 864 3708 925 πάσαις

2120 969 2246 1030 ταῖς
2268 964 2509 1026 ἐντολαῖς
2532 962 2625 1015 τοῦ
2651 960 2809 1024 Θεοῦ,
2838 962 2931 1014 καὶ
2954 959 3316 1030 ἐπισκέψηται
3340 958 3480 1028 ὑμᾶς
3499 954 3709 1027 Κύριος

2122 1060 2180 1112 ἐν
2213 1057 2373 1121 ἐλέει,
2411 1057 2504 1109 καὶ
2538 1052 2796 1126 ἀναγάπῃ
2821 1051 2893 1123 (6)
2932 1050 3039 1105 ἀπὸ
3070 1050 3169 1121 τῆς
3198 1047 3571 1119 αἰχμαλωσίας
3603 1044 3709 1099 τῶν

2124 1150 2332 1222 ἐχθρῶν
2369 1149 2540 1219 ὑμῶν.

2196 1246 2320 1296 ΚΔ’.
2368 1262 2385 1292 t
2426 1243 2537 1294 Kul
2573 1239 2712 1312 μετὰ
2753 1238 2925 1292 ταῦτα
2959 1235 3208 1291 ἀνατελεῖ
3249 1236 3373 1305 ὑμῖν
3420 1233 3623 1303 ἄστρον
3657 1230 3711 1297 ἐξ

2138 1335 2331 1390 Ἰακὼϐ
2360 1337 2416 1388 ἐν
2452 1335 2665 1407 εἰρήνῃ,
2702 1334 2796 1387 καὶ
2826 1331 3189 1399 ἀναστήσεται
3221 1327 3499 1398 ἄνθρωπος
3527 1327 3597 1377 ἐκ
3619 1325 3711 1378 τοῦ

2128 1429 2441 1501 σπέρματός
2479 1446 2600 1499 μου,
2636 1428 2710 1491 ὡς
2736 1428 2764 1478 ὁ
2793 1426 2942 1495 ἥλιος
2973 1423 3335 1492 δικαιοσύνης,
3374 1421 3715 1491 συμπορευό-

2129 1536 2290 1590 μενος
2316 1522 2431 1581 τοῖς
2458 1520 2593 1582 υἱοῖς
2623 1517 2734 1571 τῶν
2776 1515 3081 1588 ἀνθρώπων
3119 1516 3175 1567 ἐν
3210 1514 3475 1584 πραότητι
3507 1513 3608 1564 καὶ
3638 1512 3714 1563 δι-

2126 1610 2423 1682 καιοσύνῃ,
2473 1610 2567 1662 καὶ
2620 1610 2767 1662 πᾶσα
2817 1608 3061 1679 ἁμαρτία
3107 1607 3205 1675 οὐχ
3251 1603 3612 1673 εὑρεθήσεται
3662 1602 3717 1653 ἐν

2128 1705 2297 1775 αὐτῷ.
2329 1706 2441 1758 Kul
2474 1706 2849 1774 ἀνοιγήσονται
2875 1703 2964 1753 ἐπ’
2989 1700 3148 1753 αὑτὸν
3175 1698 3221 1752 οἱ
3247 1699 3497 1769 οὐρανοὶ,
3524 1698 3717 1765 ἐκχέαι

2128 1796 2373 1867 Πνεῦμα,
2405 1795 2655 1864 εὐλογίαν
2688 1794 2901 1864 Πατρὸς
2946 1792 3133 1860 ἁγίου·
3186 1791 3280 1845 xul
3327 1790 3487 1852 αὐτὸς
3537 1789 3721 1857 ἐκχεεῖ

2127 1890 2344 1960 πνεῦμα
2371 1891 2589 1961 χάριτος
2616 1889 2699 1958 ἐφ’
2735 1889 2899 1958 ὑμᾶς,
2935 1886 3028 1938 καὶ
3059 1884 3245 1937 ἔσεσθε
3281 1881 3427 1952 αὐτῷ
3458 1883 3540 1945 είς
3569 1882 3719 1943 υἱοὺς

2127 1984 2185 2037 ἐν
2214 1981 2476 2051 ἀληθείᾳ,
2512 1983 2605 2033 καὶ
2645 1976 2975 2050 πορεύσεσθε
3012 1978 3069 2029 ἐν
3116 1976 3495 2046 προστάγματι
3548 1969 3717 2025 αὐτοῦ

2129 2069 2365 2143 πρώτοις
2392 2070 2485 2123 καὶ
2511 2070 2758 2139 ἐσχάτοις
2787 2068 2885 2140 (7).
2913 2062 3080 2129 Οὗτος
3104 2067 3131 2117 ὁ
3157 2066 3380 2135 βλαστὸς
3414 2062 3552 2117 Θεοῦ
3593 2062 3717 2132 ὑψί-

2130 2178 2279 2223 στου,
2307 2162 2399 2213 xul
2423 2160 2563 2231 αῦτη
2593 2162 2625 2231 ή
2658 2160 2808 2231 πηγὴ
2840 2161 2921 2222 είς
2949 2158 3092 2229 ζωὴν
3126 2158 3306 2228 πάσης
3336 2157 3558 2228 σαρκός.
3583 2154 3719 2207 Τότε

2128 2254 2436 2325 ἀναλάμψει
2461 2253 2534 2323 (8)
2567 2254 2844 2323 σκῆπτρον
2887 2251 3161 2322 βασιλείας
3197 2267 3319 2320 μου,
3350 2249 3444 2302 καὶ
3469 2248 3579 2300 ἀπὸ
3617 2247 3717 2316 τῆς

2132 2348 2287 2421 ῥίζης
2306 2348 2758 2419 ὑμῶνιγενήσεται
2782 2345 3020 2415 πυθμήν·
3040 2344 3132 2398 καὶ
3146 2346 3203 2397 ἐν
3220 2342 3367 2412 αύτῷ
3384 2342 3718 2412 ἀναϐήσεται

2132 2441 2328 2515 ῥάϐδος
2360 2440 2711 2509 δικαιοσύνης
2755 2441 2868 2501 τοῖς
2918 2437 3131 2503 ἔθνεσι,
3180 2438 3364 2506 κρῖναι
3408 2434 3502 2488 καὶ
3547 2433 3719 2488 σῶσαι

2130 2535 2341 2597 πάντας
2364 2534 2493 2596 τοὺς
2523 2530 2987 2601 ἐπικαλουμένους
3013 2528 3236 2600 Κύριον.

2202 2626 2331 2678 ΚΕ’.
2381 2644 2398 2674 ‹
2432 2624 2541 2677 Kul
2569 2621 2704 2693 μετὰ
2728 2620 2902 2674 ταῦτα
2924 2622 3287 2689 ἀναστήσεται
3324 2617 3600 2689 Ἀϐραάμ,
3628 2616 3723 2669 καὶ

2143 2717 2351 2781 Ἰσαὰκ,
2378 2719 2471 2770 xul
2508 2714 2724 2777 Ἰακὼϐ,
2756 2716 2836 2777 είς
2861 2714 3004 2784 ζωήν
3029 2730 3041 2743 ’
3079 2712 3174 2764 xul
3207 2709 3338 2778 ἐγὼ,
3374 2713 3466 2765 καὶ
3489 2712 3537 2763 οί
3570 2709 3723 2763 ἀδελ-

2132 2811 2221 2881 φοί
2256 2828 2355 2881 μου
2385 2809 2626 2881 ἐξαρχοι,
2662 2809 2937 2879 σκῆπτρον
2964 2806 3122 2878 ἡμῶν
3149 2806 3222 2876 (9)
3256 2806 3317 2857 ἐν
3357 2803 3578 2875 Ἰσραὴλ
3599 2801 3721 2855 ἐσό-

2134 2904 2292 2975 μεθα.
2340 2900 2472 2955 Λευῒ
2518 2901 2755 2972 πρῶτος,
2789 2900 3039 2970 δεύτερος
3074 2899 3216 2967 ἐγὼ,
3252 2898 3434 2969 τρίτος
3482 2897 3721 2966 Ἰωσὴφ,

2129 2998 2389 3069 τέταρτος
2414 2997 2692 3068 Βενιαμὶν,
2733 2997 2984 3067 πέμπτος
3006 2994 3251 3066 Συμεὼν,
3287 2995 3444 3057 ἕκτος
3477 2992 3720 3064 Ἰσαχὰρ,

441 3093 655 3132 omnes.
696 3078 763 3133 Et
803 3078 1068 3133 Dominus
1094 3080 1378 3135 benedixit
1418 3080 1577 3146 Levi;
1612 3081 1841 3150 angelus
1868 3079 2026 3135 faciei

2146 3092 2225 3145 tul
2248 3091 2419 3155 οὕτως
2446 3090 2683 3159 καθεξῆς
2717 3091 2938 3153 πάντες.
2969 3089 3080 3143 Kul
3104 3089 3307 3159 Κύριος
3333 3087 3599 3157 εὐλόγησε
3631 3087 3722 3138 τὸν

442 3184 565 3237 me;
597 3172 828 3227 virtutes
854 3172 1040 3240 gloria:
1083 3171 1344 3239 Simeon;
1382 3174 1583 3227 malum
1627 3171 1857 3238 Ruben;
1912 3173 2027 3226 lsa-

442 3263 579 3320 char
604 3272 781 3330 terra;
820 3282 973 3320 mare
1000 3265 1279 3329 Zabulon;
1322 3275 1537 3319 montes
1564 3263 1802 3334 Joseph;
1849 3264 2030 3318 taber—

444 3356 703 3413 naculum
760 3356 1080 3426 Bcnjamin;
1137 3358 1430 3410 luminaria
1479 3356 1624 3422 Dan;
1675 3356 1883 3410 deliciae
1928 3355 2033 3409 Ne-

443 3449 753 3518 phtbalim;
784 3451 863 3505 sol
891 3450 1037 3519 Gad;
1067 3451 1209 3506 oliva
1242 3450 1379 3505 Aser
1407 3468 1421 3504 :
1446 3450 1619 3504 eterit
1638 3466 1780 3504 unus
1799 3450 2032 3521 populus

451 3538 689 3603 Domini,
726 3550 781 3595 et
810 3542 996 3612 lingua
1024 3558 1162 3608 una;
1193 3551 1247 3595 et
1274 3558 1380 3595 non
1414 3543 1518 3596 erit
1544 3542 1779 3610 amplius
1807 3542 2031 3611 spiritus

446 3633 655 3688 erroris
681 3631 882 3697 Beliar,
913 3635 1174 3703 quoniam
1206 3634 1451 3687 mittetur
1477 3634 1530 3686 in
1566 3634 1744 3703 ignem
1776 3634 1830 3687 in
1860 3649 2033 3688 διεω-

447 3726 584 3781 lum.
640 3724 707 3780 Et
747 3726 841 3795 qui
874 3728 927 3780 in
970 3727 1190 3781 tristitia
1226 3726 1428 3781 mortui
1464 3736 1625 3789 sunt,
1660 3738 1945 3795 resurgent
1976 3728 2029 3780 in

448 3819 683 3892 gaudio;
714 3827 769 3873 et
800 3820 893 3887 qui
923 3820 974 3872 itt
1001 3829 1320 3889 paupertate
1344 3828 1567 3888 propter
1600 3817 1912 3880 Dominum,
1943 3819 2030 3873 di-

452 3912 744 3976 tabuntur;
777 3923 831 3965 et
856 3914 949 3981 qui
976 3911 1030 3964 in
1060 3911 1264 3981 inopia,
1303 3911 1727 3975 saturabuntur;
1766 3917 1819 3962 et
1847 3909 1942 3977 qui
1977 3909 2029 3961 in

448 4004 785 4070 inﬁrmitate,
826 4004 1301 4069 lortilicabuntur;
1348 4013 1402 4057 et
1446 4003 1540 4072 qui
1584 4010 1801 4071 propter
1848 4000 2031 4055 Domi-

449 4111 582 4149 num
622 4096 824 4150 mortui
855 4105 1003 4160 sunt,
1035 4095 1372 4165 evigilabunt
1405 4094 1457 4147 in
1490 4095 1624 4147 vita.
1654 4092 1721 4146 Et
1751 4094 1897 4146 cervi
1939 4091 2031 4147 Ja-

449 4188 555 4243 cob
585 4200 810 4243 current
839 4189 890 4241 in
918 4189 1289 4243 exsultatione
1311 4229 1324 4250 ,
1355 4196 1410 4241 et
1437 4187 1635 4255 aquila:
1674 4185 1839 4240 Israel
1877 4188 2029 4240 vola-

448 4283 587 4338 bunt
612 4283 664 4335 in
705 4282 937 4352 gaudio;
965 4281 1119 4350 impii
1144 4295 1273 4335 vero
1300 4279 1687 4343 tristabuntur,
1733 4288 1788 4333 et
1829 4294 2030 4349 pecca-

450 4385 597 4431 tores
622 4376 910 4445 lugebunt,
938 4383 993 4428 et
1017 4389 1210 4430 omnes
1237 4373 1422 4444 populi
1446 4372 1831 4443 gloriﬁcabunt
1853 4372 2032 4428 Domi-

450 4483 463 4522 t
492 4481 580 4520 um
607 4465 661 4519 in
687 4464 904 4520 saecula.

420 4712 441 4773 ι’
524 4745 719 4801 XXVI.
769 4764 786 4796 ‹
820 4744 1101 4799 Custodite
1128 4743 1311 4815 igitur,
1340 4744 1434 4798 lilii
1465 4746 1590 4809 mei,
1618 4761 1835 4802 omnem
1861 4748 2033 4819 legem

453 4840 707 4905 Domini,
764 4839 1023 4907 quoniam
1077 4853 1202 4906 spes
1246 4846 1329 4891 est
1374 4840 1632 4894 omnibus
1674 4841 2037 4911 dirigentibus

455 4937 599 4989 viam
628 4933 769 5002 ejus.
805 4949 822 4981 ι
852 4929 918 4983 Ει
938 4929 1074 4983 dixit
1098 4928 1178 4983 eis
1205 4946 1219 4983 :
1254 4948 1271 4979 ί
1292 4929 1525 4985 Centum
1550 4935 1734 4987 decem
1760 4944 1815 4988 et
1840 4951 2035 4991 novem
2064 4936 2069 4941 ”

452 5041 725 5084 annorum
754 5039 853 5093 ego
886 5022 1092 5075 morior
1126 5021 1285 5075 hodie
1313 5022 1368 5075 in
1410 5023 1586 5078 oculis
1619 5027 1839 5081 vestris.
1869 5026 2039 5083 Nemo

456 5134 546 5183 me
573 5117 797 5188 sepeliat
842 5115 894 5169 in
942 5115 1183 5185 pretiosa
1227 5123 1398 5180 veste,
1442 5117 1527 5170 vcl
1559 5126 1806 5173 ventrem
1855 5136 2038 5175 meum

457 5282 584 5333 λων
614 5275 1016 5345 ὀνειδισμοὺς,
1042 5271 1348 5345 ἀπώλειαν
1376 5274 1496 5328 καί.
1524 5274 1728 5332 Desunt
1754 5279 1961 5342 omnia,
1988 5288 2042 5331 ct

458 5350 583 5477 léieo
615 5341 892 5418 sequentis
925 5348 1077 5401 vocis
1103 5341 1472 5418 σφακελισμόν
1498 5347 1677 5417 posita
1702 5365 1807 5404 vox
1838 5341 2037 5420 λήμην.

510 5435 632 5473 ιιΑιι.

510 5435 632 5473 ΚΑΒ.

535 5490 611 5561 (5)
663 5488 1087 5561 ’Υπαρχόντῳν
1119 5490 1415 5561 ἁρπαγήν.
1450 5490 1679 5545 Desunt.
1708 5489 1783 5544 ln.

535 5558 613 5631 (6)
637 5558 975 5634 ᾍναγάπῃ.
1014 5558 1309 5634 Ἀναγάγῃ,
1339 5578 1459 5634 quae
1480 5562 1640 5616 lectio
1664 5563 1835 5615 multo
1853 5564 2044 5617 melior

465 5630 802 5707 cSI,_altera__
827 5645 1052 5707 prorsus
1098 5630 1315 5687 vitiosa.
1365 5630 1571 5707 Neque
1599 5634 1759 5707 enim
1787 5634 2043 5707 ἀναγάττῃ

469 5702 684 5769 uspiam
715 5701 841 5754 alibi
873 5700 1098 5775 legitur;
1151 5720 1248 5775 nec
1287 5718 1523 5770 sequens
1549 5702 1659 5775 ἀπό
1696 5703 1762 5758 ad
1804 5700 2041 5775 aliquant

470 5788 657 5833 vocem
682 5772 1072 5844 praecedentem
1104 5774 1291 5830 referri
1330 5784 1520 5842 potest.
1553 5773 1627 5828 lo.

2134 3183 2264 3235 Λευῖ
2284 3200 2296 3212 ·
2332 3184 2361 3234 ό
2386 3182 2616 3251 ἄγγελος
2640 3179 2735 3233 τοῦ
2768 3179 3061 3252 προσώπου
3088 3179 3190 3250 ἐμέ
3209 3196 3222 3210 ο
3254 3181 3309 3232 αἱ
3338 3178 3603 3248 δυνάμεις
3626 3177 3725 3246 τῆς

2132 3273 2290 3344 δόξης
2332 3272 2423 3326 τὸν
2474 3272 2731 3344 Συμεών·
2781 3273 2811 3324 ὁ
2861 3272 3087 3345 οὐρανὸς
3139 3271 3229 3325 τὸν
3291 3270 3573 3341 Ῥουὸήμσ
3633 3270 3727 3322 τὸν

2146 3367 2366 3439 Ἰσαχάρ
2399 3369 2432 3439 ἡ
2467 3367 2541 3438 γῆ
2561 3384 2574 3397 ·
2601 3370 2634 3439 ή
2662 3366 2903 3421 θάλασσα
2927 3366 3020 3419 τὸν
3053 3364 3337 3419 Ζαϐουλὼν
3356 3381 3368 3394 ·
3402 3364 3472 3417 τά
3504 3366 3613 3436 ὄρη
3634 3363 3727 3418 τὸν

2147 3458 2373 3529 Ἰωσήφο
2422 3460 2456 3529 ή
2505 3458 2677 3528 σκηνὴ
2724 3457 2817 3509 τὸν
2863 3456 3154 3526 Βενιαμίν·
3203 3457 3255 3508 oi
3308 3454 3598 3525 φωστῆρες
3638 3454 3729 3507 τὸν

2133 3551 2271 3604 Δάνο
2323 3552 2356 3621 ή
2404 3550 2585 3621 τρυφὴ
2627 3550 2718 3603 τὸν
2769 3549 3121 3619 Νεφθαλείμ⁶
3171 3550 3200 3602 ὁ
3245 3548 3393 3617 ἥλιος
3445 3547 3538 3599 τὸν
3584 3547 3724 3600 Γάδ-

2134 3639 2289 3692 ἐλαία
2333 3640 2425 3693 τὸν
2484 3640 2681 3709 Ἀσήρ⁹
2732 3639 2828 3691 καὶ
2872 3638 3025 3692 ἐσται
3067 3632 3150 3703 είς
3191 3639 3318 3701 λαὸς
3364 3636 3600 3708 Κυρίου,
3637 3637 3729 3690 καὶ

2134 3730 2357 3798 γλῶσσα
2384 3731 2512 3801 μία·
2559 3731 2653 3783 καὶ
2694 3731 2795 3783 οὐκ
2839 3730 2991 3784 ἔσται
3028 3730 3110 3783 ἐτι
3137 3730 3356 3801 πνεῦμα
3386 3728 3603 3800 πλάνης
3636 3728 3728 3781 τοῦ

2137 3823 2355 3895 Βελιάρ,
2380 3825 2462 3877 ὅτι
2490 3824 2892 3895 ἐμϐληθήσεται
2926 3826 2985 3876 ἐν
3006 3825 3087 3891 τῷ
3114 3826 3248 3895 mpl
3286 3825 3365 3888 είς
3395 3823 3486 3876 τὸν
3526 3822 3726 3877 αίῶνα.

2137 3916 2247 3969 Kal
2266 3917 2313 3968 οί
2337 3918 2394 3968 ἐν
2415 3914 2560 3987 λύπῃ
2595 3915 3028 3986 τελευτήσαντεςε
3049 3916 3440 3986 ἀναστήσονται
3464 3915 3521 3967 ἐν
3558 3916 3727 3985 χαρᾷ,

2140 4008 2233 4059 καὶ
2266 4008 2317 4059 οἱ
2351 4007 2408 4059 ἐν
2442 4005 2687 4076 πτωχείᾳ
2717 4006 2806 4059 διὰ
2836 4008 3061 4079 Κύριον,
3099 4006 3613 4076 πλουτισθήσονται,
3639 4007 3729 4059 καὶ

2137 4100 2186 4151 οἱ
2221 4100 2279 4149 ἐν
2314 4097 2511 4168 πενίᾳ,
2555 4098 3051 4170 χορτασθήσονται,
3101 4098 3194 4151 καὶ
3234 4098 3283 4151 oi
3330 4098 3387 4150 ἐν
3434 4095 3725 4166 ἀσθενείᾳ,

2141 4192 2454 4261 ίσχύσουσι,
2508 4193 2604 4245 καὶ
2650 4195 2698 4246 οί
2743 4192 2831 4245 διὰ
2865 4192 3067 4263 Κύριον
3099 4191 3461 4254 ἀποθανόντες
3505 4190 3730 4257 ἐξυπνι-

2140 4284 2428 4354 σθήσονται
2460 4286 2519 4336 ἐν
2552 4284 2686 4355 ζωῇ.
2722 4286 2832 4337 Kul
2856 4287 2907 4337 oi
2934 4285 3121 4353 ἔλαφοι
3167 4282 3360 4337 Ἰακὼό
3391 4282 3727 4354 δραμοῦνται

2138 4376 2196 4427 ἐν
2231 4374 2570 4443 ἀγαλλιάσει,
2608 4377 2702 4428 xul
2752 4378 2802 4428 οἱ
2850 4376 2997 4429 ἀετοὶ
3039 4375 3253 4446 Ἰσραὴλ
3298 4373 3729 4445 πετασθήσονται

2064 4453 2115 4512 Ι)
2142 4464 2199 4515 ἐν
2233 4464 2409 4533 χαρᾷ·
2447 4465 2497 4515 οἱ
2527 4462 2584 4515 δέ
2619 4462 2834 4527 ἀσεϐεῖς
2868 4464 3195 4534 πενθήσουσι
3217 4506 3233 4529 ,
3283 4463 3378 4516 xul
3410 4464 3728 4534 ἁμαρτωλοὶ

2138 4554 2488 4620 κλαύσονται,
2525 4556 2622 4609 xul
2656 4556 2856 4620 πάντες
2888 4559 2937 4609 οί
2962 4556 3082 4609 λαοὶ
3105 4555 3386 4619 δοξάσουσι
3415 4557 3629 4628 Κύριον
3652 4561 3725 4620 εἰς

2139 4647 2363 4712 αἰῶνας.
2384 4700 2387 4701 ,

2212 4742 2356 4808 κεῖν.
2386 4761 2405 4792 t
2435 4741 2710 4807 Φυλάξατε
2741 4738 2854 4807 οὖν,
2876 4744 3041 4797 τέκνα
3077 4762 3201 4815 μου,
3236 4745 3412 4798 πάντα
3442 4745 3535 4797 τὸν
3566 4746 3726 4816 νόμον

2138 4838 2368 4909 Κυρίου,
2402 4839 2484 4891 ὅτι
2519 4838 2674 4900 ἐλπίς
2708 4840 2854 4891 ἐστιν
2889 4840 3022 4890 πᾶσι
3053 4841 3164 4900 τοῖς
3197 4836 3591 4889 κατευθύνουσι
3634 4837 3723 4906 τὴν

2141 4929 2258 4982 ὁδὸν
2282 4926 2467 4982 αὑτοῦ.
2499 4948 2518 4980 ι
2549 4928 2661 4981 Καὶ
2679 4924 2832 4982 εἶπεν
2855 4928 2992 5000 πρὸς
3017 4928 3231 4992 αὐτούς·
3267 4948 3285 4978 t
3313 4927 3413 4997 ριθ¹
3430 4927 3570 4981 ἐτῶν
3598 4931 3723 4983 ἀπο·

2143 5022 2362 5092 θνήσκω
2393 5020 2505 5089 ἐγὼ
2540 5022 2778 5091 σήμερον
2810 5022 2867 5075 ἐν
2900 5021 3198 5093 ὀφθαλμοῖς
3224 5022 3395 5092 ὑμῶν.
3426 5022 3637 5094 Μηδείς
3662 5039 3721 5093 με

2144 5113 2445 5187 ἐνταφιάσῃ
2479 5113 2763 5168 πολυτελεῖ
2794 5114 3017 5185 ἐσθῆτι,
3074 5114 3107 5185 ἢ
3143 5114 3441 5186 ἀναῤῥήξοι
3474 5113 3575 5185 τὴν
3612 5132 3720 5168 κοι-

2217 5275 2293 5345 (7)
2352 5274 2465 5329 Καὶ
2531 5277 2901 5342 πορεύσεσθε
2951 5274 3020 5327 ὲν
3075 5274 3481 5345 προστάγματι
3507 5343 3515 5345 _
3537 5270 3719 5345 αξτσῦ

2145 5342 2394 5416 πρώτοις
2424 5345 2521 5399 καὶ
2551 5347 2852 5414 ἐσχάτοις.
2889 5345 3095 5399 Desunt
3134 5347 3189 5397 in
3213 5342 3541 5416 Oxoniensi.
3590 5342 3719 5416 Puto

2144 5414 2275 5471 vero
2298 5433 2398 5485 pro
2421 5417 2827 5488 προστάγματι,
2860 5417 3143 5485 legendum
3175 5414 3458 5488 pluraliter
3487 5414 3719 5484 προστα-

2144 5483 2339 5559 γμασι,
2371 5497 2431 5541 ut
2455 5483 2733 5559 sequentia
2762 5483 2935 5542 verba
2950 5487 3214 5559 indicant.
3255 5483 3331 5536 In.

2220 5559 2295 5628 (8)
2342 5559 2476 5612 Τότε
2528 5552 2888 5628 ἀναλάμψει.
2939 5556 3156 5611 Omissa
3202 5554 3386 5609 omnia
3439 5569 3618 5628 usque
3659 5552 3715 5605 ad

2145 5626 2427 5694 δοξάσουσι
2472 5628 2674 5700 Κύριον
2714 5626 2793 5692 εἰς
2827 5627 3051 5690 αἰῶνας,
3088 5629 3201 5682 sive
3234 5640 3408 5693 usque
3447 5626 3515 5680 ad
3562 5626 3725 5680 tinctu

2148 5702 2426 5758 sentientis
2456 5701 2798 5769 paragraphi.
2826 5700 2902 5755 lu.

2220 5772 2294 5841 (9)
2348 5772 2558 5842 'Iljttbr.
2600 5771 2744 5843 Lego
2771 5772 2953 5841 potius
2981 5769 3152 5841 ὑμῶν.
3184 5769 3258 5827 lD.
