3830 6216
519 338 652 396 1087

1656 328 2123 391 TESTAMENTA
2176 326 2271 381 Xll
2320 322 2929 383 PATRIARCHARUM.

3646 326 3784 381 103

518 456 763 527 reposuit
804 470 901 511 eas
950 455 1005 510 in
1042 454 1205 510 domo
1241 451 1494 515 Domini,
1541 448 1781 505 oﬂerens
1828 447 2076 505 sacerdot

2211 444 2398 508 αὐτοὺς
2424 444 2481 495 ἐν
2508 441 2640 512 οἴκῳ
2665 438 2891 510 Κυρίου,
2919 438 3329 510 προσενέγκασα
3352 440 3431 511 τῷ
3456 441 3603 513 ἱερεῖ
3630 442 3785 512 Ὑψί-

514 547 805 610 Altissimi,
832 546 923 615 qui
958 557 1077 599 erat
1110 545 1165 597 in
1194 553 1436 612 tempore
1467 542 1579 597 illo.

586 637 673 692 ΙΙΙ.
723 658 739 689 ι
770 637 996 702 Quando
1039 638 1201 706 igitur
1246 636 1428 691 factus
1484 651 1606 690 sum
1650 637 1755 698 vir,
1806 633 1901 687 ﬁlii
1949 632 2092 697 mei,

514 731 797 785 ambulavi
825 733 877 785 in
915 730 1240 785 rectitudine
1265 729 1449 783 cordis
1471 769 1484 791 ,
1514 736 1567 780 et
1592 726 1767 782 factus
1799 742 1920 781 sum
1951 724 2096 793 agri-

514 824 630 879 cola
656 834 871 893 patrum
913 837 1188 885 meorum,
1218 832 1271 876 et
1301 819 1533 875 fratrum
1559 835 1828 884 meorum,
1861 827 1915 872 et
1938 817 2091 872 attuli

513 915 728 971 fructus
755 932 819 971 ex
850 919 997 986 agris
1027 914 1324 969 secundum
1355 922 1568 982 tempus
1597 927 1809 977 eorum,
1843 918 1897 965 et
1927 911 2093 964 bene-

513 1009 651 1064 dixit
685 1009 815 1061 mihi
856 1017 1009 1077 pater
1034 1021 1190 1060 meus
1215 1047 1230 1068 ,
1262 1005 1452 1057 videns
1479 1004 1624 1073 quod
1653 1004 1707 1056 in
1744 1001 2091 1070 simplicitate

512 1100 882 1154 ambulabant.
936 1097 1003 1152 Et
1050 1112 1157 1151 non
1192 1112 1341 1150 eram
1380 1103 1754 1165 perscrutator
1790 1093 1842 1146 in
1877 1092 2090 1146 actibus

514 1189 673 1253 meis,
704 1203 879 1257 neque
910 1188 1253 1256 perniciosus
1286 1195 1347 1240 et
1376 1185 1628 1238 invidens
1656 1184 1905 1253 proximo
1930 1196 2086 1247 meo;

508 1296 619 1338 non
648 1282 939 1337 oblocutus
966 1296 1087 1336 sum
1120 1280 1284 1335 alicui
1307 1319 1323 1342 ,
1374 1292 1552 1347 neque
1580 1274 1881 1345 vituperavi
1921 1273 2088 1327 vitam

511 1372 755 1428 hominis
780 1374 1071 1428 ambulans
1112 1374 1167 1427 in
1212 1371 1563 1441 simplicitate
1604 1370 1909 1430 oculorum.
1955 1367 2089 1421 Pro-

514 1473 633 1534 pter
660 1467 760 1519 hoc
786 1465 1009 1535 triginta
1037 1480 1305 1519 annorum
1353 1463 1535 1531 accepi
1564 1463 1812 1515 mihimet
1838 1476 2085 1524 uxorem,

511 1556 770 1623 quoniam
801 1556 957 1610 labor
984 1556 1343 1609 devoraverat
1373 1552 1761 1609 fortitudinem
1792 1567 1991 1605 meam.
2023 1550 2089 1604 Et

2201 550 2349 597 στου,
2374 532 2453 603 τῷ
2476 534 2590 585 ὄντι
2616 533 2673 586 ἐν
2707 531 2784 601 τῷ
2808 531 2984 602 καιρῷ
3006 531 3219 602 ἐκείνῳ.

2266 627 2338 678 Γ’.
2366 644 2384 676 ι
2415 627 2553 678 ’Ὅτε-
2574 620 2667 677 οῦν
2690 623 2978 695 ηδρύνθην,
2999 624 3163 677 τέκνα
3188 642 3306 695 μου,
3343 626 3687 698 ἐπορευόμην
3728 629 3783 679 ἐν

2197 717 2450 785 εύθύτητι
2471 716 2719 786 καρδίας,
2745 716 2837 768 καὶ
2859 716 3123 786 ἐγενόμην
3142 716 3382 787 γεωργὸς
3400 717 3507 770 τῶν
3528 719 3725 788 πατέρι
3742 738 3783 770 ιν

2200 826 2324 879 μου,
2355 809 2449 861 καὶ
2486 806 2594 859 τῶν
2638 805 2881 875 ἀδελφῶν
2925 824 3048 877 μου,
3081 810 3176 860 καὶ
3215 808 3406 879 ἔφερον
3440 811 3691 878 καρποὺς
3730 811 3781 875 ἐξ

2196 898 2384 971 ἀγρῶν
2412 898 2553 951 κατὰ
2584 899 2777 972 καιρὸν
2810 900 3009 963 αὐτῶν,
3038 901 3131 953 καὶ
3156 900 3415 970 εὐλόγησέ
3442 919 3510 972 με
3543 905 3573 955 6
3601 908 3783 972 πατὴρ

2198 1008 2301 1062 μου
2328 1030 2341 1055 ,
2379 990 2700 1060 βλέπωνηότι
2749 993 2806 1045 ἐν
2855 991 3117 1063 ἁπλότητι
3164 991 3483 1063 πορεύομαι.
3534 994 3648 1046 Καὶ
3687 994 3784 1046 οτί

2192 1082 2341 1153 ἥμην
2378 1082 2672 1155 περίεργος
2712 1085 2771 1136 ἐν
2819 1085 2939 1145 ταῖς
2984 1082 3214 1154 πράξεσί
3268 1100 3407 1153 μου,
3438 1082 3560 1135 οὐδὲ
3612 1101 3783 1155 πονη-

2196 1171 2285 1240 ρὸς
2316 1171 2428 1242 (21)
2460 1172 2553 1224 καὶ
2589 1173 2857 1243 βάσκανος
2901 1171 2978 1247 τῷ
3013 1172 3239 1243 πλησίον
3275 1188 3407 1242 μουο
3450 1173 3506 1225 ού
3550 1174 3784 1227 κατελὰ-

2191 1262 2330 1333 λησά
2365 1280 2530 1327 τινος,
2562 1264 2683 1317 οὐδὲ
2724 1263 2889 1333 Ecl/eia
2933 1264 3045 1334 βίον
3076 1263 3384 1335 ἀνθρώπου,
3413 1266 3785 1336 πορευόμενος

2190 1355 2248 1407 ὲν
2301 1355 2565 1426 ἁπλότητι
2614 1355 2926 1426 ὀφθαλμῶν.
2970 1356 3268 1417 Διιτοῦτο
3319 1358 3619 1429 τριάκοντα
3674 1360 3783 1429 (22)

2190 1445 2328 1499 ἐτῶν
2362 1446 2551 1499 ἔλαϐον
2581 1446 2804 1523 ἐμαυτῷ
2843 1450 3097 1515 γυναῖκα,
3138 1448 3217 1501 ὃτι
3258 1450 3286 1501 6
3326 1450 3573 1521 κάματος
3609 1455 3784 1523 κατή-

2192 1539 2307 1590 σθιε
2339 1538 2435 1609 τὴν
2464 1538 2615 1609 ἰσχύν
2645 1556 2745 1611 μου
2767 1556 2778 1569 ·
2823 1540 2917 1591 καὶ
2959 1540 3060 1591 οὐκ
3094 1541 3335 1595 ἐνενόουν
3363 1544 3560 1614 ἡδονὴν
3592 1563 3786 1613 γυναι-

510 1661 619 1701 non
649 1646 1149 1702 animadvertebam
1176 1645 1512 1714 voluptatem
1548 1642 1816 1705 mulieris,
1854 1642 1947 1696 sed
1991 1657 2076 1710 per

2211 1630 2303 1694 ιὸς,
2330 1631 2462 1684 ἀλλὰ
2484 1631 2571 1685 διὰ
2607 1630 2700 1690 τοῦ
2740 1632 2911 1684 κόπου
2941 1632 3105 1695 ῦπνος
3148 1650 3236 1702 μοι
3282 1636 3658 1706 περιεγένετο,
3700 1641 3788 1691 καὶ

508 1740 747 1794 laborem
777 1755 1004 1794 somnus
1037 1754 1192 1792 meus
1219 1736 1583 1792 circumdedit
1626 1752 1743 1801 me,
1788 1745 1843 1790 et
1871 1750 2076 1803 semper

2211 1724 2419 1776 πάντοτε
2453 1723 2668 1795 ἔχαιρεν
2707 1726 2799 1777 ἐπὶ
2833 1727 2899 1795 τῇ
2931 1724 3190 1795 ἁπλότητί
3220 1743 3319 1795 μου
3360 1729 3387 1777 6
3432 1731 3621 1799 πατήρ
3662 1749 3785 1799 μου.

2211 1814 2301 1839 μιν..
2352 1815 2457 1839 -.μ
2510 1815 2743 1839 eum-..“
2840 1818 3018 1839 _=____
3064 1814 3282 1839 1-2.--“
3334 1818 3440 1839 man
3740 1824 3762 1835 -

508 1830 727 1899 gavisus
761 1831 932 1884 estin
985 1830 1333 1898 simplicitate
1406 1845 1524 1882 mea
1592 1836 1745 1896 pater
1795 1843 1971 1884 meus.
2025 1826 2076 1881 Si

2211 1814 2306 1867 Ξῖτι
2352 1815 2460 1887 γὰρ
2508 1815 2782 1886 ἔκαμνον,
2837 1818 3018 1869 πᾶσαν
3062 1814 3282 1886 ὀπώραν
3332 1818 3479 1889 (25),
3536 1822 3633 1872 καὶ
3683 1824 3789 1873 πᾶν

506 1922 640 1990 quid
694 1922 841 1975 enim
892 1922 1245 1985 laborabam,
1289 1937 1506 1981 omnem
1554 1920 1789 1974 fructum
1834 1928 1888 1973 et
1924 1935 2076 1973 omne

2211 1908 2622 1979 τρωτογέννημα
2649 1909 2862 1981 πρῶτον
2888 1910 2976 1963 διὰ
3015 1909 3109 1962 τοῦ
3155 1911 3342 1981 ἱερέως
3378 1912 3574 1983 Κυρίῳ
3612 1930 3786 1983 atpos-

506 2017 745 2083 primum
779 2030 1001 2085 germen
1047 2016 1286 2084 primum
1337 2030 1431 2085 per
1475 2014 1809 2068 sacerdotem
1854 2012 2076 2067 Domina

2211 2004 2405 2072 ζφερον,
2454 2001 2642 2055 ἔπειτα
2686 2001 2764 2071 τῷ
2814 2004 2980 2073 πατρί
3018 2020 3141 2073 μου,
3189 2003 3281 2056 καὶ
3334 2004 3452 2056 τότε
3498 2004 3632 2071 ἐγώ.
3682 2006 3790 2057 Καὶ

507 2107 799 2160 olferebam
829 2146 843 2169 ,
874 2106 1069 2161 deinde
1102 2106 1242 2177 patri
1284 2124 1427 2173 meo,
1461 2117 1514 2161 et
1558 2115 1689 2161 tunc
1722 2120 1820 2175 ego
1853 2106 1988 2175 (24).
2020 2104 2076 2159 EI

2211 2090 2392 2160 ἱύριος
2474 2091 2820 2144 ἐδιπλασίασε
2896 2092 2965 2144 τὰ
3041 2092 3218 2161 ἀγαθά
3298 2094 3356 2147 ἐν
3429 2095 3588 2163 χερσί
3660 2113 3785 2164 μου.

506 2197 772 2254 Dominus
805 2200 1106 2269 duplicavit
1155 2201 1296 2253 bona
1332 2199 1386 2253 in
1423 2200 1678 2254 manibus
1711 2199 1863 2253 meis.
1915 2197 2076 2251 Scivil

2211 2181 2345 2251 ’ῌδει
2372 2181 2428 2234 δὲ
2465 2183 2559 2235 καὶ
2598 2181 2816 2245 Ἰακὼϐ,
2844 2184 2923 2235 ὅτι
2968 2184 2996 2235 6
3041 2182 3171 2246 Θεὸς
3214 2189 3465 2253 συνεργεῖ
3502 2188 3569 2255 τῇ
3615 2186 3789 2238 ἁπλὸ-

504 2300 688 2345 autem
714 2300 768 2345 et
795 2290 986 2353 Jacob,
1034 2292 1180 2360 quod
1216 2290 1359 2346 Deus
1393 2302 1720 2359 coeperatur
1750 2289 2076 2357 simplicitati

2211 2275 2307 2345 τητί
2355 2293 2489 2345 μου·
2529 2278 2691 2330 παντὶ
2738 2276 2845 2349 γὰρ
2890 2279 3082 2347 πένητι
3128 2279 3222 2341 καὶ
3270 2280 3431 2331 παντὶ
3475 2279 3785 2348 θλιϐομένῳ

505 2397 640 2437 meae
670 2401 683 2434 :
710 2382 860 2435 omni
885 2384 1027 2435 enim
1056 2384 1279 2451 pauperi
1308 2392 1362 2437 et
1384 2383 1529 2436 omni
1559 2382 1757 2436 alllicto
1780 2382 2082 2437 tribuebant

507 2485 663 2529 terra:
694 2476 833 2529 bona
868 2477 920 2530 in
951 2476 1297 2544 simplicitate
1324 2477 1528 2531 cordis.

574 2564 663 2619 IV.
702 2584 719 2616 ι
765 2566 999 2620 Etnune
1042 2567 1226 2620 audite
1279 2583 1399 2631 me,
1447 2567 1577 2631 ﬁlii,
1605 2578 1660 2620 et
1706 2567 1993 2622 ambulate.
2026 2568 2082 2621 in

503 2656 853 2726 simplicitate
904 2658 1107 2725 cordis,
1155 2661 1417 2729 quoniam
1477 2662 1601 2714 novi
1653 2661 1707 2713 in
1755 2664 1875 2729 ipsa
1922 2674 2083 2713 omne

503 2749 903 2818 beneplacitum
948 2750 1187 2807 Domini.
1234 2751 1477 2821 Simplex
1509 2769 1706 2806 aurum
1744 2768 1855 2805 non
1878 2766 2080 2807 concu—

500 2842 685 2910 piscit,
724 2843 1033 2911 proximum
1078 2860 1186 2899 non
1235 2846 1622 2911 circumvenit,
1685 2845 1837 2902 cibos
1900 2846 2081 2899 varios

504 2948 616 2993 non
656 2938 881 3005 appetit,
918 2946 1125 2992 vestem
1176 2938 1448 2992 diversam
1497 2953 1605 2991 non
1645 2939 1791 3003 vult,
1834 2948 2080 3006 tempora

499 3023 660 3094 longa
701 3026 803 3080 sibi
836 3044 947 3082 non
960 3024 1289 3098 'przescribit
1320 3032 1531 3096 vivere,
1562 3031 1654 3085 sed
1683 3028 1859 3085 solum
1889 3030 2080 3099 recipit

499 3118 835 3172 voluntatem
887 3119 1020 3188 Dei;
1066 3132 1119 3177 et
1172 3122 1399 3191 spiritus
1454 3123 1657 3176 erroris
1706 3123 1780 3175 nil
1827 3123 2081 3177 valebunt

501 3208 766 3263 adversus
804 3227 953 3265 eum.
989 3210 1105 3265 Non
1133 3214 1279 3267 enim
1321 3212 1473 3267 novit
1514 3213 1755 3281 recipere
1784 3212 2081 3281 pulchritu-

500 3298 684 3353 dinem
722 3302 987 3368 mulieris,
1022 3312 1216 3356 utnon
1266 3302 1319 3355 in
1370 3304 1715 3371 perversione
1764 3302 2080 3371 coinquinet

502 3401 741 3446 mentem
777 3408 964 3460 suam;
1003 3408 1113 3448 non
1161 3393 1310 3449 zelus
1359 3396 1415 3448 in
1448 3396 1694 3449 consiliis
1736 3395 1855 3465 ejus
1888 3409 2080 3463 super-

500 3486 718 3553 veniet;
750 3501 858 3540 non
892 3488 1093 3541 invidia
1131 3488 1410 3557 liquefacit
1444 3490 1682 3543 animam
1722 3491 1862 3558 ejus,
1903 3504 2079 3557 neque

500 3579 715 3632 lucrum
758 3580 812 3632 in
839 3579 1247 3636 insatiabilitate
1284 3582 1583 3651 excogitat;
1629 3582 1723 3635 sed
1756 3582 1995 3639 ambulat
2023 3581 2079 3634 in

499 3671 828 3728 rectitudine
862 3673 1024 3739 vitae,
1074 3683 1126 3728 et
1176 3675 1358 3728 omnia
1410 3676 1557 3728 videt
1602 3678 1655 3728 in
1694 3677 2075 3745 simplicitate,

498 3776 608 3815 non
638 3763 906 3831 recipiens
932 3764 1105 3819 oculis
1130 3765 1496 3834 malignitates
1537 3766 1606 3821 ab
1633 3782 1821 3821 errore
1864 3768 2077 3837 mundi,

500 3866 561 3929 ut
588 3873 694 3911 non
727 3858 906 3913 videat
938 3875 1191 3928 perverse
1220 3860 1441 3929 aliquod
1468 3861 1850 3917 mandatorum
1888 3860 2000 3917 Dei.

572 3950 637 4005 V.
670 3972 687 4003 ι
726 3952 1007 4008 Custodite
1052 3954 1249 4023 igitur,
1284 3955 1380 4009 lilii
1428 3956 1569 4021 mei,
1609 3956 1781 4024 legem
1833 3956 1964 4020 Dei,
2023 3962 2078 4010 et

497 4046 901 4114 simplicitatem
944 4047 1235 4115 possidete,
1266 4058 1319 4102 et
1348 4048 1403 4101 in
1433 4048 1743 4103 innocentia
1777 4048 2073 4113 ambulate,

498 4153 604 4190 non
653 4135 816 4190 nimis
858 4138 1073 4190 curiose
1118 4146 1425 4193 scrutantes
1473 4138 1723 4192 mandata
1749 4138 1987 4203 Domini,
2020 4146 2075 4192 et

495 4230 731 4299 proximi
775 4231 1053 4297 actiones;
1087 4231 1180 4285 sed
1228 4232 1435 4300 diligite
1471 4229 1761 4285 Dominum
1804 4240 1857 4285 et
1886 4231 2073 4301 proxi-

496 4337 681 4384 mum,
730 4322 987 4391 pauperis
1034 4331 1087 4376 et
1137 4322 1335 4375 inﬁrmi
1374 4323 1729 4376 miseremini.
1772 4322 2073 4394 Supponite

495 4414 718 4467 dorsum
744 4422 989 4467 vestrum
1033 4414 1101 4469 ad
1154 4430 1345 4485 agrum
1385 4414 1700 4480 colendum,
1733 4425 1787 4469 et
1814 4417 2071 4471 laboran-

2187 2370 2447 2438 παρεῖχον
2482 2367 2582 2437 τῆς
2609 2368 2711 2437 γῆς
2738 2367 2807 2423 τὰ
2830 2368 3011 2443 ἁγαθά
3036 2371 3095 2423 ἐν
3133 2368 3392 2440 ἁπλότητι
3418 2368 3675 2438 καρδίας.

2256 2544 2330 2596 A'.
2372 2563 2390 2595 ι
2418 2546 2529 2599 Καὶ
2552 2547 2648 2600 νῦν
2675 2547 2943 2601 ἀκούσατέ
2982 2566 3104 2619 μου,
3128 2550 3314 2613 τέκνα,
3349 2550 3444 2603 καὶ
3478 2548 3783 2621 πορεύεσθε

2185 2634 2243 2686 ἐν
2273 2635 2530 2706 ἁπλότητι
2566 2638 2810 2708 καρδίας,
2840 2640 2920 2693 ὅτι
2950 2638 3089 2693 εἶδον
3125 2643 3185 2692 ἐν
3213 2643 3349 2712 αὐτῇ
3380 2644 3563 2694 πᾶσαν
3589 2643 3787 2712 εὐαρέ-

2185 2743 2373 2797 στησιν
2401 2728 2631 2798 Κυρίου.
2671 2730 2725 2782 Ὀ
2752 2730 2955 2795 ἁπλοῦς
2982 2733 3201 2803 χρυσίον
3226 2735 3325 2786 ούκ
3360 2733 3626 2804 ἐπιθυμεῖ
3648 2774 3664 2797 ,
3694 2736 3785 2785 τὸν

2185 2818 2412 2887 πλησίον
2430 2821 2489 2872 ού
2521 2821 2853 2887 πλεονεκτεῖ,
2885 2824 3188 2895 βρωμάτων
3216 2827 3476 2880 ποικίλων
3497 2830 3599 2880 οὐκ
3630 2830 3788 2897 ἐφίε-

2180 2924 2293 2970 ται,
2320 2909 2521 2981 ἐσθῆτα
2552 2911 2807 2984 διάφορον
2845 2915 2903 2966 ού
2948 2915 3109 2978 θέλει,
3148 2918 3369 2988 χρόνους
3408 2921 3660 2990 μακροὺς
3687 2920 3785 2988 οὐχ

2181 2997 2490 3069 ὑπογράφει
2516 3000 2634 3071 ζῇν,
2662 3002 2797 3056 ἁλλὰ
2833 3006 2992 3074 μόνον
3024 3007 3302 3077 ἐκδέχεται
3340 3009 3400 3060 τὺ
3427 3008 3646 3080 θέλημα
3690 3009 3784 3061 τοῦ

2181 3086 2337 3139 Θεοῦ·
2376 3089 2535 3158 καίγε
2570 3090 2640 3143 τὰ
2673 3092 2957 3163 πνεύματα
2979 3095 3079 3165 τῆς
3104 3096 3309 3167 πλάνης
3340 3098 3439 3151 οὐκ
3468 3098 3583 3167 (25)
3625 3100 3783 3169 Eax-3-

2107 3157 2150 3213 C
2186 3195 2336 3232 σουσι
2370 3157 2507 3251 πρὸς
2542 3183 2724 3237 αὐτόν.
2771 3157 2844 3238 Oi)
2879 3184 2988 3257 γὰρ
3022 3157 3159 3242 είδεν
3194 3157 3785 3255 ἐπιδέξασθαι

2185 3270 2425 3340 θηλείας,
2463 3273 2548 3326 ἵνα
2575 3275 2647 3346 μὴ
2674 3276 2733 3328 ἐν
2767 3276 3062 3349 διαστροφῇ
3096 3281 3262 3353 μιάνῃ
3295 3281 3384 3333 τὸν
3419 3280 3548 3333 νοῦν
3584 3282 3779 3335 αὑτοῦ·

2182 3363 2241 3415 οὐ
2274 3360 2433 3431 ζῆλος
2458 3364 2515 3417 ἐν
2549 3364 2873 3431 διαϐουλίοις
2902 3368 3066 3421 αὐτοῦ
3087 3369 3458 3423 ἐπελεύσεται’
3483 3372 3545 3423 οὐ
3569 3371 3784 3441 βασκα-

2182 3451 2270 3504 νία
2287 3453 2512 3523 ἐκτήκει
2539 3454 2716 3525 ψυχὴν
2740 3457 2925 3519 αὐτοῦ,
2945 3458 3065 3511 ούδέ
3082 3462 3348 3530 πορισμὸν
3377 3461 3489 3531 (26)
3518 3465 3577 3514 ὲν
3603 3464 3784 3532 ἀπλη-

2184 3541 2307 3613 στίᾳ
2341 3544 2531 3597 ἐννοεῖ·
2570 3546 2857 3615 πορεύεται
2890 3548 2945 3600 δὲ
2972 3550 3029 3601 ἐν
3050 3549 3304 3622 εύθύτητι
3339 3551 3483 3623 ζωῆς
3514 3554 3662 3624 (27),
3694 3558 3785 3608 καὶ

2183 3634 2359 3687 πάντα
2394 3638 2496 3708 ὁρᾷ
2518 3639 2575 3691 ἐν
2612 3639 2896 3709 ἁπλότητι,
2945 3642 3019 3713 μὴ
3056 3642 3435 3714 ἐπιδεχόμενος
3471 3646 3782 3717 ὀφθαλμοῖς

2182 3727 2445 3797 πονηρίας
2472 3728 2580 3781 ἀπὸ
2603 3730 2702 3800 τῆς
2724 3730 2930 3803 πλάνης
2954 3732 3048 3785 τοῦ
3079 3734 3305 3804 κόσμου,
3339 3737 3425 3788 ἵνα
3453 3737 3531 3807 μὴ
3560 3737 3656 3812 ἴδῃ
3680 3740 3783 3793 διε-

2182 3818 2547 3889 στραμμένως
2573 3836 2625 3872 τι
2659 3821 2766 3875 τῶν
2790 3822 3019 3877 ἐντολῶν
3046 3824 3159 3896 (28)
3182 3825 3276 3878 τοῦ
3303 3828 3535 3899 Κυρίου.

2251 3967 2327 4021 E'.
2365 3987 2383 4019 ‹
2406 3968 2683 4034 Φυλάξατε
2704 3967 2817 4037 οῦν,
2844 3974 3156 4047 τέκναλμου,
3175 3978 3335 4049 νόμον
3359 3979 3521 4047 Θεοῦ,
3554 3987 3655 4037 καί
3686 3987 3781 4056 τὴν

2180 4059 2466 4131 ἁπλότητα
2501 4064 2798 4134 κτήσασθε,
2841 4068 2935 4119 καὶ
2971 4069 3030 4120 ἐν
3069 4069 3279 4141 ἀκακία
3318 4074 3667 4143 πορεύεσθε,
3709 4080 3777 4147 μὴ

2178 4151 2668 4225 περιεργαζόμενοι
2702 4157 2919 4221 ἐντολὰς
2944 4160 3172 4231 Κυρίου,
3194 4164 3285 4215 καὶ
3314 4163 3409 4216 τοῦ
3430 4165 3671 4237 πλησίον
3686 4171 3777 4233 τὰς

2176 4244 2429 4316 πράξεις’
2469 4245 2584 4298 ἀλλ’
2620 4248 2869 4315 ἀγαπᾶτε
2908 4251 3115 4322 Κύριον
3153 4254 3247 4307 καὶ
3286 4254 3376 4307 τὸν
3410 4257 3670 4327 πλησίον,
3696 4263 3776 4313 πέ·

2174 4352 2312 4407 νητα
2338 4338 2433 4390 καὶ
2455 4338 2653 4409 ἀσθενῆ
2673 4339 2952 4411 ἐλεήσατε.
2990 4343 3301 4397 ’Υποτίθετε
3314 4346 3405 4400 τὸν
3420 4348 3599 4404 νῶτον
3622 4354 3655 4405 ὑ
3663 4354 3772 4424 μῶν

2173 4427 2254 4490 είς
2292 4428 2355 4481 τὸ
2377 4433 2661 4499 γεωργεῖν,
2692 4433 2784 4484 καὶ
2819 4432 3145 4504 ἐργάζεσθαι
3180 4438 3238 4489 ἐν
3271 4437 3453 4508 ἔργοις
3486 4440 3616 4512 γῆς,
3654 4445 3771 4497 καθ’

490 4501 624 4555 dum
658 4503 710 4555 in
746 4504 1003 4573 operibus
1040 4513 1218 4568 terrae,
1283 4506 1583 4559 secundum
1625 4521 2068 4576 unamquamque

2213 4518 2418 4588 κάστην
2434 4520 2706 4591 γεωργίαν
2720 4501 2867 4591 δῶρα
2889 4522 3003 4591 μετ’
3025 4501 3590 4599 εὐχαριστίας
3604 4501 3769 4602 προε-

495 4595 887 4661 agriculturam
925 4596 1067 4651 dona
1100 4612 1223 4651 cum
1255 4599 1555 4667 gratiarum
1592 4599 1804 4653 actione
1837 4599 2067 4657 Domino

496 4687 813 4754 offerentes;
846 4690 1105 4757 quoniam
1130 4690 1182 4742 in
1213 4692 1403 4759 primis
1428 4692 1762 4762 germinibus
1794 4691 2072 4750 fructuum

499 4791 654 4837 terra:
690 4784 966 4839 benedixit
997 4786 1092 4839 tibi
1138 4785 1423 4851 Dominus,
1467 4786 1608 4840 sicut
1648 4787 1924 4845 benedixit
1950 4807 2072 4845 om-

498 4874 657 4936 ribus
684 4877 907 4943 sanetis,
933 4878 1001 4932 ab
1041 4878 1176 4933 Abel
1210 4892 1382 4949 usque
1414 4880 1480 4933 ad
1527 4880 1629 4934 hoc
1676 4890 1911 4950 tempus.
1947 4881 2069 4938 Non

505 4966 638 5020 .enim
680 4966 841 5022 datur
875 4969 971 5023 tibi
1002 4970 1107 5024 alia
1141 4986 1287 5040 pars,
1321 4987 1485 5040 quam
1511 4972 1856 5041 pinguedinis
1887 4991 2063 5042 terrae,

492 5058 653 5126 cujus
689 5059 745 5112 in
778 5060 1060 5115 doloribus
1105 5071 1234 5115 sunt
1272 5062 1514 5130 fruetus;
1550 5064 1810 5132 quoniam
1833 5075 1886 5118 et
1915 5076 2067 5134 pater

495 5157 681 5203 noster
716 5147 885 5205 Jacob
909 5152 965 5204 in
1013 5152 1483 5208 benedictionibus
1519 5162 1677 5208 terrae
1704 5162 1759 5209 et
1799 5156 2067 5225 primitia-

496 5259 619 5299 rum
679 5241 957 5300 fructuum
1010 5245 1287 5300 benedixit
1350 5246 1506 5301 mihi.
1537 5244 1605 5300 Et
1631 5245 1761 5302 Levi
1799 5255 1855 5302 et
1898 5244 2066 5302 Judas

567 5445 678 5519 (2i)
717 5447 1003 5519 Πονῃρός.
1033 5446 1312 5519 Φθονερός.
1334 5446 1503 5519 (ἔμε.

566 5516 679 5586 ἣ22)
732 5516 1067 5584 Τριάκοντα.
1108 5516 1297 5580 Πέντε,
1324 5518 1451 5575 add.
1480 5518 1645 5575 GRAB.

723 5586 997 5658 ᾨπώραν.
1038 5588 1225 5658 Ὥραν.
1263 5587 1338 5642 In.

568 5656 679 5727 (24)
718 5656 782 5713 Et
837 5668 960 5712 tunc
1015 5656 1125 5729 ego.
1183 5656 1283 5715 Hic
1332 5659 1536 5731 aliquid
1591 5660 1779 5717 deesse
1825 5662 2057 5719 videtur.

494 5740 569 5785 ID.
1388 5748 1391 5751 ’

2177 4608 2463 4679 φέροντες
2491 4611 2572 4663 ὅτι
2608 4614 2664 4664 ἐν
2702 4615 3192 4685 πρωτογεννήμασι
3225 4616 3454 4687 καρπῶν
3479 4620 3588 4690 γῆς
3623 4622 3769 4673 εὐλό-

2174 4704 2313 4769 γησέ
2354 4718 2413 4753 σε
2440 4702 2663 4773 Κύριος,
2693 4702 2876 4768 καθὼς
2892 4705 3149 4775 εὐλόγησε
3175 4708 3383 4772 πάντας
3402 4711 3535 4775 τοὺς
3557 4714 3766 4780 ἁγίους,

2174 4791 2287 4844 ἀπὸ
2322 4792 2488 4845 Ἅϐελ
2523 4794 2629 4858 ἕως
2650 4796 2745 4849 τοῦ
2771 4795 2885 4849 νῦν.
2918 4799 2991 4850 Ού
3017 4797 3123 4867 γὰρ
3148 4799 3355 4854 δέδοταί
3394 4818 3477 4854 σοι
3505 4804 3644 4874 ἄλλη
3677 4823 3767 4875 με-

2178 4884 2281 4954 ρὶς,
2308 4883 2341 4953 ἢ
2374 4885 2471 4955 τῆς
2496 4886 2748 4958 πιότητος
2786 4889 2886 4959 τῆς
2919 4890 3042 4960 γῆς,
3077 4884 3145 4961 ῆς
3169 4891 3227 4943 ἐν
3253 4892 3435 4955 πόνοις
3460 4895 3513 4947 οἱ
3540 4896 3763 4966 καρποί·

2173 4976 2256 5029 ὅτι
2289 4978 2383 5030 καὶ
2423 4980 2451 5030 6
2491 4980 2675 5051 πατὴρ
2709 4980 2867 5051 ἡμῶν
2907 4980 3099 5035 Ἰακὼὸ
3136 4984 3195 5036 ἐν
3228 4984 3502 5053 εὐλογίαις
3536 4987 3645 5057 γῆς
3679 4989 3767 5039 καὶ

2175 5068 2439 5140 ἀπαρχῶν
2487 5071 2715 5140 καρπῶν
2761 5071 3026 5143 εὐλόγησέ
3082 5091 3170 5144 με.
3212 5075 3323 5127 Καὶ
3354 5075 3385 5126 6
3431 5077 3565 5129 Λευῒ
3616 5080 3765 5131 καὶὸ

2188 5161 2355 5214 Ἰούδα
2379 5161 2740 5233 ἐδοξάσθησαν
2760 5164 2912 5234 παρὰ
2938 5165 3126 5236 Κυρίῳ
3149 5167 3206 5217 ἐν
3229 5167 3365 5228 υἱοῖς
3405 5162 3629 5219 Ἰακώϐ.
3661 5170 3765 5219 Καὶ

2174 5254 2283 5327 γὰρ
2313 5259 2343 5310 6
2372 5256 2577 5327 Κύριος
2604 5257 2917 5329 ἐκλήρωσεν
2942 5258 2999 5311 ἐν
3023 5259 3227 5323 αὐτοῖς,
3252 5258 3346 5312 καὶ
3372 5258 3450 5329 τῷ
3478 5266 3576 5329 μὲν
3595 5259 3761 5311 ἔδωκε

2244 5458 2357 5524 (25)
2397 5461 2537 5513 Οὐκ.
2562 5455 2744 5514 Οὐδέν.
2774 5464 2854 5516 In.

2266 5529 2354 5665 26)
2388 5532 2709 5599 Πορισμόν.
2748 5533 3153 5604 Περισπασμόν.
3192 5535 3269 5589 In.

2266 5599 2331 5651 27
2392 5600 2576 5665 Ζωῆς.
2606 5602 2817 5665 Ψυχῆς.
2847 5605 2923 5656 In.

2392 5600 2576 5667 Ζωῆς.
2606 5602 2817 5673 Ψυχῆς.
2833 5599 2923 5656 Ἰι).

2266 5669 2351 5737 28)
2386 5669 2868 5754 ᾼιεᾳτρᾳιιμέῂως
2901 5691 2955 5727 τι
2980 5673 3093 5731 τῶν
3123 5673 3413 5731 ἐντολῶν.
3450 5679 3754 5754 Διεστςαμπ

2175 5740 2341 5813 μένας
2366 5740 2463 5803 τὰς
2491 5740 2728 5809 ἐντολάς.
2766 5743 2842 5801 ID.

2242 5533 2262 5738 ἒ
