3830 6216
87 263 239 326 τοδε)

1218 254 1745 312 TESTAMENTUM
1781 253 2123 312 ZABULON.

3219 263 3356 319 1090

80 388 184 459 τὴν
218 381 517 457 ἱερατείαν,
549 378 629 452 τῷ
652 378 709 433 δὲ
743 374 1040 449 βασιλείαν.
1080 374 1274 439 Ᾱύτοῖς
1309 376 1675 440 ὑπακούσατε,

1787 373 2068 447 gloriﬁcati
2102 382 2229 428 sunt
2278 387 2307 426 a
2355 371 2588 428 Domino
2638 373 2690 427 in
2739 374 2865 430 ﬁliis
2914 374 3099 433 Jacob.
3140 379 3356 440 Etenim

81 479 181 531 καὶ
212 480 280 547 τῇ
315 472 577 543 ἁπλότητι
598 468 692 524 τοῦ
718 468 923 540 πατρὸς
959 465 1113 537 ὑμῶν
1140 466 1571 538 περιπατήσατε·
1591 466 1673 518 ὃτι

81 571 181 622 καὶ
210 568 290 637 τῷ
328 565 435 619 Γὰδ
472 563 629 634 έδόθη
655 560 914 616 ἀπολέσαι
953 558 1022 611 τά
1053 558 1385 629 πειρατήρια
1419 556 1488 610 τὰ
1521 558 1679 627 ἐπερ-

82 666 296 733 χόμενα
334 656 571 731 Ἰσραήλ.

156 934 250 1007 ς’.
287 956 306 989 ι
326 932 459 991 Οἶδα
485 935 559 1001 δὲ,
580 935 744 988 τέκνα
766 949 885 1005 μου,
904 932 984 985 ὅτι
1011 932 1067 983 ὲν
1088 928 1334 999 ἐσχάτοις
1358 926 1567 997 καιροῖς
1586 941 1679 977 κα-

79 1029 431 1101 ταλείψουσιν
464 1028 514 1081 οἱ
542 1027 646 1080 υἱοὶ
679 1028 711 1097 ἡ
722 1025 839 1097 μῶν
868 1022 980 1093 (29)
1005 1023 1103 1093 τὴν
1121 1020 1419 1089 ἁπλότητα,
1438 1018 1533 1071 καὶ
1552 1016 1675 1070 κολ-

79 1123 411 1195 ληθήσονται
446 1122 511 1191 τῇ
552 1117 846 1189 ἀπληστίᾳ·
884 1116 978 1169 καὶ
1022 1113 1253 1183 ἀφέντες
1292 1111 1390 1183 τὴν
1418 1110 1674 1173 ἀκακίαν,

80 1213 525 1286 προσπελάσουσι
560 1212 626 1280 τῇ
662 1206 989 1277 κακουργίᾳ,
1018 1205 1111 1258 καὶ
1137 1201 1525 1262 καταλιπόντες
1564 1200 1675 1267 (50)

78 1306 181 1369 τὰς
222 1304 445 1367 ἐντολὰς
476 1301 703 1373 Κυρίου,
748 1297 1173 1370 κολληθήσονται
1208 1293 1285 1365 τῷ
1320 1292 1537 1363 Βελιάρ·
1584 1292 1677 1343 καὶ

79 1397 317 1467 ἀφέντες
345 1395 405 1447 τὸ
427 1394 712 1464 γεώργιον,
759 1389 1241 1459 ὲξακολουθήσουσι
1278 1388 1393 1447 τοῖς
1420 1387 1677 1455 πονηροῖς

79 1486 411 1550 διαδουλίοις
430 1484 628 1549 αὐτῶν,
655 1483 749 1537 καὶ
767 1481 1232 1551 διασπαρήσονται
1256 1480 1313 1530 ὲν
1339 1480 1453 1540 τοῖς
1477 1476 1675 1538 ἔθνεσι,

80 1579 179 1632 καὶ
202 1576 549 1631 δουλεύσουσι
591 1576 703 1637 τοῖς
750 1572 963 1643 ἐχθροῖς
996 1568 1196 1623 αὐτῶν.
1242 1567 1352 1620 Καὶ
1385 1567 1548 1636 ὑμεῖς
1586 1560 1677 1617 οὖν

78 1670 277 1724 εἴπατε
304 1667 476 1721 ταῦτα
508 1669 621 1730 τοῖς
652 1665 864 1725 τέκνοις
899 1660 1077 1732 ὑμῶν,
1103 1661 1273 1722 ὅπως,
1312 1658 1406 1711 ἐὰν
1433 1656 1679 1728 ἁμαρτή-

1776 466 1920 521 Deus
1956 463 2328 520 hereditatem
2367 468 2666 536 assumpsit
2699 484 2766 523 ex
2807 471 2942 538 illis;
2976 481 3030 527 et
3078 471 3206 528 huic
3236 476 3358 545 qui-

1773 560 1897 613 dem
1949 558 2095 612 dedit
2141 558 2544 625 sacerdotium,
2597 560 2724 615 huic
2773 578 2906 617 vero
2955 580 3207 634 regnum.
3262 565 3358 623 Eis

1775 666 1905 720 ergo
1939 640 2174 718 obedite,
2209 660 2263 706 et
2300 652 2353 704 in
2378 651 2729 721 simplicitate
2763 655 2933 723 patris
2962 659 3125 711 vestri
3164 659 3360 713 ambu-

1775 747 1912 810 late;
1939 745 2197 814 quoniam
2231 754 2282 799 et
2310 744 2424 799 Gad
2457 748 2642 800 datum
2669 756 2751 801 est
2773 750 2998 817 perdere
3027 752 3361 809 tentationes

1776 838 2220 905 supervenientes
2254 837 2441 891 Israel.

1847 928 1935 982 VI.
1980 948 1998 981 ι
2032 928 2168 984 Novi
2200 944 2351 995 vero,
2387 930 2481 984 ﬁlii
2512 931 2641 997 mei,
2678 932 2823 1001 quod
2848 934 2902 986 in
2932 935 3193 990 extremis
3218 944 3359 990 tem-

1775 1024 2000 1093 poribus
2043 1024 2425 1093 derelinquant
2479 1025 2575 1078 ﬁlii
2625 1027 2793 1080 vestri
2845 1028 3251 1097 simplicitatem
3305 1038 3361 1085 et

1777 1115 2137 1169 adhaerebunt
2179 1115 2450 1175 avaritiae;
2494 1124 2548 1169 et
2593 1117 2925 1172 dimittentes
2965 1119 3357 1187 innocentiam,

1777 1206 2289 1276 appropinquabunt
2351 1208 2712 1277 malignitati;

1777 1299 2030 1351 mandata
2074 1297 2201 1363 Dei,
2254 1298 2610 1353 adhaerebunt
2662 1300 2873 1367 Beliar;
2918 1310 2971 1355 et
3024 1303 3360 1358 dimittentes

1778 1390 2194 1459 agriculturam,
2224 1400 2521 1461 sequentur
2549 1392 2856 1460 perniciosa
2885 1394 3111 1447 consilia
3154 1410 3273 1461 sua,
3305 1404 3361 1451 et

1778 1484 2155 1553 dispergentur
2195 1485 2248 1537 in
2279 1486 2552 1553 gentibus,
2588 1495 2639 1539 et
2676 1486 2915 1539 servient
2944 1486 3183 1541 inimicis
3216 1488 3356 1544 suis.

1782 1560 1846 1628 Et
1878 1590 1976 1628 vos
2018 1576 2181 1644 igitur
2211 1576 2326 1629 haec
2348 1575 2513 1629 dicite
2542 1566 2667 1629 filiis
2698 1575 2917 1641 vestris,
2952 1566 3082 1630 utsi
3113 1575 3358 1646 peccent,

1778 1671 2041 1725 velociter
2086 1678 2431 1725 revertantur
2470 1650 2539 1724 ad
2582 1669 2904 1737 Dominum;
2964 1662 3220 1739 quoniam
3257 1666 3361 1725 mi-

81 1780 218 1816 σωσι
244 1761 382 1831 (3i),
399 1759 585 1845 τάχιον
608 1755 980 1828 έπιστρέψωσι
1015 1752 1150 1825 πρὸς
1167 1751 1394 1845 βύριον·
1431 1751 1512 1845 ότι
1536 1749 1679 1845 ἐλεη-

1787 1765 2020 1818 sericors
2059 1771 2164 1831 est,
2206 1772 2259 1817 et
2295 1764 2489 1834 eripiet
2520 1779 2636 1831 eos,
2676 1774 2735 1819 ut
2770 1773 3114 1820 revertantur
3144 1766 3201 1819 in
3245 1773 3358 1821 ter-

82 1873 203 1925 μων
230 1856 369 1917 ἐστὶ,
414 1840 805 1916 καίῖὲξελεῖται
835 1846 1055 1909 αὐτοὺς,
1097 1842 1191 1897 τοῦ
1230 1841 1555 1912 ἐπιστρέψαι
1594 1840 1674 1904 είς

76 1949 181 2019 τὴν
203 1950 310 2019 γῆν
334 1946 514 2000 αὐτῶν
548 1943 683 2014 (52).

152 2040 229 2091 Z'.
268 2057 288 2089 ι
320 2036 449 2090 Px6'
476 2035 613 2089 ὲτῶν
659 2036 774 2106 εἰμι
812 2030 940 2101 ἐγώ·
986 2030 1081 2083 καὶ
1124 2029 1225 2081 οὐκ
1261 2026 1429 2094 ἔγνων
1464 2024 1551 2075 ἐπ’
1575 2022 1675 2092 ἐμὲ

78 2129 364 2200 ἁμαρτίαν
400 2130 479 2191 είς
518 2126 766 2180 θάνατον.
808 2122 955 2192 Πλὴν
979 2122 1079 2191 τῆς
1122 2116 1379 2188 γυναικός
1420 2133 1541 2186 μου,
1576 2114 1676 2165 ούκ

78 2223 260 2289 ἔγνων
289 2218 472 2289 ἀλλην·
512 2218 613 2270 οὐκ
650 2215 953 2286 ὲπόρνευσα
975 2212 1033 2264 ὲν
1073 2206 1433 2281 μετεωρισμῷ
1474 2204 1674 2274 ὀφθαλ-

82 2310 226 2382 μῶν·
265 2306 407 2363 οἶνον
448 2310 526 2372 είς
570 2306 943 2375 ἀποπλάνησιν
983 2302 1082 2355 οὐκ
1128 2301 1299 2353 ἔπιον·
1347 2298 1454 2351 πᾶν
1490 2295 1678 2348 ἐπιθύ-

84 2418 249 2473 μημα
279 2397 374 2452 τοῦ
398 2397 623 2469 πλησίον
653 2395 754 2447 οὐκ
786 2392 1049 2461 ὲπόθησα·
1071 2390 1220 2453 δόλος
1243 2389 1342 2441 οὐκ
1368 2387 1582 2456 ἐγένετο
1617 2386 1674 2437 ἐν

84 2492 290 2564 καρδίᾳ
318 2507 440 2561 μου·
473 2488 665 2558 ψεῦδος
692 2488 793 2539 οὐκ
829 2484 1025 2555 ἀνῆλθε
1050 2482 1137 2535 διὰ
1167 2480 1274 2535 τῶν
1302 2479 1525 2551 χειλέων
1554 2496 1675 2549 μου.

82 2584 262 2638 Παντὶ
290 2579 560 2653 ἀνθρώπῳ
589 2577 912 2649 όδυνωμένῳ
940 2572 1319 2639 συνεστέναξα,
1350 2572 1443 2624 καὶ
1479 2568 1681 2640 πτωχῷ

93 2675 379 2729 ιετέδωκα
418 2674 510 2726 τὸν
552 2672 713 2743 ἄρτον
755 2688 873 2740 μου.
915 2669 1028 2721 υύκ
1071 2667 1271 2737 ἔφαγον
1320 2664 1497 2735 μόνος·
1534 2664 1680 2735 ὄριον

82 2767 183 2818 οὑκ
212 2764 401 2828 ἔλυσα,
439 2762 718 2815 εὐσέϐειαν
742 2759 976 2831 ἐποίησα
1002 2761 1059 2812 ὲν
1076 2759 1277 2821 πάσαις
1300 2759 1420 2819 ταῖς
1446 2755 1681 2826 ἡμέραις

83 2854 243 2925 ἐμοῦ,
266 2855 361 2906 καὶ
378 2852 630 2922 ἀλήθειαν
657 2851 788 2920 (55).
816 2849 917 2901 Τὸν
940 2847 1142 2920 Κύριον
1165 2847 1427 2917 ἠγάπησα
1448 2845 1507 2897 ὲν
1533 2844 1683 2917 πάσῃ

84 2947 151 3013 τῇ
184 2942 336 3013 ἰσχύϊ
374 2959 496 3013 μου·
530 2940 732 3011 ὁμοίως
765 2938 861 2991 καὶ
895 2938 1069 2991 πάντα
1094 2936 1377 3008 ἄνθρωπον
1393 2936 1679 3005 ἠγάπησα,

86 3037 161 3098 ώς
195 3035 313 3103 (54)
356 3032 426 3085 τὰ
458 3032 623 3085 τέκνα
662 3048 783 3101 μου.
826 3028 1009 3082 Ταῦτα
1052 3029 1316 3096 ποιήσατε
1363 3026 1457 3079 καὶ
1500 3026 1679 3095 ὑμεῖς,

83 3126 256 3180 τέκνα
284 3142 409 3195 μου,
435 3124 528 3176 καὶ
553 3123 661 3175 πᾶν
692 3119 910 3191 πνεῦμα
942 3119 1034 3172 τοῦ
1068 3118 1265 3189 Βελιάρ
1305 3116 1560 3186 φεύξεται
1584 3117 1675 3185 ἀφ’

1787 3144 1911 3202 Hzec
1948 3157 2001 3201 et
2034 3164 2129 3202 vos
2177 3148 2425 3214 faciatis,
2477 3151 2573 3204 ﬁlii
2616 3152 2754 3216 mei,
2799 3161 2852 3205 et

84 3217 267 3289 ὑμῶν,
292 3218 390 3270 καὶ
426 3217 573 3268 πᾶσα
609 3210 809 3285 πρᾶξις
847 3211 1098 3283 πονηρῶν
1140 3209 1444 3282 ἀνθρώπων
1477 3211 1536 3262 οὐ
1578 3226 1678 3263 κυ-

86 3311 299 3382 ριεύσει
316 3309 347 3361 ύ
357 3308 489 3378 μῶν·
514 3306 609 3359 καὶ
624 3305 799 3358 πάντα
816 3306 1003 3375 ἄγριον
1021 3303 1161 3373 θῆρα
1176 3300 1674 3363 καταδουλώσεσθε,

85 3400 308 3471 ἔχοντες
340 3396 455 3468 μεθ’
485 3396 693 3450 ἑαυτῶν
715 3394 848 3447 Θεὸν
877 3393 971 3446 τοῦ
997 3395 1055 3446 ού
1067 3393 1245 3465 ρανοῦ·
1278 3392 1680 3463 συμπορευόμε-

85 3508 165 3545 νοι
188 3493 304 3552 τοῖς
328 3487 636 3559 ἀνθρώποις
661 3488 717 3539 ὲν
745 3485 1006 3555 ἁπλότητι
1030 3485 1278 3556 καρδίας.
1305 3504 1322 3535 ι
1347 3485 1455 3537 Καὶ
1480 3480 1679 3535 ἐνετεί-

83 3585 221 3635 λατο
247 3581 452 3643 αὐτοῖς,
478 3579 624 3640 ὅπως
646 3577 917 3645 ἀνάγωσιν
950 3574 1112 3630 αὐτὸν
1150 3578 1209 3628 ὲν
1241 3572 1488 3647 Χεϐρών,
1518 3574 1679 3627 κάκεῖ

87 3673 254 3726 αὑτὸν
291 3671 536 3737 θάψωσιν
561 3672 617 3722 ὲν
649 3669 726 3740 τῷ
753 3670 1001 3742 σπηλαίῳ
1039 3667 1300 3741 μετὰτῶν
1318 3667 1568 3738 πατέρων
1583 3666 1680 3718 αύ-

85 3767 203 3820 τοῦ.
245 3765 357 3817 Καὶ
390 3761 621 3826 ἐξέτεινε
655 3764 781 3827 τοὺς
830 3762 996 3825 πόδας
1044 3760 1230 3825 αὐτοῦ,
1278 3761 1373 3812 καὶ
1412 3756 1680 3811 ἀπέθανεν

87 3860 348 3929 πέμπτος
384 3856 496 3927 (55)
522 3857 578 3908 ἐν
603 3859 763 3926 γήρει
798 3854 967 3925 καλῷ,
995 3855 1103 3907 πᾶν
1150 3853 1309 3924 μέλος
1338 3851 1478 3923 ἔχων
1507 3850 1679 3919 ὑγιὲς,

88 3952 184 4004 καὶ
221 3948 422 4019 ίσχύων
458 3947 706 4001 ὕπνωσεν
739 3945 909 3999 ὕπνον
944 3944 1183 3999 αἰώνιον.

639 4186 1034 4242 ΚΕΦΑΛΑΙΟΝ
1078 4188 1167 4254 εῖν.

176 4298 438 4367 Διαθήκη
476 4297 989 4422 Ζαϐουλὼτὲἰὶέτερὶ
1016 4295 1473 4365 εὐσπλαγχνίας
1504 4294 1602 4348 καὶ

881 4386 1010 4422 ovc.

881 4386 1010 4433 ους.

165 4487 244 4537 A’.
302 4483 656 4555 Ἀντίγραιρον
688 4480 969 4535 Ζαϐουλὼν
989 4520 1002 4543 ,
1039 4481 1067 4533 ὃ
1100 4479 1303 4533 διέθετο
1327 4482 1437 4542 τοῖς
1470 4479 1679 4542 τέκνοις

94 4574 258 4630 αὺτοῦ
297 4574 575 4643 ἑκατοστῷ
608 4571 1027 4643 τεσσαρακοστῷ
1061 4570 1172 4640 (36)
1214 4571 1307 4623 καὶ
1340 4569 1548 4639 δεκάτῳ
1573 4568 1683 4620 ἔτει

93 4668 190 4737 τῆς
230 4664 379 4734 ζωῆς
423 4663 607 4726 αὑτοῦ,
640 4664 777 4734 μετά
813 4663 905 4715 δύο
941 4663 1036 4733 έτη
1064 4662 1155 4714 τοῦ
1181 4660 1410 4714 θανάτου
1460 4660 1678 4731 Ἰωσήφ.

92 4759 205 4810 Καὶ
231 4752 386 4809 εἶπεν
420 4756 621 4817 αὐτοῖς·
666 4772 683 4805 ι
737 4752 1031 4806 Ἀκούσατέ
1099 4770 1197 4823 μου
1225 4792 1239 4816 ,
1301 4751 1408 4803 υἱοὶ
1472 4751 1677 4803 Ζαϐου-

163 4930 281 5003 (29)
332 4929 535 4999 Ἡμῶν.
586 4929 768 5003 Ὑμῷν
792 4938 923 4999 puto
948 4928 1266 5003 legendum,_
1302 4924 1380 4981 uti
1411 4924 1684 5003 Robertus

91 4994 298 5074 legisse
336 4994 581 5074 videtur;
624 4994 747 5074 licet
783 4994 1116 5074 Oxoniensis
1153 4999 1359 5068 pariter
1398 5011 1463 5049 ac
1488 4994 1686 5050 Canta-

91 5069 397 5142 brigiensis
429 5074 600 5126 codex
628 5072 825 5125 habeat
867 5069 1042 5142 ἡμῶν.
1073 5071 1150 5142 In.

191 5138 283 5210 30)
320 5143 785 5205 Καταλιπόντες.
824 5138 1365 5210 καταλιμπάνοντες.
1404 5138 1482 5190 In.

192 5211 284 5281 51)
333 5211 765 5281 Ἀμαρτήσωσι.
816 5211 1149 5281 Ἀμάρτωσι.
1180 5211 1255 5263 lu.

167 5276 283 5355 (5'2)
296 5276 408 5336 Τοῦ
420 5276 773 5355 ἐπιστρέψαι
790 5276 1005 5355 εὶς-’τὶίν
1021 5280 1137 5355 γῆξ·
1150 5276 1681 5355 αὺτῶνζῡθξιιηιλυ.

324 5347 1013 5426 Εὐσέϐειανέποίῃσαᾷἐν
1028 5347 1263 5426 ’πᾲσαις
1286 5349 1413 5426 ταῖς
1436 5347 1684 5426 ἡμέραις

89 5420 275 5497 ἐμοῦ,
301 5424 397 5497 καὶ
431 5420 1067 5497 ἀλλήθεια-ΥᾋΕύσέᾷειαν
1090 5422 1341 5497 ἐποίησα,
1372 5422 1430 5472 ὲν
1479 5420 1684 5481 πάσαις

91 5492 221 5557 {atq
248 5495 486 5565 ἡμέραις
506 5509 617 5565 ,μου
642 5492 896 5563 ἀλήθειαν
926 5492 1179 5562 ἐποίησα.
1212 5494 1285 5547 In.

504 5563 692 5637 Ὑπέρ.
732 5566 808 5616 lu.

194 5635 287 5705 55)
323 5633 613 5701 Πέμπτος.
653 5634 830 5705 Deest.
863 5635 939 5687 In.

194 5642 287 5705 55)
323 5642 613 5701 Πέμπτος.
653 5642 830 5688 Deest.
865 5642 939 5687 In.

171 5642 285 5777 256)
326 5703 814 5773 Τεσσαρακοστῷ.
869 5704 1124 5775 Τετάρτῳ
1176 5703 1512 5775 legendum,
1560 5703 1684 5759 licet

266 5143 284 5353 Ξ

1777 1870 1893 1909 ram
1928 1870 2105 1909 suam.

1847 2030 1959 2087 νη.
1998 2052 2016 2085 t
2049 2034 2279 2089 Centum
2311 2033 2501 2105 viginti
2537 2034 2646 2089 duo
2678 2049 2948 2088 annorum
2984 2050 3106 2090 sum
3134 2049 3270 2105 ego;
3302 2036 3358 2088 et

1776 2140 1885 2179 non
1916 2128 2147 2196 cognovi
2181 2142 2346 2197 super
2374 2143 2459 2182 me
2497 2138 2781 2196 peccatum
2818 2128 2870 2181 in
2914 2136 3167 2181 mortem.
3211 2127 3361 2180 Prie-

1778 2226 1861 2273 ter
1888 2234 2113 2274 uxorem
2152 2235 2349 2287 meam,
2395 2236 2505 2274 non
2536 2221 2767 2289 cogn0vi
2801 2221 2998 2285 aliam;
3038 2236 3144 2273 non
3191 2219 3363 2273 forni-

1779 2312 1935 2366 catus
1959 2326 2080 2366 sum
2120 2312 2173 2365 in
2204 2312 2439 2367 elatione
2473 2313 2758 2367 oculorum
2786 2330 2799 2377 ;
2832 2313 3019 2365 vinum
3054 2313 3105 2364 in
3138 2312 3362 2365 aberra-

1780 2403 1983 2457 tionem
2019 2418 2129 2456 non
2175 2402 2321 2469 bibi;
2367 2417 2531 2456 omne
2571 2402 2930 2457 desiderabile
2971 2401 3204 2471 proximi
3250 2416 3361 2455 non

1780 2497 2123 2561 desideravi;
2172 2490 2333 2553 dolus
2383 2515 2492 2553 non
2544 2497 2721 2555 factus
2770 2508 2854 2554 est
2906 2498 2958 2551 in
3008 2500 3169 2554 corde
3204 2514 3359 2565 meo;

1782 2589 2129 2644 mendacium
2164 2605 2272 2644 non
2312 2592 2559 2646 ascendit
2592 2606 2688 2661 per
2715 2591 2857 2646 labia
2891 2608 3032 2646 mea.
3064 2590 3226 2645 Omni
3259 2591 3363 2643 ho-

1782 2683 1918 2737 mini
1944 2683 2132 2738 dolore
2158 2685 2406 2739 cruciato
2434 2684 2751 2755 congemui,
2779 2693 2832 2739 et
2861 2685 3085 2755 pauperi
3110 2683 3234 2738 dedi
3267 2698 3366 2753 pa-

1783 2791 1907 2830 nem
1953 2791 2160 2829 meum.
2212 2774 2330 2831 Non
2386 2778 2599 2832 comedi
2653 2778 2839 2839 solus;
2899 2779 3192 2832 terminum
3255 2792 3364 2830 non

1786 2866 1957 2931 solvi;
1994 2868 2251 2936 pietatem
2291 2866 2395 2923 feci
2446 2869 2499 2922 in
2543 2869 2801 2924 omnibus
2848 2870 3039 2925 diebus
3090 2870 3267 2933 meis,
3311 2879 3367 2925 et

1785 2962 2091 3017 veritatem.
2124 2965 2414 3019 Dominum
2441 2966 2605 3020 dilexi
2638 2966 2693 3020 in
2724 2974 2837 3020 tota
2872 2960 3190 3021 fortitudine
3213 2982 3361 3031 mea;

1788 3053 2040 3108 similiter
2072 3064 2125 3109 et
2147 3071 2366 3111 omnem
2401 3058 2677 3112 hominem
2712 3060 2899 3125 dilexi,
2934 3068 2991 3112 ut
3015 3059 3155 3114 ﬁlios
3189 3075 3363 3115 meos.

2896 3152 3079 3205 omnis
3137 3151 3368 3218 spiritus

1776 3242 1953 3297 Beliar
1983 3239 2154 3312 fugiet
2181 3257 2209 3295 a
2242 3242 2432 3309 vobis;
2468 3252 2522 3298 et
2552 3244 2732 3298 omnis
2763 3246 2905 3298 actio
2928 3244 3367 3312 perniciosorum

1777 3333 2059 3387 hominum
2096 3350 2205 3387 non
2236 3336 2611 3389 dominabitur
2648 3334 2837 3399 vobis;
2867 3343 2920 3387 et
2960 3349 3176 3388 omnem
3210 3350 3369 3405 agre-

1778 3433 1914 3479 stem
1944 3425 2114 3479 feram
2145 3427 2390 3480 servituti
2424 3426 2751 3495 subjicietis,
2784 3426 3046 3481 habentes
3080 3428 3366 3483 vobiscum

1779 3517 1948 3571 Deum
1978 3519 2099 3573 coeli
2128 3537 2140 3585 ;
2175 3518 2519 3573 ambulantes
2545 3534 2669 3573 cum
2713 3518 3031 3573 hominibus
3072 3519 3126 3572 in
3159 3520 3369 3588 simpli-

1778 3612 1941 3667 citate
1972 3611 2177 3666 cordis.
2224 3630 2243 3662 ι
2278 3610 2342 3664 Et
2388 3610 2667 3665 mandavit
2706 3613 2809 3676 eis,
2848 3622 2909 3667 ut
2938 3613 3208 3668 reducant
3238 3631 3367 3669 eum

1779 3704 1833 3758 in
1871 3703 2112 3769 Hebron,
2146 3712 2195 3758 et
2240 3704 2351 3758 illic
2382 3719 2507 3757 eum
2552 3704 2820 3772 sepeliant
2855 3706 2909 3759 in
2951 3706 3211 3775 spelunca
3243 3724 3369 3762 cum

1780 3796 2031 3865 patribus
2081 3796 2218 3850 suis.
2258 3795 2325 3850 Et
2356 3796 2599 3849 extendit
2646 3796 2811 3865 pedes
2850 3813 3002 3863 suos,
3034 3808 3087 3853 et
3118 3810 3370 3855 mortuus

1781 3896 1862 3943 est
1897 3889 2121 3958 quintus
2164 3889 2332 3958 (ﬁlius
2380 3887 2550 3959 Liaa),
2584 3888 2639 3941 in
2684 3898 2964 3944 senectute
2992 3891 3154 3955 bona,
3194 3908 3361 3947 omne

1782 3981 2086 4035 membrum
2126 3980 2332 4035 habens
2356 3995 2575 4046 sanum,
2613 3987 2668 4035 et
2695 3992 2890 4050 potens
2929 3982 3193 4037 dormivit
3220 3999 3372 4039 som-

1785 4088 1914 4127 num
1945 4081 2287 4142 perpetuum.

2396 4184 2627 4241 CAPUT
2672 4185 2758 4242 Vl.

1791 4301 2177 4356 Testamentum
2217 4301 2458 4356 Zabulon
2479 4342 2500 4385 ,.
2528 4303 3084 4425 dedcommiseratione
3128 4311 3178 4357 et
3208 4304 3367 4358 miseo

2453 4389 2593 4425 rtcor
2634 4390 2704 4425 ta.

2453 4389 2704 4427 ncorata.

1855 4488 1894 4542 l.
1944 4488 2362 4559 Transcriptum
2414 4487 2699 4552 Zabulon,
2739 4487 2883 4557 quod
2924 4486 3195 4555 disposuit
3242 4488 3370 4543 ﬁliis

1788 4582 1903 4637 suis
1946 4583 2247 4636 centesimo
2275 4581 2488 4636 decimo
2521 4590 2718 4651 quarto
2745 4595 2890 4634 anno
2917 4581 3042 4636 vita:
3072 4596 3206 4647 suae,
3245 4591 3368 4651 post

1785 4676 1927 4729 duos
1962 4689 2137 4727 annos
2170 4673 2362 4727 mortis
2410 4671 2631 4743 Ioseph.
2672 4672 2739 4727 Et
2775 4674 2915 4728 dixit
2941 4675 3021 4729 eis
3053 4692 3066 4728 :
3113 4693 3132 4726 ι
3168 4673 3367 4729 Audite

1786 4766 1892 4831 me,
1920 4765 2014 4819 ﬁlii
2047 4764 2319 4831 Zabulon,
2354 4764 2616 4819 attendite
2642 4766 2823 4821 verbis
2846 4768 3018 4836 patris
3042 4768 3227 4822 vestri.
3256 4766 3367 4835 Ego

1786 4936 1894 5008 tam
1931 4926 1982 4979 in
2016 4923 2343 4988 Oxoniensi,
2388 4940 2551 5008 quam
2586 4925 3024 5008 Cantabrigiensi
3052 4928 3241 5008 codice
3271 4927 3372 4983 ha-

1788 5001 1977 5067 beatur
2010 4996 2464 5067 τεσσαρακοστῷ,
2502 4997 2753 5067 quamvis
2796 4996 2850 5049 in
2884 4998 2977 5051 illo
3013 4999 3203 5052 ultima
3243 5014 3372 5067 pars

1787 5066 1953 5136 hujus
2002 5066 2151 5138 vocis
2188 5066 2369 5138 deleta
2407 5067 2511 5131 sit,
2556 5066 2703 5138 quod
2728 5081 2901 5138 _error
2946 5066 3368 5138 chronologicus

1786 5137 2304 5205 deprehenderetur.
2330 5135 2522 5190 Ruben
2545 5137 2692 5189 enim
2718 5135 2891 5191 frater
2912 5147 3043 5192 natu
3070 5135 3367 5205 maximus,

1787 5208 1978 5261 eodem
2052 5222 2162 5276 quo
2210 5205 2454 5259 Zabulon
2504 5221 2679 5271 anno,
2719 5208 2959 5261 secundo
3004 5209 3209 5262 scilicet
3246 5216 3374 5276 post

1786 5287 2019 5330 mortem
2064 5276 2311 5345 Josephi,
2343 5276 2633 5331 defunctus
2683 5277 2885 5331 dicitur
2928 5293 3091 5345 supra
3136 5277 3368 5330 Testam.

1789 5349 1830 5412 Ι,
1864 5347 1890 5418 §
1928 5347 1979 5401 1.
2010 5347 2188 5418 Atqui
2211 5347 2257 5400 is
2312 5346 2510 5418 ibidem
2547 5357 2798 5401 mortuus
2837 5348 3048 5418 dicitur
3075 5346 3178 5401 19.5
3225 5362 3370 5399 anno

1787 5415 1912 5473 vitae
1931 5418 2121 5486 ipsius.
2146 5415 2263 5470 Non
2281 5417 2445 5487 igitur
2462 5417 2728 5481 Zabulon,
2755 5417 3143 5487 fraterjunior,
3163 5431 3369 5469 annum

1789 5489 1893 5543 150
1925 5488 2191 5558 attingere
2223 5490 2416 5555 potuit,
2446 5488 2542 5543 sed
2581 5488 2769 5557 utique
2814 5487 2915 5540 114
2944 5502 3090 5541 anno
3117 5497 3371 5540 mortuus

1789 5568 1891 5623 est,
1923 5570 1980 5613 ut
2010 5557 2187 5612 Latini
2220 5560 2437 5613 couices
2460 5600 2475 5625 ,
2518 5559 2880 5626 manuscripti
2926 5558 3129 5627 pariter
3160 5572 3223 5611 ac
3264 5558 3369 5609 im-

1788 5631 1987 5700 pressi,
2019 5632 2235 5683 habent.
2269 5628 2376 5684 Sed
2401 5631 2457 5685 in
2494 5630 2581 5685 his
2603 5629 2743 5684 male
2766 5629 2857 5695 '59.,
2893 5642 2992 5700 pro
3022 5628 3238 5684 duobus
3270 5643 3369 5681 aw-

1793 5704 1880 5757 nis
1902 5701 2064 5772 positi
2095 5712 2241 5758 sunt.
2271 5702 2343 5756 In.

2797 1217 2851 1263 et
2918 1210 3356 1280 derclinquentes
3438 1220 3445 1231 '
