3830 6216
499 308 633 366 1001

1521 290 1985 360 TESTAMENTA
2018 292 2116 359 XII
2144 288 2776 358 PATBIAncuAaUM.

3642 294 3784 353 ιοιη

494 442 615 486 sum
652 425 920 491 Zabnlon,
967 423 1116 479 datio
1162 423 1303 477 bona
1345 420 1683 492 genitoribus
1730 422 1891 478 meis.
1924 422 2056 477 Cum

2172 420 2275 473 λὼν
2303 418 2438 489 (57),
2465 416 2762 488 προσέχετε
2792 415 2857 486 ρή
2868 430 3002 484 μασι
3030 406 3237 484 πατρὸς
3276 402 3450 482 ὑμῶν.
3492 410 3783 481 Ἐτώεἱμι

492 520 635 573 enim
664 517 881 590 genitus
906 532 1107 582 essem,
1132 515 1288 569 valde
1325 522 1519 569 auctus
1555 524 1639 569 est
1682 522 1836 582 pater
1878 522 2065 569 noster

490 623 544 667 et
568 611 821 681 gregibus
844 619 897 664 et
928 606 1209 671 armentis,
1242 606 1461 676 quando
1487 605 1543 659 in
1578 605 1745 660 variis
1772 605 1940 675 virgis
1968 604 2067 657 ha-

492 705 611 760 buit
652 711 877 757 sortem.
920 698 1038 755 Non
1082 699 1230 765 novi,
1261 699 1351 752 lilii
1406 697 1544 763 mei,
1577 696 1722 767 quod
1763 695 1979 765 peccavi
2010 695 2065 749 in

489 796 682 853 diebus
730 795 891 860 meis,
922 802 1284 863 prmterquam
1330 801 1537 857 mente;
1581 805 1757 860 neque
1782 788 2063 854 recordor,

488 889 633 959 quod
666 887 1011 957 iniquitatem
1058 885 1184 949 feci,
1237 892 1434 955 praeter
1484 882 1850 953 ignorantiam
1900 895 2065 950 quam

488 980 590 1037 feci
626 980 682 1036 in
705 977 928 1047 Ioseph,
966 977 1226 1047 quoniam
1256 976 1426 1030 celavi
1452 990 1577 1029 cum
1610 972 1877 1028 fratribus
1903 972 2062 1035 meis,

487 1081 548 1127 ut
598 1089 707 1127 non
752 1072 988 1127 dicerem
1032 1069 1174 1141 patri
1216 1084 1338 1123 meo
1378 1066 1523 1138 quod
1570 1065 1774 1121 factum
1817 1076 1952 1131 erat.
2001 1064 2068 1118 Et

484 1163 607 1219 flevi
656 1164 887 1219 multum
946 1162 1001 1216 in
1030 1161 1355 1217 abscondito
1401 1178 1413 1212 :
1460 1159 1617 1215 timui
1666 1159 1813 1213 enim
1867 1154 2067 1212 fratres

484 1270 659 1320 meos,
704 1253 961 1323 quoniam
1013 1251 1401 1321 conspirabant
1450 1263 1642 1303 omnes
1687 1248 1873 1315 simul,
1920 1254 1980 1300 ut
2021 1245 2068 1301 si

485 1348 610 1417 quis
642 1348 904 1401 revelaret
948 1345 1291 1416 mysterium,
1340 1343 1654 1398 occiderent
1695 1357 1823 1397 eum
1864 1340 2064 1411 gladio.

488 1438 894 1505 Verumtamen,
916 1438 1136 1509 quando
1163 1436 1416 1491 volebant
1440 1435 1688 1490 occidere
1717 1449 1865 1500 eum,
1897 1432 2068 1487 multa

484 1532 804 1587 testiﬁcatus
832 1547 951 1586 sum
983 1530 1063 1585 eis
1108 1545 1233 1585 cum
1276 1529 1566 1600 lacrymis,
1594 1536 1651 1583 ut
1686 1542 1797 1581 non
1825 1524 2069 1582 facerent

484 1625 827 1695 iniquitatem
855 1622 1018 1677 hanc.

554 1808 619 1863 ll.
665 1828 684 1861 ι
714 1809 993 1863 Venerunt
1020 1809 1166 1863 enim
1214 1806 1436 1863 Simeon
1480 1815 1534 1862 et
1578 1807 1693 1863 Gad
1726 1807 1786 1862 in
1827 1805 2061 1877 Ioseph,

480 1907 544 1956 ut
569 1899 882 1955 occiderent
912 1915 1036 1953 eum
1060 1918 1073 1965 ;
1104 1909 1159 1954 et
1186 1900 1387 1955 cadens
1422 1914 1586 1969 super
1612 1898 1808 1953 faciem
1837 1895 2063 1968 Ioseph,

481 1992 622 2047 dixit
653 1991 733 2047 eis
763 2010 776 2045 :
818 2010 836 2043 ‹
872 1991 1203 2051 Miseremini
1255 1992 1381 2057 mei,
1415 1990 1613 2046 fratres
1662 1991 1801 2057 mei,
1835 1991 2064 2045 misere-

482 2087 617 2141 mini
646 2086 921 2143 viscerum
949 2084 1117 2141 Iacob
1146 2086 1317 2155 patris
1348 2086 1545 2140 nostri.
1594 2083 1671 2139 Ne
1714 2083 1973 2154 injiciatis
2008 2085 2062 2138 in

480 2194 569 2233 me
599 2195 795 2234 manus
830 2186 1061 2245 vestras,
1096 2179 1162 2233 ad
1196 2178 1583 2233 effundendum
1625 2178 1948 2248 sanguinem
1978 2177 2063 2231 in.

480 2283 795 2339 nocentem,
830 2272 1091 2342 thOniam
1141 2287 1247 2325 non
1293 2271 1513 2341 peccavi
1564 2270 1620 2325 in
1670 2286 1787 2325 vos.
1822 2269 1881 2324 Si
1932 2286 2062 2325 vero

478 2365 721 2435 peccavi,
754 2366 810 2419 in
861 2364 1153 2432 disciplina
1204 2365 1415 2417 erudite
1449 2376 1574 2429 me;
1610 2378 1831 2417 manum
1878 2370 2059 2417 autem

476 2465 717 2511 vestram
770 2472 838 2510 ne
887 2455 1137 2511 inferatis
1194 2463 1414 2525 propter
1467 2452 1635 2510 Iacob
1689 2464 1898 2525 patrem
1958 2472 2059 2510 no-

477 2557 673 2603 strum.
720 2564 739 2598 ι
780 2544 850 2601 Ut
879 2556 1060 2602 autem
1111 2546 1248 2601 dixit
1290 2547 1457 2601 verba
1506 2547 1661 2613 haec,
1714 2546 2061 2602 miseratione

479 2649 789 2694 commotus
824 2654 970 2705 sum,
1005 2648 1059 2693 et
1089 2639 1267 2709 incepi
1300 2640 1449 2703 flere,
1491 2649 1544 2693 et
1576 2640 1775 2708 hepata
1808 2654 1928 2693 mea
1970 2656 2057 2693 reo

475 2732 655 2789 soluta
688 2740 817 2785 sunt
856 2731 911 2785 in
952 2746 1060 2797 me,
1088 2739 1142 2785 et
1186 2732 1367 2786 omnis
1396 2730 1747 2785 subsistentia
1785 2730 2056 2785 viscerum

475 2838 723 2876 meorum
774 2822 954 2876 laxata
995 2831 1079 2878 est
1125 2839 1291 2893 super
1342 2823 1583 2876 animam
1632 2838 1833 2876 meam.
1884 2821 2059 2877 Flevit

475 2920 657 2966 autem
684 2921 737 2967 et
766 2910 987 2983 Ioseph,
1013 2920 1066 2967 et
1093 2930 1192 2984 ego
1222 2930 1345 2969 cum
1378 2916 1517 2984 ipso,
1550 2923 1603 2970 et
1646 2915 1932 2970 intremuit
1960 2931 2058 2970 cor

474 3020 680 3069 meum,
722 3011 777 3058 et
820 3004 1095 3073 juncturze
1140 3005 1388 3074 corporis
1429 3005 1534 3059 mei
1581 3013 1954 3074 expaverunt,
2004 3014 2057 3059 et

2170 508 2477 571 Ζαϐουλὼν,
2506 508 2652 571 δόσις
2668 506 2845 577 ἀγαθὴ
2880 506 2992 575 (58)
3017 508 3131 569 τοῖς
3156 503 3370 573 γονεῦσί
3396 521 3523 574 μου.
3546 502 3648 557 Ἑν
3673 506 3779 575 γὰρ

2165 595 2246 667 τῷ
2281 596 2609 667 γεννηθῆναι
2646 612 2712 666 με
2748 594 2956 665 ηὐξήθη
3005 595 3035 646 ὁ
3084 592 3264 665 πατὴρ
3304 592 3462 663 ἡμῶν
3501 594 3625 657 ἕως
3655 595 3778 661 σαιρό-

2166 687 2288 759 δρα,
2327 688 2422 739 xui.
2462 685 2533 739 τὰ
2573 686 2822 755 ποίμνια,
2862 685 2957 737 καὶ
2995 684 3065 737 τὰ
3100 684 3384 754 βουκόλια,
3424 684 3517 737 ὅτε
3566 686 3636 737 ὲν
3666 689 3776 747 ταῖς

2169 775 2442 838 ποικίλαις
2470 774 2685 846 ῥάϐδοις
2712 771 2823 845 εἶχε
2864 774 2955 827 τὸν
2982 775 3197 845 κλῆρον.
3230 776 3343 828 Οὐκ
3375 775 3587 843 ἔγνων,
3615 776 3775 828 τέκνα

2173 885 2295 939 μου,
2330 867 2412 919 ὅτι
2436 866 2684 936 ἥμαρτον
2706 866 2762 917 ὲν
2795 866 2915 927 ταῖς
2937 864 3197 935 ἡμέραις,
3226 864 3501 933 παρεκτὸς
3538 864 3773 927 ἐννοίας·

2169 959 2290 1012 οὐδὲ
2342 960 2761 1029 μιμνήσκομαι,
2809 957 2892 1009 ὃτι
2932 956 3277 1027 παρανομίαν
3314 956 3595 1026 ἐποίησα,
3646 956 3776 1025 πλὴν

2170 1049 2268 1118 τὴν
2295 1048 2537 1116 ἄγνοιαν,
2556 1048 2622 1117 ἣν
2644 1046 2874 1117 ἐποίησα
2892 1046 2987 1098 ἐπὶ
3010 1044 3229 1117 Ἰωσὴφ,
3252 1047 3333 1099 ὅτι
3351 1047 3654 1100 ὲσκέπασα
3674 1047 3780 1118 (59)

2171 1142 2265 1194 ἐπὶ
2298 1144 2412 1203 τοῖς
2476 1138 2730 1208 ἀδελφοῖς
2774 1154 2899 1204 μου,
2965 1138 3040 1208 μὴ
3093 1139 3267 1192 εἰπεῖν
3312 1137 3391 1208 τῷ
3451 1138 3637 1208 πατρί
3683 1156 3775 1207 μου

2169 1233 2235 1287 τὸ
2266 1232 2579 1303 γενόμενον.
2608 1228 2716 1281 Καὶ
2755 1228 2971 1282 ἔκλαιον
3012 1227 3183 1281 πολλά
3207 1230 3264 1281 ἐν
3298 1232 3507 1299 κρυφῇ·
3550 1228 3779 1297 ἐφοϐού-

2175 1341 2280 1396 μην
2302 1324 2411 1393 γὰρ
2432 1324 2559 1385 τοὺς
2597 1313 2709 1392 (40)
2746 1319 3009 1390 ἀδελφούς
3050 1337 3175 1391 μου,
3205 1321 3287 1372 ὃτι
3323 1312 3625 1373 συνέθεντο
3650 1320 3779 1373 πάν-

2169 1431 2260 1477 τες
2292 1412 2448 1483 ὁμοῦ,
2473 1410 2607 1473 εῐτις
2631 1409 2821 1483 ἐξείπῃ
2844 1409 2906 1463 τὸ
2942 1410 3240 1480 μυστήριον
3258 1448 3273 1472 ,
3301 1409 3670 1479 ἀναιρεθῆναι
3688 1410 3779 1461 αὖ·

2169 1501 2261 1555 τὸν
2284 1499 2549 1572 μαχαίρᾳ.
2588 1499 2735 1571 Πλὴν
2767 1500 2847 1564 δὲ,
2886 1500 2976 1552 ὅτε
3012 1499 3295 1553 ἐϐούλοντο
3328 1500 3546 1553 ἀνελεῖν
3592 1500 3775 1559 αὐτὸν,

2171 1592 2342 1647 πολλά
2373 1574 2827 1663 διεμρῖὗράμην
2862 1593 3048 1656 αὐτοῖς
3086 1591 3225 1663 μετά
3253 1590 3531 1663 δακρύων,
3575 1591 3675 1644 τοῦ
3705 1592 3777 1662 μὴ

2173 1683 2394 1753 ποιῆσαι
2417 1681 2515 1752 τὴν
2538 1681 2772 1751 ἀνομίαν
2804 1678 3032 1751 ταύτην.

2235 1815 2309 1868 B'.
2353 1834 2371 1866 ι
2395 1810 2600 1868 τΗλθον
2636 1813 2744 1885 γὰρ
2767 1813 2991 1884 Συμεὼν
3020 1815 3114 1866 καὶ
3148 1812 3255 1866 Γὰδ
3280 1813 3372 1865 ἐπὶ
3402 1812 3498 1865 τὸν
3546 1810 3775 1882 Ἰωσὴφ,

2164 1905 2257 1958 τοῦ
2283 1905 2491 1959 ἀνελεῖν
2526 1904 2711 1957 αὐτόν*
2747 1906 2842 1958 xui.
2867 1903 3047 1958 πεσὼν
3083 1905 3175 1956 ἐπὶ
3201 1905 3493 1975 πρόσωπον
3532 1902 3767 1975 Ἰωσὴφ,

2165 1995 2348 2065 ἔλεγεν
2376 1997 2581 2060 αὐτοῖς’
2616 2014 2634 2046 ‹
2677 1994 2968 2065 Ἐλεήσατέ
2986 2012 3075 2064 με,
3094 1993 3311 2063 ἀδελφοί
3339 2012 3464 2064 μου,
3491 1996 3776 2065 οἰκτειρή-

2166 2106 2295 2141 σατε
2322 2088 2605 2159 σπλάγχνα
2639 2087 2834 2141 Ἰακὼϐ
2858 2086 2952 2140 τοῦ
2979 2086 3185 2157 πατρὸς
3209 2088 3241 2157 ἡ
3250 2086 3385 2157 μῶν.
3432 2087 3526 2157 Μὴ
3564 2087 3775 2153 ἑπαγά-

2164 2198 2297 2251 γητε
2350 2178 2435 2233 ἐπ’
2479 2178 2579 2250 ἐμὲ
2615 2177 2714 2243 τὰς
2761 2180 2951 2250 χεῖρας
3008 2175 3184 2247 ὑμῶν,
3241 2176 3336 2229 τοῦ
3380 2175 3579 2247 ἐκχέαι
3629 2170 3772 2245 αἷμα

2164 2271 2359 2335 ἀθῶον,
2395 2271 2477 2323 ὅτι
2498 2270 2864 2341 ούχῆμαρτον
2900 2271 2980 2333 είς
3018 2270 3181 2340 ὑμᾶς.
3211 2269 3274 2322 EE
3306 2268 3363 2321 δὲ
3405 2270 3683 2340 ἥμαρτον,
3712 2272 3772 2321 ἐν

2164 2362 2383 2433 παιδείᾳ
2402 2362 2727 2414 παιδεύσατέ
2751 2379 2839 2432 με’
2866 2362 2964 2433 τὴν
2986 2360 3043 2413 δὲ
3060 2364 3217 2431 χεῖρα
3244 2360 3397 2431 ὑμῶν
3426 2362 3503 2433 μὴ
3526 2361 3760 2429 ἐπενέγ-

2162 2472 2293 2507 κατε
2321 2454 2410 2507 διά
2455 2453 2647 2507 Ἰακὼϐ
2672 2453 2762 2506 τὸν
2797 2453 3007 2524 πατέρα
3042 2452 3217 2523 ἡμῶν.
3250 2471 3268 2504 ι
3313 2454 3399 2515 Ὠς
3427 2452 3673 2522 δὲ’έλεγε
3698 2454 3769 2506 τὰ

2164 2548 2389 2618 ῥήματα
2429 2546 2624 2610 ταῦτα,
2671 2547 2751 2609 εἰς
2790 2543 2971 2598 οἶκτον
3000 2540 3161 2615 ἦλθον
3192 2543 3302 2613 ἐγὼ
3327 2584 3342 2609 ,
3378 2545 3474 2597 xui.
3505 2544 3767 2616 ἠρξάμην

2162 2637 2394 2700 κλαίειν,
2425 2639 2518 2691 xui.
2551 2636 2620 2689 τὰ
2648 2636 2839 2707 ἤπατά
2873 2655 2974 2707 μου
3008 2636 3341 2706 ἐξελύθησαν
3374 2638 3465 2688 ἐπ’
3506 2637 3634 2707 ἐμὲ,
3671 2638 3765 2691 καὶ

2162 2733 2312 2783 πᾶσα
2338 2733 2370 2798 ἡ
2398 2730 2698 2791 ὑπόστασις
2724 2727 2833 2781 τῶν
2871 2730 3192 2800 σπλάγχνων
3222 2728 3518 2799 ἐχαυνοῦτο
3544 2730 3642 2781 ἐπὶ
3666 2730 3766 2800 τὴν

2158 2820 2337 2892 ψυχήν
2372 2838 2492 2891 μου.
2526 2819 2750 2872 Ἔκλαιε
2774 2819 2831 2871 δὲ
2869 2820 2965 2873 xui.
3000 2820 3219 2890 Ἰωσὴφ,
3258 2818 3413 2887 κάγὼ
3453 2822 3553 2873 σὺν
3592 2820 3762 2890 αὐτῷ,

2160 2913 2252 2965 xui.
2278 2910 2499 2982 ἐϐόμϐει
2525 2912 2557 2981 ἡ
2586 2911 2782 2982 καρδία
2824 2927 2945 2981 μου,
2968 2910 3063 2963 xui.
3090 2911 3139 2962 οί
3175 2911 3342 2981 ἀρμοὶ
3374 2909 3471 2963 τοῦ
3510 2909 3763 2980 σώματός

2162 3023 2263 3076 μου
2290 3004 2607 3074 ἐξέστησαν,
2644 3004 2737 3056 xui.
2772 3004 2872 3056 οὐκ
2906 3002 3187 3073 ἠδυνάμην
3229 3003 3441 3073 στῆναι.
3482 3004 3595 3055 Καὶ
3643 3002 3763 3055 tam

474 3108 582 3147 non
616 3094 765 3163 potui
801 3103 965 3149 stare.
997 3090 1062 3147 Et
1090 3094 1276 3148 videns
1324 3109 1411 3147 me
1453 3092 1671 3147 flentem
1714 3107 1839 3147 cum
1873 3107 1969 3159 eo,
2002 3102 2053 3146 ct

2172 3114 2227 3150 ιε
2266 3096 2630 3166 συγκλαίοντα
2671 3096 2842 3166 αὐτῷ,
2873 3097 3157 3160 κάκείνους
3200 3097 3609 3168 ἐπερχομένους
3644 3098 3763 3149 ἁνε-

472 3184 596 3237 illos
642 3184 1088 3253 supervenientes
1134 3185 1199 3238 ad
1243 3184 1600 3238 occidendum
1650 3200 1809 3250 eum,
1856 3184 2055 3254 refugit

470 3282 597 3344 post
636 3288 743 3339 me,
775 3273 1072 3341 deprecans
1110 3274 1279 3341 ipsos.
1300 3271 1613 3342 Exsurgens
1646 3281 1827 3327 autem
1863 3271 2053 3326 Ruben

471 3365 663 3420 dixitu
687 3364 929 3428 Fratres,
960 3380 1029 3419 ne
1055 3366 1375 3420 occidatnus
1396 3381 1543 3429 eum,
1575 3365 1667 3419 sed
1698 3365 2055 3435 projiciamns

472 3474 599 3513 cum
636 3458 691 3512 in
721 3474 891 3512 unum
926 3458 1143 3512 lacuum
1170 3458 1365 3511 horum
1406 3458 1703 3523 siccorum,
1732 3473 1871 3527 quos
1898 3457 2053 3511 fode-

471 3558 603 3605 runt
633 3558 814 3620 patres
841 3550 1033 3616 nostri,
1058 3557 1112 3604 et
1142 3566 1249 3603 non
1275 3549 1601 3603 invenerunt
1630 3565 1852 3619 aquam.
1878 3570 1895 3601 ι
1922 3548 2057 3604 Pro-

470 3651 590 3711 pter
617 3642 719 3695 hoc
742 3640 887 3695 enim
919 3640 1205 3709 prohibuit
1230 3638 1499 3694 Dominus
1520 3641 1819 3694 ascendere
1850 3655 2052 3709 aquam

470 3730 527 3784 in
551 3730 655 3794 eis,
691 3738 752 3784 ut
793 3730 945 3785 ﬁeret
980 3731 1245 3800 protectio
1272 3730 1498 3803 Ioseph.
1532 3734 1598 3789 Et
1623 3734 1754 3791 fecit
1785 3735 2051 3793 Dominus

471 3824 569 3891 ita,
601 3823 776 3877 donec
802 3822 1167 3877 vendiderunt
1196 3840 1322 3877 eum
1346 3824 1658 3883 lsmaelitis.

540 3914 627 3970 lll.
677 3933 695 3966 ι
734 3914 944 3969 Etenim
984 3917 1037 3970 in
1068 3918 1243 3987 pretio
1267 3917 1470 3989 Ioseph
1512 3935 1614 3990 ego
1655 3937 1762 3976 non
1800 3936 2051 3976 commu-

469 4009 647 4064 nicavi
691 4008 827 4079 (42),
860 4009 998 4076 ﬁlii;
1048 4010 1145 4065 sed
1176 4009 1421 4080 Simeon,
1454 4022 1507 4068 et
1546 4014 1684 4081 Gad,
1729 4023 1784 4070 et
1818 4016 1909 4071 alii
1954 4032 2049 4071 sex

469 4100 667 4156 fratres
702 4105 875 4158 nostri
903 4104 1231 4173 accipientes
1282 4107 1513 4176 pretium
1546 4105 1768 4177 Ioseph,
1800 4119 2051 4163 emerunt

469 4194 838 4250 calceamenta
885 4198 990 4252 sibi
1038 4198 1190 4267 ipsis,
1228 4206 1281 4253 et
1333 4200 1599 4255 uxoribus
1641 4201 1777 4265 suis,
1822 4210 1875 4255 et
1924 4202 2049 4257 filiis

471 4285 612 4352 suis,
650 4286 896 4343 dicentes
938 4305 1001 4340 :t
1037 4287 1305 4355 Quoniam
1352 4292 1589 4359 pretium
1638 4294 1923 4363 sanguinis
1966 4306 2049 4350 est

472 4374 659 4432 fratris
689 4379 862 4433 nostri
895 4378 1022 4444 hoc,
1060 4395 1127 4433 ne
1164 4381 1517 4436 comedamus
1551 4382 1751 4451 ipsum,
1781 4384 1874 4437 sed
1912 4400 2045 4438 con—

470 4468 777 4524 culcatione
806 4469 1195 4524 conculcemus
1241 4470 1441 4539 ipsum,
1481 4487 1577 4540 pro
1616 4488 1679 4526 eo
1708 4475 1852 4542 quod
1888 4475 2045 4541 dixit,
2079 4474 2122 4530 D

471 4579 532 4620 se
563 4573 916 4636 regnaturum
961 4578 1125 4632 super
1167 4579 1294 4628 nos;
1336 4572 1390 4618 et
1424 4564 1707 4620 videamus
1743 4566 1875 4636 quid
1922 4583 2049 4637 por-

472 4655 694 4710 tendant
742 4655 957 4709 somnia
1003 4654 1141 4724 ejus.
1181 4675 1197 4705 ι
1226 4654 1453 4724 Propter
1502 4655 1606 4711 hoc
1652 4656 1709 4710 in
1762 4658 2050 4726 scripturis

471 4746 605 4818 legis
652 4745 840 4802 Enoch
897 4748 1161 4817 scriptum
1210 4760 1323 4815 est,
1374 4765 1485 4804 non
1530 4750 1733 4805 volenti
1780 4752 2051 4806 suscitare

540 4880 654 5021 (57)
692 4882 809 4933 Υἱοὶ
844 4880 1179 4935 Ζαϐουλὼν.
1213 4882 1400 4951 Λόγων
1433 4883 1558 4938 add.
1586 4887 1754 4941 GRAB.

566 4950 633 5003 58
689 4951 865 5016 Δόσις
892 4952 1103 5020 ἀγαθή.
1146 4952 1350 5007 Alludit
1375 4954 1439 5007 ad
1469 4955 1634 5008 verba
1681 4971 1754 5009 ma

566 4950 654 5021 58)
689 4951 865 5024 Δόονις
892 4952 1103 5024 ἀγαθή.
1146 4950 1350 5007 Alludit
1375 4954 1439 5007 ad
1469 4955 1634 5008 verba
1681 4958 1871 5010 matris
1905 4956 2046 5024 ἰήιε,

470 5034 594 5090 quas
624 5022 915 5089 protulisse
939 5023 1159 5086 dicitur,
1198 5024 1418 5092 quando
1440 5040 1564 5079 cum
1595 5026 1754 5079 enixa
1778 5036 1914 5092 erat,
1945 5022 2049 5081 Ge;

473 5106 591 5145 nes.
622 5106 729 5144 xxx
754 5132 767 5155 ,
803 5092 915 5144 20:
954 5092 1158 5145 Bonam
1235 5096 1491 5148 ortionem
1531 5096 1757 5165 largitus
1791 5108 1867 5151 est
1920 5099 2050 5151 mihi

476 5161 613 5215 Deus
645 5178 663 5215 :
684 5162 845 5214 etiam
874 5163 970 5215 hac
994 5164 1099 5215 vice
1122 5112 1377 5215 Ιιαῖὶιαὺὶι
1408 5166 1634 5215 maritus
1652 5184 1793 5215 meus
1820 5185 2042 5215 mecum-

476 5161 613 5215 Deus
645 5178 663 5215 :
684 5162 845 5235 etiam
874 5163 970 5235 hac
994 5164 1099 5215 vice
1122 5161 1377 5217 habitabit
1408 5161 1634 5218 maritus
1652 5184 1793 5220 meus
1820 5185 2044 5235 mecum,

471 5248 531 5284 eo
561 5232 698 5300 quod
724 5234 993 5307 genuerint
1021 5235 1069 5286 ei
1099 5250 1190 5307 sea:
1212 5235 1352 5304 ﬁlios
1385 5250 1402 5286 :
1440 5246 1487 5288 et
1521 5238 1720 5289 idcirco
1761 5232 2047 5307 appellavit

470 5299 796 5375 "omnem
820 5299 1078 5357 Zabulon.
1098 5299 1333 5360 Consule
1363 5307 1685 5375 interpretes
1714 5308 1768 5362 in
1797 5299 1949 5364 'lt'unc
1974 5311 2048 5363 lo-

473 5373 1065 5509 cugéilqbo’xézao'a.
1114 5444 1461 5501 Ἑϐεϐαίωσα.
1493 5450 1572 5503 In.

567 5446 654 5509 59)
703 5446 1065 5497 Ἐσκέπασα.
1114 5446 1461 5501 Ἐϐεϐαίωσα.
1493 5450 1572 5503 In.

544 5446 654 5583 ire)
691 5512 1087 5593 ζςαὶιξξιλιξιον
1117 5519 1316 5570 πολλὰ
1348 5518 1417 5593 ἐν
1447 5519 1673 5593 ,κρυφῇ
1706 5520 2047 5593 ἐφοϐούμην

473 5582 582 5667 τὰρ
608 5582 767 5648 τούξ.
815 5582 949 5634 Ἀλλ’
976 5584 1189 5639 ἔκλαιον
1216 5592 1396 5660 κρυφῆ
1434 5582 1648 5662 saepe;
1688 5582 1886 5658 πόλλάς
1922 5582 2049 5667 ῖπέρι

506 5655 705 5723 Ιωσήφ·
736 5653 829 5723 καὶ
854 5654 1164 5723 ἐφοϐούμην
1190 5658 1334 5721 τούς.
1364 5645 1441 5713 in.

544 5671 705 5723 υσηφ·
736 5671 829 5706 και
854 5671 1164 5727 εφοοουμην
1190 5671 1334 5721 τους.
1365 5671 1441 5713 ιο.

544 5724 657 5794 (Η)
702 5722 813 5790 Τῆς
842 5724 1030 5795 τιμῆς.
1065 5728 1137 5779 Τὸ
1162 5728 1393 5800 τίμημα.
1428 5734 1502 5789 lo.

2159 3190 2271 3243 λεῖν
2294 3189 2478 3255 αὐτὸν,
2522 3189 2828 3258 κατέφυγεν
2868 3188 3042 3241 ὀπίσω
3092 3205 3214 3258 μου,
3251 3187 3507 3258 δεόμενος
3555 3189 3761 3242 αὐτῶν.

2173 3279 2435 3342 Ἀναστὰς
2464 3279 2521 3332 δὲ
2555 3279 2799 3349 Ῥουϐὴμ
2828 3274 3004 3331 εἶπενο
3046 3297 3066 3329 ι
3102 3278 3367 3348 Ἀδελφοί,
3398 3280 3477 3351 μὴ
3502 3280 3763 3333 ἀποκτεί-

2158 3389 2338 3442 νωμεν
2366 3370 2552 3436 αὑτὸν,
2591 3370 2728 3423 ἀλλά
2767 3370 3017 3441 ῥίψωμεν
3050 3368 3211 3424 αὐτὸν
3244 3371 3327 3433 είς
3357 3371 3455 3423 ἕνα
3488 3371 3604 3425 τῶν
3642 3372 3765 3425 λάκ-

2158 3481 2269 3515 κων
2292 3461 2401 3515 τῶν
2428 3461 2611 3534 ξηρῶν
2632 3460 2859 3527 τούτων,
2887 3456 2962 3515 ὧν
2980 3460 3195 3533 ὤρυξαν
3221 3465 3267 3515 οἱ
3307 3464 3551 3534 πατέρες
3582 3463 3758 3533 ἡμῶν,

2157 3553 2253 3605 xui.
2285 3553 2384 3622 οὐχ
2417 3544 2575 3624 εὗρον
2599 3550 2795 3623 ὕδωρ.»
2821 3550 3057 3633 Διάχάρ
3089 3551 3246 3608 τοῦτο
3278 3552 3525 3606 ἐκώλυσε
3555 3555 3759 3627 Κύριος

2157 3642 2302 3715 ὕδωρ
2344 3642 2613 3713 ἀναϐῆναι
2661 3643 2719 3695 ὲν
2757 3642 2978 3707 αὐτοῖς,
3015 3643 3101 3696 ἵνα
3136 3644 3363 3714 γένηται
3401 3648 3759 3719 περιποίηπς

2153 3735 2231 3806 τῷ
2247 3737 2467 3806 Ἰωσήφ.
2504 3737 2614 3789 Kui.
2648 3734 2872 3805 ἐποίησε
2899 3735 3102 3807 Κύριος
3135 3735 3326 3801 οὕτως,
3352 3736 3463 3801 ἓως
3496 3733 3560 3792 οὗ
3599 3737 3757 3792 αὑτὸν

2152 3831 2266 3893 τοῖς
2316 3827 2691 3899 Ἱσμαηλίταις
2725 3824 3038 3897 ὲπώλησαν.

2221 3944 2294 3997 Γ¹.
2342 3964 2361 3995 ί
2384 3944 2493 3998 Καὶ
2531 3944 2639 4015 γὰρ
2662 3943 2768 4013 ’τῆς
2798 3944 2964 4014 τιμῆς
2981 3942 3092 4015 (Il)
3118 3944 3211 3997 τοῦ
3256 3945 3460 4014 Ἰωσὴφ
3508 3944 3630 4015 ἐγὼ
3657 3948 3755 4002 οὐκ

2152 4036 2507 4108 ἐκοινώνησα,
2563 4038 2750 4100 τέκνα,
2800 4036 2936 4090 ἀλλά
2984 4037 3232 4107 Συμεὼν,
3270 4040 3364 4091 xui.
3413 4039 3549 4102 Γὰδ,
3586 4044 3681 4095 καὶ
3708 4044 3751 4096 οί

2152 4129 2369 4198 ἀδελφοὶ
2402 4128 2460 4195 ἒξ
2502 4128 2616 4199 (45)
2649 4128 2797 4181 ἄλλοι
2836 4127 2993 4199 ἡμῶν
3028 4128 3281 4192 λαϐόντες
3310 4130 3411 4200 τὴν
3456 4133 3636 4203 τιμὴν
3664 4132 3750 4185 τοῦ

2169 4219 2389 4291 Ἰωσὴφ,
2437 4219 2769 4291 ὲπριάσαντο
2812 4219 3137 4289 ὑποδήματα
3192 4221 3439 4283 ἑαυτοῖς,
3491 4224 3591 4275 xui.
3640 4226 3749 4287 ταῖς

2150 4312 2393 4382 γυναιξὶν
2437 4312 2641 4376 αὐτῶν,
2679 4315 2775 4367 xui.
2820 4316 2934 4377 τοῖς
2975 4314 3189 4377 τέκνοις
3225 4312 3427 4378 αὐτῶν,
3472 4316 3743 4380 εἰπόντες·

2157 4425 2174 4456 ι
2191 4407 2313 4459 Ὅτι
2340 4405 2472 4475 τιμὴ
2506 4404 2738 4475 αἵματός
2756 4406 2904 4458 ἐστιν
2926 4405 3156 4475 ἀδελφοῦ
3357 4403 3526 4477 αὕτη,
3552 4408 3616 4461 οὗ
3653 4427 3743 4477 φα·

2152 4493 2376 4565 γώμεθα
2410 4496 2601 4565 αὐτὴν,
2651 4495 2785 4549 ἀλλά
2828 4497 3210 4567 καταπατήσει
3261 4499 3743 4568 καταπατήσωμεν

2151 4584 2340 4654 αὐτὴν,
2384 4583 2500 4637 ἀνθ’
2543 4578 2619 4637 ὧν
2658 4581 2780 4636 εἶπε
2813 4583 3118 4653 βασιλεύειν
3157 4583 3265 4655 (44)
3310 4585 3395 4654 ἐφ’
3432 4588 3587 4656 ἡμᾶς
3610 4604 3623 4617 ·
3661 4588 3741 4640 xui

2154 4674 2370 4744 ἴδωμεν,
2390 4674 2443 4727 τί
2466 4675 2583 4727 ἐστι
2604 4674 2674 4728 τὰ
2698 4674 2925 4727 ἐνύπνια
2947 4674 3136 4728 αὐτοῦ.
3153 4673 3454 4759 »Διάέεοῦτο
3481 4678 3540 4728 ὲν
3561 4682 3738 4749 γραφῇ

2150 4764 2318 4838 νόμου
2369 4765 2539 4837 Ἑνὼχ
2563 4766 2868 4857 γέχρρπεαι
2894 4766 3027 4838 (45),
3050 4767 3140 4819 τὸν
3168 4768 3243 4839 μὴ
3266 4766 3496 4821 Θέλοντα
3524 4771 3738 4842 σπέρμα

2227 4898 2343 4984 (ἃ)
2374 4900 2794 4957 Communicavt.
2829 4903 2885 4957 Id
2912 4912 2995 4957 est
3025 4903 3231 4958 nullam
3255 4913 3475 4974 partem
3505 4907 3630 4978 ejus
3654 4924 3737 4964 ac-

2150 4972 2661 5114 θθῗξξῖθίέιδελφοι
2696 5042 2783 5107 ἒξ.
2824 5042 2921 5107 Ἓξ
2952 5043 3189 5114 ἀδελφοί.
3230 5043 3304 5114 1n.

2245 5111 2334 5185 ᾴέ)
2376 5114 2752 5185 Βασιλεύερι.
2784 5114 2907 5185 ’Ὁτι
2940 5111 3267 5185 βασιλεύσει,
3297 5112 3374 5169 In.

2244 5180 2333 5253 45)
2380 5183 2486 5236 Ἔν
2513 5180 2711 5252 γραφῇ
2749 5180 2950 5253 νόμον⁷
2979 5184 3169 5252 Ἑνὼχ
3201 5184 3548 5253 τέπφαπται.
3592 5185 3730 5241 Idem

2150 5254 2349 5324 legitur
2394 5253 2799 5306 Deutcronomii
2848 5255 3031 5321 xxv,7
3076 5270 3192 5320 seq.
3242 5270 3305 5309 ac
3354 5258 3590 5324 proinde
3640 5275 3731 5312 nn-

2150 5323 2320 5398 tanda
2344 5324 2725 5398 convenientia
2756 5323 2899 5398 inter
2935 5323 3366 5398 legem_Moysis,i
3382 5336 3438 5380 et
3468 5343 3594 5381 eam
3620 5344 3729 5398 qua:

2150 5391 2378 5466 Enocho
2421 5394 2653 5466 auctori
2676 5396 2908 5466 ascripta
2941 5391 3045 5466 es't_.
3089 5391 3361 5449 Caeterum
3394 5399 3545 5466 quod
3576 5391 3727 5452 Chri-

2151 5473 2268 5517 stus
2297 5464 2363 5517 de
2398 5463 2836 5519 circumcisione
2857 5465 2995 5519 dixit
3018 5463 3175 5520 Ioan.
3203 5481 3301 5525 vn,
3330 5463 3428 5529 22,
3458 5484 3586 5522 eam
3628 5484 3723 5521 non

2150 5548 2217 5586 ex
2249 5531 2455 5604 Moyse,
2510 5534 2607 5607 sed
2649 5550 2715 5607 ex
2748 5536 3009 5607 patribus
3051 5550 3193 5603 esse,
3245 5536 3297 5589 id
3349 5537 3417 5591 de
3462 5550 3723 5607 praecepto

2149 5602 2367 5671 quoque
2406 5605 2708 5659 suscitandi
2743 5602 2897 5659 fratri
2930 5607 3159 5661 seminis
3196 5621 3385 5659 verum
3425 5602 3551 5663 esse
3589 5602 3721 5664 colli-

2150 5674 2295 5745 gitur
2335 5689 2400 5727 ex
2424 5673 2620 5728 Genes.
2656 5691 2891 5745 xxxvttt,
2924 5677 2991 5741 9;
3040 5678 3283 5745 adeoque
3334 5693 3439 5731 nec
3468 5693 3601 5732 vero
3649 5687 3722 5731 est

2152 5744 2401 5799 absitnile
2440 5745 2605 5799 ritum
2652 5744 2819 5801 calcei
2865 5744 3279 5803 detrahendi’et
3321 5748 3632 5819 exspucndi
3673 5750 3719 5800 in

2223 5042 2243 5253 ἑ
