3830 6216
92 300 246 358 1095

1212 286 1733 356 TESTAMENTUM
1774 294 2116 357 ZABULON.

3223 304 3364 365 1094

90 414 406 485 ἀναστῆσαι
442 411 520 483 τῷ
556 408 769 481 ἀδελφῷ
798 408 984 474 αὐτοῦ,
1019 411 1450 483 ὑπολυθήσεσθαι
1476 412 1585 485 (46)
1613 414 1674 467 τὸ

1788 432 1959 473 semen
2010 415 2165 471 fratri
2233 426 2372 481 suo,
2421 410 2740 472 solvendum
2784 417 3255 486 'calceamentum,
3307 434 3363 478 et

89 507 373 577 ὑπόδημα,
414 507 509 558 καὶ
545 504 882 575 ἐμπτύεσθαι
926 507 1005 569 είς
1045 504 1107 556 τὸ
1150 504 1458 575 πρόσωπον.
1494 505 1604 558 Kal
1632 506 1682 557 οἱ

86 599 320 666 ἀδελφοὶ
363 598 560 668 Ἰωσὴφ
590 598 692 650 οὐκ
722 597 995 667 ἠθέλησαν
1026 598 1104 659 εἰς
1134 596 1244 667 (47)
1277 595 1422 669 ζωὴν
1450 594 1681 666 ἀδελφοῦ

89 690 282 744 αὐτῶν
303 708 315 720 ⁸
348 692 444 743 καὶ
458 689 663 761 Κύριος
695 688 961 742 ύπέλυσεν
991 691 1173 752 αὐτοῖς
1201 690 1263 741 τὸ
1292 690 1543 760 ὑπόδημα
1570 691 1683 744 Ἰω-

93 786 205 854 σήφ
243 783 377 853 (48).
406 783 516 836 Kal
547 782 656 854 γὰρ
683 781 925 845 ἐλθόντες
953 784 1011 835 ἐν
1033 781 1312 852 Αἰγύπτῳ,
1338 781 1681 852 ύπελύθησαν

92 876 202 928 ὑπὸ
242 875 356 927 τῶν
406 874 607 927 παίδων
666 874 884 943 Ἰωσὴφ,
916 872 1058 926 κατὰ
1098 873 1190 926 τὸν
1235 871 1403 925 τύπον
1441 872 1534 925 τοῦ
1577 874 1684 926 Φα-

96 965 212 1037 ραώ
451 965 525 1019 Ού
573 964 731 1036 μόνον
779 964 837 1018 δὲ
879 963 1291 1036 προσεκύνησαν
1335 964 1502 1035 αὐτῷ,
1547 963 1683 1017 ἀλλὰ

92 1062 189 1113 καὶ
223 1057 655 1129 ἐνεπτύσθησαν,
699 1059 1039 1130 παραχρῆμα
1079 1059 1334 1121 πεσόντες
1376 1056 1681 1128 ἔμπροσθεν

93 1151 265 1204 αὑτοῦ
290 1168 303 1181 ·
337 1153 432 1205 καὶ
459 1150 632 1213 οὕτως
658 1151 1003 1222 ᾐσχύνθησαν
1048 1148 1357 1221 ἔμπροσθεν
1389 1148 1498 1201 τῶν
1519 1148 1683 1216 Αἰγυ-

93 1243 295 1296 πτίων.
321 1242 475 1296 Μετὰ
496 1242 667 1295 ταῦτα
696 1242 803 1312 γὰρ
841 1244 1079 1312 ἥκουσαν
1116 1243 1166 1294 οἱ
1190 1240 1476 1309 Αἰγύπτιοι
1509 1240 1683 1293 πάντα

92 1335 161 1387 τὰ
190 1334 345 1387 κακὰ
383 1334 419 1387 ἃ
448 1335 787 1405 ἐποιήσαμεν
817 1333 896 1404 τῷ
935 1334 1151 1405 Ἰωσήφ.

164 1430 240 1478 A'.
312 1443 332 1477 ‹
374 1425 527 1479 Μετὰ
569 1424 740 1479 ταῦτα
785 1424 974 1479 ἔϐαλον
1019 1424 1219 1479 ἐσθίειν
1269 1427 1487 1479 ἐκεῖνοι.
1543 1422 1682 1493 Ἐγὼ

94 1521 205 1591 γὰρ
255 1518 354 1571 δύο
402 1517 614 1588 ἡμέρας
666 1518 761 1571 καὶ
805 1517 899 1570 δύο
945 1515 1144 1578 νύκτας
1191 1516 1292 1569 οὐκ
1345 1515 1679 1586 ἐγευσάμην,

96 1608 601 1681 σπλαηνιζὸμενος
646 1610 740 1662 ἐπὶ
779 1608 997 1678 Ἰωσήφ.
1046 1609 1153 1662 Kal
1198 1605 1400 1669 Ἰούδας
1433 1605 1494 1659 οὐ
1531 1604 1684 1658 συνέ-

96 1718 313 1773 τρωγεν
344 1701 527 1763 αὐτοῖς
549 1715 563 1729 ο
597 1701 851 1771 προσεῖχε
880 1698 936 1753 δέ
956 1696 1034 1767 τῷ
1063 1697 1273 1768 λάκκῳ,
1300 1697 1381 1749 ὅτι
1416 1694 1678 1764 ἐφοϐεῖτο,

208 1793 663 1863 ἀποπηδήσαντες
699 1789 922 1860 Συμεὼν
951 1790 1047 1843 καὶ
1070 1786 1178 1845 Γὰδ
1209 1788 1468 1841 ἀνέλωσιν
1498 1786 1677 1839 αὐτόν.
1712 1771 1756 1825 Β

97 1886 207 1937 Kal
253 1885 492 1955 ὁρῶντες
530 1884 674 1954 κάμέ
724 1883 797 1954 μὴ
842 1882 1119 1943 ἐσθίοντα,
1165 1879 1345 1933 ἐθεντό
1383 1897 1451 1950 με
1494 1882 1681 1950 τηρεῖν

96 1974 285 2038 αὐτὸν,
340 1975 445 2038 ἕως
497 1969 558 2029 οὗ
598 1974 832 2046 ἐπράθη.
894 1973 1144 2044 Ἐποίησε
1184 1972 1241 2025 δέ
1283 1974 1340 2026 ἐν
1376 1971 1457 2042 τῷ
1496 1972 1683 2042 λάκκῳ

96 2068 248 2135 τρεῖς
294 2065 509 2136 ἡμέρας
552 2064 646 2117 κα).
666 2067 815 2136 τρεῖς
855 2063 1074 2127 νύκτας,
1119 2063 1213 2116 καὶ
1258 2062 1430 2125 οὕτως
1467 2063 1678 2135 ἐπράθη

97 2152 309 2216 ἄσιτος.
351 2154 461 2207 Kal
499 2154 737 2218 ἀκούσας
780 2155 1039 2226 Ῥουόὴμ,
1085 2156 1166 2208 ὅτι
1198 2156 1412 2228 ἐπράθη
1454 2158 1682 2221 ἀπόντος

97 2246 291 2313 αὐτοῦ,
324 2249 777 2319 περισχισάμενος
806 2247 1042 2318 ἐθρήνει,
1074 2248 1267 2316 λέγων’
1337 2250 1462 2313 Πῶς
1480 2250 1680 2321 ὂψομαι

96 2340 156 2392 τὸ
201 2338 496 2413 πρόσωπον
553 2338 746 2392 Ἰακὼὸ
773 2338 867 2392 τοῦ
916 2339 1120 2411 πατρός
1174 2358 1315 2411 μου;
1346 2341 1455 2394 Kal
1501 2341 1683 2397 λαϐὼν

98 2429 156 2481 τὸ
196 2429 489 2501 ἀργύριον,
538 2430 848 2502 κατέδραμε
904 2429 1015 2501 (51)
1070 2433 1181 2492 τοῖς
1238 2431 1538 2502 ἐμπόροις,
1588 2436 1682 2487 καὶ

100 2519 251 2573 οὐδὲν
281 2519 398 2591 (52)
449 2512 637 2591 εὗρεν·
687 2520 914 2590 ἀφέντες
945 2520 1052 2591 γὰρ
1077 2523 1174 2592 τὴν
1213 2522 1328 2575 ὁδὸν
1372 2524 1471 2594 τὴν
1516 2526 1684 2594 μεγά-

100 2610 219 2681 λην,
268 2612 649 2683 ἐπορεύθησαν
693 2612 782 2665 διά
824 2612 1323 2683 τρωγλοκολπητῶν
1357 2612 1469 2684 (53)
1516 2616 1573 2667 ἐν
1614 2618 1679 2686 τῇ

102 2703 360 2774 συντόμῳ
380 2720 393 2733 ’
430 2705 524 2757 καὶ
555 2704 656 2756 οὐκ
698 2704 866 2772 ἔφαγε
911 2704 1150 2774 Ῥουϐὴμ
1192 2704 1301 2775 (54)
1334 2706 1494 2777 ἄρτον
1526 2706 1583 2759 ἐν
1614 2709 1680 2777 τῇ

106 2794 295 2865 ἡμέρᾳ
347 2794 552 2868 ἐκείνῃ.
596 2793 915 2865 Προσελθὼν
959 2791 1051 2847 οὖν
1095 2796 1123 2847 ὁ
1167 2793 1273 2847 Δάν
1316 2790 1467 2848 εἶπεν
1511 2796 1679 2867 αύτῷ·

108 2890 228 2960 «Μὴ
264 2888 445 2953 κλαῖε,
491 2890 627 2961 μηδὲ
681 2889 897 2944 πένθει’
932 2884 1087 2960 εὖρον
1123 2888 1231 2961 γὰρ
1256 2890 1308 2941 τί
1333 2889 1574 2963 εἴπωμεν
1605 2890 1683 2963 τῷ

103 2984 273 3054 πατρὶ
314 2985 466 3054 ήμῶν
512 2983 724 3038 Ἰακώϐ.
762 2983 1006 3055 Θύσομεν
1045 2984 1156 3055 (55)
1191 2984 1457 3056 χίμαρῥον
1489 2986 1679 3055 αἰγῶν,

103 3075 195 3125 καὶ
239 3073 564 3146 ἐμϐάψομεν
614 3074 706 3128 τὸν
754 3074 958 3145 χιτῶνα
1016 3071 1233 3144 Ἰωσὴφ,
1281 3076 1381 3170 καὶ
1415 3076 1678 3148 ἐροῦμεν·
1708 3111 1750 3170 c

114 3164 435 3234 Ἑπίγνωθι,
477 3166 525 3218 εἰ
553 3165 717 3236 χιτὼν
748 3166 843 3219 τοῦ
876 3164 995 3218 υίοῦ
1021 3164 1114 3217 σού
1150 3166 1297 3218 ἐστιν
1325 3159 1477 3230 οὗτος
1496 3165 1628 3239 (56)
1656 3188 1675 3221 ι

101 3257 189 3310 τὸν
218 3255 336 3327 γὰρ
371 3255 572 3326 χιτῶνα
601 3255 696 3310 τοῦ
727 3256 931 3328 πατρὸς
963 3254 1119 3327 ἡμῶν
1151 3254 1403 3321 ἐξέδυσαν
1438 3258 1530 3312 τὸν
1573 3260 1683 3311 Ἰω-

106 3347 210 3419 σὴφ
241 3350 308 3401 ἐν
334 3348 413 3418 τῷ
447 3348 659 3419 μέλλειν
699 3350 1032 3419 πιπράσκειν
1064 3347 1247 3411 αὐτὸν,
1293 3350 1387 3402 καὶ
1428 3350 1681 3405 ἐνέδυσαν

106 3439 265 3491 αὑτὸν
320 3439 529 3510 ἱμάτιον
575 3440 803 3493 παλαιὸν
843 3439 1050 3492 δούλου.
1086 3436 1189 3493 Τὸν
1226 3442 1283 3495 δὲ
1322 3442 1529 3512 χιτῶνα
1569 3438 1682 3511 εἶχε

103 3527 356 3599 Συμεὼν,
389 3530 483 3581 καὶ
509 3530 608 3583 οὐκ
637 3530 793 3601 ἤθελε
821 3532 1001 3585 δοῦναι
1032 3534 1211 3599 αὑτὸν,
1241 3534 1408 3588 θέλων
1439 3537 1505 3606 τῇ
1548 3536 1682 3605 ῥομ-

106 3621 239 3691 φαίᾳ
263 3620 431 3673 αὐτοῦ
452 3622 755 3692 κατακόψαι
778 3624 958 3687 αὑτὸν,
990 3626 1363 3698 ὀργιζόμενος,
1391 3628 1473 3681 ὅτι
1498 3625 1679 3697 ἔζησε,

106 3713 197 3765 καὶ
232 3713 339 3766 οὐκ
381 3713 585 3766 ἀνεῖλεν
635 3715 815 3769 αὐτόν.
868 3716 1220 3782 Ἀναστάντες
1265 3719 1321 3772 δέ
1366 3722 1485 3773 κατ’
1518 3717 1681 3772 αὐτοῦ

106 3805 313 3867 πάντες
354 3804 512 3867 ὁμοῦ,
543 3804 767 3876 εἴπομεν
791 3824 804 3836 ·
832 3826 850 3858 ‹
878 3808 1000 3860 Ὅτι
1036 3809 1129 3862 ἐὰν
1173 3811 1245 3880 μὴ
1281 3809 1405 3881 δῷς,
1428 3809 1680 3881 ἐροῦμεν,

105 3891 185 3942 ὅτι
217 3893 286 3943 σὺ
325 3898 483 3961 μόνος
506 3892 764 3963 ἐποίησας
798 3893 858 3945 τὸ
891 3896 1124 3967 πονηρὸν
1155 3899 1211 3949 ἐν
1250 3898 1463 3969 Ἰσραήλ
1491 3896 1623 3967 (57).
1657 3915 1677 3947 ι

106 3982 215 4034 Καὶ
240 3980 417 4047 οὕτως
444 3982 655 4036 δίδωσιν
682 3985 867 4051 αὑτὸν,
889 3988 982 4040 καὶ
1013 3989 1294 4058 ἐποίησαν,
1319 3988 1501 4053 καθὼς
1529 3985 1681 4042 εἶπεν

105 4074 133 4125 ὁ
154 4073 284 4129 Δάν.

177 4170 253 4223 E'.
315 4189 333 4219 ι
364 4170 473 4222 Kal
503 4168 618 4233 νῦν,
660 4169 831 4222 τέκνα
870 4187 1006 4240 μου,
1052 4172 1367 4241 ἀναγγέλλω
1412 4172 1539 4242 ὑμῖν
1585 4171 1679 4224 τοῦ

106 4259 405 4328 φυλάσσειν
439 4259 538 4324 τὰς
569 4260 786 4323 ἐντολὰς
816 4261 1049 4332 Κυρίου,
1078 4264 1173 4315 καὶ
1204 4266 1373 4316 ποιεῖν
1404 4262 1550 4326 ἕλεος
1588 4264 1681 4316 ἐπὶ

105 4348 196 4403 τὸν
228 4351 476 4421 πλησίον,
520 4353 615 4405 καὶ
650 4353 1047 4423 εὐσπλαγχνίαν
1086 4354 1228 4424 ἔχειν
1274 4354 1408 4425 πρὸς
1453 4357 1677 4421 πάντας,

1783 507 2195 577 conspuendum
2250 507 2304 561 in
2349 505 2567 561 faciem.
2634 506 2700 561 Et
2750 505 2947 563 fratres
3005 507 3207 578 .loseph
3249 526 3359 568 non

1784 600 2069 653 voluerunt
2100 598 2265 651 vitam
2316 595 2504 652 fratris
2538 612 2727 651 eorum
2758 616 2771 652 :
2806 607 2861 651 et
2897 597 3164 655 Dominus
3198 600 3363 657 solvit

1782 690 1861 744 eis
1896 691 2330 745 caleeamentum
2389 689 2612 760 Joseph.
2673 691 2886 745 Etenim
2955 694 3235 750 venientes
3301 696 3359 751 in

1783 779 2077 853 (Egyptum
2101 824 2116 849 ,
2165 781 2329 837 soluti
2369 792 2499 837 sunt
2539 799 2569 837 a
2599 783 2785 853 pueris
2809 782 3011 853 Joseph
3062 794 3188 855 ante
3235 801 3363 856 por—

1781 870 2064 945 tam(49),
2112 884 2167 930 et
2218 876 2291 930 ita
2342 875 2714 930 adoraverunt
2761 874 2999 945 Joseph,
3058 879 3361 934 secundum

1782 980 1972 1043 typum
2005 971 2333 1025 Pharaonis.
2381 969 2501 1025 Non
2536 972 2714 1026 solum
2763 980 2944 1025 autem
2996 973 3365 1029 adoraverunt

1780 1079 1933 1127 eum,
1964 1065 2059 1119 sed
2093 1064 2259 1118 etiam
2292 1065 2545 1135 consputi
2574 1074 2722 1131 sunt,
2755 1066 3042 1121 confestim
3076 1068 3364 1136 prociden-
3430 1073 3432 1077 '

1783 1165 1864 1211 tes
1898 1171 2081 1210 coram
2116 1170 2182 1211 eo
2211 1174 2224 1210 :
2258 1164 2311 1210 et
2343 1156 2423 1211 sic
2453 1156 2669 1211 confusi
2706 1165 2834 1211 sunt
2861 1173 3045 1212 coram
3068 1156 3360 1228 Egyptiis.

1783 1246 1912 1300 Post
1946 1246 2062 1301 haec
2086 1246 2233 1301 enim
2262 1245 2554 1300 audierunt
2580 1244 2823 1317 Egyptii
2854 1245 3037 1300 omnia
3070 1247 3213 1299 mala
3240 1260 3366 1316 qua

1782 1338 2016 1394 fecimus
2047 1338 2273 1409 Joseph.

1852 1430 1941 1486 IV.
1967 1450 1985 1483 ι
2016 1431 2149 1486 Post
2187 1432 2303 1486 haec
2353 1440 2724 1502 apposuerunt
2763 1430 2839 1484 illi
2868 1428 3111 1503 (fratres)
3151 1432 3360 1500 cibum,

1780 1532 1843 1579 ut
1884 1524 2251 1578 comederent.
2309 1522 2421 1593 Ego
2468 1524 2613 1577 enim
2657 1539 2756 1593 per
2796 1523 2936 1578 duos
2969 1523 3086 1579 dies
3128 1532 3183 1577 et
3223 1524 3366 1580 duas

1781 1630 1972 1675 noctes
2006 1635 2115 1673 non
2152 1618 2365 1688 gustavi
2399 1618 2654 1689 (cibum),
2700 1618 2992 1671 miseratus
3023 1616 3248 1687 Joseph.
3297 1617 3366 1672 Et

1781 1713 1950 1769 Judas
2008 1728 2118 1767 non
2159 1712 2396 1766 comedit
2448 1727 2575 1766 cum
2626 1712 2747 1777 eis;
2809 1710 3125 1764 intendebat
3178 1722 3363 1766 autem

1784 1807 1838 1859 in
1868 1806 2070 1869 lacum,
2113 1803 2372 1873 quoniam
2413 1802 2658 1868 timebat,
2706 1816 2775 1854 ne
2801 1800 3106 1855 resilientes
3140 1800 3364 1855 Simeon

1783 1907 1837 1951 et
1859 1895 1972 1950 Gad
1998 1894 2368 1949 interﬁcerent
2393 1906 2541 1946 eum.
2570 1890 2637 1945 Et
2661 1891 2908 1946 videntes
2934 1905 3022 1945 me
3050 1906 3158 1944 non
3182 1904 3366 1945 come-

1783 1987 2022 2050 dentem,
2061 1991 2369 2055 posuerunt
2400 1997 2488 2035 me
2535 1982 2815 2036 custodire
2846 1981 3047 2050 ipsum,
3080 1991 3367 2050 quousque

1782 2077 2034 2131 venditus
2079 2088 2183 2131 est.
2220 2075 2343 2129 Fuit
2376 2083 2557 2127 autem
2604 2074 2658 2126 in
2702 2073 2823 2127 lacu
2859 2082 2971 2129 tres
3016 2073 3133 2128 dies
3173 2082 3227 2127 et
3258 2081 3369 2126 tres

1783 2179 2005 2235 noctes,
2050 2176 2103 2223 ct
2150 2169 2222 2222 ita
2264 2167 2515 2221 venditus
2562 2174 2647 2219 est
2690 2166 2981 2234 impastus.
3034 2163 3102 2218 Et
3137 2165 3369 2219 audiens

1782 2260 1998 2326 Ruben,
2044 2262 2189 2331 quod
2231 2260 2484 2315 venditus
2528 2268 2675 2315 esset
2723 2260 2950 2312 absente
2995 2272 3081 2322 eo,
3126 2255 3369 2311 circum-

1785 2355 1991 2410 scissus
2027 2353 2295 2423 plorabat,
2341 2352 2530 2406 dicens
2560 2370 2573 2405 :
2616 2348 2905 2417 Quomodo
2937 2348 3129 2403 videbo
3166 2348 3363 2403 faciem

1782 2446 1953 2501 Jacob
1978 2447 2149 2517 patris
2178 2446 2327 2499 mei?
2376 2445 2442 2499 Et
2477 2445 2751 2514 accipiens
2794 2449 3077 2513 argentum
3123 2443 3370 2497 cucurrit

1783 2540 1851 2595 ad
1896 2548 2253 2601 mercatores,
2301 2546 2354 2591 et
2386 2538 2661 2591 neminem
2712 2536 2919 2590 invenit
2967 2552 2981 2589 :
3030 2534 3371 2589 dimittentes

1783 2634 1927 2687 enim
1979 2634 2121 2686 viam
2173 2646 2462 2702 magnam,
2512 2609 2931 2684 ambulaverunt
2994 2644 3089 2698 per
3144 2641 3370 2697 asperos

1784 2719 1939 2774 sinus
1974 2719 2028 2773 in
2059 2720 2145 2772 via
2182 2720 2631 2788 compendiaria:
2665 2728 2719 2774 et
2761 2734 2869 2774 non
2914 2718 3151 2773 comedit
3174 2710 3368 2772 Ruben

1783 2826 1978 2879 panem
2023 2811 2079 2864 in
2118 2812 2207 2866 die
2249 2812 2359 2865 illa.
2411 2812 2690 2867 Accedens
2737 2812 2904 2882 igitur
2944 2810 3058 2864 Dan
3099 2810 3238 2865 dixit
3277 2809 3365 2865 ei:

1791 2922 1813 2954 ι·
1839 2902 1916 2957 Ne
1952 2903 2102 2969 ﬂeas,
2137 2919 2314 2972 neque
2359 2905 2627 2969 tristeris;
2656 2903 2837 2957 inveni
2872 2902 3021 2955 enim
3053 2901 3184 2971 quid
3216 2903 3369 2957 dica-

1783 3010 1908 3049 mus
1934 2995 2073 3065 patri
2110 3004 2300 3050 nostro
2331 2995 2520 3050 Jacob.
2561 2994 2887 3049 Occidemus
2917 2994 3133 3047 hircum
3167 3008 3369 3063 capro-

1784 3102 1938 3154 rum,
1987 3095 2041 3141 et
2088 3088 2363 3157 tingemus
2415 3088 2655 3141 tunicam
2699 3085 2933 3156 Joseph,
2988 3095 3042 3139 et
3083 3086 3365 3139 dicemus:

1782 3176 2084 3248 Cognosce.
2114 3178 2160 3231 si
2194 3178 2377 3230 tunica
2426 3177 2519 3229 ﬁlii
2553 3177 2629 3229 tui
2673 3176 2743 3230 sit
2774 3176 2918 3241 ista;
2960 3192 2979 3225 ι
3006 3175 3188 3227 tunica
3218 3174 3368 3228 enim

1780 3271 1950 3342 patris
1984 3271 2156 3325 nostri
2182 3278 2453 3325 exuerunt
2480 3269 2706 3338 Ioseph,
2732 3284 2855 3323 cum
2881 3267 3153 3322 vendituri
3183 3274 3370 3321 essent

1781 3376 1928 3427 cum,
1964 3371 2019 3417 et
2059 3362 2356 3416 induerunt
2394 3376 2519 3415 eum
2562 3360 2949 3414 vestimentum
2997 3366 3152 3413 vetus
3196 3357 3364 3413 servi.

1783 3452 2046 3507 Tunicam
2072 3468 2207 3507 vero
2236 3453 2426 3506 habuit
2460 3451 2711 3517 Simeon,
2751 3460 2806 3505 et
2835 3450 3014 3505 noluit
3043 3450 3175 3505 dare
3216 3463 3362 3513 eam,

1780 3544 1970 3597 volens
2019 3541 2202 3612 gladio
2254 3558 2358 3597 suo
2410 3543 2721 3597 discindere
2772 3557 2936 3607 eam,
2994 3542 3165 3595 iratus
3219 3537 3367 3609 quod

1780 3634 2008 3698 viveret,
2036 3640 2089 3686 et
2124 3648 2231 3686 non
2269 3633 2562 3687 occidisset
2591 3648 2741 3686 eum.
2773 3632 3145 3702 Exsurgentes
3177 3638 3362 3684 autem

1783 3724 2047 3777 adversus
2078 3737 2203 3776 eum
2234 3737 2425 3777 omnes
2452 3721 2913 3777 simuldiximus:
2940 3739 2959 3773 ι
2987 3720 3144 3786 Quod
3178 3721 3223 3775 si
3254 3734 3366 3774 non

1782 3814 1901 3879 des,
1938 3814 2205 3879 dicemus,
2247 3814 2393 3883 quod
2432 3824 2490 3868 tu
2531 3814 2682 3868 solus
2718 3812 2897 3867 fecisti
2931 3812 3036 3866 hoc
3065 3812 3269 3865 malum
3307 3810 3367 3865 in

1782 3902 1969 3960 Israel.
2004 3922 2023 3955 ι
2054 3904 2120 3959 Et
2162 3905 2236 3959 ita
2263 3904 2411 3959 dedit
2441 3918 2593 3971 eam;
2634 3913 2689 3958 et
2733 3901 3013 3967 fecerunt,
3045 3902 3187 3956 sicut
3227 3900 3368 3955 dixit

1783 3995 1920 4051 Dan.

1862 4152 1923 4207 V.
1954 4174 1973 4207 ι
2003 4152 2070 4207 Εῑ
2104 4168 2270 4219 nunc,
2305 4152 2399 4207 ﬁlii
2428 4153 2566 4220 mei,
2610 4152 2877 4207 annuntio
2910 4152 3068 4206 vobis
3090 4150 3367 4206 custodire

1782 4250 2034 4308 mandata
2063 4246 2303 4312 Domini,
2334 4255 2387 4300 et
2437 4245 2616 4300 facere
2656 4245 3095 4299 misericordiam
3141 4243 3196 4297 in
3237 4255 3368 4312 pro-

1782 4345 2014 4406 ximum,
2046 4347 2100 4393 et
2132 4339 2343 4392 viscera
2387 4334 2889 4390 commiserationis
2933 4334 2997 4387 ad
3032 4347 3223 4387 omnes
3260 4332 3364 4385 ha-

108 4442 165 4495 οὐ
208 4444 370 4513 μόνον
415 4444 495 4507 εἰς
540 4421 1061 4515 ἀνθρώπους-ἀλλά
1097 4421 1190 4498 καὶ
1236 4421 1329 4509 εἰς-
1360 4446 1547 4515 ἄλογα.

1788 4435 1931 4498 bere,
1960 4447 2067 4486 non
2098 4430 2273 4484 solum
2303 4427 2370 4481 ad
2398 4427 2667 4488 homines,
2701 4424 2794 4479 sed
2823 4432 2876 4477 et
2900 4424 2964 4476 ad
3001 4421 3362 4478 irrationalia.

110 4511 220 4605 γὰρ
248 4532 424 4586 ταῦτα
464 4511 721 4603 εὐλόγησέ
774 4551 840 4603 με
888 4534 1113 4605 Κύριος,
1158 4535 1273 4598 καὶ,
1311 4511 1527 4588 πάντων

1788 4524 2012 4593 Propter
2065 4522 2182 4574 haec
2220 4518 2368 4573 enim
2411 4514 2693 4570 benedixit
2739 4514 2872 4566 mibi
2927 4511 3225 4574 Dominus,
3283 4518 3362 4575 et,

110 4627 351 4697 ἀδελφῶν
400 4644 499 4697 μου
540 4626 928 4691 ἀσθενούντων,
970 4625 1079 4695 ἐγὼ
1121 4628 1310 4691 ἄνοσος
1364 4627 1677 4698 παρῆλθον·

108 4716 212 4775 οἶδε
266 4723 376 4795 γὰρ
420 4722 622 4794 Κύριος
681 4722 910 4776 ἑκάστου
954 4723 1053 4793 τὴν
1100 4723 1435 4793 προαίρεσιν.
1488 4723 1680 4791 Ἔχετε

109 4811 201 4867 οὖν
246 4816 393 4877 ἕλεος
431 4816 488 4867 ἐν
526 4818 638 4877 τοῖς
673 4814 996 4884 σπλάγχνοις
1024 4814 1195 4883 ὑμῶν,
1230 4814 1395 4867 τέκνα
1437 4832 1558 4885 μου,
1598 4815 1679 4867 ὅτι

107 4907 179 4971 ὡς
220 4909 287 4962 ἄν
324 4925 407 4971 τις
449 4908 655 4981 ποιήσῃ
682 4907 762 4979 τῷ
798 4907 1020 4976 πλησίον
1059 4906 1258 4969 αὑτοῦ,
1303 4905 1475 4968 οὕτως
1516 4905 1611 4959 καὶ
1652 4907 1681 4958 ὁ

111 5020 313 5104 faciem.
344 5024 606 5104 ejus,__qui
642 5023 827 5104 fratris
869 5039 1069 5104 no_m_en
1107 5038 1422 5104 propagare.
1457 5037 1682 5104 recusa-

107 5095 268 5157 verit,
297 5092 409 5163 jam
448 5092 577 5148 olim
621 5095 882 5149 usitatum
931 5092 1133 5159 fuisse;
1181 5092 1320 5147 sicut
1355 5092 1459 5147 alia
1493 5094 1680 5145 excal-

109 5166 305 5227 ceatio,
351 5181 457 5235 qua
509 5166 850 5234 propinquus
894 5166 1046 5218 alteri
1106 5179 1206 5235 suo
1260 5164 1681 5235 cedebat,_mos

111 5232 382 5303 antiquus
409 5237 461 5288 in
495 5232 656 5289 [smel
687 5232 857 5289 fuisse
886 5235 1107 5297 dicitur,
1145 5234 1313 5288 lluth.
1348 5249 1422 5299 ιν,
1452 5234 1502 5287 7.
1529 5232 1605 5287 In.

201 5306 291 5375 46)
352 5306 892 5370 ’Υπολυθήσεσθαι.
948 5304 1341 5375 ’Υποδήσεσθαι
1380 5305 1539 5358 male.
1575 5306 1649 5358 In.

203 5375 294 5446 47)
332 5378 454 5441 Εἰς.
496 5377 794 5431 Omissum.
829 5375 906 5429 lo.

202 5443 293 5518 48)
345 5448 582 5518 Ἰωσήφ.
622 5449 685 5499 ’Ὀ
716 5448 979 5518 ἐφόρεσαν
1006 5444 1144 5499 κατὰ
1181 5444 1378 5515 Ἰωσὴφ
1401 5443 1495 5498 τοῦ
1529 5443 1681 5498 ἀδελ-

111 5517 212 5583 φοῦ
242 5518 440 5570 αὐτῶν.
478 5517 555 5571 In.

182 5586 294 5657 (49)
337 5586 576 5640 Portam.
601 5587 836 5652 Atrium,
868 5585 1089 5655 .losephi
1122 5586 1363 5651 scilicet;
1396 5584 1501 5640 hoc
1531 5585 1679 5640 enim

113 5672 216 5709 vox
242 5658 428 5711 πυλὼν
456 5659 699 5712 denotat.
727 5657 1016 5711 lo.—Vide
1042 5665 1225 5710 notam
1252 5666 1589 5725 sequentem.

182 5728 292 5799 (50)
328 5728 491 5784 Κατὰ
518 5728 625 5783 τὸν
652 5730 841 5783 τύπον
865 5727 969 5784 τοῦ
989 5727 1214 5797 Φαραώ.
1246 5727 1393 5783 Adde
1417 5742 1485 5782 ex.
1501 5725 1676 5784 Oxon.

1781 4615 2040 4670 omnibus
2094 4611 2360 4666 fratribus
2409 4609 2550 4663 meis
2601 4607 3036 4678 aegrotantibus,
3086 4620 3189 4675 ego
3243 4602 3366 4658 sine

1779 4707 2099 4778 aegritudine
2150 4703 2332 4770 evasi;
2366 4701 2517 4756 novit
2544 4700 2689 4755 enim
2714 4698 2978 4753 Dominus
3006 4697 3364 4766 uniuscujus-

1780 4816 1888 4871 que
1934 4798 2298 4869 propositum.
2370 4793 2575 4848 Habete
2630 4806 2760 4861 ergo
2814 4790 3247 4845 misericordiam
3302 4788 3363 4843 in

1779 4893 2084 4949 visceribus
2133 4887 2355 4955 vestris,
2405 4886 2503 4941 ﬁlii
2545 4885 2685 4951 mei,
2738 4885 3000 4955 quoniam
3046 4889 3107 4936 ut
3153 4880 3366 4950 aliquis

1780 5020 2097 5160 Ξὲπεῖοασὲξνρ
2132 5018 2225 5144 ἶὲῦ
2274 5017 2541 5083 πυλῶνος,
2584 5016 2678 5069 καὶ
2720 5014 2893 5078 οὓτως
2946 5009 3364 5084 προσεκύνησαν

1830 5146 1963 5282 ’(51)
2001 5146 2361 5282 Κάτέδραιμε.
2401 5158 2512 5245 Kal
2539 5152 2922 5235 καταδραμὼν.
2953 5151 3030 5207 In.
3192 5220 3205 5233 α
3313 5217 3327 5230 θ

1877 5233 1967 5282 52)
2009 5231 2216 5282 Οὐδέν.
2290 5240 2411 5282 orte
2439 5228 2648 5282 ουδένα.
2676 5241 2928 5282 quamvis
2955 5233 3008 5277 et
3033 5221 3327 5277 0x0n1ensn

1877 5221 1967 5298 52)
2009 5221 2216 5284 Οὺδένῖ.
2246 5221 2411 5284 Forte
2439 5228 2648 5298 οὐδένα,
2676 5221 2928 5298 quamvis
2955 5233 3008 5298 et
3033 5221 3365 5277 Oxoniensio

1782 5291 1960 5361 codex.
1982 5302 2175 5355 habeat
2207 5300 2379 5353 οὐδέν.
2416 5298 2517 5353 Ms.
2546 5291 2711 5350 Trin:
2732 5295 2937 5347 οὐδένα.
2961 5291 3042 5348 ιι).

1854 5374 1967 5445 (55)
2011 5369 2579 5445 Τρωγλοκρλπηζῷν.
2613 5364 3027 5445 Γξρωγλοδυτῶν.
3042 5361 3144 5445 .Ῑυ.

1781 5429 1967 5569 ϐήξὸέιὲ
2011 5429 2237 5511 "ligare
2282 5429 2560 5509 Ῥουόήμ.
2631 5429 2895 5506 Ἐφόρων,
2947 5435 3154 5490 omisso
3208 5429 3359 5483 Ῥου-

1861 5534 1915 5569 υ..
1967 5530 2020 5567 ι).

1906 5555 1915 5567 .
1945 5530 2020 5567 ID.

1818 5517 2299 5656 ήὲἰδῗόύσομενξ.
2320 5580 2596 5656 ’Μαχαίρςίι
2632 5579 2759 5656 add.
2794 5578 2870 5634 In.

2011 5642 2216 5719 Οὗτοξυ.
2255 5653 2394 5726 Add.
2423 5642 2822 5726 καξέποίησαν
2844 5642 3142 5726 wrong-ID.

1855 5712 1968 5799 (57)
2022 5725 2123 5781 Ἐν
2164 5712 2430 5796 Ἰσραήλ,
2496 5712 2753 5778 Ἐνώπιόν
2781 5718 3011 5791 Κυρίου.
3039 5712 3118 5770 In.
