3830 6216
442 276 580 333 1095
1322 266 1789 324 ἸἘΞΤΔΜΕΝΤΔ
1843 264 1934 321 XII

2202 264 2521 323 ARCHARU
2528 265 2597 320 Μ.
3558 259 3714 313 1996

441 391 606 447 faciet
628 389 879 461 proximo
906 402 1029 453 suo,
1052 386 1124 440 ita
1145 392 1199 440 et
1228 383 1491 438 Dominus
1519 383 1679 438 faciet
1708 382 1951 438 εἰειθηί

2202 401 2317 454 ριος
2359 386 2574 454 ποιήσει
2611 379 2777 451 αὐτῷ.
2801 378 2911 432 Καὶ
2932 377 3041 448 γὰρ
3072 376 3129 429 ὀί
3159 375 3267 429 υἱοὶ
3298 374 3405 429 τῶν
3440 373 3714 443 ἀδελφᾶδ

440 484 535 538 filii
568 482 797 536 fratrum
822 494 1068 535 meorum
1096 477 1461 546 aegrotabant,
1488 476 1862 529 moriebantur
1889 492 1949 545 pr

2204 492 2214 524 ›
2242 474 2520 542 ἠσθένουν,
2544 472 2887 542 ἀπέθνησκον
2910 470 2999 523 διὰ
3032 471 3248 541 Ἰωσὴφ,
3277 471 3356 523 ὅτι
3378 469 3481 521 οὑκ
3516 466 3716 535 ἐποίη·

439 586 557 645 pter
582 574 803 642 Joseph,
838 573 1096 642 quoniam
1142 586 1249 623 non
1292 568 1539 622 fecerunt
1578 569 1946 621 misericordia

2201 582 2213 616 ρ
2263 565 2407 628 ἕλεος
2460 566 2518 616 ἐν
2567 563 2896 633 σπλάγχνοις
2953 562 3162 615 αὑτῶν
3216 564 3264 614 oi
3314 561 3371 612 δὲ
3416 558 3531 612 υἱοί
3598 575 3713 628 μου

441 667 494 719 in
524 666 823 719 visceribus
861 664 1007 727 suis;
1040 662 1131 715 ﬁlii
1172 670 1350 714 autem
1391 658 1496 713 mei
1538 658 1655 713 sine
1691 660 1953 727 mgritudii

2200 673 2289 708 ,σοι
2326 655 2779 726 διεφυλάχθησαν,
2826 653 2901 716 ὡς
2945 652 3141 706 οἴδατε.
3189 654 3297 705 Καὶ
3333 654 3420 704 ὅτε
3455 652 3617 721 ἥμην
3649 653 3712 701 ἐν

440 758 695 811 custoditi
725 765 871 820 sunt,
919 756 1061 809 sicut
1104 752 1354 806 novistis.
1395 750 1459 804 Et
1496 751 1716 819 quando
1757 767 1906 804 eram

2240 748 2377 820 (58)
2436 747 2686 809 Χαναὰν,
2755 746 2834 807 είς
2898 744 3163 816 παράλιον
3226 744 3483 815 ἐθήρευον
3556 744 3710 814 θήρᾳ.

439 848 724 913 Chanaan,
755 850 808 901 in
842 848 1024 901 littore
1058 855 1283 899 venatus
1309 859 1428 897 sum
1455 843 1743 897 venatione
1774 841 1947 911 pisciu

2196 840 2311 892 κύων
2357 839 2481 909 (59)
2545 838 2738 892 Ἰακὼὸ
2788 838 2866 909 τῷ
2924 838 3093 908 πατρί
3146 855 3276 907 μου·
3332 838 3426 890 καὶ
3481 836 3708 889 πολλῶν

438 942 607 995 Jacoh
633 940 771 1010 patri
805 955 959 1001 meo;
992 947 1046 993 et
1076 938 1262 992 multis
1286 934 1565 991 suil‘ocatis
1613 935 1667 987 in
1709 934 1871 998 mari,
1908 950 1950 1003 ei

2110 930 2427 1000 ἀγχομένων
2450 931 2507 983 ἐν
2530 933 2595 1000 τῇ
2625 929 2891 1001 θαλάσσῃ,
2922 928 3033 996 ἐγὼ
3068 928 3307 999 ἀϐλαϐὴς
3331 928 3607 997 διέμεινα.

441 1036 644 1091 ἱιιωευε
674 1032 966 1101 permansi.

512 1127 601 1181 Vl.
627 1146 645 1179 ι
674 1126 890 1179 Primus
914 1140 1015 1193 ego
1046 1123 1147 1177 feci
1185 1123 1440 1191 scapham
1485 1122 1539 1175 in
1564 1120 1701 1175 mari
1728 1120 2007 1190 navigare,

2197 1136 2263 1193 ς’.
2321 1147 2339 1179 ι
2376 1127 2595 1198 Πρῶτος
2632 1127 2741 1196 ἐγὼ
2775 1128 3007 1198 ἐποίησα
3042 1129 3244 1196 σκάφος
3275 1126 3384 1197 (60)
3411 1128 3709 1180 ἐπιπλέειν

439 1222 699 1291 quoniam
725 1219 990 1272 Dominus
1018 1217 1163 1272 dedit
1189 1215 1321 1269 mihi
1356 1214 1684 1268 intellectum
1717 1224 1771 1266 et
1794 1213 1951 1281 sapic]

2206 1224 2272 1290 τῇ
2316 1220 2579 1293 θαλάσσῃ,
2628 1220 2710 1271 ὅτι
2744 1221 2947 1292 Κύριος
2989 1220 3156 1272 ἔδωκέ
3207 1238 3291 1290 μοι
3340 1220 3567 1273 σύνεσιν
3606 1222 3710 1273 καὶ

440 1316 572 1369 tiam
625 1315 679 1367 in
733 1313 850 1382 ipsa
895 1330 908 1364 :
960 1319 1013 1364 et
1061 1310 1254 1363 demisi
1296 1309 1499 1377 lignum
1548 1317 1669 1376 post
1710 1308 1909 1376 ipsam,

2195 1311 2305 1379 ρίαν
2338 1312 2394 1363 ἐν
2428 1311 2607 1380 αὑτῷ·
2652 1312 2746 1363 καὶ
2783 1310 3000 1378 καθῆκα
3037 1308 3193 1374 ξύλον
3235 1310 3455 1362 δπισθεν
3505 1310 3707 1369 αὑτοῦ,

439 1409 617 1461 velum
663 1406 879 1459 extendi
916 1405 969 1457 in
1002 1404 1149 1473 ligno
1182 1410 1356 1465 recto,
1408 1402 1459 1455 in
1487 1401 1695 1467 medio;
1724 1402 1859 1455 etin
1893 1402 1951 1471 ip:

2199 1421 2207 1454 ι
2226 1400 2413 1471 ὀθόνην
2434 1400 2671 1467 ἐξέτεινα
2683 1402 2739 1453 ἐν
2758 1400 2898 1469 ξύλῳ
2914 1399 3056 1471 ὀρθῷ
3076 1403 3133 1453 ἐν
3160 1401 3330 1470 μέσῳο
3349 1402 3439 1453 καί
3460 1402 3523 1452 ἐν
3550 1402 3711 1471 αύτῷ

440 1496 829 1565 perambulans
864 1493 1080 1557 littora,
1120 1492 1369 1561 piscabar
1406 1492 1581 1560 pisces
1613 1492 1798 1545 domui
1838 1501 1952 1561 patr

2204 1493 2563 1563 πορευόμενος
2594 1493 2718 1555 τοὺς
2753 1491 3051 1559 αἰγιαλοὺς,
3090 1492 3301 1562 ἡλίευον
3336 1491 3531 1562 ἰχθύας
3565 1495 3712 1562 οἴκῳ

442 1588 569 1651 mei,
600 1601 884 1656 usquequo
919 1586 1170 1639 venimus
1216 1584 1269 1637 in
1298 1584 1588 1653 IEgyptum
1620 1603 1633 1637 :
1659 1593 1713 1638 et
1752 1600 1816 1638 ex
1846 1600 1954 1637 ven;

2200 1586 2319 1656 τρὸς
2352 1602 2475 1655 μου,
2511 1584 2616 1647 ἓως
2648 1584 2884 1654 ἤλθομεν
2928 1585 3007 1647 εἰς
3036 1584 3339 1652 Αἴγυπτον·
3372 1587 3468 1639 καὶ
3505 1589 3573 1639 ἐκ
3601 1588 3712 1654 τῆς

442 1682 594 1734 tione
617 1695 737 1733 mea
764 1679 913 1733 omni
938 1676 1144 1731 homini
1168 1677 1452 1745 peregrino
1481 1676 1768 1729 miseratus
1791 1675 1954 1729 dabam

2200 1694 2287 1739 οας
2332 1694 2432 1747 μου
2473 1677 2637 1729 παντὶ
2684 1677 2954 1747 ἀνθρώπῳ
3006 1677 3140 1747 ξένῳ
3203 1677 3712 1748 σπλαγχνιζὸμενος

445 1770 503 1825 Si
535 1786 661 1824 vero
705 1781 821 1825 erat
860 1768 1203 1839 peregrinus,
1248 1768 1330 1821 vcl
1371 1779 1662 1835 mgrorans,
1701 1768 1785 1820 vel
1825 1782 1953 1821 sene

2200 1767 2338 1818 δουν.
2370 1768 2431 1819 El
2456 1766 2512 1819 δὲ
2542 1762 2609 1837 ἦν
2644 1765 2811 1832 ξένος,
2847 1768 2879 1838 ἢ
2908 1768 3097 1829 νοσῶν,
3125 1769 3156 1838 ἥ
3185 1769 3450 1839 γηράσας,
3488 1770 3712 1839 ἑψήσας

444 1877 688 1931 coquens
728 1862 929 1930 pisces,
964 1870 1017 1914 et
1040 1862 1175 1914 bene
1200 1875 1265 1913 ea
1301 1860 1437 1923 (eos)
1462 1874 1771 1927 apparans,
1813 1874 1956 1914 secul

2200 1874 2242 1919 ›ς
2292 1857 2498 1926 ἰχθύας,
2542 1859 2635 1911 καὶ
2685 1860 2917 1929 ποιήσας
2963 1860 3099 1912 αὑτά
3132 1860 3370 1926 ἁγαθὼς,
3417 1862 3563 1913 κατά
3602 1864 3712 1932 τὴν

444 1952 577 2006 dum
612 1950 1047 2019 uniuscujusque
1089 1951 1465 2003 necessitatem
1512 1949 1802 2003 aﬂ'erebam
1834 1964 1956 2002 omn

2196 1951 2347 2003 ίοτου
2377 1950 2562 2021 χρείαν
2593 1952 2927 2020 προσέφερον
2959 1952 3113 2013 πᾶσι,
3151 1952 3397 2019 συνάγων
3424 1955 3521 2005 καὶ
3558 1971 3621 2004 συ
3630 1973 3708 2022 μ.-

444 2042 568 2106 bus,
595 2040 855 2108 colligens
886 2050 939 2093 et
968 2040 1326 2108 compatiens.
1358 2038 1585 2107 Propter
1613 2040 1718 2094 hoc
1752 2050 1805 2093 et
1828 2038 1956 2093 Dom

2202 2060 2363 2111 σχων.
2394 2042 2669 2125 Διὶ-Ξοῦτο
2692 2044 2784 2096 καὶ
2815 2045 2843 2095 ὁ
2864 2044 3067 2116 Κύριος
3098 2044 3261 2097 πολὺν
3293 2045 3442 2115 ἰχθῦν
3472 2048 3708 2116 ἐποίησέ

445 2148 549 2186 nus
570 2132 773 2185 multos
797 2132 975 2200 pisces
1009 2130 1137 2184 fecit
1166 2148 1252 2184 me
1278 2132 1488 2186 venari.
1519 2132 1622 2198 Qui
1652 2133 1796 2187 enim
1831 2134 1957 2186 tribt

2227 2132 2421 2204 θηρᾷν.
2471 2135 2528 2187 Ὀ
2561 2133 2667 2205 γὰρ
2705 2136 3015 2205 μεταδιδοὺς
3047 2136 3124 2206 τῷ
3170 2136 3393 2207 πλησίον
3428 2138 3707 2207 λαμϐάνει

445 2225 725 2292 proximo,
773 2224 972 2292 accipit
1015 2224 1372 2292 multiplicata
1420 2240 1449 2279 a
1485 2225 1734 2279 Domino.
1766 2224 1957 2294 Quian

2190 2223 2555 2278 λλαπλασίονα
2608 2226 2755 2297 παρά
2803 2228 3027 2299 Κυρίου.
3086 2228 3253 2280 Πέντε
3304 2226 3398 2297 ἐτη
3447 2228 3701 2297 ὴλίευσα,

446 2319 605 2371 annis
645 2318 888 2386 piscatus
938 2333 1085 2380 sum,
1134 2318 1281 2371 omni
1325 2317 1533 2370 homini
1572 2332 1733 2386 quem
1776 2319 1956 2371 videra

2192 2314 2277 2365 ντὶ
2311 2312 2601 2383 ἀνθρώπῳ,
2637 2314 2693 2365 ὃν
2726 2315 3013 2385 ἑωράκειν,
3054 2314 3382 2383 μεταδιδοὺς,
3413 2317 3508 2367 καὶ
3540 2318 3704 2367 παντὶ

446 2409 729 2472 tribuens,
767 2416 821 2461 et
859 2410 1007 2462 omni
1050 2408 1235 2462 domui
1290 2410 1459 2477 patris
1490 2410 1593 2463 mei
1625 2410 1919 2465 suiliciens.

2188 2425 2195 2453 ι
2224 2403 2353 2473 οἴκῳ
2386 2404 2478 2457 τοῦ
2511 2406 2715 2477 πατρός
2752 2423 2850 2475 μου
2879 2406 3121 2477 ἐξαρκῶν
3173 2407 3245 2459 Τὸ
3274 2407 3431 2477 θέρος
3462 2408 3700 2476 ἡλίευον,

445 2508 633 2553 aestate
655 2500 941 2569 piscabar;
982 2499 1034 2552 in
1063 2498 1242 2554 hieme
1272 2508 1453 2554 autem
1482 2500 1769 2571 pascebam
1800 2517 1957 2572 grege

2188 2496 2212 2547 ,l.
2246 2496 2303 2548 ἐν
2336 2496 2562 2567 χειμῶνι
2606 2498 2922 2567 ἐποίμαινον
2975 2497 3111 2567 μετά
3154 2498 3259 2550 τῶν
3290 2498 3534 2566 ἀδελφῶν
3572 2517 3700 2569 μου.

445 2607 570 2647 cum
599 2591 859 2646 fratribus
890 2591 1045 2645 meis.

520 2683 629 2737 Vll.
651 2702 668 2733 ι
711 2682 866 2737 Nunc
894 2683 1229 2737 annuntiabo
1258 2683 1415 2737 vobis
1444 2699 1564 2753 quae
1610 2682 1732 2739 feci.
1754 2683 2013 2739 Videbam

2193 2699 2261 2750 Z'.
2311 2716 2328 2749 ‹
2360 2696 2472 2751 Νῦν
2518 2698 2802 2768 ἀναγγελῶ
2847 2700 2974 2770 ὑμῖν
3006 2699 3137 2769 (6|),
3179 2699 3213 2752 ἃ
3247 2698 3497 2768 ἐποίησα.
3545 2696 3705 2751 Εἶδον

447 2774 704 2827 afﬂictum
754 2774 807 2826 in
853 2772 1099 2826 nuditate
1145 2773 1374 2840 hiemis;
1419 2783 1474 2828 et
1520 2776 1691 2844 ipsius
1738 2776 1959 2830 misertu

2191 2787 2429 2858 ιϐόμενον
2478 2790 2535 2841 ἐν
2580 2791 2877 2861 γυμνότητι
2925 2790 3213 2860 χειμῶνος,
3265 2792 3359 2842 καὶ
3398 2790 3703 2859 σπλαγχνι-

450 2865 663 2923 furatus
718 2867 1105 2919 vestimentum
1160 2881 1227 2919 ex
1282 2866 1445 2919 domo
1502 2883 1622 2922 mea
1669 2868 1962 2922 absconditi

2191 2877 2267 2939 εὶς
2312 2878 2398 2930 ἐπ’
2444 2880 2621 2942 αὑτὸν,
2674 2880 2876 2948 κλέψας
2925 2882 3133 2950 ἱμάτιον
3180 2883 3241 2933 ἐκ
3273 2880 3366 2932 τοῦ
3409 2882 3561 2933 οἴκου
3596 2899 3703 2950 μου

449 2958 570 3011 dedi
617 2956 833 3011 afﬂicto.
883 2956 948 3011 Et
992 2971 1091 3010 vos
1137 2956 1321 3025 igitur,
1371 2955 1464 3011 ﬁlii
1510 2959 1637 3024 mei,
1669 2974 1732 3012 ex
1777 2958 1861 3013 his
1895 2974 1961 3027 qu

2192 2970 2421 3037 υφαίως,
2448 2970 2622 3023 ἔδωκα
2646 2971 2722 3041 τῷ
2743 2971 3055 3042 θλιϐομένῳ.
3083 2973 3191 3024 Καὶ
3214 2973 3369 3041 ὑμεῖς
3387 2969 3499 3033 οὖν,
3530 2974 3702 3026 τέκνα

449 3048 641 3103 tribuit
673 3048 828 3101 vobis
862 3047 1025 3109 Deus,
1060 3044 1432 3101 indifferenter
1459 3049 1705 3102 omnium
1748 3048 1961 3103 miseret

2186 3076 2245 3123 IU,
2294 3061 2352 3125 ἐξ
2381 3056 2455 3115 ὦν
2503 3063 2729 3134 παρέχει
2763 3063 2889 3132 ὑμῖν
2938 3065 2965 3115 ὀ
3001 3063 3151 3125 Θεὸς,
3200 3063 3528 3134 ἀδιακρίτως
3564 3066 3698 3116 πᾶσι

448 3147 553 3204 tes,
582 3139 1015 3192 misericordiam
1062 3137 1243 3202 facile,
1274 3147 1329 3191 et
1356 3139 1575 3194 tribuite
1613 3142 1761 3194 omni
1808 3140 1953 3193 homi

2185 3152 2603 3224 ελαγχνιζόμενοι
2648 3154 2845 3206 ἐλεεῖτε
2898 3153 3028 3224 (62),
3084 3155 3177 3206 καὶ
3226 3156 3491 3225 παρέχετε
3541 3156 3697 3207 παντί

451 3232 505 3285 in
551 3232 692 3285 bono
731 3231 915 3286 corde.
968 3230 1023 3283 Si
1055 3246 1183 3283 vero
1234 3247 1339 3283 non
1370 3232 1581 3286 habetis
1631 3233 1683 3285 in
1727 3233 1963 3286 occasio:

2190 3241 2389 3313 θρώπῳ
2441 3246 2497 3295 ἐν
2551 3244 2727 3314 ἀγαθῇ
2778 3246 2993 3315 καρδίᾳ.
3037 3245 3100 3296 Εἰ
3140 3245 3197 3297 δὲ
3242 3245 3316 3315 μὴ
3359 3246 3513 3315 ἔχετε
3566 3246 3700 3316 πρὸς

448 3320 581 3375 dare
612 3320 894 3390 indigenti,
920 3322 1325 3389 compatiamini
1378 3323 1432 3375 in
1467 3324 1766 3377 visceribus
1806 3324 1960 3378 miser

2198 3335 2310 3405 ιρὸν
2354 3336 2535 3387 δοῦναι
2569 3337 2644 3406 τῷ
2682 3336 2954 3408 χρῄζοντι,
3003 3337 3351 3407 συμπάσχετε
3397 3339 3458 3389 ἐν
3500 3337 3704 3405 σπλάγ-

449 3412 668 3466 οοτὸἰίιξ.
710 3410 843 3465 Novi
867 3413 1010 3481 quod
1040 3429 1235 3469 manus
1264 3430 1381 3468 mea
1412 3430 1520 3468 non
1559 3415 1761 3469 invenit
1793 3416 1846 3469 in
1876 3431 1961 3484 pra

2191 3442 2266 3487 οις
2314 3425 2518 3489 ἐλέους.
2568 3422 2697 3479 Οἶδα
2745 3430 2826 3481 ὅτι
2866 3430 2898 3495 ή
2935 3428 3055 3500 χείρ
3102 3446 3205 3499 μου
3256 3428 3355 3498 οὑχ
3387 3423 3514 3497 εὗρε
3563 3431 3703 3499 πρὸς

451 3516 578 3556 oens
624 3501 864 3556 tribuere
903 3504 1187 3573 indigenti,
1214 3514 1268 3558 et
1298 3506 1533 3575 amplius
1578 3516 1782 3577 septem
1830 3506 1963 3562 stadi

2228 3516 2401 3587 παρὸν
2458 3518 2735 3573 ἐπιδοῦναι
2789 3519 2867 3590 τῷ
2915 3520 3213 3592 χρῄζοντι,
3290 3521 3385 3573 καὶ
3435 3521 3516 3572 ἔτι
3563 3522 3704 3573 ἐπ·τά

452 3592 738 3646 ambulans
769 3608 891 3646 cum
926 3594 1066 3663 ipso,
1095 3594 1325 3671 flebam;
1376 3605 1431 3650 et
1456 3598 1665 3651 viscera
1709 3613 1830 3652 mea
1862 3614 1964 3654 ver:

2194 3607 2367 3671 αδίους
2432 3610 2907 3681 συμπορευόμενος
2956 3610 3124 3681 αὑτῷ,
3164 3611 3437 3663 ’ἔκλαιονο
3490 3614 3591 3664 καὶ
3635 3612 3706 3665 τὰ

454 3692 582 3739 sunt
611 3698 773 3753 super
807 3684 982 3753 ipsum
1022 3686 1074 3738 in
1104 3688 1564 3756 compassionem.

2190 3698 2405 3769 τλάγχνα
2448 3718 2548 3770 μου
2588 3702 2843 3772 ἐτρέφετο
2886 3702 2997 3773 (65)
3044 3704 3131 3757 ἐπ’
3164 3704 3314 3773 αὑτῴ
3347 3707 3430 3768 εἰς
3478 3708 3702 3774 συμπά-

2124 3787 2292 3842 θειαν.

525 3860 658 3915 Vlll.
691 3861 801 3915 «Et
854 3878 951 3917 vos
1008 3864 1193 3934 igitur,
1244 3865 1339 3919 ﬁlii
1392 3867 1521 3933 mei,
1572 3867 1764 3923 habete
1811 3868 2022 3924 viscera

2195 3881 2275 3932 H'.
2302 3882 2440 3934 «Καὶ
2467 3882 2623 3951 ὑμεῖς
2644 3876 2758 3945 οὖν,
2790 3884 2955 3937 τέκνα
2981 3901 3101 3955 μου,
3124 3883 3275 3955 ἔχετε
3297 3884 3707 3956 εὐσπλαγχνίαν

454 3954 855 4021 compassionis
889 3956 941 4008 in
970 3971 1185 4010 omnem
1220 3957 1494 4011 hominem
1536 3958 1587 4011 in
1622 3960 1962 4014 misericordi

2194 3970 2266 4023 ea:
2307 3972 2506 4034 παντὸς
2551 3972 2837 4043 ἀνθρώπου
2886 3977 2942 4027 ἐν
2983 3954 3276 4041 ἑλέειξῖνα
3307 3977 3399 4029 καὶ
3441 3980 3469 4029 ὁ
3494 3954 3706 4047 Κύριος

455 4053 516 4097 ut
541 4054 594 4098 et
619 4044 763 4098 Deus
795 4046 949 4101 vobis
994 4050 1261 4116 pr0pitius
1304 4049 1629 4103 misereatur
1673 4053 1860 4118 vestri,
1887 4069 1967 4122 qui

2192 4075 2205 4120 ;
2261 4060 2405 4128 ὑμᾶς
2460 4062 2875 4132 σπλαγχνισθεὶς
2938 4064 3139 4137 ἐλεήσῃ
3187 4067 3359 4135 ὑμᾶς·
3411 4066 3495 4119 ὅτι
3542 4044 3704 4135 καίγε

454 4136 603 4188 niam
636 4146 688 4190 et
730 4141 782 4189 In
816 4140 1077 4193 extremis
1113 4139 1304 4194 diebus
1337 4138 1478 4195 Deus
1509 4143 1684 4197 mittet
1712 4144 1966 4199 miserico

2192 4151 2212 4201 ε’
2256 4153 2499 4223 ἐσχάτων
2542 4154 2764 4225 ἡμερῶν
2809 4158 2837 4209 ὁ
2875 4156 3007 4220 Θεὸς
3037 4136 3349 4210 ἀποστέλλει
3393 4159 3455 4211 τὸ
3498 4161 3704 4230 σπλάγ-

456 4226 600 4278 diam
659 4242 814 4281 suam
867 4228 919 4281 in
963 4238 1161 4282 terram
1211 4245 1225 4281 :
1271 4237 1324 4282 et
1368 4230 1459 4282 ubi
1521 4232 1787 4286 invenerit
1818 4234 1968 4289 visce‘

2192 4257 2250 4294 ον
2282 4242 2447 4295 αὑτοῦ
2481 4244 2573 4295 ἐπὶ
2612 4244 2709 4314 τῆς
2755 4245 2879 4315 γῆς,
2930 4249 3024 4301 καὶ
3072 4249 3205 4301 ὅπου
3234 4250 3366 4320 εὕρῃ
3419 4226 3701 4321 σπλάγχνα

455 4316 869 4383 misericordiae,
920 4320 974 4373 in
1034 4321 1152 4389 ipso
1206 4320 1491 4375 habitabit.
1542 4321 1817 4387 Quantum
1877 4326 1965 4379 eni

2190 4333 2344 4397 έους,
2404 4337 2461 4387 ἐν
2506 4335 2654 4405 αὑτῷ
2701 4341 2960 4391 κατοικεῖ.
3030 4342 3191 4394 ’Ὁσον
3418 4316 3702 4415 ἀνθρῳῇ

456 4408 624 4462 homo
680 4410 969 4464 miseretur
1022 4411 1292 4480 proximi,
1356 4421 1565 4466 tantum
1621 4412 1764 4469 Deus
1826 4416 1965 4485 ipsiu

2192 4423 2543 4495 ιλαγχνίζεται
2589 4401 2668 4490 είς
2713 4427 2803 4480 τὸν
2836 4428 3081 4499 πλησίον,
3112 4401 3363 4485 τοσούτον
3386 4401 3597 4506 Κύριος
3626 4401 3704 4501 εἰς

454 4500 687 4567 Quando
707 4502 850 4555 enim
874 4502 1255 4557 descendimus
1285 4502 1669 4573 iit/Egyptum,
1687 4504 1885 4576 Joseph
1914 4524 1966 4561 nt

2189 4517 2308 4569 ιτόν.
2356 4519 2482 4571 ’Ὁτε
2525 4517 2634 4591 γὰρ
2675 4522 3011 4591 κατήλθομεν
3050 4525 3130 4586 εἰς
3157 4524 3453 4592 Αἴγυπτονν
3482 4500 3701 4598 “.Ιωσὴφ

456 4602 776 4647 recordatus
814 4601 897 4647 cst
937 4594 1060 4646 mali
1096 4594 1149 4646 in
1189 4610 1322 4659 nos;
1370 4611 1457 4649 me
1502 4612 1633 4649 vero
1663 4598 1874 4663 videns,
1915 4614 1968 4652 m

2191 4626 2225 4660 κ
2262 4609 2700 4679 ἐμνησικάκησεν
2739 4613 2818 4675 είς
2860 4614 3000 4683 ἡμᾶς
3024 4631 3037 4643 ·
3071 4615 3169 4684 ἐμὲ
3192 4616 3250 4668 δὲ
3280 4616 3423 4680 ἰδὼν,
3464 4594 3703 4687 ἐσπλαγξ

458 4693 641 4740 sertus
664 4694 764 4739 est.
803 4684 857 4737 In
888 4702 1047 4753 quem
1080 4687 1427 4754 inspicioutes
1450 4698 1504 4741 et
1524 4703 1643 4754 vos,
1675 4688 1970 4743 immemori

2187 4700 2335 4770 πίσθη.
2379 4702 2472 4764 Εἰς
2500 4702 2557 4753 ὃν
2588 4702 2949 4771 ἐμϐλέποντες
2984 4706 3077 4757 καὶ
3109 4707 3286 4775 ὑμεῖς,
3331 4684 3699 4779 ἀμνησξκακοι

456 4774 724 4828 malorum
762 4774 1091 4841 eﬂiciamini,
1144 4777 1241 4828 lilii
1286 4776 1411 4841 mei,
1463 4785 1515 4830 et
1561 4778 1764 4846 diligite
1810 4796 1963 4834 vosm

2186 4792 2359 4855 νεσθε,
2395 4792 2559 4845 τέκνα
2590 4810 2711 4863 μου,
2747 4796 2839 4846 καὶ
2870 4796 3116 4862 ἀγαπᾶτε
3158 4797 3439 4868 ἀλλήλους,
3490 4803 3585 4853 καὶ
3629 4804 3698 4871 μὴ

455 4866 708 4932 invicem,
748 4875 801 4919 et
836 4882 903 4920 ne
943 4867 1388 4923 animadvertatis
1429 4872 1807 4942 unusquisque
1862 4875 1967 4928 mal

2182 4882 2406 4951 ιγίζεσθε
2422 4883 2652 4947 ἕκαστος
2668 4885 2764 4955 τὴν
2790 4886 2985 4939 κακίαν
3003 4887 3096 4939 τοῦ
3124 4888 3350 4957 ἀδελφοῦ
3380 4891 3549 4943 αύτοὺ
3569 4893 3694 4964 (64)-

527 5043 638 5137 (ἐξ)
680 5043 777 5137 £27-
809 5044 904 5137 Γῆν
936 5045 1109 5137 9⁸η·
1140 5118 1207 5137 η,
1379 5117 1398 5137 .

2190 5057 2497 5111 μιηίιιθτυηι.
2529 5057 2608 5111 Ex
2634 5059 2834 5137 quibus
2862 5062 3084 5137 patebit,
3119 5063 3396 5119 Zabulone
3422 5068 3637 5137 antiqui
3656 5088 3702 5118 ι-

523 5115 635 5205 3???
678 5115 1102 5205 ἓάέὲεξίκίέύίτθνς
1139 5118 1339 5205 θήραν·
1379 5117 1477 5205 ¹⁰·,
1648 5189 1740 5205 η.
1802 5190 1816 5205 .
1929 5192 1961 5205 ..

2190 5143 2239 5205 in
2267 5143 2387 5181 esse
2419 5115 2917 5205 artemnauticarii,
2952 5115 3180 5205 ejusque
3205 5137 3471 5205 originem
3501 5115 3700 5197 adiiVoe

672 5164 1339 5255 ᾖρῧὲοἷὲξτῖέπδῖἦὲἆ
1362 5164 1613 5257 σκάφος.
1648 5189 1891 5244 Zabulon
1928 5192 2016 5246 ita-

2127 5164 2239 5180 ILIII
2268 5164 2387 5181 υῠσυ
2419 5164 2588 5182 (ιιιισιιι
2620 5164 2893 5185 ιιιιυιιιιιιιι
2952 5164 2979 5183 (⁷

1474 5188 1613 5257 ιρος.
1648 5189 1891 5244 Zabulon
1928 5192 2027 5246 ita-
2128 5199 2319 5251 saltem
2360 5198 2699 5253 referendam
2730 5218 2874 5257 esse.
2904 5175 2986 5256 ’ln.

454 5270 561 5322 que
589 5260 1068 5335 connumerandus
1098 5260 1262 5342 variis
1290 5261 1570 5339 heroibus,
1599 5262 1691 5330 qui
1739 5276 1796 5315 se
1827 5264 1966 5315 invel

2199 5269 2318 5342 (61)_
2348 5268 2476 5321 Νῦν
2510 5270 2819 5342 (irrepsit?)
2851 5273 3012 5342 ὑμῖν.
3068 5273 3193 5331 Haec
3252 5277 3440 5331 omnia
3496 5282 3695 5335 omissa

824 5327 1283 5417 nau‘tiicaa‘fuilslse
1306 5326 1755 5417 iactaruntfivc'l‘
1791 5334 2022 5417 ablaliis
2128 5326 2256 5390 sunt
2294 5326 2360 5391 'in
2396 5342 2597 5417 codice
2632 5326 2929 5417 D'xonieiisi
2962 5326 3697 5417 usqiié'aii'isiéleiiiiéﬁ‘i;

456 5394 590 5447 tales
615 5394 803 5450 crediti
843 5405 1002 5460 sunt;
1036 5406 1089 5451 et
1119 5394 1400 5453 addendus
1437 5400 1522 5463 iis,
1551 5416 1690 5470 quos
1716 5400 1968 5472 Polydori

457 5460 725 5530 Vergilius
766 5465 859 5518 lib.
907 5481 965 5517 ιιι
1006 5467 1079 5519 De
1122 5470 1476 5523 iuvenioribus
1526 5487 1720 5530 rerum.
1769 5488 1888 5530 cap.
1925 5474 1968 5526 l.‘

2179 5409 2446 5530 iragraphi
2472 5412 2636 5464 verba
2665 5430 2677 5465 :
2704 5413 2997 5468 τοσοῦτον
3016 5394 3231 5483 riapr
3260 5419 3348 5482 εὶς
3379 5394 3690 5473 αὑτῖτιί.“ιοῖ

2200 5476 2252 5530 (6
2294 5478 2308 5530 )
2362 5479 2635 5530 Ἐλεεῖτε.
2671 5481 2770 5530 MS.
2800 5483 3005 5530 ἐλεᾶτε-
3046 5484 3118 5530 In-

457 5460 725 5546 Xcrgilius
766 5465 859 5544 lib.
907 5481 967 5546 Ill
1006 5467 1089 5545 De
1122 5470 1476 5546 ilivenloribus
1512 5460 1727 5546 rerum1
1769 5460 1888 5546 cap.
1925 5474 1969 5526 ll

1606 5487 1727 5546 um,
1769 5460 1888 5546 οεξρ.
1925 5474 2013 5546 15,
2127 5460 2143 5475 ‘
2200 5460 2636 5546 (ϐἕγίελέέΐέέῖ
2666 5460 3118 5538 Μέῖὲλὲέιέὲῖῑιὶῗ

457 5532 772 5626 Saltiiuthus
804 5536 873 5626 [in
927 5532 1275 5626 Paucirolum
1312 5542 1415 5626 .tiit.
1444 5556 1524 5626 XII”
1551 5540 1627 5593 De
1690 5532 1969 5610 Pyxidecul

1970 5532 2016 5595 ῐὰ
3045 5532 3377 5626 ἐστρέφετο.
3404 5557 3482 5613 In.

457 5605 691 5686 nautica,
722 5614 775 5690 et
803 5602 1089 5690 cornelius
1129 5623 1159 5690 ρ
1192 5608 1395 5689 Lapide
1439 5612 1640 5679 aliique
1683 5602 1969 5666 cdmment:

2200 5602 2307 5690 (οι)
2346 5602 2462 5687 mf
2477 5602 3485 5690 λεπιίξεξγόεἬέρὶῶἕὸξἇᾶἷᾶἇῖὶῖὁ
3522 5631 3690 5685 ἀδελ-

457 5682 602 5727 tores
635 5676 689 5729 in
726 5673 1010 5743 Sapientiie
1045 5673 1343 5733 Salomonis
1391 5697 1507 5751 cap.
1539 5673 1650 5748 inv,
1700 5684 1799 5737 υ.1
1861 5699 2017 5753 seqq.
2125 5673 2241 5756 φοῦ
2288 5673 2492 5756 ἓιὺτὸῦ,
2552 5673 3691 5758 ὲιὲ.ἰιιὸηίἙοίἱίῖιιὶὶἷῦξιῖιηὲἲιᾶἱὲιῖῖτ
