3830 6216
146 287 293 345 1097

1329 289 1859 349 TESTAMENTUM
1917 290 2079 347 DAN.

3279 290 3415 348 {098

132 404 235 456 ὅτι
293 399 453 456 τοῦτο
493 401 717 475 χωρίζει
766 403 1013 476 ἑνότητα,
1061 404 1155 457 καὶ
1198 405 1379 459 πᾶσαν
1426 407 1744 475 συγγένειαν

1853 409 1981 464 tiam
2030 408 2217 464 fratris
2257 407 2382 475 sui;
2429 405 2691 477 quoniam
2743 406 2850 461 hoc
2891 404 3085 461 dividit
3132 407 3413 473 unitatem,

134 493 548 565 διασκορπίζει,
582 496 676 549 καὶ
702 496 803 568 τὴν
837 496 1017 568 ψυχὴν
1058 496 1323 568 ταράσσει
1355 496 1485 569 (65).
1541 498 1599 550 ὐ
1634 497 1741 569 γάρ

142 587 491 658 μνησίκακος
528 588 812 659 σπλάγχνα
844 590 1027 653 ἐλέους
1070 590 1173 643 οὐκ
1214 588 1347 661 ἔχει.

220 768 300 823 Θ’.
342 789 361 821 ι
392 769 696 842 Προσέχετε
726 769 799 824 τὰ
835 770 1000 825 ὕδατα
1028 770 1159 843 (66),
1187 772 1269 825 δτι
1300 772 1429 826 ὅταν
1451 771 1544 827 ἐπὶ
1575 772 1633 825 τὸ
1658 772 1745 826 αὐ-

138 862 209 915 τὸ
227 862 544 933 πορεύεται,
564 864 769 928 λίθους,
788 864 940 930 ξύλα,
968 866 1066 936 τὴν
1091 865 1274 937 ἅμμον
1294 865 1589 937 κατασύρει
1608 865 1739 937 (67)⁶

138 957 248 1012 ἐὰν
280 957 340 1012 δὲ
372 957 454 1023 είς
486 957 658 1013 πολλὰ
688 959 956 1032 διαιρεθῇ,
992 961 1025 1032 ή
1072 961 1144 1033 γῆ
1169 958 1424 1031 ἀφανίζει
1458 960 1617 1025 αὐτὰ,
1652 961 1745 1013 καὶ

136 1050 360 1118 γίνεται
393 1050 859 1122 εὐκαταφρόνητα.
896 1051 1006 1105 Καὶ
1044 1052 1223 1124 ὑμεῖς,
1260 1052 1355 1106 ἐὰν
1394 1052 1703 1125 διαιρεθῆτε
1726 1092 1740 1117 ,

138 1139 342 1193 ἔσεσθε
367 1139 560 1205 οὕτως.
595 1140 689 1213 Μὴ
722 1141 979 1214 σχισθῆτε
1010 1143 1091 1207 είς
1122 1144 1215 1197 δύο
1248 1143 1509 1213 κεφαλὰς,
1532 1144 1614 1198 ὃτι
1635 1146 1744 1198 πᾶν

135 1231 172 1284 ὃ
209 1232 437 1303 ἐποίησε
486 1232 690 1305 Κύριος
714 1271 729 1298 ,
766 1234 1020 1306 ,κεφαλὴν
1074 1235 1203 1307 μίαν
1249 1236 1382 1308 ἔχει.
1422 1237 1629 1291 Ἔδωκε
1652 1237 1745 1291 δύο

137 1325 359 1396 ὤμους,
403 1326 589 1391 πόδας,
628 1328 836 1398 χεῖρας·
884 1327 1021 1383 ἀλλὰ
1053 1329 1232 1384 πάντα
1273 1329 1342 1383 τά
1370 1329 1504 1401 μέλη
1538 1333 1605 1402 τῇ
1648 1332 1746 1402 μιᾷ

138 1417 362 1489 κεφαλῇ
417 1418 700 1475 ὑπακούει.
755 1420 967 1488 Ἔγνων
1007 1418 1068 1475 ἐν
1104 1422 1290 1493 γραφῇ
1331 1420 1581 1492 πατέρων
1619 1438 1742 1492 μου,

138 1511 236 1564 ὅτι
281 1510 342 1565 ἐν
377 1512 632 1583 ἐσχάταις
673 1513 907 1587 ἡμέραις
953 1512 1329 1585 ἀποστήσεσθε
1363 1512 1473 1567 ἀπὸ
1515 1512 1742 1585 Κυρίου,

139 1604 249 1657 καὶ
292 1603 701 1677 διαιρεθήσεσθε
749 1607 807 1661 ἐν
852 1606 1069 1681 Ἰσραὴλ
1116 1605 1264 1678 (68),
1319 1607 1413 1660 καὶ
1443 1605 1563 1659 δυσὶ
1596 1605 1746 1677 βασι-

139 1689 340 1744 λεῦσιν
371 1690 845 1766 ἐξακολουθήσετε,
882 1694 978 1747 καὶ
1012 1696 1121 1748 πᾶν
1155 1693 1432 1766 βδέλυγμα
1465 1694 1741 1764 ποιήσετε,

1844 511 1897 556 et
1925 516 2144 556 omnem
2177 498 2711 569 consanguinitatem
2747 497 3031 569 dispergit,
3084 507 3139 553 et
3170 499 3415 554 animum

1843 591 2143 661 perturbat.
2186 589 2395 646 Memor
2428 590 2571 645 enim
2604 589 2733 643 mali
2771 590 2984 645 viscera
3026 590 3418 653 misericordia:

1849 698 1954 735 non
1989 682 2166 737 habet.

1914 768 2003 822 IX.
2039 789 2057 820 ι
2089 769 2365 825 Attendite
2391 769 2583 839 aquis,
2617 769 2878 841 quoniam
2911 785 3037 825 cum
3084 770 3248 827 simul
3294 786 3418 826 mo—

1844 869 2059 926 ventur,
2100 861 2337 931 lapides,
2381 861 2527 931 ligna
2548 903 2564 928 ,
2589 877 2812 915 arenam
2854 860 3179 930 detrahunt;
3211 863 3256 918 si
3287 878 3418 917 vero

1844 950 1898 1006 in
1926 953 2128 1009 multas
2156 952 2490 1017 dividantur,
2522 961 2666 1007 terra
2689 952 3018 1007 exterminat
3039 968 3133 1008 eas
3155 994 3169 1019 ,
3201 963 3255 1009 et
3282 952 3421 1007 ﬁunt

1843 1043 2120 1112 neglectae.
2151 1042 2219 1098 Et
2255 1058 2376 1110 vos,
2419 1042 2464 1098 si
2492 1042 2836 1109 dividamiui,
2864 1043 3019 1099 eritis
3048 1043 3145 1098 ita.
3172 1040 3251 1098 Nc
3272 1043 3421 1099 scin-

1844 1133 2050 1188 damini
2086 1134 2143 1189 in
2180 1134 2290 1189 duo
2320 1134 2520 1205 capita,
2544 1135 2673 1205 quia
2712 1150 2876 1190 omne
2905 1134 3053 1205 quod
3082 1135 3209 1190 fecit
3250 1133 3417 1198 Deus,

1844 1231 2009 1292 caput
2042 1238 2211 1279 unum
2249 1224 2429 1278 habet.
2488 1223 2646 1278 Dedit
2688 1224 2829 1281 duos
2870 1225 3160 1289 humeros,
3211 1223 3417 1295 pedes,

1845 1331 2075 1385 manus;
2124 1316 2220 1372 sed
2255 1316 2439 1373 omnia
2490 1318 2732 1373 membra
2776 1318 2871 1373 uni
2916 1318 3080 1388 capiti
3132 1318 3415 1374 obediunt.

1843 1406 1982 1463 Novi
2012 1407 2066 1462 in
2093 1409 2365 1479 scriptura
2395 1418 2614 1480 patrum
2649 1424 2919 1477 meorum,
2951 1410 3096 1481 quod
3121 1410 3175 1464 in
3213 1411 3421 1467 ultimis

1844 1502 2039 1559 diebus
2070 1502 2336 1559 recedetis
2361 1516 2393 1556 a
2418 1501 2673 1569 Domino,
2702 1512 2757 1557 et
2778 1501 2940 1558 divisi
2970 1502 3121 1559 eritis
3144 1504 3196 1557 in
3231 1501 3419 1571 Israel,

1845 1602 1900 1651 et
1926 1594 2067 1651 duos
2089 1610 2244 1665 reges
2275 1595 2603 1664 sequemiui,
2634 1604 2689 1650 et
2713 1611 2929 1650 omnem
2956 1596 3421 1655 abominationem

1844 1687 2079 1755 facietis,
2108 1695 2163 1742 et
2185 1701 2350 1742 omne
2380 1686 2587 1741 idolum
2616 1686 2939 1753 adorabitis,
2969 1696 3024 1742 et
3053 1688 3301 1759 captivos
3324 1691 3422 1747 ab-

140 1782 247 1835 καί
279 1799 346 1850 γε
379 1785 487 1837 πᾶν
512 1758 730 1839 εἴδωλον
758 1758 1186 1858 προσκυνήσετε,
1223 1758 1339 1841 καὶ*
1358 1758 1741 1857 αἰχμαλωτεύ-

1853 1782 2043 1837 ducent
2070 1795 2169 1835 vos
2202 1779 2410 1843 inimici
2432 1779 2626 1846 vestri,
2659 1789 2713 1835 et
2737 1780 2995 1836 sedebitis
3031 1782 3084 1835 in
3104 1784 3421 1839 nationibus

143 1891 341 1930 σουσιν
366 1876 509 1947 ὑμᾶς
544 1877 595 1930 οἱ
639 1877 824 1950 ἐχθροὶ
863 1880 1039 1951 ὑμῶν,
1073 1879 1167 1933 καὶ
1211 1880 1498 1934 καθίσεσθε
1533 1880 1643 1952 (69)
1684 1881 1741 1933 ἐν

139 1966 337 2021 ἔθνεσι
370 1970 429 2021 ἐν
459 1969 665 2034 πάσαις
696 1972 1023 2039 ἀσθενείαις,
1047 1975 1142 2028 καὶ
1166 1972 1397 2044 θλίψεσι,
1414 1974 1509 2027 καὶ
1530 1972 1743 2037 ὀδύναις

138 2060 356 2131 ψυχῆς.
390 2062 499 2115 Καὶ
533 2062 673 2133 μετά
714 2063 889 2118 ταῦτα
944 2065 1321 2137 μνησθήσεσθε
1364 2066 1604 2139 Κυρίου,
1649 2067 1743 2121 καὶ

143 2155 540 2226 μετανοήσετε,
569 2156 662 2209 καὶ
692 2156 1011 2229 ἐπιστρέψει
1036 2157 1181 2230 ὑμᾶς
1201 2199 1216 2224 ,
1251 2160 1331 2212 ὅτι
1357 2158 1602 2231 ἐλεήμων
1625 2159 1743 2212 ἐστὶ

140 2248 251 2300 καὶ
283 2246 654 2317 εὖσπλαγχνος
674 2288 688 2313 ,
739 2248 814 2321 μὴ
847 2249 1195 2321 λογιζόμενος
1233 2251 1428 2304 κακίαν
1470 2253 1582 2314 τοῖς
1607 2252 1742 2314 υἱοῖς

136 2338 264 2392 τῶν
316 2337 653 2411 ἀνθρώπιον,
698 2339 832 2393 διότι
887 2338 1024 2412 σάρξ
1063 2342 1188 2407 εἰσι,
1232 2340 1423 2395 καὶτὰ
1456 2340 1743 2411 πνεύματα

138 2430 256 2501 τῆς
289 2430 499 2503 πλάνης
532 2432 719 2504 ἀπατᾷ
750 2432 948 2498 αὐτοὺς
981 2434 1075 2487 ἐπὶ⁴
1102 2433 1303 2497 πάσαις
1324 2436 1445 2498 ταῖς
1482 2433 1743 2506 πράξεσιν

139 2520 357 2576 αὐτῶν.
391 2523 503 2576 Καὶ
538 2521 675 2595 μετά
719 2521 894 2577 ταῦτα
927 2524 1176 2578 ἀνατελεῖ
1208 2526 1336 2596 ὑμῖν
1368 2524 1528 2587 αὐτὸς
1566 2526 1595 2577 ὁ
1626 2523 1742 2578 Κύ-

146 2632 272 2686 ριος
303 2613 435 2687 (70),
472 2615 589 2685 φῶς
620 2615 987 2687 δικαιοσύνης,
1022 2615 1118 2670 καὶ
1152 2615 1293 2680 ἴασις
1330 2618 1423 2671 καὶ
1467 2616 1741 2685 εὐσπλαγ-

140 2704 281 2775 χνία
316 2705 409 2758 ἐπὶ
439 2706 559 2767 ταῖς
584 2704 844 2777 πτέρυξιν
876 2701 1063 2758 αὐτοῦ.
1088 2703 1261 2768 Αὐτὸς
1282 2702 1617 2775 λυτρώσεται
1641 2703 1746 2756 πᾶ·-

146 2813 257 2849 σαν
287 2796 662 2867 αἰχμαλωσίαν
691 2796 824 2851 υἱῶν
857 2795 1143 2869 ἀνθρώπου
1171 2797 1237 2850 ἐκ
1266 2794 1363 2850 τοῦ
1397 2795 1616 2867 Βελιάρ,
1651 2794 1744 2849 καὶ

145 2886 268 2939 πᾶν
316 2885 535 2958 πνεῦμα
578 2887 785 2960 πλάνης
831 2886 1237 2959 πατηθήσεταιο
1288 2887 1384 2941 καὶ
1428 2886 1743 2957 ἐπιστρέψει

145 2976 340 3030 πάντα
377 2977 448 3032 τὰ
486 2978 612 3050 ἔθνη
657 2981 738 3043 εἰς
770 2980 1159 3051 παραζήλωσιν
1197 2978 1385 3033 αὐτοῦ’
1421 2981 1516 3034 καὶ
1544 2978 1743 3049 δψεσθε

145 3072 293 3126 Θεὸν
317 3074 374 3125 ἐν
404 3073 641 3145 σχήματι
672 3071 983 3144 ἀνθρώπου,
1010 3072 1068 3126 ὃν
1096 3072 1164 3127 ἂν
1196 3072 1481 3144 ἐκλέξηται
1514 3073 1741 3144 Κύριος,
1770 3106 1813 3167 C

160 3164 527 3237 Ἰερουσαλὴμ
568 3164 740 3235 ὄνομα
765 3164 913 3236 αὐτῷ
945 3163 1078 3235 (7-1).
1128 3165 1237 3219 Καὶ
1291 3164 1455 3219 πάλιν
1489 3166 1547 3219 ἐν
1574 3182 1743 3238 πονησ-

149 3254 255 3327 ρίᾳ
286 3254 460 3323 λόγων
482 3254 636 3326 ὑμῶν
674 3256 1039 3327 παροργίσετε
1074 3254 1254 3319 αὐτὸν,
1278 3255 1372 3309 καὶ
1403 3255 1748 3329 ἀπορριφθή-

149 3347 321 3401 σεσθε
344 3348 450 3411 ἕως
482 3346 678 3419 καιροῦ
704 3347 1037 3412 συντελείας.

232 3444 291 3494 1'.
331 3460 351 3493 ι
380 3442 487 3495 Καὶ
518 3440 633 3507 νῦν,
655 3442 820 3495 τέκνα
850 3459 975 3513 μου,
1006 3440 1376 3513 μὴγλυπεῖσθε,
1408 3443 1491 3496 ὃτι
1512 3442 1750 3515 ἀποθνή-

152 3548 280 3585 σκω
327 3530 471 3601 ἐγὼ,
520 3533 657 3605 μηδέ
708 3533 1091 3604 συμπίπτετε,
1144 3534 1226 3587 ὅτι
1257 3534 1540 3588 ἀπολείπω
1573 3534 1745 3605 ὑμῶν.

168 3628 573 3698 Ἀναστήσομαι
596 3626 706 3700 γὰρ
738 3628 898 3682 πάλιν
922 3628 980 3681 ἐν
1017 3627 1166 3699 μέσῳ
1195 3628 1371 3700 ὑμῶν,
1404 3629 1480 3693 ὡς
1512 3630 1750 3701 ἡγούμε-

152 3734 251 3781 νος
286 3720 345 3769 ἐν
380 3717 529 3789 μέσῳ
564 3716 698 3771 υίῶν
730 3716 917 3782 αὑτοῦ,
946 3718 1042 3770 καὶ
1082 3717 1526 3789 εὐφρανθήσομαι
1558 3719 1615 3771 ἐν
1651 3718 1748 3788 μέ-

156 3828 243 3883 σῳ
266 3811 368 3882 τῆς
402 3812 575 3883 φυλῆς
610 3830 733 3883 μου,
760 3812 876 3865 ὅσοι
902 3809 1175 3881 ἐφύλαξαν
1204 3809 1364 3881 νόμον
1388 3810 1617 3880 Κυρίου,
1656 3811 1750 3863 καὶ

153 3903 382 3968 ἐντολὰς
414 3902 698 3958 Ζαϐουλὼν
726 3902 930 3975 πατρὸς
956 3902 1156 3957 αὐτῶν.
1210 3902 1332 3955 Ἐπὶ
1365 3902 1423 3955 δὲ
1465 3902 1593 3964 τοὺς
1620 3902 1748 3955 ἀσε-

154 3995 281 4059 ϐεῖς
304 3994 496 4062 ἐπάξει
528 3995 735 4067 Κύριος
753 3994 865 4067 πῦρ
896 3993 1133 4060 αἰώνιον,
1158 3995 1251 4047 καὶ
1275 3992 1528 4047 ἀπολέσει
1554 3992 1749 4055 αὐτοὺς

155 4089 267 4152 ἓως
303 4086 523 4157 γενεῶν.
564 4087 704 4157 Ἐγὼ
724 4089 805 4152 εἰς
835 4087 933 4158 τὴν
964 4087 1269 4142 ἀνάπαυσιν
1299 4103 1397 4157 μου
1440 4083 1746 4155 ἀποτρέχω,

155 4181 239 4245 ὡς
285 4181 334 4233 οἱ
368 4179 602 4251 πατέρες
640 4197 774 4252 μουο
812 4181 971 4251 ὑμεῖς
1000 4178 1059 4232 δὲ
1105 4178 1357 4248 φοϐεῖσθε
1405 4176 1609 4248 Κύριον
1658 4176 1749 4228 τὸν

155 4272 301 4326 Θεὸν
324 4270 477 4342 ὑμῶν
502 4311 517 4335 ,
553 4272 611 4324 ἐν
644 4273 796 4345 πάσῃ
825 4270 1001 4342 ἰσχύϊ,
1053 4270 1231 4333 πάσας
1256 4267 1355 4331 τὰς
1398 4265 1610 4338 ἡμέρας
1646 4265 1747 4336 τῆς

160 4366 312 4437 ζωῆς
344 4365 516 4436 ὑμῶν.
531 4384 549 4416 ι
570 4366 681 4419 Καὶ
710 4364 882 4419 ταῦτα
903 4363 1091 4427 εἰπὼν,
1118 4361 1383 4434 ἐκοιμήθη
1404 4360 1557 4431 ὕπνῳ
1578 4359 1745 4429 καλῷ,

1842 1871 1897 1925 in
1925 1871 2180 1927 omnibus
2213 1870 2647 1939 inﬁrmitatibus,
2672 1881 2725 1926 et
2754 1872 3224 1941 tribulationibus,
3244 1884 3300 1931 et
3324 1876 3423 1932 do-

1842 1960 2051 2018 loribus
2081 1962 2295 2016 animae.
2331 1959 2397 2016 Et
2423 1969 2547 2030 post
2584 1963 2700 2018 hate
2726 1963 3151 2018 recordabimini
3172 1964 3419 2031 Domini,

1842 2063 1898 2111 et
1924 2055 2280 2125 resipiscetis,
2313 2062 2367 2110 et
2394 2065 2673 2111 convertet
2709 2071 2840 2123 vos,
2883 2058 3146 2127 quoniam
3179 2059 3421 2115 clemens

1842 2156 1928 2202 est
1957 2154 2013 2202 et
2037 2146 2377 2212 misericors,
2403 2162 2514 2202 non
2544 2147 2825 2216 imputans
2866 2148 3133 2203 malitiam
3161 2149 3288 2204 ﬁliis
3319 2150 3421 2204 ho-

1842 2240 2088 2307 minum;
2123 2239 2388 2311 quoniam
2416 2256 2549 2295 caro
2588 2250 2736 2309 sunt,
2766 2251 2820 2297 et
2842 2243 3067 2312 spiritus
3096 2245 3300 2301 erroris
3334 2262 3419 2315 se-

1840 2332 2050 2389 ducunt
2097 2346 2194 2388 eos
2245 2330 2300 2385 in
2360 2333 2618 2389 omnibus
2665 2333 2972 2390 actionibus
3013 2335 3151 2390 suis.
3188 2335 3255 2390 Et
3296 2347 3421 2405 post

1843 2426 1959 2480 haec
1988 2425 2198 2480 orietur
2220 2426 2376 2482 vobis
2413 2425 2529 2495 ipse
2559 2423 2852 2493 Dominus,
2874 2425 3059 2480 lumen
3080 2428 3328 2497 justitiaa,
3364 2439 3422 2483 et

1843 2511 2051 2567 sanitas
2071 2519 2127 2567 et
2156 2512 2537 2568 misericordia
2563 2512 2841 2583 in'pennis
2864 2514 3003 2584 ejus.
3039 2513 3161 2585 Ipse
3189 2518 3422 2573 redimet

1842 2621 2063 2661 omnem
2101 2606 2472 2682 captivitatem
2515 2607 2754 2663 ﬁliorum
2798 2608 3038 2664 hominis
3069 2624 3100 2665 a
3130 2608 3328 2679 Beliar,
3366 2622 3422 2667 et

1842 2699 2025 2756 omnis
2054 2699 2281 2770 spiritus
2326 2701 2532 2757 erroris
2580 2702 3029 2771 conculcabitur;
3064 2713 3119 2759 et
3144 2717 3423 2760 convertet

1843 2808 2036 2849 omnes
2081 2802 2273 2865 gentes
2322 2794 2379 2850 in
2424 2793 2831 2849 aemulationem
2855 2795 3017 2865 ejus;
3060 2804 3114 2852 et
3168 2798 3423 2854 videbitis

1844 2883 2018 2940 Deum
2053 2885 2109 2940 in
2138 2885 2320 2942 forma
2351 2884 2591 2940 hominis
2612 2926 2627 2952 ,
2658 2900 2820 2955 quem
2855 2886 3078 2959 elegerit
3113 2888 3420 2951 Dominus;

1841 2977 2142 3035 Jerusalem
2169 2994 2370 3034 nomen
2400 2978 2471 3034 ei.
2494 2977 2561 3033 Et
2580 2975 2773 3034 rursus
2796 2980 2851 3033 in
2878 2980 3083 3034 malitia
3109 2996 3421 3039 sermonum

1843 3081 2152 3129 vestrorum
2185 3070 2253 3125 ad
2282 3069 2623 3125 iracundiam
2648 3068 3018 3139 provocabitis
3052 3084 3178 3123 eum
3203 3113 3218 3138 ,
3246 3082 3300 3128 et
3327 3075 3425 3129 ab.

1844 3162 1971 3235 jecti
1993 3163 2146 3218 eritis
2175 3176 2350 3232 usque
2372 3160 2438 3215 ad
2463 3168 2682 3230 tempus
2705 3160 3219 3217 consummationis.

1920 3447 1989 3502 Χ.
2028 3466 2047 3498 ι
2086 3447 2153 3502 Εῑ
2181 3461 2349 3511 nunc,
2380 3445 2477 3500 ﬁlii
2529 3444 2667 3511 mei,
2702 3459 2771 3499 ne
2801 3445 3233 3510 contristemini,
3281 3461 3422 3516 quo-

1855 3539 2004 3595 niam
2037 3540 2247 3595 morior
2281 3554 2416 3610 ego;
2462 3554 2637 3609 neque
2668 3538 2989 3599 concidatis.
3026 3540 3284 3608 quoniam
3334 3557 3424 3597 re-

1850 3633 2038 3702 linquo
2067 3648 2185 3687 vos.
2225 3631 2527 3701 Resurgam
2559 3632 2703 3685 enim
2742 3631 2796 3684 in
2846 3630 3026 3685 medio
3051 3633 3247 3700 vestri,
3279 3635 3426 3690 velut

1848 3725 1958 3780 dux
2021 3724 2077 3777 in
2137 3723 2318 3777 medio
2380 3722 2617 3776 ﬁliorum
2678 3737 2941 3787 suorum,
3001 3732 3054 3778 et
3103 3725 3328 3781 laetabor
3368 3728 3422 3782 in

1849 3814 2028 3870 medio
2070 3812 2246 3867 tribus
2295 3827 2447 3878 meae,
2505 3818 2771 3881 quotquot
2823 3812 3203 3867 custodierunt
3251 3813 3423 3884 legem

1851 3905 2089 3972 Domini,
2139 3913 2193 3959 et
2220 3903 2472 3958 mandata
2504 3902 2748 3958 Zabulon
2784 3904 2952 3973 patris
2994 3919 3206 3960 eorum.
3251 3904 3426 3977 Super

1849 3999 2048 4068 impios
2074 4010 2204 4051 vero
2234 3995 2456 4050 inducet
2490 3994 2757 4049 Dominus
2811 3995 2991 4065 ignem
3035 4004 3320 4063 aeternum,
3352 4002 3426 4061 [et

1848 4091 2033 4159 perdet
2058 4104 2152 4142 eos
2182 4102 2356 4157 usque
2385 4088 2440 4142 in
2473 4086 2875 4157 generationes.
2908 4085 3023 4157 Ego
3070 4087 3125 4140 in
3178 4089 3421 4158 requiem

1847 4196 2024 4235 meam
2056 4179 2332 4249 confugio,
2357 4179 2499 4233 sicut
2524 4186 2706 4247 patres
2730 4179 2836 4233 mei
2865 4197 2878 4232 :
2905 4194 3001 4233 vos
3029 4188 3210 4233 autem
3236 4180 3425 4236 timete

1850 4272 2139 4327 Dominum
2175 4271 2342 4326 Deum
2368 4278 2636 4337 vestrum,
2666 4271 2720 4323 in
2749 4270 2899 4324 omni
2929 4269 3266 4341 fortitudine,
3304 4287 3425 4327 om—

1851 4362 2013 4416 nibus
2052 4361 2243 4416 diebus
2288 4361 2412 4415 vitae
2451 4368 2663 4414 vestrae.
2697 4377 2716 4410 ι
2758 4358 2826 4413 Ει
2868 4375 2992 4414 cum
3025 4361 3140 4417 haec
3174 4362 3421 4431 dixisset,

162 4457 263 4512 καὶ
295 4456 498 4528 ἔθηκαν
522 4455 681 4509 αὐτὸν
713 4456 763 4508 οἱ
798 4457 904 4508 υἱοὶ
933 4453 1095 4508 αὐτοῦ
1129 4456 1187 4506 ὲν
1214 4453 1356 4524 θήκῃ
1381 4468 1393 4481 ’
1430 4451 1653 4521 ὕστερον
1684 4450 1741 4502 δὲ

1853 4455 2102 4508 dormivit
2123 4469 2318 4508 somno
2346 4454 2511 4515 bono,
2539 4462 2593 4508 et
2616 4462 2917 4524 posuerunt
2938 4469 3061 4509 eum
3098 4453 3192 4508 ﬁlii
3224 4455 3343 4525 ejus
3367 4457 3422 4511 in

159 4549 533 4618 ἀναγαγόντες
565 4548 725 4603 αὐτὸν
748 4550 827 4612 είς
850 4547 1096 4618 Χεϐρὼν,
1120 4547 1320 4616 ἔθαψαν
1348 4544 1485 4616 μετὰ
1507 4543 1615 4597 τῶν
1640 4561 1745 4596 πα-

159 4646 340 4714 τέρων
372 4642 555 4697 αὑτοῦ.

714 4754 1108 4807 ΚΕΦΑΛΑῘΟΝ
1140 4756 1212 4807 Z'.

337 4844 592 4912 Διαθήκη
618 4845 755 4909 Δὰν,
781 4844 913 4912 περὶ
947 4843 1135 4912 θυμοῦ
1162 4843 1256 4896 καὶ
1284 4840 1567 4909 ψεύδους.

240 4940 318 4991 A'.
369 4938 722 5011 Ἀντίγραφον
753 4936 927 5006 λόγων
959 4937 1084 5001 Δάν,
1112 4929 1186 4989 ὧν
1211 4930 1328 4988 εἷπε
1350 4936 1461 4997 τοῖς
1490 4934 1623 4995 υἱοῖς
1646 4932 1743 4983 αύ-

162 5030 262 5084 τοῢ
298 5031 385 5083 ἐπ’
421 5031 662 5100 ἐσχάτων
692 5030 803 5082 τῶν
835 5028 1058 5101 ἡμερῶν
1098 5027 1283 5080 αὐτοῦ.
1328 5022 1634 5093 Ἐκατοστῷ
1666 5024 1744 5074 εἰ-

164 5122 347 5193 κοστῷ
381 5120 614 5194 πέμπτῳ
646 5122 755 5176 ἐτει
790 5121 891 5193 τῆς
937 5119 1081 5191 ζωῆς
1125 5118 1287 5173 αὐτοῦ
1309 5158 1323 5182 ,
1373 5116 1604 5179 καλέσας
1647 5114 1746 5185 τὴν

168 5235 399 5290 Visione
446 5252 508 5300 ιι,
554 5237 667 5307 §5,
722 5237 807 5289 his
845 5236 1028 5289 verbis
1053 5251 1077 5307 :7
1103 5253 1120 5284 ι
1153 5234 1232 5287 Τιι
1270 5240 1474 5293 autem,
1522 5229 1743 5307 lien-ma,

170 5306 285 5360 noli
311 5300 630 5361 meminisse
658 5300 983 5376 injuriarum
1008 5306 1244 5359 ﬁliorum
1278 5313 1515 5376 tuorum.
1542 5300 1747 5376 ivlo-mo-

168 5378 253 5429 -ia
285 5377 430 5431 enim
458 5372 783 5447 injurianim
812 5387 1041 5447 mortem
1077 5387 1351 5443 operatur,
1388 5372 1593 5425 oblivio
1616 5387 1745 5423 vero

168 5462 362 5499 earum
396 5448 565 5501 vitam
608 5446 1094 5503 aeternamJGme.

245 5516 356 5587 (65)
390 5517 712 5587 dede’O'l-It.
747 5519 855 5569 Kal.
881 5517 981 5587 τὴν
1017 5514 1247 5586 ὓπαρξιν
1288 5512 1564 5584 ἀφανίζει,
1600 5514 1748 5567 addit

171 5586 344 5641 codex
374 5586 549 5642 Oxon.
593 5587 673 5646 lo.

247 5658 362 5725 (66)
401 5656 475 5711 Τὰ
496 5658 703 5712 ὕδατα.
755 5659 873 5710 Ἐπί
901 5658 1026 5711 add.
1056 5657 1134 5709 In.

240 5727 357 5798 (67)
389 5726 739 5798 Κατασύρει.
768 5729 1097 5799 Καταφέρει.
1126 5726 1199 5781 In.

456 5825 729 5889 PATBOL.
787 5824 903 5885 Gn.
959 5823 1039 5882 ll.

1850 4542 2038 4608 theca;
2072 4550 2259 4610 postea
2282 4558 2412 4595 vero
2440 4544 2763 4598 reducentes
2792 4559 2918 4598 eum
2960 4545 3014 4598 in
3058 4542 3297 4611 Hebron,
3331 4560 3423 4601 se-

1847 4634 2115 4703 pelierunt
2154 4650 2276 4689 cum
2308 4636 2557 4704 patribus
2579 4634 2718 4704 ejus.

2421 4749 2653 4805 CAPUT
2694 4749 2805 4804 VII.

2050 4839 2441 4894 Testamentum
2474 4841 2615 4906 Dan,
2652 4842 2716 4895 de
2742 4842 2825 4895 ira
2851 4851 2899 4896 et
2930 4843 3221 4898 mendacio.

1917 4930 1960 4985 l.
1990 4931 2404 5001 Transcriptum
2436 4934 2727 4987 verborum
2765 4934 2901 5000 Dan,
2939 4951 3062 5004 quae
3107 4935 3247 4990 dixit
3299 4936 3425 4992 ﬁliis

1849 5025 1963 5079 suis
2009 5025 2064 5078 in
2122 5024 2330 5080 ultimis
2377 5026 2568 5080 diebus
2619 5026 2756 5080 suis.
2807 5026 3119 5082 Centesimo
3165 5028 3427 5084 vicesimo

1849 5118 2040 5187 quinto
2068 5132 2214 5172 anno
2238 5117 2364 5172 vita:
2392 5133 2506 5172 suae
2533 5134 2735 5174 vocans
2773 5119 2977 5174 tribum
3028 5135 3206 5188 suam,
3238 5120 3376 5176 dixit
3410 5138 3422 5171 :

1921 5230 2033 5300 (68)
2070 5230 2337 5298 Ἰσραήλ.
2376 5231 2749 5302 Ἰερουσαλήμ.
2784 5233 2859 5287 In.

1920 5302 2037 5373 (69-)
2064 5304 2417 5356 Καθίσεσθε.
2445 5302 2859 5372 Κακωθήσεσθε.
2888 5302 2963 5357 In.

1922 5372 2049 5443 (79),
2067 5372 2371 5425 ’Λνατελεῖ
2397 5373 2539 5443 ὑμῖν
2564 5373 2744 5438 αὐτὸς
2778 5378 2809 5427 ό
2833 5377 3065 5443 Κύριος,
3091 5384 3193 5430 etc.
3220 5374 3423 5430 Alludit

1850 5444 1914 5497 ad
1934 5441 2229 5495 'Malachiae
2254 5459 2325 5507 IV,
2346 5443 2399 5506 2.
2429 5441 2503 5496 In.

1923 5512 2502 5586 (Π)Κιιὶῌῖαο-ις....Γ
2554 5516 2950 5586 Ἰερουσαλὴμ
3008 5517 3193 5585 ὄνομα
3241 5514 3417 5586 αὐτῷ.

1843 5581 2335 5658 ’ΚαὶΑέπιστρέίφετε
2446 5584 2541 5654 τῆς
2572 5581 2673 5658 γῆς
2699 5587 2869 5656 ὑμῶν,
2889 5581 2980 5639 καὶ
3005 5581 3196 5658 ὄψεσθε
3222 5584 3423 5658 Κύριον

1852 5657 1910 5727 ἐν
1958 5651 2309 5727 Ἰερουσαλὴμ
2354 5653 2457 5727 διὰ,
2486 5651 2545 5707 τὸ
2585 5651 2761 5727 ’όνομα
2804 5658 2988 5721 αὐτοῦ,
3046 5651 3205 5711 habet
3254 5651 3422 5710 (Ὅῖιυι

1853 5722 2043 5779 Οχοηί
2062 5725 2231 5778 multo
2257 5722 2551 5782 cbncisius.
2588 5726 2661 5780 In.

3032 5820 3109 5878 35
