3830 6216
102 328 126 380 1
144 325 235 381 101
1362 318 1659 373 TESTAMI

1771 316 1883 373 ἨΜ
1919 315 2077 370 DAN.

3205 312 3340 367 1102

100 438 321 510 πνεῦμα
354 439 440 491 ἀεὶ
475 436 612 508 μετὰ
641 436 736 489 τοῦ
756 434 991 505 ψεύδους
1024 436 1089 487 ἐκ
1112 433 1299 500 δεξιῶν
1332 434 1424 487 τοῦ
1460 436 1659 486 Σατανέ

1778 434 2003 502 quitate.
2043 430 2143 485 Hic
2170 428 2394 498 spiritus
2421 441 2635 497 semper
2663 440 2788 480 cum
2821 424 3107 480 mendacio
3144 441 3175 479 a
3204 427 3339 482 dex-

99 532 428 600 πορεύεται,
468 528 553 579 ἵνα
598 527 654 579 ἐν
688 525 930 594 ὠμότητι
964 525 1057 578 καὶ
1100 524 1282 593 ψεύδει
1328 525 1582 591 γίνωνται
1616 526 1670 576 αἰ

97 621 327 691 πράξεις
360 617 543 671 αὐτοῦ.

92 768 97 773 ,
164 712 239 763 A'.
278 707 529 763 (Οὐκοῦν
579 706 782 760 συνίετε
828 707 926 777 τὴν
973 706 1196 775 δύναμιν
1229 704 1322 757 τοῦ
1358 704 1552 775 θυμοῦ,
1588 705 1669 757 ὅτι

91 803 302 873 ματαία
336 800 500 853 ἐστίν.
550 801 636 852 Ἐν
670 799 778 869 γὰρ
798 798 941 868 λόγῳ
973 797 1263 869 παροξύνει
1290 796 1397 866 (78)
1432 796 1664 868 πρῶτον·

91 889 214 947 εἷτα
248 896 305 946 ἐν
334 892 515 964 ἔργοις
545 890 759 944 δυνατοῖ
785 889 876 942 τὸν
902 889 1270 960 ἐρεθιζόμενον
1305 888 1412 957 (79)
1440 928 1454 952 ,
1489 889 1581 940 καὶ
1613 890 1670 939 ἐν

90 985 321 1055 ζημίαις
356 985 576 1053 πικραῖς
611 982 719 1052 (80)
756 981 1009 1052 ταράσσει
1043 981 1103 1033 τὸ
1136 979 1435 1032 διαϐούλιον
1468 979 1665 1031 αὑτοῦ·

88 1080 187 1132 καὶ
219 1076 393 1138 οὕτως
418 1074 671 1143 διεγείρει
704 1073 761 1125 ἐν
796 1071 951 1142 θυμῷ
989 1071 1208 1143 μεγάλῳ
1237 1071 1334 1141 τὴν
1366 1070 1542 1140 ψυχὴν
1575 1070 1670 1123 αύ-

84 1169 207 1223 τοῦ.
246 1170 376 1222 Ὅτε
409 1162 500 1220 οὖν
531 1165 682 1217 λαλεῖ
712 1182 796 1227 τις
829 1164 949 1217 καθ’
986 1164 1161 1235 ὑμῶν,
1198 1165 1356 1234 ὑμεῖς
1394 1162 1467 1233 μὴ
1497 1164 1667 1215 κινεῖ-

85 1261 183 1314 σθε
223 1262 306 1323 εἰς
355 1258 522 1330 θυμόν
547 1277 559 1288 ·
613 1258 707 1311 καὶ
752 1257 845 1311 ὲάν
876 1272 959 1318 τις
993 1257 1188 1324 ἐπαινῇ
1242 1254 1385 1323 ὑμᾶς
1427 1253 1501 1317 ὡς
1533 1253 1669 1320 ἀγα-

84 1352 217 1417 θοὺς
254 1350 389 1424 (81),
428 1352 500 1422 μὴ
536 1348 861 1420 ἐπαίρεσθε,
903 1348 1038 1419 μήτε
1076 1344 1491 1416 μεταϐάλλεσθε,
1532 1345 1666 1413 μήτε

80 1448 164 1509 εἰς
195 1444 410 1516 τέρψιν,
452 1444 588 1513 μήτε
621 1443 701 1505 εἰς
730 1440 934 1494 ἀειδίαν
970 1439 1098 1509 (82).
1138 1436 1359 1508 Πρῶτον
1402 1435 1510 1506 γὰρ
1547 1434 1671 1505 τέρ-

80 1555 176 1590 πει
211 1538 314 1607 τὴν
345 1536 532 1605 ἀκοὴν,
561 1533 656 1587 καὶ
689 1532 859 1595 οὕτως
887 1530 1061 1595 ὸξύνει
1087 1530 1178 1583 τὸν
1211 1530 1355 1591 νοῦν,
1394 1528 1584 1598 νοῆσαι
1608 1525 1669 1577 τὸ

76 1627 385 1701 ἐρεθισθὲν·
433 1627 528 1679 καὶ
560 1626 682 1678 τότε
716 1623 988 1694 θυμωθεὶς
1022 1621 1231 1692 νομίζει
1262 1622 1485 1684 δικαίως
1515 1621 1667 1692 ὀργί-

76 1720 299 1783 ζεσθαι.
359 1717 481 1770 Ἐὰν
522 1717 589 1787 δὲ)
623 1715 796 1786 ζημίᾳ
829 1715 861 1786 ἢ
898 1715 1128 1785 ἁπολείᾳ
1178 1714 1286 1768 τινὶ
1333 1714 1667 1785 περιπέσητε

74 1811 240 1881 (85),
275 1811 462 1874 τέκνα,
503 1809 577 1879 μὴ
613 1806 887 1879 θροεῖσθε·
926 1807 1008 1859 ὅτι
1042 1807 1172 1860 αὐτὸ
1203 1807 1264 1860 τὸ
1296 1806 1511 1876 πνεῦμα
1545 1808 1663 1858 ἐπι-

72 1905 332 1975 θυμῆσαι
358 1904 502 1955 ποιεῖ
533 1898 626 1953 τοῦ
662 1899 996 1971 ἀπολομένου
1021 1939 1035 1962 ,
1073 1901 1160 1953 ἵνα
1193 1898 1414 1970 θυμωθῇ
1450 1898 1540 1952 διὰ
1571 1898 1665 1951 τοῦ

73 1997 273 2050 πόθου.
329 1993 451 2046 Ἐὰν
483 1993 541 2046 δὲ
571 1990 883 2063 ζημιωθῆτε
918 1990 1028 2062 (84)
1061 1992 1339 2055 ἑκουσίως,
1379 1990 1452 2061 μὴ
1482 1990 1666 2043 λυπεῖ-

70 2089 176 2141 σθε
199 2105 213 2116 ·
254 2087 363 2140 ἀπὸ
393 2085 502 2156 γὰρ
534 2086 711 2157 λύπης
745 2084 1015 2156 ἐγείρεται
1049 2082 1217 2153 θυμὸς
1254 2082 1388 2153 μετὰ
1416 2082 1662 2152 ψεύδους.

73 2179 247 2231 Ἔστι
294 2178 350 2230 δὲ
383 2176 724 2247 διπρόσωπον
757 2175 924 2229 κακὸν
948 2214 962 2239 ,
1000 2174 1168 2244 θυμὸς
1218 2174 1355 2245 μετὰ
1402 2173 1662 2243 ψεύδους,

70 2273 178 2327 καὶ
219 2270 551 2341 συνερῶνται
571 2270 840 2341 ἀλλήλοις,
859 2270 942 2322 ἵνα
964 2268 1240 2340 ταράξωσι
1260 2268 1321 2320 τὸ
1342 2266 1660 2320 διαῦούλιον·

70 2360 509 2431 ταρασσομένης
573 2360 629 2412 δέ
674 2360 773 2430 τῆς
821 2359 1001 2430 ψυχῆς
1054 2357 1327 2429 συνεχῶς,
1372 2357 1664 2426 ἀφίσταται

70 2452 413 2524 Κύριος(ἀπ’
435 2452 623 2521 αὐτῆς,
657 2452 750 2504 καὶ
785 2449 1026 2522 κυριεύει
1056 2450 1223 2519 αὐτῆς
1256 2451 1284 2501 ὁ
1305 2447 1518 2518 Βελιάρ.

151 2545 235 2597 Ε’.
279 2562 297 2595 ι
334 2542 607 2609 Φυλάξατε
640 2539 731 2596 οὖν
752 2583 766 2608 ,
796 2543 960 2596 τέκνα
1004 2559 1103 2613 μου
1124 2583 1137 2606 ,
1190 2540 1289 2605 τὰς
1322 2540 1539 2604 ἐντολὰς
1570 2541 1663 2596 τοῦ

72 2635 297 2705 Κυρίου
318 2675 331 2699 ,
379 2638 472 2689 κα)⁷
514 2635 607 2689 τὸν
639 2636 801 2706 νόμον
848 2634 1011 2689 αὐτοῦ
1043 2635 1350 2706 τηρήσατε·
1393 2632 1663 2705 ἀπόστητε

69 2726 135 2777 δὲ
174 2725 287 2777 ἀπὸ
318 2724 524 2795 θυμοῦ,
561 2728 653 2779 καὶ
687 2726 951 2797 μισήσατε
988 2724 1050 2778 τὸ
1090 2723 1300 2793 ψεῦδος,
1336 2724 1423 2777 ἵνα
1459 2723 1663 2794 Κύριος

72 2817 390 2887 κατοικήσῃ
425 2819 483 2870 ὲν
516 2818 667 2887 ὑμῖν.
706 2816 818 2889 (85)
873 2816 1152 2888 Ἀλήθειαν
1182 2815 1392 2869 λαλεῖτε
1418 2815 1663 2881 [ἕκαστος

76 2909 226 2979 πρὸς
258 2908 349 2961 τὸν
395 2907 619 2977 πλησίον
659 2908 821 2962 αὑτοῦ
845 2947 858 2971 ,
905 2909 999 2962 καὶ
1050 2908 1108 2959 οὐ
1148 2906 1221 2977 μὴ
1265 2906 1540 2977 ἐμπέσητε
1582 2907 1662 2969 εἰς

80 3002 250 3071 μῆνιν
290 3002 386 3053 καὶ
418 3000 681 3072 ταραχὰς,
720 2999 834 3053 ἀλλ’
879 2998 1066 3052 ἔσεσθε
1098 3000 1155 3050 ἐν
1194 2998 1403 3069 εἰρήνῃ,
1450 2998 1661 3069 ἔχοντες

1777 522 1877 576 tris
1909 521 2126 576 Satanae
2154 518 2414 583 ambulat,
2448 525 2506 570 ut
2537 517 2589 570 in
2618 515 2937 571 crudelitate
2974 525 3029 571 et
3054 517 3341 573 mendacio

1775 616 1905 667 liant
1931 622 2085 667 actus
2111 612 2250 681 ejus.

1844 703 1934 756 ιν.
1968 722 1987 753 ‹
2022 701 2364 771 Quapropter
2405 698 2688 768 intelligite
2728 696 3029 766 potentiam
3061 697 3175 762 irze,
3205 712 3345 767 quo-

1773 796 1920 849 niam
1945 809 2083 848 vana
2106 804 2208 847 est.
2235 791 2293 845 lu
2322 805 2574 845 sermone
2598 788 2746 842 enim
2766 788 3056 842 exacerbat
3078 788 3339 856 primum;

1772 885 1966 940 deinde
1998 884 2050 937 in
2095 882 2351 952 operibus
2398 878 2651 934 fortificat
2676 877 3011 931 stimulatum
3032 917 3047 942 ,
3074 884 3128 932 et
3156 876 3211 930 in
3241 877 3342 930 dae

1772 977 1915 1031 mnis
1942 974 2144 1029 amaris
2172 972 2465 1028 conturbat
2498 968 2787 1023 consilium
2812 968 2933 1037 ejus
2958 986 2970 1021 :
3007 976 3060 1022 et
3088 966 3161 1021 ita
3184 982 3345 1022 exsu—

1771 1070 1932 1125 scitat
1960 1069 2013 1122 in
2040 1068 2119 1122 ira
2140 1080 2335 1137 magna
2363 1065 2603 1119 animam
2636 1061 2773 1131 ejus.
2807 1059 3037 1126 Quando
3067 1059 3233 1129 igitur
3260 1059 3344 1113 lo-

1770 1159 1957 1229 quitur
1980 1158 2177 1229 aliquis
2198 1157 2487 1211 adversum
2505 1169 2625 1216 vos,
2645 1168 2712 1207 ne
2735 1151 3063 1206 moveamini
3090 1151 3143 1204 in
3164 1151 3300 1205 iram
3322 1168 3337 1218 ;

1770 1260 1825 1306 et
1853 1252 1898 1306 si
1928 1250 2052 1320 quis
2086 1248 2271 1303 laudet
2304 1263 2401 1301 vos
2436 1256 2493 1301 ut
2516 1246 2712 1310 bonos,
2743 1258 2810 1298 ne
2832 1243 3137 1309 elevemini,
3164 1258 3342 1313 neque

1772 1340 2213 1397 transmutemini
2244 1340 2327 1393 vel
2356 1339 2411 1392 in
2441 1336 2877 1401 delectationem,
2902 1335 2987 1388 vel
3014 1335 3070 1388 in
3101 1335 3340 1405 rigorem

1771 1433 1972 1487 vultus.
2004 1430 2251 1485 Primum
2288 1429 2435 1484 enim
2471 1428 2702 1482 delectat
2730 1426 2997 1489 auditum,
3037 1433 3092 1479 et
3119 1426 3192 1479 ita
3212 1439 3341 1479 exa-

1771 1525 1885 1581 cuit
1913 1532 2175 1587 mentem,
2213 1531 2272 1577 ut
2308 1521 2575 1591 intelligat
2617 1519 2763 1590 quod
2787 1517 3174 1588 exprobratum
3210 1525 3337 1571 est:

1770 1624 1824 1669 et
1847 1624 1976 1670 tunc
2009 1615 2181 1669 iratus
2207 1614 2485 1669 existimat
2508 1613 2655 1682 juste
2686 1610 2869 1665 irasci.
2903 1609 2959 1664 Si
2985 1610 3039 1664 in
3068 1611 3338 1679 jactttram

1771 1716 1864 1762 aut
1892 1707 2247 1776 perditionem
2274 1705 2513 1774 aliquam
2542 1703 2865 1767 incideritis,
2894 1702 3011 1769 filii,
3044 1717 3113 1756 ne
3134 1702 3340 1755 tumul-

1771 1799 2029 1865 tuemini;
2063 1798 2318 1869 quoniam
2368 1796 2459 1850 hic
2509 1795 2737 1865 spiritus
2782 1794 3167 1863 concupiscere
3210 1791 3341 1848 facit

1769 1891 1912 1960 quod
1937 1890 2206 1959 perditum
2237 1897 2341 1951 est,
2374 1896 2433 1940 ut
2464 1885 2736 1941 irascatur
2774 1901 2871 1956 per
2897 1885 3248 1940 desiderium.
3280 1883 3338 1939 Si

1769 1990 1950 2035 autem
1984 1980 2255 2050 jacturam
2280 1976 2559 2048 patiemini
2586 1977 2915 2041 voluntarie,
2943 1992 3011 2030 ne
3048 1976 3341 2032 contriste-

1768 2073 1930 2138 mini;
1966 2087 1996 2126 a
2021 2071 2239 2126 tristitia
2271 2071 2415 2125 enim
2441 2070 2736 2125 suscitatur
2766 2068 2847 2123 ira
2873 2084 2997 2131 cum
3028 2068 3335 2123 mendacio.

1766 2160 1864 2216 Est
1891 2170 2070 2215 autem
2101 2160 2303 2214 malum
2334 2157 2605 2229 duplicem
2637 2158 2842 2212 habens
2866 2157 3082 2225 faciem,
3106 2160 3185 2213 ira
3212 2174 3337 2214 cum

1767 2252 2084 2320 mendacio,
2134 2260 2188 2307 et
2220 2251 2606 2321 colloquuntur
2656 2258 2869 2316 mutuo,
2912 2258 2973 2305 ut
3014 2250 3339 2307 conturbent

1767 2347 2058 2402 consilium
2095 2365 2108 2400 :
2143 2346 2361 2403 turbata
2389 2353 2571 2399 autem
2598 2341 2781 2398 anima
2816 2343 3076 2400 continue
3136 2344 3339 2401 recedit
3436 2382 3439 2385 -

1766 2439 2033 2493 Dominus
2056 2439 2123 2492 ab
2146 2438 2291 2507 ipsa,
2323 2448 2378 2493 et
2405 2438 2719 2494 dominatur
2739 2437 2790 2493 ei
2821 2434 3016 2492 Beliar.

1838 2526 1904 2581 V.
1936 2547 1955 2580 ι
1984 2528 2267 2584 Custodite
2304 2543 2457 2598 ergo,
2491 2527 2585 2582 ﬁlii
2619 2527 2758 2595 mei,
2790 2528 3044 2583 mandata
3096 2526 3334 2594 Domini,

1764 2630 1829 2676 et“
1854 2618 2027 2692 legem
2064 2620 2184 2690 ejus
2229 2630 2470 2688 servate;
2510 2621 2745 2677 recedite
2787 2629 2969 2675 autem
3021 2619 3089 2675 ab
3130 2621 3246 2685 ira,
3284 2628 3339 2675 et

1766 2714 1893 2769 odio
1923 2714 2118 2767 habete
2146 2712 2514 2780 mendacium,
2547 2723 2607 2769 ut
2631 2712 2897 2768 Dominus
2924 2712 3131 2768 habitet
3160 2713 3217 2766 in
3241 2728 3338 2767 vo-

1763 2805 1868 2872 bis,
1900 2814 1953 2859 et
1984 2804 2158 2876 fugiat
2204 2821 2235 2859 a
2272 2806 2428 2861 vobis
2464 2806 2660 2861 Beliar.
2695 2801 2993 2860 Veritatem
3032 2803 3338 2875 loquamini

1765 2898 2147 2967 unusquisque
2184 2898 2250 2952 ad
2276 2898 2587 2967 proximum
2613 2913 2773 2953 suum
2796 2939 2811 2965 ,
2842 2907 2896 2953 et
2936 2912 3045 2952 non
3082 2896 3338 2954 incidetis

1765 2992 1820 3045 in
1853 2991 1989 3046 iram
2027 3000 2082 3045 et
2112 2991 2482 3058 turbationes;
2510 2992 2604 3047 sed
2628 2992 2781 3047 eritis
2803 2993 2857 3046 in
2881 3008 3035 3062 pace,
3072 2993 3339 3048 habentes

76 3095 176 3145 τὸν
199 3092 333 3145 Θεὸν
354 3090 455 3162 τῆς
478 3093 720 3163 εἰρήνης,
738 3092 832 3145 καὶ
862 3091 921 3143 οὐ
954 3090 1028 3161 μὴ
1056 3088 1355 3161 κατισχύσῃ
1382 3088 1489 3159 (86)
1509 3088 1659 3159 ὑμῶν

1771 3081 1936 3137 Deum
1965 3082 2149 3151 pacis;
2180 3093 2234 3138 et
2275 3097 2384 3136 non
2420 3080 2733 3151 praevalebit
2760 3083 3049 3138 adversum
3081 3098 3180 3139 vos
3221 3080 3340 3138 bel-

77 3185 343 3255 πόλεμος.
377 3185 644 3252 Ἀγαπᾶτε
668 3182 759 3236 τὸν
782 3182 984 3252 Κύριον
1006 3182 1064 3234 ἐν
1086 3182 1231 3252 πάσῃ
1254 3182 1320 3252 τῇ
1356 3179 1466 3251 ζωῇ
1485 3178 1660 3250 ὑμῶν,

79 3279 181 3331 καὶ
215 3276 475 3348 ἀλλήλους
514 3279 571 3329 ἐν
620 3275 841 3347 ἀληθινῇ
895 3275 1108 3346 καρδίᾳ.
1153 3271 1283 3327 Οἶδα
1320 3273 1448 3344 γὰρ,
1496 3273 1577 3325 ὅτι
1605 3274 1663 3325 ἐν

79 3369 345 3438 ἐσχάταις
368 3368 601 3440 ἡμέραις
633 3368 1001 3439 ἀποστήσεσθε
1016 3366 1110 3420 τοῦ
1122 3366 1349 3437 Κυρίου,
1372 3366 1466 3419 καὶ
1494 3381 1664 3435 προσ-

78 3462 323 3533 οχθιεῖτε
366 3461 457 3514 τὸν
510 3459 676 3524 Λευτ,
721 3461 815 3514 καὶ
857 3458 995 3530 πρὸς
1038 3457 1237 3513 Ἰούδαν
1284 3456 1657 3521 ἁντιτάξεσθε’

79 3553 200 3607 ἀλλ’
257 3552 318 3604 ού
363 3552 651 3624 δυνήσεσθε
701 3552 836 3624 πρὸς
867 3552 1081 3615 αὐτούς.
1120 3549 1381 3619 Ἀγγελος
1409 3549 1517 3620 γὰρ
1548 3550 1661 3601 Κυ-

82 3645 206 3715 ρίου
224 3643 408 3714 ὁδηγεῖ
422 3643 733 3715 ὲκατέρους,
755 3643 835 3695 ὅτι
852 3644 909 3695 ἐν
934 3644 1116 3705 αὐτοῖς
1144 3642 1399 3713 στήσεται
1427 3639 1658 3709 Ἰσραήλ.

82 3733 201 3787 Καὶ
233 3732 309 3795 ὡς
344 3731 409 3785 ἂν
443 3732 712 3802 ἀποστῆτε
757 3731 867 3785 ἀπὸ
911 3732 1148 3803 Κυρίου,
1199 3731 1256 3783 ἐν
1299 3730 1446 3801 πάσῃ
1494 3730 1662 3800 κακίᾳ

83 3823 408 3895 πορεύεσθε,
438 3822 713 3887 ποιοῦντες
734 3823 1073 3894 βδελύγματα
1103 3822 1291 3887 ἐθνῶν,
1312 3822 1665 3895 ἐκπορνεύον-

79 3930 179 3976 τες
212 3914 273 3965 ἐν
305 3912 547 3981 γυναιξὶν
579 3913 813 3984 ἀνόμων,
845 3914 939 3968 καὶ
970 3915 1029 3965 ἐν
1063 3914 1208 3984 πάσῃ
1248 3914 1484 3985 πονηρίᾳ
1510 3916 1662 3986 ἐνερ-

80 4002 333 4074 γούντων
365 4005 421 4056 ὲν
456 4005 583 4075 ὑμῖν
622 4005 731 4058 τῶν
763 4004 1087 4074 πνευμάτων
1114 4004 1215 4074 τῆς
1250 4004 1476 4075 πλάνης.
1516 4003 1663 4058 Ἀνέ-

80 4110 233 4163 γνων
269 4092 376 4163 γὰρ
406 4095 464 4147 ἐν
496 4093 661 4164 βίϐλῳ
707 4092 873 4162 Ἑνὼχ
902 4092 995 4145 τοῦ
1036 4092 1265 4156 δικαίου,
1301 4093 1383 4145 ὅτι
1412 4094 1440 4144 ὁ
1480 4092 1663 4165 ἄρχων

82 4182 247 4253 ὑμῶν
285 4186 429 4238 ἐστιν
466 4188 494 4238 ὁ
526 4185 802 4248 Σατανᾶς,
846 4184 940 4236 καὶ
963 4185 1043 4236 ὅτι
1069 4182 1246 4236 πάντα
1278 4182 1347 4235 τὰ
1378 4182 1663 4253 πνεύματα

79 4274 192 4342 τῆς
236 4275 488 4346 πορνείας
526 4275 621 4328 καὶ
670 4274 769 4345 τῆς
810 4273 1215 4344 ύπερηφανείας
1246 4272 1325 4343 τῷ
1362 4271 1493 4325 Λευῒ
1526 4274 1665 4326 ὑπα-

82 4364 411 4428 κούσονται,
459 4363 553 4418 τοῦ
605 4364 959 4435 παρεδρεύειν
1011 4366 1123 4427 τοῖς
1166 4365 1300 4425 υἱοῖς
1350 4361 1514 4427 Λευῒ,
1568 4362 1662 4415 τοῦ

1766 3176 1899 3229 lttm.
1928 3175 2143 3247 Diligite
2169 3173 2462 3247 Dominum
2488 3176 2543 3229 in
2580 3175 2729 3229 omni
2758 3175 2868 3229 vita
2890 3184 3093 3244 vestra,
3136 3186 3190 3231 et
3211 3190 3337 3231 vos-

1763 3273 1875 3320 met
1902 3266 2132 3320 invicem
2183 3266 2240 3319 in
2286 3265 2467 3320 veraci
2491 3266 2675 3320 corde.
2708 3261 2843 3319 Novi
2886 3266 3054 3333 enim,
3092 3265 3240 3336 quod
3279 3268 3334 3321 in

1762 3357 1972 3412 ultimis
2007 3358 2198 3412 diebus
2252 3358 2519 3412 recedetis
2556 3372 2585 3411 a
2632 3355 2896 3423 Domino,
2947 3364 3003 3412 et
3051 3353 3336 3414 oﬂ‘endetis

1762 3447 1913 3513 Levi,
1962 3456 2016 3502 et
2055 3444 2208 3502 Juda:
2234 3448 2526 3514 resistetis;
2567 3448 2661 3503 sed
2698 3461 2807 3501 non
2849 3448 3175 3518 superabitis
3214 3465 3331 3506 eos.

1761 3539 2000 3609 Angelus
2035 3538 2181 3591 enim
2220 3537 2438 3592 Domini
2468 3538 2619 3593 ducit
2660 3546 2942 3608 utrosque,
2982 3540 3244 3609 quoniam
3278 3542 3333 3596 in

1764 3630 1899 3700 ipsis
1933 3630 2101 3684 stabit
2129 3629 2314 3684 Israel.
2357 3629 2425 3684 Et
2461 3645 2585 3684 cum
2627 3630 2890 3686 recedetis
2916 3646 2947 3685 a
2991 3631 3245 3700 Domino,
3278 3634 3333 3689 in

1763 3726 1912 3779 omni
1942 3724 2150 3777 malitia
2192 3722 2566 3792 ambulabitis,
2608 3723 2870 3782 facientes
2898 3728 3335 3785 abominationes

1760 3816 2026 3887 gentium,
2064 3822 2367 3871 scortantes
2394 3831 2518 3870 cum
2559 3817 2881 3873 mulieribus
2915 3819 3252 3890 iniquorum,
3279 3829 3332 3877 et

1762 3907 1815 3960 in
1848 3907 1998 3961 omni
2041 3907 2249 3962 malitia
2290 3908 2581 3977 spirituum
2626 3911 2831 3965 erroris
2876 3913 3222 3980 operantium
3275 3916 3332 3969 in

1761 3997 1937 4052 vobis.
1978 3996 2107 4067 Legi
2152 3998 2296 4051 enim
2328 3998 2383 4051 in
2415 3998 2555 4054 libro
2595 3997 2783 4055 Enoch
2809 4000 2964 4071 justi,
3008 4004 3153 4073 quod
3183 4006 3329 4075 prin-

1763 4104 1888 4158 ceps
1913 4097 2089 4144 vester
2109 4098 2191 4146 est
2217 4088 2467 4159 Satanas,
2502 4101 2555 4146 et
2584 4095 2728 4161 quod
2752 4109 2943 4149 omnes
2973 4096 3197 4165 spiritus
3220 4098 3331 4153 for-

1762 4179 2055 4234 nicationis
2076 4188 2130 4234 et
2151 4181 2420 4249 superbiae
2442 4179 2573 4237 Levi
2595 4184 2849 4238 obedient
2868 4223 2885 4251 ,
2917 4190 2978 4237 ut
3006 4185 3333 4241 insidientur

1763 4274 1890 4330 filiis
1911 4273 2062 4344 Levi,
2084 4284 2139 4331 et
2164 4276 2368 4333 faciant
2394 4294 2491 4334 eos
2515 4295 2742 4348 peccare
2771 4296 2955 4336 coram
2991 4282 3240 4339 Domino.
3266 4284 3333 4339 Et

1766 4363 1862 4418 ﬁlii
1887 4365 1996 4420 mei
2023 4368 2461 4438 apprOpinquant
2484 4368 2642 4437 Levi,
2674 4380 2726 4425 et
2764 4371 2927 4426 simul
2955 4383 3180 4442 peccant
3204 4390 3328 4429 cum

86 4457 269 4510 ποιεῖν
312 4455 505 4519 αὐτοὺς
563 4454 956 4525 ἐξαμαρτάνειν
1000 4453 1230 4507 ἐνώπιον
1278 4452 1505 4522 Κυρίου.
1554 4451 1659 4504 Καὶ

1771 4458 1849 4512 eis
1888 4459 1942 4513 in
1988 4461 2282 4515 omnibus:
2318 4470 2371 4517 et
2401 4463 2496 4517 filii
2520 4462 2670 4518 Judae
2695 4475 2853 4520 erunt
2882 4467 2935 4521 in
2962 4468 3209 4531 avaritia,
3242 4486 3332 4523 ra-

84 4548 200 4603 υἱοί
228 4566 329 4619 μου
356 4549 663 4617 ἐγγίζοντες
692 4549 798 4601 εἰσι
826 4548 905 4619 τῷ
937 4546 1086 4610 Λευῖ,
1121 4546 1213 4599 καὶ
1253 4543 1661 4615 συνεξαμαρτά-

86 4656 277 4702 νοντες
317 4640 495 4701 αὐτοῖς
542 4641 599 4691 ἐν
645 4639 810 4691 πᾶσι·
846 4638 941 4690 καὶ
990 4637 1096 4688 uio).
1137 4635 1305 4688 Ἰούδα
1349 4634 1560 4689 ἔσονται
1605 4634 1663 4685 ἐν

86 4728 379 4800 πλεονεξίᾳ
406 4770 420 4793 ,
451 4728 787 4801 ἁρπάζοντες
817 4728 886 4781 τὰ
917 4727 1169 4798 ἀλλότρια
1206 4726 1281 4789 ὡς
1313 4723 1665 4805 λέοντες.

84 4820 251 4873 τοῦτο
284 4818 663 4890 ἁπαχθήσεσθε
695 4820 791 4873 σὺν
813 4819 998 4882 αὐτοῖς
1021 4820 1078 4872 ὲν
1111 4815 1477 4887 αἰχμαλωσίᾳ,
1504 4802 1665 4866 κάκεῖ

87 4910 435 4982 ἀπολήψεσθε
459 4910 637 4973 πάσας
664 4908 763 4972 τὰς
798 4908 1011 4979 πληγὰς
1030 4907 1329 4975 Αἰγύπτου,
1365 4907 1458 4959 καὶ
1483 4905 1663 4967 πάσας

89 5004 358 5074 πονηρίας
385 5002 494 5056 τῶν
514 5002 681 5055 ἐθνῶν
700 5018 713 5033 ο
750 5004 845 5056 καὶ
877 5001 1048 5064 οὕτως
1081 5000 1504 5071 ἐπιστρέψαντες
1527 4998 1663 5069 πρὸς

80 5094 318 5164 Κύριον,
341 5093 715 5165 ἐλεηθήσεσθε,
742 5096 836 5149 κα)¹
871 5094 987 5159 ἄξει
1015 5093 1158 5163 ὑμᾶς
1187 5093 1266 5154 εἰς
1309 5090 1370 5142 τὸ
1414 5090 1663 5160 ἁγίασμα

88 5186 281 5251 αὑτοῦ,
318 5187 453 5258 βοῶν
488 5189 614 5259 ὑμῖν
638 5190 874 5260 εἰρήνην.
907 5186 1016 5239 Καὶ
1044 5186 1290 5239 ἀνατελεῖ
1320 5186 1444 5255 ὑμῖν
1470 5186 1533 5238 ἐκ
1561 5184 1660 5255 τῆς

304 5321 653 5392 ῌαροξύνει.
682 5320 1064 5392 Παροξύνεται.
1098 5319 1268 5392 Grut}.

167 5388 282 5461 (:19)
322 5388 784 5460 Ἐρεθιζόμενον.’
806 5390 1203 5461 Ὀργιζόμενον.
1230 5389 1304 5444 lo.

305 5458 576 5532 Πιὸιραῒςξ
602 5458 959 5532 Μικραῖςβιιξ.

168 5528 281 5667 (81)
325 5528 622 5601 Ἀγξαθούςκ
663 5528 891 5599 Ἀγίους.
920 5530 996 5585 ID.

192 5598 282 5667 82)
326 5601 594 5655 Ἀειδίαν.
637 5601 868 5667 Ἀηδίαν.
901 5602 974 5655 Ib.

192 5598 282 5655 82)
326 5598 594 5655 Ἀὲιδίαν.
637 5598 868 5655 Ἀηδίαν.
901 5602 974 5655 In.

169 5668 282 5751 ςὲῖῖὶ
305 5671 689 5751 {emittente
720 5668 1014 5751 Περιπέσιι-
1043 5674 1119 5727 Ino

170 5727 284 5809 (84)
325 5727 464 5797 Ἐἲιν
488 5738 555 5795 δὲ
580 5727 914 5812 ὄψιωθῆτε.
953 5727 1155 5800 Desunt
1180 5742 1365 5800 omnia
1396 5756 1568 5814 usque
1591 5740 1659 5796 ad

1764 4550 1973 4618 pientes
2006 4552 2181 4607 aliena
2211 4561 2272 4607 ut
2315 4554 2521 4609 leones.
2566 4553 2794 4625 Propter
2836 4558 2942 4613 hoc
2985 4559 3329 4615 abduceminl

1766 4659 1889 4699 cum
1927 4644 2008 4699 eis
2050 4645 2106 4698 in
2134 4647 2518 4718 captivitatem
2544 4691 2558 4717 ,
2593 4660 2645 4705 et
2671 4652 2782 4706 illic
2811 4653 3083 4721 recipietis
3136 4668 3328 4710 omnes

1763 4735 1950 4804 plagas
1972 4733 2213 4808 Egypti,
2243 4747 2296 4792 et
2325 4754 2516 4796 omnes
2546 4744 2841 4810 pravitates
2864 4744 3102 4812 gentium
3130 4760 3143 4796 :
3170 4755 3224 4799 et
3255 4747 3327 4801 ita

1763 4835 2098 4883 revertentes
2127 4828 2193 4883 ad
2227 4828 2520 4886 Dominum
2557 4832 2988 4888 misericordiam
3031 4850 3329 4906 conseque-

1763 4920 1916 4985 mini,
1950 4929 2004 4974 et
2030 4920 2192 4977 ducet
2212 4937 2307 4977 vos
2333 4922 2388 4976 in
2419 4923 2902 4977 sanctilicationem
2924 4924 3064 4993 ejus,
3087 4926 3329 4983 clamans

1762 5010 1919 5066 vobis
1939 5026 2150 5082 pacem.
2185 5010 2252 5066 Et
2289 5013 2497 5068 orietur
2526 5013 2682 5069 vobis
2703 5029 2768 5068 ex
2796 5015 2937 5069 tribu
2958 5015 3093 5071 Juda
3121 5027 3174 5072 et
3200 5018 3326 5074 Levi

1763 5102 2002 5159 salutare
2046 5102 2312 5159 Domini:
2366 5116 2421 5160 et
2469 5105 2586 5175 ipse
2630 5104 2795 5160 faciet
2842 5108 3103 5164 adversus
3151 5109 3327 5166 Beliar

1761 5196 2042 5265 praelium,
2089 5203 2146 5252 et
2194 5196 2463 5253 ultionem
2493 5197 2739 5254 victoriae
2780 5197 2933 5254 dabit
2961 5200 3203 5257 terminis
3236 5217 3327 5256 ve-

1761 5331 1925 5387 flnem
1956 5332 2121 5401 hujus
2150 5332 2497 5402 paragraphi.
2527 5330 2605 5387 In.

1832 5400 2310 5473 (85))‘A’tho’smr.
2335 5400 2473 5456 Hinc
2502 5403 2556 5473 in
2585 5402 2762 5457 Oxon.
2794 5412 2849 5457 et
2876 5401 3104 5455 Cantab.
3136 5400 3326 5457 codice

1763 5471 2005 5527 clausula
2027 5472 2217 5526 deesse
2239 5473 2469 5526 videtur.
2504 5471 2578 5525 In.

1833 5541 1942 5613 (86)
1973 5541 2084 5595 Kal
2125 5544 2195 5595 οὺ
2222 5540 2307 5610 μὴ
2348 5543 2705 5611 κατισχύσςῑ.
2741 5540 2933 5595 Omnia
2971 5542 3023 5594 in
3072 5542 3172 5597 Ox.
3201 5543 3321 5595 cod.

1762 5610 1957 5696 desunt
1988 5613 2250 5696 usguenad
2288 5618 2403 5696 ista.
2433 5610 2710 5696 sequentis
2754 5614 3075 5683 paragraphi
3109 5614 3266 5667 verba
3311 5627 3323 5664 :

1763 5680 1859 5735 καὶ
1886 5680 1953 5735 ἐν
1980 5681 2102 5748 τοῖς
2128 5682 2328 5735 ἔθνεσι
2358 5680 2576 5751 Σωτήρ.
2607 5681 2682 5736 fr.
