3830 6216
508 330 647 388 1103

1534 337 2002 395 TESTAMENTA
2061 338 2153 392 XII
2216 340 2836 399 PATRIARCIIARUM.

3650 348 3791 403 11οὶ

503 450 654 506 stris.
693 444 759 504 Et
786 452 999 508 animas
1026 462 1344 509 sanctorum
1369 456 1617 525 captivas
1648 458 1899 514 liberabit
1924 474 1953 512 a
1979 456 2074 513 Be-

2200 460 2365 513 Ἰούδα
2420 462 2511 516 καὶ
2568 460 2698 514 Λευῒ
2748 462 2809 515 τὸ
2865 462 3131 532 σωτήριον
3182 462 3423 534 Κυρίου’
3463 463 3559 515 κα)⁸
3621 465 3791 529 αὐτὸς

502 543 626 609 liar,
656 551 710 597 et
744 555 1022 598 convertet
1050 548 1213 601 corda
1243 548 1523 603 incredula
1568 550 1635 603 ad
1672 549 1986 615 Dominum,
2026 559 2078 603 et

500 634 653 688 dabit
677 635 1064 691 invocantibus
1090 654 1213 691 eum
1248 654 1437 707 pacem
1464 650 1721 695 aeternam
1744 682 1758 706 ,
1785 649 1838 695 et
1862 640 2078 711 requie-

502 734 655 779 scent
683 724 734 779 in
763 727 908 783 Eden
931 730 1127 795 sancti,
1154 738 1207 783 et
1238 731 1291 784 in
1323 746 1462 785 nova
1488 730 1789 786 Jerusalem
1814 732 2081 786 lartabun~

501 817 764 887 turjusti,
801 835 924 887 qua:
959 821 1063 874 erit
1096 820 1149 874 in
1181 820 1630 891 glorificationem
1677 822 1773 876 Dei
1814 837 1984 892 usque
2024 822 2077 875 in

500 908 784 962 saeculum.
827 908 894 962 Et
917 925 1026 963 non
1052 911 1291 981 amplius
1320 912 1616 966 sustinebit
1653 911 1958 967 Jerusalem
1983 912 2080 967 de-

499 998 848 1066 solationem,
873 1017 1051 1070 neque
1078 1003 1325 1071 captivus
1347 1003 1578 1058 ducetur
1601 1003 1795 1070 Israel;
1819 1004 2081 1074 quoniam

499 1086 765 1146 Dominus
794 1094 897 1147 erit
942 1095 996 1147 in
1048 1096 1230 1149 medio
1276 1096 1420 1165 ejus,
1456 1112 1581 1151 cum
1612 1097 1930 1153 hominibus
1953 1112 2084 1152 con-

494 1191 769 1250 versatus,
798 1193 851 1238 ct
876 1197 1102 1241 sanctus
1150 1186 1312 1241 Israel
1360 1204 1593 1258 regnans
1641 1204 1806 1260 super
1840 1190 1989 1259 ipsos
2026 1190 2081 1243 in

496 1270 810 1329 humilitate
836 1284 891 1329 et
921 1285 1244 1347 paupertate
1273 1295 1286 1331 :
1318 1287 1372 1333 et
1398 1279 1494 1347 qui
1522 1279 1692 1334 credit
1724 1280 1778 1333 in
1814 1296 1962 1348 eum,
1992 1296 2080 1337 re-

497 1364 684 1432 gnabit
708 1366 759 1419 in
786 1368 1015 1424 veritate
1041 1370 1094 1423 in
1120 1371 1297 1426 caelis.

2187 555 2400 624 ποιήσει
2436 553 2570 625 πρὸς
2606 552 2699 607 τὸν
2732 553 2930 624 Βελιάρ
2960 554 3213 624 πόλεμον,
3246 556 3337 607 καὶ
3366 555 3464 626 τὴν
3496 556 3791 626 ἐκδίκησιν

2183 643 2277 697 τοῦ
2314 644 2497 707 νίκους
2527 642 2686 697 δώσει
2718 645 2950 716 πέρασιν
2998 645 3172 716 ὑμῶν.
3217 646 3327 698 Καὶ
3351 647 3451 717 τὴν
3487 648 3791 718 αἰχμαλω-

2188 736 2308 789 σίαν
2336 737 2473 808 λάϐῃ
2502 737 2609 790 ἀπὸ
2634 738 2726 790 τοῦ
2752 738 2950 809 Βελιάρ
2972 738 3149 809 ψυχὰς
3178 738 3371 807 ἁγίων,
3400 741 3493 792 καὶ
3519 740 3789 811 ἐπιστρέ-

2185 826 2273 895 ψει
2326 829 2555 899 καρδίας
2600 828 2845 892 ἀπειθεῖς
2881 828 3017 899 πρὸς
3066 827 3302 899 Κύριον,
3332 831 3425 883 καὶ
3452 829 3625 883 δώσει
3679 835 3791 894 τοῖς

2188 919 2641 990 ἐπικαλουμένοις
2680 919 2841 973 αὑτὸν
2872 921 3095 991 εἰρήνην
3123 918 3356 984 αἰώνιον,
3398 923 3493 974 καὶ
3530 924 3795 977 ἀναπαύ-

2189 1027 2371 1064 σονται
2394 1012 2450 1063 ἐν
2485 1011 2644 1081 Ἐδέμ
2674 1012 2841 1079 ἀγιοι,
2872 1012 2967 1065 κα)⁵
3000 1012 3092 1065 ἐπὶ
3117 1011 3216 1081 τῆς
3257 1012 3383 1076 νέας
3421 1013 3795 1085 Ἰερουσαλὴμ

2185 1102 2653 1175 εὐφρανθήσονται
2680 1104 2899 1169 δίκαιοι,
2924 1104 3047 1175 ἥτις
3077 1102 3229 1157 ἔσται
3257 1105 3338 1168 είς
3360 1104 3617 1175 δόξασμα
3650 1105 3790 1157 Θεοῦ

2184 1191 2289 1255 ἔως
2322 1192 2416 1245 τοῦ
2455 1194 2669 1257 αἰῶνος.
2710 1195 2822 1248 Ka‘t
2856 1196 2956 1247 οὐκ
2998 1195 3077 1248 ἔτι
3120 1194 3382 1265 ὑπομένει
3419 1196 3793 1269 Ἰερουσαλὴμ

2183 1284 2486 1355 ἐρήμωσιν,
2517 1286 2636 1339 οὐδὲ
2666 1286 3131 1357 αίχμαλωτίσεται
3173 1287 3407 1359 Ἰσραὴλ,
3450 1290 3535 1341 ὅτι
3573 1288 3791 1359 Κύριος

2182 1374 2336 1428 ἔσται
2370 1370 2428 1431 ἐν
2460 1378 2611 1449 μέσῳ
2640 1380 2832 1449 αὐτῆς,
2857 1382 2969 1443 τοῖς
3001 1379 3312 1450 ἀνθρώποις
3343 1383 3792 1453 συναναστρεφό-

499 1476 659 1529 μενος
686 1458 819 1530 (87),
847 1461 941 1513 κα)⁹
976 1460 1127 1529 ἆγιος
1169 1460 1388 1533 Ἰσραὴλ
1420 1459 1717 1529 βασιλεύων
1753 1462 1841 1515 ἐπ’
1879 1463 2077 1527 αὐτοὺς
2113 1464 2172 1516 ἐν
2210 1464 2536 1519 ταπεινώσει
2583 1468 2678 1521 καὶ
2720 1470 2776 1521 ἐν
2831 1470 3108 1540 πτωχεία·
3154 1471 3248 1522 καὶ
3277 1472 3305 1522 ὁ
3369 1471 3653 1524 πιστεύων
3702 1475 3790 1523 ἐπ’

495 1552 643 1624 αύτῷ
671 1552 980 1625 βασιλεύσει
1012 1554 1070 1607 ἐν
1101 1552 1327 1625 ἀληθεία
1356 1556 1412 1606 ἐν
1438 1557 1551 1616 τοῖς
1577 1554 1842 1624 οὐρανοῖς.

568 1643 657 1699 VI.
696 1663 714 1695 ι
753 1645 817 1699 Et
851 1661 999 1700 nunc
1035 1646 1219 1700 timete
1260 1645 1550 1699 Dominum
1575 1688 1589 1711 ,
1615 1646 1711 1698 lilii
1754 1646 1892 1709 mei,
1920 1655 1971 1700 et
2000 1655 2074 1701 at-

2260 1649 2348 1713 ς’.
2380 1664 2398 1696 ι
2429 1646 2540 1699 Καὶ
2568 1645 2661 1699 νῦν
2686 1646 2958 1718 φοϐήθητε
2984 1647 3076 1699 τὸν
3101 1646 3323 1717 Κύριον,
3350 1648 3514 1700 τέκνα
3534 1665 3668 1718 μου,
3693 1649 3793 1702 καὶ

500 1740 705 1794 tendite
752 1738 1163 1807 vobismetipsis
1198 1753 1227 1791 a
1284 1736 1487 1791 Satana
1536 1746 1590 1791 et
1620 1737 1901 1806 spiritibus
1938 1738 2076 1808 ejus.

494 1831 945 1902 Appropinquate
975 1839 1155 1884 autem
1189 1827 1321 1896 Deo,
1351 1840 1403 1883 et
1425 1828 1618 1899 angelo
1639 1830 1922 1884 excusanti
1945 1845 2078 1894 vos;

494 1923 754 1993 quoniam
790 1922 880 1976 hic
908 1930 995 1977 est
1040 1920 1308 1975 mediator
1343 1918 1436 1974 Dei
1469 1931 1523 1975 et
1554 1920 1835 1975 hominum
1860 1960 1875 1986 ,
1906 1921 1959 1974 in
1986 1936 2081 1989 pa-

494 2032 613 2072 cem
642 2014 830 2070 Israel.
865 2014 1067 2070 Contra
1104 2029 1333 2084 regnum
1368 2012 1578 2067 inimici
1612 2013 1815 2079 stabit;
1842 2028 2081 2083 quapro-

494 2121 614 2180 pter
646 2110 829 2165 studet
860 2108 1119 2163 inimicus
1172 2107 1490 2161 subvertere
1535 2122 1727 2161 omnes
1763 2106 2079 2162 invocantes

494 2201 810 2257 Dominum.
859 2199 1023 2255 Novit
1069 2198 1238 2265 enim,
1264 2197 1413 2268 quod
1456 2197 1510 2251 in
1536 2213 1642 2267 qua
1671 2198 1759 2251 die
1791 2198 2081 2253 crediderit

447 2296 464 2313 '
492 2290 683 2359 Israel,
706 2291 1187 2349 consummabitur
1228 2305 1455 2361 regnum
1502 2288 1730 2343 inimici.
1765 2288 1882 2360 Ipse
1919 2304 2079 2359 ange-

494 2386 579 2465 lus
611 2388 761 2458 pacis
789 2385 1106 2441 Iortilicabit
1142 2382 1328 2449 Israel,
1361 2399 1428 2437 ne
1458 2382 1663 2437 incidat
1684 2382 1740 2435 in
1770 2384 1932 2436 linem
1962 2396 2077 2435 ma-

493 2479 695 2534 lorum.
731 2478 787 2532 In
818 2486 1064 2547 tempore
1094 2484 1274 2530 autem
1308 2476 1613 2544 iniquitatis
1652 2474 1817 2530 Israel
1864 2475 2073 2529 recedet

492 2571 564 2626 ab
591 2570 673 2625 eis
704 2568 992 2634 Dominus,
1030 2568 1284 2623 transibit
1326 2578 1450 2637 post
1492 2567 1781 2622 facientem
1825 2566 2077 2621 volunta-

495 2672 603 2717 tem
648 2662 842 2731 ipsius,
895 2661 1156 2730 quoniam
1210 2660 1348 2713 nulli
1404 2658 1721 2728 angelorum
1768 2659 1870 2714 erit
1904 2668 1965 2713 ut
2004 2658 2074 2713 ei.

494 2750 704 2805 Nomen
732 2750 851 2820 ejus
875 2752 978 2805 erit
1008 2751 1062 2804 in
1089 2750 1240 2805 omni
1283 2751 1407 2805 loco
1448 2749 1613 2805 Israel
1641 2759 1695 2804 et
1737 2751 1791 2803 in
1825 2751 2077 2820 gentibus

497 2841 766 2898 Salvator.
796 2842 1133 2897 Conservate
1176 2843 1341 2912 igitur
1384 2845 1780 2914 vosmetipsos,
1813 2844 1908 2898 lilii
1947 2845 2074 2909 mei,

498 2934 569 2988 ab
596 2934 745 2988 omni
772 2949 937 3003 opere
966 2934 1300 3003 pernicioso,
1326 2942 1379 2989 et
1406 2935 1622 3004 abjicite
1654 2937 1790 2990 iram
1830 2944 1885 2990 et
1914 2951 2077 2990 omne

496 3025 863 3090 mendacium,
886 3034 942 3079 et
963 3026 1169 3096 diligite
1197 3026 1481 3082 veritatem
1503 3036 1556 3081 et
1579 3028 2073 3098 longanimitatem,

494 3128 545 3173 et
571 3134 693 3188 qua:
716 3117 1000 3172 audivistis
1023 3134 1053 3171 a
1090 3128 1242 3187 patre
1268 3130 1472 3183 vestro,
1503 3119 1701 3173 tradite
1732 3128 1788 3173 et
1818 3135 1917 3174 vos
1948 3120 2074 3175 liliis

495 3208 714 3273 vestris,
757 3216 817 3262 ut
865 3208 1095 3278 recipiat
1135 3223 1233 3262 vos
1281 3206 1442 3263 Pater
1474 3210 1717 3279 gentium
1748 3226 1761 3260 :
1790 3210 1894 3264 erit
1927 3211 2073 3264 enim

498 3315 660 3354 verax
686 3308 740 3353 et
769 3300 1121 3370 longanimis,
1158 3310 1482 3355 mansuetus
1520 3310 1573 3355 et
1616 3301 1867 3364 humilis,
1898 3310 1952 3357 et
1977 3302 2076 3357 do-

494 3403 625 3443 cens
654 3401 748 3455 per
786 3402 949 3456 opera
992 3388 1162 3458 legem
1210 3387 1321 3443 Dei.
1351 3387 1621 3443 Discedite
1652 3406 1783 3460 ergo
1822 3391 1892 3445 ab
1926 3392 2075 3445 omni

495 3480 783 3549 injustitia,
817 3489 867 3535 et
894 3479 1165 3535 adhaeretc
1188 3478 1414 3549 justitiae
1450 3481 1583 3551 legis
1614 3480 1851 3536 Domini.
1890 3480 1951 3537 Et
1986 3497 2071 3536 se-

494 3572 656 3641 pelite
680 3587 766 3625 me
798 3588 963 3645 prope
988 3579 1169 3641 patres
1198 3586 1370 3627 meos.
1410 3592 1430 3625 ι

2185 1738 2479 1810 προσέχετε
2509 1740 2725 1801 ἑαυτοῖς
2755 1737 2863 1791 ἀπὸ
2900 1738 2995 1790 τοῦ
3021 1740 3255 1801 Σατανᾶ,
3284 1740 3511 1793 καὶτῶν
3535 1742 3791 1811 πνευμά-

2181 1846 2290 1884 των
2312 1830 2499 1883 αὑτοῦ.
2539 1829 2816 1899 Ἑγγίςετε
2852 1830 2911 1883 δέ
2934 1830 3013 1901 τῷ
3036 1830 3174 1901 Θεῷ,
3201 1833 3295 1884 καὶ
3337 1831 3414 1901 τῷ
3455 1833 3683 1903 ἀγγέλῳ
3709 1833 3790 1902 τῷ

2183 1921 2603 1992 παραιτουμένῳ
2628 1921 2793 1991 ὑμᾶς’
2824 1921 2907 1973 ὅτι
2942 1915 3097 1985 οὗτός
3120 1923 3235 1975 ἐστι
3265 1922 3493 1993 μεσίτης
3519 1923 3665 1976 Θεοῦ
3691 1925 3789 1975 καὶ

2183 2007 2507 2079 ἀνθρώπων,
2534 2009 2627 2061 ἐπὶ
2649 2009 2751 2079 τῆς
2792 2010 3016 2080 εἰρήνης
3052 2011 3286 2082 Ἰσραήλ.
3331 2013 3645 2066 Κατέναντι
3683 2014 3789 2081 τῆς

2184 2099 2465 2169 βασιλείας
2490 2100 2585 2153 τοῦ
2611 2099 2808 2172 ἐχθροῦ
2836 2103 3111 2173 στήσεται’
3139 2102 3407 2180 διάεοῦτο
3430 2105 3735 2167 σπουδάζει
3761 2108 3788 2156 ὁ

2182 2192 2375 2262 ἐχθρὸς
2396 2192 2776 2257 ὑποσκελίζειν
2806 2194 3014 2257 πάντας
3042 2195 3169 2259 τοὺς
3195 2195 3668 2267 ἐπικαλουμένους
3690 2198 3787 2249 τὸν

2182 2282 2404 2352 Κύριον.
2430 2277 2550 2335 Οἵδε
2566 2281 2693 2354 γὰρ,
2715 2282 2797 2335 ὅτι
2823 2284 2883 2335 ἐν
2901 2283 3087 2354 ἡμέρᾳ
3106 2284 3213 2355 (88)
3233 2286 3515 2337 πιστεύσει
3531 2286 3568 2338 Ἰ
3578 2287 3782 2358 σραὴλ,

2183 2374 2665 2447 συντελεσθήσεται
2692 2376 2724 2445 ή
2752 2375 2999 2445 βασιλεία
3036 2376 3130 2428 τοῦ
3160 2375 3375 2447 ἐχθροῦ.
3406 2378 3581 2440 Αὐτὸς
3622 2380 3651 2430 ὁ
3676 2381 3784 2446 ἆγ-

2180 2464 2336 2534 γελος
2361 2466 2459 2537 τῆς
2484 2466 2707 2537 εἰρήνης
2732 2465 3002 2536 ἐνισχύσει
3026 2466 3116 2519 τὸν
3148 2467 3383 2539 Ἰσραὴλ,
3410 2469 3485 2538 μή
3508 2469 3786 2538 ἐμπεσεῖν

2180 2556 2341 2610 αὐτὸν
2367 2558 2447 2621 είς
2482 2555 2635 2619 τέλος
2677 2554 2884 2609 κακῶν.
2928 2556 3121 2608 Ἔσται
3160 2556 3215 2609 δὲ
3243 2559 3299 2610 ἐν
3339 2556 3517 2629 καιρῷ
3540 2559 3784 2629 ἀνομίας

2178 2650 2272 2703 τοῦ
2313 2650 2529 2721 Ἰσραὴλ
2564 2650 2940 2720 ἀφιστάμενος
2980 2651 3076 2703 ἀπ’
3111 2650 3289 2704 αὐτῶν
3331 2651 3572 2724 Κύριος,
3619 2671 3786 2723 μετε-

2178 2743 2431 2797 λεύσεται
2458 2742 2683 2795 ὖπισθεν
2711 2741 2972 2796 ποιοῦντα
2998 2743 3061 2796 τὸ
3099 2743 3311 2815 θέλημα
3354 2745 3541 2809 αὐτοῦ,
3572 2747 3658 2798 ὅτι
3685 2748 3785 2799 οὑ-

2176 2835 2289 2888 δενὶ
2334 2834 2446 2888 τῶν
2489 2834 2738 2903 ἀγγέλων
2778 2833 2929 2886 ἔσται
2976 2834 3053 2899 ὡς
3093 2835 3264 2906 αὐτῷ.
3295 2837 3369 2889 Τὸ
3407 2836 3579 2907 ὄνομα
3605 2839 3783 2893 αὑτοῦ

2179 2926 2331 2979 ἔσται
2358 2928 2415 2979 ἐν
2440 2928 2601 2979 παντὶ¹
2626 2927 2776 2998 τόπῳ
2804 2928 3042 3000 Ἰσραὴλ,
3067 2930 3163 2981 καὶ
3192 2930 3251 2980 tv
3275 2932 3389 2992 τοῖς
3431 2928 3634 2993 ἔθνεσι,
3663 2931 3782 2983 ﬂ».

2175 3020 2301 3090 τήρ.
2331 3019 2705 3088 Διατηρήσατε
2732 3014 2825 3072 οὖν
2853 3020 3098 3082 ἑαυτοὺς,
3135 3020 3301 3073 τέκνα
3329 3037 3451 3090 μου,
3479 3019 3591 3072 ἀπὸ
3629 3037 3778 3073 παν-

2175 3110 2267 3174 τὸς
2312 3110 2475 3182 ἔργου
2520 3112 2781 3183 πονηροῦ,
2810 3113 2906 3164 καὶ
2948 3113 3287 3184 ἀπορρίψατε
3331 3113 3421 3165 τὸν
3465 3113 3640 3185 θυμὸν
3678 3116 3779 3169 καὶ

2178 3206 2287 3259 πᾶν
2310 3204 2527 3274 ψεῦδος,
2575 3206 2668 3258 καὶ
2712 3207 3034 3277 ἀγαπήσατε
3081 3206 3181 3277 τήν
3226 3206 3485 3277 ἀλήθειαν
3528 3208 3625 3260 καὶ
3672 3210 3778 3279 τὴν

2181 3296 2584 3368 μακροθυμίαν,
2607 3298 2700 3349 καὶ
2716 3296 2751 3350 ξι
2772 3297 3045 3367 ήκούσατε
3070 3298 3219 3367 παρά
3242 3298 3335 3351 τοῦ
3362 3299 3571 3369 πατρὸς
3591 3300 3774 3369 ὑμῶν,

2181 3386 2443 3457 μετάδοτε
2488 3387 2583 3438 καὶ
2630 3386 2790 3457 ὑμεῖς
2834 3389 2949 3450 τοῖς
2982 3388 3195 3451 τέκνοις
3221 3387 3397 3458 ὑμῶν,
3424 3390 3510 3441 ἵνα
3548 3389 3773 3459 δέξηται

2178 3480 2323 3549 ὑμᾶς
2345 3482 2373 3531 ὁ
2397 3479 2585 3550 Πατὴρ
2606 3478 2715 3531 τῶν
2754 3479 2941 3533 ἐθνῶν·
2980 3480 3131 3532 ἔσται
3171 3480 3278 3551 γὰρ
3305 3480 3512 3551 ἀληθὴς
3538 3483 3634 3534 καὶ
3663 3499 3771 3550 μα-

2178 3572 2471 3643 κρόθυμος,
2515 3572 2689 3643 πρᾶος
2732 3573 2825 3624 καὶ
2861 3572 3133 3635 ταπεινὸς,
3175 3574 3268 3625 καὶ
3313 3573 3646 3627 ἐκδιδάσκων
3685 3574 3771 3627 διὰ

492 3666 602 3719 τῶν
645 3664 821 3736 ἔργων
863 3665 1024 3734 νόμον
1066 3663 1222 3717 Θεοῦ.
1284 3662 1581 3734 ’Ᾱπόστητε
1624 3658 1717 3716 οὖν
1761 3664 1870 3717 ἀπὸ
1920 3664 2101 3733 πάσης
2161 3662 2414 3727 ἀδικίας,
2464 3661 2559 3714 καὶ
2620 3659 2915 3731 κολλήθητε
2959 3662 3027 3730 τῇ
3087 3661 3401 3735 δικαιοσύνῃ
3449 3662 3546 3715 τοῦ
3601 3663 3773 3735 νόμου

492 3760 587 3815 τοῦ
612 3759 839 3831 Κυρίου.
868 3759 977 3812 Kal.
1011 3757 1217 3829 θάψατέ
1258 3774 1325 3828 με
1352 3756 1462 3830 (89)
1491 3758 1654 3827 ἐγγὺς
1694 3757 1803 3810 τῶν
1834 3758 2085 3827 πατέρων
2127 3774 2248 3829 μου.
2286 3775 2305 3807 ι

565 3870 677 3925 VII.
707 3872 929 3927 Etcum
976 3873 1093 3928 bzec
1134 3872 1385 3937 dixisset,
1430 3872 1711 3927 osculatus
1756 3880 1840 3925 cst
1868 3886 1992 3937 eos,
2021 3879 2076 3926 et

494 3966 757 4021 dormivit
784 3980 1040 4021 somnum
1093 3976 1439 4039 perpetuum.
1476 3966 1543 4019 Et
1576 3964 1905 4034 sepelierunt
1946 3980 2071 4020 eum

496 4059 590 4114 lilii
619 4059 773 4129 ejus;
806 4067 860 4113 et
900 4068 1023 4130 post
1053 4060 1169 4115 haec
1203 4060 1543 4116 reduxerunt
1571 4074 1696 4113 ossa
1738 4057 1857 4127 ejus
1907 4074 2074 4128 prope

494 4151 793 4216 Abraham,
818 4151 969 4206 Isaac
989 4161 1043 4207 et
1071 4151 1258 4207 Iacob.
1284 4151 1757 4219 Quemadmodum
1790 4167 1919 4206 vero
1946 4166 2073 4221 pro-

496 4242 735 4312 phetavit
765 4244 845 4298 eis
869 4242 1005 4311 Dan,
1036 4244 1181 4314 quod
1211 4245 1383 4315 legem
1422 4242 1516 4297 Dei
1543 4243 1627 4298 sui
1656 4243 1951 4313 neglecturi
1977 4258 2068 4298 es-

496 4346 638 4403 sent,
664 4345 719 4391 et
759 4337 1052 4392 abalienati
1086 4336 1267 4393 forent
1305 4352 1336 4391 a
1369 4346 1513 4392 terra
1557 4336 1889 4391 haereditalis
1922 4337 2069 4405 ipso-

2250 3873 2324 3924 Z'.
2352 3870 2462 3923 Καὶ
2505 3868 2681 3923 ταῦτα
2726 3868 2932 3932 εἰπὼν,
2982 3869 3343 3940 κατεφίλησεν
3383 3870 3623 3935 αὐτοὺς,
3675 3872 3769 3923 καὶ

2178 3956 2425 4013 ὕπνωσεν
2449 3959 2613 4013 ὓπνον
2642 3959 2874 4012 αίὼνιον.
2906 3959 3016 4010 Καὶ
3053 3957 3256 4028 ἔθαψαν
3281 3959 3444 4012 αὐτὸν
3470 3962 3518 4013 οἱ
3544 3962 3652 4013 υἱοὶ
3673 3962 3766 4021 αὖ-

2175 4051 2289 4105 τοῦ·
2319 4052 2413 4105 καὶ
2442 4050 2579 4122 μετά
2604 4050 2775 4103 ταῦτα
2804 4049 3107 4119 ἀνήνεγκαν
3147 4048 3215 4102 τά
3254 4049 3387 4102 ὀστᾶ
3425 4051 3596 4103 αὐτοῦ
3641 4053 3763 4104 σύν-

2176 4159 2343 4212 εγγυς
2398 4141 2680 4214 Ἀϐραὰμ,
2716 4144 2811 4196 καὶ
2851 4143 3067 4205 Ίσαάκ,
3109 4143 3203 4195 καὶ
3238 4140 3451 4194 Ἰακώϐ.
3494 4142 3646 4223 Πλὴν
3690 4144 3763 4205 ὡς

2177 4236 2586 4307 ἐπροφήτευσεν
2610 4235 2792 4305 αὐτοῖς
2820 4235 2947 4297 Δὰν,
2972 4236 3053 4289 ὅτι
3078 4234 3438 4289 ἐπιλάθωνται
3464 4236 3629 4307 νόμον
3656 4238 3760 4309 (90)

2177 4325 2312 4378 Θεοῦ
2340 4326 2540 4390 αὐτῶν,
2581 4329 2674 4381 καὶ
2719 4326 3237 4399 ἀλλοτριωθήσονται
3273 4325 3378 4397 γῆς
3416 4328 3625 4399 κλήρου
3663 4331 3757 4381 αύ-

496 4444 639 4496 rum,
672 4438 727 4483 et
754 4444 786 4484 a
813 4444 1011 4500 genere
1055 4429 1220 4487 Israel
1244 4472 1260 4499 ,
1299 4440 1355 4488 et
1407 4432 1580 4502 patria
1609 4430 1886 4500 ipsorum;
1916 4430 1988 4483 ita
2019 4439 2073 4485 et

2200 4418 2305 4483 τῶν,
2333 4420 2427 4473 καὶ
2449 4421 2637 4489 γένους
2676 4419 2912 4492 Ἰσραὴλ,
2940 4421 3035 4473 καὶ
3080 4421 3317 4492 πατριᾶς
3358 4418 3563 4487 αὐτῶν,
3590 4420 3756 4485 οὕτως

496 4518 697 4577 factum
727 4530 831 4578 est.

1087 4613 1316 4669 CAPUT
1358 4613 1494 4671 VIII.

571 4703 965 4761 Testamentum
996 4706 1361 4777 Nepluhalim,
1387 4708 1451 4762 de
1478 4707 1716 4763 naturali
1746 4708 2000 4762 bonitate.

568 4796 612 4853 I.
641 4796 1056 4868 Transcriptum
1109 4800 1419 4855 testamenti
1464 4798 1813 4870 Nephthalim
1860 4799 1928 4854 de
1959 4798 2068 4863 his,

494 4906 618 4961 quas
647 4892 918 4962 disposuit
942 4894 996 4947 in
1030 4903 1272 4963 tempore
1315 4894 1440 4949 linis
1480 4894 1590 4957 sui,
1630 4894 1685 4946 in
1712 4908 1856 4947 anno
1884 4901 2071 4947 cente-

496 4984 637 5037 simo
667 4985 944 5040 tricesimo
979 4987 1105 5041 vita:
1142 5002 1274 5041 suae.
1304 4984 1769 5041 Convenientibus
1795 4986 1923 5039 liliis
1954 4984 2071 5041 suis

2176 4513 2267 4565 καὶ
2291 4512 2512 4582 γέγονεν
2537 4512 2664 4583 (91).

2701 4625 3095 4678 ΚΕΦΑΛΛΙΟΝ
3136 4626 3218 4679 Η’.

2209 4712 2466 4781 Διαθήκη
2497 4712 2856 4783 Νεφθαλεὶμ,
2886 4713 3020 4781 περὶ
3046 4712 3312 4783 φυσικῆς
3332 4714 3715 4784 ἁγαθότητος.

2241 4803 2320 4855 A'.
2340 4802 2694 4873 Ἀντίγραφον
2719 4801 2985 4874 διαθήκης
3007 4802 3344 4872 Νεφθαλεὶμ,
3372 4796 3448 4856 ὧν
3476 4803 3677 4857 διέθετο
3694 4806 3747 4857 ἐν

2171 4892 2347 4963 καιρῷ
2390 4893 2576 4957 τέλους
2614 4892 2813 4956 αὐτοῦ,
2860 4896 2919 4948 ἐν
2970 4893 3078 4946 ἔτει
3119 4893 3192 4964 ρλ¹
3235 4892 3379 4965 ζωῆς
3421 4894 3588 4947 αὑτοῦ
3621 4896 3743 4965 (9‘2).

2172 4984 2537 5038 Συνελθόντων
2572 4984 2681 5039 τῶν
2728 4984 2859 5038 υίῶν
2902 4983 3068 5038 αὐτοῦ
3112 4986 3168 5037 tv
3210 4984 3423 5055 ὲὸδόμῷ
3473 4986 3623 5056 μηνὶ,
3664 5002 3743 5037 τε-

496 5074 552 5128 ἱη
583 5074 816 5147 septimo
864 5092 1071 5145 mense,
1115 5088 1308 5149 quarta
1358 5078 1447 5134 die
1492 5078 1719 5145 mensis,
1769 5077 1889 5146 ipso
1933 5091 2070 5133 sano

2203 5078 2343 5151 ἀρτῃ
2369 5077 2482 5149 (95)
2508 5077 2603 5130 τοῦ
2650 5077 2852 5150 μηνὸς,
2894 5078 3229 5147 ὑγιαίνοντος
3275 5076 3479 5141 αὐτοῦ,
3532 5078 3739 5149 ἐποίησε

493 5168 810 5230 exsistente,
838 5166 965 5223 fecit
989 5184 1201 5224 caenam
1226 5170 1359 5239 ipsis
1383 5178 1438 5225 et
1482 5177 1665 5239 potum
1694 5168 2066 5240 magnificum.

566 5299 682 5374 (87)
719 5302 846 5369 Τοῖς
892 5304 1221 5371 ἀνθρώποις
1271 5306 1932 5374 συναναστρεφόμενος.
1975 5302 2067 5359 Sic

494 5370 738 5446 Baruch,
773 5390 855 5446 Ill,
880 5374 967 5427 58.
1000 5370 1157 5428 Μετά
1194 5374 1352 5427 τοῦτο
1392 5376 1485 5428 ἐπὶ
1530 5370 1633 5445 γῆς
1658 5370 1853 5446 ὤφθη,
1882 5375 1977 5446 καὶ
2007 5375 2065 5446 ἐν

494 5444 620 5516 τοῖς,
644 5443 951 5516 ἀνθρώποις
994 5446 1402 5516 συνανεστράφη
1440 5443 1648 5516 :Avutg.
1698 5443 1829 5500 Post
1870 5445 1980 5499 hate
2011 5443 2067 5495 in

497 5515 651 5566 terris
697 5514 835 5567 visus
881 5524 995 5578 est,
1026 5524 1075 5568 et
1121 5532 1239 5567 cum
1261 5514 1566 5570 hominibus
1603 5514 1937 5569 Conversatus
1965 5524 2061 5568 est.

495 5582 616 5648 Quo
646 5600 776 5655 sane
813 5585 1009 5655 borum
1061 5584 1512 5639 Testamentorum
1555 5596 1833 5642 auctorem
1879 5599 2063 5655 respe-

498 5656 642 5708 xisse
671 5654 803 5707 nihil
830 5654 1039 5709 dubito.

569 5725 678 5792 (88)
730 5724 831 5776 Ἐν
860 5724 1066 5792 ἡμέρᾳ.
1095 5723 1243 5781 Adde
1356 5724 1522 5780 GRAB.

2169 5167 2383 5220 δεῖπνον
2408 5167 2592 5231 αὐτοῖς
2639 5168 2735 5220 καὶ
2778 5166 3027 5224 κώθωνα.
3075 5168 3186 5220 Καὶ
3217 5165 3353 5239 μετά
3396 5165 3492 5219 τοῦ
3533 5167 3737 5233 ἐξυπνι-

2239 5302 2375 5383 (89).
2392 5302 2505 5383 Καὶ
2533 5303 2885 5383 Grip-artes.
2917 5305 3040 5383 Kal._
3063 5304 3215 5383 ἔσται
3238 5304 3643 5383 ⁸γένος-μου
3665 5308 3737 5368 εἰς

2170 5374 2444 5447 σωτηρίαν
2461 5373 2582 5447 tu);
2608 5373 2703 5447 τοῦ
2732 5374 2949 5447 αίῷνος,
2975 5376 3127 5429 addit
3152 5374 3273 5429 cod.
3302 5373 3485 5429 Oxon.
3515 5373 3592 5428 In.

2239 5443 2349 5583 (90)
2382 5445 2583 5511 Νόμον
2615 5444 2786 5499 deest.
2814 5443 2894 5498 In.

2259 5514 2321 5567 91
2384 5514 2579 5587 οὕτως
2604 5514 2701 5587 καὶ
2729 5513 2992 5587 γέγονεν.
3023 5515 3135 5568 Καὶ
3169 5514 3269 5587 τοῦ
3308 5515 3620 5587 σπέρματος
3648 5516 3731 5569 αὑ.

2165 5583 2293 5645 τῶν,
2328 5583 2548 5653 omissis
2572 5584 2743 5647 οὕτως
2772 5586 2866 5636 καὶ
2893 5584 3134 5653 γέγονεν.
3168 5585 3245 5640 In.

2238 5653 2349 5793 (92)
2381 5652 2548 5721 Ζωῆς
2572 5654 2777 5708 αὐτοῦ.
2825 5652 3073 5725 Δευτέρῳ
3105 5655 3233 5713 add.
3264 5656 3320 5710 in
3352 5671 3458 5712 ms.
3488 5654 3636 5710 Trin.
3659 5656 3726 5711 ID.

2259 5724 2349 5793 95)
2383 5723 2653 5793 Τετάρτῃ.
2684 5726 2816 5793 Μιᾷ.
2851 5722 2929 5779 In.

2259 5724 2349 5793 95)
2383 5723 2653 5793 Τετάρτῃ.
2684 5726 2816 5794 Μιᾷ.
2851 5722 2929 5779 In.
