3830 6216
106 290 264 347 “05

1222 284 1745 345 TESTAMENTUM
1782 284 2247 341 NEPHTHALIM.

3234 286 3369 342 H06

105 407 311 478 σθῆναι
338 402 501 460 αὑτὸν
530 404 590 456 τὸ
616 400 778 475 πρωῒ,
805 397 958 456 εἶπεν
996 402 1198 467 αὐτοῖς,
1223 403 1303 456 ὅτι
1324 420 1336 433 ·
1370 423 1388 455 ι
1441 402 1701 475 Ἀποθνή-

1818 402 1876 456 Ει
1905 411 2195 473 postquam
2220 399 2488 456 excitatus
2519 410 2604 455 est
2641 416 2671 455 a
2703 416 2896 456 somno
2927 418 3108 464 mane,
3138 402 3276 459 dixit
3309 406 3372 457 il-

107 513 251 550 σκω·
286 515 307 547 ›
340 495 434 549 καὶ
455 495 555 547 οὐκ
577 494 858 548 ἐπίστευον
883 493 1048 563 αὐτῷ.
1079 494 1188 546 Kal.
1212 492 1448 562 εὐλογῶν
1473 492 1696 565 Κύριον,

106 587 513 659 ὲκραταίωσεν,
542 586 622 639 ὅτι
666 585 804 655 μετὰ
842 586 902 639 τὸ
936 586 1149 639 δεῖπνον
1173 585 1234 637 τὸ
1264 585 1387 656 χθὲς
1413 586 1699 639 ἀποθανεῖ-

105 699 224 734 ται.
257 678 503 751 Ἤρξατο
528 673 620 731 οὖν
645 677 824 746 λέγειν
849 679 964 741 τοῖς
990 678 1125 740 υῑοῖς
1149 677 1337 730 αὐτοῦ’
1372 697 1391 727 ‹
1437 676 1698 730 Ἀκούσα-

106 788 193 832 τε,
222 770 391 821 τέκνα
421 785 545 839 μου,
569 768 677 821 υἱοὶ
700 766 1018 837 Νεφθαλεὶμ
1038 804 1052 828 ,
1078 764 1346 818 ἀκούσατε
1375 765 1567 834 λόγους
1592 782 1699 817 πα-

104 860 244 930 τρὸς
267 858 445 929 ὑμῶν.
486 856 628 926 Ἐγὼ
652 857 947 928 ἐγεννήθην
974 857 1083 909 ἀπὸ
1108 854 1348 919 Βάλλας·
1404 856 1495 908 καὶ
1525 854 1606 909 ὅτι
1644 854 1702 906 ὲν

108 947 427 1020 πανουργίᾳ
449 946 763 1018 ὲποίησενὴ
802 946 1022 1018 Ῥαχὴλ,
1062 946 1157 999 καὶ
1193 944 1395 998 ἔδωκεν
1433 944 1551 998 ἀνθ’
1578 945 1705 998 tau-

108 1038 215 1108 τῆς
239 1037 343 1109 τὴν
370 1038 577 1091 Βάλλαν
598 1036 904 1107 τῷΊακὼϐ,
930 1039 1025 1090 καὶ
1050 1036 1143 1089 ἐπὶ
1164 1034 1271 1088 τῶν
1299 1034 1488 1107 μηρῶν
1504 1032 1704 1106 Ῥαχὴλ

110 1129 274 1182 ἔτεκέ
322 1147 411 1200 με*
453 1128 740 1201 διὰητοῦτο
780 1127 1013 1198 ἐκλήθην
1060 1126 1378 1198 Νεφθαλείμ
1421 1125 1553 1199 (94).
1594 1129 1703 1181 Kal

110 1222 377 1293 ἠγάπησέ
412 1239 477 1293 με
516 1220 735 1291 Ῥαχὴλ,
761 1221 843 1273 ὅτι
870 1221 962 1273 ἐπὶ
989 1219 1097 1272 τῶν
1138 1218 1328 1291 μηρῶν
1350 1217 1519 1289 αὐτῆς
1555 1220 1704 1287 ὲγεν-

109 1312 312 1382 νήθην·
344 1314 436 1365 καὶ
461 1311 590 1365 εῖδει
614 1310 819 1364 ἁπαλὸν
843 1310 972 1363 ὅντα
1012 1308 1289 1377 κατεφίλει
1319 1326 1387 1381 με
1412 1309 1697 1384 ,,λέγουσα·

114 1422 136 1453 ι
180 1403 383 1474 ’Ῑδοιμι
420 1402 646 1470 ἀδελφόν
684 1419 777 1454 σου
813 1404 876 1454 ὲκ
910 1402 1011 1471 τῆς
1036 1402 1243 1463 κοιλίας
1270 1419 1368 1472 μου
1396 1402 1536 1456 κατὰ
1565 1403 1642 1456 σέ.
1682 1424 1698 1454 ι

117 1494 293 1567 ’έρθεν
321 1494 415 1548 καὶ
434 1495 615 1565 ὅμοιός
658 1512 747 1565 μοι
781 1490 850 1565 ἦν
894 1495 951 1545 ὲν
994 1495 1159 1547 πᾶσιν
1196 1493 1412 1565 Ἰωσὴφ,
1440 1493 1580 1547 κατὰ
1608 1494 1704 1558 τὰς

106 1588 289 1658 εὐχὰς
319 1589 427 1658 (95)
462 1588 682 1658 Ῥαχὴλ.
722 1589 785 1640 Ἡ
810 1588 865 1640 δὲ
898 1589 1080 1658 μήτηρ
1108 1587 1206 1658 μού
1245 1590 1360 1640 ἐστι
1383 1588 1581 1650 Βάλλα,
1611 1588 1702 1640 θυ-

1804 494 1872 549 lis
1904 513 1916 548 :
1956 513 1973 545 ι
2007 492 2250 548 Morior:
2282 511 2300 545 ι
2335 500 2391 548 et
2427 506 2536 546 non
2573 492 2921 548 crediderunt
2959 494 3027 549 ei.
3057 492 3123 550 Et
3153 496 3373 549 benedi-

1806 602 1936 643 cens
1967 584 2227 652 Domino,
2277 585 2643 653 conﬁrmavit,
2689 586 2835 656 quod
2888 595 3011 656 post
3060 587 3371 643 hesternam

1804 693 2018 733 ccenam
2045 684 2373 732 moreretur.
2402 675 2629 747 lncoepit
2658 678 2820 746 igitur
2842 678 3022 733 dicere
3052 679 3176 735 liliis
3210 680 3326 735 suis
3354 694 3377 735 :

1811 767 2057 831 oAudite,
2090 767 2185 822 ﬁlii
2208 767 2338 834 mei,
2362 767 2458 821 ﬁlii
2490 766 2857 837 Nephthalim,
2887 768 3070 823 audite
3092 784 3370 824 sermones

1803 860 1976 930 patris
2006 860 2193 915 vestri.
2227 878 2244 911 ι
2276 858 2387 930 Ego
2414 867 2577 914 natus
2600 874 2719 916 sum
2750 875 2780 915 a
2813 860 2962 915 Bella
2988 877 3002 913 :
3032 871 3087 916 et
3113 863 3373 931 quoniam

1805 958 1984 1005 astute
2012 949 2140 1004 fecit
2178 948 2402 1015 Rachel,
2432 961 2493 1003 et-
2514 949 2663 1005 dedit
2696 966 2796 1019 pro
2834 951 3012 1020 seipsa
3046 952 3253 1007 Ballam
3285 952 3378 1009 Ja-

1806 1045 1929 1111 cob,
1962 1053 2017 1099 et
2049 1059 2213 1113 super
2261 1042 2468 1097 femora
2500 1043 2703 1097 Rachel
2747 1045 2955 1114 peperit
3001 1061 3123 1111 me;
3156 1056 3375 1116 propter

1806 1137 1911 1192 hoc
1933 1145 2160 1191 vocatus
2183 1150 2304 1190 sum
2330 1132 2697 1203 Nephthalim.
2731 1134 2797 1189 Et
2819 1136 3005 1190 dilexit
3035 1152 3120 1191 me
3148 1135 3371 1202 Rachel,

1804 1228 2067 1299 quoniam
2117 1242 2280 1297 super
2336 1224 2544 1281 femora
2591 1241 2688 1281 sua
2726 1236 2887 1283 natus
2930 1244 3082 1296 sum;
3111 1236 3166 1283 et
3196 1230 3375 1301 specie

1805 1331 2053 1374 tenerum
2095 1318 2445 1374 exsistentem
2501 1318 2747 1373 osculata
2803 1330 2886 1373 est
2937 1335 3060 1385 me,
3116 1320 3305 1376 dicens
3358 1340 3368 1374 :

1813 1432 1830 1463 ι
1868 1411 2089 1467 Videam
2123 1410 2347 1467 fratrem
2393 1420 2545 1466 tuum
2577 1428 2644 1467 ex
2683 1421 2871 1466 ventre
2915 1428 3034 1465 meo
3072 1413 3371 1467 secundum

1808 1514 1878 1560 te.
1912 1525 1930 1556 ι
1967 1504 2118 1560 Unde
2146 1516 2201 1561 et
2237 1505 2433 1561 similis
2463 1507 2568 1560 mei
2598 1514 2715 1560 erat
2761 1507 2817 1559 in
2866 1505 3121 1561 omnibus
3147 1504 3370 1572 Joseph,

1807 1599 2108 1654 secundum
2135 1598 2424 1668 petitiones
2453 1596 2676 1652 Rachel.
2717 1597 2886 1651 Mater
2922 1608 3101 1651 autem
3142 1614 3259 1652 mea
3293 1608 3380 1652 est

105 1679 301 1749 γάτηρ
352 1677 600 1731 Ῥουθέου
646 1676 789 1748 (96),
832 1676 1062 1746 ἀδελφοῦ
1103 1676 1374 1748 Δεϐὁρρας
1418 1677 1561 1748 (97),
1606 1677 1705 1747 τῆς

1818 1691 1977 1759 Balla,
2009 1692 2120 1746 ﬁlia
2152 1691 2383 1758 Ruthzci,
2411 1690 2596 1746 fratris
2629 1690 2873 1757 Deboraz,
2912 1690 3140 1745 nutricis
3169 1689 3380 1745 Rebec-

103 1769 323 1842 τροφοῦ
359 1770 673 1832 Ῥεϐέκκας·
703 1770 824 1839 ﬁcte;
870 1770 927 1821 ἐν
975 1770 1074 1840 μιᾷ
1116 1769 1299 1840 ἡμέρα
1340 1769 1554 1840 ἐτέχθη,
1581 1770 1637 1821 ἐν

1818 1800 1923 1851 cae;
1958 1800 2079 1854 quae
2108 1783 2259 1839 Balla
2301 1785 2357 1838 in
2391 1799 2498 1837 una
2529 1784 2616 1839 die
2658 1791 2785 1838 nata
2818 1791 2922 1849 est,
2956 1783 3008 1836 in
3040 1798 3148 1852 qua
3181 1790 3235 1838 et
3264 1781 3376 1835 Ra-

107 1862 215 1913 καὶ
275 1860 499 1931 Ῥαχήλ.
563 1860 619 1914 '0
672 1860 728 1913 δὲ
789 1859 1034 1922 Ῥουθέος
1081 1859 1191 1929 (98)
1241 1862 1305 1912 ὲκ
1362 1859 1456 1912 τοῦ
1517 1858 1706 1928 γένους

120 1950 407 2022 Ἀϐραὰμ,
429 1951 712 2016 Χαλδαῖος,
735 1952 1012 2022 θεοσεϐὴς,
1031 1952 1313 2021 ἐλεύθερος
1340 1953 1433 2005 κα)⁵
1452 1951 1702 2023 εὐγενής.

102 2045 230 2097 Kal
254 2043 707 2113 αἰχμαλωτισθεὶς
733 2042 1011 2114 ἠγοράσθη
1034 2042 1140 2095 ὑπὸ
1159 2043 1359 2096 Λάϐαν·
1387 2044 1480 2096 καὶ
1508 2042 1705 2097 ἔδωκεν

104 2132 273 2203 αὐτῷ
298 2133 461 2185 Δίνᾶν
487 2132 587 2201 τὴν
634 2130 927 2201 παιδίσκην
966 2130 1130 2185 αὐτοῦ
1174 2133 1254 2195 εἰς
1291 2134 1541 2200 γυναῖκα’
1583 2133 1704 2202 ἥτις

103 2226 275 2277 ἔτεκε
322 2223 618 2294 θυγατέρα,
665 2224 759 2276 καὶ
808 2223 1067 2277 ἐκάλεσεν
1110 2224 1277 2295 αὐτὴν
1326 2223 1569 2294 Ζελφάν,
1614 2227 1699 2279 ἐπ’

103 2317 348 2387 ὀνόματι
396 2317 495 2386 τῆς
540 2316 753 2387 κώμης,
799 2318 856 2369 ὲν
984 2316 1379 2387 ᾐχμαλωτεύθη
1420 2317 1551 2390 (99).
1596 2320 1705 2372 Kal

107 2408 249 2479 ἑξῆς
289 2408 442 2460 ἔτεκε
494 2409 594 2479 τὴν
640 2408 882 2471 Βάλλαν,
912 2408 1105 2477 λέγων·
1157 2410 1558 2474 Καινόσπουδός
1602 2428 1699 2481 μου

108 2505 145 2572 ἡ
225 2501 491 2572 θυγάτηρ.
560 2501 734 2564 Εὐθὺς
772 2501 880 2573 γὰρ
940 2502 1195 2573 τεχθεῖσα
1252 2502 1477 2556 ἔσπευδε
1541 2502 1702 2576 θηλά-

108 2595 237 2653 (ειν
264 2592 433 2662 (ποθ).

1810 1877 1949 1933 chel.
1979 1876 2238 1932 Ruthaeus
2264 1891 2393 1931 vero
2419 1890 2485 1932 ex
2510 1891 2707 1947 genere
2744 1876 3021 1931 Abraham
3055 1884 3192 1940 erat,
3214 1873 3378 1934 Chal-

1808 1967 1979 2034 dzeus,
2004 1967 2173 2022 Deum
2197 1982 2487 2033 venerans,
2519 1967 2654 2021 liber
2676 1975 2730 2022 et
2751 1966 2968 2021 nobilis.
3000 1965 3208 2021 Etcum
3232 1974 3380 2021 esset

1808 2057 2076 2127 captivus,
2101 2064 2314 2126 emptus
2348 2064 2428 2111 est
2454 2072 2485 2110 a
2506 2056 2721 2124 Laban;
2752 2065 2803 2112 et
2829 2057 2977 2111 dedit
3005 2057 3053 2111 ei
3083 2056 3255 2111 Euam
3280 2074 3379 2113 an-

1810 2151 1989 2205 cillam
2020 2164 2175 2204 suam
2205 2147 2257 2201 in
2298 2164 2556 2215 umrem;
2586 2164 2708 2216 qua:
2746 2148 2953 2218 peperit
2982 2148 3180 2212 ﬁliam,
3204 2158 3258 2203 et
3282 2164 3381 2204 vo-

1807 2242 1950 2293 cavit
1977 2254 2095 2292 eam
2129 2236 2409 2307 Zelpham,
2440 2238 2761 2307 cognomine
2789 2236 2994 2291 castelli
3038 2238 3089 2291 in
3137 2254 3247 2307 quo
3287 2253 3380 2292 ca—

1811 2330 1990 2400 ptivus
2015 2338 2151 2383 erat.
2183 2328 2384 2383 Deinde
2414 2328 2623 2399 peperit
2650 2327 2876 2391 Ballam,
2909 2328 3094 2382 dicens
3122 2344 3134 2378 :
3158 2325 3378 2381 Noviter

1811 2418 2075 2474 festinans
2107 2418 2216 2474 ﬁlia
2247 2435 2387 2474 mea.
2418 2417 2719 2473 Confestim
2759 2418 2903 2473 enim
2949 2428 3070 2472 nata
3104 2416 3380 2474 festinavit

1811 2508 1893 2563 lac
1923 2524 2136 2580 sugere.

203 2726 282 2779 B’.
318 2746 335 2777 ‹
370 2727 481 2782 Kal.
506 2727 693 2797 ἐπειδὴ
734 2728 934 2797 κοῦφος
962 2730 1107 2801 ήμην
1148 2732 1258 2792 τοῖς
1287 2732 1462 2795 ποσὶν,
1489 2729 1564 2793 ὡς
1589 2731 1709 2783 έλα-

1884 2733 1949 2788 ll.
1984 2754 2003 2786 ι
2042 2733 2107 2789 Et
2134 2734 2264 2803 quia
2296 2732 2525 2802 pedibus
2559 2731 2691 2785 levis
2712 2745 2883 2792 eram,
2908 2740 2968 2783 ut
2990 2744 3204 2795 cervus,
3234 2728 3383 2783 ordi-

111 2836 246 2887 φος,
276 2818 432 2884 ἔταξέ
469 2837 535 2889 με
559 2822 588 2872 6
617 2823 801 2891 πατήρ
829 2820 1141 2891 μουἸακὼὸ
1166 2824 1247 2884 είς
1275 2823 1453 2875 πᾶσαν
1476 2822 1708 2875 ἀποστο-

110 2912 223 2982 λὴν
250 2914 345 2964 xal.
371 2912 445 2981 (1)
468 2913 746 2981 άγγελίαψ
778 2914 870 2965 καί
900 2930 984 2981 γε,
1009 2913 1083 2976 ὡς
1108 2912 1303 2981 έλαφόν
1332 2930 1399 2983 με
1424 2914 1705 2986 εὐλόγησε.

114 3002 327 3066 Καθὼς
352 3002 459 3073 γὰρ
478 3005 506 3055 6
530 3005 806 3075 κεραμεὺς
840 3001 947 3057 οἶδε
972 3005 1033 3057 τὸ
1069 3004 1281 3067 σκεῦος,
1321 3005 1482 3057 πόσον
1522 3008 1708 3078 χωρεῖ,

117 3096 223 3148 καὶ
248 3096 386 3167 πρὸς
422 3096 583 3148 αὐτὸν
623 3096 777 3168 φέρει
804 3097 896 3149 τὸν
921 3097 1107 3167 πηλόν’
1134 3097 1305 3159 οὕτως
1330 3098 1424 3151 καὶ
1456 3100 1484 3151 6
1508 3096 1710 3169 Κύριος

115 3185 267 3257 πρὸς
314 3186 576 3255 ὁμοίωσιν
620 3186 715 3240 τοῦ
764 3185 1073 3257 πνεύματος
1120 3190 1263 3240 ποιεῖ
1302 3186 1363 3240 τὸ
1402 3186 1580 3257 σῶμα,
1619 3187 1713 3240 καὶ

118 3274 267 3345 πρὸς
294 3275 395 3345 τὴν
410 3275 637 3347 δύναμιν
653 3277 747 3330 τοῦ
768 3276 1015 3348 σώματος
1031 3277 1090 3330 τὸ
1111 3277 1326 3348 πνεῦμα
1340 3276 1601 3347 ἐντίθησι,
1617 3276 1713 3330 καὶ

116 3367 229 3418 οὐκ
273 3366 389 3433 ἔστι
428 3367 610 3420 λοιπὸν
649 3365 723 3437 (2)
751 3367 808 3420 ἒν
848 3369 911 3419 ἐκ
936 3367 1029 3419 τοῦ
1054 3368 1169 3431 ἑνὸς
1196 3367 1380 3437 τρίτον
1402 3366 1583 3437 τριχός
1612 3364 1708 3435 (5)·

122 3456 362 3526 σταθμῷ
385 3457 493 3529 γὰρ
516 3442 609 3511 καὶ
634 3458 818 3529 μέτρῳ
842 3459 935 3512 καὶ
962 3458 1146 3511 κανόνι
1170 3459 1320 3511 πᾶσα
1342 3457 1521 3520 κτίσις
1559 3457 1712 3526 Ὑψί-

123 3564 284 3601 στου.
333 3550 441 3601 Καὶ
487 3548 736 3619 καθάπερ
774 3548 914 3603 οἶδεν
949 3551 977 3602 6
1018 3551 1293 3620 κεραμεὺς
1331 3549 1450 3613 ἑνὸς
1484 3549 1711 3603 ἑκάστου

118 3638 231 3709 τὴν
268 3629 482 3709 χρῆσιν,
521 3639 596 3703 ὡς
641 3641 831 3693 ἱκανοῖ·
877 3640 1049 3703 οὕτως
1092 3641 1185 3693 καὶ
1218 3641 1246 3692 ὁ
1282 3638 1486 3711 Κύριος
1510 3633 1614 3691 οἶδε
1654 3637 1715 3691 τὸ

126 3730 300 3801 σῶμα
316 3770 330 3794 ,
360 3732 465 3795 ἕως
488 3733 630 3797 τίνος
655 3733 929 3804 διαρκέσει
954 3735 1011 3786 ὲν
1038 3731 1244 3802 ἀγαθῷ,
1268 3732 1362 3784 καὶ
1388 3731 1517 3784 πότε
1548 3730 1713 3801 ἄρχε-

122 3843 223 3878 ται
248 3826 308 3879 έν
335 3824 504 3895 κακῷ.
533 3826 651 3878 ’Ὁτι
692 3826 792 3877 οὐκ
826 3824 940 3877 ἔστι
986 3827 1093 3878 πᾶν
1136 3824 1392 3894 πλάσμα,
1437 3824 1530 3877 καὶ
1569 3824 1716 3876 πᾶσα

125 3916 349 3980 ἔννοια,
388 3917 453 3987 ἣν
494 3916 593 3969 οὐκ
639 3915 779 3984 ἔγνω
821 3915 1052 3985 Κύριος·
1082 3916 1256 3969 πάντα
1289 3914 1399 3985 γὰρ
1435 3913 1715 3985 ἄνθρωπον

128 4007 321 4061 ἔκτισε
361 4009 480 4061 κατ’
517 4008 700 4061 είκόνα
746 4010 958 4062 ἑαυτοῦ.
997 4010 1083 4072 Ὠς
1117 4009 1149 4078 ή
1193 4008 1343 4077 ἰσχὺς
1366 4005 1551 4069 αὑτοῦ,
1573 4004 1715 4058 οὕτω

129 4100 235 4153 καὶ
267 4098 329 4152 τὸ
351 4099 509 4172 ἔργον
534 4101 718 4154 αὑτοῦ·
766 4104 858 4155 καὶ
902 4103 977 4165 ὡς
1014 4103 1041 4153 6
1077 4100 1200 4164 νοῦς
1236 4100 1400 4153 αὑτοῦ
1419 4140 1433 4163 ,
1456 4099 1599 4153 οὕτω
1623 4099 1715 4151 καὶ

128 4192 201 4243 τὸ
222 4190 384 4263 ἔργον
407 4192 590 4245 αὐτοῦ’
621 4193 714 4247 καὶ
736 4194 810 4257 ὡς
835 4195 868 4263 ἡ
896 4194 1213 4265 προαίρεσις
1236 4191 1422 4255 αὐτοῦ,
1461 4191 1603 4244 οὕτω
1625 4192 1718 4243 καὶ

133 4285 172 4352 ἡ
220 4283 418 4354 πρᾶξις
463 4284 649 4338 αὐτοῦ’
694 4284 769 4349 ὡς
809 4287 842 4356 ή
889 4286 1083 4357 καρδία
1121 4284 1309 4351 αὑτοῦ,
1349 4284 1492 4336 οὕτω
1525 4283 1617 4336 καὶ
1655 4283 1716 4335 τὸ

1814 2826 1961 2880 navit
1985 2840 2073 2880 me
2094 2834 2248 2894 pater
2278 2839 2436 2877 meus
2458 2820 2627 2877 Jacob
2658 2822 2711 2875 in
2740 2836 2957 2877 omnem
2982 2819 3302 2875 missionem
3327 2826 3383 2873 et

1811 2916 2281 2971 annuntiatiouem
2306 2932 2319 2980 ;
2352 2922 2406 2968 et
2434 2922 2493 2967 ut
2519 2928 2682 2968 cervo
2702 2912 2834 2966 mihi
2858 2911 3151 2967 benedixit.
3181 2910 3383 2977 Quem-

1811 3009 2099 3064 admodum
2126 3008 2271 3063 enim
2296 3008 2493 3075 ﬁgulus
2516 3006 2667 3060 novit
2688 3020 2806 3072 vas,
2841 3013 3105 3075 quantum
3137 3004 3301 3073 capit,
3328 3013 3384 3059 et

1812 3099 1879 3152 ad
1908 3099 2085 3168 ipsum
2117 3098 2223 3152 fert
2261 3097 2470 3163 lutum;
2514 3095 2588 3149 ita
2625 3102 2681 3150 et
2713 3094 2980 3149 Dominus
3022 3093 3090 3148 ad
3126 3094 3382 3149 similitu-

1811 3193 1992 3246 dinem
2018 3190 2243 3260 spiritus
2266 3188 2398 3244 facit
2418 3203 2642 3257 corpus,
2668 3194 2722 3241 et
2758 3187 2825 3240 ad
2855 3187 3149 3256 potentiam
3188 3200 3386 3254 corpo-

1816 3288 1890 3342 ris
1919 3285 2171 3356 spiritum
2206 3283 2456 3354 imponit,
2480 3292 2535 3338 et
2564 3298 2673 3336 non
2705 3289 2790 3337 est
2819 3281 2933 3349 jam
2967 3296 3074 3334 una
3115 3280 3273 3335 tertia
3314 3293 3382 3333 ex

1815 3393 1925 3433 uno
1947 3377 2177 3448 capillo;
2216 3373 2455 3445 pondere
2491 3372 2640 3428 enim
2661 3380 2715 3428 et
2741 3387 2998 3427 mensura
3019 3380 3075 3427 et
3102 3373 3288 3442 regula
3317 3370 3383 3438 ιδ,

1815 3467 1994 3522 omnis
2029 3474 2282 3520 creatura
2311 3463 2579 3519 Altissimi
2613 3462 2933 3534 (consistit).
2970 3461 3037 3517 Et
3064 3462 3207 3518 sicut
3234 3461 3386 3517 novit

1817 3560 2012 3629 ﬁgulus
2047 3556 2482 3627 uniuscujusque
2512 3571 2693 3623 usum,
2717 3555 2919 3625 quibus
2949 3554 3113 3610 rebus
3141 3553 3387 3610 sufﬁcere

1814 3659 1980 3720 queat
2011 3649 2088 3717 ¹⁸;
2125 3649 2199 3703 ita
2229 3656 2284 3703 et
2324 3647 2589 3702 Dominus
2637 3648 2788 3701 novit
2834 3661 3068 3716 corpus,
3102 3658 3388 3715 usquequo

1817 3740 2047 3797 suﬁiciat
2068 3740 2124 3794 in
2155 3740 2331 3804 bono,
2365 3746 2419 3792 et
2451 3738 2672 3807 quando
2712 3736 2900 3806 incipit
2940 3738 2996 3791 in
3038 3738 3205 3792 malo.
3235 3734 3387 3802 Quo-

1818 3836 1963 3889 niam
1992 3849 2102 3887 non
2130 3842 2212 3886 est
2237 3831 2345 3885 ulla
2375 3838 2647 3897 creatura,
2670 3844 2770 3884 nec
2790 3830 2899 3884 ulla
2921 3829 3199 3898 cogitatio,
3222 3841 3387 3897 quam

1820 3943 1927 3980 non
1958 3925 2211 3995 cognovit
2256 3921 2524 3977 Dominus
2558 3921 2630 3986 ¹⁶;
2658 3935 2873 3974 omnem
2922 3919 3068 3974 enim
3111 3918 3388 3971 hominem

1818 4017 2024 4073 creavit
2064 4016 2130 4071 ad
2177 4014 2467 4084 imaginem
2512 4027 2691 4067 suam.
2736 4010 2890 4065 Sicut
2938 4008 3203 4063 fortitudo
3245 4006 3389 4077 ejus,

1821 4110 1896 4163 ita
1940 4116 1994 4162 et
2027 4122 2167 4177 opus
2211 4106 2361 4173 ejus;
2406 4115 2459 4160 et
2496 4105 2639 4161 sicut
2680 4118 2835 4158 mens
2864 4102 3005 4172 ejus,
3048 4101 3121 4154 ita
3169 4108 3391 4168 etopus

1823 4201 1972 4270 ejus;
2024 4209 2077 4254 et
2120 4199 2262 4254 sicut
2304 4197 2611 4267 praelectio
2650 4197 2801 4267 ejus,
2832 4195 2905 4248 ita
2948 4203 3001 4249 et
3044 4202 3198 4247 actus
3238 4191 3388 4261 ejus;

1826 4294 1969 4347 sicut
1991 4306 2086 4347 cor
2115 4291 2254 4361 ejus,
2281 4291 2354 4343 ita
2386 4298 2441 4344 et
2477 4305 2539 4344 os
2561 4288 2715 4358 ejus;
2758 4287 2900 4341 sicut
2927 4284 3120 4339 oculus
3152 4282 3293 4352 ejus,
3319 4281 3392 4335 ita

136 4376 319 4446 στόμα
342 4376 526 4430 αὐτοῦ’
554 4378 628 4442 ὡς
644 4379 672 4430 6
694 4378 967 4449 ὀφθαλμὸς
992 4377 1179 4440 αὐτοῦ,
1205 4377 1346 4430 οὕτω
1372 4377 1463 4429 καὶ
1498 4378 1525 4430 6
1552 4376 1712 4437 ὕπνος

1819 4393 1873 4438 et
1905 4399 2132 4439 somnus
2159 4383 2308 4451 ejus;
2337 4382 2478 4436 sicut
2506 4381 2689 4435 anima
2712 4380 2850 4450 ejus,
2877 4379 2950 4432 ita
2970 4385 3024 4431 et
3048 4390 3229 4430 sermo
3250 4373 3390 4443 ejus,

136 4444 330 4519 αὐτοῦ·
356 4466 428 4529 ὡς
460 4466 659 4538 ἡψυχὴ
702 4444 886 4530 αυτοῦ,
913 4466 1054 4519 οὕτω
1097 4468 1190 4519 καὶ
1229 4468 1257 4519 6
1282 4466 1434 4535 λόγος
1469 4464 1655 4525 αὐτοῦ,
1683 4464 1712 4533 ἢ

1826 4476 1911 4529 vel
1941 4475 1996 4529 in
2027 4474 2143 4544 lege
2172 4444 2409 4537 Domini,
2443 4472 2525 4526 vel
2558 4472 2614 4525 in
2652 4444 2769 4541 lege
2798 4468 2994 4523 Beliar.
3035 4463 3101 4519 Et
3138 4463 3281 4518 sicut
3311 4460 3395 4514 di-

136 4561 203 4611 ὲν
225 4557 376 4628 νόμῳ
397 4559 621 4630 Κυρίου,
648 4558 682 4630 ἢ
708 4560 765 4612 ἐν
788 4561 935 4632 νόμῳ
973 4561 1188 4632 Βελιάρ.
1229 4560 1340 4611 Kal.
1380 4559 1455 4622 ὡς
1492 4556 1721 4628 κεχώρι-

142 4666 271 4701 σται
297 4649 567 4720 ἀνάμεσον
584 4650 759 4719 φωτὸς
778 4651 871 4704 καὶ
900 4650 1140 4713 σκότους,
1157 4651 1398 4722 ὁράσεως
1414 4648 1507 4702 καὶ
1529 4649 1713 4718 ἀκοῆς·

138 4735 291 4789 οὕτω
329 4737 654 4809 κεχώρισται
696 4741 967 4811 άνάμεσον
1004 4740 1194 4812 ἀνδρὸς
1234 4740 1328 4792 καὶ
1365 4740 1587 4811 ἀνδρὸς,
1629 4740 1721 4791 καὶ

141 4828 417 4898 ἀνάμεσον
440 4832 695 4899 γυναικὸς
709 4834 802 4886 καὶ
817 4832 1089 4902 γυναικός·
1113 4832 1205 4884 καὶ
1230 4832 1330 4884 οὐκ
1356 4831 1502 4885 ἐστιν
1525 4834 1716 4894 είπεῖν,

203 4989 251 5019 ίδ
285 4987 411 5058 Sap.
452 5004 527 5055 xl,
563 4988 654 5044 21.
731 4989 772 5021 ιδ
804 4990 930 5059 Sap.
959 5006 1044 5054 xv,
1076 4990 1125 5043 7.
1204 4991 1246 5022 ³⁸
1274 4989 1436 5045 llebr.
1482 5006 1554 5056 tv,
1586 4991 1669 5044 15.

222 5146 334 5217 (94)
378 5146 676 5217 Ἐκλήθην
702 5149 1059 5217 Νεφθαλείμ.
1086 5147 1420 5202 Peculiarem
1455 5157 1721 5203 rationem

148 5218 395 5273 nominis
432 5216 774 5287 Nephthalim
825 5219 1067 5283 assignat
1095 5230 1286 5272 auctor
1316 5229 1521 5283 noster,
1545 5219 1723 5272 diver-

148 5301 273 5359 sam
300 5287 369 5359 ab
399 5303 463 5359 ea
486 5303 607 5359 quae
627 5304 658 5340 a
682 5288 890 5359 Moyse,
908 5288 1106 5359 Cenes.
1139 5305 1268 5359 xxx,
1298 5287 1352 5352 8,
1383 5288 1634 5352 traditur,
1661 5304 1725 5342 ac

151 5356 379 5425 proinde
407 5357 551 5412 haud
578 5356 1007 5427 approbandam.
1042 5357 1353 5427 Gcnuinum
1379 5367 1559 5412 autem
1595 5375 1721 5412 scn-

151 5442 279 5498 sum
332 5427 495 5497 hujus
542 5426 800 5494 nominis,
842 5439 895 5483 et
938 5428 1232 5482 verborum
1275 5426 1480 5498 Moysis
1525 5428 1592 5498 de
1638 5445 1722 5492 eo,

151 5495 373 5570 dabunt
408 5495 879 5554 commentatores
930 5498 985 5551 in
1042 5498 1269 5554 citatum
1317 5495 1724 5570 locum;Gene-

155 5580 303 5621 seos.
336 5566 502 5621 CRM}.

251 5636 341 5773 95)
372 5637 589 5706 Ε-ὺχάς.
622 5638 901 5707 Εὑλογίας.
934 5641 1009 5694 In.

251 5705 318 5762 96
376 5706 671 5762 Ῥωυθέου.
718 5708 1009 5763 Ῥουθαίου.

251 5705 340 5765 96)
376 5705 671 5762 Ῥωὺθέου.
718 5705 1011 5763 Ῥουθαίου.
1041 5710 1092 5765 ID

1828 4568 2007 4623 visum
2035 4576 2118 4623 est
2150 4564 2533 4621 intermedium
2567 4564 2706 4618 lucis
2749 4570 2802 4617 et
2835 4560 3179 4615 tenebrarum
3201 4596 3216 4621 ,
3240 4552 3393 4607 visus

1829 4669 1881 4714 et
1910 4660 2128 4715 auditus
2167 4678 2179 4712 :
2213 4659 2285 4712 ita
2332 4656 2570 4711 divisum
2627 4662 2713 4710 est
2769 4650 3155 4707 intermedium
3200 4645 3303 4699 viri
3342 4652 3396 4698 et

1832 4754 1954 4815 viri,
1992 4764 2046 4807 et
2090 4750 2473 4806 intermedium
2510 4746 2755 4803 mulieris
2791 4756 2844 4799 et
2885 4741 3159 4805 mulieris;
3193 4747 3248 4793 et
3283 4750 3392 4791 non

1830 4854 1912 4899 est
1950 4843 2263 4904 dicendum,
2289 4839 2433 4910 quod
2481 4838 2589 4891 ulla
2624 4838 2678 4890 in
2725 4851 2785 4889 re
2815 4834 2973 4889 faciei
3008 4831 3090 4886 vel
3130 4828 3393 4885 similium

1896 5146 2006 5213 (97)
2036 5146 2340 5211 Δεϐὀρῤας.
2366 5140 2654 5213 Δεϐϐᾀρας.
2684 5137 2761 5213 lp.

1917 5217 2007 5279 98)
2046 5209 2335 5279 Ῥούθέος.
2384 5209 2674 5273 Ῥουθαῖος.
2702 5209 2775 5262 In.

1919 5277 2008 5356 99)
2048 5277 2541 5356 'uzpaxbzwon,
2569 5279 3002 5356 ᾘχμαλωτίσθη.
3038 5277 3148 5356 [ιδ.-
3249 5343 3258 5356 _

1898 5304 2043 5428 (2'32,
2063 5304 3002 5428 marrazaaeesrgg-

1828 5410 2456 5495 Εὗθῦξτὰρὶεχθᾷσα
2482 5419 2741 5495 ἔσπευδε
2778 5410 3284 5495 ᾂηῖλάζειιίιιρδιιιιι.
3318 5410 3392 5464 ID.

1926 5498 1975 5559 l)
2002 5490 2393 5559 amaram»
2412 5492 2509 5545 καί
2541 5492 2765 5547 omissa.
2794 5490 2869 5543 lo.

1918 5560 1974 5632 2)
2001 5566 2243 5622 Λοιπόν.
2288 5563 2578 5632 Ἑλλεῖπον.
2606 5560 2683 5616 lu.
3174 5621 3185 5632 ,
3216 5619 3237 5632 _
3324 5620 3351 5632 _

1922 5619 1976 5761 εἴ)
2002 5619 2211 5761 ἷζοίῖον
2240 5634 2455 5705 τριχός.
2480 5631 2673 5689 Omnia
2691 5632 2894 5686 omissa
2924 5641 3093 5696 usque
3121 5621 3187 5679 ad
3208 5619 3246 5691 ἣ
3280 5620 3397 5676 τῶν

1922 5726 1936 5761 >
1962 5724 2064 5761 ων.
2127 5724 2177 5761 ι).

1830 5708 2064 5777 ὁμοίων.
2104 5708 2177 5761 lu.

1897 5499 1919 5707 ἓ

1954 5498 1976 5706 ξ
