3830 6216
482 316 584 374 H0

1456 311 1916 368 TESTAMERTA
1972 312 2069 366 ΧΗ
2125 311 2743 371 PATRIARCHARUM.

3598 282 3747 368 nos

478 430 609 500 quid
640 435 859 499 praestet
885 428 983 495 (4).
1013 426 1207 482 Omnia
1238 431 1381 482 enim
1422 430 1474 483 in
1506 429 1697 483 ordine
1737 428 1863 482 fecit
1907 428 2047 483 Deus

2156 432 2232 485 ὅτι
2280 436 2335 485 έν
2381 432 2458 502 τῷ
2499 434 2578 485 ἐνὶ
2616 434 2726 496 τοῖς
2765 433 3107 505 προσώποις,
3154 434 3186 506 ἢ
3229 432 3336 486 τῶν
3377 432 3588 503 ὁμοίων
3636 430 3737 500 (5).

478 523 622 577 bona
652 538 668 575 :
697 521 937 592 quinque
963 536 1159 576 sensus
1182 522 1237 574 in
1266 518 1460 591 capite,
1475 531 1529 576 et
1557 523 1754 576 collum
1776 520 2048 590 copulavit

480 613 667 684 capiti,
704 623 758 669 et
786 615 1010 683 capillos
1036 614 1101 669 ad
1133 613 1360 684 gloriam
1393 614 1462 679 ‘7;
1495 613 1689 667 deinde
1712 628 1805 667 cor
1826 612 1891 665 ad
1918 627 2046 681 pru-

480 707 745 769 dentiam,
770 716 1019 761 ventrem
1056 706 1122 760 ad
1162 700 1524 761 secretiouem
1567 706 1835 760 stomachi
1862 706 1925 770 ¹⁸,
1957 720 2049 759 ca-

480 796 683 851 lamum
718 796 782 851 ad
815 796 1128 859 sanitatem,
1155 796 1323 865 hepar
1358 795 1425 848 ad
1457 795 1616 857 iram,
1651 793 1720 847 fel
1756 794 1820 847 ad
1850 793 2049 847 amari~

502 891 747 954 udinem,
790 891 856 944 ad
904 889 1075 943 risum
1130 888 1402 957 splenem,
1445 902 1602 941 renes
1653 887 1718 941 ad
1767 886 2045 949 astutiam,

479 982 698 1036 lumbos
729 982 793 1035 ad
837 981 1117 1043 virtutem,
1146 988 1327 1034 costas
1364 978 1428 1031 ad
1454 978 1799 1047 positionem,
1833 977 2047 1045 spinam

479 1074 545 1129 ad
593 1073 986 1139 fortitudinem,
1019 1083 1067 1127 et
1104 1086 1225 1142 qua:
1270 1072 1547 1140 deinceps.
1596 1068 1672 1123 ita
1720 1068 1917 1139 igitur,
1954 1068 2048 1122 lilii

480 1166 609 1229 mei,
640 1166 695 1219 in
727 1166 919 1220 ordine
962 1166 1082 1221 sitis
1131 1165 1183 1218 in
1228 1164 1404 1228 bona,
1435 1162 1489 1216 in
1534 1163 1729 1216 timore
1769 1160 1862 1215 Dei
1900 1160 1963 1226 ¹⁹,
1996 1168 2050 1214 et

480 1256 618 1311 nihil
643 1257 1012 1311 inordinatum
1047 1255 1207 1311 facite
1246 1256 1299 1309 in
1332 1262 1662 1323 contemptu,
1694 1267 1869 1323 neque
1895 1260 2047 1307 extra

478 1355 693 1415 tempus
723 1360 905 1400 suum.
931 1344 1199 1411 Quoniam
1240 1346 1285 1399 si
1320 1346 1473 1399 dicas
1506 1344 1685 1409 oculo,
1717 1343 1904 1397 audire
1939 1355 2047 1395 non

477 1444 656 1502 potest
671 1435 745 1488 ὀε
774 1435 844 1489 ita
868 1450 1044 1505 neque
1069 1436 1123 1487 in
1152 1434 1389 1489 tenebris
1414 1434 1660 1503 poteritis
1681 1431 1859 1487 facere
1884 1446 2047 1500 opera

480 1526 634 1582 lucis.

578 1612 611 1639 41

552 1725 644 1778 IIl.
677 1743 694 1775 ι
721 1723 799 1779 Ne
828 1725 991 1796 igitur
1016 1724 1270 1781 festinate
1300 1725 1357 1781 in
1406 1726 1640 1780 avaritia
1695 1738 2048 1793 corrumpere

478 1824 634 1873 actus
656 1826 905 1884 vestros,
946 1819 1031 1873 vel
1078 1818 1134 1872 in
1181 1818 1530 1875 sermonibus
1586 1818 1743 1872 vanis
1783 1816 2047 1872 seducere

479 1910 691 1965 animas
723 1920 955 1977 vestras,
984 1912 1243 1982 quoniam
1270 1919 1510 1967 tacentes
1542 1912 1596 1965 in
1625 1910 1893 1965 munditia
1924 1925 2047 1965 cor-

478 2001 564 2055 dis
587 2002 835 2071 poteritis
883 2003 1216 2058 voluntatem
1250 2001 1346 2058 Dei
1371 2011 1575 2068 tenere,
1608 2011 1663 2057 et
1696 2001 1929 2071 abjicere
1952 2016 2047 2054 vo-

476 2093 740 2149 luntatem
771 2094 994 2149 diaboli.
1024 2095 1117 2150 Sol
1148 2106 1201 2151 et
1232 2095 1361 2150 luna
1396 2105 1448 2150 et
1478 2095 1646 2150 stella:
1680 2110 1787 2149 non
1834 2100 2047 2147 mutant

477 2184 725 2240 ordinem
755 2202 913 2240 suum
943 2189 1022 2240 “:
1064 2187 1135 2242 ita
1162 2194 1217 2242 et
1241 2204 1340 2244 vos
1373 2203 1441 2243 ne
1483 2186 1705 2241 mutetis
1745 2186 1917 2255 legem
1950 2183 2046 2239 Dei

476 2274 533 2329 in
557 2276 954 2333 inordinatione
981 2289 1197 2334 actuum
1220 2291 1544 2334 vestrorum.
1577 2278 1777 2337 Gentes
1801 2285 2047 2333 errantes

476 2378 531 2424 et
553 2370 991 2441 derelinqueutes
1022 2371 1309 2426 Dominum
1341 2413 1356 2436 ,
1407 2381 1754 2427 mutaverunt
1799 2371 2044 2426 ordinem

477 2477 662 2530 suum,
715 2474 769 2519 et
832 2466 1003 2519 secuti
1057 2466 1415 2534 suntlapides
1446 2474 1500 2519 ct
1555 2464 1722 2535 ligna,
1755 2473 2045 2534 sequentes

478 2555 705 2626 spiritus
730 2546 957 2612 erroris.
994 2557 1103 2613 Vos
1131 2567 1313 2613 autem
1337 2574 1443 2611 non
1475 2557 1576 2624 sic,
1609 2558 1703 2611 lilii
1763 2558 1907 2619 mei,
1951 2573 2044 2611 co-

477 2658 801 2723 gnoscentes
831 2651 885 2704 in
918 2652 1283 2717 firmamento,
1320 2652 1375 2704 in
1414 2662 1577 2714 terra,
1629 2651 1760 2705 etin
1793 2651 1951 2713 mari,
1992 2659 2047 2705 et

478 2741 533 2794 in
569 2742 824 2796 omnibus
854 2742 1144 2807 creaturis,
1176 2742 1464 2797 Dominum
1492 2742 1586 2812 qui
1616 2741 1746 2797 fecit
1780 2742 1896 2797 haec
1926 2759 2045 2798 om-

477 2832 589 2898 nia,
626 2842 819 2887 utnon
848 2833 1155 2889 elIiciamini
1186 2834 1329 2889 sicut
1360 2834 1621 2898 Sodoma,
1671 2850 1793 2903 qua:
1848 2835 2044 2890 immu-

478 2925 616 2979 tavit
638 2925 886 2979 ordinem
917 2934 1124 2980 natura:
1171 2940 1283 2981 sua:
1340 2928 1405 2979 ".
1461 2925 1723 2980 Similiter
1779 2936 1960 2982 autem
1991 2938 2045 2984 et

479 3016 683 3087 Vigiles
728 3018 1154 3071 immutaverunt
1203 3016 1449 3071 ordinem
1513 3027 1723 3072 naturte
1775 3018 2038 3087 ipsorum,

2153 525 2335 579 Πάντα
2360 524 2435 595 (6)
2474 525 2580 594 γὰρ
2621 526 2678 575 ὲν
2718 524 2869 589 τάξει
2904 526 3157 597 ἐποίησεν
3194 524 3224 577 ὁ
3264 525 3395 590 Θεὸς
3428 523 3609 578 ’καλά’
3638 524 3741 589 τὰς

2150 622 2307 673 πέντε
2337 620 2612 691 αἰσθήσεις
2647 624 2712 692 τῇ
2738 621 2967 691 κεφαλῇ,
2994 622 3088 674 καὶ
3121 620 3212 674 τὸν
3244 618 3512 691 τράχηλον
3564 620 3739 671 συνά-

2150 732 2272 767 πτει
2300 713 2376 784 (7)
2404 717 2470 785 τῇ
2497 714 2724 785 κεφαλῇ,
2751 716 2844 768 καὶ
2869 714 3060 784 τρίχας
3096 713 3232 785 πρὸς
3271 712 3426 777 δόξαν
3464 712 3571 781 (8)'
3616 707 3741 763 εἶτα

2150 806 2374 876 καρδίαν
2400 808 2477 870 είς
2502 808 2777 877 φρόνησιν,
2803 808 3009 861 κοιλίαν
3034 809 3112 871 εἰς
3131 808 3398 877 διάκρισιν
3424 804 3735 874 στομάχου,

2151 899 2392 969 κάλαμον
2419 898 2493 970 (9)
2530 901 2665 971 πρὸς
2693 901 2879 969 ὑγείαν
2911 901 3055 973 (10),
3082 897 3233 972 ἧπαρ
3261 900 3393 969 πρὸς
3413 899 3609 970 θυμδντ
3641 916 3739 967 κο-

2149 987 2245 1057 λὴν
2282 988 2417 1059 πρὸς
2459 990 2700 1060 πικρίαν,
2740 991 2819 1053 εἰς
2859 989 3070 1057 γέλωτα
3108 989 3333 1059 σπλῆνα,
3367 990 3604 1058 νεφροὺς
3648 988 3736 1049 εἰς

2152 1082 2502 1151 πανουργίαν,
2542 1081 2685 1152 ψύας
2723 1085 2803 1146 είς
2841 1082 3085 1153 δύναμιν,
3128 1082 3363 1151 πλευράς
3406 1082 3485 1143 είς
3523 1080 3731 1150 θήκην,

2150 1172 2319 1241 ὀσφὺν
2352 1175 2429 1237 είς
2464 1175 2636 1244 ἰσχὺν,
2672 1176 2764 1226 καὶ
2786 1174 2854 1227 τά
2871 1174 3016 1242 έξῆς.
3049 1173 3233 1235 Οὕτως
3254 1167 3364 1235 οὖν,
3396 1171 3566 1224 τέκνα
3596 1188 3732 1238 μου,

2151 1266 2207 1316 ὲν
2257 1264 2405 1331 τάξει
2449 1265 2569 1318 ὲστὲ
2606 1266 2716 1335 (11)
2758 1268 2837 1329 είς
2877 1263 3053 1334 ἀγαθά
3102 1265 3211 1337 (12)
3250 1265 3305 1315 ὲν
3348 1263 3495 1333 φόϐῳ
3547 1261 3733 1325 Θεοῦ,

2151 1357 2244 1409 καὶ
2293 1357 2455 1428 μηδὲν
2500 1357 2729 1411 ἄτακτον
2777 1360 2976 1411 ποιεῖτε
3018 1359 3073 1409 ὲν
3114 1356 3510 1426 καταφρονήσει
3533 1394 3547 1415 ,
3589 1354 3735 1423 μηδὲ

2150 1446 2254 1511 ἔξω
2284 1448 2475 1519 καιροῦ
2501 1448 2683 1502 αὑτοῦ.
2710 1449 2782 1501 Οὐ
2807 1448 3023 1501 δύναται
3057 1443 3168 1511 οὖν,
3199 1447 3278 1499 ὅτι
3303 1445 3412 1516 (15)
3444 1445 3538 1497 ὲάν
3561 1443 3736 1514 εἴπῃς

2148 1537 2227 1608 τῷ
2254 1537 2533 1608 ὀφθαλμῷ,
2548 1538 2793 1591 ἀκούσαιο
2817 1536 2982 1601 οὕτως
2999 1537 3118 1590 οὐδὲ
3140 1537 3195 1588 ὲν
3218 1535 3393 1588 σκότει
3415 1537 3590 1587 ποιεῖν
3610 1532 3735 1601 (Η)

2151 1628 2285 1699 ἔργα
2315 1629 2508 1699 φωτός.

2223 1740 2295 1793 1".
2328 1761 2346 1793 ι
2372 1740 2463 1812 Μὴ
2492 1736 2585 1795 οὖν
2620 1739 2946 1805 σπουδάζετε
2992 1740 3051 1794 ὲν
3088 1737 3368 1808 πλεονεξίᾳ
3409 1737 3735 1807 διαφθεῖραι

2148 1830 2246 1894 τὰς
2278 1830 2504 1903 πράξεις
2531 1830 2704 1901 ὑμῶν,
2730 1830 2763 1901 ἢ
2786 1834 2843 1885 ὲν
2865 1830 3041 1900 λόγοις
3060 1833 3234 1895 κενοῖς
3257 1831 3472 1901 ἀπατᾷν
3494 1828 3599 1892 τὰς
3623 1828 3737 1896 ψυ-

2148 1916 2249 1989 χὰς
2278 1920 2459 1991 ὑμῶν,
2486 1921 2567 1974 ὅτι
2593 1921 2900 1985 σιωπῶντες
2932 1921 2989 1974 ὲν
3015 1921 3343 1993 καθαρότητι
3380 1920 3613 1992 καρδίας
3633 1920 3737 1972 δυ-

2147 2006 2372 2079 νήσεσθε
2395 2008 2455 2061 τὸ
2481 2007 2689 2079 θέλημα
2712 2007 2805 2061 τοῦ
2830 2006 2964 2061 Θεοῦ
2989 2012 3210 2080 κρατεῖν
3244 2011 3337 2062 καὶ
3362 2008 3738 2080 ἀπορρίπτειν

2145 2096 2207 2150 τδ
2231 2097 2442 2170 θέλημα
2464 2098 2558 2153 τοῦ
2578 2100 2842 2153 διαϐόλου.
2872 2102 3060 2165 ’Ἥλιος
3084 2101 3177 2155 καὶ
3213 2101 3408 2171 σελήνη
3444 2102 3539 2153 καὶ
3564 2101 3734 2152 ἀστέ-

2151 2207 2240 2263 ρες
2271 2192 2370 2245 οὐκ
2397 2191 2662 2245 ἀλλοιοῦσι
2684 2192 2833 2259 τάξιν
2867 2194 3046 2246 αὐτῶν
3070 2212 3083 2224 ·
3118 2193 3288 2257 οὕτως
3326 2195 3420 2247 καὶ
3456 2195 3618 2264 ὑμεῖς
3648 2193 3732 2263 μὴ

2147 2282 2471 2355 ἀλλοιώσητε
2512 2285 2671 2356 νόμον
2717 2285 2851 2338 Θεοῦ
2898 2286 2956 2338 ὲν
3005 2285 3197 2357 ἀταξίᾳ
3244 2284 3492 2358 πράξεων
3542 2284 3729 2354 ὑμῶν.

2151 2375 2316 2447 Ἐθνη
2342 2376 2699 2448 πλανηθέντα,
2736 2379 2831 2430 καὶ
2871 2377 3078 2447 ἀφέντα
3110 2376 3200 2430 τὸν
3247 2377 3450 2449 Κύριον
3493 2376 3735 2447 ἠλλοίω-

2149 2488 2245 2523 σαν
2267 2471 2421 2536 τάξιν
2454 2471 2663 2532 αὐτῶν,
2711 2471 2803 2523 καὶ
2839 2469 3277 2540 ἐπηκολούθησαν
3299 2469 3465 2533 λίθοις
3502 2473 3597 2523 καὶ
3625 2471 3733 2536 ξύ-

2146 2561 2256 2625 λοις
2294 2561 2807 2633 ἐξακολουθήσαντες
2842 2560 3109 2631 πνεύμασι
3146 2561 3367 2632 πλάνης.
3417 2563 3607 2633 Ὑμεῖς
3648 2563 3732 2633 μὴ

2146 2656 2337 2720 οὔτως,
2372 2656 2535 2709 τέκνα
2565 2674 2685 2726 μου,
2712 2656 2932 2723 γνόντες
2963 2657 3019 2707 ὲν
3042 2656 3400 2727 περεὼματι,
3432 2659 3487 2708 ἐν
3512 2662 3605 2729 γῇ,
3629 2660 3733 2710 καὶ

2148 2748 2421 2823 θαλάσσῃ,
2465 2750 2560 2803 καὶ
2608 2751 2741 2801 πᾶσι
2763 2751 2874 2811 τοῖς
2900 2750 3359 2820 δημιουργήμασι,
3400 2750 3606 2821 Κύριον
3632 2751 3731 2802 τὸν

2148 2842 2447 2911 ποιήσαντα
2472 2840 2539 2893 τά
2564 2839 2757 2903 πάντα,
2777 2839 2863 2891 ἵνα
2891 2839 2963 2909 μὴ
2990 2839 3217 2909 γένησθε
3242 2840 3316 2902 ὡς
3348 2841 3573 2910 Σόδομα,
3599 2842 3735 2910 ἥτις

2145 2932 2399 3004 ἐνήλλαξε
2432 2932 2584 2997 τάξιν
2612 2934 2825 3001 φύσεως
2859 2932 3047 3001 αὐτῆς.
3087 2933 3317 3003 Ὁμοίως
3338 2933 3393 2985 δὲ
3421 2934 3532 2999 (15)
3560 2937 3659 2986 καὶ
3677 2939 3732 2988 οἱ

2157 3026 2485 3097 Ἑγρήγορες
2513 3023 2623 3095 (16)
2648 3023 2942 3094 ἐνήλλαξαν
2966 3024 3115 3088 τάξιν
3144 3024 3354 3092 φύσεως
3378 3026 3557 3077 αὑτῶν
3587 3027 3730 3097 (l7),

477 3110 677 3180 quibus
699 3110 976 3163 maledixit
999 3109 1260 3163 Dominus
1285 3109 1337 3162 in
1363 3108 1591 3175 diluvio,
1633 3120 1855 3180 propter
1895 3113 2042 3182 ipsos

2156 3116 2235 3180 ιῦς
2260 3117 2606 3187 κατηράσατο
2638 3114 2839 3185 Κύριος
2867 3115 2958 3167 ἐπὶ
2990 3114 3082 3166 τοῦ
3109 3115 3508 3185 κατακλυσμοῦ,
3540 3117 3606 3169 δι’
3634 3121 3736 3171 αὺ-

479 3203 548 3257 ab
576 3202 909 3283 habitatione
942 3210 995 3255 et
1020 3201 1290 3256 fructibus
1317 3202 1578 3257 ordinans
1600 3212 1800 3257 terram
1830 3205 2046 3259 inhabi—

479 3296 718 3351 tabilem.

570 3437 613 3469 "
648 3435 817 3491 lCor.
853 3452 928 3499 xl,
964 3436 1013 3490 7.
1095 3436 1137 3465 ¹⁸
1169 3432 1346 3488 Eccle.
1382 3449 1478 3496 xu,
1503 3434 1556 3497 5,
1590 3450 1703 3502 seq.

478 3521 709 3572 xxxvul,
748 3508 845 3572 55;
878 3505 988 3561 Jer.
1021 3521 1172 3569 xxxi,
1214 3504 1321 3572 '55.;
1386 3505 1433 3534 ²¹
1468 3502 1621 3559 Iuda:
1653 3521 1705 3571 ν,
1734 3505 1785 3556 7.

554 3622 632 3695 (4)
676 3622 798 3677 Ulla
822 3624 875 3675 in
898 3638 951 3676 re
974 3622 1131 3695 faciei
1152 3626 1234 3695 pel
1261 3626 1517 3680 similium
1544 3626 1669 3695 quid
1695 3634 1927 3695 prwstet.
1971 3629 2049 3682 ita

482 3693 643 3751 sonat
665 3695 888 3765 antiqua
917 3693 1098 3765 v_ersio
1146 3694 1391 3761 Roberti,
1425 3693 1590 3765 quam
1626 3693 1713 3751 hic
1743 3697 1849 3751 loci
1896 3696 2051 3752 nefas

481 3771 566 3817 est
590 3763 896 3818 emendare.
922 3763 1094 3817 Gnaa.

554 3833 631 3901 (5)
682 3833 939 3907 Ὁμοίων.
970 3831 1067 3886 Hic
1093 3836 1314 3891 Graacus
1337 3845 1517 3891 textus
1546 3844 1976 3907 estcorruptus,
1997 3845 2051 3892 et

482 3918 652 3957 unum
681 3903 979 3957 alterumve
1007 3908 1232 3959 verbum
1268 3908 1439 3961 deest.
1466 3908 1547 3959 Io.

557 3972 917 4047 (βληάντιζ.
945 4012 957 4024 .
981 4005 1033 4047 .-.
1066 3976 1231 4043 ἑξῆς.
1266 3976 1389 4030 Haec
1420 3977 1603 4030 omnia
1635 3991 1810 4047 usque
1839 3976 1905 4031 ad
1959 3977 2054 4029 καὶ

481 4041 551 4095 τά
574 4041 722 4113 ἑξῆς,
774 4043 829 4096 in
854 4041 1390 4115 Oxoniensiﬁcodice
1451 4041 1783 4115 transposi'ta
1810 4054 1937 4099 sunt
2001 4057 2055 4101 et

484 4122 788 4183 sequuntur
822 4120 942 4183 post
969 4114 1123 4181 μηδὲ
1148 4117 1261 4179 ἕξω
1295 4115 1500 4183 καιροῦ
1523 4116 1727 4169 αὐτοῦ.
1769 4117 1844 4169 io.

581 4184 632 4254 7)
670 4184 985 4254 Συνάπτει.
1012 4185 1278 4254 Συνάψας.
1306 4187 1382 4239 Io.

578 4253 632 4322 8)
673 4253 781 4328 Καὶ
813 4254 1017 4328 τρίχας
1048 4253 1196 4328 πρὸς
1228 4255 1874 4328 δόξαιμ--Καὶῌπροσθεὶς
1912 4255 2049 4326 αὐτῇ

483 4326 578 4377 καὶ
598 4323 789 4394 τρίχας
813 4325 893 4386 είς
916 4325 1247 4394 εὐπρέπειαν
1271 4327 1363 4378 κα)⁸
1386 4325 1559 4391 δόξαν.
1589 4326 1665 4379 In.

557 4391 975 4467 (9)1Atdxpiotr
1025 4391 1365 4467 στομάχου,
1409 4394 1705 4467 κάλαμον.
1742 4397 2044 4467 Διάκρισιν,

488 4456 759 4533 στομάχου
794 4456 1053 4534 κάλαμον.
1092 4456 1170 4519 io".
1197 4456 1268 4505 —':
1292 4464 1513 4519 Minime
1540 4456 1715 4533 placet
1741 4456 1911 4520 altera
1938 4456 2048 4520 haec

2156 4456 2443 4519 Alexflib.
2477 4456 2845 4522 Iu'Stromat”

488 4534 649 4589 lectio
678 4548 782 4604 ms.
816 4534 974 4587 aliter
998 4535 1257 4591 distincta
1293 4550 1355 4588 ac
1382 4550 1442 4587 ea
1474 4551 1639 4603 quam
1673 4552 1783 4604 prae
1836 4551 1895 4589 se
1951 4536 2055 4590 fert

489 4614 669 4659 textus
691 4602 911 4658 Graecus
929 4619 958 4657 a
984 4604 1185 4659 Grabio
1208 4602 1505 4659 exhibitus.
1530 4602 1740 4673 Optime
1755 4620 1883 4659 vero
1908 4606 2055 4660 illam

472 4690 547 4730 se
580 4675 777 4727 habere
806 4683 957 4742 puto,
984 4690 1147 4743 quam
1182 4691 1291 4742 prze
1331 4675 1504 4729 oculis
1545 4675 1805 4730 habuisse
1847 4674 2054 4729 Rober—

488 4755 627 4809 tum,
669 4742 870 4815 indicat
894 4742 1013 4812 ejus
1039 4746 1238 4800 versio.
1261 4743 1529 4815 Nimirum
1557 4745 1820 4815 κάλαμος,
1857 4760 1962 4798 non
1988 4746 2055 4798 ad

488 4814 881 4900 prtec’edentem
918 4829 1114 4900 vocem.
1163 4813 1455 4900 στομάχου,
1509 4815 1604 4900 sed
1636 4813 1712 4900 ad
1736 4823 2053 4883 sequentem

488 4882 731 4953 ὑδρείαν.
753 4892 813 4936 ut
850 4892 993 4938 recte
1018 4884 1142 4953 legit
1178 4882 1434 4945 Grabius,
1465 4882 1804 4940 referendus.

558 4952 671 5023 (10)
722 4952 961 5023 Ὑγείαν.
990 4953 1050 5006 L.
1084 4953 1317 5023 ὑδρείαν.
1357 4954 1522 5007 (ΞΜΒ.
1695 4970 1698 4973 λ

558 4971 671 5023 iw)
737 4971 961 5021 ιτειαν.
991 4971 1050 5006 ι..
1084 4971 1144 5005 uo
1183 4971 1317 5006 ειαν.
1357 4971 1522 5007 unas.
1695 4971 1698 4973 ·

487 5022 693 5143 1M“)-
725 5021 819 5075 Ἐν
845 5022 1007 5086 τάξει
1025 4971 1185 5077 ἐστὲ
1216 5025 1397 5077 Ἔστω
1423 5025 1600 5079 πάντα
1622 5023 1691 5077 τὰ
1713 5024 1849 5097 ἔργα
1877 5025 2049 5096 ὑμῶν.

514 5106 545 5143 ο

588 5161 655 5214 12
733 5164 952 5233 Ἁταθά.
993 5163 1237 5233 Ἀγαθὸν.
1266 5163 1343 5216 Ιι).

562 5163 678 5295 (15)
717 5232 834 5289 Ὅτι
864 5233 1035 5288 deest.
1072 5238 1149 5288 In.

588 5231 675 5289 15)
717 5231 834 5289 ’Ὁτι
864 5233 1035 5288 deest.
1067 5231 1149 5288 in.

713 5302 928 5375 Ποιεῖν.
963 5300 1286 5375 Δυνήσεσθε,
1317 5304 1441 5375 add.
1469 5308 1547 5360 In.

562 5364 676 5445 (15)
732 5374 899 5445 ’ᾘτις
956 5364 1282 5441 ἐνήλλαξέ
1308 5372 1479 5438 τάξιν
1538 5377 1776 5444 φύσεως
1841 5375 2047 5445 αὐτῆς.

502 5439 736 5508 Ὁμοίως
755 5443 821 5496 δέ
848 5439 1063 5497 desunt.
1090 5446 1169 5497 In.

566 5511 677 5583 (16)
730 5512 1089 5583 ἙπρήγὉρες.
1119 5513 1236 5567 Jam
1292 5530 1453 5583 supra
1481 5518 1675 5571 horum
1719 5517 2049 5572 mentionem

566 5532 677 5577 (ιο)
736 5532 968 5582 ιπρηγο
1007 5532 1089 5579 ες.
1119 5532 1236 5567 Jam
1292 5532 1453 5583 supra
1481 5532 1675 5571 norum
1719 5532 2049 5572 mentionem

492 5578 623 5660 fecit
644 5592 833 5637 auctor
868 5584 920 5660 in
954 5532 1282 5660 feslamertto
1308 5583 1512 5651 Ruben,
1540 5588 1565 5658 §
1592 5604 1643 5652 ν,
1665 5603 1762 5660 per
1812 5603 1942 5660 eos__
1962 5588 2050 5660 in-

485 5648 739 5725 telligens
756 5654 1005 5725 angelos;
1031 5656 1099 5707 de
1122 5653 1321 5725 quibus
1342 5671 1463 5722 qua:
1491 5648 1720 5725 utroque
1751 5657 1870 5711 loco
1894 5656 2048 5718 dixit,

494 5735 561 5778 ex
586 5719 726 5779 libro
754 5721 775 5778 l
800 5719 1005 5778 Enochi
1051 5733 1105 5777 et
1132 5719 1234 5779 ista
1277 5719 1493 5797 quidem
1543 5719 1693 5799 parte
1726 5727 2048 5796 desumpsit,

1785 3438 1824 3467 ¹⁹
1861 3436 1880 3490 1
1911 3437 2034 3495 Cor.
2064 3455 2173 3507 xiv,
2214 3442 2301 3496 40.
2380 3442 2424 3473 ²⁰
2448 3439 2465 3493 1
2493 3438 2618 3494 Cor.
2655 3454 2751 3503 xu,
2786 3437 2873 3503 16,
2907 3453 3021 3508 seq.

2150 3210 2274 3274 τοὺς
2320 3210 2427 3263 ἀπὸ
2472 3208 2821 3278 κατοικησίας
2868 3208 2960 3259 καὶ
3012 3207 3238 3277 καρπῶν
3281 3208 3447 3272 τάξας
3491 3210 3595 3279 τὴν
3619 3212 3734 3279 γῆν

2152 3300 2403 3369 ἀοίκητον
2428 3298 2558 3371 (18).

3099 3437 3138 3468 ²¹
3177 3433 3353 3489 Judic.
3384 3453 3437 3500 v,
3467 3434 3568 3503 ‘20;
3620 3436 3732 3492 Job

2151 3644 2315 3698 quam
2348 3627 2613 3696 Georgius
2662 3623 2967 3698 Syncellus,
3028 3635 3153 3698 saec.
3203 3636 3299 3674 vui
3353 3621 3632 3698 scriptor,
3672 3625 3731 3678 in

2152 3692 2309 3753 suam
2339 3692 2829 3765 Chroﬁoqrapliiam
2865 3709 2986 3765 pag.
3027 3692 3083 3745 11
3147 3708 3325 3765 seqq.,
3351 3700 3405 3745 et
3432 3692 3502 3744 24
3568 3709 3728 3761 seqq.

2150 3770 2370 3838 optima:
2395 3762 2865 3838 editionis'dacolu
2892 3762 3063 3838 _Goar,
3086 3763 3260 3838 verbo
3286 3770 3456 3838 tenus
3480 3772 3736 3838 transtu-

2153 3832 2233 3901 lit,
2260 3836 2616 3905 amplissimis
2638 3835 2855 3890 duobus
2886 3832 3205 3905 fragmentis
3246 3832 3737 3905 recitatis._Placet

2154 3917 2337 3971 autem
2355 3902 2458 3960 hic
2484 3906 2726 3960 indicare
2748 3905 2952 3972 plures,
2989 3903 3081 3970 qui
3112 3903 3250 3955 hanc
3273 3902 3735 3969 pseudo-Enochi

2155 3977 2481 4033 sententiam
2513 3976 2580 4030 de
2602 3975 2921 4045 angelorum
2946 3988 3070 4045 cum
3094 3972 3416 4045 mulieribus
3446 3988 3734 4045 commer-

2154 4049 2239 4102 cio
2268 4046 2502 4113 amplexi
2528 4041 2903 4113 suuthccipe
2931 4043 3233 4113 clarissima
3256 4042 3479 4113 nomina
3506 4041 3736 4099 Judzeo-

2154 4133 2301 4183 rum,
2328 4110 2574 4169 Philonis
2598 4116 2694 4168 lib.
2728 4114 2801 4167 De
2825 4110 3147 4183 gigantibus,
3200 4120 3252 4183 et
3298 4110 3520 4180 Josephi
3569 4116 3668 4168 lib.
3718 4133 3730 4169 ι

2152 4181 2338 4256 Antii].
2375 4186 2503 4239 Jud.
2538 4200 2659 4256 cap.
2685 4186 2744 4256 4,
2768 4181 2998 4256 necnon
3025 4181 3486 4256 Christianorum.
3520 4183 3732 4238 Justini

2157 4250 2408 4326 Martyris
2425 4255 2578 4325 Apol.
2604 4250 2745 4326 lluti
2774 4251 3386 4326 vulgodicitur)_,__p._§4,_
3406 4250 3472 4326 Α,
3497 4256 3732 4323 ctApol.

2158 4328 2203 4379 ΙΙ
2232 4320 2375 4395 (quae
2401 4320 2608 4381 revera.
2632 4324 2734 4377 fuit
2770 4320 2991 4395 prima),
3042 4321 3239 4395 p._§;‘5,
3269 4320 3339 4377 D;
3360 4320 3736 4395 Athenagora:

2156 4397 2209 4449 in
2241 4391 2520 4466 L'egatiune
2542 4410 2635 4466 pro
2666 4394 3076 4466 (Jhristianis,_p_.
3108 4391 3175 4466 τῇ
3195 4400 3247 4443 et
3280 4391 3735 4466 s_eq.;Clemcnt_is

2945 4460 3193 4525 450,1),
3219 4471 3273 4514 et
3303 4460 3401 4532 lib.
3433 4479 3487 4532 ν,
3512 4479 3571 4532 ρ.
3596 4464 3730 4525 550.

2156 4480 2306 4519 Atex.
2350 4480 2443 4519 un.
2477 4481 2533 4517 ιιι
2568 4480 2845 4522 stramen.
2945 4480 3101 4525 .4ou,
3128 4480 3193 4517 υ,
3219 4480 3273 4514 et
3304 4480 3401 4514 uo.
3437 4480 3487 4524 ν,
3512 4480 3571 4532 p.
3596 4480 3730 4525 sou,

2156 4535 2225 4600 B;
2257 4535 2577 4589 Tertulliani
2611 4536 2704 4588 lib.
2724 4534 2798 4585 De
2814 4480 3281 4598 idofolatriaxap.
3316 4531 3387 4595 9',
3422 4531 3497 4586 De
3542 4534 3733 4587 habitu

2157 4606 2423 4668 muliebri,
2450 4620 2568 4672 cap.
2598 4606 2665 4671 2;
2705 4604 2775 4657 De
2806 4603 2951 4656 cultu
2980 4603 3316 4671 feminarum,
3343 4617 3466 4671 cap.
3504 4602 3606 4661 10;
3651 4604 3732 4656 De

2155 4676 2391 4729 velandis
2419 4675 2730 4744 virginibus,
2764 4689 2885 4742 cap.
2911 4674 3050 4744 7,7et
3078 4672 3173 4744 li_b.
3218 4687 3265 4744 γ
3288 4673 3543 4744 adversus
3577 4672 3731 4725 Mar-

2156 4746 2380 4808 cionem,
2409 4741 2529 4812 cap.
2561 4746 2652 4805 18;
2687 4744 2943 4815 tlypriani
2978 4743 3071 4795 lib.
3098 4741 3173 4815 _De
3208 4742 3495 4810 disciplina
3528 4753 3579 4796 et
3608 4745 3728 4815 fm-

2157 4816 2268 4868 bitu
2285 4815 2612 4885 uirginum,§
2639 4813 2861 4879 ὄλοιο.
2899 4815 2983 4885 In.
3002 4842 3076 4885 ς-
3098 4813 3381 4885 Lectorem
3407 4829 3570 4885 suum
3592 4813 3731 4885 Gra-

2155 4885 2280 4939 bius
2310 4883 2398 4937 hic
2431 4883 2740 4938 remittitad
2768 4899 2893 4952 pag.
2926 4883 3030 4937 547
3090 4896 3243 4950 seqq.
3274 4883 3367 4952 ubi
3392 4898 3459 4937 ex
3484 4884 3731 4937 editione

2156 4954 2319 5008 Goari
2345 4956 2627 5009 emendata
2657 4963 2710 5007 et
2742 4953 3008 5006 illustrata
3041 4952 3233 5006 recitat
3279 4951 3589 5021 fragmenta
3639 4954 3731 5007 illa

2155 5024 2264 5077 duo
2294 5024 2414 5077 libri
2460 5040 2475 5075 ι
2509 5022 2973 5094 pseudo-Enochi.
3004 5023 3455 5094 quaeposteritati
3499 5022 3732 5094 Syncel-

2156 5095 2242 5148 ius
2270 5092 2522 5148 servavit.
2582 5093 2691 5148 Nos
2724 5094 2974 5146 brevitati
3026 5092 3303 5147 studentes
3352 5108 3416 5146 ea
3471 5092 3732 5147 consulto

2153 5164 2517 5233 praeterimus.
2565 5165 2736 5217 Adcat
2785 5164 2974 5233 lector,
3009 5162 3052 5233 si
3074 5161 3285 5233 placet,
3309 5161 3575 5216 Grabium
3610 5165 3647 5233 l.
3678 5179 3727 5216 c.

2156 5231 2239 5288 vel
2275 5232 2583 5288 Fabricium
2616 5234 2707 5303 qui
2735 5247 2796 5286 ea
2822 5246 2889 5284 ex
2923 5231 3124 5285 Grabio
3167 5231 3460 5303 descripsit
3485 5233 3547 5303 in
3593 5232 3727 5285 Cod.

2154 5303 2484 5373 pseudepigr.
2524 5301 2648 5358 Yet.
2671 5303 2809 5357 Test.
2839 5312 2973 5373 19m.
3001 5303 3190 5373 i,_p_ag.
3221 5301 3343 5373 1797
3371 5317 3489 5373 seq.
3516 5301 3727 5373 Quibus

2155 5368 2324 5427 addas
2346 5368 2508 5428 velim
2538 5378 2824 5428 observata
2854 5370 3015 5426 Rich.
3051 5368 3298 5426 Simonio
3315 5368 3723 5425 Βξὺιὶ“οι1ι.Ει-ἱι.

2153 5453 2285 5498 tom.
2315 5445 2383 5507 ιι,
2412 5460 2467 5511 p.
2496 5444 2602 5498 2‘29
2654 5459 2767 5512 seq.

2225 5513 2336 5582 (17)
2391 5511 2763 5579 Ἐνήλλαξαίι
2789 5513 2959 5577 τάξιν
2978 5512 3215 5579 φύσεως
3235 5511 3453 5567 αὐτῶν.
3488 5512 3723 5570 Omissa.

2155 5586 2329 5639 GRAB.

2225 5654 2335 5727 (18)
2376 5653 2454 5727 Δι’
2485 5656 2706 5727 αὐτοὺς
2740 5654 2858 5708 ἀπὸ
2906 5655 3287 5727 καζοικησίιις
3344 5654 3438 5707 καὶ
3488 5654 3727 5727 καρπῶν

2156 5723 2336 5793 τάξας
2368 5723 2480 5792 τὴν
2511 5724 2627 5794 γῆν
2655 5727 2953 5794 ἀοίκητον.
2992 5724 3217 5781 Desunt.
3254 5727 3311 5779 In
