3830 6216
192 301 344 361 υθθ

1313 303 1824 360 TESTAMENTUM
1850 303 2310 361 NEPHTHALIM.

3292 306 3428 363 mo

272 421 347 473 Δ’.
388 437 405 471 ι
428 417 611 473 Ταῦτα
632 419 794 488 λέγω,
815 418 975 471 τέκνα
1002 434 1122 488 μου,
1149 418 1229 470 ὅτι
1252 418 1488 486 ἀνέγνων
1504 420 1562 470 ὲν
1584 419 1773 491 Γραφῇ

1948 417 2038 472 ιγ.
2082 438 2100 471 ι
2126 418 2251 473 Haec
2271 418 2413 485 dico,
2441 417 2536 473 illii
2562 420 2698 484 mei,
2734 420 2994 489 quoniam
3034 419 3139 490 legi
3183 420 3237 475 in
3283 420 3431 477 Scri-

189 512 335 582 ἁγία
356 510 466 583 (19)
515 509 703 581 Ἑνὼχ,
739 510 821 562 ὅτι
855 510 946 564 καί
964 526 1025 578 γε
1061 511 1216 579 ὑμεῖς
1250 508 1622 579 ἀποστήσεσθε
1661 510 1768 562 ἀπὸ

192 600 430 671 Κυρίου,
448 602 800 673 πορευόμενοι
823 600 963 653 κατά
982 600 1159 652 πᾶσαν
1180 598 1441 670 πονηρίαν
1468 597 1657 662 ὲθνῶν,
1676 599 1769 651 καὶ

193 693 456 763 ποιήσετε
489 691 631 745 κατά
653 694 831 746 πᾶσαν
854 690 1084 763 ἀνομίαν
1110 689 1375 760 Σοδόμων.
1428 690 1538 741 Kal
1580 687 1770 754 ἐπάξει

196 787 335 855 ὑμῖν
371 784 572 856 Κύριος
608 784 1003 855 αἰχμαλωσίαν,
1044 784 1137 836 καὶ
1178 780 1488 835 δουλεύσετε
1514 782 1631 833 ἐκεῖ
1659 781 1771 842 τοῖς

194 876 414 947 ἐχθροῖς
448 874 622 945 ὑμῶν,
651 874 903 948 καὶπάσῃ
928 873 1163 929 κακώσει
1187 875 1278 927 καὶ
1300 872 1474 942 θλίψει
1502 872 1770 940 συγκαλυ-

196 967 475 1039 φθήσεσθε
510 966 643 1038 (20),
669 969 772 1031 ἕως
797 968 862 1023 ἂν
878 965 1130 1039 ἀναλώσῃ
1152 966 1355 1038 Κύριος
1377 967 1580 1029 πάντας
1606 966 1768 1034 ὑμᾶς.

194 1064 316 1116 Καὶ
372 1060 510 1132 μετά
550 1061 613 1113 τὸ
664 1060 989 1130 ὀλιγωθῆναι
1026 1060 1168 1130 ὑμᾶς
1204 1059 1298 1111 καὶ
1350 1056 1770 1129 σμικρυνθῆναι,

194 1153 567 1225 ὲπιστρέψετε
591 1152 684 1204 καὶ
710 1149 1078 1219 ἐπιγνώσεσθε
1100 1148 1304 1221 Κύριον
1331 1149 1419 1201 τὸν
1439 1148 1575 1200 Θεὸν
1598 1146 1768 1218 ὑμῶν’

195 1245 302 1297 καὶ
333 1242 651 1313 ἐπιστρέψει
678 1242 822 1313 ὑμᾶς
840 1243 919 1304 εἰς
950 1241 1049 1311 τὴν
1071 1240 1175 1308 γῆν
1198 1240 1227 1292 ὑ
1237 1239 1373 1309 μῶν,
1400 1238 1540 1291 κατά
1560 1238 1620 1290 τὸ
1641 1238 1771 1290 πολὺ

193 1335 369 1389 αὑτοῦ
395 1334 559 1399 ἕλεος.
587 1334 697 1387 Καὶ
727 1333 899 1398 ἔσται,
927 1334 1003 1386 ὅτ’
1037 1332 1103 1385 ἂν
1124 1330 1343 1402 ἥξουσιν
1366 1332 1422 1383 ὲν
1446 1333 1516 1401 γῇ
1545 1330 1775 1400 πατρῴῃ

196 1427 404 1492 αὐτῶν,
433 1426 595 1480 πάλιν
630 1424 988 1478 ἐπιλάθωνται
1016 1422 1244 1494 Κυρίου,
1294 1421 1390 1475 καὶ
1425 1420 1771 1491 ἀσεϐήσουσι,

197 1520 300 1575 καὶ
320 1519 602 1589 διασπερεῖ
643 1516 839 1579 αὐτοὺς
880 1513 1084 1585 Κύριος
1129 1513 1221 1565 ἐπὶ
1258 1510 1548 1583 προσώπου
1597 1508 1776 1579 πάσης

197 1612 308 1681 τῆς
333 1610 454 1681 γῆς,
482 1609 609 1680 ἄχρι
632 1607 725 1661 τοῦ
758 1605 927 1659 ἐλθεῖν
952 1606 1013 1658 τὸ
1038 1603 1340 1672 σπλάγχνον
1388 1600 1591 1671 Κυρίου
1612 1640 1625 1663 ,
1681 1599 1775 1652 άν-

201 1704 425 1773 θρωπος
447 1700 617 1754 ποιῶν
634 1699 1000 1769 δικαιοσύνην,
1036 1697 1129 1752 καὶ
1153 1694 1321 1748 ποιῶν
1361 1692 1507 1757 έλεος
1533 1692 1612 1754 εἰς
1646 1690 1778 1745 πάν-

198 1816 306 1863 ⁸τας
330 1799 454 1862 τοὺς
478 1796 715 1869 μακρὰν,
741 1796 835 1849 καὶ
858 1796 984 1856 τοὺς
1018 1791 1182 1861 ἐγγύς
1209 1788 1341 1861 (21).
1384 1830 1391 1835 .

281 1982 358 2034 E’.
404 1999 423 2032 ι
464 1980 551 2033 Ἐν
573 1977 682 2050 γὰρ
703 1978 815 2031 ἔτει
840 1974 1259 2048 τεσσαρακοστῷ
1306 1974 1452 2045 ζωῆς
1488 1990 1618 2043 μου,
1645 1965 1781 2024 εἶδον

204 2076 268 2128 ὲν
289 2075 470 2145 ὄρεσιν
496 2072 607 2143 (22)
630 2071 806 2124 ἐλαίου
825 2070 936 2141 (25)
954 2069 1096 2122 κατὰ
1112 2065 1374 2130 ἀνατολὰς
1409 2063 1781 2136 Ἰερουσαλὴμ,

204 2165 293 2218 ὅτι
326 2166 354 2216 6
376 2162 526 2231 ἥλιος
558 2162 652 2215 καὶ
672 2163 706 2231 ή
738 2159 933 2231 σελήνη
955 2159 1215 2230 ἕστηκαν.
1245 2156 1355 2235 Kal
1391 2156 1498 2208 ἰδοὺ
1541 2152 1726 2206 Ἰσαὰκ
1756 2152 1785 2203 6

208 2254 395 2325 πατὴρ
426 2252 517 2308 τοῦ
552 2252 757 2324 πατρός
795 2270 894 2323 μου
916 2250 1060 2319 λέγει
1098 2251 1260 2321 ἡμῖν·
1297 2267 1315 2298 ι
1338 2243 1786 2319 Προσδραμόντες

206 2341 519 2413 κρατήσατε
539 2338 767 2403 ἕκαστος
792 2337 935 2391 κατά
954 2336 1181 2406 δύναμιν
1203 2352 1215 2365 ’
1246 2335 1339 2388 καὶ
1372 2331 1466 2384 τοῦ
1492 2329 1787 2389 πιάσαντος

207 2434 363 2487 ἔσται
398 2434 425 2486 6
446 2433 594 2502 ἥλιος
617 2434 711 2485 καὶ
742 2434 774 2501 ἡ
808 2430 1028 2503 σελήνη,
1057 2450 1075 2481 ι
1104 2428 1214 2481 Kal
1253 2425 1454 2487 πάντες
1487 2419 1620 2493 ὁμοῦ
1662 2421 1788 2472 έπε-

203 2525 490 2596 ὖράμομεν
508 2542 519 2555 ⁸
559 2524 652 2577 καὶ
675 2524 703 2575 6
726 2522 854 2575 Λευῒ
878 2522 1147 2593 ἐκράτησε
1167 2519 1258 2571 τὸν
1279 2517 1450 2587 ἥλιον,
1478 2515 1571 2567 καὶ
1594 2515 1621 2565 6
1660 2510 1787 2564 Ἰού-

205 2617 307 2679 δας
335 2616 545 2685 φθάσας
570 2614 763 2667 ὲπίασε
788 2598 887 2682 τὴν
914 2611 1138 2683 σελήνην
1159 2626 1171 2638 ⁸
1209 2608 1303 2660 καὶ
1343 2604 1635 2675 ύψώθησαν
1684 2602 1789 2669 ἀμ-

208 2706 428 2775 φότεροι
456 2706 551 2757 σὺν
567 2705 770 2766 αὐτοῖς.
795 2704 904 2754 Kal
926 2701 1075 2762 δντος
1098 2696 1193 2751 τοῦ
1211 2694 1339 2750 Aeni
1363 2695 1437 2757 ὡς
1469 2692 1642 2762 ἡλίου,
1667 2705 1790 2741 νεα-

211 2800 332 2862 νίας
357 2816 440 2861 τις
474 2796 774 2850 ἐπιδίδωσιν
799 2792 945 2864 αύτῷ
977 2792 1102 2863 βάῖα
1123 2788 1377 2860 φοινίκων
1406 2784 1502 2848 ιδ’,
1530 2781 1624 2836 καὶ
1660 2779 1791 2833 ’ἰού-

209 2892 310 2953 δας
332 2884 399 2959 ἦν
418 2888 691 2958 λαμπρὸς,
714 2887 788 2950 ὡς
821 2889 854 2957 ἠ
910 2884 1128 2955 σελήνη,
1180 2884 1275 2935 καὶ
1308 2882 1413 2935 ὑπὸ
1455 2882 1579 2943 τοὺς
1625 2880 1791 2941 πόδας

210 2984 383 3040 αὐτοῦ
405 2979 543 3053 ἦσαν
568 2979 630 3034 ιϐ’
666 2982 903 3041 ἀκτῖνες.
928 2976 1038 3028 Kal
1064 2974 1505 3047 προσδραμόντες
1546 2972 1792 3042 ἀλλήλοις

1869 520 2025 580 plura
2053 520 2240 566 sancta
2276 509 2481 575 Enocb,
2512 510 2659 580 quod
2694 520 2749 565 et
2784 525 2883 566 vos
2933 511 3198 566 recedetis
3243 526 3273 566 a
3304 510 3415 567 Do-

1869 604 2039 669 mino,
2066 603 2406 658 ambulantes
2434 603 2735 657 secundum
2762 618 2979 657 omnem
3009 604 3275 659 malitiam
3302 619 3433 674 gen-

1871 694 2027 757 tium,
2057 701 2110 746 et
2143 692 2352 747 facietis
2383 692 2684 747 secundum
2716 708 2932 767 omnem
2964 693 3306 762 iniquitatem
3334 692 3434 747 So-

1870 785 2179 839 domorum.
2212 784 2277 839 Et
2302 784 2521 839 inducet
2550 785 2702 840 vobis
2739 784 3006 840 Dominus
3040 785 3433 856 captivitatem,

1869 884 1924 930 et
1951 878 2200 932 servietis
2222 877 2330 933 illic
2353 877 2592 932 inimicis
2620 878 2839 944 vestris,
2878 887 2933 932 et
2981 880 3133 933 omni
3176 893 3337 949 paena
3382 886 3438 931 et

1874 966 2223 1021 tribulatione
2250 966 2807 1036 comprehendemini,
2838 981 3125 1037 usquequo
3147 972 3438 1022 consumat

1873 1058 2140 1113 Dominus
2173 1074 2365 1114 omnes
2421 1075 2538 1114 vos.
2592 1057 2659 1113 Et
2716 1066 3004 1128 postquam
3047 1056 3206 1127 pauci
3258 1056 3435 1111 eﬂ'ecti

1874 1149 2087 1206 fueritis
2114 1160 2168 1205 et
2188 1151 2462 1217 minorati,
2494 1152 2841 1207 revertemini
2870 1157 2926 1205 et
2961 1148 3305 1222 cognoscetis
3325 1148 3436 1203 Do-

1874 1242 2084 1297 minum
2110 1242 2280 1297 Deum
2312 1252 2586 1307 vestrum;
2621 1252 2675 1298 et
2698 1251 2978 1298 convertet
3005 1257 3102 1297 vos
3149 1241 3203 1296 in
3237 1249 3434 1295 terram

1876 1345 2137 1403 vestram,
2177 1335 2478 1390 secundum
2509 1335 2734 1389 multam
2763 1333 3200 1388 misericordiam
3255 1347 3434 1387 suam.

1876 1428 1943 1484 Et
1983 1429 2107 1493 erit,
2159 1442 2286 1483 cum
2327 1426 2574 1481 venerint
2615 1426 2671 1480 in
2694 1435 2896 1481 terram
2927 1433 3144 1495 patrum
3184 1438 3437 1488 suorum,

1877 1537 2070 1577 rursus
2096 1521 2486 1576 obliviscentur
2512 1518 2748 1584 Domini,
2778 1526 2833 1573 et
2863 1518 3027 1588 impie
3049 1525 3246 1588 agent,
3276 1525 3331 1571 et
3358 1515 3441 1569 di-

1879 1624 2093 1687 sperget
2114 1629 2210 1669 eos
2238 1611 2505 1668 Dominus
2529 1628 2694 1682 super
2722 1612 2914 1667 faciem
2949 1610 3219 1665 universas
3261 1618 3440 1671 terrae,

1880 1722 2165 1778 usquequo
2184 1704 2393 1761 venerit
2414 1704 2783 1760 misericordia
2802 1702 3036 1769 Domini,
3050 1702 3214 1757 homo
3240 1699 3447 1755 iaciens

1810 1770 1852 1825 Β
1877 1798 2144 1870 justitiam
2169 1804 2225 1851 et
2248 1794 2457 1851 faciens
2485 1794 2920 1850 misericordiam
2962 1792 3017 1847 in
3074 1806 3265 1848 omnes
3286 1832 3303 1857 ,
3351 1789 3444 1859 qui

1880 1895 2037 1964 longe
2066 1899 2215 1957 sunt,
2246 1900 2302 1944 et
2325 1888 2421 1959 qui
2447 1903 2616 1959 prope
2663 1896 2793 1943 sunt
2822 1888 2888 1941 ’³.

1953 1980 2020 2037 V.
2065 1999 2085 2035 ι
2110 1982 2169 2037 In
2201 1995 2347 2036 anno
2370 1979 2518 2036 enim
2543 1977 2968 2049 quadragesimo
2991 1977 3117 2033 vita:
3145 1990 3300 2043 meae,
3340 1972 3450 2029 vidi

1883 2077 2243 2135 inmoutibus
2273 2075 2380 2130 olei
2402 2088 2597 2130 versus
2617 2073 2884 2127 orientem
2928 2069 3255 2135 Jerusalem,
3304 2068 3451 2137 quod

1884 2171 1968 2227 sol
1988 2178 2043 2226 et
2066 2170 2198 2225 luna
2231 2175 2503 2225 steterunt
2533 2168 2601 2221 “.
2632 2166 2699 2221 Et
2726 2182 2853 2223 ecce
2899 2167 3055 2222 Isaac
3097 2173 3251 2235 pater
3281 2162 3453 2234 patris

1886 2261 1994 2315 mei
2021 2259 2152 2315 dicit
2177 2258 2367 2313 nobis:
2413 2276 2433 2309 ι
2458 2258 2822 2313 Accurrentes
2859 2262 3038 2310 tenete
3072 2254 3455 2323 unusquisque

1887 2352 2187 2407 secundum
2209 2352 2465 2406 virtutem
2516 2365 2708 2415 suam;
2744 2356 2799 2403 et
2841 2343 3298 2417 apprehendentis
3350 2342 3458 2397 erit

1887 2443 1970 2497 sol
2002 2451 2055 2497 et
2082 2444 2233 2497 luna.
2276 2462 2295 2494 ι
2331 2440 2399 2496 Et
2447 2456 2638 2496 omnes
2692 2440 2857 2494 simul
2914 2437 3369 2499 accurrebamus;
3400 2442 3459 2489 et

1888 2532 2016 2588 Levi
2052 2535 2226 2589 tenuit
2252 2533 2449 2600 solem,
2500 2540 2555 2587 et
2580 2530 2749 2586 Judas
2780 2528 3119 2601 praeveniens
3155 2526 3458 2597 apprehen-

1889 2627 1968 2681 dit
1998 2627 2294 2691 lunam;et
2316 2624 2537 2680 exaltati
2565 2631 2694 2679 sunt
2716 2622 2878 2677 ambo
2918 2635 3043 2675 cum
3081 2620 3181 2673 eis.
3228 2616 3294 2671 Et
3331 2630 3457 2671 cum

1890 2727 2035 2774 esset
2065 2717 2195 2773 Levi
2219 2719 2360 2773 sicut
2388 2718 2491 2781 sol,
2505 2717 2724 2787 juvenis
2746 2714 2974 2784 quidam
3018 2710 3243 2767 tradidit
3271 2708 3321 2764 ei
3366 2723 3457 2761 ra-

1892 2825 2013 2866 mos
2037 2810 2341 2879 palmarum
2374 2807 2696 2864 duodecim:
2735 2816 2788 2860 et
2812 2803 2982 2860 Judas
3014 2812 3129 2859 erat
3168 2799 3460 2870 splendens

1893 2914 1952 2960 ut
1979 2905 2129 2967 luna,
2161 2912 2216 2958 et
2246 2902 2347 2957 sub
2374 2902 2604 2971 pedibus
2624 2900 2745 2969 ejus
2774 2906 2932 2953 erant
2958 2897 3026 2951 12
3067 2894 3227 2949 radii.
3268 2892 3335 2948 Et
3366 2907 3460 2947 ac-

1894 3005 2176 3052 currentes
2204 2995 2269 3049 ad
2296 3008 2356 3050 se
2383 2993 2614 3047 invicem
2640 2989 2812 3045 Judas
2866 2996 2921 3044 et
2972 2986 3122 3052 Levi,
3173 2991 3463 3041 tenuerunt

210 3081 240 3132 6
268 3074 402 3129 Λευῖ
426 3076 520 3127 καὶ
556 3076 584 3127 6
615 3072 835 3135 Ἰούδας,
870 3070 1177 3141 ἐκράτησαν
1230 3064 1472 3127 ἑαυτούς.
1522 3062 1632 3117 Καὶ
1680 3062 1788 3117 ἰδοὺ

289 3167 316 3177 ~
453 3169 465 3179 .
518 3167 530 3179 .
596 3166 623 3177 υ
720 3164 746 3175 η
832 3161 854 3179 ιι
1009 3159 1091 3179 μ-
1150 3155 1606 3179 __1-“___-_“m_
1697 3153 1784 3179 ___,

1899 3091 2125 3159 seipsos.
2158 3085 2223 3141 Et
2259 3100 2386 3141 ecce
2432 3093 2624 3138 taurus
2674 3082 2728 3135 in
2757 3090 2921 3146 terra,
2957 3079 3166 3134 habens
3203 3077 3313 3132 duo
3340 3091 3464 3131 cor-

210 3167 417 3237 ταῦρος
450 3167 541 3219 ἐπὶ
562 3166 659 3235 τῆς
684 3164 806 3233 γῆς,
832 3161 970 3231 ἔχων
1005 3159 1098 3212 δύο
1148 3157 1358 3227 κέρατα
1404 3155 1610 3227 μεγάλα
1634 3195 1647 3219 ,
1697 3153 1789 3207 καὶ

213 3259 495 3330 πτέρυγας
523 3255 681 3310 ἀετοῦ
709 3256 801 3307 ἐπὶ
826 3252 918 3307 τοῦ
962 3251 1131 3305 νώτου
1172 3247 1335 3303 αὑτοῦ
1355 3266 1367 3277 ·
1410 3248 1504 3299 καὶ
1547 3246 1790 3309 θέλοντες

213 3354 383 3407 αὑτὸν
409 3352 637 3413 πιάσαι,
680 3352 779 3403 οὐκ
810 3345 1174 3419 ἠδυνήθημεν.
1228 3342 1442 3405 Φθάσας
1488 3341 1545 3394 δὲ
1597 3339 1791 3409 Ἰωσὴφ

214 3448 413 3499 ἐλαϐεν
437 3445 617 3507 αὐτὸν,
644 3445 736 3497 καὶ
763 3440 1020 3509 συνῆλθεν
1042 3437 1189 3507 αὐτῷ
1215 3437 1294 3498 είς
1322 3434 1472 3503 ὕψος.
1511 3433 1621 3485 Kal
1657 3427 1794 3484 εἶδον

217 3538 339 3610 (ὅτι
372 3539 520 3609 ήμην
570 3534 757 3606 παρὼν
795 3532 944 3603 ἐκεῖ)
980 3531 1075 3583 καὶ
1121 3529 1226 3582 ἰδοὺ
1250 3527 1439 3598 Γραφὴ
1481 3524 1613 3591 ἁγία
1640 3522 1792 3591 ὤφθη

215 3632 377 3700 ἡμῖν,
400 3628 661 3697 λέγουσα·
687 3646 705 3676 ι
744 3622 1049 3693 Ἀσσύριοι,
1088 3619 1297 3689 Μῆδοι,
1342 3618 1545 3686 Πέρσαι
1572 3655 1586 3679 ,
1648 3613 1796 3666 Ἐλυ-

224 3724 376 3793 μαῖοι
412 3719 545 3791 (24),
578 3718 863 3789 Γελαχαῖοι
897 3714 1030 3785 (25),
1058 3711 1333 3773 Χαλδαῖοι,
1360 3709 1555 3779 Σύροι,
1596 3707 1796 3777 κληρο-

222 3815 554 3884 νομήσουσιν
576 3807 919 3880 αἰχμαλωσίᾳ
940 3805 1009 3859 τὰ
1032 3805 1095 3857 ιϐ’
1119 3804 1368 3873 σκῆπτρα
1391 3800 1484 3852 τοῦ
1526 3799 1757 3870 Ἰσραήλ.
1774 3817 1791 3849 ι

302 3930 393 3995 (τ’.
430 3946 449 3977 ι
474 3926 583 3978 Kal
608 3924 769 3978 πάλιν
796 3919 935 3993 μετά
960 3919 1134 3990 μῆνας
1160 3914 1300 3968 ἐπτά
1320 3910 1457 3967 εἶδον
1479 3913 1568 3965 τὸν
1588 3912 1801 3983 πατέρα

224 4020 387 4093 ἡμῶν
421 4016 613 4071 Ἰακὼὸ
635 4057 649 4079 ,
687 4013 952 4086 ἑστηκότα
992 4011 1049 4063 ἐν
1081 4012 1148 4081 τῇ
1174 4008 1417 4079 θαλάσσῃ
1453 4006 1632 4075 Ἰαμνέ
1664 4005 1795 4076 (26)⁸

224 4111 324 4164 καὶ
348 4110 505 4179 ἡμεῖς
530 4108 576 4159 οἱ
602 4103 705 4157 υἱοὶ
734 4101 895 4156 αὑτοῦ
923 4101 1020 4153 σὺν
1041 4097 1208 4169 αὐτῷ.
1234 4098 1344 4150 Kal
1370 4096 1475 4149 ίδοὺ
1502 4095 1682 4148 πλοῖον
1705 4096 1802 4166 ἦρ-

223 4217 355 4273 χετο
379 4195 669 4270 ἀρμενίζον
692 4235 707 4259 ,
747 4194 942 4265 μεστὸν
974 4190 1233 4262 ταρίχιον,
1268 4188 1425 4250 ἐκτὸς
1456 4185 1666 4239 ναυτῶν
1711 4188 1804 4240 καὶ

225 4290 579 4362 κυϐερνήτου’
605 4285 981 4355 ἐπεγέγραπτο
1002 4281 1079 4345 δὲ,
1105 4279 1172 4333 τὸ
1205 4274 1419 4332 πλοῖον
1462 4277 1675 4331 Ἰακώϐ.
1694 4277 1805 4330 Kal

224 4384 375 4451 λέγει
410 4383 539 4452 ἡμῖν
561 4381 589 4431 ὁ
616 4376 793 4447 πατὴρ
816 4373 973 4445 ἡμῶν
992 4390 1005 4402 ·
1038 4390 1056 4422 ι
1092 4370 1378 4440 Ἐμὸὦμεν
1406 4370 1484 4431 είς
1519 4367 1581 4420 τὸ
1624 4366 1803 4419 πλοῖον

1898 3198 2006 3237 nua
2039 3196 2259 3252 magna,
2294 3186 2347 3232 et
2365 3178 2480 3231 alas
2506 3175 2702 3245 aquilze
2733 3175 2787 3227 in
2818 3174 2985 3227 dorso
3005 3172 3162 3242 ejus;
3193 3178 3248 3225 et
3274 3169 3465 3224 volen-

1897 3282 1978 3328 tes
2007 3268 2413 3340 apprehendere
2451 3282 2599 3329 eum,
2624 3278 2733 3317 non
2767 3262 3068 3332 potuimus.
3120 3259 3466 3315 Praeveniens

1898 3373 2078 3420 autem
2106 3361 2305 3430 Joseph
2338 3359 2481 3427 cepit
2512 3372 2659 3423 eum,
2683 3365 2737 3411 et
2783 3354 3030 3410 ascendit
3072 3368 3196 3408 cum
3245 3351 3364 3421 ipso
3409 3350 3463 3404 in

1899 3453 2196 3508 excelsum.
2223 3450 2288 3503 Et
2308 3446 2419 3503 vidi
2453 3445 2737 3515 (quoniam
2775 3444 2995 3497 aderam
3043 3441 3285 3510 illic),'et
3338 3454 3467 3495 ecce

1902 3546 2181 3614 Scriptura
2206 3548 2391 3597 sancta
2426 3537 2678 3607 apparuit
2709 3536 2892 3600 nobis,
2943 3535 3159 3589 dicens:
3196 3532 3463 3603 «Assyrii,

1900 3636 2265 3703 Medi,Persas,
2285 3632 2528 3703 Elymaei,
2549 3629 2841 3694 Gelachazi,
2853 3627 3114 3693 Chaldazi,
3130 3625 3274 3698 Syri,
3289 3625 3435 3679 bane
3449 3653 3465 3663 -

1901 3732 2121 3787 ditatem
2142 3725 2464 3781 obtinebunt
2498 3723 2552 3775 in
2576 3721 2886 3791 captivitate
2909 3719 2977 3773 12
2999 3727 3208 3789 sceptra
3230 3716 3415 3773 Israel.
3442 3733 3462 3766 ι

1987 3907 2071 3961 Vl.
2105 3903 2202 3958 «Et
2232 3917 2425 3957 rursus
2470 3905 2595 3969 post
2622 3911 2840 3953 menses
2884 3906 3088 3966 septem
3122 3896 3232 3951 vidi
3258 3904 3467 3967 patrem

1904 4010 2154 4055 nostrum
2190 3992 2378 4056 Jacob,
2412 3997 2643 4045 stantem
2668 3988 2722 4042 in
2752 3987 2890 4041 mari
2914 3985 3108 4040 Jamne
3133 4003 3148 4051 ;
3174 3996 3227 4040 et
3256 4001 3358 4041 nos
3372 3986 3468 4040 lilii

1905 4090 2025 4160 ejus
2051 4101 2175 4141 cum
2193 4098 2277 4138 eo.
2310 4079 2379 4135 Et
2411 4095 2537 4135 ecce
2574 4077 2730 4133 navis
2761 4078 2910 4133 venit
2947 4076 3259 4143 veliﬁcans,
3311 4077 3470 4146 plena

1906 4178 2070 4236 siccis
2087 4174 2367 4236 carnibus,
2405 4169 2524 4225 sine
2545 4168 2728 4222 nautis
2751 4175 2804 4221 et
2832 4166 3229 4237 gubernatore:
3275 4166 3473 4221 inscri-

1904 4272 2138 4328 bebatur
2162 4274 2364 4327 autem,
2406 4260 2574 4315 Navis
2622 4258 2811 4314 Iacob.
2847 4257 2913 4313 Et
2955 4258 3091 4312 dixit
3129 4257 3289 4312 nobis
3318 4265 3474 4327 pater

1908 4371 2125 4417 noster:
2165 4377 2183 4409 ι
2212 4354 2586 4411 Ascendamus
2612 4350 2668 4405 in
2698 4364 2888 4404 navem
2923 4357 3187 4403 nostram.
3216 4366 3235 4399 ι
3267 4345 3341 4401 Ut
3371 4362 3473 4402 au-

225 4442 406 4546 ἡμῶν.
506 4472 591 4534 Ὡς
625 4470 681 4521 δὲ
708 4442 1045 4537 εῖσήλθομεν,
1072 4461 1277 4531 γίνεται
1304 4458 1516 4529 χειμὼν
1554 4456 1788 4528 σφοδρὸς

1910 4466 2015 4511 tem
2046 4449 2392 4513 intravimus,
2417 4444 2560 4501 facta
2607 4451 2692 4498 est
2722 4452 3015 4512 tempestas
3048 4442 3345 4495 vehemens
3368 4480 3383 4506 ,
3421 4449 3477 4494 et

227 4567 328 4623 καὶ
352 4563 549 4633 λαῖλαψ
582 4562 781 4633 ἀνέμου
814 4556 1046 4630 μεγάλου
1075 4596 1088 4620 ,
1124 4554 1218 4605 καὶ
1270 4552 1572 4620 ὲφεπτᾶται
1619 4548 1732 4620 (27)
1776 4552 1805 4603 6

898 4675 943 4706 ’⁸
967 4672 1173 4726 llabac.
1207 4686 1291 4735 ιιι,
1328 4669 1415 4724 ll.

310 4793 454 4864 (l9)_
474 4793 645 4860 Ἁγίᾳ.
682 4791 797 4847 Vox
826 4792 956 4864 ἁγίᾳ
994 4808 1099 4845 non
1151 4792 1347 4857 legitur
1396 4790 1450 4842 in
1501 4804 1603 4842 ms.
1658 4787 1805 4841 Can—

237 4862 1072 5073 ωιᾷθξἒΐγίκιεὶυρθήσεσθε.
1113 4928 1641 4999 Ἀναστραφήσεσθε.
1672 4929 1752 4980 In.

336 5005 427 5068 21)
468 5003 577 5055 Καὶ
604 5002 774 5055 ἔσται
801 5041 812 5052 .
837 5042 848 5054 .
872 5041 919 5054 ..
953 5004 1047 5056 καὶ
1072 4998 1432 5070 τοὺςζὲγγύς.
1465 4999 1680 5053 Omissa
1697 5014 1752 5051 or

283 4998 427 5086 .(Ql‘)
468 4998 577 5055 Καὶ
604 4998 774 5055 ἔσται
801 5041 812 5052 .
837 5042 848 5054 .
872 5041 885 5054 .
908 5043 919 5054 .
953 5004 1047 5056 καὶ
1072 4998 1432 5070 τοὺςζὲγγύς.
1450 4998 1680 5053 Omissa
1697 5013 1813 5051 om-

232 5072 577 5215 nl12:2‘?.])D.'Er
594 5142 984 5215 ὄρεσιηᾉόιί.
1025 5143 1081 5215 ὲν
1107 5140 1318 5211 ὀνείρῳ,
1347 5141 1447 5193 ὅτι.
1488 5143 1561 5191 ID.

315 5212 430 5281 (25)
486 5214 739 5266 Ἐλαίου.
790 5212 1033 5265 Ἐλαιῶν.
1062 5214 1137 5265 In.

338 5286 430 5354 24)
484 5282 778 5354 Ἑλυμαξοι
820 5284 989 5354 deest.
1021 5285 1096 5335 In.

339 5352 431 5420 25)
472 5352 805 5420 Γελαχαῖοι.
839 5352 1110 5406 Χελκαῖοι.
1141 5353 1214 5406 l1).

319 5356 431 5494 (25;
472 5356 805 5420 Γελαχαῖοι.
839 5356 1110 5406 Χελκαῖοι.
1141 5356 1214 5406 l1).

319 5425 408 5487 (26
485 5422 687 5491 Ἰαμνέ.
730 5424 984 5493 Ἰαμνίας.
1011 5424 1089 5476 In.
1108 5420 1485 5494 —Richardus
1508 5417 1815 5494 _$i_t_no_nius,

303 4684 348 4715 "
374 4681 572 4752 Ephes.
619 4696 679 4740 ιι.
712 4680 799 4732 l7.

1911 4547 2074 4602 turbo
2097 4542 2243 4597 venti
2272 4538 2490 4609 magni;
2516 4545 2571 4590 et
2600 4534 2781 4590 avolat
2810 4544 2962 4604 pater
3013 4545 3201 4589 noster
3226 4549 3257 4588 a
3294 4532 3474 4597 nobis,

1908 4785 2098 4840 habet:
2134 4778 2201 4833 In
2224 4777 2359 4829 mari
2382 4774 2631 4828 Jammae.
2666 4772 2803 4826 Hinc
2832 4770 3055 4837 conjicit
3102 4771 3185 4823 vir
3226 4784 3462 4840 κριτικω

1906 4837 2085 4916 τατος,
2120 4852 2238 4903 haec
2271 4846 2602 4916 Testamenta
2626 4844 2823 4916 scripta
2854 4840 3090 4916 primum
3122 4837 3293 4916 fuisse
3317 4837 3483 4891 Chal-

1908 4909 2090 4986 daice,
2139 4935 2245 4972 vox
2306 4916 2451 4969 cutim
2486 4914 2701 4986 Janzma
2741 4909 3066 4986 'Chaldaica
3101 4920 3205 4986 est,
3233 4909 3486 4986 idemque

1914 4978 2247 5057 sonat'quod
2284 4984 2760 5057 θαλάσσηίαςεεεο,
2792 4993 2846 5035 et
2870 4980 3259 5057 mareLatine.
3288 4980 3376 5042 At,
3396 4978 3485 5031 in-

1918 5064 2094 5132 quies,
2123 5050 2181 5132 si
2198 5059 2321 5132 bace
2340 5057 2424 5132 ita
2450 5050 2787 5132 se'habeant,
2810 5050 3266 5132 rauzoléypae'rit
3295 5058 3487 5132 ου’(νίοτ

1921 5116 2124 5187 noster.
2166 5127 2234 5182 Ut
2262 5126 2391 5194 qu'ul
2420 5126 2565 5179 enim
2599 5122 2955 5194 scripseritev
2976 5116 3310 5194 rﬁ'iialaacn
3342 5116 3477 5185 Ἰάμ-

1924 5220 2050 5274 μας,
2075 5216 2197 5253 cum
2228 5189 2443 5274 ,Ιάηιιῃᾳ
2468 5196 2605 5248 idem
2628 5189 2788 5274 sit—ac
2808 5189 3088 5274 θαλάσσηῗ
3111 5189 3310 5272 Quidni
3334 5200 3484 5274 vero,

1922 5262 2146 5340 inquam
2179 5284 2300 5340 ego,
2368 5266 2597 5340 Ἰάμμας
2652 5264 2704 5317 in
2740 5270 2889 5316 textu
2950 5262 3231 5340 scripserit
3263 5265 3485 5340 auctor;

1924 5282 2146 5340 inquam
2179 5284 2300 5338 ego,
2384 5282 2597 5388 Ιαμμας
2652 5282 2704 5317 ιιι
2740 5282 2889 5316 texw
2950 5282 3231 5331 SCI‘IpSCl‘Il.
3263 5282 3485 5319 aucwr,

1924 5343 2175 5408 aliusque
2209 5338 2464 5405 deinceps
2501 5350 2631 5408 anc
2657 5348 2844 5408 vocem
2876 5333 3145 5408 exoticam
3190 5330 3489 5408 explicatu-

1926 5429 2042 5475 rus,
2073 5397 2313 5487 θαλάσση
2340 5397 2572 5487 margini
2607 5403 2899 5487 adlevavit:
2928 5402 3075 5487 quod
3111 5410 3297 5487 postea
3345 5397 3493 5487 glos-

243 5470 1106 5560 qui-bzlec’i'esta‘meni‘acontulit
1136 5470 1817 5560 cumam—sibibliothgecaé
1916 5470 2417 5560 semain-‘texjum
2464 5470 2794 5560 irrepsenrit?
2854 5470 3128 5560 Hactenus
3159 5470 3487 5560 Ιἓίιιιοιιὶιις».

224 5557 446 5634 Regia,
484 5572 715 5619 testatur
743 5562 997 5634 Biblioth.
1048 5563 1332 5634 arietum.
1383 5560 1430 5634 ll
1457 5600 1471 5621 ,
1508 5574 1630 5634 pag.
1687 5557 1814 5634 2;.51,

247 5625 491 5690 codicem
550 5634 806 5690 exhibere
851 5633 907 5684 ὲν
954 5636 1018 5703 τῇ
1066 5632 1311 5703 θαλάσσῃ
1356 5625 1675 5703 ,Ἰαμνείαςκ
1711 5625 1817 5703 Sed

288 5705 693 5781 raestat,inqnit,
710 5696 1127 5781 legerelaglpag
1151 5723 1161 5754 :
1185 5696 1425 5780 sic-cnim
1444 5696 1811 5781 proculdubio

274 5774 382 5845 egit
403 5767 693 5844 episcopus
721 5767 1138 5838 Lincolniensis,
1196 5770 1355 5839 cujus
1403 5767 1584 5825 versio
1638 5767 1713 5821 ita
1754 5780 1812 5823 se

1916 5551 2133 5604 Videsis
2181 5548 2513 5601 Bocbartum
2565 5540 2620 5598 in
2657 5544 2951 5613 Geograph.
2985 5558 3124 5596 sacr.
3159 5540 3253 5592 lib.
3290 5553 3329 5603 ι,
3364 5549 3487 5603 cap.

1916 5622 2006 5686 35,
2041 5635 2165 5689 pag.
2205 5618 2310 5671 654
2363 5633 2479 5689 seq.

1992 5669 2528 5759 (ἐῆῠἘᾷεῖτττᾶτὶῑι.
2568 5686 2709 5759 Lege
2736 5684 3067 5753 ἁφίπταται,
3121 5679 3215 5736 sed
3258 5678 3313 5733 in
3367 5669 3488 5728 cod.

1920 5756 2097 5820 Oxon.
2135 5756 2229 5816 est
2250 5760 2563 5825 ἀφίσταται.
2596 5756 2766 5813 (ἓιωι.
