3830 6216
406 273 535 334 1111

1387 284 1843 341 TESTAMENTA
1880 284 1973 339 XII
2010 283 2623 343 PATRIABCHARUM.

3507 288 3671 344 1112

402 408 594 456 tenens
622 398 1013 472 gubernacula.
1042 399 1110 455 Et
1136 414 1238 455 nos
1276 409 1599 471 tempestate
1632 403 1878 473 quassati
1914 402 1949 457 ii

2074 400 2258 474 πατὴρ
2291 402 2385 470 ἀφ’
2420 401 2597 473 ἡμῶν,
2625 402 2653 454 6
2679 402 2896 471 κρατῶν
2917 402 3043 466 τοὺς
3074 399 3325 472 αὐχένας.
3349 403 3459 457 Καὶ
3484 406 3671 474 ἡμεῖς

401 492 625 562 pelagus
647 491 987 559 ferebamur;
1014 493 1303 563 etimpleta
1328 502 1412 548 est
1442 494 1597 549 navis
1626 496 1809 565 aquis,
1836 510 1949 565 pro-

2066 489 2449 561 χειμαζόμενοι
2482 492 2574 544 ἐπὶ
2597 490 2658 545 τὸ
2702 490 2933 560 πέλαγος
2968 491 3305 564 ἐφερόμεθα·
3343 492 3437 546 καὶ
3471 493 3627 563 ἐπλη
3700 500 3712 551 i

399 585 554 640 cellis
578 585 819 655 undique
834 596 1113 656 quassata,
1136 588 1209 641 ita
1233 596 1295 641 ut
1314 587 1545 642 contrita
1569 600 1731 645 esset.
1761 590 1961 661 Ioseph

2066 582 2213 654 ρὼθη
2244 584 2305 636 τὸ
2328 583 2511 636 πλοῖον
2536 584 2763 649 ὑδάτων,
2789 584 3108 655 τρικυμίαις
3123 586 3667 657 περιρρησσόμενσν,

400 682 582 728 autem
617 674 672 729 in
702 676 897 747 cymba
926 676 1096 747 fugit;
1136 677 1434 732 dividimur
1475 688 1656 733 autem
1690 690 1744 735 et
1773 696 1875 737 nos
1906 683 1949 735 in

2063 673 2203 749 ὥστε
2237 677 2333 728 καὶ
2367 673 2749 747 συντρίϐεσθαι
2777 676 2926 729 αὑτό.
2953 677 3063 729 Καὶ
3096 676 3290 747 Ἰωσὴφ
3314 678 3404 730 ἐπὶ
3416 678 3663 731 ἀκατίου

398 766 603 819 tabulis
622 766 830 821 decem.
869 767 996 822 Levi
1025 778 1205 823 autem
1229 778 1281 824 et
1316 768 1487 826 Iudas
1509 780 1667 827 erant
1715 773 1958 829 insimul.

2064 767 2253 835 φεύγει
2275 783 2288 797 ⁸
2314 764 2663 839 χωριζόμεθα
2694 766 2752 819 δὲ
2777 767 2871 819 καὶ
2901 769 3063 837 ἡμεῖς
3101 769 3193 821 ἐπὶ
3227 768 3449 823 σανίδων
3488 769 3661 823 δέκα.

402 854 777 927 Dispergimur
798 858 964 928 igitur
1001 873 1215 927 omnes,
1249 876 1424 930 usque
1446 862 1501 916 in
1525 863 1810 922 terminos.
1833 865 1949 921 Levi

2060 860 2192 915 Λευῖ
2216 861 2275 914 δὲ
2299 861 2393 914 καὶ
2441 859 2642 922 Ἰούδας
2674 855 2815 931 ἦσαν
2837 861 2936 913 ἐπὶ
2969 859 3032 913 τὸ
3066 861 3219 913 αὐτό.
3260 862 3662 933 Διεσπάρημεν

396 955 579 1004 autem
607 950 831 1006 indutus
858 965 1040 1015 sacco,
1086 967 1185 1020 pro
1214 953 1473 1010 omnibus
1502 955 1660 1011 nobis
1697 956 1961 1027 depreca-

396 1044 557 1097 batur
587 1041 901 1099 Dominum.
934 1042 1005 1099 Ut
1027 1053 1208 1100 autem
1239 1047 1447 1117 quievit
1474 1058 1789 1118 tempestas,
1841 1066 1961 1107 sca-

395 1133 504 1201 pha
529 1133 709 1200 attigit
738 1141 963 1199 terram,
999 1136 1148 1191 velut
1179 1137 1233 1190 in
1262 1153 1415 1207 pace.
1451 1137 1517 1193 Et
1539 1154 1667 1196 ecce
1693 1142 1841 1197 venit
1859 1157 1959 1213 pa-

396 1232 479 1277 ter
508 1234 698 1280 noster
724 1222 917 1294 Iacob,
951 1237 1006 1282 et
1028 1228 1366 1285 unanimiter
1394 1231 1816 1288 exsultavimus.

467 1421 578 1479 VH.
604 1443 623 1475 ι
651 1422 777 1480 Haec
806 1425 917 1480 duo
938 1427 1150 1484 somnia
1176 1429 1422 1485 dicebam
1450 1430 1588 1501 patri
1621 1448 1774 1500 meo;
1798 1443 1853 1489 et
1878 1435 1961 1491 di-

394 1512 475 1568 xit
516 1515 652 1569 mihi
678 1532 691 1567 :
736 1536 754 1568 ι
783 1515 1009 1587 Oportet
1039 1527 1152 1575 haac
1178 1521 1389 1591 impleri
1418 1523 1719 1578 secundum
1748 1533 1962 1596 tempus

394 1604 677 1674 ipsorum,
752 1624 877 1664 cum
919 1612 1089 1666 multa
1140 1613 1305 1668 Israel
1352 1615 1695 1671 sustinuerit.
1733 1636 1752 1668 ι
1808 1616 1962 1674 Tunc

2060 948 2153 1007 οὖν
2181 952 2402 1015 πάντες,
2439 951 2543 1015 έως
2577 951 2657 1015 είς
2682 950 2753 1005 τὰ
2777 951 3013 1023 πέρατα.
3062 952 3121 1005 Ὁ
3151 952 3207 1006 δὲ
3228 952 3359 1006 Δευῒ
3384 956 3662 1026 περιϐαλ-

2061 1044 2287 1115 λόμενος
2311 1044 2533 1107 σάκκον,
2551 1044 2680 1113 περὶ
2706 1042 2919 1096 πάντων
2937 1043 3093 1113 ἡμῶν
3112 1043 3288 1096 ἐδέετο
3302 1044 3395 1098 τοῦ
3411 1047 3656 1118 Κυρίου.

2074 1133 2161 1196 Ὦς
2186 1132 2242 1185 δὲ
2267 1132 2541 1186 ἐπαύσατο
2571 1134 2600 1186 6
2623 1130 2851 1203 χειμὼν,
2867 1132 2929 1185 τὸ
2952 1133 3159 1200 σκάφος
3185 1133 3415 1203 ἔφθασεν
3435 1136 3657 1207 ἐπὶτὴν

2068 1224 2193 1294 γῆν,
2223 1224 2301 1288 ὡς
2327 1226 2385 1277 ἐν
2419 1226 2631 1298 εἰρήνῃ.
2668 1224 2779 1277 Καί
2814 1224 2923 1278 ίδοὺ
2957 1219 3121 1296 ἦλθεν
3156 1225 3350 1280 Ἰακὼϐ
3381 1229 3411 1280 6
3454 1230 3655 1300 πατὴρ

2062 1316 2239 1387 ημῶν,
2276 1317 2371 1370 καὶ
2403 1316 2747 1387 ὁμοθυμαδὸν
2778 1316 3183 1388 ἠγαλλιώμεθα.

2132 1426 2205 1478 Z'.
2239 1444 2257 1476 ι
2285 1426 2364 1479 Τὰ
2387 1427 2479 1479 δύο
2503 1400 2728 1480 ἐνῖπνια
2752 1424 2905 1481 εἶπον
2937 1429 3017 1501 τῷ
3042 1433 3212 1504 πατρί
3238 1450 3338 1503 μου
3358 1450 3372 1464 ’
3405 1435 3498 1489 καὶ
3518 1432 3653 1491 εἶπέ

2066 1532 2185 1585 μοι·
2228 1535 2246 1567 ι
2273 1519 2364 1569 Δεῖ
2411 1517 2552 1573 αὑτά
2585 1519 2936 1591 πληρωθῆναι
2972 1521 3114 1575 κατά
3165 1526 3388 1595 καιροὺς
3428 1527 3645 1593 αὐτῶν,

2062 1606 2231 1660 πολλά
2249 1608 2342 1660 τοῦ
2372 1608 2583 1681 Ἰσραὴλ
2598 1611 3006 1681 ὑπομείναντος.
3034 1632 3052 1664 ι
3074 1614 3206 1667 Τότε
3231 1614 3373 1684 λέγει
3399 1620 3427 1670 6
3453 1620 3602 1689 πατή
3612 1637 3651 1690 ρ

392 1695 530 1751 dixit
556 1707 712 1767 pater
742 1714 930 1755 meus:
987 1699 1225 1765 «Credo,
1258 1703 1520 1771 quoniam
1550 1704 1686 1760 vivit
1725 1704 1949 1776 Ioseph:

2066 1713 2199 1767 μου·
2235 1716 2254 1748 ‹
2282 1699 2548 1763 Πιστεύω,
2577 1700 2658 1753 δτι
2681 1698 2747 1772 ζῇ
2806 1702 3035 1773 Ἰωσήφ·
3084 1704 3195 1776 ὁρῶ
3235 1706 3343 1775 γὰρ
3383 1707 3645 1770 πάντοτε,

391 1785 552 1840 video
572 1786 717 1840 enim
742 1802 974 1857 semper,
998 1789 1146 1859 quod
1172 1788 1436 1845 Dominus
1458 1799 1814 1847 connumerat
1833 1807 1949 1847 eum

2062 1786 2147 1839 ὅτι
2170 1788 2198 1839 6
2222 1787 2425 1859 Κύριος
2448 1790 2887 1861 συγκαταριθμεί
2910 1792 3072 1846 αὐτὸν
3112 1792 3228 1863 μεθ’
3258 1794 3432 1865 ὑμῶν.
3460 1816 3480 1848 ι
3526 1798 3649 1867 Καὶ

391 1877 698 1934 vobiscum.
733 1897 753 1931 ι
798 1878 864 1933 Ει
914 1880 1049 1936 ﬂens
1078 1880 1247 1936 dixit:
1282 1900 1301 1934 ι
1330 1880 1724 1954 Vivis,Joseph
1758 1885 1831 1939 ﬁli
1860 1885 1956 1951 mi,

390 1974 445 2021 ct
469 1982 579 2022 non
604 1976 659 2023 te
687 1969 875 2037 video,
907 1980 961 2026 et
985 1980 1042 2026 tu
1076 1986 1185 2027 non
1227 1973 1382 2028 vides
1427 1973 1617 2042 Iacob,
1642 1976 1739 2047 qui
1774 1978 1963 2047 genuit

391 2067 464 2113 te.
489 2077 509 2111 ι
539 2059 687 2115 Fecit
711 2070 891 2117 autem
915 2073 969 2118 et
1012 2079 1114 2119 nos
1142 2064 1431 2135 lacrymari
1467 2068 1521 2121 in
1572 2068 1657 2123 his
1692 2071 1959 2125 sermoni-

354 2180 359 2187 -
388 2148 513 2205 bus.
540 2149 608 2205 Et
632 2154 971 2210 accende'bar
995 2155 1051 2209 in
1075 2155 1398 2225 visceribus,
1415 2168 1475 2212 ut
1496 2160 1672 2229 palam
1700 2160 1957 2228 facerem,

392 2242 541 2312 quod
558 2243 811 2301 venditus
843 2259 1023 2313 esset;
1061 2250 1155 2305 sed
1186 2251 1341 2306 timui
1365 2251 1565 2308 fratres
1601 2268 1774 2309 meos.

2062 1875 2261 1930 κλαίων
2290 1877 2460 1947 έλεγε·
2494 1897 2512 1930 ι
2538 1880 2866 1951 Ζῇς,τέκνον
2896 1899 2995 1953 μου
3031 1882 3359 1952 Ἰωσὴφ,καὶ
3373 1884 3433 1936 ού
3453 1885 3650 1955 βλέπω

2062 1983 2144 2033 σε,
2186 1968 2281 2023 καὶ
2300 1969 2397 2039 οὐχ
2436 1972 2568 2042 ὁρᾷς
2617 1970 2811 2025 Ἰακὼϐ
2844 1971 2937 2025 τὸν
2971 1972 3310 2045 γεννήσαντά
3353 1992 3433 2029 σε.
3464 1994 3481 2027 ›
3525 1978 3647 2029 Καὶ

2060 2062 2283 2135 ἐποίησε
2322 2065 2417 2118 καὶ
2454 2066 2602 2135 ἡμᾶς
2642 2065 2907 2137 δακρῦσαι
2942 2066 3000 2119 ἐν
3024 2070 3138 2132 τοῖς
3176 2068 3355 2137 λόγοις
3401 2068 3641 2133 τούτοις.

2060 2151 2171 2207 Καὶ
2211 2154 2476 2225 ἐκαιόμην
2500 2157 2612 2217 τοῖς
2638 2154 2965 2225 σπλάγχνοις
2980 2156 3294 2224 ἀναγγεῖλαι
3316 2156 3397 2210 ὅτι
3423 2158 3644 2229 πέπρα-

2058 2261 2149 2299 ται
2173 2261 2186 2274 ·
2227 2242 2340 2296 ἀλλ’
2366 2243 2675 2316 ἐφοϐούμην
2700 2245 2825 2309 τοὺς
2848 2246 3109 2315 ἀδελφούς
3137 2263 3256 2317 μου.

2126 2355 2207 2407 H'.
2237 2373 2255 2405 ι
2280 2353 2430 2418 Ἰδοὺ,
2464 2353 2627 2406 τέκνα
2649 2371 2772 2425 μου,
2803 2353 3055 2420 ὑπέδειξα
3078 2357 3205 2427 ὑμῖν
3233 2359 3453 2428 καιροὺς
3470 2360 3640 2430 ἐσηχά-

385 2440 581 2511 trema,
611 2449 870 2515 quoniam
902 2452 1086 2506 omnia
1118 2455 1245 2508 ﬁent
1272 2456 1326 2509 in
1363 2455 1543 2513 Israel.
1582 2458 1649 2514 Et
1700 2476 1800 2515 vos
1859 2462 1949 2533 igi-

2057 2461 2213 2509 τους,
2258 2444 2338 2497 ὃτι
2377 2445 2551 2498 πάντα
2593 2447 2880 2517 γενήσεται
2931 2447 2989 2499 ἐν
3036 2447 3268 2518 Ἰσραήλ.
3316 2450 3425 2501 Καὶ
3474 2450 3639 2519 ὑμεῖς

389 2540 477 2589 tur
500 2537 753 2593 mandate
776 2540 900 2595 filiis
926 2542 1217 2609 vestris,ut
1251 2547 1511 2603 uniantur
1546 2549 1673 2605 Levi
1701 2559 1754 2605 et
1783 2531 1949 2609 Iudae.

2056 2531 2148 2589 οὖν
2177 2535 2482 2588 ἐντείλασθε
2524 2538 2636 2599 τοῖς
2677 2537 2887 2601 τέκνοις
2927 2537 3115 2608 ὑμῶν,
3161 2539 3248 2591 ἵνα
3287 2540 3513 2595 ένῶνται
3554 2540 3641 2612 τῷ

385 2620 489 2679 Per
518 2623 713 2681 Iudam
760 2630 902 2682 enim
953 2632 1163 2687 orietur
1218 2636 1367 2692 salus
1423 2636 1608 2705 Israel,
1644 2650 1699 2695 et
1739 2642 1793 2696 in
1840 2643 1949 2712 ipso

2056 2623 2187 2678 Λευῖ
2228 2626 2321 2677 καὶ
2368 2624 2446 2696 τῷ
2503 2626 2690 2697 Ἰούδᾳ.
2728 2627 2826 2681 Διά
2871 2627 2979 2700 γάρ
3022 2629 3116 2682 τοῦ
3170 2630 3339 2683 Ἰούδα
3385 2632 3641 2686 ἀνατελεῖ

386 2715 738 2773 benedicetur
767 2718 957 2775 Jacub.
991 2721 1096 2778 Per
1144 2736 1421 2796 sceptrum
1466 2730 1609 2784 enim
1642 2732 1761 2803 ejus
1791 2749 1949 2804 appa-

2057 2719 2297 2789 σωτηρία
2320 2717 2396 2789 τῷ
2431 2719 2666 2791 Ἰσραὴλ,
2699 2720 2791 2772 καὶ
2817 2722 2872 2773 ἐν
2902 2720 3049 2793 αύτῷ
3074 2722 3497 2795 εύλογηθήσεται
3535 2727 3639 2780 Ἰα-

385 2806 526 2859 rebit
581 2806 746 2873 Deus,
783 2810 1036 2867 habitans
1085 2814 1224 2869 inter
1277 2817 1526 2874 homines
1580 2822 1635 2875 in
1681 2831 1847 2890 terra,
1899 2836 1949 2881 ut

2056 2808 2186 2862 κὼϐ.
2223 2810 2322 2863 Διὰ
2350 2810 2458 2883 γὰρ
2494 2810 2588 2863 τοῦ
2620 2811 2897 2883 σκήπτρου
2932 2812 3095 2867 αὑτοῦ
3128 2814 3419 2887 ὀφθήσεται
3459 2817 3597 2881 Θεὸς
3617 2860 3632 2881 ,

384 2893 555 2948 salvet
595 2910 765 2965 genus
805 2896 999 2965 Israel;
1031 2910 1084 2957 et
1114 2907 1465 2975 congregabit
1487 2909 1665 2979 justus
1718 2927 1785 2967 ex
1825 2931 1949 2985 gen-

2056 2905 2322 2959 κατοικῶν
2350 2908 2406 2958 ἐν
2435 2904 2740 2977 ἀνθρώποις
2766 2906 2859 2958 ἐπὶ
2886 2908 2984 2978 τῆς
3012 2908 3137 2979 γῆς,
3169 2908 3337 2962 σῶσαι
3370 2911 3430 2963 τὸ
3470 2912 3635 2980 γένος

386 2984 552 3039 tibus.
588 2987 646 3040 Si
702 2991 999 3057 operemini
1044 2993 1271 3061 bonum,
1304 2996 1399 3053 ﬁlii
1447 3000 1575 3068 mei,
1630 2984 1949 3061 benedicent

2066 2994 2316 3067 Ἰσραήλ*
2371 2996 2466 3049 καὶ
2515 2995 2826 3060 ἐπισυνάξει
2876 2996 3116 3063 δικαίους
3164 3000 3229 3053 ἐκ
3279 3002 3384 3055 τῶν
3434 3002 3631 3057 ἐθνῶν.

382 3074 540 3130 vobis
585 3086 639 3131 et
686 3078 936 3136 homines
969 3092 1023 3137 et
1059 3087 1266 3155 angeli;
1301 3097 1355 3143 et
1378 3088 1521 3146 Deus
1563 3092 1949 3163 gloriﬁcabitur

2064 3084 2187 3138 Ἐἀν
2218 3084 2519 3157 ἐργάξησθε
2569 3085 2631 3138 τὸ
2672 3085 2833 3139 καλὸν
2852 3127 2866 3152 ,
2894 3086 3058 3141 τέκνα
3091 3106 3215 3160 μου,
3247 3091 3636 3165 εὐλογήσουσιν

382 3180 480 3234 per
514 3182 611 3223 vos
648 3169 701 3223 in
733 3171 1007 3242 gentibus,
1046 3186 1099 3230 et
1139 3177 1387 3235 diabolus
1427 3180 1597 3253 fugiet
1627 3200 1658 3239 a
1694 3186 1867 3253 vobis,
1898 3199 1949 3245 et

2056 3175 2195 3246 ὑμᾶς
2238 3174 2329 3228 καὶ
2372 3176 2421 3227 οἱ
2464 3173 2737 3246 ἄνθρωποι
2760 3215 2775 3240 ,
2821 3177 2915 3229 καὶ
2945 3178 2993 3230 οἱ
3032 3178 3283 3247 ἄγγελοι·
3318 3184 3409 3235 καὶ
3435 3184 3463 3234 6
3495 3184 3634 3247 Θεὸς

460 2350 596 2408 VIII.
630 2371 650 2405 ι
694 2354 855 2423 Ecce,
889 2358 983 2413 lilii
1009 2360 1135 2425 mei,
1169 2363 1379 2419 ostendi
1410 2364 1565 2420 vobis
1595 2374 1840 2436 tempora
1865 2383 1960 2427 ex-

383 3257 573 3314 bestia:
604 3260 873 3317 timebunt
902 3280 1020 3331 vos,
1046 3277 1100 3322 et
1123 3270 1298 3340 angeli
1322 3274 1623 3342 suscipient
1656 3292 1772 3333 vos.
1802 3278 1953 3334 Sicut

379 3350 525 3404 enim
578 3352 625 3407 si
674 3359 799 3423 quis
836 3356 1006 3411 ﬁlium
1037 3363 1242 3417 nutriat
1277 3363 1431 3432 bene,
1458 3377 1720 3437 perpetuo
1763 3380 1949 3439 gratus

379 3451 433 3497 ct
489 3458 698 3501 memor
747 3456 833 3502 est
867 3468 880 3503 :
913 3452 984 3507 ita
1016 3462 1070 3508 et
1110 3454 1167 3509 in
1212 3456 1357 3512 bono
1387 3473 1551 3528 Opere
1582 3464 1839 3518 memoria
1867 3474 1949 3519 est

378 3538 521 3605 apud
553 3538 719 3594 Deum
744 3540 909 3596 bona.
934 3542 1036 3609 Qui
1060 3560 1191 3600 vero
1221 3564 1330 3601 non
1366 3548 1554 3604 fecerit
1582 3552 1949 3621 bonum,huic

377 3627 707 3683 maledicunt
737 3639 791 3685 et
832 3634 1006 3703 angeli
1044 3646 1097 3689 et
1125 3637 1393 3705 homines,
1423 3649 1475 3696 et
1507 3640 1646 3698 Deus
1672 3655 1950 3703 contume-

378 3716 449 3771 lia
477 3717 743 3775 afﬁcietur
767 3737 860 3791 per
886 3724 1060 3793 ipsum
1097 3728 1150 3781 in
1183 3731 1454 3799 gentibus,
1486 3742 1539 3787 et
1567 3734 1813 3793 diabolus
1842 3739 1947 3795 sibi

379 3807 616 3863 vindicat
664 3810 810 3867 hunc
862 3822 1120 3885 tanquam
1178 3822 1455 3891 proprium
1512 3840 1629 3891 vas,
1668 3836 1722 3881 et
1766 3835 1945 3886 omnis

374 3897 548 3953 bestia
596 3900 967 3960 dominabitur
1016 3909 1086 3970 ci,
1118 3919 1172 3964 et
1225 3910 1491 3971 Dominus
1544 3919 1671 3972 odio
1725 3920 1945 3977 habebit

374 4004 521 4045 cum.
572 3990 785 4049 Etenim
840 3999 1093 4056 mandata
1134 4002 1269 4074 legis
1298 4006 1529 4077 duplicia
1561 4020 1709 4078 sunt,
1734 4021 1786 4067 et
1817 4029 1943 4069 cum

373 4088 491 4135 arte
539 4081 849 4153 implentur.
894 4107 912 4139 ι
959 4088 1197 4161 Tempus
1234 4096 1378 4151 enim
1424 4109 1505 4153 est
1541 4103 1772 4157 coeundi
1816 4119 1943 4160 cum

373 4188 543 4229 uxore
579 4190 677 4231 sua
704 4179 770 4245 ",
802 4189 855 4235 et
886 4189 1100 4252 tempus
1124 4186 1427 4244 abstinendi
1459 4192 1527 4246 ab
1555 4208 1616 4247 ea
1648 4196 1713 4249 ad
1741 4199 1942 4254 oratio-

371 4279 496 4353 nem
533 4280 687 4321 suam
706 4270 770 4323 ".
809 4270 871 4326 Et
901 4272 1010 4327 duo
1051 4278 1300 4333 mandata
1330 4291 1479 4349 sunt,
1510 4298 1651 4353 quae,
1679 4287 1784 4343 nisi
1812 4289 1943 4346 ﬁant

371 4351 426 4406 in
454 4356 647 4413 ordine
674 4373 795 4425 suo,
821 4373 1099 4430 peccatum
1134 4368 1402 4426 tribuunt.
1433 4351 1623 4431 Ita—cst
1651 4388 1705 4433 et
1732 4381 1787 4434 in
1818 4382 1937 4435 reli-
1966 4398 2015 4457 ι)

369 4446 495 4514 quis
543 4450 836 4507 mandatis.
867 4453 1194 4513 Efﬁciamini
1248 4476 1379 4533 ergo
1427 4466 1701 4535 sapientes
1741 4471 1796 4525 in
1826 4472 1937 4527 Deo

367 4548 420 4592 et
448 4540 761 4610 prudentes,
790 4546 1020 4603 scientes
1047 4550 1295 4606 ordinem
1319 4556 1700 4614 mandatorum
1720 4561 1860 4629 eius,
1885 4575 1938 4620 et

366 4630 513 4701 leges
541 4634 720 4689 omnis
752 4636 850 4700 rei,
880 4647 939 4690 ut
971 4637 1231 4697 Dominus
1260 4646 1448 4715 diligat
1475 4664 1592 4705 vos.
1630 4672 1647 4703 ι

436 4902 525 4955 IX.
562 4905 625 4957 Et
676 4922 797 4960 cum
842 4909 1011 4965 multa
1046 4913 1173 4966 talia
1209 4916 1520 4973 mandasset
1547 4921 1651 4987 eis,
1682 4934 1935 4991 precatus

365 5004 466 5060 est,
510 5004 569 5050 ut
602 4998 933 5055 transferant
959 5017 1084 5058 ossa
1106 5004 1226 5073 ejus
1254 5007 1308 5060 in
1341 5006 1647 5078 llebron,ct
1672 5016 1935 5084 sepeliant

364 5102 484 5140 eum
527 5102 651 5142 cum
686 5092 933 5158 patribus
960 5094 1099 5163 ejus.
1134 5096 1197 5151 Et
1224 5099 1516 5157 comedens
1560 5113 1615 5157 et
1644 5104 1834 5163 bibens
1876 5109 1933 5164 in

363 5178 661 5248 hilaritate.
684 5182 906 5250 animae,
932 5186 1133 5241 velavit
1158 5186 1350 5244 faciem
1387 5207 1566 5260 suam,
1600 5203 1655 5250 et
1685 5208 1933 5255 mortuus

362 5314 406 5345 "
440 5312 618 5370 Eccle.
651 5332 734 5381 ιιι,
760 5318 815 5373 5.
892 5319 939 5352 "
966 5320 984 5374 I
1010 5322 1136 5376 Cor.
1169 5341 1263 5391 vn,
1292 5328 1347 5381 5.

429 5508 541 5639 (28)
580 5511 873 5565 Ποιοῦντα
907 5517 989 5567 τό.
1032 5520 1211 5573 Ὄντα.
1242 5522 1389 5578 Cum

454 5580 544 5639 29)
582 5580 779 5634 Αὐτὸν
826 5585 905 5639 ὡς
952 5586 1103 5639 ἴδιον
1152 5595 1387 5639 σχρῦρρ.

361 5580 779 5702 1ηςὲἒὶ))λῗὺινι¹λν
826 5585 905 5650 ὡς
952 5586 1103 5642 ἴδιον
1152 5595 1388 5660 σκεῦος.
1449 5600 1641 5670 Αὐτῷ.
1691 5604 1765 5669 ὡς
1815 5607 1927 5676 ἰδίῳ

522 5666 558 5700 ι.
620 5666 671 5704 D.

2051 3267 2442 3339 δοξασθήσεται
2476 3268 2533 3320 ἐν
2561 3271 2676 3332 τοῖς
2707 3268 2883 3323 ἔθνεσι
2914 3270 2983 3322 δι’
3011 3272 3184 3341 ὑμῶν,
3216 3275 3311 3326 καὶ
3337 3276 3363 3326 6
3385 3276 3634 3342 διάϐολος

2051 3357 2299 3428 φεύξεται
2351 3359 2443 3429 ἀφ’
2490 3359 2678 3430 ὑμῶν,
2735 3359 2829 3412 καὶ
2882 3360 2951 3413 τὰ
3004 3361 3168 3435 θηρία
3230 3366 3631 3438 φοϐηθήσονται

2051 3450 2226 3519 ὑμᾶς,
2271 3449 2373 3513 καὶ,
2405 3450 2453 3501 οί
2489 3450 2706 3518 ἄγγελοι
2752 3451 3063 3519 ἀνθέξονται
3101 3456 3274 3526 ὑμῶν.
3322 3459 3409 3523 Ὠς
3440 3460 3506 3513 ἀν
3547 3479 3633 3525 τις

2048 3540 2233 3595 τέκνον
2274 3541 2514 3614 ἐκθρέψῃ
2546 3541 2725 3606 καλῶς
2746 3583 2761 3607 ,
2795 3546 2982 3614 μνείαν
3027 3546 3138 3616 ἔχει
3174 3548 3415 3619 ἀγαθήν·
3453 3549 3635 3615 οὕτως

2048 3633 2141 3686 καὶ
2168 3634 2259 3686 ἐπὶ
2285 3632 2379 3685 τοῦ
2428 3632 2591 3686 καλοῦ
2636 3634 2796 3707 ἔργου
2830 3638 3017 3709 μνήμη
3061 3639 3213 3710 παρά
3250 3640 3383 3694 Θεοῦ
3421 3642 3628 3714 ἀγαθή.

2047 3724 2149 3777 Τὸν
2180 3724 2239 3777 δὲ
2276 3725 2349 3795 μὴ
2380 3723 2635 3777 ποιοῦντα
2662 3725 2724 3778 τὸ
2750 3726 2860 3800 (28)
2890 3728 3074 3793 καλὸν,
3103 3732 3504 3802 καταράσονται
3533 3736 3631 3787 καὶ

2045 3818 2093 3868 οί
2114 3815 2331 3884 ἄγγελοι
2349 3856 2363 3880 ,
2389 3816 2483 3869 καὶ
2509 3818 2557 3869 οἱ
2597 3817 2872 3888 ἄνθρωποι
2891 3860 2906 3884 ,
2952 3821 3048 3875 καὶ
3071 3824 3099 3875 6
3127 3822 3258 3886 Θεὸς
3292 3823 3548 3895 ἀδοξήσει
3574 3829 3632 3879 ἐν

2044 3908 2155 3970 τοῖς
2180 3907 2353 3960 έθνεσι
2373 3907 2438 3959 δι’
2465 3908 2627 3961 αὐτοῦ
2648 3949 2661 3973 ,
2689 3911 2784 3962 καί
2809 3913 2838 3963 6
2862 3912 3104 3977 διάϐολος
3129 3914 3424 3967 οἰκειοῦται
3459 3917 3631 3971 αὐτὸν

2044 3997 2119 4060 ὡς
2148 3996 2276 4050 ῐδιον
2317 3996 2509 4062 σκεῦος
2552 3999 2663 4071 (29)
2683 4039 2697 4063 ,
2727 4002 2821 4053 καὶ
2849 4002 2956 4055 πᾶν
2985 4000 3173 4074 θηρίον
3205 4006 3628 4077 κατακυριεύσει

2045 4086 2230 4152 αὐτοῦ,
2258 4090 2352 4141 καὶ
2380 4090 2408 4141 6
2428 4089 2632 4161 Κύριος
2663 4092 2881 4161 μισήσει
2910 4094 3090 4148 αὐτόν.
3122 4096 3232 4147 Καὶ
3257 4094 3367 4167 γὰρ
3390 4096 3446 4148 ai
3474 4097 3628 4150 ἐντο-

2044 4177 2133 4230 λαὶ
2157 4178 2250 4231 τοῦ
2277 4180 2441 4250 νόμου
2468 4180 2654 4233 διπλαῖ
2677 4183 2804 4245 είσι,
2835 4184 2929 4237 καὶ
2968 4185 3108 4255 μετὰ
3129 4186 3325 4258 τέχνης
3353 4188 3627 4259 πληροῦν-

2041 4286 2152 4323 ται.
2184 4271 2387 4340 Καιρὸς
2418 4269 2526 4341 γὰρ
2555 4272 2837 4336 συνουσίας
2864 4276 3122 4341 γυναικὸς
3147 4277 3311 4329 αὐτοῦ
3345 4278 3455 4350 ('50)
3476 4319 3491 4342 ,
3531 4279 3627 4333 καὶ

2044 4360 2233 4430 καιρὸς
2278 4360 2599 4431 ἐγκρατείας
2647 4363 2726 4424 είς
2779 4364 3086 4435 προσευχὴν
3136 4364 3318 4417 αὑτοῦ.
3368 4363 3477 4418 Καὶ
3531 4367 3623 4419 δύο

2041 4453 2250 4508 ἐντολαί
2294 4457 2431 4506 είσι·
2481 4455 2574 4507 καὶ
2618 4456 2669 4507 εί
2719 4456 2794 4525 μὴ
2840 4457 3099 4524 γένωνται
3133 4459 3190 4510 ἐν
3223 4458 3371 4524 τάξει
3403 4460 3619 4522 αὐτῶν,

2040 4547 2314 4618 ἁμαρτίαν
2360 4547 2678 4617 παρέχουσι.
2728 4547 2915 4611 Οὕτως
2958 4549 3077 4601 ἐστὶ
3110 4551 3204 4602 καὶ
3235 4550 3328 4602 ἐπὶ
3360 4551 3467 4603 τῶν
3512 4552 3621 4605 λοι-

2040 4638 2158 4690 πῶν
2205 4637 2434 4691 ἐντολῶν
2484 4637 2619 4708 (51).
2670 4638 2886 4691 Γίνεσθε
2937 4634 3028 4692 οὖν
3064 4642 3217 4709 σοφοὶ
3263 4641 3319 4693 ἐν
3363 4640 3481 4711 Θεῷ
3524 4644 3619 4696 καὶ

2040 4730 2311 4800 φρόνιμοι,
2348 4729 2546 4792 εἰδότες
2578 4728 2731 4793 τάξιν
2763 4730 2990 4783 ἐντολῶν
3021 4731 3185 4784 αὐτοῦ
3207 4772 3221 4795 ,
3257 4733 3349 4785 καὶ
3380 4733 3617 4805 θεσμοὺς

2040 4819 2241 4884 παντὸς
2277 4821 2620 4891 πράγματος,
2657 4821 2804 4884 ὅπως
2829 4822 3092 4893 ἀγαπήσῃ
3114 4822 3256 4892 ὑμᾶς
3280 4824 3309 4876 6
3335 4823 3563 4895 Κύριος,
3596 4845 3611 4876 ι

2107 4913 2183 4967 6'.
2219 4915 2328 4967 Kal.
2363 4913 2530 4967 πολλά
2554 4914 2777 4969 τοιαῦτα
2799 4916 3167 4986 ἐντειλάμενος
3200 4919 3403 4981 αὐτοῖς,
3441 4936 3613 4991 παρε-

2038 5006 2265 5059 κάλεσεν
2287 5046 2300 5070 ,
2366 5007 2452 5059 ἵνα
2489 5007 2896 5077 μετακομίσωσι
2929 5008 2997 5061 τὰ
3038 5009 3169 5062 ὀστᾶ
3201 5010 3363 5063 αὐτοῦ
3396 5012 3475 5075 εἰς
3508 5013 3615 5066 Χε-

2038 5094 2202 5165 ϐρὼν,
2240 5096 2334 5149 καὶ
2367 5095 2610 5166 θάψωσιν
2636 5097 2795 5149 αὑτὸν
2830 5097 2969 5167 μετά
3000 5099 3105 5152 τῶν
3140 5101 3390 5173 πατέρων
3422 5102 3609 5156 αὐτοῦ.

2036 5187 2145 5239 Καὶ
2171 5186 2359 5256 φαγὼν
2384 5189 2477 5241 καὶ
2504 5190 2644 5243 πιὼν
2670 5190 2726 5242 ἐν
2754 5189 3027 5261 ἱλαρότητι
3051 5190 3246 5261 ψυχῆς,
3276 5192 3611 5263 συνεκάλυψε

2106 5537 2455 5620 (ΞΕ)ὶέῖὲτοῦ
2488 5536 2890 5620 (ἔρεξ’-ιδῃ.
2977 5608 2997 5617 -
3096 5613 3112 5620 -
3234 5608 3257 5617 -
3355 5610 3365 5620 .
3501 5610 3563 5620 --

2032 5679 2064 5733 d
2105 5608 2217 5675 (31)
2260 5608 2455 5727 (ἰϋτως
2494 5610 2624 5663 ἐστὶ
2674 5610 2769 5662 καὶ
2799 5610 2895 5663 ἐπὶ
2932 5608 3046 5665 τῶν
3078 5608 3303 5664 λοιπῶν
3341 5610 3601 5663 ἐντολῶν

2069 5688 2247 5733 esum.
2312 5688 2363 5728 υ.
