3830 6216
168 277 313 334 1115

1409 278 1929 339 TESTAMENTUM
1963 286 2119 342 GAD.

3289 293 3425 348 HM

164 390 233 444 τὸ
270 390 561 463 πρόσωπον
601 388 766 447 αὑτοῦ
787 433 801 457 ,
838 392 933 446 καὶ
969 392 1226 448 ἀπέθανε.
1267 395 1378 447 Kal
1414 395 1675 466 ἐποίησαν
1704 414 1731 448 ο

1859 409 1962 455 est.
2002 400 2071 455 Et
2123 400 2369 457 fecerunt
2412 402 2507 456 ﬁlii
2546 402 2666 472 ejus
2696 404 2993 460 secundum
3038 406 3244 469 omnia,
3272 424 3435 477 quae-

166 482 278 536 υίοὶ
301 481 468 536 αὐτοῦ
492 481 633 537 κατά
658 484 855 547 πάντα,
883 483 983 537 ὅσα
1004 483 1306 538 ἐνετείλατο
1327 485 1509 549 αὐτοῖς
1532 486 1747 555 Νεφθα-

163 576 298 648 λεὶμ
327 577 357 632 6
378 576 574 649 πατὴρ
591 576 791 631 αὐτῶν.

700 690 1097 745 ΚΕΦΔΛΑΙΟΝ
1133 691 1209 745 Θ’.

516 787 776 857 Διαθήκη
807 787 954 854 Γὰδ,
988 786 1122 856 περὶ
1149 789 1389 857 μίσους.

233 877 315 930 A’.
343 876 701 949 Ἀντίγραφον
722 878 987 951 διαθήκης
1012 880 1137 944 Γὰδ,
1164 878 1200 933 ἃ
1224 879 1452 951 ἐλάλησε
1476 881 1588 942 τοῖς
1613 880 1747 942 υἱοῖς

157 970 331 1024 αὐτοῦ
352 1011 368 1035 ,
417 974 475 1025 ὲν
500 971 611 1025 ἔτει
645 978 758 1043 ρκε¹
779 972 880 1045 τῆς
900 973 1045 1045 ζωῆς
1067 972 1252 1027 αὐτοῦ.
1298 993 1317 1025 ι
1344 973 1609 1044 Ἕϐδομος
1635 973 1747 1044 (55)

158 1064 278 1127 υίὸς
302 1064 571 1136 ἐγενόμην
599 1065 677 1136 τῷ
714 1064 927 1131 Ἰακὼϐ,
964 1066 1058 1120 καὶ
1090 1067 1123 1138 ἦ
1132 1084 1238 1138 μην
1262 1066 1502 1137 ἀνδρεῖος
1525 1066 1618 1119 ἐπὶ
1640 1067 1748 1119 τῶν

156 1156 450 1225 ποιμνίων.
506 1156 646 1225 Ἐγὼ
679 1156 974 1227 ἐφύλαττον
1000 1158 1060 1211 ἐν
1082 1158 1238 1211 νυκτὶ
1265 1157 1328 1211 τὸ
1353 1157 1623 1227 ποίμνιον,
1656 1160 1749 1212 καὶ

156 1246 289 1300 ὅταν
314 1247 514 1319 ἤρχετο
532 1250 560 1301 6
585 1248 766 1313 λύκος,
808 1247 841 1321 ἦ
880 1249 1015 1303 λέων
1034 1290 1049 1317 ,
1086 1249 1119 1320 ἢ
1164 1249 1427 1321 πάρδαλις
1448 1290 1463 1314 ,
1489 1249 1522 1319 ἢ
1550 1250 1748 1320 ἄρκτος

156 1339 275 1412 (54)
299 1341 392 1393 ἐπὶ
417 1341 516 1412 τὴν
544 1342 779 1414 ποίμνην
799 1383 813 1407 ,
840 1344 1169 1397 κατεδίωκον
1194 1344 1358 1397 αὐτὸν
1377 1383 1392 1407 ,
1418 1344 1511 1418 καὶ
1539 1342 1749 1407 πιάζων

149 1430 250 1485 τὸν
271 1431 405 1486 πόδα
432 1433 596 1487 αὑτοῦ
623 1436 689 1506 τῇ
716 1435 861 1507 χειρί
890 1453 1012 1507 μου,
1042 1436 1136 1489 καὶ
1174 1436 1423 1508 γυρεύων
1460 1434 1713 1487 ἐσκότουν
1732 1472 1747 1495 ,

151 1524 253 1577 καὶ
277 1521 575 1587 ἀκοντίζων
595 1524 755 1578 αὐτὸν
780 1526 873 1579 ἐπὶ
895 1525 988 1579 δύο
1012 1525 1278 1589 σταδίους,
1300 1525 1472 1590 οὕτως
1491 1524 1743 1596 ἀνῄρουν.

161 1607 226 1663 '0
260 1606 355 1664 οὖν
399 1612 595 1685 Ἰωσὴφ
627 1614 911 1685 ἐποίμαινε
949 1615 1070 1686 μεθ’
1101 1615 1259 1687 ἡμῶν
1289 1616 1365 1680 ὼς
1410 1614 1631 1687 ἡμερῶν
1679 1614 1743 1678 λ’,

1862 506 2083 563 cunque
2112 494 2387 549 mandavit
2416 494 2496 551 eis
2527 493 2869 566 Nephthalim
2898 508 3051 568 pater
3075 514 3287 556 eorum.

2459 702 2689 758 CAPUT
2720 703 2810 759 ΙΧ.

2222 792 2608 848 Testamentum
2646 796 2781 861 ϐοά,
2811 797 2873 849 de
2896 798 3038 854 odio.

1916 878 1958 934 l.
2001 879 2401 953 Transcriptum
2427 888 2732 941 testamenti
2765 887 2901 954 Gad,
2922 904 3257 958 quaecunque
3279 891 3433 945 locu-

1851 977 1939 1025 tus
1963 979 2049 1025 est
2080 972 2207 1027 ﬁliis
2243 974 2359 1029 suis
2393 976 2445 1029 in
2473 992 2614 1032 anno
2638 978 2942 1033 centesimo
2965 979 3227 1033 vicesimo
3258 982 3427 1051 septi-

1848 1078 1940 1116 mo
1964 1064 2076 1133 (52)
2120 1066 2247 1121 vitae
2291 1082 2423 1133 sum,
2447 1068 2638 1125 dicens
2678 1089 2689 1124 :
2731 1089 2749 1121 ι
2785 1068 3060 1141 Septimus
3088 1072 3233 1127 ﬁlius
3260 1083 3424 1138 natus

1850 1170 1975 1210 sum
2018 1156 2207 1223 Jacob,
2241 1167 2295 1213 et
2316 1174 2464 1214 eram
2490 1160 2713 1216 fortisin
2741 1163 3419 1234 gregibus.Egocuslodivi

1848 1247 1902 1301 in
1936 1258 2093 1303 nocte
2113 1265 2359 1318 gregem;
2385 1260 2437 1305 et
2462 1254 2679 1322 quando
2703 1255 2850 1308 venit
2879 1254 3057 1325 lupus,
3088 1256 3170 1310 vel
3204 1256 3305 1322 leo,
3337 1252 3423 1312 vel

1858 1341 2083 1408 pardus,
2101 1343 2182 1396 vel
2207 1359 2370 1399 ursus
2391 1360 2553 1414 super
2567 1362 2804 1415 gregem,
2821 1349 3185 1416 persequebar
3207 1364 3354 1414 eum,
3369 1359 3424 1403 et

1850 1432 2259 1499 apprehendens
2284 1434 2469 1503 pedem
2494 1435 2613 1504 ejus
2637 1452 2799 1490 manu
2826 1453 2945 1491 mea
2959 1448 3011 1492 et
3027 1439 3079 1492 in
3093 1456 3283 1510 gyrum
3300 1440 3422 1493 vol-

1855 1536 1988 1576 vens
2016 1523 2464 1594 obtenehrabam,
2487 1538 2537 1583 et
2564 1528 2858 1597 projiciens
2909 1545 3032 1583 eum
3074 1531 3183 1584 duo
3225 1531 3419 1599 stadia,

1845 1610 1921 1665 ita
1945 1612 2360 1671 interﬁciebam.
2386 1616 2586 1687 Joscph
2617 1620 2779 1690 igitur
2810 1621 3063 1689 pascebat
3086 1636 3299 1690 gregem
3323 1637 3422 1676 no-

148 1702 250 1755 καὶ
270 1704 537 1774 τρυφερὸς
566 1705 662 1770 ὢν,
684 1707 1022 1778 ἐμαλακίσθη
1053 1708 1161 1761 ἀπὸ
1182 1708 1276 1762 τοῦ
1298 1708 1574 1779 καύματος
1595 1707 1734 1779 (55)⁴

1852 1699 2061 1755 hiscum
2087 1704 2301 1760 circiter
2332 1707 2450 1761 dies
2476 1708 2726 1777 triginta;
2760 1718 2816 1764 et
2837 1726 2959 1764 cum
2979 1719 3128 1765 tener
3149 1721 3314 1776 esset,
3332 1713 3420 1766 in-

146 1796 252 1848 καὶ
308 1796 648 1870 ὑπέστρεψεν
689 1800 769 1861 είς
800 1797 1028 1870 Χεϐρὼν
1085 1799 1222 1871 πρὸς
1264 1799 1354 1853 τὸν
1393 1798 1605 1869 πατέρα
1646 1798 1739 1851 αὐ-

142 1886 281 1941 τοῦ·
318 1890 414 1942 καὶ
451 1889 726 1943 ἀνέκλινεν
769 1890 931 1943 αὐτὸν
982 1889 1209 1961 πλησίον
1241 1890 1438 1954 αὐτοῦ,
1480 1891 1559 1944 ὅτι
1609 1890 1744 1960 ἠγά-

146 1995 231 2030 πα
265 1979 450 2032 αὐτόν.
487 1981 599 2033 Kal
628 1976 780 2035 εἶπεν
822 1982 1017 2054 Ἰωσὴφ
1047 1981 1125 2053 τῷ
1156 1984 1326 2054 πατρὶ
1352 1986 1384 2053 ἡ
1396 1982 1510 2053 μῶν
1532 2022 1547 2045 ,
1582 1982 1663 2035 ὅτι
1691 1983 1743 2035 οἱ

143 2071 259 2124 υἱοὶ
286 2071 496 2141 Ζελφᾶς
522 2073 616 2126 καὶ
646 2072 854 2134 Βαλλᾶς
882 2073 1068 2128 θύουσι
1099 2074 1169 2127 τὰ
1212 2074 1351 2127 καλὰ
1370 2114 1384 2137 ,
1441 2076 1535 2127 καὶ
1578 2092 1739 2128 κατε-

146 2160 398 2251 σθίουσιν
426 2163 567 2216 αὑτά
596 2181 681 2232 γε,
714 2163 865 2251 παρὰ
890 2163 1113 2236 γνώμην
1157 2164 1330 2219 ’ἰούδα
1356 2166 1449 2219 καὶ
1482 2166 1671 2237 Ῥουόή
1682 2183 1739 2237 μ.

144 2250 276 2308 Εῐδε
316 2254 427 2327 γὰρ
460 2255 539 2310 ὅτι
580 2242 1054 2328 ἀμνδκῖῖξελόμην
1091 2258 1159 2310 ἐκ
1201 2255 1295 2311 τοῦ
1341 2256 1605 2328 στόματος
1644 2257 1743 2328 τῆς

144 2347 381 2418 ἄρκτου,
417 2346 677 2418 κάκείνην
709 2346 1045 2411 ἐθανάτωσα,
1083 2350 1176 2402 καὶ
1204 2347 1293 2401 τὸν
1330 2348 1498 2419 ἀμνὸν
1538 2347 1703 2402 ἔθυσα
1725 2394 1739 2417 ,

146 2441 321 2514 (περὶ
348 2435 409 2496 οὗ
440 2441 751 2513 ἐλυπούμην
774 2482 788 2503 ,
820 2442 901 2495 ὅτι
931 2443 1029 2494 οὐκ
1063 2440 1290 2511 ἠδύνατο
1321 2440 1464 2511 ζῇν),
1483 2442 1575 2494 καὶ
1608 2442 1740 2511 ἐφά-

142 2550 324 2604 γομεν
351 2532 510 2587 αὐτόν
534 2550 546 2562 ·
576 2534 670 2587 καὶ
696 2529 812 2587 εἷπε
838 2534 915 2604 τῷ
938 2533 1105 2605 πατρὶ
1132 2532 1287 2603 ἡμῶν
1312 2532 1445 2603 (56).
1488 2533 1599 2586 Καὶ
1624 2534 1743 2585 ἐνε-

144 2627 349 2680 κότουν
400 2625 479 2697 τῷ
532 2628 729 2699 Ἰωσὴφ
784 2626 910 2698 περὶ
963 2625 1058 2678 τοῦ
1129 2624 1287 2692 λόγου
1362 2623 1550 2678 τούτου
1578 2664 1592 2688 ,
1636 2624 1741 2689 ἕως

142 2716 367 2788 ἡμέρας
418 2715 762 2789 διαπράσεως
823 2716 988 2770 αὐτοῦ
1048 2719 1126 2780 είς
1172 2714 1464 2785 Αἴγυπτον.
1524 2717 1633 2770 Kal
1677 2716 1739 2770 τὸ

144 2807 371 2879 πνεῦμα
403 2807 497 2861 τοῦ
525 2809 713 2879 μίσους
737 2806 805 2879 ἦν
829 2810 885 2861 ἐν
921 2808 1043 2879 ἐμοί
1064 2825 1075 2837 ·
1114 2806 1208 2860 καὶ¹
1232 2808 1331 2860 οὐκ
1359 2806 1549 2878 ἤθελον
1573 2848 1587 2872 ,
1614 2806 1738 2862 οὔτε

142 2901 215 2955 δι’
246 2900 557 2971 ὀφθαλμῶν,
596 2900 717 2955 οὕτε
758 2902 825 2955 δι’
866 2901 1037 2970 ἀκοῆς
1069 2901 1193 2953 ίδείν
1226 2900 1318 2952 τὸν
1369 2900 1586 2972 Ἰωσήφ.
1624 2902 1737 2956 Καὶ

144 2992 295 3047 κατά
331 2992 618 3064 πρόσωπον
650 2992 805 3063 ἡμῶν
840 2991 1064 3064 ῆλεγξεν
1092 2992 1234 3061 ἡμᾶς
1255 3030 1270 3057 ,
1296 2991 1377 3044 ὅτι
1401 2992 1528 3047 ἀνευ
1567 2991 1736 3047 Ἰούδα

145 3082 404 3153 ἐσθίομεν
430 3082 499 3135 τὰ
522 3082 810 3154 θρέμματα
832 3098 845 3112 ⁸
880 3082 974 3135 καὶ
1001 3081 1199 3146 πάντα,
1223 3080 1324 3136 ὅσα
1352 3081 1502 3151 ἔλεγε
1529 3082 1605 3153 τῷ
1627 3101 1733 3138 πα-
1761 3076 1805 3136 C

145 3176 263 3248 τρὶ,
292 3174 547 3228 ἐπείθετο
570 3174 737 3245 αὐτῷ.

223 3267 296 3319 B'.
341 3286 359 3317 ι
403 3264 679 3336 Ὁμολογῶ
707 3263 801 3318 νῦν
825 3264 923 3335 τὴν
945 3264 1221 3335 ἁμαρτίαν
1253 3282 1376 3335 μου,
1410 3264 1578 3319 τέκνα
1599 3305 1614 3328 ,
1652 3267 1733 3319 ὅτι

146 3358 473 3422 πλειστάκις
499 3358 685 3429 ἤθελον
708 3357 916 3411 ἀνελεῖν
944 3356 1106 3409 αὑτὸν
1126 3396 1140 3421 ,
1174 3358 1256 3410 ὅτι
1280 3358 1383 3420 ἓως
1404 3358 1584 3429 ψυχῆς
1609 3360 1733 3428 ἐμί-

147 3468 281 3504 σουν
315 3452 507 3513 αὐτὸν,
549 3451 644 3503 καὶ
683 3450 818 3513 ὅλως
856 3450 957 3502 οὐκ
991 3444 1060 3518 ἦν
1097 3450 1154 3502 ἐν
1192 3449 1314 3519 ἐμοὶ⁹
1338 3451 1521 3520 ἥπατα
1552 3451 1734 3515 ἐλέους

146 3544 235 3605 είς
274 3540 437 3594 αὐτόν
481 3541 613 3612 (57).
646 3540 753 3593 Καί
792 3557 855 3610 γε
894 3539 981 3592 διὰ
1022 3539 1091 3592 τά
1130 3540 1356 3593 ἐνύπνια
1384 3541 1730 3612 προσεθέμην

149 3636 334 3704 μῖσος,
359 3634 451 3686 καὶ
471 3633 663 3704 ἤθελον
700 3632 859 3685 αὑτὸν
884 3630 1122 3697 ὲκλεῖξαι
1162 3633 1225 3685 ἐκ
1259 3632 1361 3703 γῆς
1398 3631 1613 3696 ζώντων
1632 3673 1646 3696 ,
1674 3633 1733 3686 ὃν

146 3726 355 3797 τρόπον
378 3725 608 3795 ἐκλείχει
630 3726 658 3778 6
688 3726 883 3795 μόσχος
904 3722 973 3778 τά
996 3722 1180 3795 χλωρά
1208 3723 1316 3777 ἀπὸ
1338 3724 1437 3794 τῆς
1459 3724 1561 3794 γῆς
1593 3724 1727 3796 (58).

148 3816 247 3885 Ago
271 3816 382 3884 ἐγὼ
406 3816 499 3869 καὶ
535 3814 734 3878 Ἰούδας
761 3813 871 3885 (59)
909 3815 1271 3885 πεπράχαμεν
1296 3814 1456 3867 αὐτὸν
1483 3818 1595 3879 τοῖς
1636 3817 1734 3870 Ἱσ-

152 3906 447 3978 μαηλίταις
492 3906 536 3959 λ’
581 3905 820 3976 χρυσίων
855 3904 966 3975 (40)
992 3920 1004 3935 ·
1054 3904 1147 3958 καὶ
1196 3902 1266 3956 τὰ
1313 3904 1444 3957 δέκα
1492 3906 1733 3979 ἀποκρύ-

145 3997 387 4067 ψαντες,
434 3996 505 4051 τὰ
550 4004 597 4050 κ’
643 3996 924 4066 ἐδείξαμεν
968 3998 1081 4060 τοῖς
1129 3995 1374 4064 ἀδελφοῖς
1408 3997 1584 4067 ἡμῶν.
1623 3999 1733 4054 Kal.

146 4088 326 4152 οὕτως
356 4091 422 4160 τῇ
456 4087 737 4158 πλεονεξίᾳ
770 4086 1218 4158 ἐπληροφορήοην
1270 4087 1369 4157 τῆς
1401 4088 1732 4165 ἀναιρέσεως

149 4179 345 4235 αὐτοῦ.
388 4182 498 4234 Kal
529 4181 558 4233 6
590 4180 721 4244 Θεὸς
753 4178 863 4232 τῶν
896 4178 1147 4249 πατέρων
1172 4195 1272 4248 μου
1289 4178 1557 4250 ἐρρύσατο
1574 4180 1732 4234 αὐτὸν

148 4274 264 4327 τῶν
284 4273 484 4345 χειρῶν
509 4290 631 4344 μου,
654 4272 742 4325 ἵνα
766 4271 840 4343 μὴ
858 4271 1068 4343 ποιήσω
1100 4270 1359 4341 ἀνόμημα
1392 4272 1448 4323 ἐν
1492 4274 1727 4345 Ἰσραήλ.

1848 1793 2094 1849 ﬁrmatus
2122 1803 2206 1849 est
2231 1795 2300 1851 ab
2338 1808 2503 1865 testu;
2544 1807 2597 1853 et
2626 1815 2878 1855 reversus
2908 1810 2992 1855 est
3023 1801 3076 1854 in
3115 1800 3327 1856 llebron
3352 1804 3418 1855 ad

1848 1892 2054 1952 patrem
2114 1902 2271 1940 suum
2320 1906 2333 1941 :
2379 1897 2433 1941 et
2483 1890 2767 1944 reclinavit
2820 1906 2943 1945 eum
2988 1892 3144 1961 juxta
3180 1909 3259 1955 se,
3283 1908 3419 1962 quo—

1846 1976 1991 2031 niam
2029 1978 2478 2049 diligebateum.
2506 1981 2573 2035 Et
2620 1984 2757 2038 dixit
2796 1982 2998 2053 Joscph
3036 1985 3177 2055 patri
3205 1994 3418 2051 nostro,

1846 2069 1993 2137 quod
2040 2069 2136 2123 ﬁlii
2174 2070 2388 2140 Zelphaa
2438 2082 2494 2127 et
2526 2073 2670 2129 Balm
2702 2084 2943 2129 mactant
2983 2077 3147 2143 bona,
3176 2085 3230 2130 et
3256 2078 3421 2131 devo-

1843 2170 1969 2215 rant
2004 2161 2141 2231 ipsa,
2162 2163 2352 2218 insciis
2377 2163 2517 2219 Juda
2550 2175 2603 2219 et
2635 2165 3083 2221 Ruben.SCiebat
3108 2168 3251 2221 enim
3271 2169 3416 2237 quod

1844 2266 2047 2323 agnum
2089 2258 2347 2311 eruebam
2394 2273 2460 2311 ex
2489 2272 2583 2312 ore
2614 2274 2776 2323 ursae,
2807 2268 2861 2312 et
2895 2259 3042 2312 illam
3068 2259 3335 2325 interfeci,
3367 2271 3420 2313 et

1844 2360 2045 2415 agnum
2077 2348 2331 2414 mactavi,
2352 2347 2442 2417 (de
2469 2363 2579 2417 quo
2610 2349 3002 2415 contristabar,
3023 2351 3283 2419 quoniam
3310 2365 3416 2404 non

1841 2437 2017 2505 potuit
2048 2438 2250 2505 vivere)
2275 2448 2329 2491 et
2358 2439 2778 2493 comedebamus
2801 2440 2976 2509 ipsum
3009 2460 3019 2493 :
3050 2440 3419 2510 etdixitpatri

1842 2536 2057 2583 nostro.
2092 2527 2159 2583 Et
2207 2530 2436 2584 moleste
2482 2528 2719 2583 ferebam
2764 2530 2907 2585 istud
2938 2531 3163 2585 verbum
3191 2530 3415 2599 Joscph,

1841 2638 2016 2690 usque
2060 2622 2113 2677 in
2162 2622 2305 2677 diem
2358 2623 2693 2677 venditionis
2736 2622 2857 2691 ejus
2897 2624 2949 2677 in
3004 2622 3320 2693 Egyptum.
3350 2621 3419 2675 Ει

1841 2715 2063 2785 spiritus
2102 2715 2212 2769 odii
2236 2723 2351 2769 erat
2375 2714 2428 2767 in
2460 2730 2580 2779 me;
2611 2724 2664 2768 et
2694 2715 2846 2768 nolui
2881 2714 3085 2784 Joseph
3110 2723 3205 2769 aut
3228 2714 3417 2767 audire

1841 2816 1937 2862 aut
1985 2807 2189 2862 videre.
2223 2805 2288 2859 Et
2346 2822 2532 2861 coram
2572 2805 2710 2861 facie
2754 2816 2943 2861 nostra
2979 2806 3256 2876 redarguit
3291 2819 3413 2869 nos,

1838 2901 2097 2970 quoniam
2136 2901 2253 2954 sine
2287 2898 2427 2953 Juda
2476 2900 2817 2954 comedimus
2854 2914 3089 2969 pecora:
3116 2910 3169 2955 et
3209 2898 3439 2956 omnia..

1838 3005 2177 3061 quaecunque
2205 2990 2342 3045 dixit
2378 2992 2538 3061 patri,
2563 2992 2835 3061 persuasit
2856 2991 2927 3046 ei.

1906 3263 1972 3318 ll.
2011 3282 2029 3315 ι
2067 3263 2346 3319 Conﬁteor
2380 3279 2527 3319 nunc
2557 3274 2838 3333 peccatum
2875 3277 3081 3329 meum,
3116 3263 3233 3327 ﬁlii,
3265 3268 3411 3332 quod

1837 3369 1979 3423 saepe
2018 3354 2163 3407 volui
2194 3352 2443 3407 occidere
2469 3368 2618 3417 eum,
2648 3352 2907 3422 quoniam
2956 3367 3131 3423 usque
3179 3352 3249 3406 ad
3289 3357 3411 3408 aui-

1835 3460 1981 3499 mam
2017 3445 2143 3499 odio
2184 3444 2345 3499 habui
2378 3460 2527 3510 eum,
2558 3453 2613 3499 et
2645 3444 2869 3498 omnino
2898 3458 3007 3496 non
3046 3454 3202 3498 erant
3231 3444 3285 3497 in
3326 3461 3415 3500 me

1832 3539 2046 3592 viscera
2094 3537 2499 3592 misericordia:
2528 3552 2657 3605 erga
2687 3536 2886 3604 ipsum.
2916 3534 2981 3589 Et
3022 3546 3239 3605 propter
3268 3551 3416 3591 som-

1835 3632 1924 3684 nia
1956 3631 2127 3699 ipsius
2156 3630 2377 3700 concepi
2404 3630 2614 3695 odium,
2640 3638 2690 3682 et
2724 3628 2869 3683 volui
2925 3630 3105 3700 ipsum
3138 3629 3415 3699 delingere

1832 3739 1862 3779 e
1903 3731 2049 3777 terra
2094 3723 2418 3787 viventium,
2448 3720 2911 3790 quemadmodum
2948 3721 3178 3791 delingit
3206 3720 3410 3776 vitulus

1834 3817 2033 3871 herbas
2062 3831 2090 3869 a
2124 3825 2289 3870 terra.
2323 3814 2555 3884 Propter
2584 3815 2729 3884 quod
2758 3830 2858 3885 ego
2884 3824 2939 3869 et
2974 3814 3143 3871 Judas
3162 3814 3410 3869 vendidi.-

1834 3928 1957 3965 mus
1984 3926 2109 3965 eum
2142 3906 2429 3962 lsmaelitis
2472 3906 2692 3975 triginta
2723 3907 2939 3972 aureis;
2978 3917 3033 3961 et
3078 3909 3264 3962 decem
3294 3908 3412 3963 abs-

1834 4002 2147 4067 condentes,
2193 3999 2381 4069 viginti
2430 3998 2770 4052 ostendimus
2802 3996 3061 4053 fratribus
3096 4000 3323 4054 nostris.
3346 3998 3415 4053 Et

1835 4095 1908 4149 ita
1953 4093 2182 4147 avaritia
2227 4092 2471 4146 animum
2496 4091 2551 4145 in
2594 4091 2796 4145 caedem
2823 4089 2942 4159 ejus
2971 4090 3408 4145 oblirmaveram.

1835 4186 1977 4242 Deus
2009 4195 2189 4240 autem
2224 4194 2436 4254 patrum
2467 4199 2711 4240 meorum
2746 4183 2947 4252 eripuit
2980 4198 3108 4237 eum
3138 4184 3204 4237 de
3236 4185 3413 4237 mani-

1834 4278 1939 4333 bus
1966 4277 2123 4341 meis,
2159 4285 2353 4329 utnon
2387 4274 2627 4329 facerem
2668 4274 3014 4343 iniquitatem
3048 4276 3103 4327 in
3138 4273 3327 4330 Israel.

230 4426 348 4502 (52)
380 4428 634 4502 Vjceﬁmo
651 4428 895 4502 septimo.
920 4424 1011 4482 Sic
1031 4434 1208 4502 exstat
1226 4425 1279 4481 in
1300 4436 1531 4502 utroque
1549 4433 1737 4489 codice
1769 4440 1813 4493 D
1842 4442 1991 4502 gnat.
2043 4432 2197 4487 Unde
2237 4433 2401 4487 variae
2448 4431 2838 4502 Rabbinorumi
2877 4431 3226 4500 conjecturae.
3266 4431 3412 4485 (Jon-

155 4497 374 4553 Latino.
405 4498 510 4553 Sed
539 4507 770 4571 uterque
806 4498 1037 4571 Graecus
1052 4497 1213 4550 habet
1245 4505 1381 4567 ρκε’,
1415 4497 1659 4571 adeoque
1682 4505 1736 4558 in

152 4572 423 4625 alterutro
465 4577 549 4623 est
587 4566 801 4623 vitium.
852 4566 1074 4637 DilIicile
1120 4566 1297 4622 autem
1328 4577 1408 4622 est
1443 4566 1641 4637 dicere,
1682 4576 1735 4628 in

152 4654 268 4710 quo
294 4658 307 4704 ;
340 4655 405 4694 ac
433 4654 623 4710 parum
636 4636 974 4710 refert.-—lta
991 4636 1224 4710 Grahius
1245 4640 1383 4710 apud
1406 4636 1734 4710 Fabricium.

230 4710 346 4780 (55)
390 4708 699 4780 "E66quq.
735 4709 991 4771 Ἔννατος
1026 4708 1190 4780 habet
1216 4708 1384 4763 codex
1414 4708 1614 4779 0x0n.,
1642 4715 1737 4770 sed

155 4776 335 4843 male,"
361 4789 418 4833 ut
444 4795 510 4834 ex
538 4776 851 4835 Genes.xxx
877 4785 1109 4833 constat.
1141 4776 1218 4833 In.

229 4850 343 4918 (54)
382 4852 459 4904 Ἦ
486 4849 797 4917 πάρδαλις,
832 4848 871 4917 ἢ
901 4847 1136 4915 ἄρκτος.
1164 4849 1385 4903 Desunt.
1410 4847 1485 4905 In.

227 4920 373 4994 (55)Δ
401 4921 805 4994 Ἐμανξακίονθη
840 4918 1092 4994 ὰπὸ-τοῦ
1117 4921 1433 4994 καύματος.
1454 4924 1738 4994 ίῈκαυμα-

155 4988 316 5051 τίσθη
352 4990 457 5044 ὑπὸ
488 4989 581 5043 τοῦ
616 4989 892 5050 καύσωνος
916 5028 930 5051 ,
968 4989 1129 5041 habet
1168 4988 1493 5047 Oxouiensis
1541 4988 1732 5049 codex.

156 5007 316 5110 τισυη
352 5007 457 5044 uno
488 5008 581 5043 του
616 5007 892 5050 καυσωνος
916 5028 930 5051 ,
969 5007 1129 5041 nauet
1168 5007 1493 5047 uxomensrs
1541 5007 1732 5049 coaex.

156 5061 259 5117 Cui
316 5060 420 5115 icet
452 5060 633 5129 quoad
668 5060 907 5129 priorem
939 5074 1126 5113 vocem
1160 5060 1526 5128 prmferendus
1550 5064 1736 5118 videa-

155 5140 250 5185 tur
281 5130 771 5201 Cantabrigiensis,
796 5130 856 5204 _in
887 5144 998 5200 quo
1016 5137 1111 5204 est
1138 5130 1479 5204 ὲμαλακίσθη
1509 5153 1521 5187 :
1553 5136 1733 5204 quoad

157 5203 518 5271 posteriorem
554 5200 744 5271 tamen
794 5200 909 5271 ipse
956 5200 1089 5271 mihi
1138 5202 1313 5271 magis
1354 5200 1548 5270 placet.
1570 5200 1735 5257 'Kad-

162 5268 274 5324 σων
317 5272 517 5341 quippe
559 5270 825 5341 signiﬁcat
867 5268 1150 5341 formalem
1204 5268 1450 5325 morbum
1478 5314 1491 5335 ,
1540 5273 1733 5328 febrim

161 5338 371 5464 sciliclet
399 5338 697 5407 ardentem,
731 5342 788 5394 in
820 5355 987 5409 quam
1016 5338 1286 5410 Josephus
1318 5342 1577 5400 incidisse
1604 5345 1735 5399 diei-

186 5428 269 5464 ur.
326 5430 380 5464 ι).

161 5420 269 5465 tur.
305 5420 380 5466 ιι).

233 5481 348 5551 (56)
389 5483 536 5537 Εῐπε
569 5480 649 5547 τῷ
682 5480 855 5548 πατρὶ
890 5479 1075 5549 ἡμῶν.
1112 5480 1359 5536 Declarat
1414 5492 1607 5540 auctor
1646 5485 1733 5541 his

161 5552 343 5607 verbis
368 5594 383 5617 ,
430 5569 535 5621 qua
590 5554 657 5606 de
701 5568 759 5606 re
801 5551 1071 5624 Iosephus
1118 5550 1313 5607 fratres
1349 5556 1489 5622 apud
1523 5562 1731 5624 patrem

164 5624 534 5694 accusaverit:
570 5638 859 5678 accusasse
889 5623 1033 5694 enim
1061 5638 1315 5691 expresse
1346 5630 1420 5677 ait
1451 5623 1729 5694 Scriptura

163 5691 359 5749 Geues.
391 5710 598 5761 xxxv",
626 5694 697 5761 ‘2;
731 5694 823 5749 sed
851 5693 1028 5760 capita
1054 5695 1421 5751 accusationis
1452 5711 1556 5751 non
1574 5691 1697 5751 ‘desi
1716 5726 1730 5738 -

1844 4501 2046 4558 trarius
2092 4511 2177 4556 est
2221 4513 2411 4557 nostro
2442 4503 2651 4557 auctori
2698 4501 2763 4555 Β.
2817 4501 3075 4568 Salonio,
3121 4502 3247 4555 dum
3301 4517 3409 4554 non

1842 4574 1984 4627 ﬁlios
2007 4573 2150 4627 Baiae
2174 4583 2226 4626 et
2254 4573 2489 4644 Zelphze,
2516 4573 2609 4627 sed
2636 4570 2778 4637 Leae,
2803 4587 2831 4624 a
2856 4571 3091 4640 Josepho
3127 4581 3415 4625 accusatos

1843 4644 2018 4713 ﬁngit,
2049 4653 2103 4697 et
2125 4644 2342 4708 quidem
2374 4643 2443 4696 ob
2472 4644 2790 4696 devoratum
2832 4644 3137 4713 membrum
3180 4644 3248 4695 de
3288 4644 3412 4695 vivo

1842 4711 2152 4773 animante;
2176 4715 2317 4782 quod
2343 4721 2462 4767 erat
2484 4722 2672 4766 contra
2697 4714 2866 4781 legem
2911 4712 3003 4766 Dei
3026 4711 3154 4766 Noae
3192 4713 3410 4774 datam,

1843 4784 1980 4839 Gen.
2012 4801 2088 4847 rx,
2127 4783 2306 4837 4.Scd
2332 4783 2456 4837 nolo
2479 4782 2627 4837 hisce
2649 4782 2872 4836 incertis
2894 4783 3199 4837 immorari.
3238 4783 3408 4837 GRAB.

1915 4875 2029 4944 (57)
2069 4876 2177 4928 Καὶ
2225 4876 2377 4939 ὅλως
2422 4876 2534 4927 οὐκ
2578 4872 2658 4941 ἦν
2698 4873 2767 4925 ἐν
2811 4873 2939 4942 ἐμοὶ
2974 4874 3174 4943 ἥπατα
3207 4873 3411 4941 ἐλέους

1837 4950 1924 5012 εἰς
1954 4947 2158 4999 αὐτόν.
2200 4946 2420 5000 Desunt.
2452 4948 2529 4997 lo.

1910 5040 2025 5105 (58)
2070 5041 2178 5092 Ὃν
2209 5039 2430 5105 τρόπον
2470 5038 2727 5104 ὲκλείχει
2774 5040 2806 5091 ὁ
2842 5038 3079 5105 μόσχος
3109 5037 3182 5090 τὰ
3215 5039 3417 5105 χλωρὰ

1837 5109 1954 5162 ἀπὸ
1988 5108 2096 5177 τῆς
2127 5108 2257 5179 γῆς.
2290 5108 2505 5179 Omissa
2530 5118 2674 5179 sunt.
2698 5110 2772 5161 lu.
2798 5137 2863 5145 —
2882 5109 3087 5179 Alludit
3116 5109 3179 5159 ad
3206 5118 3415 5179 textum

1838 5180 1999 5233 Num.
2021 5177 2158 5240 xxu,
2178 5180 2232 5233 4:
2254 5178 2365 5231 Νῦν
2386 5178 2659 5249 ὲκλείξειη
2678 5178 2970 5248 συναγωγὴ
2991 5177 3126 5247 αὕτη
3147 5178 3163 5246 (
3183 5177 3418 5249 Ἰσραὴλ)

1837 5250 2049 5313 πάντας
2082 5252 2207 5311 τοὺς
2239 5249 2423 5319 κύκλῳ
2456 5248 2641 5319 ἡμῶν,
2688 5251 2823 5303 ὡσεὶ
2860 5249 3099 5315 ὲκλείξαι
3139 5250 3167 5299 6
3216 5248 3421 5318 μόσχος

1836 5320 1905 5373 τὰ
1925 5320 2109 5391 χλωρά
2143 5322 2207 5373 ἐκ
2238 5321 2332 5372 τοῦ
2354 5320 2557 5372 πεδίου.
2629 5319 2834 5377 Ducit.

1907 5415 2019 5483 (59)
2071 5412 2317 5478 ’Ῑούδαςο
2346 5412 2567 5483 Συμεών
2594 5428 2876 5482 perperam
2904 5416 3066 5469 habet
3087 5414 3209 5469 cod.
3234 5410 3410 5465 Oxon.

1837 5486 2019 5627 alii?)
2057 5557 2351 5627 Χρυσίωζ.
2385 5553 2585 5627 glareas
2634 5556 2765 5610 dicit
2813 5565 3002 5627 auctor
3047 5571 3114 5609 ex
3162 5552 3413 5627 versione

1835 5624 2021 5681 Graeca
2051 5626 2156 5679 τῶν
2187 5629 2259 5679 0'.
2304 5624 2547 5691 Triginta
2575 5636 2958 5681 numeratrum
2982 5625 3174 5678 Latino
3195 5624 3411 5691 vulgato

1838 5702 2171 5767 interprete,
2212 5696 2366 5764 juxta
2414 5698 2681 5763 quasdam
2730 5698 3031 5761 editiones;
3080 5696 3134 5748 in
3179 5703 3409 5760 utroque
