3830 6216
454 273 593 329 1115

1447 271 1909 330 TESTAMENTA
1946 275 2039 330 XII
2076 270 2689 336 PATRIARCHARUM.

3568 264 3713 320 “i6

524 387 609 443 lll.
642 407 661 440 ι
712 388 779 444 Et
808 404 954 445 nunc
987 390 1190 458 audite,
1221 391 1315 446 ﬁlii
1348 392 1477 456 mei,
1509 407 1788 449 sermones
1830 394 2026 449 verita-

2200 394 2274 447 I".
2317 413 2336 445 ι
2379 395 2489 446 Καὶ
2520 390 2615 444 νῦν
2641 386 2906 449 ἀκούσατε
2928 426 2943 450 ,
2982 383 3147 436 τέκνα
3183 398 3280 453 μου
3300 419 3316 444 ,
3350 380 3539 447 λόγους
3574 381 3714 450 ἀλη-

451 484 617 546 tis.ut
648 483 859 542 faciatis
883 486 1243 554 justitiam,et
1270 504 1489 543 omnem
1519 490 1692 559 legem
1724 488 2020 551 Altissimi;

447 583 505 627 et
550 590 619 629 ne
659 578 856 632 erretis
903 579 1096 646 spiritu
1142 580 1273 646 odii,
1321 582 1582 649 quoniam
1640 580 1817 634 malus
1852 579 2024 634 estin

451 666 709 722 omnibus
751 667 958 722 actibus
1002 669 1306 723 hominum.
1341 669 1514 725 Omne
1541 670 1906 741 quodcunque
1942 668 2022 723 fec

452 757 588 810 cerit
620 758 853 825 (homo),
886 760 977 826 qui
1017 760 1131 814 odit
1158 762 1533 827 abominatur;
1570 762 1616 816 si
1650 760 1813 816 faciat
1853 762 2023 832 legem

453 848 694 911 Domini,
748 866 856 905 non
904 852 1088 905 laudat
1134 868 1288 917 cum;
1326 853 1371 907 si
1423 854 1609 907 timeat
1630 852 1941 917 Dominum,
1972 861 2027 906 et

451 940 583 994 velit
627 940 798 1009 justa,
829 942 975 996 hunc
1007 957 1111 995 non
1165 942 1370 1011 diligit;
1412 943 1693 998 veritatem
1733 944 2022 1012 vituperat,

451 1030 703 1100 dirigenti
738 1047 999 1100 prospere
1038 1048 1123 1087 res
1155 1048 1279 1088 suas
1311 1034 1534 1100 invidet,
1576 1034 2022 1089 obtrectationem

453 1122 823 1191 amplectitur,
860 1126 1228 1193 arrogantiam
1290 1134 1464 1190 amat;
1522 1127 1779 1194 quoniam
1839 1124 2025 1178 odium

452 1215 743 1267 excaecavit
797 1214 1034 1267 animam
1084 1215 1237 1283 ejus,
1271 1214 1413 1270 sicut
1450 1222 1504 1269 et
1532 1230 1633 1285 ego
1666 1214 2025 1285 respiciebam

454 1307 508 1360 in
536 1302 759 1373 Joseph.

526 1391 615 1445 ιν.
659 1413 675 1444 ι
715 1394 914 1448 Cavete
959 1395 1143 1465 igitur,
1177 1395 1271 1448 ﬁlii
1318 1396 1447 1461 mei,
1481 1397 1549 1451 ab
1579 1395 1728 1461 odio,
1767 1396 2024 1465 quoniam

454 1484 507 1537 in
562 1486 739 1555 ipsum
790 1485 1078 1541 Dominum
1137 1488 1480 1557 iniquitatem
1532 1488 1685 1543 facit.
1726 1486 1845 1543 Non
1879 1489 2024 1541 enim

454 1574 570 1629 vult
620 1576 806 1629 audire
851 1577 1014 1629 verba
1063 1578 1441 1631 mandatorum
1488 1578 1608 1647 ejus
1643 1579 1709 1633 de
1738 1576 2029 1633 dilectione

455 1668 713 1738 proximi,
738 1678 791 1723 et
817 1669 867 1722 in
896 1668 1062 1722 Deum
1102 1678 1309 1737 peccat.
1348 1668 1405 1723 Si
1432 1670 1576 1723 enim
1600 1670 1883 1738 delinquat
1916 1668 2027 1723 l‘ra-

2127 485 2299 549 θείας,
2320 485 2418 538 τοῦ
2440 486 2612 537 ποιεῖν
2633 478 2997 549 δικαιοσύνην,
3030 474 3124 528 καὶ
3144 474 3320 527 πάντα
3344 474 3506 543 νόμον
3554 473 3713 541 Ὑψί-

2127 598 2251 634 στου
2276 598 2288 611 ο
2349 578 2444 631 καὶ
2493 576 2567 646 μὴ
2616 571 2887 625 πλανᾶσθε
2920 570 2997 639 τῷ
3040 568 3307 638 πνεύματι
3342 565 3435 618 τοῦ
3471 566 3711 637 μίσους,

2125 676 2207 728 ὅτι
2244 670 2412 725 κακόν
2440 671 2557 721 ἐστι
2590 666 2683 719 ἐπὶ
2714 666 2914 726 πάσαις
2948 659 3209 730 πράξεσιν
3240 656 3566 727 ἀνθρώπων.
3592 657 3716 709 Πᾶν

2125 765 2154 818 ὃ
2187 764 2281 817 ἐὰν
2322 764 2481 831 ποιῇ,
2516 762 2544 815 ὁ
2594 757 2766 829 μισῶν
2808 752 3185 825 βδελύσσεταισ
3230 750 3322 803 ἐὰν
3364 752 3488 820 ποιῇ
3544 748 3715 818 νόμον

2126 855 2330 927 Κυρίου
2357 894 2370 918 ,
2418 853 2517 905 οὐκ
2564 850 2774 904 ἐπαινεῖ
2799 846 2985 899 τοῦτον
3010 863 3023 876 ·
3059 844 3151 897 ἐὰν
3195 842 3424 913 φοΰῆται
3458 840 3674 911 Κύριον
3695 878 3713 903 ,

2127 948 2220 999 καὶ
2266 945 2395 1018 θέλῃ
2434 944 2649 1004 δίκαια,
2700 938 2886 992 τοῦτον
2935 939 3034 990 οὐκ
3067 936 3285 1005 ἀγαπᾷ·
3319 934 3417 1005 τὴν
3448 932 3718 1004 ἀλήθειαν

2126 1039 2283 1109 ψέγει
2308 1076 2323 1101 ,
2368 1033 2446 1104 τῷ
2496 1029 2843 1103 κατορθοῦντι
2893 1027 3115 1097 φθονεῖ,
3166 1024 3493 1078 καταλαλιάν
3529 1023 3718 1076 ἀσπά-

2129 1129 2299 1192 ζεται,
2336 1122 2711 1194 ὑπερηφανίαν
2754 1119 2973 1188 ἀγαπᾷ·
3029 1118 3109 1170 ὅτι
3140 1117 3201 1169 τὸ
3239 1119 3391 1186 μῖσος
3425 1113 3713 1183 ἐτύφλωσε

2127 1218 2225 1288 τὴν
2255 1216 2433 1286 ψυχὴν
2466 1212 2630 1268 αὑτοῦ
2654 1251 2669 1276 ,
2706 1208 2887 1273 καθὼς
2922 1206 3076 1275 κάγὼ
3111 1206 3333 1259 ἔϐλεπον
3368 1208 3426 1258 ἐν
3462 1204 3546 1274 τῷ
3591 1205 3713 1256 ἰω-

2202 1325 2238 1375 φ
2286 1305 2419 1375 (Η).

2307 1306 2367 1357 Η
2404 1343 2419 1357 .

2130 1308 2327 1451 σήῖ’.(ι
2364 1306 2671 1462 ιίιυλάξασθε
2702 1388 2815 1457 οὖν,
2845 1392 3010 1445 τέκνα
3043 1409 3164 1461 μου,
3202 1390 3311 1443 ἀπὸ
3339 1388 3432 1442 τοῦ
3469 1387 3674 1458 μίσους
3696 1426 3710 1449 ,

2128 1491 2211 1543 ὅτι
2242 1490 2328 1542 ἐπ’
2356 1488 2517 1542 αὐτὸν
2548 1487 2639 1539 τὸν
2664 1485 2868 1555 Κύριον
2902 1484 3130 1554 ἀνομίαν
3164 1484 3323 1537 ποιεῖ.
3360 1482 3434 1533 Οὐ
3468 1480 3583 1551 γὰρ
3622 1480 3718 1532 05'—

2128 1583 2209 1635 λει
2242 1581 2461 1635 ἀκούειν
2495 1580 2665 1647 λόγων
2693 1576 2922 1631 ἐντολῶν
2963 1574 3126 1629 αὑτοῦ
3175 1575 3303 1644 περ).
3345 1574 3570 1643 ἀγάπης
3615 1572 3715 1625 τοῦ

2131 1672 2389 1743 πλησίον,
2444 1672 2539 1725 καὶ
2572 1673 2663 1733 εἰς
2707 1670 2807 1723 τὸν
2855 1668 2986 1720 Θεὸν
3036 1666 3359 1738 ἁμαρτάνει.
3422 1664 3552 1717 Ἐὰν
3600 1662 3716 1732 γὰρ

456 1768 559 1823 tcr,
590 1759 773 1813 statim
814 1759 929 1813 vult
958 1762 1282 1813 annuntiare
1326 1760 1603 1825 omnibus,
1639 1769 1694 1815 et
1722 1760 1940 1816 festinat
1968 1768 2026 1815 ut

2135 1766 2332 1837 πταίσῃ
2362 1764 2474 1835 (42)
2504 1765 2531 1816 ὁ
2562 1762 2787 1831 ἀδελφὸς
2817 1760 3001 1825 αὑτοῦ,
3032 1758 3191 1822 εὐθὺς
3222 1758 3363 1811 θέλει
3388 1756 3717 1825 ἀναγγεῖλαι

450 1849 728 1917 judicetur
781 1864 878 1918 pro
913 1849 1014 1903 hoc
1045 1849 1262 1914 delicto,
1294 1858 1348 1905 et
1393 1850 1615 1919 punitus
1658 1852 1941 1906 moriatur.
1970 1851 2027 1909 Si

456 1949 636 1995 autem
676 1938 839 1994 fuerit
886 1956 1096 2006 servus,
1130 1950 1351 1994 accusat
1385 1958 1511 1995 eum
1552 1943 1693 2011 apud
1741 1942 2024 1997 dominum

454 2033 597 2102 ejus,
629 2041 683 2086 et
748 2033 802 2085 in
852 2031 1001 2084 omni
1052 2029 1400 2085 tribulatione.
1453 2032 1764 2101 aggreditur
1808 2047 1955 2098 eum,
1982 2034 2027 2088 si

455 2139 566 2193 quo
604 2124 767 2178 modo
817 2123 1105 2177 interficiat
1151 2139 1299 2177 eum.
1349 2122 1545 2177 Odium
1588 2124 1732 2177 enim
1776 2134 2029 2192 operatur

453 2234 578 2274 cum
602 2217 914 2279 homicidio,
940 2227 993 2271 et
1011 2217 1307 2273 secundum
1332 2218 1468 2272 bene
1491 2218 1833 2286 operantium
1860 2216 2031 2285 profe-

456 2316 625 2374 ctum,
649 2308 879 2363 audiens
915 2317 1006 2361 aut
1034 2309 1222 2363 videns
1246 2324 1459 2378 semper
1482 2310 1799 2379 languescit.
1825 2308 2028 2375 Quem-

456 2400 747 2457 admodum
785 2402 929 2454 enim
961 2400 1178 2453 dilectio
1202 2400 1363 2454 etiam
1422 2408 1666 2454 mortuos
1716 2402 1865 2469 cupit
1908 2402 2031 2455 vita:

460 2492 768 2555 restituere,
820 2500 874 2545 et
923 2491 1044 2546 illos
1089 2491 1181 2560 qui
1239 2500 1369 2546 sunt
1412 2491 1465 2544 in
1508 2494 1773 2545 sententia
1814 2494 2027 2558 mortis,

455 2586 571 2640 vult
620 2602 649 2638 a
699 2593 872 2638 morte
920 2600 1175 2638 revocare
1229 2601 1242 2637 :
1291 2584 1363 2636 ita
1393 2584 1573 2638 odium
1623 2585 1865 2641 viventes
1917 2586 2030 2639 vult

456 2676 728 2741 occidere,
762 2685 814 2729 et
845 2691 939 2731 eos
984 2676 1075 2745 qui
1119 2676 1400 2744 paululum
1448 2676 1707 2745 quiddam
1764 2693 2028 2746 peccave-

458 2769 586 2829 iint,
617 2766 866 2834 indignos
910 2766 1016 2819 vita
1064 2766 1290 2834 jutlicat.
1325 2767 1561 2836 Spiritus
1607 2769 1753 2822 enim
1785 2769 1895 2823 odii
1936 2785 2031 2839 per

455 2858 961 2928 pusillanimitatem
1002 2867 1327 2925 cooperatur
1356 2858 1571 2913 Satanae
1598 2860 1653 2912 in
1685 2861 1941 2915 omnibus
1970 2860 2027 2914 in

459 2958 690 3003 mortem
742 2949 1068 3003 hominum:
1133 2951 1361 3020 spiritus
1413 2960 1593 3005 autem
1640 2952 1945 3008 dilectionis
1972 2955 2024 3007 in

456 3040 863 3109 longanimitate
893 3051 1214 3111 cooperatur
1242 3042 1342 3111 legi
1384 3042 1474 3097 Dei
1504 3044 1556 3096 in
1590 3045 1818 3099 salutem
1844 3046 2024 3102 homi-

456 3148 609 3185 1111111.

530 3222 591 3276 V.
629 3242 647 3274 ι
687 3222 885 3276 Malum
914 3232 999 3278 est
1045 3224 1253 3290 odium,
1284 3226 1542 3294 quoniam
1577 3238 1857 3296 permanet
1894 3244 2025 3283 con—

458 3313 605 3367 tinue
647 3328 769 3365 cum
815 3308 1119 3378 mendacio,
1160 3314 1389 3384 loquens
1421 3317 1683 3372 adversus
1713 3320 2021 3385 veritatem,

455 3415 511 3461 et
540 3421 705 3474 parva
735 3420 929 3473 magna
962 3404 1109 3472 facit,
1136 3408 1376 3463 tenebris
1406 3408 1582 3463 lucem
1612 3410 1848 3477 adhibet,
1868 3413 2025 3467 dulce

457 3512 704 3552 amarum
753 3496 905 3562 dicit,
936 3504 990 3551 et
1032 3498 1363 3552 calumniam
1406 3501 1616 3564 edocet,
1643 3510 1696 3555 et
1718 3502 1942 3566 bellum,
1973 3512 2027 3558 et

462 3589 751 3658 injuriam,
805 3597 861 3643 et
907 3604 1121 3643 omnem
1178 3590 1564 3646 abundantiam
1623 3594 1923 3661 malorum,
1974 3606 2027 3651 et

457 3696 667 3736 veneno
691 3681 956 3735 diabolico
987 3696 1081 3736 cor
1112 3682 1318 3750 implet.
1346 3680 1471 3737 Haec
1495 3683 1722 3740 edoctus
1746 3700 1806 3739 ex
1818 3686 2028 3754 perien-

458 3774 533 3827 tia
584 3774 707 3827 dico
756 3773 929 3838 vobis,
964 3784 1020 3828 ut
1067 3771 1283 3841 fugiatis
1337 3774 1547 3838 odium,
1595 3783 1650 3829 et
1706 3777 2028 3833 adhaereatis

457 3866 731 3921 dilectioni
783 3865 1020 3920 Domini.
1068 3864 1287 3920 Iustitia
1336 3866 1485 3936 ejicit
1517 3867 2027 3933 odium,humilitas

458 3959 657 4013 occidit
712 3958 921 4014 odium.
983 3956 1172 4012 Justus
1202 3958 1347 4011 enim
1390 3970 1444 4013 et
1475 3960 1698 4015 humilis
1757 3962 2030 4017 erubescit

460 4051 641 4107 facere
670 4051 891 4120 injuste,
918 4067 1023 4104 non
1066 4051 1135 4104 ab
1165 4049 1273 4103 alio
1298 4051 1681 4118 reprehensus,
1710 4053 1801 4106 sed
1836 4069 1866 4107 a
1897 4069 2015 4122 pro-

460 4143 578 4213 prio
607 4143 789 4208 corde,
833 4143 1094 4211 quoniam
1137 4141 1399 4196 Dominus
1446 4144 1676 4213 protegit
1708 4144 1820 4213 (49)
1847 4146 2030 4201 consi-

460 4237 592 4289 lium
621 4235 760 4303 ejus.
787 4234 906 4288 Non
950 4236 1214 4289 obtrectat
1237 4234 1374 4299 viro,
1405 4236 1534 4303 quia
1566 4236 1727 4290 timor
1760 4236 2028 4292 Altissimi

459 4327 628 4381 vincit
656 4327 859 4380 odium.
884 4325 1103 4382 Timcns
1127 4328 1271 4382 enim
1307 4342 1410 4380 non
1437 4326 1662 4381 oliendit
1703 4326 2023 4394 Dominum;

2131 1856 2286 1917 πᾶσι,
2314 1856 2407 1906 καὶ
2435 1852 2675 1915 σπεύδει,
2704 1853 2798 1904 ἵνα
2828 1850 2991 1921 κριθῇ
3028 1848 3155 1920 περὶ
3187 1846 3371 1910 αὐτοῦ,
3428 1846 3525 1898 καὶ
3552 1844 3718 1897 κολα-

2134 1942 2281 2007 σθείς
2314 1942 2579 2015 ἀποθάνῃ.
2621 1941 2744 1994 Ἐὰν
2781 1941 2838 1993 δὲ
2866 1938 3049 2003 δοῦλος
3091 1934 3163 2010 ᾖ,
3210 1936 3505 2008 συμϐάλλει
3548 1936 3717 1990 αὑτὸν

2132 2036 2270 2106 πρὸς
2303 2036 2399 2089 τὸν
2426 2036 2614 2107 κύριον
2640 2034 2825 2099 αὐτοῦ,
2859 2036 2953 2089 καὶ
2980 2037 3037 2087 ἐν
3068 2035 3214 2103 πάσῃ
3236 2032 3411 2101 θλίψει
3438 2033 3721 2101 ἐπιχειρεῖ

2130 2129 2253 2181 κατ’
2286 2126 2449 2182 αὐτοῦ
2474 2166 2488 2190 ,
2518 2127 2572 2179 ετ
2603 2145 2719 2191 πως
2761 2126 3058 2180 θανατώσει
3102 2126 3262 2177 αὐτόν
3306 2123 3439 2195 (45).
3482 2124 3560 2176 Τὸ
3602 2124 3716 2192 γὰρ

2134 2222 2288 2290 μῖσος
2318 2219 2429 2291 (44)
2463 2223 2714 2292 συνεργεί
2740 2219 2817 2289 τῷ
2848 2220 2995 2290 φόνῳ
3029 2218 3162 2289 (45),
3194 2218 3286 2271 καὶ
3316 2216 3457 2269 κατά
3487 2215 3599 2268 τῶν
3629 2217 3717 2271 εὑ-

2132 2310 2485 2381 πραγούντων
2508 2312 2607 2383 τὴν
2638 2310 2940 2383 προκοπὴν,
2966 2310 3177 2363 ἀκούων
3207 2309 3241 2380 ἦ
3275 2307 3438 2378 ὁρῶν,
3476 2307 3712 2359 πὰντοτε

2130 2404 2364 2457 ἀσθενεῖ.
2397 2404 2605 2474 Ὥσπερ
2636 2402 2745 2474 γὰρ
2773 2404 2807 2473 ἡ
2834 2403 3021 2473 ἀγάπη
3054 2402 3147 2454 καὶ
3174 2402 3300 2464 τοὺς
3342 2398 3570 2468 νεκροὺς
3616 2397 3714 2451 Θέ-

2130 2495 2209 2547 λει
2243 2494 2593 2565 ζωοποιῆσαι,
2629 2496 2722 2548 καὶ
2749 2495 2873 2558 τοὺς
2906 2494 3268 2561 ἐνηάποῴάσει
3294 2491 3525 2545 θανάτου
3565 2490 3715 2542 θέλει

2130 2586 2597 2640 ἀνακαλέσασθαι·
2634 2584 2810 2651 οὕτως
2849 2585 2919 2637 τὸ
2947 2587 3101 2654 μῖσος
3143 2585 3269 2647 τοὺς
3314 2581 3525 2646 ζῶντας
3567 2580 3717 2632 θέλει

2130 2678 2464 2739 ἀποκτεῖναι,
2495 2676 2587 2729 καὶ
2620 2676 2744 2737 τοὺς
2773 2676 2828 2726 ἐν
2855 2674 3018 2744 ὀλίγῳ
3042 2674 3465 2744 ἁμαρτήσαντας
3488 2673 3550 2723 οὐ
3570 2671 3715 2723 θέλει

2131 2767 2249 2836 ζῇν.
2298 2765 2370 2817 Τὸ
2406 2764 2513 2835 γάρ
2560 2764 2776 2834 πνεῦμα
2822 2763 2915 2816 τοῦ
2964 2765 3152 2834 μίσους
3194 2763 3282 2816 διὰ
3321 2764 3420 2833 τῆς
3456 2763 3713 2832 όλιγοιξυυο

2131 2856 2253 2927 χίας
2288 2859 2536 2927 συνεργεῖ
2566 2856 2643 2926 τῷ
2681 2857 2894 2927 Σατανᾷ
2932 2858 2989 2909 ἐν
3024 2858 3187 2909 πᾶσιν
3222 2858 3300 2918 εἰς
3342 2855 3570 2909 θάνατον
3599 2856 3716 2907 τῶν

2131 2949 2467 3020 ἀνθρώπων·
2517 2950 2578 3001 τὸ
2623 2949 2679 3001 δὲ
2728 2948 2944 3019 τωεῦμα
2984 2948 3084 3017 τῆς
3131 2949 3347 3017 ἀγάπης
3398 2948 3453 2998 ἐν
3504 2963 3716 3016 μακρο-

2131 3038 2299 3109 θυμία
2355 3041 2605 3110 συνεργεῖ
2661 3038 2739 3108 τῷ
2795 3040 2942 3109 νόμῳ
2989 3038 3081 3091 τοῦ
3130 3037 3262 3091 Θεοῦ
3311 3040 3389 3100 εἰς
3436 3039 3713 3107 σωτηρίαν

2129 3128 2226 3180 ἀνθ
2238 3127 2455 3199 ρώπων.

2196 3245 2269 3297 E'.
2314 3264 2330 3295 ι
2371 3248 2555 3299 Κακὸν
2589 3246 2649 3300 τὸ
2684 3250 2871 3317 μῖσος,
2919 3247 3001 3299 ὃτι
3044 3246 3307 3316 ἐνδελεχεῖ
3350 3246 3596 3316 συνεχῶς
3635 3248 3713 3317 τῷ

2124 3335 2328 3404 ψεύδει,
2364 3337 2554 3390 λαλοῦν
2586 3337 2728 3390 κατά
2750 3338 2851 3406 τῆς
2879 3337 3155 3406 ἀληθείας,
3187 3340 3278 3391 καὶ
3311 3338 3380 3391 τὰ
3408 3338 3583 3408 μικρὰ
3611 3356 3712 3407 με-

2126 3426 2266 3492 γάλα
2302 3430 2463 3489 ποιεῖ,
2495 3427 2555 3479 τὸ
2586 3427 2775 3489 σκότος
2808 3426 2922 3495 φῶς
2952 3427 3206 3498 προσέχει
3251 3426 3360 3497 (46)
3388 3467 3402 3490 ,
3442 3426 3505 3478 τὸ
3536 3426 3709 3494 γλυκῦ

2125 3516 2323 3586 πικρὸν
2348 3517 2516 3584 λέγει,
2549 3517 2641 3570 καὶ
2668 3518 3030 3585 συκοφαντίαν
3060 3517 3357 3570 ἐκδιδάσκει
3383 3557 3397 3580 ,
3432 3519 3530 3570 καὶ
3555 3517 3713 3570 πόλε-

2131 3625 2261 3678 μον,
2298 3608 2389 3659 κα)¹
2425 3607 2610 3678 ὓϐριν,
2645 3608 2739 3660 καὶ
2784 3610 2964 3661 πᾶσαν
3005 3608 3315 3674 πλεονεξίαν
3358 3609 3584 3673 κακῶν,
3618 3612 3714 3661 καὶ

2130 3696 2208 3749 ίοῦ
2251 3697 2555 3750 διαϐολικοιῖ
2597 3698 2695 3768 τὴν
2746 3699 2969 3770 καρδίαν
3016 3699 3211 3770 πληροῖ
3251 3700 3381 3769 (47).
3431 3700 3622 3753 Ταῦτα
3649 3702 3712 3751 ἐκ

2130 3789 2322 3861 πείρας
2348 3790 2490 3859 λέγω
2522 3792 2651 3861 ὑμῖν
2682 3792 2830 3855 ὅπως
2863 3790 3128 3861 φεύξησθε
3160 3792 3220 3843 τὸ
3252 3794 3407 3861 μῖσος
3441 3790 3580 3861 (48),
3616 3791 3713 3844 καὶ

2128 3879 2422 3950 κολληθῆτε
2454 3882 2520 3951 τῇ
2556 3880 2746 3953 ἀγάπῃ
2776 3880 2869 3933 τοῦ
2906 3881 3129 3952 Κυρίου.
3174 3882 3236 3933 Ἡ
3267 3880 3583 3953 δικαιοσύνη
3618 3885 3711 3936 ὲκ-

2129 3968 2310 4022 6άλλει
2338 3970 2398 4022 τὸ
2428 3973 2581 4039 μῖσος
2605 4010 2619 4035 ,
2653 3972 2687 4042 ἡ
2711 3971 3039 4034 ταπείνωσις
3073 3972 3282 4041 ἀναιρεῖ
3320 3971 3382 4025 τὸ
3427 3975 3608 4041 μῖσος.
3655 3975 3710 4027 Ὁ

2128 4059 2237 4131 γὰρ
2277 4060 2481 4123 δίκαιος
2524 4062 2617 4113 καὶ
2655 4060 2907 4122 ταπεινὸς
2949 4061 3172 4113 αἰδεῖται
3220 4060 3436 4130 ποιῆσαι
3486 4060 3706 4122 ἄδικον,

2130 4152 2229 4215 οὐχ
2255 4152 2359 4204 ὑπὸ
2385 4151 2544 4204 ἄλλου
2577 4151 3138 4220 καταγινωσκόμενος,
3159 4149 3294 4202 ἀλλά
3321 4150 3426 4201 ὑπὸ
3446 4150 3550 4219 τῆς
3575 4151 3709 4212 ἰδίας

2132 4243 2391 4314 καρδίας,
2439 4245 2520 4297 ὅτι
2568 4245 2769 4314 Κύριος
2812 4242 3095 4295 ἐπισκέπει
3143 4241 3253 4311 (50)
3305 4241 3366 4291 τὸ
3405 4240 3709 4294 διαῦούλιον

2133 4336 2317 4388 αὑτοῦ.
2343 4336 2415 4389 Οὐ
2448 4336 2741 4389 καταλαλεῖ
2769 4336 2957 4406 ἀνδρὸς
2988 4334 3123 4404 (51),
3158 4332 3343 4401 ἐπειδὴ
3367 4333 3395 4383 ό
3422 4332 3589 4401 φόὸος
3613 4332 3708 4385 τοῦ

460 4435 567 4472 non
624 4419 739 4473 vult
793 4418 1037 4484 omnino,
1072 4434 1139 4472 ne
1186 4417 1517 4487 cogitatione
1558 4417 1800 4487 quidem,
1827 4420 2025 4489 injusta

2144 4428 2397 4498 Ὑψίστου
2429 4428 2556 4497 νικᾷ
2578 4428 2638 4479 τὸ
2667 4430 2839 4495 μῖσος.
2883 4424 3218 4494 Φοϐούμενος
3259 4423 3368 4495 γὰρ
3413 4424 3489 4493 μὴ
3537 4441 3706 4494 προσ-

462 4511 640 4565 facere
696 4510 959 4564 adversus
1010 4510 1306 4563 hominem.
1358 4507 1482 4562 Hzcc
1534 4525 1633 4578 ego
1691 4510 1882 4563 ultimo
1936 4528 2031 4565 co-

461 4604 641 4672 gnovi,
695 4612 1050 4673 posteaquam
1102 4602 1329 4673 ι)ωηίιυί
1376 4603 1440 4656 de
1474 4601 1692 4671 Joscph.
1718 4602 1847 4668 Qua:
1883 4605 2026 4657 enim

460 4729 636 4772 aute-n
681 4717 907 4772 discedit
943 4719 1010 4770 ah
1042 4717 1264 4769 llehrreo
1304 4724 1450 4768 textu
1479 4758 1491 4780 ,
1524 4716 1613 4783 qui
1651 4716 1809 4769 habet
1843 4719 2029 4783 viginti

461 4798 751 4857 argenteos.
782 4787 915 4841 Gen.
942 4802 1150 4849 xxxv”,
1184 4786 1271 4857 (ἐξ.
1298 4785 1465 4857 Gaia.
1488 4788 1725 4857 —Apud
1768 4785 2031 4857 Hierony—

462 4854 608 4912 mum
639 4868 817 4911 tamen
864 4858 918 4911 in
966 4858 1165 4921 Quwst.
1204 4854 1450 4907 Hebraic.
1481 4864 1612 4908 tom.
1642 4856 1709 4921 ll,
1732 4872 1783 4923 p.
1806 4858 1931 4921 540,
1962 4854 2028 4914 Α,

461 4930 588 4981 edit.
621 4926 819 4993 Paris.,
847 4930 1025 4981 versio
1053 4928 1276 4993 antiqua
1306 4941 1413 4993 prae
1452 4941 1509 4978 se
1555 4925 1796 4988 ferebat,
1844 4929 2030 4994 viginti

458 4999 655 5051 aureis.
692 4996 917 5067 Vulgata
950 5004 1130 5050 autem
1165 5012 1300 5067 nova
1344 4996 1528 5063 viginti
1570 4998 1849 5067 argenteis.
1894 4997 2030 5053 llinc

462 5070 691 5135 ipsemet
724 5065 1085 5136 llieronymus
1115 5069 1169 5119 in
1204 5065 1396 5118 Matth.
1432 5081 1555 5117 χχιιι
1580 5106 1592 5123 .
1620 5075 1749 5117 tom.
1778 5065 1873 5129 IV,
1903 5084 2024 5136 pag.

465 5138 587 5199 126,
615 5137 652 5190 F
710 5136 1147 5205 :tJosepli,ait,
1196 5152 1301 5187 non
1347 5147 1403 5186 ut
1448 5136 1599 5189 mulli
1643 5146 1830 5203 putant
1869 5138 2027 5205 juxta

465 5207 603 5261 LXX
663 5207 984 5276 lnterpretes
1010 5248 1023 5270 ,
1072 5206 1258 5275 viginti
1309 5205 1487 5257 aureis
1511 5206 1759 5259 venditus
1788 5216 1900 5271 est;
1934 5209 2026 5261 sed

458 5278 613 5347 juxta
639 5277 961 5331 Hebraieam
996 5278 1295 5347 veritatem,
1323 5276 1506 5347 viginti
1540 5276 1863 5347 argenteis.»
1909 5276 2027 5342 Qua

462 5344 529 5401 de
563 5364 619 5403 re
647 5348 967 5402 Ambrosius
1001 5347 1090 5398 lih.
1136 5346 1210 5399 De
1242 5344 1467 5411 Joseph,
1510 5360 1627 5412 cap.
1656 5345 1707 5407 5,
1737 5361 1855 5413 pag.
1884 5348 2024 5399 488:

469 5436 488 5469 ί
523 5417 647 5472 Ideo
671 5459 685 5483 ,
729 5418 944 5485 inquit,
987 5416 1113 5471 alibi
1150 5415 1340 5484 viginti
1368 5455 1381 5477 ,
1417 5415 1541 5485 alibi
1575 5416 1756 5483 viginti
1790 5425 1843 5468 ct
1867 5418 2028 5485 quin-

463 5505 569 5555 que
613 5484 817 5547 aureis,
866 5487 992 5540 alibi
1041 5486 1257 5554 triginta
1310 5484 1616 5538 invenimus
1664 5484 2014 5553 etnptutho-

465 5559 619 5627 seph.
654 5586 721 5594 ——
749 5556 823 5609 Ita
856 5558 940 5610 hic
984 5572 1202 5626 quoque
1231 5555 1553 5608 diversitas:
1588 5556 1670 5608 vel
1702 5556 1910 5623 viginti,
1946 5556 2027 5610 vel

467 5630 686 5695 triginta
718 5642 1008 5680 aureorum
1038 5637 1115 5683 vel
1154 5633 1555 5695 argenteorum,
1582 5634 1685 5695 etc.
1721 5648 1739 5675 ι

538 5692 650 5758 (41)
671 5698 796 5749 Ὅτι
812 5696 1067 5765 τὸμῐσος
1096 5736 1126 5747 ..
1147 5692 1310 5759 em;
1343 5693 1579 5763 Ἰωσήφ.
1600 5692 1833 5751 Omissa.
1855 5695 2023 5751 Gnau.

2134 4519 2353 4591 κρούσει
2386 4520 2593 4591 Κυρίῳ
2622 4519 2683 4571 ού
2714 4518 2859 4570 θέλει
2888 4517 2949 4570 τὸ
2985 4516 3106 4570 καθ’
3133 4516 3250 4568 ὅλον
3285 4515 3420 4585 (52),
3454 4516 3579 4569 οὐδὲ
3603 4518 3705 4578 ἕως

2132 4611 2384 4676 ἐννοιῶν,
2439 4611 2690 4680 ἀδικῆσαι
2736 4609 3040 4680 ἄνθρωπον.
3089 4608 3271 4661 Ταῦτα
3314 4606 3426 4675 ἐγὼ
3474 4608 3704 4678 ἔσχατον

2203 4726 2314 4799 ti?)
2356 4727 2605 4799 Πταίση·
2637 4726 2814 4799 Πρέσῃ;
2837 4723 2911 4778 ιυ-

2204 4794 2317 4865 (45)
2353 4798 2491 4849 Κατ’
2519 4795 2725 4857 αὑτοῦ,
2844 4808 2969 4861 πως
2998 4794 3325 4849 θανατώσει
3356 4794 3565 4848 αὐτόν.
3600 4795 3702 4845 Αύ-

2129 4865 2224 4936 τῷ,
2260 4865 2426 4928 εῖπως
2461 4865 2764 4936 θανατωθῇ.
2795 4864 2869 4936 In».

2202 4936 2314 5005 (44)
2362 4936 2429 4987 Τὸ
2460 4935 2569 5004 γὰρ
2596 4932 2791 5005 μῖσός.
2845 4934 2902 4986 Ὀ
2928 4934 3034 5005 γὰρ
3058 4934 3271 5005 φθόνεξ.
3302 4932 3379 4987 lo.

2224 5006 2312 5073 45)
2356 5002 2541 5067 Φόιλῳ.
2579 5004 2780 5072 Φθόνῳ,
2815 5002 3036 5071 invidia,
3072 5002 3175 5059 ins.
3203 5002 3357 5057 Trin.
3395 5002 3471 5073 In.

2224 5072 2313 5142 46)
2362 5073 2429 5128 Τὸ
2462 5074 2681 5142 σκότος
2709 5090 2835 5140 φως
2865 5075 3169 5141 προσέχει.
3207 5074 3434 5129 Desunt.
3460 5072 3536 5125 lo.

2224 5145 2313 5213 47)
2352 5144 2463 5197 Καὶ
2516 5141 2722 5213 πᾶσαν
2760 5143 3129 5213 πλεονεξίαν
3175 5143 3375 5213 κακῶν
3395 5184 3409 5207 ,
3465 5143 3561 5194 καί
3613 5143 3702 5213 im}

2129 5211 2472 5267 διάϐολικοῦ
2500 5212 2612 5280 τὴν
2633 5211 2883 5279 καρδίαν
2917 5214 3152 5278 πληροῖ.
3187 5211 3399 5266 Omissa
3432 5217 3579 5267 sunt.
3627 5212 3697 5265 In.

2202 5284 2312 5353 (48)
2352 5282 2659 5350 Φεύξησθε
2684 5283 2745 5335 τό
2769 5282 2968 5350 μῖσος.
3019 5282 3286 5352 Ἐξώσητε
3316 5283 3377 5335 τὸ
3408 5286 3563 5354 μῖσος
3608 5281 3697 5335 τοῦ

2128 5354 2393 5407 διαϐόλου.
2426 5355 2505 5407 Io.
2995 5388 3001 5393 -

2161 5356 2393 5408 ιαϐόλου.
2426 5356 2505 5407 lo.
2995 5388 3001 5393 -

2228 5425 2316 5490 49)
2360 5422 2621 5492 Protegit.
2651 5422 2879 5492 Inspicit
2897 5423 3053 5492 juxta
3082 5420 3181 5477 Ox.
3214 5422 3309 5477 Gr.
3338 5421 3419 5492 lu.

2226 5494 2313 5550 50)
2368 5490 2729 5545 Ἐπιάκέπει.
2748 5490 2756 5492 ἡ
2778 5490 3097 5545 Ἐπισκοπεῖ
3122 5494 3344 5549 rectius.
3374 5490 3455 5550 ID.

2226 5494 2292 5546 50
2368 5494 2729 5545 Ἐπισκέπει.
2778 5494 3096 5545 Ἑπισκοπεῖ

2368 5562 2627 5628 Ἀνδρός.
2668 5564 2841 5615 Ὀσίου
2872 5561 3096 5631 ιιιίάηιιι.

2205 5630 2314 5703 (52)
2357 5633 2495 5687 Καθ’
2516 5632 2679 5686 ὅλον.
2717 5632 2977 5685 Καθόλου.
3007 5630 3079 5687 In.

2201 5010 2219 5215 ἓ
