3830 6216
216 315 352 370 1117

1446 317 1968 376 ΤΕΞΤΑΜΕΝΤΙΞΜ
2005 322 2160 377 GAD.

3320 324 3456 380 HIS

212 434 383 498 ἔγνων
415 427 553 500 μετά
589 425 650 481 τὸ
692 425 1021 498 μετανοῆσαί
1067 443 1133 497 με
1173 426 1417 497 περὶτοῦ
1461 429 1674 499 Ἰωσήφ.
1729 429 1790 480 Ἦ

1902 433 2194 487 secundum
2227 432 2394 485 Deum
2424 439 2508 485 est
2536 445 2662 484 vera
2695 431 3089 500 paenitentia",
3119 432 3316 487 occidit
3342 434 3461 488 ino-

212 521 320 592 γὰρ
360 520 502 574 κατά
539 519 670 572 Θεὸν
714 517 918 589 ἀληθὴς
958 517 1216 589 μετάνοια
1255 519 1470 588 ἀναιρεῖ
1499 520 1598 588 τὴν
1631 519 1788 572 ἀπεί-

213 612 362 664 θειαν
399 609 532 681 (55),
562 611 656 664 καὶ
677 608 965 678 φυγαδεύει
989 609 1050 662 τὸ
1073 609 1280 672 σκότος,
1310 611 1402 662 καὶ
1429 609 1650 680 φωτίζει
1666 611 1790 674 τοὺς

211 701 540 772 ὀφθαλμοὺς,
567 701 660 754 καὶ
697 701 898 769 γνῶσιν
927 699 1154 771 παρέχει
1181 702 1247 770 τῇ
1272 701 1440 771 ψυχῇ,
1482 703 1576 754 καὶ
1610 702 1793 771 ὁδηγεῖ

210 794 272 846 τὸ
299 793 594 846 διαϐούλιον
620 792 754 860 πρὸς
791 791 1083 862 σωτηρίαν,
1115 792 1209 844 καὶ
1236 791 1272 845 ἃ
1304 793 1403 844 οὐκ
1441 793 1643 863 ἔμαθεν
1686 793 1792 847 ἀπὺ

210 883 546 955 ἀνθρώπων,
574 880 679 936 οἵδε
722 881 811 936 διὰ
848 882 950 952 τῆς
1001 882 1306 952 μετανοίας.
1362 885 1638 954 Ἐπήγαγε
1680 885 1790 956 (54)

211 974 320 1046 γάρ
353 976 498 1044 μοιὸ
527 974 657 1036 Θεὸς
695 973 849 1026 νόσον
885 974 1125 1044 ἥπατος,
1166 975 1260 1026 καὶ
1305 976 1352 1026 εί
1397 974 1470 1045 μὴ
1507 976 1663 1044 εὐχαὶ
1696 976 1791 1028 τοῦ

210 1065 418 1138 πατρός
445 1082 545 1136 μου
584 1063 777 1118 Ἰακὼϐ
795 1104 810 1127 ,
840 1064 1018 1132 ὀλίγου
1043 1063 1372 1136 διεφώνησεν
1401 1066 1510 1139 (56)
1540 1069 1634 1120 ἀπ’
1658 1067 1790 1137 ἐμοῦ

207 1157 272 1208 τὸ
297 1156 514 1226 πνεῦμά
539 1174 661 1227 μου.
691 1157 769 1210 Δι’
792 1151 866 1209 ὧν
891 1153 1002 1226 (57)
1029 1155 1138 1225 γὰρ
1160 1155 1442 1227 ἄνθρωπος
1466 1160 1790 1229 παρανομεῖ,

209 1246 279 1300 δι’
316 1248 540 1300 ἐκείνων
587 1249 680 1301 καὶ
723 1246 1032 1310 κολάζεται.
1094 1245 1245 1298 Ἐπεὶ
1291 1242 1384 1300 οὖν
1431 1248 1678 1301 ἀνέκειτο
1723 1247 1794 1300 τὰ

207 1337 398 1406 ἦπατά
443 1354 543 1407 μου
595 1336 838 1408 ἀνηλεῶς
884 1334 1025 1389 κατὰ
1064 1334 1160 1388 τοῦ
1223 1336 1452 1407 Ἰωσήφ,
1500 1336 1578 1407 τῷ
1625 1321 1792 1407 ἥπατι

208 1429 438 1497 πάσχων
499 1428 781 1500 ἀνηλεῶς,
811 1428 1107 1501 ἐκρινόμην
1167 1428 1260 1480 ἐπὶ
1324 1430 1496 1499 μῆνας
1557 1429 1748 1483 ἕνδεκα
1776 1470 1790 1493 ,

209 1517 333 1572 καθ’
357 1521 480 1574 ὅσον
521 1521 711 1592 χρόνον
752 1523 956 1593 ἐνεῖχον
1004 1521 1084 1593 τῷ
1122 1520 1318 1591 Ἰωσὴφ
1343 1561 1358 1584 ,
1399 1521 1504 1585 ἕως
1546 1523 1632 1575 ἵνα
1656 1539 1794 1595 πρα-

209 1608 280 1681 θῇ
334 1609 471 1682 (58).

291 1723 382 1788 ς’.
410 1739 430 1772 ι
462 1722 572 1775 Καὶ
614 1721 729 1786 νῦν,
752 1722 918 1776 τέκνα
942 1741 1063 1795 μου,
1095 1726 1416 1797 ἀγαπήσατε
1444 1725 1674 1788 ἕκαστος
1701 1724 1792 1778 τὸν

206 1810 440 1880 ἀδελφὸν
480 1812 666 1877 αὐτοῦ,
705 1815 799 1866 καὶ
822 1814 1052 1886 ἐξάρατε
1078 1815 1140 1868 τὸ
1185 1819 1342 1887 μῖσος
1375 1815 1482 1869 ἀπὸ
1519 1816 1626 1868 τῶν
1656 1832 1790 1887 καρ-

205 1901 340 1956 διῶν
361 1901 532 1973 ὑμῶν,
565 1903 887 1972 ἀγαπῶντες
917 1906 1180 1978 ἀλλήλους
1209 1909 1266 1961 ἐν
1291 1907 1455 1979 ἔργῳ,
1493 1908 1586 1961 καὶ
1615 1907 1786 1979 λόγῳ,

207 1993 308 2046 καὶ
348 1993 556 2064 διανοίᾳ
585 1994 785 2064 ψυχῆς.
829 1995 970 2064 Ἐγὼ
1020 1996 1130 2068 γὰρ
1176 1995 1318 2050 κατά
1374 1998 1662 2069 πρόσωπον
1696 1996 1790 2051 τοῦ

206 2082 418 2153 πατρὸς
448 2083 602 2153 ἡμῶν
629 2085 880 2156 εἰρηνικὰ
909 2085 1128 2139 ἐλάλουν
1153 2087 1232 2157 τῷ
1277 2087 1474 2159 Ἰωσὴφ
1519 2086 1653 2156 (59),
1699 2087 1792 2139 καὶ

204 2172 516 2243 ἐξελθόντος
550 2192 671 2244 μου,
701 2174 761 2227 τὸ
807 2175 1019 2247 πνεῦμα
1063 2177 1156 2230 τοῦ
1190 2177 1379 2248 μίσους
1409 2167 1652 2241 ἐσκότιζὲ
1690 2194 1790 2248 μου

203 2264 302 2317 τὸν
323 2263 467 2327 νοῦν,
501 2266 594 2317 καὶ
641 2264 911 2336 ἐτάρασσε
943 2285 1042 2338 μου
1075 2267 1175 2338 τὴν
1212 2266 1408 2338 ψυχὴν,
1443 2267 1537 2320 τοῦ
1587 2268 1791 2321 ἀνελεῖν

205 2351 394 2404 αιἰτόν.
434 2352 707 2420 Ἀγαπᾶτε
730 2353 839 2423 (60)
863 2350 955 2407 οὖν
987 2355 1248 2425 ἀλλήλους
1269 2357 1378 2409 ἀπὸ
1406 2356 1661 2427 καρδίας·
1698 2357 1792 2410 καὶ

205 2445 310 2496 ἐὰν
333 2444 555 2516 ἁμάρτῃ
581 2446 659 2508 εἰς
691 2444 772 2508 σὲ,
795 2446 916 2498 εἰπὲ
943 2445 1090 2516 αὐτῷ
1109 2448 1167 2500 ἐν
1189 2449 1400 2519 εἰρήνῃ,
1426 2446 1678 2518 ἐξορίσας
1702 2447 1792 2501 τὸν

208 2534 294 2586 ἱὸν
321 2535 415 2587 τοῦ
445 2536 654 2605 μίσους,
677 2529 770 2589 καὶ
803 2539 860 2590 ἐν
886 2536 1030 2607 ψυχῇ
1061 2554 1154 2590 σου
1193 2541 1266 2609 μὴ
1290 2539 1572 2609 κρατήσῃς
1603 2537 1751 2590 δόλον
1776 2554 1788 2568 ο

204 2625 307 2677 καὶ
329 2623 422 2676 ἐὰν
461 2625 799 2696 ὁμολογήσας
831 2627 1159 2700 μετανοήσῃ,
1205 2627 1340 2695 ἄφες
1383 2625 1560 2696 αὐτῷ·
1594 2627 1690 2680 ἐάν
1734 2643 1792 2678 τε

201 2715 475 2786 ἀρνεῖται,
514 2718 586 2787 μή
614 2717 904 2787 φιλονείκει
928 2717 1094 2788 αὐτῷ,
1137 2719 1343 2789 μήποτε
1371 2718 1668 2788 ὀμόσαντος
1695 2719 1791 2770 αὑ-

203 2805 326 2870 τοῦ,
345 2805 540 2869 δισσῶς
561 2806 1008 2879 ἀμαρτήσῃς.Μὴ
1034 2806 1242 2879 ἀκούσῃ
1264 2808 1320 2858 ἐν
1346 2806 1493 2878 μάχῃ
1517 2805 1793 2877 ἀλλότριος

208 2897 511 2966 μυστήριον
554 2896 732 2967 ὑμῶν’
781 2898 867 2950 ἵνα
905 2898 977 2968 μὴ
1028 2900 1264 2968 μισήσας
1301 2915 1359 2950 σε
1411 2896 1672 2968 ἐχθράνῃ,
1703 2895 1794 2948 καὶ

209 2987 458 3058 μεγάλην
486 2989 757 3059 ἁμαρτίαν
780 2989 1081 3059 ἐργάσηται
1105 2989 1246 3042 κατὰ
1268 2988 1362 3042 σοῦ
1381 3006 1392 3014 ·
1423 2990 1504 3042 ὅτι
1537 2988 1794 3051 πολλάκις

203 3075 562 3146 δολοφονῆσαι
599 3077 730 3145 (61),
760 3077 793 3148 ἢ
835 3079 1254 3149 περιεργάσεταί
1298 3095 1356 3130 σε
1403 3080 1459 3130 ἐν
1492 3077 1668 3148 κακῷ,
1701 3077 1796 3129 λα-

204 3167 322 3220 ϐὼν
342 3168 451 3220 ἀπὸ
483 3168 576 3220 σοῦ
604 3169 694 3224 τὸν
727 3169 825 3222 ἰόν.
865 3169 990 3221 Ἐὰν
1012 3165 1104 3222 οὖν
1136 3171 1408 3239 ἀρνεῖται,
1439 3170 1534 3222 καὶ
1575 3168 1793 3240 αἰδεσθῇ

203 3259 586 3330 ἐλεγχόμενος,
638 3260 922 3332 -ήσυχασθῇ
977 3260 1110 3332 (62),
1157 3261 1232 3332 μὴ
1281 3260 1478 3331 ἐξάξῃς
1517 3261 1697 3313 αὐτόν.
1740 3261 1795 3312 ’0

203 3349 322 3419 γὰρ
370 3351 698 3421 ἀρνούμενος
743 3354 1011 3422 μετανοεῖ,
1042 3350 1134 3404 τοῦ
1169 3351 1364 3422 μηκέτι
1410 3351 1796 3422 πλημμελῆσαι

204 3444 293 3506 εἰς
341 3444 428 3497 σέ·
479 3445 614 3498 ἀλλὰ
664 3447 758 3498 καὶ
790 3446 1013 3516 τιμήσει
1043 3462 1122 3509 σε,
1167 3446 1260 3498 καὶ
1287 3445 1670 3516 φοϐηθήσεται,
1703 3447 1797 3498 καὶ

205 3535 541 3607 είρηνεύσει.
595 3536 722 3589 Ἐὰν
751 3538 807 3590 δὲ
837 3537 1055 3608 ἀναιδής
1111 3539 1247 3602 ἐστι,
1282 3539 1378 3590 καὶ
1420 3537 1693 3591 ἐνίσταται
1729 3539 1794 3608 τῇ

205 3629 402 3699 κακίᾳ,
424 3629 518 3682 καὶ
539 3628 711 3693 οὕτως
738 3630 873 3699 ἄφες
902 3630 1049 3701 αὺτῷ
1079 3631 1187 3684 ἀπὸ
1218 3631 1464 3703 καρδίας,
1490 3631 1586 3684 καὶ
1611 3631 1699 3694 δὸς
1719 3633 1796 3702 τῷ

205 3719 333 3792 Θεῷ
355 3719 453 3791 τὴν
481 3721 782 3791 ἐκδίκησιν.

283 3814 358 3866 Z'.
394 3830 413 3862 ι
469 3813 592 3868 Ἐάν
626 3831 710 3876 τις
732 3814 886 3899 ὑπὲρ
906 3815 1050 3885 ὑμᾶς
1077 3814 1372 3880 εὐοδοῦται,
1420 3816 1492 3888 μὴ
1516 3813 1822 3868 λυπεῖσθε*

207 3901 352 3957 ἀλλὰ
379 3902 474 3954 καὶ
501 3901 725 3972 εὔχεσθε
756 3905 898 3977 ὑπὲρ
923 3905 1109 3969 αὑτοῦ,
1140 3906 1227 3958 ἵνα
1249 3905 1470 3969 τελείως
1492 3905 1791 3960 εὐοδοῦται.

213 3995 382 4056 Ἴσως
409 3993 518 4065 γὰρ
563 3995 691 4066 ὑμῖν
722 3997 988 4068 συμφέρει
1015 3996 1214 4060 οὓτως·
1244 3999 1337 4050 καὶ
1360 3997 1454 4050 ἐὰν
1482 3999 1572 4050 ἐπὶ
1614 3999 1795 4051 πλεῖον

211 4081 466 4150 ὑψοῦται,
497 4083 571 4154 μή
606 4085 866 4154 φθονεῖτε,
901 4087 1353 4157 μνημονεύοντες,
1377 4089 1458 4140 ὅτι
1481 4089 1630 4142 πᾶσα
1659 4088 1794 4158 σὰρξ

211 4174 587 4231 ἀποθανεῖται.
619 4178 809 4250 Κυρίῳ
848 4179 904 4232 δὲ
929 4178 1095 4250 ὕμνον
1122 4179 1479 4250 προσφέρετε,
1510 4179 1588 4250 τῷ
1620 4180 1791 4250 παρέ-

1893 524 2246 586 bedientiam,
2283 531 2338 577 et
2371 521 2525 589 fugat
2556 523 2828 587 tenebras,
2859 528 2913 574 et
2942 521 3213 577 illuminat
3249 523 3458 589 oculos,

1891 624 1946 668 et
1999 613 2364 683 cOgnitionern
2422 611 2612 666 tribuit
2658 611 2874 675 animae,
2910 620 2964 664 et
2990 612 3138 666 ducit
3169 612 3460 667 consilium

1894 707 1960 760 ad
2009 707 2270 769 salutem;
2321 713 2376 759 et
2417 719 2538 773 qum
2593 717 2699 756 non
2762 704 2952 758 didicit
3010 705 3078 758 ab
3129 704 3460 764 hominibus.

1892 798 2045 852 novit
2098 812 2192 865 per
2231 796 2630 866 paenitentiam.
2664 793 2880 850 lnduxit
2933 797 3081 850 enim
3128 796 3262 851 mihi
3319 794 3463 850 Deus

1893 889 2265 957 regi-itudinem
2320 887 2574 959 liepatis;
2614 895 2670 940 et
2704 887 2808 941 nisi
2857 891 3132 942 orationes
3161 887 3330 957 patris
3355 885 3462 941 mei

1892 979 2060 1034 Jacob
2090 979 2496 1048 praevenissent,
2533 992 2722 1044 parum
2767 977 2938 1031 abfuit
2969 979 3099 1048 quin
3123 978 3379 1032 desiisset
3408 975 3464 1029 in

1894 1087 1981 1126 me
2009 1071 2121 1140 (55)
2148 1070 2372 1141 spiritus
2401 1084 2578 1124 meus.
2613 1069 2718 1124 Per
2743 1085 2866 1139 qua:
2894 1068 3038 1123 enim
3065 1069 3230 1123 homo
3257 1073 3462 1136 peccat,

1893 1179 1991 1234 per
2039 1163 2132 1218 illa
2187 1171 2242 1217 et
2288 1162 2594 1231 punitur".
2625 1161 2763 1227 Quia
2812 1161 2980 1231 igitur
3016 1159 3276 1229 disposita
3307 1165 3466 1213 erant

1894 1254 2090 1323 bepata
2121 1267 2241 1307 mea
2274 1253 2781 1308 immisericorditer
2835 1251 3096 1306 adversus
3147 1249 3368 1320 Joseph,
3406 1249 3464 1304 in

1894 1346 2088 1415 hepate
2134 1345 2349 1414 patiens
2400 1342 2922 1406 immisericorditer,
2953 1341 3217 1412 judicium
3270 1339 3465 1410 pertuli

1893 1451 1990 1505 per
2045 1450 2261 1490 menses
2311 1435 2584 1499 undecim,
2638 1433 2940 1488 secundum
2989 1445 3206 1504 tempus
3254 1433 3308 1486 in
3353 1443 3466 1502 quo

1893 1524 2195 1581 insidiahar
2221 1523 2442 1594 Joseph,
2476 1539 2650 1594 usque
2671 1525 2799 1578 dum
2831 1523 3177 1579 venderetur.

1967 1701 2055 1758 Vl.
2097 1720 2116 1754 ι
2144 1701 2210 1757 Ει
2238 1717 2403 1764 nunc,
2430 1702 2522 1756 ﬁlii
2552 1703 2679 1766 mei,
2704 1702 2913 1773 diligite
2940 1702 3326 1773 unusquisque
3355 1700 3466 1757 fra-

1894 1801 2032 1849 trem
2057 1809 2240 1858 suum,
2281 1803 2335 1848 et
2354 1793 2562 1849 auferte
2584 1795 2771 1848 odium
2803 1810 2832 1848 a
2852 1795 3110 1851 cordibus
3135 1796 3352 1859 vestris,
3381 1795 3467 1850 di-

1892 1887 2120 1957 ligentes
2165 1893 2378 1941 vosmet
2410 1887 2640 1941 invicem
2675 1888 2728 1940 in
2763 1901 2948 1956 opere,
2988 1895 3043 1942 et
3088 1903 3362 1954 sermone,
3412 1895 3467 1942 et

1894 1981 2220 2052 cogitatione
2241 1981 2460 2034 animae.
2493 1979 2606 2049 Ego
2627 1980 2771 2035 enim
2803 1993 2989 2034 coram
3019 1977 3158 2034 facie
3180 1980 3350 2048 patris
3373 1993 3470 2034 no-

1894 2073 1991 2129 stri
2033 2073 2258 2143 paciﬁca
2312 2073 2579 2143 loquebar
2625 2074 2692 2127 ad
2733 2071 2972 2141 Joseph;
3007 2079 3060 2126 et
3092 2078 3324 2126 exeunte
3357 2086 3464 2138 me,

1895 2165 2119 2236 spiritus
2151 2164 2259 2220 odii
2288 2162 3010 2230 obtenebravitintellectum
3045 2177 3248 2225 meum,
3281 2169 3333 2214 et
3353 2169 3467 2216 tur-

1896 2255 2045 2310 bavit
2072 2255 2311 2309 animam
2343 2269 2544 2320 meam,
2570 2253 2635 2308 ad
2677 2251 3036 2308 occidendum
3067 2266 3214 2305 eum.
3251 2249 3467 2320 Diligite

1895 2350 2064 2419 igitur
2088 2356 2301 2404 vosmet
2342 2347 2574 2402 invicem
2599 2361 2664 2400 ex
2703 2344 2903 2411 corde;
2934 2351 2987 2398 et
3019 2344 3062 2398 si
3096 2351 3284 2412 peccet
3327 2342 3380 2396 in
3416 2351 3468 2398 te

1896 2441 2141 2512 (aliquis)
2191 2441 2280 2495 dic
2313 2441 2362 2494 ei
2393 2439 2446 2493 in
2491 2455 2625 2508 pace
2670 2439 2737 2502 ”,
2775 2436 3148 2492 exterminans
3193 2450 3466 2489 venenum

1896 2533 2028 2597 odii,
2062 2542 2116 2586 et
2140 2532 2192 2585 in
2225 2532 2406 2585 anima
2436 2538 2522 2585 tua
2561 2545 2628 2584 ne
2658 2537 2846 2584 teneas
2882 2512 3067 2582 dolum
3095 2543 3107 2578 :
3135 2534 3187 2580 et
3224 2525 3269 2580 si
3298 2525 3468 2580 conti-

1897 2633 2018 2679 tens
2047 2625 2328 2693 poeniteat,
2361 2623 2576 2677 remitte
2599 2622 2683 2686 ei;
2716 2621 2828 2674 etsi
2861 2629 3042 2690 negat,
3078 2635 3145 2673 ne
3171 2616 3468 2672 contendas

1896 2731 2020 2770 cum
2053 2730 2140 2779 eo,
2172 2730 2241 2768 ne
2271 2715 2489 2784 quando
2534 2713 2754 2783 jnrante
2784 2728 2869 2780 eo,
2903 2712 3192 2781 dupliciter
3250 2725 3464 2780 pecces.

1896 2803 1975 2858 Ne
2001 2805 2187 2858 audiat
2205 2805 2417 2858 alienus
2449 2804 2503 2857 in
2531 2804 2881 2858 contentione
2907 2813 3176 2857 secretum
3202 2810 3465 2861 vestrum;

1897 2911 1966 2950 ne
2001 2896 2190 2950 odiens
2223 2904 2274 2950 te
2305 2895 2638 2960 inimicetur,
2665 2903 2719 2949 et
2740 2909 2997 2964 magnum
3031 2901 3309 2963 peccatum
3341 2906 3470 2960 ope-

1898 2993 2050 3039 retur
2075 2985 2339 3039 adversus
2369 2993 2451 3050 te;
2475 2985 2734 3053 quoniam
2764 2983 3044 3038 multoties
3067 2983 3191 3036 dolo
3215 2984 3470 3051 loquetur

1900 3085 2098 3138 tecum,
2131 3077 2214 3129 vel
2253 3075 2687 3143 perscrutabitur
2714 3082 2766 3128 te
2793 3073 2846 3126 in
2875 3075 3038 3139 malo,
3063 3073 3338 3142 accipiens
3365 3087 3394 3126 a
3419 3079 3470 3127 te

1899 3183 2191 3222 venenum.
2230 3167 2286 3221 Si
2320 3167 2487 3236 igitur
2512 3175 2692 3234 neget,
2723 3174 2774 3219 et
2801 3166 3090 3220 erubescat
3121 3165 3465 3233 redargutus,

1898 3268 1952 3313 et
1977 3260 2242 3329 quiescat,
2277 3274 2341 3312 ne
2357 3258 2559 3312 educas
2587 3272 2733 3310 eum.
2754 3255 2977 3334 Negans
2997 3256 3139 3309 enim
3177 3255 3467 3323 resipiscit,

1900 3361 1960 3406 ut
1991 3367 2095 3406 non
2128 3353 2361 3420 amplius
2384 3351 2666 3419 delinquat
2692 3349 2745 3402 in
2778 3356 2862 3413 te;
2889 3347 2983 3402 sed
3009 3359 3062 3402 et
3085 3345 3375 3400 honorabit
3395 3354 3466 3408 te,

1898 3455 1952 3500 et
1987 3445 2220 3507 timebit,
2248 3451 2303 3497 et
2326 3442 2586 3511 paciﬁcus
2634 3441 2754 3494 erit.
2807 3438 2866 3492 Si
2899 3427 3027 3492 vero
3069 3437 3467 3492 inverecundus

1897 3545 2000 3602 est,
2031 3544 2083 3589 et
2109 3537 2275 3590 instat
2305 3534 2555 3598 malitiae;
2591 3542 2644 3586 et
2672 3532 2742 3584 ita
2779 3529 2992 3585 remitte
3034 3529 3084 3583 ei
3109 3544 3175 3583 ex
3203 3528 3388 3595 corde,
3414 3538 3468 3582 et

1897 3635 1964 3689 da
2001 3633 2110 3689 Deo
2132 3632 2426 3686 vindictam
2451 3631 2516 3684 ³ο.

1968 3811 2083 3867 νιι.
2109 3832 2126 3863 ι
2161 3811 2218 3865 Si
2250 3811 2374 3881 quis
2402 3809 2522 3878 plus
2543 3822 2705 3877 quam
2724 3821 2823 3861 vos
2848 3817 3220 3876 prosperatur,
3251 3820 3316 3857 ne
3337 3819 3467 3858 con-

1897 3904 2188 3960 tristemini
2213 3921 2226 3968 ;
2251 3903 2342 3957 sed
2374 3910 2427 3956 et
2442 3909 2591 3955 orate
2618 3914 2720 3968 pro
2747 3896 3211 3967 ipso,utperl'ecte
3239 3911 3464 3965 prospe-

1896 4005 2066 4050 retur.
2100 3994 2262 4048 Forte
2289 3993 2431 4046 enim
2457 3991 2610 4046 vobis
2631 3989 2852 4057 expedit
2889 3989 2960 4040 ita
2992 4006 3003 4040 :
3037 3996 3090 4040 et
3119 3987 3164 4041 si
3196 3987 3318 4055 plus
3366 4001 3464 4039 ex-

1897 4088 2095 4140 altatus
2116 4083 2299 4144 fuerit,
2325 4098 2392 4135 ne
2422 4079 2729 4143 invideatis,
2764 4077 3136 4140 recordantes,
3173 4075 3316 4144 quod
3343 4089 3463 4127 om-

1897 4177 1984 4231 nis
1999 4189 2128 4230 caro
2150 4173 2433 4227 morietur.
2465 4169 2699 4224 Domino
2731 4175 2910 4222 autem
2949 4167 3208 4236 hymnum
3244 4163 3461 4229 offerte,

211 4284 365 4340 χοντι
407 4267 477 4320 τὰ
525 4267 666 4321 καλά
719 4271 812 4323 καὶ
867 4272 1211 4343 συμφέροντα
1259 4272 1426 4324 πᾶσιν
1461 4270 1788 4342 ἀνθρώποις.

1902 4267 2158 4324 tribuenti
2183 4265 2325 4320 bona
2343 4272 2397 4318 et
2411 4263 2566 4318 utilia
2591 4259 2849 4315 omnibus
2880 4257 3194 4312 hominibus
3211 4256 3276 4309 “.
3301 4253 3466 4309 Scru-

312 4445 356 4476 ³⁷
387 4441 430 4498 ll
455 4444 583 4498 Cor.
612 4460 708 4510 vn,
738 4443 826 4500 lO.
902 4446 948 4478 “
978 4443 1105 4517 Sap.
1136 4462 1212 4515 xi,
1237 4446 1324 4500 17.
1403 4447 1446 4478 ²⁹
1477 4445 1668 4500 Matth.
1701 4459 1860 4509 xvut,
1883 4443 1980 4510 45;
2003 4443 2137 4498 Luc.
2192 4456 2324 4506 xvn,
2378 4439 2431 4493 ’5.
2517 4437 2564 4469 ³ο
2595 4435 2755 4492 Rom.
2781 4450 2880 4501 xu,
2909 4434 2996 4490 l9.

191 4593 195 4598 τ
290 4561 402 4630 (55)
451 4559 789 4614 Ἀπείθειαν.
835 4562 1110 4627 Ἀγνοιαν.
1146 4560 1312 4615 Cum.

311 4626 402 4700 54)
454 4630 757 4701 Ἐπήγαγε.
821 4626 976 4701 ᾃΤοὺς
1040 4632 1466 4701 ἐπιστρέφοντας
1542 4626 1794 4701 δέχεσθαι

290 4649 402 4700 (διδ)
464 4649 757 4753 nauigare.
851 4649 976 4692 ιους
1040 4649 1466 4701 επιστρεφοντας
1542 4649 1787 4697 οεχεσυαι

214 4701 556 4755 additcodex
637 4716 765 4753 xon.
807 4699 940 4764 Quae
970 4701 1138 4753 alium
1180 4717 1406 4769 prorsus
1445 4714 1669 4769 sensum
1699 4698 1787 4769 fa-

215 4771 392 4834 ciunt,
423 4771 580 4839 quasi
609 4772 721 4824 haec
751 4770 1022 4839 verba_ad
1051 4767 1216 4823 Deum
1245 4767 1429 4824 essent
1466 4767 1749 4839 referenda
1778 4784 1791 4831 ;

217 4841 313 4896 sed
343 4837 572 4906 praefero
596 4839 885 4893 lectionem
910 4837 1442 4908 Cantabrigiensem.
1467 4837 1542 4891 In.

289 4904 406 4977 (ῧῦ)
445 4909 696 4962 Desiisset
739 4910 792 4960 in
833 4925 928 4960 me.
977 4904 1338 4960 Dissonitisset
1375 4922 1408 4957 α
1446 4920 1548 4957 me.
1603 4904 1795 4959 Grai-ca

222 4994 330 5033 vox
366 4980 629 5039 occurrit,
657 4978 828 5030 Exod.
849 4994 995 5038 xxw,
1018 4994 1053 5029 ιι
1080 4995 1093 5042 ;
1126 4977 1239 5030 .los.
1267 4993 1423 5035 χχιιι,
1469 4977 1553 5039 Li,
1580 4985 1684 5029 etc.

219 5117 264 5173 Ο
289 5047 401 5119 (56)
433 5049 678 5169 1Ὀλίγον
693 5046 1082 5115 διεφώνησεν.
1118 5045 1562 5115 Ἔφθασαν,;ιι1‹1.
1593 5045 1644 5098 in
1670 5045 1793 5098 cod.

267 5135 397 5172 xon.
455 5134 506 5170 ι).

267 5135 397 5172 1011.
433 5134 506 5170 ID.

291 5187 404 5258 (57)
443 5187 525 5239 Δι’
549 5185 655 5250 ὧν,
688 5205 741 5241 κ.
764 5203 814 5239 τ.
832 5187 895 5258 ίλ.
935 5185 1088 5258 Hane
1125 5185 1456 5258 sententiam
1503 5183 1795 5258 exscripsit

220 5255 413 5312 auctor
435 5272 499 5310 ex
525 5258 654 5325 Sap.
686 5273 761 5318 ιι,
794 5257 882 5320 17,
911 5257 1003 5310 ubi
1038 5255 1313 5325 ipsissitna
1342 5271 1480 5325 pene
1511 5255 1672 5308 verba
1704 5269 1798 5325 oe-

219 5338 444 5382 currunt
475 5345 489 5381 :
522 5321 708 5381 Δι’“ὧν
737 5344 826 5391 τις
844 5321 1179 5394 ἁμαρτάνει,
1213 5325 1310 5378 διὰ
1330 5321 1552 5377 τούτων
1573 5321 1798 5380 κολάζε-

218 5413 334 5449 ται.
367 5395 564 5468 Vulg.:
592 5395 702 5449 Per
729 5413 848 5466 quae
876 5398 994 5465 quis
1026 5404 1227 5463 peccat,
1259 5411 1349 5464 per
1370 5395 1478 5448 hinc
1501 5404 1550 5446 et
1584 5403 1797 5461 torque-

221 5476 327 5520 tur.

294 5535 406 5606 (58)
445 5535 585 5606 Καθ’
614 5535 772 5606 ὅσον
797 5535 1018 5606 χρόνον
1047 5532 1283 5601 ἐνεῒχον
1312 5530 1393 5599 τῷ
1422 5532 1652 5601 Ἰωσὴφ,
1687 5530 1797 5596 ἕως

221 5605 324 5659 ἵνα
358 5605 576 5672 πραθῇ.
613 5605 837 5660 Desunt.
867 5605 1035 5658 GBAB.

293 5671 411 5744 (59)
447 5671 730 5743 Εὶρηνικὰ
775 5675 1041 5727 ἐλάλουν
1075 5672 1423 5744 τῷξιωσήφ.
1460 5671 1664 5744 Moses,
1691 5671 1797 5724 Ge-

225 5741 340 5800 nes.
371 5741 654 5809 xxxvii,“
687 5746 734 5810 ι,
768 5745 833 5798 de
867 5744 1125 5798 fratribus
1153 5741 1372 5814 Josephi
1406 5744 1476 5796 ait
1516 5761 1526 5794 :
1557 5741 1793 5796 Oderunt

3086 4432 3283 4488 1Hlsai.
3324 4447 3365 4497 1,
3409 4433 3464 4486 5.

1898 4569 2037 4606 eum.
2073 4568 2164 4605 nec
2195 4558 2437 4619 poterant
2476 4547 2764 4619 quidquam
2803 4546 3021 4619 paciﬁca
3045 4544 3114 4596 ad
3143 4559 3260 4596 eum
3296 4544 3462 4619 loqui.

1897 4624 2101 4675 Auctor
2120 4614 2248 4674 vero
2279 4614 2729 4672 T‘estantenturum
2753 4614 2866 4670 hace
2890 4617 3052 4669 verba
3080 4631 3184 4667 non
3219 4614 3467 4667 universe

1901 4692 2124 4760 intelligi
2154 4691 2347 4753 voluit,
2381 4689 2474 4742 sed
2501 4687 2602 4760 .ad_
2632 4686 2904 4753 colloquia
2956 4685 3184 4760 fratrum
3235 4684 3378 4760 inter
3407 4700 3468 4760 se

1899 4751 2199 4823 restriiixit,
2238 4751 2469 4824 indeque
2492 4755 2700 4808 Gadum
2730 4751 2912 4808 col-am
2946 4764 3094 4824 patre
3115 4751 3283 4824 Jacob
3314 4755 3464 4821 paci-

1900 4831 1999 4884 lica
2035 4847 2156 4884 cum
2188 4822 2424 4892 Joseplro
2460 4826 2620 4878 verba
2656 4825 2942 4878 miscuisse
2976 4823 3133 4876 dixit.
3164 4822 3238 4875 Ιι).

1971 4900 2080 4970 (60)
2135 4895 2430 4970 Ὰγιιπᾶτε,
2463 4912 2519 4970 κ.
2555 4911 2605 4970 τ.
2713 4892 2928 4970 Omissa
2963 4894 3146 4946 omnia
3191 4907 3364 4961 usque
3400 4893 3463 4944 ad

1899 4962 2275 5036 πελέιιοέπαὰμέ
2285 4985 2321 5019 ν
2348 4965 2463 5036 τῶν
2489 4962 2826 5036 ἀνθρώπωε.
2854 4963 2929 5016 In.

1971 5031 2102 5112 ((il)._
2121 5031 2548 5112 Δολοφονςῆσαι.
2593 5033 2897 5112 Legendum
2917 5104 2927 5112 .
2948 5041 3077 5112 puto
3101 5031 3463 5112 δολοφονήσει,

1899 5101 2071 5177 idque
2085 5101 2287 5161 Latine
2302 5101 2632 5177 reddendum
2665 5101 2786 5177 dolo
2817 5103 3014 5154 occidet
3055 5113 3121 5154 te.
3162 5101 3217 5177 Id
3251 5101 3466 5177 quippe

1899 5120 2062 5177 idque
2085 5120 2275 5161 Latine
2302 5120 2632 5158 reuuenuum
2665 5120 2786 5153 ιιοιο
2817 5120 3014 5154 οεσιαει
3055 5120 3121 5154 ιε.
3162 5120 3217 5154 ιιι
3265 5120 3397 5170 quip
3421 5120 3464 5155 ιο

1899 5180 2170 5247 signiﬁcat
2199 5177 2426 5230 verbum
2449 5174 2770 5247 δολοφονεῖν,
2818 5187 2924 5225 non
2953 5180 3140 5247 autern
3171 5172 3348 5247 dolose
3379 5120 3464 5247 (Ιο-

1899 5241 2012 5318 ᾳιῖί,
2040 5257 2098 5300 ιιι
2123 5247 2397 5300 Robertus
2421 5242 2718 5318 transtulit,
2737 5243 2920 5309 legens
2948 5241 3092 5318 forte.
3113 5241 3460 5318 8o).og:~wveiv_;

1899 5311 2061 5379 quam
2081 5326 2260 5371 tamen
2280 5330 2464 5368 vocem
2490 5315 2543 5365 in
2572 5312 2720 5364 nullo
2750 5319 2975 5365 auctore
2994 5311 3188 5379 legisse
3215 5311 3458 5364 memini.

1947 5388 2146 5451 ceedit,
2183 5386 2325 5454 quod
2368 5383 2534 5438 caedes
2575 5398 2666 5450 per
2699 5381 2880 5454 dolunt
2915 5382 3059 5454 facta
3099 5379 3465 5454 antecedenti-

1897 5457 2002 5511 bus
2048 5450 2221 5525 magis
2266 5451 3120 5525 congruat,quamcolloquium
3172 5450 3413 5525 dolosam
3441 5462 3461 5500 :

1899 5527 2099 5596 quippe
2133 5517 2588 5596 grandispeccati
2618 5517 2826 5575 mentio
2856 5517 2999 5576 facta
3025 5529 3164 5586 erat,
3200 5517 3362 5589 quale
3379 5526 3463 5574 est

1900 5590 2084 5664 utique
2114 5590 2487 5664 homicidium.
2516 5590 2586 5664 lo_.

1899 5736 1916 5789 l
1971 5657 2079 5732 (6:!)
2133 5662 2506 5733 Ἡσυχίισθῇ.
2560 5659 2654 5717 llic
2711 5661 3056 5717 inserendum
3106 5659 3318 5716 videtur
3343 5657 3456 5714 καί.

1923 5755 1972 5789 ιι.

1923 5755 1972 5792 ιι.
