3830 6216
406 257 544 318 1119

1402 261 1864 320 TESTAMENTA
1911 258 2000 318 XII
2054 254 2672 314 PATRIARCHARUM.

3547 252 3682 309 nso

404 387 520 432 tare
541 377 750 448 judicia
777 377 1012 445 Domini,
1037 388 1091 434 et
1122 379 1193 434 ita
1228 377 1464 434 dimittet
1491 378 1628 450 (6.1),
1653 388 1704 433 et
1733 378 1965 448 quiesce

2105 371 2385 437 Ἐξέτασον
2404 373 2645 443 κρίματα
2665 369 2854 440 Κυρίῳ
2877 367 3008 439 (63),
3038 367 3130 421 καὶ
3159 367 3330 432 οὕτως
3363 371 3681 440 καταλείψει

401 469 696 523 consilium
732 478 909 525 tuum.
965 472 1022 524 Si
1074 487 1204 526 vero
1231 481 1284 526 et
1313 489 1379 528 ex
1414 472 1572 526 malis
1603 471 1730 541 quis
1777 470 1982 525 ditatus

404 557 590 625 fuerit,
613 559 758 616 sicut
785 560 929 616 Esau
950 560 1118 617 frater
1139 563 1311 632 patris
1355 565 1480 630 mei,
1513 563 1683 619 nolite
1700 563 1978 630 aemulari;

403 651 696 706 terminum
715 653 861 707 enim
886 652 1101 708 Domini
1133 656 1470 725 suscipictis.
1501 653 1600 711 Vel
1629 655 1776 710 enim
1805 653 1984 709 aufert

402 739 517 795 haec
551 743 605 795 in
637 742 816 808 malis,
851 744 934 798 vel
963 745 1358 812 paenitentibus
1383 745 1630 812 dimittit,
1669 746 1751 800 vel
1778 745 1981 814 impae-

402 833 592 887 nitenti
641 844 821 889 servat
869 835 922 889 in
947 845 1211 891 aeternum
1260 837 1372 907 (66)
1423 838 1782 908 punitionem.
1842 836 1980 891 Nam

400 943 628 996 pauper,
657 936 711 982 et
747 928 952 984 invidia
981 946 1178 985 carens
1205 930 1344 1000 (6'7),
1381 931 1437 984 in
1464 931 1721 986 omnibus
1749 929 1982 984 Domino

400 1018 603 1087 gratias
639 1035 827 1090 agens,
859 1020 975 1089 ipse
1005 1021 1148 1092 apud
1192 1038 1386 1078 omnes
1435 1023 1662 1088 ditatur,
1717 1022 1979 1092 quoniam

399 1125 507 1164 non
541 1111 702 1166 habet
733 1113 1099 1182 perniciosam
1139 1114 1596 1184 depraedationem
1653 1115 1766 1187 (68)
1801 1114 1981 1169 homi-

399 1218 550 1256 num.
579 1203 802 1258 Auferte
829 1204 998 1275 igitur
1031 1206 1220 1260 odium
1253 1209 1321 1261 ab
1353 1207 1646 1262 animabus
1673 1206 1897 1273 vestris,
1927 1214 1981 1260 et

396 1291 604 1362 diligite
641 1306 855 1349 vosmet
878 1295 1110 1350 invicem
1146 1296 1197 1350 iu
1229 1297 1557 1351 rectitudine
1589 1297 1795 1352 cordis.

469 1381 602 1438 VIII.
640 1402 658 1435 ι
699 1383 874 1441 Dicite
920 1396 1102 1442 autem
1137 1398 1190 1441 et
1223 1405 1318 1443 vos
1353 1389 1470 1442 hare
1501 1389 1628 1443 filiis
1662 1390 1881 1455 vestris,
1921 1398 1981 1443 ut

396 1473 667 1531 honorent
695 1476 890 1532 .ludam
925 1489 980 1533 et
1018 1478 1183 1539 Levi:
1240 1483 1503 1550 quoniam
1539 1498 1605 1536 ex
1653 1482 1734 1537 cis
1769 1484 1980 1536 orietur

395 1565 550 1620 vobis
582 1565 868 1634 Dominus,
902 1569 1152 1624 Salvator
1177 1569 1645 1643 Israeli.Cognovi
1668 1573 1813 1627 enim
1831 1573 1980 1642 quod

394 1657 448 1711 in
481 1659 589 1712 line
628 1659 885 1714 recedent
930 1661 1024 1714 filii
1059 1663 1223 1717 vestri
1260 1665 1329 1718 ab
1353 1665 1455 1730 eis,
1489 1673 1542 1718 et
1577 1665 1632 1718 in
1664 1665 1816 1720 omni
1849 1681 1975 1735 per-

395 1749 558 1816 nicie,
591 1760 646 1805 et
694 1751 1056 1821 malignitate,
1087 1765 1140 1809 et
1181 1757 1540 1826 corruptione
1571 1766 1737 1812 erunt
1785 1773 1975 1812 coram

395 1837 650 1895 Domino.
674 1861 691 1892 ι
726 1841 792 1895 Et
819 1845 1100 1912 paululum
1127 1847 1444 1915 quiescens,
1464 1865 1658 1904 rursus
1682 1849 1824 1904 dixit
1846 1851 1929 1906 eis
1961 1868 1972 1903 :

399 1949 417 1980 ι
444 1929 563 1984 Filii
583 1931 711 2000 mei,
734 1935 950 1990 obedite
968 1938 1107 2006 patri
1139 1948 1341 2002 vestro,
1373 1948 1427 1992 et
1452 1941 1675 2008 sepelite
1698 1957 1784 1997 me
1811 1958 1978 2013 prope

393 2030 575 2089 patres
602 2039 776 2080 meos.
833 2045 852 2078 ι
900 2026 966 2080 Et
990 2028 1210 2082 elevans
1241 2030 1406 2097 pedes
1432 2046 1585 2097 suos,
1615 2032 1880 2087 dormivit
1920 2034 1974 2089 in

393 2130 544 2182 pace.
568 2117 634 2172 Et
649 2128 774 2190 post
799 2121 1042 2190 quinque
1056 2137 1234 2176 annos
1268 2123 1603 2179 reduxerunt
1629 2141 1778 2193 eum,
1801 2135 1856 2183 et
1879 2143 1976 2198 po-

392 2217 625 2263 suerunt
655 2224 781 2265 eum
807 2209 860 2264 in
885 2209 1106 2266 Ilebron
1135 2227 1260 2266 cum
1285 2213 1533 2282 patribus
1567 2215 1760 2284 ipsius.

1015 2480 1243 2536 CAPUT
1281 2481 1346 2536 Χ.

431 2593 825 2650 Testamentum
860 2597 1013 2661 Aser,
1045 2597 1108 2678 de
1137 2597 1342 2678 duabus
1385 2599 1617 2667 [aciebus
1645 2599 1869 2654 malitia:
1887 2611 1936 2654 et

1058 2679 1291 2721 t-‘ll’lults.

462 2755 503 2808 I.
549 2753 966 2824 Transcriptum
1008 2759 1320 2811 testamenti
1365 2758 1533 2822 Aser,
1567 2774 1691 2827 qua:
1748 2761 1968 2816 locutus

389 2853 472 2898 est
501 2844 628 2897 Iiliis
660 2844 776 2897 suis
830 2845 1132 2898 centesimo
1186 2844 1449 2898 vicesimo
1497 2861 1645 2899 anno
1689 2846 1803 2914 (72)
1845 2847 1968 2901 vitm

388 2952 523 2991 suae.
547 2935 741 2990 Adhuc
768 2952 937 2990 sanus
952 2937 1244 3002 exsistens,
1267 2937 1404 2990 dixit
1428 2938 1509 2992 eis
1541 2955 1552 2990 :
1590 2937 1839 3004 «Audite,
1869 2939 1965 2993 lilii

388 3030 544 3093 Aser,
581 3040 788 3097 patrem
822 3037 1090 3094 vestrum,
1122 3037 1178 3082 et
1203 3039 1366 3082 omne
1399 3041 1609 3083 rectum
1641 3044 1827 3084 coram
1853 3030 1964 3086 Deo

386 3120 672 3176 ostendam
703 3121 880 3176 vobis.
911 3119 1057 3175 Duas
1092 3122 1210 3176 vias
1247 3122 1394 3177 dedit
1425 3123 1692 3178 Dominus
1715 3124 1840 3178 ﬁliis
1864 3125 1963 3179 ho-

386 3212 619 3274 minum,
651 3211 760 3266 duo
789 3212 1040 3278 consilia,
1070 3222 1125 3267 et
1146 3213 1285 3268 duos
1307 3222 1486 3279 actus,
1513 3224 1566 3269 et
1610 3215 1722 3269 duo
1747 3217 1887 3281 loca,
1912 3224 1967 3270 et

384 3303 524 3357 duos
549 3305 703 3357 lines.
744 3302 980 3373 Ideoque
1011 3305 1197 3359 omnia
1239 3305 1350 3360 duo
1393 3316 1542 3370 sunt,
1569 3324 1739 3362 unum
1771 3321 1963 3362 contra

389 3393 705 3449 unum.Via:
721 3396 862 3459 dure,
887 3395 1016 3448 boni
1031 3406 1085 3449 et
1103 3397 1263 3462 mali;
1287 3397 1339 3450 in
1362 3398 1566 3467 quibus
1582 3408 1712 3453 sunt
1727 3399 1838 3474 duo
1857 3415 1990 3454 con-

386 3487 510 3541 silia
535 3487 589 3540 in
614 3489 928 3556 pectoribus
946 3489 1172 3555 nostris,
1195 3489 1555 3559 dijudicantia
1579 3505 1694 3545 eas.
1723 3489 1779 3544 Si
1801 3491 1964 3556 igitur

383 3577 566 3633 anima
589 3580 717 3633 velit
738 3581 790 3633 in
819 3581 984 3646 bono,
1012 3580 1100 3652 [ad
1118 3581 1322 3634 bonum
1344 3581 1564 3636 ducitur
1583 3581 1770 3654 homo]
1802 3582 1961 3653 (75'),

382 3671 567 3724 omnis
599 3681 754 3726 actus
782 3673 953 3740 ipsius
971 3688 1055 3726 ρει
1084 3673 1360 3742 injustitia
1383 3691 1397 3737 ;
1421 3683 1474 3726 et
1502 3675 1547 3727 si
1577 3685 1784 3742 peccet,
1817 3676 1964 3728 illico

383 3761 675 3830 resipiscit.
691 3761 847 3817 Justa
861 3764 1006 3816 enim
1029 3763 1361 3834 cogitans,et
1386 3764 1650 3832 abjicieus
1676 3765 1960 3828 malitiam,

381 3854 563 3909 statim
591 3856 786 3910 evertit
809 3857 1036 3923 malum,
1069 3867 1120 3911 et
1140 3857 1384 3911 eradicat
1403 3865 1709 3926 peccatum.
1745 3857 1803 3911 Si
1829 3873 1961 3912 vero

381 3945 449 3999 ad
486 3945 692 3999 malum
724 3946 960 4001 declinat
993 3947 1308 4012 consilium,
1343 3947 1522 4001 omnis
1557 3956 1714 4001 actus
1742 3947 1863 4016 ejus
1879 3957 1964 4003 est

381 4037 437 4089 in
474 4037 707 4103 malitia,
741 4047 795 4092 et
832 4039 1098 4108 repellens
1131 4040 1338 4094 bonum
1375 4041 1610 4097 assumit
1637 4041 1878 4105 malum;
1909 4051 1963 4095 et

379 4129 713 4185 constitutus
747 4130 850 4185 sub
872 4130 1118 4184 dominio
1149 4131 1346 4198 Beliar,
1374 4133 1476 4188 etsi
1509 4133 1712 4187 bonum
1740 4133 1961 4202 aliquod

380 4232 659 4292 operetur,
691 4224 746 4278 in
771 4226 1034 4280 malitiam
1065 4227 1171 4281 hoc
1203 4227 1490 4282 convertit.
1521 4227 1656 4282 Cum
1686 4229 1830 4283 enim
1878 4230 1962 4282 in-

379 4318 587 4384 ceperit
629 4316 787 4385 quasi
809 4317 1013 4371 bonum
1048 4317 1277 4383 faciens,
1306 4321 1466 4372 linem
1501 4321 1733 4374 actionis
1760 4322 1880 4389 ejus
1905 4321 1957 4375 in

1991 3078 2034 3136 C

2092 466 2190 518 καὶ
2227 463 2493 534 ἡσυχάζει
2527 462 2641 533 (65)
2670 460 2731 513 τὸ
2757 459 3060 513 διαῦούλιόν
3097 477 3214 513 σου.
3259 461 3384 514 Ἐὰν
3401 462 3459 516 δὲ
3497 465 3596 517 καὶ
3618 464 3682 515 ὲκ

2087 555 2276 608 κακῶν
2308 572 2396 617 τις
2428 552 2710 624 πλουτίσῃ,
2741 551 2816 614 ὼς
2863 550 3033 604 Ἦσαῦ
3074 551 3103 603 ὁ
3130 552 3508 624 πατράδελφός
3544 571 3680 624 μου,

2087 649 2162 718 μὴ
2205 646 2523 718 ζηλώσητε·
2569 646 2694 716 ὅρον
2725 644 2834 716 γὰρ
2863 644 3069 716 Κυρίου
3111 643 3418 711 ὲκδέξασθε.
3453 647 3528 698 Ἢ
3571 645 3683 717 γὰρ

2084 739 2416 811 ἀφαιρεῖται
2445 736 2585 790 αὐτὰ
2615 739 2672 790 έν
2700 739 2911 800 κακοῖς,
2945 735 3346 806 ἢμετανοοῦσιν
3373 736 3679 808 dph;va

2083 835 2448 906 ἀμετανοήτῳ
2468 836 2627 905 τηρεῖ
2653 834 2732 896 είς
2760 832 2931 886 αἰῶνα
2955 832 3053 902 τὴν
3086 829 3325 882 κόλασιν.
3359 830 3418 882 'U
3448 829 3564 899 γὰρ
3585 828 3682 880 πέ-

2083 945 2200 999 νης,
2237 928 2332 980 καὶ
2353 925 2608 995 ἄφθονος,
2636 925 2728 976 ἐπὶ
2746 925 2878 977 πᾶσι
2903 923 3094 993 Κυρίῳ
3123 920 3477 992 εὐχαριστῶν,
3513 921 3677 983 αὐτὸς

2085 1016 2238 1090 παρὰ
2267 1017 2402 1070 πᾶσι
2435 1015 2673 1078 πλουτεῖ,
2703 1015 2786 1067 δτι
2815 1014 2916 1066 οὐκ
2955 1012 3069 1082 ἔχει
3095 1012 3185 1064 τὸν
3235 1011 3470 1081 πονηρὸν
3527 1028 3680 1082 περι-

2085 1108 2338 1179 σπασμὸν
2366 1107 2475 1159 τῶν
2513 1104 2836 1177 ἀνθρώπων.
2877 1103 3138 1175 Ἐξάρατε
3162 1098 3253 1155 οὖν
3277 1103 3338 1154 τὸ
3378 1105 3540 1172 μῖσος
3573 1101 3679 1154 ἀπὺ

2081 1202 2190 1255 τῶν
2227 1201 2414 1272 ψυχῶν
2440 1200 2615 1271 ὑμῶν,
2651 1199 2746 1252 καὶ
2777 1199 3100 1269 ἀγαπήσατε
3144 1194 3403 1266 ἀλλήλους
3435 1197 3493 1246 ὲν
3517 1194 3675 1246 εὐθύ-

2080 1311 2204 1364 τητι
2236 1292 2484 1364 καρδίας.

2156 1386 2235 1437 H'.
2257 1404 2274 1436 ι
2308 1383 2511 1436 Εἴπατε
2540 1384 2597 1436 δὲ
2627 1383 2722 1436 καὶ
2751 1383 2909 1452 ὑμεῖς
2927 1379 3100 1434 ταῦτα
3121 1381 3231 1442 τοῖς
3255 1377 3469 1440 τέκνοις
3497 1375 3674 1446 ὑμῶν,

2081 1477 2228 1540 ὅπως
2264 1479 2567 1548 τιμήσωσιν
2605 1475 2808 1529 Ἰούδαν
2829 1475 2922 1527 καὶ
2950 1474 3110 1526 Λευῒο
3135 1473 3217 1525 ὅτι
3239 1471 3298 1536 ἐξ
3325 1470 3509 1523 αὐτῶν
3545 1471 3673 1521 ἁνα-

2080 1569 2224 1620 τελεῖ
2257 1568 2384 1636 ὑμῖν
2423 1567 2648 1638 Κύριος,
2701 1567 2884 1636 σωτὴρ
2907 1565 2985 1636 τῷ
3034 1563 3266 1635 Ἰσραήλ.
3315 1562 3536 1629 Ἐγνων
3568 1557 3676 1630 γὰρ

2081 1659 2162 1711 ὅτι
2200 1660 2291 1711 ἐπὶ
2320 1658 2463 1710 τέλει
2500 1658 2611 1730 (69)
2658 1659 3055 1728 ἀποστήσονται
3096 1655 3165 1708 τὰ
3190 1654 3355 1707 τέκνα
3387 1652 3548 1722 ὑμῶν
3580 1651 3673 1704 ἀπ’

2079 1751 2259 1804 αὐτῶν
2289 1751 2421 1822 (70),
2454 1753 2550 1804 καὶ
2580 1753 2640 1803 ὲν
2667 1750 2819 1822 πάσῃ
2853 1749 3109 1818 πονηρίᾳ,
3145 1747 3242 1799 καὶ
3283 1744 3557 1807 κακώσει,
3582 1745 3674 1796 καὶ

2077 1843 2346 1914 διαφθορᾷ
2377 1843 2590 1896 ἔσονται
2621 1843 2850 1895 ἐνώπιον
2878 1841 3104 1910 Κυρίου.
3141 1859 3158 1890 ι
3187 1841 3298 1893 Καὶ
3321 1839 3510 1907 ὀλίγον
3542 1839 3668 1907 ἡσυ-

2077 1935 2270 2004 χάσας,
2303 1934 2465 1988 πάλιν
2491 1931 2644 1987 εἶπεν
2666 1935 2874 1998 αὐτοῖς·
2909 1953 2928 1984 ι
2965 1933 3142 1985 Τέκνα
3167 1949 3286 2002 μου,
3319 1928 3669 1982 ὲπακούσατε

2075 2027 2169 2080 τοῦ
2197 2028 2401 2098 πατρὸς
2428 2027 2604 2097 ὑμῶν,
2633 2027 2726 2080 καὶ
2753 2026 2962 2096 θάψατέ
3091 2024 3357 2092 σύνεγγυς
3377 2022 3491 2075 τῶν
3515 2022 3674 2074 πατέ-

2080 2138 2186 2192 ρων
2214 2138 2335 2190 μου.
2372 2140 2389 2171 ι
2434 2121 2544 2173 Καὶ
2579 2119 2779 2190 ὲξάρας
2818 2121 2944 2182 τοὺς
2979 2117 3144 2180 πόδας
3180 2115 3368 2178 αὐτοῦ,
3396 2113 3669 2185 ἐκοιμήθη

2074 2215 2132 2266 ἐν
2163 2214 2375 2284 εἰρήνῃ.
2409 2214 2521 2266 Καὶ
2549 2213 2686 2284 μετά
2715 2212 2875 2264 πέντε
2920 2211 3014 2282 ἔτη
3051 2211 3326 2278 ἀνήγαγον
3354 2206 3545 2270 αὑτὸν,
3576 2204 3668 2258 καὶ

2074 2307 2278 2378 ἔθηκαν
2311 2306 2472 2360 αὑτὸν
2523 2307 2601 2369 είς
2650 2303 2880 2375 Χεϐρὼν
2934 2302 3070 2375 μετὰ
3112 2302 3219 2354 τῶν
3270 2300 3530 2370 πατέρων
3575 2300 3670 2350 αὑ-

2073 2398 2166 2452 τοῦ
2197 2400 2325 2470 (7|).

2626 2488 3019 2541 ΚΕΦΑΛΑΙΟΝ
3049 2488 3110 2540 I'.

2104 2601 2361 2669 Διαθήκη
2403 2599 2600 2668 Ἀσὴρ,
2635 2599 2784 2722 περὶὶ
2797 2596 3268 2678 δύοηπροσώπων
3293 2595 3512 2658 κακίας
3534 2593 3634 2645 καὶ

2745 2690 2762 2722 ι
2787 2687 2982 2722 οετηρ.

2745 2687 2982 2738 apsum.

2142 2770 2219 2816 A'.
2259 2765 2617 2835 Ἀντίγραφον
2661 2761 2924 2833 διαθήκης
2968 2759 3154 2830 ⁹Ασὴρ,
3197 2757 3232 2811 ἃ
3262 2757 3495 2828 ἐλάλησε
3553 2757 3666 2819 τοῖς

2071 2856 2204 2918 υἱοῖς
2240 2854 2402 2908 αὐτοῦ
2431 2857 2488 2906 ὲν
2517 2858 2644 2925 ρκς⁹
2668 2851 2780 2904 έτει
2806 2851 2907 2920 τῆς
2937 2849 3084 2920 ζωῆς
3117 2848 3299 2901 αὑτοῦ.
3332 2847 3457 2899 Ἔτι
3491 2845 3664 2914 ὑγιαί-

2071 2963 2194 3008 νων,
2233 2941 2353 2996 εἷπε
2383 2944 2518 3015 πρὸς
2554 2941 2778 3004 αὐτούς·
2819 2959 2837 2990 ι
2885 2937 3202 3002 Ἀκούσατε,
3239 2937 3411 2989 τέκνα
3469 2935 3662 3004 Ἀσὴρ,

2067 3037 2162 3090 τοῦ
2194 3036 2398 3107 πατρὸς
2430 3033 2607 3105 ὑμῶν,
2639 3035 2731 3087 καὶ
2755 3034 2864 3087 πᾶν
2885 3032 2947 3084 τὸ
2972 3029 3128 3093 εὐθὲς
3149 3027 3379 3081 ἐνώπιον
3406 3025 3504 3079 τοῦ
3527 3025 3662 3078 Θεοῦ

2069 3129 2334 3194 ὑποδείξω
2371 3129 2520 3197 ὑμῖν.
2572 3127 2676 3180 Δύο
2714 3127 2868 3188 ὁδοὺς
2912 3123 3111 3177 ἔδωκεν
3140 3125 3169 3174 ὁ
3219 3121 3352 3184 Θεὸς
3377 3122 3493 3184 τοῖς
3528 3120 3663 3182 υἱοῖς

2067 3219 2176 3272 τῶν
2205 3217 2528 3291 ἀνθρώπων,
2558 3217 2651 3270 δύο
2687 3215 2990 3279 διαὸούλια,
3033 3215 3126 3268 καὶ
3157 3213 3248 3266 δύο
3289 3211 3548 3284 πράξεις,
3574 3211 3665 3265 καὶ

2066 3312 2160 3366 δύο
2197 3311 2416 3373 τόπους,
2445 3311 2540 3364 καὶ
2564 3309 2655 3362 δύο
2678 3309 2832 3380 τέλη.
2861 3309 3146 3381 Διὰ-’ξοῦτο
3177 3307 3353 3359 πάντα
3379 3305 3475 3359 δύο
3500 3307 3660 3360 εἰσὶν.

2067 3405 2125 3457 ἓν
2153 3403 2439 3456 κατέναντι
2465 3401 2560 3455 τοῦ
2585 3401 2704 3465 ένός
2741 3402 2875 3471 (7⁸5).
2919 3401 3061 3454 Ὀδοὶ
3088 3399 3201 3463 δύο,
3232 3397 3402 3452 καλοῦ
3433 3399 3532 3450 καὶ
3564 3415 3663 3450 κα-

2067 3496 2164 3549 κοῦ
2185 3513 2196 3524 ·
2229 3497 2286 3548 ὲν
2318 3489 2397 3558 οἷς
2421 3495 2526 3547 είσι
2557 3493 2626 3546 τὰ
2659 3493 2752 3547 δύο
2783 3491 3063 3546 διαϐούλια
3089 3493 3146 3543 ὲν
3187 3490 3430 3560 στέρνοις
3477 3488 3660 3559 ἡμῶν,

2063 3581 2408 3652 διακρίνοντα
2433 3581 2622 3644 αὐτάς.
2667 3580 2792 3634 Ἐὰν
2819 3577 2912 3634 οὖν
2941 3582 2974 3650 ἡ
3002 3580 3148 3650 ψυχὴ
3184 3579 3314 3652 θέλῃ
3361 3580 3420 3630 ὲν
3471 3578 3659 3649 καλῷ,

2065 3674 2215 3724 πᾶσα
2240 3672 2437 3742 πρᾶξις
2465 3672 2634 3741 αὐτῆς
2655 3673 2801 3724 ἐστιν
2823 3672 2882 3724 έν
2911 3671 3248 3740 δικαιοσύνῃ,
3275 3669 3381 3721 κᾶν
3406 3670 3657 3741 ἁμάρτῃ,

2065 3763 2226 3826 εὐθὺς
2273 3767 2542 3833 μετανοεῖ.
2573 3763 2770 3816 Δίκαια
2803 3761 2912 3832 γὰρ
2941 3761 3316 3832 λογιζόμενος,
3349 3760 3448 3813 κα)⁵
3482 3762 3660 3830 ἀπορ-

2068 3856 2274 3927 ρίπτων
2310 3856 2406 3926 τὴν
2440 3857 2726 3926 πονηρίαν,
2751 3855 3045 3924 ἀνατρέπει
3069 3853 3226 3916 εὐθὺς
3243 3852 3304 3905 τὸ
3333 3853 3534 3913 κακὸν,
3568 3853 3662 3905 καὶ

2064 3946 2272 4018 ἐκριζοῖ
2301 3949 2401 4019 τὴν
2436 3948 2734 4018 ἁμαρτίαν.
2773 3947 2899 4000 Ἐὰν
2944 3947 3000 3999 δὲ
3028 3948 3085 3998 ἐν
3117 3944 3338 4016 πονηρῷ
3387 3945 3569 3997 κλίνει
3601 3946 3661 3996 τὸ

2065 4040 2390 4104 διαϐούλιον,
2417 4042 2567 4092 πᾶσα
2593 4039 2791 4110 πρᾶξις
2817 4038 2990 4107 αὐτῆς
3014 4039 3161 4090 ἐστιν
3192 4039 3246 4089 ὲν
3277 4037 3542 4107 πονηρίᾳ,
3566 4038 3658 4088 καὶ

2066 4134 2452 4205 ἀπωθούμενος
2482 4133 2544 4185 τὸ
2571 4133 2772 4202 ἀγαθὸν
2806 4130 3212 4204 προσλαμϐάνει
3242 4130 3302 4181 τὸ
3326 4129 3525 4192 κακὸν,
3564 4131 3658 4182 καὶ

2065 4228 2376 4300 κυριευθεὶς
2401 4226 2507 4279 ὑπὸ
2531 4226 2626 4279 τοῦ
2660 4226 2876 4295 Βελιὰρ,
2911 4225 3014 4279 κᾶν
3045 4223 3247 4292 ἀγαθόν
3275 4240 3326 4274 τι
3351 4223 3567 4293 πράξῃ,
3599 4223 3656 4274 ἐν

2066 4323 2301 4392 πονηρίᾳ
2345 4321 2475 4374 αὐτὸ
2510 4319 2891 4391 μεταστρέφει.
2941 4320 3068 4372 Ὅτε
3094 4317 3201 4390 γὰρ
3230 4317 3530 4388 ὲνάρξηται
3582 4319 3654 4381 di;

381 4406 584 4461 uialum
608 4422 748 4476 opus
767 4407 1036 4476 perducit.
1069 4408 1206 4474 Quia
1227 4412 1519 4468 thesaurus
1532 4411 1730 4467 diaboli
1751 4429 1958 4467 veneno

2105 4413 2267 4484 γαθὸν
2295 4412 2482 4476 ποιῶν,
2512 4411 2575 4462 τὺ
2605 4412 2757 4474 τέλος
2784 4413 2882 4481 τῆς
2906 4409 3157 4481 πράξεως
3175 4408 3336 4463 αὑτοῦ
3373 4411 3455 4474 εἰς
3482 4408 3654 4463 κακὸν

377 4497 672 4565 perniciosi
703 4499 928 4569 spiritus
953 4500 1208 4570 impletus
1244 4511 1348 4558 est.

448 4675 513 4732 11.
547 4697 565 4730 ι
604 4677 745 4734 Dicit
773 4679 938 4747 igitur
965 4680 1145 4733 anima
1178 4680 1371 4749 ipsius,
1403 4683 1608 4735 bonum
1645 4697 1807 4750 supra
1842 4698 1953 4736 ma-

378 4769 490 4824 lum
515 4787 658 4833 esse,
679 4781 732 4826 et
765 4772 927 4827 linem
957 4774 1030 4826 rei
1066 4774 1118 4828 in
1153 4775 1413 4829 malitiam
1443 4776 1612 4830 ducit.
1643 4775 1738 4830 Est
1767 4777 1954 4839 homo,

597 4909 814 4981 Κυρίῳ.
847 4909 1008 4981 Forte
1038 4911 1264 4981 Κυρίου.
1289 4912 1456 4966 ann.

471 4977 538 5030 64
598 4979 863 5034 Dimittet.
893 4980 1031 5036 Add.
1067 4977 1141 5036 te.
1168 4980 1243 5036 In.

446 4977 560 5118 §65l
612 5049 937 5118 Ἠσυχάζει.
977 5052 1137 5106 Forte
1159 5054 1243 5118 ήσι

612 5049 937 5124 Ἰ-ζσυχάζει.
977 5052 1137 5124 Forte
1159 5054 1444 5124 ἡσυχάσει.
1479 5052 1554 5107 ID.

444 5117 558 5186 (66)
597 5117 884 5174 Αἶιενήιιηι
917 5117 1191 5176 δωωίιιηί
1216 5117 1422 5178 habent
1451 5124 1668 5178 codices
1697 5140 1831 5183 mss.
1868 5127 1943 5182 In.

448 5188 560 5264 (67)
605 5189 670 5242 Et
701 5192 900 5264 invidia
931 5209 1134 5247 carens.
1180 5191 1246 5246 Et
1279 5195 1374 5264 qui
1405 5205 1488 5248 est
1522 5195 1810 5249 abundans
1857 5199 1946 5252 62.

373 5258 536 5328 Atqui
571 5276 672 5314 vox
707 5261 936 5330 ἄφθονος
965 5264 1127 5316 habet
1157 5258 1378 5332 quidem
1404 5265 1545 5318 hanc
1592 5265 1950 5334 signiﬁcatio--

374 5345 530 5409 pem;
568 5343 945 5409 verumtamen
980 5335 1198 5409 propria
1262 5335 1382 5409 eius
1440 5335 1608 5409 notio
1633 5335 1723 5409 hic
1775 5341 1949 5409 magis

377 5399 557 5472 locum
585 5401 770 5467 habet,
821 5399 996 5472 eaque
1042 5399 1316 5459 reddenda
1355 5406 1538 5472 potius
1562 5405 1775 5461 videtur
1803 5399 1949 5462 Ιηῦἰ-

374 5471 467 5550 άῖα
490 5487 698 5592 timens,
726 5471 1219 5541 qualischaractcr
1249 5471 1475 5543 pauperi
1517 5477 1723 5546 optimc
1749 5495 1946 5533 conve-

374 5549 468 5592 mt.
525 5557 576 5592 D.

367 5549 468 5594 nit.
503 5549 576 5596 ID.

444 5611 558 5692 (ϐξ)
605 5612 1083 5692 Οερναςάηείοηεηι.
1144 5616 1587 5692 ὒίδιιςαειίοῃρηι,
1639 5619 1817 5687 qualis
1877 5637 1940 5675 ex

372 5683 747 5738 mendicorum
779 5685 1190 5754 importunitate
1215 5688 1411 5741 oritur.
1441 5687 1514 5741 In.

2065 4506 2238 4556 ποιεῖν
2266 4501 2549 4556 ἀνελαύνει
2579 4502 2710 4572 (74).
2751 4500 2967 4572 Ἐπειδὴ
2989 4503 3017 4554 ό
3049 4500 3320 4572 θησαυρὸς
3349 4499 3445 4552 τοῦ
3469 4499 3653 4553 διαϐό-

2064 4595 2158 4649 λου
2187 4595 2300 4665 (75)
2349 4594 2427 4647 ἰοῦ
2453 4593 2691 4664 πονηροῦ
2726 4593 3086 4664 πεπλήρωται
3113 4592 3447 4662 πνεύματος.

2131 4689 2202 4739 B'.
2223 4706 2242 4738 ι
2285 4687 2472 4739 Ἔστιν
2492 4683 2586 4739 οὖν
2607 4685 2752 4756 ψυχὴ
2774 4686 3028 4753 λέγουσα,
3054 4684 3208 4753 φησὶ,
3229 4683 3292 4736 τὸ
3313 4684 3481 4738 καλὸν
3509 4685 3649 4756 ὑπὲρ

2056 4778 2150 4831 τοῦ
2195 4778 2386 4840 κακοῦ,
2421 4777 2599 4830 καὶτὸ
2627 4777 2778 4840 τέλος
2817 4777 2912 4830 τοῦ
2948 4779 3272 4849 πράγματος
3314 4779 3399 4840 εἰς
3444 4780 3649 4831 κακίαν

2127 4915 2237 4986 (69)
2285 4915 2465 4986 Τέλει.
2495 4915 2698 4968 Τούτου
2729 4915 2895 4972 habet
2931 4913 3109 4970 Oxon.
3139 4914 3213 4968 In.

2127 4987 2238 5054 (70)
2279 4985 2504 5040 Αὐτῶν.
2533 4986 2727 5040 Αὐτοῦ.
2757 4986 2833 5041 ID.

2127 4989 2218 5054 (70
2279 4989 2504 5040 Αὐτῶν.
2533 4989 2727 5040 Αὑτοῦ.
2757 4989 2833 5041 ID.

2125 4989 2238 5129 (ill
2275 5056 2438 5129 Μετὰ
2466 5054 2586 5129 τῷν
2604 5056 2872 5129 πατέρων
2893 5057 3100 5112 αὐτοῦ.
3116 5057 3224 5110 Καὶ
3247 5055 3457 5126 ἔθαψαν
3478 5057 3643 5108 αὑτὸν

2054 5130 2188 5189 ἐκεῖ,
2218 5125 2442 5182 omissis
2470 5125 2698 5181 ultimis.
2738 5128 2812 5181 In.

2125 5197 2237 5268 (7‘2)
2279 5197 2450 5249 Anno.
2479 5196 2742 5251 Addenda
2769 5213 2878 5268 vox
2913 5207 3083 5262 sexto,
3113 5199 3158 5252 si
3188 5197 3445 5252 Grrecum
3475 5198 3634 5251 codi-

2052 5284 2170 5321 cem
2199 5276 2311 5323 tam
2337 5268 2515 5322 Oxon.
2563 5283 2726 5336 quam
2754 5267 2984 5322 Cantab.
3023 5269 3180 5337 sequi
3209 5269 3484 5331 velimus;
3519 5283 3640 5336 qua:

2053 5347 2234 5392 tamen
2265 5339 2418 5392 deest
2446 5337 2500 5389 in
2530 5353 2634 5391 ms.
2666 5337 3454 5405 Gr20.,Coll.,Trin.,Canlab.
3484 5337 3564 5392 1ο.

2123 5408 2233 5478 (75)
2280 5409 2384 5460 Ἓν
2414 5407 2728 5460 κατέναντι
2760 5407 2864 5459 τοῦ
2889 5408 3044 5472 ἑνός.
3078 5407 3303 5478 Desunt.
3340 5406 3418 5461 lo.

2122 5476 2506 5547 (75")Uncinis
2532 5478 2739 5547 inclusa
2771 5479 2972 5531 desunt
2994 5479 3047 5530 in
3079 5476 3292 5534 Graeco.
3327 5478 3429 5532 Eo.
3458 5477 3632 5532 ΡΑτιι.

2121 5549 2233 5632 (74)
2271 5550 2472 5671 Klaer
2502 5546 2695 5601 ποιεῖν
2739 5547 3079 5602 (irata-ﬁrst.
3126 5549 3218 5610 Εἰς
3271 5549 3635 5618 κακοποίησιν

2121 5637 2282 5671 κυνει.
2340 5636 2392 5671 ι).

2050 5635 2282 5672 ελαυνει.
2314 5635 2392 5672 ID.

2121 5689 2233 5761 (75)
2280 5689 2388 5744 Τοῦ
2417 5689 2715 5743 διαϐόλου.
2746 5688 3080 5744 Διαῆουλίου.
3115 5687 3193 5744 Io.
