3830 6216
235 293 364 347 ΙΙῖΙ

1436 285 1957 342 TESTAMENTUM
1995 285 2196 338 ASER.

3367 291 3510 347 11ὶῖ

230 410 381 477 ἄγει.
419 407 604 459 Ἔστιν
633 405 919 478 ἄνθρωπος
952 405 1062 477 (76)
1089 447 1101 469 ,
1128 406 1276 468 ὅστις
1311 405 1409 458 οὐκ
1435 404 1691 475 οἰκτείρει
1714 404 1785 455 λεε

1928 398 2021 468 qui
2048 413 2154 452 non
2185 397 2472 452 miseretur
2500 398 2866 453 ministrantis
2882 398 2932 453 ei
2960 399 3013 452 in
3050 399 3288 469 malum;
3319 410 3374 457 et
3401 403 3510 462 hoc

225 499 565 573 τουργοῦντα
585 498 734 569 αὐτῷ
762 501 819 553 ἐν
848 499 1002 570 κακῷ
1022 516 1034 527 ·
1064 498 1157 551 καί
1179 515 1243 566 γε
1269 497 1428 550 τοῦτο
1450 496 1814 567 διπρόσωπον,

226 590 366 644 ἀλλά
386 591 446 643 τὸ
480 591 600 643 ὅλον
637 608 772 661 πονη
784 590 874 660 ρὸν
896 592 1035 642 ἐστι.
1070 590 1183 642 Kal.
1210 588 1357 641 ἔστιν
1382 588 1667 660 ἄνθρωπος
1690 590 1818 656 ἀγα-

225 681 346 734 πῶν
367 681 459 733 τὸν
489 676 927 751 πονηρευᾶμενον
948 721 961 744 ,
990 679 1254 742 ὡσαύτως
1281 679 1428 731 ἐστὶν
1458 680 1515 731 ὲν
1544 679 1809 749 πονηρίᾳ·

222 775 306 826 ὅτι
342 774 436 827 καὶ
483 772 770 827 ἀποθανεῖν
816 775 1052 845 αἱρεῖται
1087 773 1143 826 ὲν
1181 771 1338 843 κακῷ
1384 772 1451 825 δι’
1473 771 1655 824 αὐτόν.
1706 772 1815 823 Καὶ

222 866 353 936 περ)⁴
377 864 573 918 τούτου
597 864 848 937 φανερὸν,
874 865 955 917 ὅτι
974 864 1321 937 διπρόσωπόν
1347 865 1460 916 ἐστι
1476 880 1489 893 °
1521 864 1581 915 τὸ
1602 863 1659 915 δὲ
1682 865 1812 925 πᾶν,

221 955 370 1027 κακὴ
415 955 632 1026 πρᾶξις.
686 956 796 1008 Καί
847 972 911 1023 γε
943 954 1130 1026 ἀγάπη
1180 951 1336 1018 οὖσα,
1391 954 1628 1023 πονηρία
1673 954 1811 1017 ἐστὶ,

219 1063 652 1118 συγκρυπτουσα
685 1047 745 1100 τὸ
775 1047 973 1101 κακόν·
1003 1047 1193 1119 ὥσπερ
1238 1047 1356 1099 ἐστὶ
1381 1046 1459 1117 τῷ
1483 1045 1708 1117 ὀνόματι
1738 1045 1813 1109 ὼς

218 1138 393 1208 καλῷ,
426 1138 487 1191 τὸ
516 1138 572 1191 δὲ
597 1139 748 1201 τέλος
778 1139 878 1209 τῆς
922 1139 1175 1211 πράξεως
1206 1139 1428 1211 ἔρχεται
1483 1139 1563 1202 εἰς
1618 1138 1805 1192 κακόν.

221 1232 419 1296 Ἀλλος
469 1232 715 1297 κλέπτει,
766 1234 964 1301 ἀδικεῖ,
1022 1232 1285 1306 ἁρπάζει,
1343 1235 1681 1299 πλεονεκτεῖ,
1715 1237 1809 1288 καὶ

214 1328 358 1379 ἐλεεῖ
377 1328 504 1391 τοὺς
534 1326 802 1397 πτωχούςο
831 1328 1175 1399 διπρόσωπον
1207 1328 1304 1397 μὲν
1329 1328 1620 1389 καὶτοῦτο,
1655 1328 1717 1380 τὸ
1750 1328 1807 1381 δὲ

211 1418 335 1471 ὅλον
362 1419 595 1491 πονηρόν
616 1422 779 1473 ἐστιν.
814 1421 871 1473 Ὀ
895 1420 1230 1473 πλεονεκτῶν
1249 1420 1339 1473 τὸν
1395 1420 1619 1491 πλησίον
1665 1437 1809 1490 παρ-

211 1513 421 1583 οργίζει
458 1513 549 1565 τὸν
595 1514 748 1576 Θεὸν,
804 1514 899 1566 καὶ
952 1514 1044 1565 τὸν
1092 1512 1359 1581 ’Ύψιστον
1394 1512 1805 1583 ὲπιορκεῖ,καὶ

210 1604 309 1659 τὸν
334 1605 552 1676 πτωχὸν
584 1606 724 1658 ἐλεεῖ
743 1621 756 1635 ⁶
780 1606 871 1658 τὸν
899 1603 1113 1658 ὲντολέα
1138 1603 1232 1657 τοῦ
1258 1604 1424 1675 νόμου
1448 1603 1657 1674 Κυρίου
1690 1602 1809 1656 ἀθε-

208 1703 299 1753 τεῖ
321 1700 414 1753 καὶ
448 1698 759 1769 παροξύνει,
784 1699 878 1751 καὶ
892 1697 983 1750 τὸν
1009 1697 1218 1769 πένητα
1249 1696 1519 1750 ἀναπαύει
1547 1696 1681 1767 (77)⁶
1704 1696 1803 1767 τὴν

208 1788 393 1861 ψυχὴν
439 1788 636 1853 σπιλοῖ,
687 1789 781 1842 καὶ
808 1788 894 1858 ⁸,τὸ
966 1788 1125 1858 σῶμα
1182 1788 1530 1861 λαμπρύνει·
1568 1788 1805 1852 πολλοὺς

207 1883 448 1953 ἀναιρεῖ,
497 1883 590 1934 καὶ
638 1881 850 1950 ὀλίγους
899 1880 1069 1933 ἐλεεῖ’
1122 1882 1217 1933 καὶ
1256 1879 1418 1933 τοῦτο
1454 1880 1802 1953 διπρόσωπόν

204 1976 349 2027 ἐστι.
384 1974 574 2038 ’Ἄλλος
606 1957 886 2045 μοιχεύεῖ,
919 1974 1172 2045 πορνεύει
1199 2014 1214 2038 ,
1244 1975 1341 2027 καὶ
1381 1973 1649 2044 ἀπέχεται
1686 1973 1801 2026 εδε-

206 2066 458 2136 σμάτων·
485 2068 580 2120 καὶ
618 2066 894 2138 νηστεύων
916 2069 1200 2119 κακοποιεῑ
1223 2108 1238 2131 ,
1266 2068 1359 2119 καὶ
1382 2069 1447 2137 τῇ
1477 2067 1763 2137 δυναστείᾳ
1786 2109 1800 2133 ,

202 2161 288 2232 τῷ
312 2161 526 2233 πλούτῳ
552 2162 685 2234 (78),
712 2162 941 2227 πολλοὺς
966 2162 1184 2235 παρασύ
1195 2180 1297 2234 ρει,
1314 2164 1407 2215 καὶ
1433 2164 1496 2214 ἐκ
1520 2163 1617 2234 τῆς
1643 2163 1805 2234 ὑπερ-

202 2255 373 2321 όγκου
434 2255 634 2318 κακίας
680 2257 821 2308 ποιεῖ
881 2254 1121 2319 ἐντολάς.
1176 2256 1286 2308 Καὶ
1334 2253 1493 2307 τοῦτο
1536 2255 1804 2326 διπρόσω-

203 2344 311 2399 πὸν
333 2347 474 2411 ἐστι,
498 2346 561 2399 τὸ
586 2346 642 2398 δὲ
667 2346 786 2399 ὅλον
812 2347 981 2399 κακόν
1005 2347 1140 2399 ἐστι.
1182 2348 1243 2399 Οἱ
1268 2347 1498 2400 τοιοῦτοι
1523 2348 1657 2400 ὅσιοί
1688 2345 1799 2418 (79)

212 2439 327 2490 εἰσι
353 2437 652 2501 δασύποδες
672 2437 803 2508 (80),
819 2438 900 2491 ὅτι
918 2438 975 2504 ἐξ
996 2438 1251 2509 ἡμισείας
1277 2440 1382 2492 εἰσὶ
1397 2438 1645 2510 καθαροὶ,
1672 2438 1803 2491 τὸδὲ

200 2530 412 2601 ἀληθὲς
442 2530 742 2602 ἀκάθαρτοί
770 2534 895 2583 εἰσι.
932 2533 1042 2584 Καὶ
1066 2531 1174 2602 γὰρ
1201 2531 1333 2593 Θεὸς
1382 2532 1439 2583 ὲν
1465 2534 1585 2594 ταῖς
1638 2528 1802 2594 πλαξὶ

198 2622 315 2675 τῶν
342 2621 588 2693 οὐρανῶν
629 2616 781 2675 εἶπεν
805 2620 998 2684 οὕτως.

279 2715 354 2767 Γ¹.
398 2733 416 2766 ι
464 2715 651 2785 Ὑμεῖς
677 2709 791 2778 οὖν,
825 2712 993 2767 τέκνα
1021 2731 1155 2785 μου,
1198 2713 1271 2784 μὴ
1305 2712 1518 2781 γίνεσθε
1554 2714 1674 2765 κατ’
1697 2713 1799 2766 αύ-

196 2806 333 2869 τοὺς
358 2803 695 2877 διπρόσωποι
715 2844 729 2869 ,
767 2804 1104 2875 ἀγαθὸτητος
1151 2806 1246 2858 καὶ
1296 2806 1495 2868 κακίας
1515 2822 1528 2834 ·
1556 2805 1709 2857 ’ἀλλά
1732 2807 1798 2877 τῇ

199 2897 504 2969 ἀγαθότητι
542 2897 679 2971 μόνῃ
704 2896 1023 2968 κολλήθητε,
1051 2897 1133 2949 ὅτι
1155 2898 1182 2949 ὁ
1206 2896 1337 2959 Θεὸς
1360 2896 1698 2949 ἀναπαύεται
1720 2899 1801 2961 εἰς

197 2986 397 3056 αὐτὴν,
427 2986 522 3038 καὶ
560 2988 609 3038 οἱ
633 2985 910 3057 ἄνθρωποι
942 2984 1197 3039 ποθοῦσιν
1240 2988 1440 3058 αὐτήν·
1480 2988 1578 3059 τὴν
1603 2988 1659 3041 δὲ
1698 3006 1798 3041 κα-

1920 491 2194 561 duplicem
2227 489 2419 544 faciem
2450 490 2635 557 habet,
2672 490 2764 544 sed
2798 497 2972 543 totum
3001 491 3376 559 perniciosum
3399 504 3505 551 est.

1922 582 1987 636 Et
2037 592 2126 637 est
2161 582 2327 635 homo
2355 583 2588 653 diligens
2614 584 3024 653 malignantem,
3064 583 3315 640 similiter
3335 594 3420 642 est
3451 588 3508 641 in

1920 675 2159 740 malitia;
2199 675 2462 743 quoniam
2493 681 2546 728 et
2575 674 2714 727 mori
2738 674 3015 728 desiderat
3038 675 3090 728 in
3117 675 3260 730 malo
3285 686 3509 747 propter

1919 767 2123 837 ipsum.
2159 766 2226 820 Et
2254 767 2321 821 de
2342 768 2448 822 hoc
2479 766 2860 834 manifestum,
2888 769 3038 837 quod
3066 768 3304 837 duplicis
3345 768 3505 825 faciei

1917 866 2032 923 est;
2059 865 2234 911 totum
2251 872 2400 923 vero,
2418 858 2596 912 malus
2619 867 2773 911 actus
2795 868 2900 912 est.
2929 859 2998 912 Et
3023 874 3179 913 amor
3208 858 3503 925 exsistens,

1918 950 2128 1005 malitia
2161 959 2266 1017 est,
2307 950 2655 1005 abscondens
2702 951 2938 1017 malum;
2995 951 3140 1006 sicut
3169 961 3253 1006 est
3282 954 3507 1009 nomine

1916 1042 2078 1112 quasi
2107 1042 2276 1106 bono,
2313 1042 2438 1097 linis
2466 1057 2596 1097 vero
2641 1052 2798 1098 actus
2827 1043 2975 1097 venit
3001 1044 3054 1097 in
3082 1045 3311 1099 malum.
3347 1045 3504 1102 Alius

1918 1136 2152 1203 furatur,
2185 1136 2388 1205 injuste
2410 1135 2543 1204 agit,
2573 1135 2732 1204 rapit,
2748 1150 2951 1188 avarus
2984 1135 3222 1203 exsistit,
3252 1144 3306 1191 et
3333 1137 3504 1192 mise-

1915 1234 2067 1279 retur
2098 1240 2438 1295 pauperum;
2472 1224 2747 1294 duplicem
2778 1225 3000 1294 quidem
3031 1224 3229 1280 faciem
3262 1227 3427 1282 habet
3447 1234 3501 1283 et

1916 1317 2041 1383 hoc,
2066 1324 2239 1371 totum
2263 1330 2394 1370 vero
2410 1316 2792 1385 perniciosum
2818 1325 2920 1370 est.
2938 1314 3043 1383 Qui
3064 1316 3355 1373 defraudat
3371 1336 3498 1389 pro-

1916 1408 2147 1473 ximum,
2178 1407 2243 1461 ad
2268 1407 2610 1462 iracundiam
2639 1418 2900 1477 provocat
2911 1408 3104 1477 Deum,
3119 1420 3173 1465 et
3186 1426 3280 1479 per
3292 1412 3505 1467 Altissi-

1914 1517 2065 1554 mum
2089 1499 2231 1555 falso
2261 1501 2495 1569 dejerat,
2523 1509 2579 1555 et
2627 1502 2885 1571 pauperis
2930 1503 3259 1569 miseretur;
3296 1520 3500 1573 prame—

1912 1602 2124 1663 ptorem
2166 1594 2270 1665 legi
2313 1593 2534 1649 Domini
2582 1595 2797 1663 spernit
2842 1603 2897 1650 et
2938 1596 3248 1662 exacerbat,
3282 1605 3337 1651 et
3363 1613 3499 1667 pau-

1911 1702 2095 1755 perem
2120 1686 2470 1755 requiescere
2502 1685 2662 1753 facit;
2700 1686 2941 1741 animam
2973 1687 3250 1757 inquinat,
3291 1698 3345 1744 ct
3374 1705 3497 1745 cor-

1908 1794 2012 1849 pus
2051 1779 2399 1849 splendidum
2433 1780 2645 1847 reddit;
2697 1782 2907 1835 multos
2944 1782 3164 1848 occidit,
3203 1791 3257 1836 et
3291 1797 3496 1851 pauco-

1907 1887 2029 1924 rum
2058 1872 2387 1938 miseretur;
2432 1881 2486 1927 et
2531 1872 2638 1928 hoc
2669 1872 2892 1942 quidem
2923 1872 3160 1941 duplicis
3191 1871 3355 1927 faciei
3384 1882 3491 1928 est.

1905 1962 2060 2018 Alius
2095 1964 2454 2027 adulteratur,
2488 1973 2542 2019 et
2566 1962 2892 2029 fornicatur,
2917 1970 2971 2017 et
2998 1963 3235 2017 abstinet
3263 1980 3291 2017 a
3314 1963 3452 2019 cibis
3475 1982 3489 2030 ;

1905 2052 2238 2124 etjejunans
2262 2052 2558 2121 malefacit,
2590 2062 2644 2107 et
2674 2052 2918 2123 potentia
2949 2061 3004 2106 et
3050 2053 3260 2108 divitiis
3290 2054 3494 2109 multos

1906 2144 2107 2200 misere
2134 2156 2317 2212 vexat,
2356 2155 2411 2200 et
2437 2162 2505 2201 ex
2535 2144 2749 2201 tumida
2782 2146 2993 2198 malitia
3028 2144 3161 2199 facit
3210 2148 3487 2201 mandata.

1907 2238 1973 2292 Et
2010 2237 2117 2292 hoc
2146 2238 2382 2309 duplicis
2420 2238 2580 2294 faciei
2616 2248 2720 2303 est,
2738 2247 2909 2293 totum
2935 2247 3118 2293 autem
3150 2239 3353 2293 malum
3383 2251 3484 2296 est.

1904 2330 2069 2386 Tales
2100 2340 2160 2384 ut
2201 2340 2328 2387 s'ues
2358 2341 2488 2387 sunt
2519 2340 2573 2387 et
2618 2333 2852 2401 lepores,
2897 2332 3026 2401 quia
3072 2347 3140 2385 ex
3200 2333 3490 2387 medietate

1902 2434 2035 2479 sunt
2061 2424 2273 2490 mundi,
2306 2439 2497 2479 revera
2528 2432 2710 2480 autem
2761 2433 2892 2480 sunt
2924 2425 3216 2480 immundi.
3271 2425 3486 2481 Etenim

1903 2514 2049 2571 Deus
2076 2516 2128 2570 in
2166 2516 2368 2571 tabulis
2401 2516 2669 2571 caelorum
2699 2516 2838 2571 dixit
2875 2516 2974 2571 ita.

1972 2715 2062 2771 lll.
2111 2736 2130 2768 ‹
2166 2716 2278 2773 Vos
2305 2717 2493 2789 igitur,
2541 2718 2639 2773 ﬁlii
2666 2717 2795 2783 mei,
2836 2734 2904 2773 ne
2928 2716 3247 2773 efficiamini
3282 2732 3486 2772 secun-

1903 2806 2033 2861 dum
2068 2808 2215 2877 ipsos
2248 2808 2522 2878 duplicem
2554 2807 2822 2863 habentes
2868 2808 3104 2873 faciem,
3144 2807 3406 2861 bonitatis
3434 2818 3488 2861 et

1902 2896 2153 2963 malitiae;
2187 2898 2280 2952 sed
2320 2896 2554 2951 bonitati
2587 2897 2693 2951 soli
2722 2896 3019 2964 adhaerete,
3052 2898 3313 2967 quoniam
3342 2896 3487 2951 Deus

1903 2988 2203 3057 requiescit
2228 2988 2281 3042 in
2312 2989 2453 3059 ipsa,
2475 2999 2530 3045 et
2550 2989 2804 3044 homines
2833 2990 3151 3044 desiderant
3178 3004 3296 3043 eam
3321 3005 3336 3054 ;
3368 3003 3484 3042 ma-

196 3080 333 3133 κίαν
369 3078 711 3149 ἀποδράσατε
753 3078 900 3149 (8i),
937 3078 1287 3150 ἀναιροῦντες
1334 3078 1426 3131 τὸν
1450 3078 1695 3133 διάϐολον
1739 3081 1785 3133 ἐκ

1913 3079 2088 3136 litiam
2119 3090 2303 3135 autem
2329 3081 2523 3153 fugite,
2561 3083 2876 3137 occidentes
2914 3082 3197 3138 diabolum
3226 3082 3281 3136 in
3321 3082 3487 3137 bonis

194 3174 323 3236 ταῖς
345 3170 578 3239 ἀγαθαῖς
625 3171 779 3241 ὑμῶν
814 3170 1109 3242 πράξεσιν·
1158 3172 1241 3223 ὅτι
1281 3174 1329 3223 oi.
1366 3171 1703 3243 διπρόσωποι
1731 3175 1790 3226 οὐ

194 3261 345 3332 Θεῷ,
374 3260 507 3313 ἀλλά
549 3264 671 3324 ταῖς
712 3260 1029 3332 ἐπιθυμίαις
1078 3261 1259 3313 αὐτῶν
1300 3262 1661 3327 δουλεύουσιν,
1708 3264 1795 3317 ἵνα

196 3354 284 3425 τῷ
325 3352 525 3425 Βελιάρ
563 3353 834 3423 άρέσωσι,
872 3354 1103 3417 καὶτοῖς
1132 3354 1337 3424 ὁμοίοις
1375 3354 1553 3408 αὐτῶν
1580 3354 1792 3426 ἀνθρώ-

197 3463 349 3509 ποις.

276 3537 357 3587 Δ’.
395 3553 413 3585 ι
456 3535 518 3588 Οἱ
544 3534 653 3606 γὰρ
678 3534 872 3604 ἀγαθοὶ
899 3534 1195 3606 ἅνθρωποι,
1223 3537 1316 3587 καὶ
1342 3536 1754 3607 μονοπρόσωποι
1774 3578 1788 3602 ,

196 3626 309 3680 κᾶν
352 3627 647 3697 νομισθῶσι
681 3626 832 3699 παρὰ
870 3626 979 3679 τῶν
1023 3626 1382 3699 διπροσώπων
1419 3627 1787 3698 ἁμαρτάνειν,

197 3719 401 3772 δίκαιοί
461 3722 566 3772 είσι
608 3718 762 3791 παρά
804 3717 882 3788 τῷ
907 3717 1044 3788 Θεῷ.
1088 3718 1280 3770 Πολλοὶ
1306 3718 1413 3790 γὰρ
1438 3720 1789 3789 ἀναιροῦντες

198 3815 497 3886 πονηρους,
525 3813 617 3866 δύο
642 3813 885 3866 ποιοῦσιν
930 3811 1087 3883 ἔργα,
1130 3812 1299 3865 κακὸν
1332 3811 1422 3863 διὰ
1458 3812 1624 3866 καλοῦ
1654 3813 1786 3887 (82),

196 3906 322 3959 ὅλον
343 3906 400 3958 δέ
424 3907 540 3958 ἐστι
563 3904 747 3958 καλόν·
773 3903 854 3955 ὅτι
878 3903 939 3956 τὸ
962 3902 1133 3955 κακὸν
1150 3900 1458 3973 ὲκριξώσας
1483 3902 1785 3958 ἀπώλεσεν.

202 3999 368 4052 Ἐστι
392 4015 476 4061 τις
521 3996 694 4068 μισῶν
724 3997 816 4050 τὸν
838 3996 1141 4067 ἐλεήμονα,
1180 3994 1274 4047 καὶ
1313 3994 1513 4049 ἀδικῶν
1552 3995 1661 4068 (85)
1696 3997 1787 4051 τὸν

203 4090 394 4164 μοιχὸν
418 4090 512 4143 καὶ
541 4088 871 4161 λῃστεύοντα
901 4088 1033 4160 (84)·
1060 4087 1155 4140 καὶ
1192 4085 1323 4138 αὑτό
1356 4089 1469 4139 ἐστι
1512 4088 1785 4159 διπρόσω-

200 4200 306 4237 πον
328 4203 340 4214 ο
369 4181 506 4236 ἀλλά
538 4182 599 4235 τὸ
622 4183 730 4235 πᾶν
771 4181 931 4251 ἔργον
966 4179 1169 4248 ἀγαθόν
1206 4180 1355 4233 ἐστιν
1377 4220 1391 4244 ,
1430 4180 1510 4232 ὅτι
1540 4182 1785 4251 μιμεῖται

199 4275 429 4347 Κύριον,
464 4275 537 4346 μὴ
563 4273 992 4346 προσδεχόμενος
1018 4271 1081 4324 τὸ
1100 4270 1291 4325 δοκοῦν
1325 4270 1490 4325 καλὸν
1528 4272 1665 4341 μετά
1689 4272 1783 4325 τοῦ

199 4367 456 4437 ἀληθινοῦ
484 4367 678 4420 κακοῦ.
731 4366 955 4435 Ἕτερος
1009 4364 1068 4416 οὐ
1117 4362 1260 4416 θέλει
1307 4361 1518 4434 ἀγαθὴν
1570 4363 1783 4436 ἡμέραν

1904 3172 2099 3227 vestris
2123 3174 2372 3240 actibus;
2429 3174 2695 3244 quoniam
2742 3174 2837 3244 qui
2864 3174 3099 3244 duplicis
3132 3175 3290 3231 faciei
3330 3186 3483 3241 sunt,

1903 3279 2013 3318 non
2042 3263 2176 3331 Deo,
2210 3265 2305 3319 sed
2335 3266 2801 3335 concupiscentiis
2840 3267 2956 3322 suis
2999 3268 3269 3335 serviunt,
3301 3276 3362 3324 ut
3387 3268 3485 3322 Be-

1902 3356 2008 3411 liar
2030 3356 2303 3426 placeant,
2335 3366 2389 3412 et
2412 3358 2685 3414 similibus
2724 3358 2829 3413 sibi
2860 3359 3197 3414 hominibus.

1974 3535 2065 3591 ιν.
2104 3556 2123 3589 ι
2162 3537 2297 3591 Boni
2332 3540 2477 3593 enim
2506 3539 2651 3606 viri,
2686 3550 2739 3595 et
2770 3541 2863 3610 qui
2892 3551 3022 3596 sunt
3082 3542 3249 3597 unius
3287 3543 3479 3609 faciei,

1898 3629 2001 3682 etsi
2035 3629 2420 3683 existimentur
2472 3631 2542 3685 ab
2585 3632 2664 3687 eis
2689 3633 2781 3701 qui
2818 3634 3055 3702 duplicis
3106 3633 3267 3689 faciei
3312 3646 3476 3701 sunt,

1897 3734 2148 3789 peccare,
2175 3721 2309 3790 justi
2348 3730 2478 3776 sunt
2533 3724 2676 3793 apud
2719 3724 2918 3779 Deum.
2966 3725 3119 3780 Multi
3156 3727 3304 3780 enim
3330 3729 3477 3782 occi-

1896 3813 2087 3866 dentes
2116 3813 2480 3882 perniciosos,
2509 3815 2619 3869 duo
2646 3814 2858 3870 faciunt
2880 3833 3077 3886 opera,
3112 3820 3316 3881 malum
3346 3836 3479 3889 pro-

1895 3911 2017 3971 pter
2039 3901 2269 3967 bonum,
2317 3911 2493 3957 totum
2546 3919 2675 3958 vero
2696 3913 2781 3959 est
2822 3905 3355 3977 bonum;quoniam
3382 3912 3475 3978 qui

1895 3993 2102 4048 malum
2134 3995 2437 4050 eradicavit
2460 3995 2733 4065 ,perdidit
2767 3997 2918 4058 illud.
2975 3998 3071 4052 Est
3112 4000 3337 4070 aliquis,
3381 4004 3475 4069 qui

1894 4085 2011 4139 odit
2040 4086 2453 4142 misericordem
2481 4128 2495 4153 ,
2528 4096 2584 4143 et
2615 4087 2819 4158 injuria
2862 4089 3034 4143 afﬁcit
3062 4092 3375 4146 adulterum
3422 4103 3477 4148 et

1893 4176 2203 4245 latronem;
2261 4187 2314 4233 et
2364 4178 2471 4234 hoc
2521 4189 2605 4235 est
2649 4179 2884 4249 duplicis
2925 4180 3124 4249 faciei;
3160 4183 3253 4238 sed
3300 4192 3472 4239 totum

1894 4284 2035 4338 opus
2058 4269 2263 4323 bonum
2296 4277 2400 4336 est,
2430 4270 2561 4340 quia
2608 4271 2854 4326 imitatur
2887 4270 3209 4339 Dominum,
3243 4289 3352 4329 non
3380 4291 3474 4329 ac-

1893 4360 2103 4430 cipiens
2141 4360 2288 4430 quod
2330 4362 2547 4417 videtur
2571 4363 2781 4417 bonum
2824 4379 2948 4419 cum
2980 4380 3108 4419 vero
3149 4367 3315 4420 malo.
3372 4368 3458 4421 Al-

204 4462 334 4515 ἰδεῖν
365 4460 503 4531 μετὰ
537 4457 784 4523 ἀσώτων,
810 4457 897 4509 ἵνα
939 4456 1013 4527 μὴ
1042 4456 1217 4529 χράνῃ
1238 4456 1297 4509 τὸ
1321 4456 1495 4527 στόμα
1534 4454 1670 4528 (85),
1693 4456 1785 4511 καὶ

1905 4461 1975 4507 ter
2022 4469 2132 4507 non
2168 4453 2287 4507 vult
2314 4453 2457 4507 diem
2497 4455 2703 4509 bonum
2735 4456 2921 4510 videre
2969 4472 3092 4510 cum
3145 4458 3466 4522 luxuriosis,

204 4552 409 4624 μολύνῃ
448 4551 550 4620 τὴν
592 4550 769 4620 ψυχήν
792 4566 804 4579 ·
835 4547 928 4601 καί
957 4565 1021 4616 γε
1044 4547 1202 4600 τοῦτο
1222 4546 1568 4618 διπρόσωπόν
1615 4548 1784 4612 ἐστιν,

199 4644 321 4697 ὅλον
352 4643 410 4696 δὲ
445 4641 606 4694 καλόν
633 4643 780 4693 ἐστιν
802 4680 817 4705 ,
849 4640 932 4693 ὅτι
968 4640 1017 4692 οἱ
1050 4639 1281 4692 τοιοῦτοι
1305 4639 1519 4711 δόρκοις
1542 4640 1637 4692 καὶ
1663 4639 1787 4693 ἐλά-

200 4752 321 4806 φοις
354 4733 530 4805 ὅμοιοί
577 4733 715 4785 εἰσιν
741 4771 756 4796 ,
802 4733 883 4785 ὅτι
936 4732 994 4784 ἐν
1032 4731 1153 4803 ήθει
1176 4730 1353 4802 ἀγρίῳ
1377 4730 1626 4785 δοκοῦσιν
1650 4731 1788 4785 ἀκά-

201 4828 391 4899 θαρτοι
427 4821 586 4879 εἶναι’
631 4824 693 4877 τὸ
749 4822 806 4876 δὲ
852 4824 961 4876 πᾶν
995 4822 1226 4894 κάθαροί
1252 4823 1413 4888 εἰσιν,
1450 4823 1530 4875 ὅτι
1553 4824 1612 4875 ὲν
1638 4820 1786 4894 ζήλῳ

275 4978 387 5051 (76)
429 4978 637 5051 Ἔξστιν
689 4976 999 5045 ἄνθρωπος
1020 5014 1034 5028 .
1058 5013 1073 5029 .
1100 5014 1114 5029 .
1141 5014 1155 5028 .
1206 4974 1523 5031 ἀναπαύει.
1576 4972 1780 5030 Omnia

200 5048 431 5108 omissa.
468 5048 636 5103 Gaau.

273 5120 389 5192 (77)
420 5118 530 5192 Td}
553 5114 1490 5192 értqléa.._.._drq:z_adet._Desunt.
1523 5111 1601 5168 In.

274 5184 391 5261 (78)
422 5187 505 5253 Τῷ
532 5188 792 5261 πλούτῳ.
820 5186 927 5241 Τοῦ
949 5186 1206 5261 πλούτου.
1238 5184 1313 5261 1-1).

274 5191 367 5261 (78
422 5191 505 5253 Τῷ
532 5191 792 5249 πλούτῳ.
820 5191 927 5241 Τοῦ
953 5191 1206 5239 πλούτου.
1239 5191 1313 5239 In.

273 5191 391 5329 (79)
417 5261 633 5312 Ὅσιοι.
655 5260 928 5329 interpres
949 5256 1078 5327 legit
1104 5256 1179 5319 ὡς
1207 5256 1350 5319 σύες.
1380 5254 1455 5310 In.

276 5324 389 5401 (80)
418 5328 784 5392 Δασύποδες.
804 5324 976 5381 Hanc
999 5324 1186 5401 vocem
1210 5338 1401 5401 auctgr
1431 5342 1461 5401 a_
1486 5324 1651 5380 LXX.
1677 5325 1776 5401 ln-

202 5396 535 5469 terpretibus
579 5407 862 5453 mutuatus
889 5408 992 5462 est,
1022 5467 1030 5469 _
1041 5398 1140 5469 qui
1176 5412 1296 5451 eam
1335 5396 1509 5469 Levit.
1547 5413 1634 5469 χι,
1667 5397 1699 5451 6
1723 5408 1778 5453 ει

207 5467 363 5527 Deut.
394 5486 507 5533 xw,
540 5469 590 5535 7,
620 5476 988 5539 usurparunt;
1017 5467 1129 5539 illic
1150 5483 1253 5539 pro
1268 5467 1532 5539 cuniculo,
1563 5468 1652 5523 hic
1672 5485 1774 5538 pro

207 5483 363 5527 Deut.
394 5486 507 5533 xw,
541 5483 590 5535 Ἰ,
620 5483 988 5539 usurparunt;
1017 5483 1129 5521 uuc
1149 5483 1253 5590 Γτο
1268 5483 1532 5531 cumcum,
1563 5483 1652 5523 mc
1672 5485 1770 5538 pro

204 5548 397 5612 lepore.
426 5540 732 5612 Utrumque
755 5548 937 5593 autem
963 5538 1144 5612 anima
1190 5536 1456 5612 mundum
1484 5553 1553 5591 ex
1581 5550 1735 5607 parte
1756 5579 1770 5603 ,

201 5606 270 5671 ei
297 5622 449 5682 parte
475 5606 818 5665 immundum
840 5610 980 5678 apud
1005 5606 1224 5682 Iudaeos
1256 5608 1561 5682 habebatur
1578 5606 1591 5673 ;
1609 5624 1773 5682 m_un-

202 5678 332 5739 dum
358 5691 629 5751 quatenus
656 5681 969 5751 ruminabat
1012 5678 1389 5751 quidem,ised
1421 5679 1771 5734 immundum

204 5750 475 5827 quatenus
502 5752 759 5824 ungulam
785 5765 893 5806 non
918 5750 1155 5805 findebat
1178 5768 1189 5803 :
1214 5750 1293 5804 uti
1318 5758 1530 5817 contra,
1559 5764 1653 5805 sus
1673 5765 1772 5804 un-

1890 4552 1952 4597 nt
1999 4559 2108 4598 non
2160 4546 2398 4601 maculet
2445 4561 2528 4609 os,
2562 4555 2617 4601 et
2666 4547 2915 4617 inquinet
2960 4549 3322 4613 animam;et
3366 4551 3470 4605 hoc

1888 4638 2122 4709 duplicis
2152 4638 2311 4695 faciei
2359 4649 2464 4704 est,
2498 4648 2671 4695 totum
2722 4651 2903 4696 autem
2952 4642 3155 4696 bonum
3186 4651 3289 4707 est,
3323 4659 3466 4714 quo-

1889 4732 2036 4787 niam
2058 4731 2193 4786 tales
2215 4734 2484 4801 capreolis
2503 4742 2558 4788 et
2586 4732 2764 4788 cervis
2779 4733 2986 4787 similes
3009 4742 3136 4787 sunt
3162 4751 3176 4799 ;
3205 4736 3464 4803 quoniam

1888 4825 1942 4879 in
1967 4825 2366 4881 consuetudine
2386 4826 2586 4896 agresti
2616 4826 2870 4880 videntur
2918 4825 3186 4880 immundi
3216 4841 3368 4893 esse,
3399 4843 3464 4883 ex

1887 4979 2071 5063 gulam
2099 4979 2321 5049 quidem
2348 4980 2535 5062 findit,
2566 4982 2657 5063 sed
2685 4997 2793 5036 non
2820 4982 3086 5047 ruminat,
3114 4990 3173 5063 ,ει
3194 4982 3312 5052 ipsa
3340 4998 3472 5052 ιιι-ο-

1885 5052 2016 5105 inde
2042 5052 2350 5106 immunda.
2380 5050 2607 5106 Talibus
2634 5062 2819 5121 itaque
2860 5053 3237 5107 animantibus
3265 5054 3467 5108 merito

1885 5121 1954 5176 ab
1966 5130 2422 5194 auctorenostro
2448 5123 3107 5194 comparanturhomines
3134 5122 3193 5187 ἐξ
3209 5123 3469 5194 ἡμισείας

1884 5191 2134 5263 καθαροί,
2171 5191 2223 5246 id
2251 5201 2354 5257 est,
2381 5208 2445 5247 ex
2478 5191 2629 5261 parte
2656 5193 2806 5259 boni,
2839 5203 2893 5248 et
2916 5210 2979 5248 ex
3008 5203 3160 5263 parte
3204 5191 3365 5263 mali,
3412 5194 3466 5246 in

1883 5262 2084 5331 quibus
2108 5262 2339 5317 mistura
2381 5273 2465 5318 est
2491 5263 2753 5318 virtutum
2782 5274 2838 5320 et
2869 5262 3153 5325 vitiorum,
3190 5264 3269 5317 uti
3298 5262 3467 5318 Taci-

1882 5343 1972 5388 tus
1994 5333 2257 5402 loquitur.

1955 5401 2080 5471 (81),
2108 5401 2526 5469 Ἀποδράσιιτε.
2553 5405 2805 5473 Φεύγετε.
2840 5405 3008 5461 GRAB.

1954 5473 2069 5611 (82)
2090 5473 2432 5552 Kaxdrﬁtd
2475 5476 2683 5529 καλοῦ.
2710 5476 2889 5529 Καλὸν
2909 5477 2995 5530 διὰ
3019 5475 3206 5530 κακοῦ.
3237 5473 3311 5528 In.

1956 5543 2047 5611 (85
2121 5543 2385 5597 Ἀδικων.
2432 5546 2677 5605 Ἀδικον.
2707 5544 2782 5599 In.

1979 5541 2069 5605 85)
2121 5541 2385 5597 Ἀδικῶν.
2432 5546 2677 5605 Ἀδικον.
2707 5544 2782 5599 In.

1954 5545 2069 5682 (85)
2121 5545 2385 5597 Ἀδικῶν.
2432 5546 2677 5605 Ἀδικον.
2707 5545 2782 5599 In.

1977 5615 2066 5687 84)
2095 5615 2502 5687 Λῃστεύοχτᾳ.
2543 5615 2908 5687 Νῃστεύοντα.
2936 5616 3012 5671 lo.

1954 5685 2068 5756 (85)
2094 5685 2310 5755 Στόμα.
2353 5685 2573 5758 Στῶμα.
2599 5685 2683 5745 ID.
