3830 6216
391 329 532 386 1123

1341 316 1806 375 TESTAMENTA
1858 315 1951 369 Xll
2003 311 2621 372 PATRIARCHARUM.

3509 309 3656 364 “24

390 448 506 491 toto
529 443 710 491 autem
735 435 923 490 mundi
964 444 1128 500 sunt;
1167 433 1424 504 quoniam
1467 433 1520 486 in
1559 433 1675 486 zelo
1706 431 1801 486 Dei
1837 446 1957 486 am-

2073 428 2199 482 Βεοῦ
2229 430 2568 502 πορεύονται,
2605 427 2932 497 ἀπεχόμενοι
2970 419 3044 479 ὧν
3068 426 3162 479 καὶ
3211 426 3240 476 ὀ
3263 424 3394 486 Θεὸς
3419 424 3512 477 διὰ
3533 425 3655 478 τῶν

391 529 602 593 bulant,
635 529 977 585 abstinentes
1009 529 1078 583 ab
1121 529 1205 583 his
1234 544 1264 582 a
1288 528 1490 597 quibus
1519 527 1659 581 Deus
1682 541 1777 593 per
1803 539 1961 578 man-

390 621 516 676 data
595 621 724 676 odio
781 620 988 675 habens
1046 620 1340 690 prohibet,
1413 633 1607 673 arcens
1665 616 1870 670 malum
1932 632 1962 669 a

391 717 558 772 bono.

465 805 529 860 ν.
572 826 590 859 ι
626 807 814 861 Videte
836 807 1020 876 igitur,
1050 806 1167 870 ﬁlii,
1203 806 1438 874 qualiter
1461 806 1570 860 duo
1593 813 1722 860 sunt
1754 807 1807 858 in
1839 817 1962 857 om-

393 901 586 962 nibus.
611 915 779 954 unum
819 910 1008 954 contra
1045 915 1238 962 unum,
1268 909 1322 953 et
1346 914 1514 952 unum
1548 897 1651 953 sub
1695 911 1805 950 uno
1833 896 1962 950 abs-

392 991 668 1046 conditur.
726 989 864 1044 Vitze
903 1004 1052 1043 mors
1098 988 1366 1051 succedit,
1399 988 1584 1058 gloriae.
1639 985 1959 1057 ignominia,

391 1083 496 1136 diei
543 1098 672 1143 nox,
717 1090 774 1134 et
828 1081 936 1135 luci
989 1082 1258 1146 tenebrae;
1299 1080 1484 1134 omnia
1530 1093 1660 1133 vero
1711 1078 1813 1132 sub
1873 1077 1962 1131 die

392 1183 540 1238 sunt,
581 1181 634 1228 et
666 1172 768 1226 sub
799 1172 906 1225 vita
930 1172 1214 1242 qutejusta
1245 1182 1406 1238 sunt;
1432 1182 1717 1241 propterea
1740 1179 1794 1223 et
1815 1183 1962 1222 mor-

391 1275 496 1320 tem
545 1273 744 1318 aeterna
771 1263 881 1316 vita
929 1268 1304 1331 priestolatur;
1353 1269 1408 1315 et
1444 1276 1553 1315 non
1605 1261 1733 1314 licet
1779 1259 1963 1312 dicere

390 1357 672 1411 veritatem
707 1354 1076 1416 mendacium,
1105 1369 1282 1423 neque
1329 1352 1542 1421 justum
1588 1351 1850 1420 injustum
1881 1351 1958 1416 ³¹;

391 1450 650 1520 quoniam
691 1449 870 1502 omnis
912 1448 1114 1501 veritas
1177 1447 1280 1501 sub
1321 1446 1442 1500 luce
1469 1454 1555 1498 est
1587 1445 1630 1476 ³³
1657 1463 1671 1510 ;
1701 1444 1963 1513 quemad-

390 1542 615 1596 modum
665 1543 848 1596 omnia
905 1541 1009 1595 sub
1056 1539 1185 1593 Deo.
1224 1537 1349 1593 llaec
1395 1539 1578 1592 omnia
1626 1538 1852 1606 probavi
1907 1539 1961 1592 in

388 1636 502 1688 vita
527 1650 667 1697 mea,
691 1644 745 1687 et
769 1648 876 1686 non
899 1632 1077 1687 erravi
1110 1649 1138 1685 ιι
1177 1631 1402 1685 veritate
1433 1629 1649 1683 Domini
1679 1648 1692 1695 ;
1724 1639 1778 1683 et
1807 1645 1963 1682 man-

390 1726 516 1780 data
546 1725 812 1780 Altissimi
842 1723 1111 1793 exquisivi
1141 1763 1155 1787 ,
1205 1721 1509 1777 secundum
1550 1735 1770 1775 omnem
1801 1719 1959 1774 forti-

2065 521 2288 573 ἐντολῶν
2324 521 2496 592 μισῶν
2544 521 2913 591 ἀπαγορεύει,
2960 520 3238 591 ἀπείργων
3260 519 3320 571 τὸ
3357 518 3527 570 κακὸν
3549 518 3656 571 τοῦ

2066 613 2272 680 ἀγαθοῦ
2312 613 2442 685 (86).

2135 791 2212 842 Ε¹.
2256 809 2272 840 ι
2329 789 2522 860 Ὁρᾶτε
2545 784 2658 853 οὖν,
2684 787 2870 851 τέκνα,
2909 786 3024 850 πῶς
3048 786 3140 838 δύο
3164 788 3297 838 εἰσὶν
3321 787 3380 837 ἐν
3405 787 3566 847 πᾶσι,
3594 786 3654 837 ἓν

2066 881 2357 934 κατέναντι
2388 881 2526 943 ἐνὸς,
2553 880 2647 931 καὶ
2687 878 2745 932 ἓν
2769 878 2874 931 ὑπὸ
2904 876 2998 930 τοῦ
3026 877 3142 940 ἐνὸς
3169 877 3502 946 κέκρυπται.

2065 971 2208 1042 ζωὴν
2238 970 2349 1041 (87)
2375 971 2404 1022 ὁ
2427 970 2652 1032 θάνατος
2676 967 3000 1038 διαδέχεται,
3034 969 3134 1038 τὴν
3162 968 3316 1032 δόξαν
3354 972 3387 1040 ἡ
3415 969 3620 1037 ἀτιμία
3640 1008 3656 1030 ,

2063 1063 2160 1120 τὴν
2204 1061 2415 1132 ἡμέραν
2457 1063 2489 1130 ὴ
2531 1059 2646 1124 νὺξ,
2673 1061 2768 1113 καὶ
2809 1057 2870 1113 τὸ
2915 1058 3030 1128 φῶς
3072 1059 3132 1110 τὸ
3171 1059 3358 1123 σκότος
3392 1059 3546 1129 (88)·
3584 1060 3658 1111 τὰ

2063 1149 2119 1202 δέ
2146 1149 2324 1202 πάντα
2359 1146 2464 1201 ὑπὸ
2483 1148 2696 1219 ἡμέραν
2721 1148 2847 1212 εἰσὶ,
2891 1147 2985 1199 καὶ
3020 1147 3125 1201 ὑπὸ
3148 1148 3291 1216 ζωὴν
3328 1147 3397 1199 τὰ
3419 1148 3613 1200 δίκαια
3640 1167 3653 1178 ·

2063 1239 2144 1310 QQ
2195 1241 2288 1292 καὶ
2327 1240 2418 1292 τὸν
2458 1239 2684 1292 θάνατον
2737 1241 2769 1309 ὴ
2818 1237 3032 1302 αἰώνιος
3069 1239 3179 1310 ζωὴ
3217 1241 3519 1310 ἀναμένει·
3556 1241 3656 1292 καὶ

2063 1299 2160 1383 ἔκ
2187 1330 2333 1382 ἔστιν
2357 1331 2532 1383 εἰπεῖν
2562 1330 2659 1400 τὴν
2682 1330 2938 1402 ἀλήθειαν
2961 1331 3174 1399 ψεῦδος,
3199 1331 3318 1384 οὐδὲ
3351 1331 3412 1384 τὸ
3439 1332 3654 1384 δίκαιον

2063 1423 2266 1476 ὣδικονθ
2291 1424 2370 1475 ὅτι
2402 1425 2550 1475 πᾶσα
2583 1422 2806 1493 ἀλήθεια
2832 1423 2935 1476 ὑπὸ
2972 1422 3064 1474 τοῦ
3090 1424 3265 1492 φωτός
3300 1425 3439 1476 ἐστι·
3465 1424 3650 1487 καθὼς

2062 1514 2133 1566 τὰ
2175 1515 2351 1567 πάντα
2391 1514 2494 1566 ὑπὸ
2545 1514 2636 1567 τὸν
2672 1513 2824 1566 Θεόν.
2878 1513 3064 1566 Ταῦτα
3108 1515 3284 1567 πάντα
3339 1514 3651 1584 ἐδοκίμασα

2065 1607 2120 1657 ἐν
2144 1608 2209 1675 τῇ
2237 1602 2348 1675 ζωῇ
2389 1622 2514 1674 μου,
2559 1604 2654 1657 καὶ
2680 1605 2779 1656 οὐκ
2803 1603 3108 1676 ἐπλανήθην
3133 1604 3239 1656 ἀπὸ
3259 1604 3360 1673 τῆς
3386 1603 3651 1674 ἀληθείας

2063 1702 2292 1773 Κυρίου,
2340 1702 2433 1753 καὶ
2479 1699 2578 1763 τὰς
2621 1699 2838 1763 ἐντολὰς
2870 1699 2964 1752 τοῦ
3022 1699 3273 1768 Ὑψίστου
3315 1699 3647 1770 ἐξεζήτησα,

391 1817 634 1871 tudinem
670 1830 849 1870 meam
899 1788 1187 1868 ambulans
1217 1812 1520 1868 secundum
1567 1827 1732 1868 unam
1767 1811 1960 1867 faciem

2073 1792 2204 1846 κατά
2245 1795 2422 1845 πᾶσαν
2459 1791 2610 1862 ἰσχύν
2647 1808 2747 1862 μου
2788 1789 3157 1862 πορευόμενος
3195 1788 3647 1862 μονοπροσώπως

393 1909 446 1962 in
485 1909 709 1961 bonum.

467 1997 554 2051 Vl.
595 2015 612 2048 ι
659 1995 934 2052 Attendite
962 1997 1126 2067 igitur
1155 2005 1209 2051 et
1238 2011 1353 2061 vos,
1395 1994 1492 2049 filii
1522 1994 1648 2058 mei,
1689 1993 1961 2049 mandatis

392 2089 642 2153 Domini,
670 2089 972 2144 secundum
1003 2104 1170 2143 unam
1202 2088 1400 2143 faciem
1433 2094 1730 2157 sequentes
1758 2086 1962 2138 verita-

392 2191 538 2247 tem;
580 2180 840 2250 qnoniam
872 2180 966 2250 qui
1010 2179 1246 2244 duplicis
1292 2178 1451 2232 faciei
1489 2189 1637 2242 sunt,
1676 2177 1962 2246 dupliciter

391 2271 713 2339 puniuntur.
773 2268 1010 2339 Spiritus
1040 2269 1245 2323 erroris
1277 2267 1404 2322 odio
1431 2268 1658 2332 habete,
1698 2266 1960 2321 adversus

393 2363 671 2417 hominem
727 2362 1137 2416 contendentes.
1172 2359 1369 2430 Legem
1410 2361 1626 2415 Domini
1658 2359 1954 2421 custodite,

389 2463 446 2508 et
469 2470 537 2508 ne
557 2453 820 2508 attendite
848 2453 1015 2516 malo,
1061 2463 1119 2507 ut
1161 2453 1346 2518 bono;
1377 2454 1470 2508 sed
1506 2454 1561 2507 in
1595 2468 1719 2508 vere
1755 2453 1958 2507 bonum

393 2548 668 2617 respicite,
717 2556 771 2600 et
816 2547 1101 2602 observate
1130 2545 1263 2600 illud
1299 2547 1352 2599 in
1403 2547 1658 2602 omnibus
1687 2547 1960 2602 mandatis

393 2637 632 2702 Domini,
676 2637 744 2691 ad
770 2653 896 2691 cum
925 2638 1146 2702 reversi,
1173 2648 1227 2692 et
1253 2638 1306 2690 in
1337 2653 1402 2692 eo
1427 2639 1770 2708 quiescentes
1795 2641 1961 2709 (quo-

396 2730 545 2783 niam
581 2731 719 2783 fines
766 2728 1050 2782 hominum
1090 2729 1386 2783 ostendunt
1419 2730 1692 2798 justitiam
1720 2733 1955 2801 eorum),

391 2830 785 2892 cognoscentes
833 2820 1056 2889 angelos
1106 2819 1320 2874 Domini
1368 2831 1422 2876 et
1447 2820 1682 2877 Satanae.
1727 2822 1961 2889 Quando

392 2914 538 2965 enim
595 2913 807 2967 turbata
855 2917 1039 2969 anima
1089 2917 1221 2982 abit,
1274 2928 1611 2988 torquetur:
1649 2922 1959 2990 pernicioso

394 3006 610 3075 spiritu,
638 3007 726 3060 cui
772 3021 824 3062 et
851 3008 1073 3063 servivit
1113 3011 1168 3064 in
1211 3012 1672 3080 concupiscentiis
1703 3022 1756 3066 et
1779 3014 1961 3083 operi-

393 3097 498 3151 bus
522 3097 878 3169 perniciosis;
921 3099 966 3153 si
995 3109 1176 3155 autem
1200 3101 1380 3169 quiete
1408 3103 1461 3156 in
1487 3103 1686 3174 gaudio
1707 3106 1960 3175 cognovit
1988 3138 2030 3194 ο

393 3188 642 3258 angelum
667 3191 836 3258 pacis,
862 3192 1242 3247 consolabitur
1265 3207 1392 3248 eum
1423 3194 1476 3247 in
1505 3195 1637 3250 vita.

464 3407 578 3462 Vll.
616 3429 633 3462 ι
664 3408 741 3466 Ne
763 3410 1078 3471 effleiamini
1099 3454 1114 3478 ,
1140 3415 1256 3481 filii,
1296 3426 1353 3472 ut
1388 3416 1624 3473 Sodoma
1651 3436 1774 3491 qua!
1805 3421 1964 3493 igno-

393 3501 537 3554 ravit
573 3503 796 3571 angelos
830 3502 1082 3570 Domini,
1114 3516 1168 3561 et
1207 3509 1367 3578 periit
1394 3526 1568 3579 usque
1595 3512 1648 3566 in
1675 3514 1958 3569 saeculum.

394 3587 531 3644 Novi
554 3591 720 3656 enim,
747 3593 891 3662 quod
917 3597 1213 3662 peccabitis
1239 3639 1253 3663 ,
1280 3607 1335 3652 et
1366 3602 1655 3656 trademini
1685 3603 1739 3656 in
1765 3620 1962 3660 manus

394 3679 742 3735 inimicorum
771 3692 1108 3751 vestrorum;
1137 3697 1190 3741 et
1213 3698 1358 3743 terra
1383 3700 1569 3746 vestra
1604 3694 1960 3760 desolabitur,

398 3781 455 3826 et
480 3788 577 3827 vos
600 3773 988 3845 dispergemini
1018 3777 1070 3831 in
1097 3790 1333 3848 quatuor
1350 3783 1579 3852 angulos
1599 3794 1774 3850 terrae,
1791 3790 1963 3842 eteri-

398 3863 1154 3936 tisindispersionedespecti,
1173 3872 1318 3926 velut
1335 3889 1474 3942 aqua
1501 3874 1729 3939 inutilis.
1759 3895 1962 3950 usque-

396 3967 507 4022 quo
531 3953 849 4010 Altissimus
877 3956 1414 4028 visitaveritterrain;
1441 3973 1494 4017 et
1523 3965 1636 4033 ipse
1651 3969 1875 4024 veniens
1903 3979 1964 4024 ιιι

397 4047 580 4108 homo,
606 4061 729 4101 cum
749 4047 1065 4104 hominibus
1089 4052 1426 4109 manducans
1449 4065 1500 4109 et
1525 4057 1716 4113 bibens
1739 4060 1802 4124 “,
1830 4070 1883 4116 et
1906 4062 1961 4117 in

395 4138 612 4193 silentio
631 4149 916 4194 conterens
933 4149 1095 4209 caput
1114 4141 1388 4200 draconis.
1409 4143 1512 4201 Per
1527 4163 1724 4218 aquam
1743 4152 1854 4221 (95)
1874 4153 1963 4208 hic

398 4228 634 4283 salvabit
657 4229 824 4284 Israel
851 4239 904 4284 et
931 4245 1121 4287 omnes
1145 4243 1349 4303 gentes,
1385 4235 1528 4293 Deus
1553 4240 1608 4294 in
1637 4241 1812 4297 virum
1837 4245 1965 4300 abs-

396 4321 650 4376 conditus
674 4321 738 4374 “.
804 4321 978 4378 Dicite
1002 4324 1168 4394 igitur
1195 4326 1309 4382 haec
1351 4330 1476 4385 filiis
1511 4334 1732 4398 vestris,
1761 4347 1820 4392 ut
1844 4353 1960 4392 cre-

2063 1887 2141 1948 είς
2172 1884 2233 1936 τὸ
2258 1883 2479 1951 ἀγαθόν.

2135 1977 2223 2040 ς’.
2265 1993 2282 2023 ι
2314 1973 2614 2044 Προσέχετε
2643 1966 2734 2024 οὖν
2767 1972 2858 2024 καὶ
2881 1972 3056 2042 ὑμεῖς.
3075 1971 3238 2023 τέκνα
3267 1988 3390 2041 μου,
3416 1973 3539 2034 ταῖς
3563 1971 3648 2022 ἐν-

2059 2064 2238 2128 τολαῖς
2264 2064 2490 2135 Κυρίου,
2522 2062 2957 2133 μονοπροσώπως
2983 2061 3400 2126 ἀκολουθοῦντες
3419 2067 3485 2133 τῇ
3513 2063 3646 2132 ἀλη-

2061 2156 2179 2226 θείᾳ
2204 2174 2215 2185 ·
2244 2157 2325 2208 ὅτι
2359 2157 2406 2208 οί
2432 2155 2768 2226 διπρόσωποι
2803 2155 3000 2218 δισσῶς
3036 2154 3352 2218 κολάζονται
3390 2155 3524 2225 (89).
3567 2154 3649 2207 Τὰ

2060 2247 2344 2317 πνεύματα
2375 2247 2474 2317 τῆς
2519 2246 2727 2316 πλάνης
2778 2247 3080 2316 μισήσατε,
3128 2245 3197 2298 τὰ
3237 2245 3381 2298 κατὰ
3419 2247 3513 2299 τὸν
3553 2247 3645 2300 ἀνα

2061 2339 2276 2410 θρωπον
2303 2338 2412 2409 (90)
2447 2336 2842 2408 ἀγωνιζόμενα.
2887 2337 2988 2390 Τὸν
3021 2337 3183 2407 νόμον
3229 2338 3436 2409 Κυρίου
3477 2338 3646 2408 φυλά-

2061 2430 2207 2496 ξατε,
2233 2433 2327 2484 καὶ
2357 2430 2430 2502 μὴ
2458 2430 2753 2501 προσέχετε
2777 2430 2837 2482 τὸ
2856 2430 3045 2493 κακὸν,
3080 2431 3154 2494 ὡς
3179 2431 3341 2483 καλόν
3371 2430 3506 2502 (91)·
3532 2431 3645 2484 ἀλλ’

2060 2523 2140 2584 εἰς
2163 2521 2223 2573 τὸ
2257 2521 2422 2583 ὅντως
2454 2520 2614 2573 καλὸν
2642 2519 2979 2573 ἀποϐλέπετε
2999 2561 3013 2582 ,
3047 2519 3139 2572 καὶ
3176 2519 3490 2591 διατηρεῖτε
3517 2519 3645 2573 αὐτὸ

2060 2613 2116 2664 ἐν
2143 2613 2340 2676 πάσαις
2357 2611 2597 2674 ἐντολαῖς
2623 2611 2850 2683 Κυρίου,
2869 2612 2950 2674 είς
2975 2612 3136 2665 αὑτὸν
3157 2612 3645 2682 ἀναστρεφόμενοι,

2061 2705 2156 2757 καὶ
2180 2706 2238 2756 ἐν
2276 2701 2426 2773 αὐτῷ
2462 2701 2866 2765 καταπαύοντες
2903 2702 3002 2773 (ὅτι
3034 2702 3102 2755 τὰ
3133 2703 3258 2773 τέλη
3285 2703 3396 2756 τῶν
3437 2703 3649 2775 ἀνθρώ-

2060 2811 2177 2848 πων
2219 2793 2457 2846 δείκνυσι
2498 2793 2598 2863 τὴν
2640 2791 2987 2862 δικαιοσύνην
3027 2793 3254 2862 αὐτῶν),
3284 2794 3648 2864 γνωρίζοντες

2058 2889 2182 2950 τοὺς
2205 2887 2464 2956 ἀγγέλους
2488 2886 2715 2958 Κυρίου,
2742 2885 2834 2938 καὶ
2877 2884 2970 2937 τοῦ
3003 2885 3235 2938 Σατανᾶ.
3267 2886 3396 2939 Ὅτε
3423 2885 3536 2958 γὰρ
3560 2904 3649 2938 τε-

2058 2977 2374 3050 ταραγμένη
2406 2977 2550 3048 ψυχὴ
2574 2977 2892 3047 ἀπέρχεται,
2930 2975 3273 3045 βασανίζεται
3300 2977 3407 3029 ὑπὸ
3427 2977 3524 3029 τοῦ
3545 2995 3646 3029 πο-

2061 3069 2226 3141 νηροῦ
2256 3068 2582 3140 πνεύματος,
2604 3061 2647 3136 ᾧ
2670 3070 2763 3122 καὶ
2797 3069 3109 3124 ἐδούλευσεν
3143 3069 3199 3120 ἐν
3217 3068 3536 3138 ἐπιθυμίαις
3552 3071 3649 3122 καὶ

2065 3162 2244 3235 ἔργοις
2291 3163 2580 3232 πονηροῖς’
2619 3160 2714 3214 ἐὰν
2751 3161 2807 3213 δὲ
2842 3161 3061 3232 ἡσύχως
3101 3161 3160 3212 ἐν
3193 3162 3339 3231 χαρᾷ
3378 3161 3648 3232 ἐγνώρισε

2063 3254 2152 3306 τὸν
2179 3252 2406 3321 ἄγγελον
2444 3251 2542 3323 τῆς
2585 3253 2830 3324 εἰρήνης,
2857 3252 3226 3324 παρακαλέσει
3252 3252 3361 3323 (92)
3397 3252 3562 3306 αὐτὸν
3592 3255 3649 3308 ἐν

2065 3345 2197 3415 ζωῇ·

2133 3435 2207 3486 Ζ’.
2241 3452 2258 3483 ι
2298 3433 2390 3503 Μὴ
2416 3431 2653 3500 γίνεσθε,
2678 3432 2869 3497 τέκνα,
2893 3433 2970 3496 ὡς
3004 3433 3231 3504 Σόδομα,
3254 3433 3379 3503 ἥτις
3400 3433 3644 3502 ἠγνόησε

2060 3528 2187 3590 τοὺς
2209 3525 2471 3594 ἀγγέλους
2505 3525 2734 3596 Κυρίου,
2759 3526 2852 3578 καὶ
2885 3525 3131 3578 ἀπώλετο
3153 3526 3255 3589 ἓως
3281 3524 3482 3588 αἰῶνος
3511 3524 3643 3595 (95).

2063 3613 2191 3669 Οἶδα
2214 3616 2342 3687 γὰρ,
2388 3618 2471 3669 ὅτι
2515 3617 2883 3688 ἁμαρτήσετε,
2931 3617 3028 3670 καὶ
3076 3615 3524 3686 παραδοθήσεσθε
3568 3617 3647 3680 είς

2062 3710 2247 3779 χεῖρας
2270 3709 2476 3780 ἐχθρῶν
2509 3711 2661 3780 ὑμῶν
2680 3727 2694 3740 ·
2741 3711 2836 3763 καὶ
2872 3711 2904 3781 ἠ
2942 3710 3015 3779 γῆ
3041 3710 3192 3780 ὑμῶν
3217 3708 3646 3781 ἐρημωθήσεται

2065 3798 2197 3870 (94),
2225 3801 2319 3852 καὶ
2345 3801 2503 3870 ὑμεῖς
2547 3799 3102 3872 διασκορπισθήσεσθε
3137 3800 3216 3863 εἰς
3235 3799 3333 3862 τὰς
3371 3799 3647 3870 τέσσαρας

2061 3890 2262 3958 γωνίας
2283 3890 2381 3961 τῆς
2407 3891 2530 3960 γῆς,
2556 3893 2650 3943 καὶ
2677 3891 2865 3944 ἔσεσθε
2889 3892 2945 3944 ἐν
2965 3891 3231 3961 διασπορᾷ
3253 3889 3646 3962 ἐξουθενούμε-

2062 3998 2160 4044 νοι,
2196 3982 2272 4045 ὡς
2297 3981 2438 4053 ὕδωρ
2464 3981 2758 4054 ἄχρηστον,
2784 3982 2888 4045 ἓως
2913 3977 2975 4035 οὗ
2995 3984 3024 4036 ὁ
3049 3981 3310 4051 ’Υψιστος
3332 3981 3644 4053 ἐπισκέψη-

2059 4089 2147 4124 ται
2181 4072 2280 4143 τὴν
2306 4073 2430 4144 γῆν,
2464 4074 2559 4126 καὶ
2581 4072 2745 4136 αὐτὸς
2775 4070 2944 4125 ἐλθὼν
2975 4071 3054 4135 ὡς
3083 4070 3367 4142 ἄνθρωπος
3385 4111 3402 4136 ,
3449 4071 3652 4125 ἐσθίων-

2061 4164 2156 4216 καὶ
2189 4163 2358 4216 πίνων
2381 4161 2520 4234 μετά
2540 4162 2649 4215 τῶν
2670 4163 2766 4216 ἀνθ
2775 4162 2992 4234 ρώπων,
3009 4163 3104 4214 καὶ
3127 4162 3186 4215 ἐν
3211 4161 3414 4233 ἠσυχίᾳ
3437 4162 3648 4233 συντρί-

2061 4252 2172 4306 ϐων
2196 4253 2295 4324 τὴν
2331 4255 2570 4326 κεφαλὴν
2591 4255 2684 4308 τοῦ
2701 4255 2991 4325 δράκοντος
3013 4253 3080 4306 δι’
3105 4253 3311 4315 ὓδατος.
3336 4248 3511 4316 Οὗτος
3539 4253 3642 4306 σώ-

2062 4362 2144 4397 σει
2169 4345 2259 4396 τὸν
2292 4345 2524 4417 Ἰσραὴλ,
2561 4346 2656 4399 καὶ
2689 4345 2867 4398 πάντα
2887 4343 2957 4397 τὰ
3009 4343 3169 4414 ἔθνη,
3199 4343 3334 4407 Θεὸς
3369 4345 3451 4407 είς
3474 4344 3644 4416 ἄνδρα

395 4412 528 4466 dant
552 4412 604 4464 in
627 4427 775 4466 eum.
806 4413 933 4484 Legi
961 4416 1108 4469 enim
1154 4416 1207 4469 in
1258 4419 1460 4475 tabulis
1492 4423 1786 4491 ccelorum,
1812 4429 1959 4498 quod

2073 4412 2486 4510 ὅποκρινέμενος
2523 4437 2653 4509 (96).
2707 4439 2912 4492 Εἴπατε
2945 4434 3036 4491 οὖν
3068 4412 3239 4491 ταῦτα
3282 4441 3399 4502 τοῖς
3429 4412 3643 4501 τέκνοις

397 4505 664 4559 increduli
688 4521 798 4560 non
829 4509 1067 4564 credetis
1092 4511 1146 4563 in
1171 4525 1320 4574 eum,
1347 4520 1401 4566 et
1425 4512 1591 4583 impie
1613 4530 1836 4586 agentes
1859 4522 1962 4575 im-

2068 4527 2218 4597 ὑμῶν
2247 4529 2318 4600 μὴ
2343 4529 2587 4582 ἀπειθεῖν
2611 4531 2779 4600 αὐτῷ.
2819 4531 3082 4600 Ἀνέγνων
3106 4529 3215 4600 γὰρ
3239 4531 3295 4583 ἐν
3315 4534 3438 4594 ταῖς
3479 4531 3643 4598 πλαξὶ

469 4619 511 4650 ³¹
539 4618 643 4673 lsa.
690 4635 744 4685 v,
770 4619 859 4674 20.
937 4621 980 4652 ³³
1008 4619 1165 4676 Joan.
1197 4640 1280 4692 nt,
1311 4623 1402 4680 2i.
1479 4627 1524 4658 “
1542 4627 1730 4684 Matth.
1761 4649 1836 4700 xi,
1868 4635 1953 4691 l9.

2073 4643 2074 4667 λ
2106 4640 2211 4694 lsa.
2248 4658 2370 4708 XLV,
2403 4642 2492 4696 15.

396 4729 580 4855 ϐέῗξ)
619 4730 938 4800 Ἀπείργων
973 4731 1037 4786 τὸ
1087 4733 1411 4805 amatorem?
1437 4736 1679 4804 ἀγαθοῦ.
1722 4740 1954 4800 Desunt.

445 4815 580 4954 21:37.)
613 4869 950 4954 71hr§cpﬂr._
969 4873 1076 4954 Ἑν⁵
1098 4873 1504 4954 τῇεύφροσύνῃ
1529 4880 1574 4954 ἡ.
1604 4881 1763 4951 μέθη,
1799 4883 1857 4934 ἐν
1883 4883 1961 4954 τῷ

396 4938 590 5064 limi.
599 4941 671 5062 11b
696 4941 907 5005 πένθος,
934 4945 990 4994 ἐν
1010 4941 1087 5012 τῷ
1127 4938 1288 5014 γάμῳ
1306 4938 1342 5003 ³1)
1373 4938 1616 5015 ἀκρασία
1638 4991 1652 5015 ,
1681 4938 1806 5005 add.
1834 4938 1956 5008 cod'.

449 5009 720 5149 xltggllzoi
745 5079 809 5149 τὸ
841 5079 964 5148 φῶς
987 5083 1051 5134 τὸ
1081 5085 1318 5149 σκότος.
1346 5083 1560 5140 Omissa
1591 5099 1735 5144 sunt.
1773 5089 1850 5145 lo.

464 5147 576 5269 (83)
601 5147 982 5228 [falcifer-tat.
1028 5153 1148 5205 Ὅτι
1193 5147 1287 5207 καί
1317 5156 1618 5226 πράσσουσι
1653 5161 1713 5212 τὸ
1749 5162 1919 5216 κακὸν
1942 5201 1956 5227 ,

464 5234 472 5269 ’.
514 5219 885 5269 συνευδοκουσι
908 5224 1018 5269 τοῖς
1048 5224 1365 5269 πράσσουσι-
1412 5227 1512 5269 add
1583 5229 1750 5269 nmlpx-
1782 5229 1934 5269 nm"

398 5219 493 5340 ἰιαὶ
514 5219 885 5272 συνευδοκοῦσι
908 5224 1018 5285 τοῖς
1048 5219 1375 5294 πράσσουσι,
1412 5227 1535 5281 add.
1583 5229 1755 5284 codex
1782 5219 1958 5288 Oxon.

426 5303 477 5340 ο.

468 5357 579 5426 (90)
607 5357 915 5441 Μιοςήσέιτε
938 5360 1009 5441 τῇ
1041 5361 1189 5441 κατὰ
1223 5362 1328 5441 τὸν
1369 5346 1709 5434 ἄνθρωπον..
1745 5371 1962 5441 Μιμού-

403 5443 572 5499 μενοι,
598 5427 737 5499 κατά
761 5427 867 5480 τῶν
891 5428 1210 5499 ἀνθρώπων.
1242 5432 1314 5486 In.

400 5497 582 5619 ID(9f)
615 5496 680 5549 Τὸ
723 5499 938 5563 κακὸν,
985 5496 1064 5565 ὧς
1097 5503 1304 5556 καλόν.
1337 5504 1425 5574 Τῷ
1465 5507 1640 5577 κακῷ,
1679 5510 1754 5572 ώς
1790 5509 1959 5581 καλῷ.

463 5603 584 5729 ίὲἓὶ
619 5637 1518 5729 Ξέρξυξξιέέςέεςὲεραμγθεέῖαιο
1549 5647 1625 5729 ιν.-

471 5706 583 5773 (95)
619 5707 784 5772 "Huc
815 5708 1079 5779 ἠγνόησε
1100 5706 1238 5778 τοὺς
1253 5706 1561 5784 ’ἀγγέλους
1589 5723 1830 5786 Κυρίου,
1869 5721 1967 5776 καὶ

2061 4750 2330 4804 ἀπώλετο
2367 4751 2477 4817 ἕως
2505 4753 2740 4819 αἰῶνος.
2782 4752 3008 4808 Desunt.
3037 4754 3114 4808 lo.

2135 4822 2246 4896 (94)
2310 4822 2800 4896 Ἐρημῳζίήοπςιναιζ
2854 4826 2962 4877 Καὶ
3003 4824 3074 4876 τὰ
3106 4825 3236 4892 ἅγια
3281 4825 3436 4896 ὑμῶν
3479 4844 3640 4882 κατα-

2063 4889 2420 4961 φθαρήσεται,
2451 4892 2576 4945 add.
2608 4895 2730 4946 cod.
2763 4891 2942 4947 Oxon.
2993 4896 3073 4948 ID.

2137 4960 2250 5025 (93)
2282 4961 2386 5013 Per
2408 4977 2620 5030 aquam.
2650 4961 2778 5016 Duae
2821 4963 2939 5018 istae
2964 4978 3126 5019 voces
3151 4965 3204 5018 in
3228 4967 3422 5021 codice
3446 4965 3539 5029 75,
3574 4971 3638 5022 fi-

2061 5045 2188 5099 nem
2215 5030 2571 5098 prtecedentis
2598 5032 2804 5099 periodi
2849 5033 3087 5097 faciunt,
3129 5050 3238 5089 non
3265 5049 3397 5090 vero
3434 5053 3636 5093 novam

2063 5098 2344 5161 inchoent,
2378 5109 2436 5152 nt
2463 5101 2514 5153 in
2543 5098 2733 5154 (ἰή-ιροο
2758 5104 2966 5157 codice.
2996 5102 3072 5156 lo.

2138 5169 2250 5242 (96)
2279 5169 2422 5242 Θεὸς
2441 5171 2529 5233 εἰς
2565 5169 2753 5242 ἄνδρα
2781 5173 3264 5242 ὑποκρινόμενος.
3299 5175 3532 5232 Desunt.
3560 5179 3636 5234 lo.

2061 5267 2134 5316 :—
2158 5237 2704 5316 Warthonus_tame_n
2731 5241 2782 5292 in
2807 5237 3026 5316 Auctor.
3063 5237 3280 5316 nam.
3315 5245 3561 5316 dogmat.
3582 5249 3630 5305 1.

2064 5305 2296 5387 ρεςεξτ-Εἰ,
2344 5325 2464 5378 pag.
2497 5308 2624 5387 522,
2670 5310 2974 5387 ha:c_verba
3001 5312 3128 5387 legit
3156 5316 3210 5367 in
3248 5329 3353 5387 ms:
3388 5305 3630 5387 archiep.

2065 5376 2325 5448 Cantuar.
2357 5376 2536 5448 eaque
2583 5380 2663 5433 sic
2692 5381 2884 5433 recitat
2908 5397 2923 5434 :
2946 5385 3022 5439 Δι’
3055 5376 3252 5445 ὓδατος
3291 5379 3446 5448 οὗτος
3474 5376 3635 5441 σώσει

2063 5447 2155 5499 τὸν
2199 5447 2415 5523 Ἰσραὴλ
2438 5447 2533 5523 καὶ
2558 5449 2734 5523 πέντα
2763 5449 2834 5523 τᾲ
2858 5449 3010 5523 ἔθνη,
3047 5451 3180 5514 Θεὸς
3201 5454 3281 5523 εἰς
3301 5447 3474 5523 ἄνδρα
3515 5458 3637 5510 ὐπο-

2065 5516 2402 5594 κρινόμένος.
2435 5516 2820 5594 lli_nc_Rohe_rti
2865 5516 3046 5574 versio
3077 5516 3461 5587 confirmatur,
3491 5527 3631 5594 apud

2065 5587 2229 5660 quem
2257 5588 2470 5660 duabus
2494 5587 2616 5641 istis
2641 5588 2890 5660 vocibus,
2917 5605 3010 5657 per
3031 5606 3222 5660 aquam
3240 5631 3256 5654 ,
3284 5606 3428 5646 nova
3456 5587 3632 5660 perio-

2065 5657 2170 5710 dus
2195 5657 2502 5734 inchoatur,
2534 5665 2594 5710 ut
2632 5658 2796 5713 modo
2843 5657 3104 5734 monebat
3141 5659 3404 5734 {Et-abluas.
3447 5657 3630 5734 Nequa

2066 5725 2500 5794 praetereundum
2551 5740 2750 5783 censeo
2773 5769 2788 5794 ,
2840 5729 2988 5798 quod
3023 5729 3165 5799 apud
3195 5729 3512 5788 Simonium
3535 5725 3628 5792 oc-
