3830 6216
433 310 567 365 “‘27

1476 301 1933 358 TESTAMENTA
1976 300 2065 354 XII
2102 295 2712 354 PATRIABCHARUM.

3552 280 3694 337 “28

434 430 618 486 minus
647 430 901 484 timentes
927 444 1075 492 eum,
1128 444 1236 482 non
1284 428 1337 480 in
1363 426 1623 488 tenebris,
1657 440 1760 478 nec
1810 424 1863 476 in
1893 423 2015 475 vin-

2132 419 2224 471 οὐκ
2272 419 2327 469 ἐν
2380 414 2581 475 σκότει,
2631 412 2663 485 ἢ
2707 410 3004 481 δεσμοῖς,ἢ
3046 405 3382 478 θλίψεσιν,ἢ
3410 407 3691 477 ἀνάγκαις

433 521 596 582 cutis,
628 536 726 573 nec
761 520 816 572 in
848 518 1323 581 tribulationibus,
1360 530 1459 569 nec
1491 516 1543 568 in
1570 512 2012 568 necessitatibus.

437 614 555 669 Non
606 615 751 668 enim
802 623 862 667 ut
911 614 1079 666 homo
1123 610 1480 667 confunditur
1524 611 1689 677 Deus,
1737 624 1837 663 nec
1863 618 1925 661 ut
1950 609 2016 660 ﬁ-

438 707 545 761 lius
586 706 827 760 hominis
874 703 1158 769 formidat,
1190 719 1368 772 neque
1398 712 1459 757 ut
1488 713 1740 757 terrenus
1766 701 2016 755 inﬁrma-

441 808 550 863 tur,
580 798 665 851 vel
713 798 1000 867 repellitur
1026 814 1039 862 ;
1088 796 1145 848 in
1170 796 1430 851 omnibus
1457 809 1589 849 vero
1615 795 1755 849 locis
1777 808 2018 863 praisens

440 896 544 951 cst,
573 896 626 940 et
662 887 716 940 in
757 888 940 941 modis
983 886 1370 941 differentibus
1416 888 1752 952 consolatur,
1782 888 1838 941 in
1866 885 2018 940 brevi

441 978 702 1032 recedens
726 978 791 1031 ad
814 978 1156 1047 probandum
1185 978 1383 1033 anima:
1403 978 1716 1032 consilium.
1744 976 1803 1031 In
1830 977 2017 1031 decem

443 1068 832 1121 tentationibus
859 1068 1151 1138 probatum
1184 1084 1272 1122 me
1299 1069 1651 1135 monstravit,
1677 1078 1733 1123 et
1757 1070 1811 1123 in
1838 1068 2019 1123 omni-

442 1160 544 1213 bus
573 1160 658 1213 his
685 1160 1021 1229 longanimis
1049 1159 1126 1213 fui
1153 1179 1167 1225 ;
1198 1161 1457 1230 quoniam
1499 1176 1698 1231 magna
1745 1162 2018 1217 medicina

436 1261 521 1307 est
544 1252 954 1321 longanimitas,
983 1261 1037 1306 et
1062 1252 1233 1305 multa
1262 1253 1405 1306 bona
1434 1253 1529 1307 dat
1552 1253 1896 1308 sustinentia.

522 1341 609 1394 ΙΙΙ.
658 1360 675 1392 ι
709 1340 937 1407 Quoties
962 1342 1217 1413 IEgyptia
1244 1344 1453 1397 minata
1471 1350 1557 1397 est
1602 1344 1736 1398 mihi
1763 1343 2020 1397 mortem?

438 1435 656 1503 quoties
704 1436 883 1504 poenis
939 1435 1158 1489 tradens
1206 1436 1483 1490 revocavit
1543 1450 1632 1489 me
1678 1436 1914 1501 mulier,
1964 1443 2019 1489 et

441 1525 651 1580 minata
679 1537 763 1581 est
810 1526 967 1592 mihi,
996 1542 1121 1581 cum
1167 1542 1476 1582 recusarem
1523 1542 1635 1581 rem
1665 1528 1867 1582 habere
1891 1543 2017 1583 cum

439 1618 539 1670 ea?
569 1618 794 1671 Dicebat
841 1628 1024 1672 autem
1078 1619 1258 1674 mihi:
1318 1638 1336 1670 ι
1373 1618 1755 1675 Dominaberis
1802 1620 2019 1675 mihiet

438 1712 699 1767 omnibus
726 1727 849 1780 quae
896 1726 1017 1767 mea
1042 1720 1192 1775 sunt,
1222 1712 1271 1767 si
1310 1713 1607 1769 tradideris
1645 1714 1881 1784 teipsum
1909 1714 2017 1769 mi.

2117 511 2192 563 Οὐ
2215 507 2325 579 γὰρ
2359 507 2437 569 t'u;
2473 505 2756 575 ἄνθρωπος
2795 500 3177 571 ἐπαισχύνεται
3214 500 3244 550 ὁ
3277 498 3435 562 Θεὸς,
3462 496 3596 551 οὔτε
3642 499 3709 564 ὡς

2117 601 2400 671 ἄνθρωπος
2450 598 2525 668 (Ἰ)
2568 596 2770 666 δειλιᾷ,
2829 593 2953 647 οὔτε
2994 593 3071 655 ὡς
3117 592 3356 662 γηγενὴς
3398 590 3711 659 άσθενεῖ,ῆ

2117 693 2415 746 ἀπωθεῖται
2441 708 2454 720 ·
2483 692 2541 744 ἐν
2571 692 2702 743 πᾶσι
2727 688 2785 740 δέ
2808 686 2993 749 τόποις
3019 684 3095 756 (8)
3120 684 3479 754 παρίσταται,
3519 682 3625 734 καὶ
3661 682 3712 731 ἐν

2115 789 2393 860 δικρόφοις
2420 786 2644 858 τρόποις
2670 784 2742 855 (9)
2777 781 3115 853 παρακαλεῖ,
3168 781 3225 832 ἐν
3251 779 3444 848 βραχεῖ
3485 776 3713 845 ἀφιστά-

2120 898 2279 953 μενος
2316 882 2395 944 είς
2424 878 2486 931 τὸ
2516 878 2804 947 δοκιμάσαι
2848 875 2950 943 τῆς
2972 872 3149 942 ψυχῆς
3172 872 3232 924 τὸ
3252 868 3590 924 διαδούλιον.
3632 866 3711 919 Ἑν

2115 974 2247 1028 δέκα
2272 974 2598 1043 πειρασμοῖς
2621 968 2842 1039 δόκιμόν
2866 984 2934 1037 με
2956 963 3217 1030 ἀνέδειξε,
3241 961 3337 1015 καὶ
3355 962 3414 1013 ἐν
3428 961 3609 1013 πᾶσιν
3630 958 3710 1012 (r3-

2116 1070 2229 1129 τοῖς
2284 1062 2754 1136 ἐμακροθύμησα·
2798 1060 2879 1113 ὅτι
2935 1056 3079 1128 μέγα
3142 1052 3435 1125 φάρμακόν
3476 1053 3632 1104 ἐστιν
3677 1051 3707 1119 ἡ

2120 1155 2489 1229 μακροθυμία,
2515 1156 2610 1208 καὶ
2634 1151 2807 1206 πολλὰ
2827 1149 3008 1219 ἀγαθὰ
3031 1148 3245 1201 δίδωσιν
3266 1148 3300 1217 ἡ
3327 1144 3608 1213 ὑπομονὴ.

2190 1340 2263 1392 1".
2311 1357 2329 1390 ι
2361 1337 2601 1401 Ποσάκις
2640 1338 2675 1408 ἡ
2722 1333 2999 1403 Αἰγυπτία
3021 1329 3282 1401 ἠπείλησέ
3308 1346 3401 1399 μοι
3442 1329 3701 1389 θάνατον,

2120 1430 2354 1492 ποσάκις
2393 1427 2691 1499 τιμωρίαις
2719 1422 3039 1495 παραδοῦσα
3065 1420 3178 1491 (10)
3217 1417 3591 1472 ἀνεκαλέσατό
3618 1434 3699 1486 με,

2117 1522 2211 1574 καὶ
2230 1518 2497 1591 ἠπείλησέ
2524 1535 2615 1589 μοι
2643 1517 2716 1588 μὴ
2741 1516 2944 1569 θέλοντι
2973 1511 3245 1566 συνελθεῖν
3269 1512 3406 1580 αὐτῇ
3434 1509 3552 1582 (ll)
3578 1526 3593 1573 ;
3624 1510 3701 1560 Ἔ-

2116 1614 2241 1681 λεγε
2266 1611 2325 1665 δέ
2352 1628 2440 1682 μοι
2461 1627 2474 1640 °
2511 1629 2530 1661 ι
2559 1609 2883 1680 Κυριεύσεις
2904 1623 3004 1678 μου
3032 1606 3129 1659 καὶ
3153 1606 3371 1658 πάντων
3394 1601 3511 1655 τῶν
3532 1601 3696 1672 ἐμῶν,

2116 1705 2211 1757 ἐὰν
2236 1701 2434 1772 ἐπιδῷς
2475 1699 2697 1753 σεαυτὸν
2722 1700 2803 1761 είς
2828 1697 2949 1768 ἐμὲ,
2980 1697 3075 1749 καὶ
3112 1695 3212 1767 ἔσῃ
3234 1694 3310 1757 ὡς
3336 1692 3616 1762 δεσπότης
3641 1692 3697 1760 ή-

440 1802 519 1866 hi,
545 1812 599 1857 et
641 1804 751 1858 eris
779 1803 924 1858 sicut
965 1803 1280 1859 dominator
1324 1805 1519 1860 nostri.
1554 1824 1573 1857 ι
1605 1780 1909 1876 Ego—igitur
1934 1822 2016 1862 re-

2132 1795 2255 1863 MN.
2271 1813 2292 1847 ι
2312 1791 2452 1861 Ἐγὼ
2478 1788 2571 1845 οὖν
2599 1787 3014 1861 ἐμιμνησκόμην
3032 1786 3204 1855 λόγων
3227 1782 3483 1852 πατέρων
3502 1780 3699 1851 πατρός

437 1895 703 1950 cordatus
739 1912 861 1950 sum
890 1911 1213 1951 sermonum
1246 1906 1462 1965 patrum
1486 1898 1657 1966 patris
1686 1898 1793 1953 mei
1817 1896 2017 1966 Jacob,

438 1994 493 2038 et
539 1985 854 2054 ingrediens
898 1986 952 2040 in
1005 1986 1187 2041 cubile
1215 1988 1439 2042 adoravi
1466 1987 1784 2055 Dominum,
1836 2000 1893 2045 et
1938 1992 2021 2061 je-

434 2079 625 2148 junavi
653 2089 861 2148 septem
888 2079 1051 2134 annis
1074 2080 1201 2145 illis,
1237 2090 1291 2134 et
1317 2081 1549 2149 apparui
1578 2080 1835 2151 Egyptio
1861 2084 2018 2152 quasi

441 2173 495 2225 in
544 2170 757 2225 deliciis
805 2171 1034 2237 vivens;
1087 2171 1349 2240 quoniam
1398 2180 1621 2240 propter
1667 2171 1833 2225 Deum
1872 2173 2021 2242 Μυ-

438 2277 631 2321 nantes
678 2266 835 2320 faciei
878 2267 1107 2336 gratiam
1155 2266 1449 2335 accipiunt.
1501 2262 1753 2336 Cumque
1776 2268 2014 2322 dabatur

439 2360 574 2412 mihi
622 2359 837 2422 vinum,
890 2374 999 2411 non
1050 2358 1337 2424 bibebam;
1386 2365 1441 2411 et
1488 2358 1543 2411 in
1589 2358 1852 2412 triduano
1875 2359 2021 2429 jeju-

442 2450 537 2503 nio
588 2449 771 2517 accepi
824 2464 1000 2502 meam
1030 2448 1247 2502 diaetam
1272 2489 1286 2512 ,
1317 2456 1371 2501 et
1397 2446 1566 2500 tribui
1591 2463 1711 2501 eam
1739 2450 2022 2519 egentibus

439 2550 495 2595 et
518 2539 771 2595 inﬁrmis.
804 2539 871 2593 Et
898 2555 1058 2593 mane
1083 2540 1337 2609 evigilavi
1367 2541 1432 2593 ad
1465 2537 1786 2605 Dominum,
1817 2550 1871 2595 et
1899 2540 2020 2594 [levi

442 2647 540 2700 pro
578 2630 927 2699 Memphitica
978 2629 1256 2700 Egyptia,
1303 2630 1565 2699 quoniam
1614 2630 1773 2685 valde
1816 2630 2021 2684 indesi-

442 2732 633 2778 nenter
666 2723 896 2776 molesta
918 2732 1037 2776 erat
1063 2722 1197 2775 mihi
1225 2740 1239 2783 ;
1265 2730 1320 2775 ct
1344 2731 1513 2777 noctu
1550 2721 1776 2777 intravit
1814 2722 1881 2776 ad
1910 2737 2017 2783 me,

440 2813 603 2883 quasi
647 2829 771 2882 qua:
823 2828 908 2867 me
948 2812 1187 2868 invisere
1239 2815 1433 2882 vellet;
1459 2823 1517 2869 et
1558 2816 1740 2886 primo
1764 2814 2025 2884 quidem,

439 2904 703 2974 quoniam
741 2904 885 2959 ﬁlius
909 2906 1187 2960 masculus
1233 2921 1343 2959 non
1386 2915 1505 2961 erat
1548 2907 1621 2973 ei,
1650 2907 1887 2977 ﬁngebat
1918 2906 2019 2960 ha-

441 2998 568 3050 bere
593 3011 680 3050 me
710 3005 769 3049 ut
807 2995 999 3049 lilium.
1031 2994 1095 3048 Et
1127 3000 1281 3049 oravi
1310 2997 1379 3051 ad
1424 2997 1751 3063 Dominum,
1780 3007 1834 3052 et
1855 3012 2019 3068 pepe-

442 3096 514 3150 rit
538 3109 771 3148 marem.
803 3092 987 3163 Usque
1013 3093 1081 3147 ad
1119 3095 1223 3148 hoc
1252 3103 1471 3164 tempus
1497 3103 1554 3149 ut
1585 3096 1758 3149 lilium
1786 3109 1874 3149 me
1900 3110 2017 3149 am-

443 3184 599 3252 plexa
646 3193 758 3249 est;
810 3192 864 3237 et
885 3198 987 3252 ego
1032 3184 1391 3253 ignorabam;
1418 3184 1655 3253 denique
1681 3199 1770 3239 me
1797 3184 1865 3240 ad
1898 3183 2015 3239 τοι·-
2044 3164 2085 3219 C

444 3274 772 3328 nicationem
800 3274 1124 3328 attrahebat.
1153 3272 1219 3327 Et
1244 3274 1555 3345 intelligens
1593 3276 1845 3332 tristatus
1895 3293 2018 3335 sum

444 3382 617 3436 usque
662 3366 730 3419 aol
786 3375 1051 3430 mortem;
1107 3373 1162 3419 et
1204 3376 1441 3421 exeunte
1484 3367 1599 3436 ipsa
1629 3370 1762 3424 redii
1789 3372 1854 3425 ad
1882 3371 2019 3425 mei-

445 3475 600 3529 psum
631 3500 647 3524 ,
704 3466 757 3512 et
791 3458 1048 3512 tristabar
1099 3457 1245 3513 illius
1272 3475 1437 3514 causa
1470 3476 1567 3529 per
1620 3462 1737 3517 dies
1794 3464 2016 3529 multos,

444 3555 573 3622 quia
602 3552 833 3621 cognovi
862 3552 1046 3605 dolum
1073 3551 1192 3619 ejus
1221 3560 1275 3605 et
1301 3566 1567 3607 errorem.
1597 3552 1663 3607 Et
1690 3554 1939 3609 dicebam
1968 3557 2017 3611 ei

446 3644 613 3699 verba
643 3643 936 3706 Altissimi,
964 3643 1009 3696 si
1038 3641 1179 3696 forte
1204 3650 1546 3697 averteretur
1570 3658 1601 3697 a
1626 3645 2020 3714 eoneupiscen-
2056 3662 2060 3665 ‘

445 3736 521 3789 tia
549 3749 646 3789 sua
676 3732 1005 3802 perniciosa.

527 3818 609 3879 IV.
648 3845 664 3875 ι
697 3824 922 3890 Quoties
974 3836 1034 3876 ut
1084 3823 1202 3877 viro
1228 3832 1421 3878 sancto
1460 3824 1515 3877 in
1541 3824 1727 3879 verbis
1780 3824 2020 3879 blandita

446 3927 530 3971 est
582 3917 739 3978 mihi,
791 3929 917 3968 cum
966 3913 1094 3968 dolo
1118 3930 1212 3982 per
1236 3915 1400 3968 verba
1438 3914 1671 3969 laudans
1699 3916 2011 3969 castitatem

448 4024 626 4063 meam
657 4020 844 4060 coram
870 4007 1072 4060 marito
1105 4020 1237 4071 suo,
1262 4007 1455 4059 volens
1478 4021 1731 4061 seorsum
1760 4007 2023 4075 supplan-

448 4111 566 4155 tare
593 4100 721 4153 me?
748 4096 1088 4151 Gloriﬁcavit
1134 4111 1222 4151 me
1269 4107 1328 4151 ut
1352 4105 1567 4151 castum
1599 4097 1654 4151 in
1685 4097 1977 4152 manifesto
2005 4139 2019 4162 ,

445 4198 501 4243 et
550 4189 604 4242 in
658 4185 981 4241 abscondito
1035 4183 1174 4237 dixit
1218 4182 1352 4237 mihi
1386 4202 1399 4237 :
1436 4202 1454 4234 ι
1488 4181 1566 4237 Ne
1609 4185 1805 4237 timeas
1843 4185 2019 4238 virum

449 4295 631 4335 meum
653 4297 667 4345 ;
695 4295 817 4332 nam
839 4290 1161 4347 persuasum
1189 4284 1273 4329 est
1294 4275 1341 4328 ei
1369 4275 1436 4329 de
1462 4274 1712 4329 castitate
1730 4283 1819 4328 tua
1845 4292 1859 4341 ;
1888 4275 2023 4330 adeo

449 4382 511 4427 ut
537 4371 790 4441 quamvis
836 4369 1037 4424 dixerit
1082 4367 1282 4435 aliquis
1320 4368 1370 4422 ei
1413 4366 1480 4420 de
1526 4367 1705 4430 nobis,
1754 4382 1862 4421 non
1912 4383 2023 4421 cre-

451 4467 623 4519 deret.
662 4482 680 4513 ι
708 4461 937 4531 Propter
989 4460 1104 4513 hzec
1150 4460 1335 4513 omnia
1383 4458 1607 4513 interra
1651 4459 1897 4529 jaeebam
1922 4474 2021 4527 ego
2053 4501 2096 4556 Β

448 4571 609 4610 sacco
636 4555 896 4620 indutus,
927 4560 981 4607 et
1006 4552 1339 4620 deprecabar
1378 4550 1694 4619 Dominum,
1727 4560 1787 4607 ut
1823 4553 2021 4606 libera—

452 4655 536 4700 ret
561 4662 647 4699 me
674 4644 743 4699 ab
766 4642 1045 4714 JEgyptia.
1077 4641 1148 4696 Ut
1172 4657 1299 4696 vero
1326 4642 1463 4696 nihil
1489 4643 1678 4709 valuit,
1707 4659 1896 4697 rursus
1923 4642 2025 4696 sub

453 4748 717 4811 przetextu
780 4736 1165 4790 instructionis
1205 4736 1482 4805 capiendae
1529 4737 1682 4790 venit
1724 4736 1790 4789 ad
1821 4751 1939 4800 me,
1966 4745 2027 4791 ut

452 4833 693 4887 disceret
736 4828 964 4883 verbum
1016 4824 1269 4892 Domini;
1315 4826 1529 4881 etdixit
1568 4827 1699 4881 mihi
1734 4844 1745 4878 :
1805 4846 1822 4877 ‹
1859 4826 1914 4879 Si
1945 4826 2025 4881 vis

452 4934 514 4977 ut
542 4922 851 4989 relinquam
882 4918 1052 4982 idola,
1079 4917 1398 4987 obtempera
1427 4918 1598 4983 mihi;
1629 4926 1683 4972 ct
1710 4916 2023 4988 ngyptium

452 5015 799 5089 persuadebo
850 5010 1107 5067 recedere
1162 5011 1231 5065 ab
1280 5012 1463 5079 idolis,
1491 5021 1546 5067 et
1588 5012 1643 5067 in
1667 5011 1784 5081 lege
1810 5011 2025 5066 Domini

527 5154 608 5223 (7)
648 5151 1013 5217 Ἀνθρωπος.
1040 5142 1165 5207 Υἱὸς
1196 5142 1483 5216 ἀνθρώπου
1507 5145 1672 5200 habet
1693 5144 1816 5201 cod.
1846 5141 2023 5200 Oxon.

453 5224 628 5280 Gnsa.

526 5295 603 5365 (8)
640 5292 864 5365 Τόποις.
895 5287 1135 5365 Τούτοις.
1166 5290 1239 5346 In.

529 5353 607 5435 (9)
638 5353 1223 5435 Δικρόέρριςῌτρόπρις.
1251 5358 1537 5435 Δ-ιαφόροις
1562 5353 1877 5435 τόποις-110.

531 5422 644 5505 illi)
690 5422 1069 5500 Ιιὶιρὶιδοίῦοῖα.
1121 5422 1485 5503 Πάραδοῦναι,
1540 5425 1818 5482 subintell.
1871 5422 2029 5495 ἠπεί-

456 5504 1287 5648 ληῗῗίῖῠοἏνεκαλλέιζατόμε,
1332 5566 1779 5648 κιιζ-ᾐεζειξὶησέ
1802 5583 1903 5648 μοι
1942 5562 2012 5633 μθ

457 5638 691 5703 θέλοιλτι
746 5643 1068 5697 συνελθεῖν
1113 5638 1285 5710 αὐτῇ.
1353 5640 1489 5692 Ἀλλ’
1532 5644 1559 5693 ὁ
1606 5639 1737 5701 Θεὸς
1764 5638 2000 5707 sapam

462 5716 659 5854 μεέιξί
702 5786 1010 5841 Επεδίδοιι.
1045 5785 1142 5841 Ms.
1175 5783 1402 5853 ἐπιδίδῃ.
1431 5778 1506 5835 In.

2125 1900 2224 1954 μου
2262 1882 2475 1947 Ἰακὼϐ,
2515 1882 2609 1935 καὶ
2630 1880 3007 1951 εἰσερχόμενος
3044 1878 3122 1941 εἰς
3148 1876 3208 1929 τὸ
3232 1877 3507 1946 ταμιεῖον,
3536 1888 3698 1944 προσ-

2122 1976 2372 2049 ηυχόμην
2423 1975 2633 2046 Κυρίῳ,
2684 1975 2778 2027 καὶ
2830 1974 3116 2045 ἐνήστευον
3161 1972 3241 2040 ἐν⁴
3259 1970 3373 2031 τοῖς
3408 1966 3557 2021 ἐπτὰ
3594 1966 3700 2018 ἐτε-

2124 2086 2207 2122 σιν
2232 2067 2481 2131 ἐκείνοις,
2498 2068 2591 2119 καὶ
2617 2064 2917 2136 ἐφαινόμην
2938 2062 3015 2133 τῷ
3031 2061 3310 2131 Αἰγυπτίῳ
3337 2060 3412 2123 ὡς
3442 2060 3503 2111 ἐν
3527 2058 3697 2129 τρυφῇ

2120 2160 2351 2226 διάγων·
2390 2159 2471 2210 ὅτι
2505 2158 2552 2209 οί
2580 2156 2668 2209 διὰ
2700 2156 2791 2208 τὸν
2816 2154 2948 2206 Θεὸν
2970 2150 3322 2223 νηστεύοντες
3358 2147 3455 2200 τοῦ
3489 2145 3697 2219 προσώο

2128 2268 2231 2303 που
2294 2249 2392 2320 τὴν
2450 2250 2607 2318 χάριν
2662 2243 3185 2317 προσλαμϐάνουσιν.
3252 2240 3378 2295 Ἐὰν
3424 2239 3485 2292 δὲ
3532 2238 3701 2291 ἐπεδί-

2120 2341 2211 2394 δου
2242 2342 2351 2412 (19.)
2384 2358 2474 2412 μοι
2498 2336 2659 2403 οἶνον,
2686 2338 2787 2392 οὑκ
2822 2336 3025 2389 ἔπινονο
3056 2335 3150 2388 καὶ
3190 2330 3572 2404 τριημερίζων
3596 2328 3698 2399 (15)

2121 2433 2424 2504 ἐλάμϐανόν
2453 2449 2553 2503 μου
2582 2430 2679 2501 τὴν
2702 2429 2934 2493 δίαιταν,
2960 2429 3053 2481 καὶ
3078 2426 3279 2479 ἐδίδουν
3313 2425 3490 2494 αὐτὴν
3514 2423 3698 2492 πένησι

2121 2526 2215 2579 καὶ
2230 2523 2561 2578 ἀσθενοῦσιν.
2581 2522 2691 2574 Καὶ
2707 2519 2818 2591 ῶρθ
2828 2520 2971 2591 ριζον
2989 2519 3123 2590 πρὸς
3141 2516 3362 2588 Κύριον,
3382 2516 3478 2567 καὶ
3495 2513 3701 2567 ἔκλαιον

2122 2618 2249 2687 περὶ
2276 2614 2536 2686 Μεμφίας
2582 2612 2690 2684 (Η)
2732 2612 2834 2680 τῆς
2860 2609 3183 2679 Αἰγυπτίας,
3212 2609 3293 2660 ὅτι
3318 2606 3532 2677 σφόδρα
3554 2606 3699 2658 ἀδια-

2120 2710 2351 2772 λείπτως
2368 2707 2586 2779 ἐνώχλει
2615 2722 2723 2777 μοι·
2754 2706 2849 2757 καὶ
2872 2705 2928 2756 ἐν
2951 2703 3106 2755 νυκτὶ
3135 2700 3305 2771 εἰσῄει
3329 2699 3470 2770 πρός
3498 2714 3567 2769 με
3587 2738 3601 2760 ,
3624 2698 3701 2749 λό-

2119 2822 2200 2875 γῳ
2236 2802 2606 2870 ἐπισκέψεως’
2650 2799 2744 2853 καὶ
2786 2796 2857 2851 τὰ
2901 2797 2999 2868 μὲν
3040 2795 3231 2868 πρῶτα
3258 2793 3371 2865 (15)
3397 2794 3482 2845 ὅτι
3521 2791 3700 2844 τέκνον

2120 2896 2405 2968 ἀρσενικὸν
2451 2895 2552 2946 οὐκ
2596 2889 2666 2963 ἦν
2715 2891 2891 2963 αὐτῇ,
2940 2886 3320 2960 προσεποιεῖτό
3351 2903 3419 2955 με
3465 2883 3703 2955 ἐχεινώς

2122 2990 2252 3043 υἱόν.
2303 2989 2413 3041 Καὶ
2451 2986 2704 3058 ηὐξάμην
2750 2983 2889 3056 πρὸς
2915 2982 3139 3054 Κύριον,
3184 2980 3277 3033 καὶ
3302 2979 3495 3031 ἔτεκεν
3518 2978 3700 3049 ipsa.

2123 3084 2268 3145 Ἕως
2294 3081 2487 3153 χρόνου
2516 3080 2590 3143 ὡς
2627 3077 2744 3131 υίδν
2771 3072 3201 3149 περιεπτύσσετὸ
3229 3089 3296 3143 με
3317 3088 3331 3100 ·
3361 3068 3523 3139 κάγὼ
3552 3068 3704 3139 ἠγνό-

2118 3192 2207 3227 ουν
2228 3190 2239 3202 ·
2268 3173 2491 3243 ἔσχατον
2517 3170 2628 3241 (16)
2670 3172 2749 3233 εἰς
2787 3166 3041 3239 πορνείαν
3070 3182 3134 3235 με
3174 3162 3544 3232 ἐφειλκύσατο
3574 3160 3701 3229 (Π).

2119 3266 2230 3318 Καὶ
2263 3265 2462 3333 νοήσας
2510 3259 2789 3331 ἐλυπήθην
2815 3258 2921 3321 ἕως
2954 3256 3185 3310 θανάτου
3205 3271 3219 3283 ·
3245 3253 3339 3305 καὶ
3380 3249 3705 3319 ἐξελθούσης

2118 3357 2307 3426 αὐτῆς,
2357 3350 2519 3424 ἦλθον
2560 3354 2641 3416 είς
2676 3351 2933 3422 ἐμαυτὸν,
2974 3349 3067 3400 καὶ
3110 3344 3388 3415 ἐπένθησα
3428 3344 3568 3414 περὶ
3609 3342 3702 3394 αύ-

2116 3445 2216 3515 τῆς
2252 3444 2465 3515 ἡμέρας
2504 3441 2724 3504 πολλὰς,
2771 3440 2851 3493 ὅτι
2899 3438 3068 3506 ἔγνων
3098 3436 3190 3490 τὸν
3213 3434 3361 3486 δόλον
3399 3432 3580 3502 αὐτῆς
3620 3432 3706 3485 καὶ

2116 3539 2217 3607 τὴν
2273 3536 2505 3607 πλάνην.
2552 3534 2663 3586 Καὶ
2714 3531 2901 3599 ελεγον
2945 3529 3083 3598 αὐτῇ
3131 3528 3352 3597 ῥήματα
3407 3525 3702 3593 Ὑψίστου,

2118 3636 2166 3686 εί
2192 3633 2302 3702 ἄρα
2323 3626 2657 3698 ἀποστρέψει
2682 3624 2789 3677 ἀπὸ
2816 3622 2916 3692 τῆς
2943 3618 3235 3689 ἐπιθυμίας
3256 3617 3427 3689 αὐτῆς
3471 3617 3579 3687 τῆς
3614 3634 3706 3669 πο-

2118 3722 2307 3794 νηρᾶςι

2191 3817 2265 3867 A'.
2326 3833 2345 3865 ι
2380 3812 2621 3873 Ποσάκις
2687 3809 2762 3872 ὡς
2802 3807 2946 3876 ἁγίῳ
2997 3804 3149 3875 ἀνδρὶ
3192 3802 3252 3855 ἐν
3292 3800 3478 3869 λόγοις
3530 3800 3707 3853 ἐκολά-

2121 3904 2282 3956 κευσὲ
2319 3920 2407 3974 με,
2457 3900 2593 3971 μετὰ
2640 3898 2791 3951 δόλου
2832 3895 2921 3948 διὰ
2960 3895 3216 3965 ῥημάτων
3266 3890 3577 3943 ἐπαινοῦσα
3615 3890 3709 3958 τὴν

2125 3995 2478 4067 σωφροσύνην
2516 4010 2615 4063 μου
2656 3989 2883 4043 ἐνώπιον
2920 3987 3012 4040 τοῦ
3060 3984 3253 4056 ἀνδρὸς
3280 3984 3475 4053 αὐτῆς,
3530 3983 3707 4053 βουλο-

2125 4089 2259 4159 μένη
2307 4085 2623 4155 καταμόνας
2659 4081 3015 4135 ύποσκελίσαι
3062 4096 3129 4149 με
3174 4077 3319 4148 (18);
3360 4074 3622 4141 Ἐδόξασέ
3647 4092 3705 4145 με

2122 4176 2197 4239 ὡς
2226 4174 2477 4244 σώφρονα
2500 4171 2772 4243 φανερῶς,
2799 4170 2891 4222 καὶ
2927 4170 2985 4221 ἐν
3011 4170 3191 4239 κρυφῇ
3219 4164 3375 4233 ἐλεγέ
3403 4182 3499 4236 μοι
3524 4182 3536 4193 ’
3571 4184 3590 4216 t
3621 4166 3706 4235 Μὴ

2122 4264 2363 4336 φοϐηθῇς
2406 4263 2496 4316 τὸν
2543 4261 2711 4332 ἄνδρα
2776 4276 2876 4331 μου
2903 4276 2915 4288 ·
2978 4257 3215 4327 καὶγὰρ
3273 4255 3576 4309 πέπεισται
3620 4272 3707 4307 πε-

2126 4358 2180 4428 ρὶ
2212 4357 2310 4427 τῆς
2357 4353 2711 4425 σωφροσύνης
2739 4369 2833 4404 σου
2854 4367 2866 4379 ·
2904 4350 2985 4402 ὅτι
3014 4347 3120 4401 κᾶν
3144 4346 3273 4417 εἴπῃ
3296 4362 3382 4408 τις
3408 4345 3566 4415 αὐτῷ
3590 4345 3709 4413 περὶ

2124 4444 2302 4516 ἡμῶν,
2339 4446 2399 4497 οὺ
2439 4444 2513 4514 μὴ
2550 4442 2835 4514 πιστεύσῃ.
2873 4460 2891 4492 ι
2933 4440 3024 4493 Ἑν
3068 4437 3279 4500 τούτοις
3312 4438 3453 4488 πᾶσι
3479 4437 3706 4507 ὲχαμαι-

2126 4535 2340 4588 κοίτουν
2373 4532 2483 4601 ἐγὼ
2526 4532 2659 4605 (19),
2704 4531 2797 4583 καὶ
2832 4528 3059 4599 ἐδεόμην
3102 4527 3195 4579 τοῦ
3222 4524 3381 4588 Θεοῦ,
3420 4526 3580 4589 ὅπως
3615 4527 3702 4597 ῥύ-

2127 4626 2285 4697 σηταί
2331 4642 2396 4695 με
2444 4625 2507 4677 ἐκ
2550 4623 2650 4693 τῆς
2692 4620 3013 4690 Αἰγυπτίας.
3067 4620 3154 4681 Ὠς
3188 4616 3245 4669 δὲ
3287 4616 3449 4670 οὐδὲν
3486 4617 3704 4688 ἴσχυσε.

2126 4720 2286 4772 πάλιν
2326 4718 2419 4771 ἐπὶ
2463 4716 2605 4785 λόγῳ
2644 4714 2998 4785 κατηχήσεως
3040 4711 3238 4781 ἤρχετο
3278 4707 3417 4777 πρός
3476 4725 3572 4777 με,
3616 4724 3706 4777 μα-

2127 4814 2237 4867 θεῖν
2280 4811 2437 4879 λόγον
2494 4808 2701 4876 Κυρίου
2724 4824 2735 4836 ·
2780 4807 2875 4859 καὶ
2907 4802 3061 4871 ἐλεγέ
3098 4818 3187 4872 μοι
3211 4817 3226 4832 ·
3263 4819 3281 4850 t
3312 4801 3377 4851 Εἰ
3402 4799 3606 4863 θέλεις,
3630 4800 3706 4851 ἵνα

2127 4903 2414 4959 καταλίπω
2449 4901 2519 4955 τὰ
2543 4901 2757 4965 εἴδωλα,
2789 4894 3153 4968 συμπείσθητί
3177 4893 3287 4965 (20)
3314 4910 3409 4963 μοι
3434 4908 3447 4923 '
3494 4893 3595 4946 καὶ
3626 4892 3707 4943 τὸν

2126 4998 2423 5068 Αίγύπτιον
2468 4996 2641 5049 πείσω
2665 4992 2965 5061 ἀποστῆναι
3002 4988 3112 5042 τῶν
3159 4985 3431 5049 εἰδώλων,
3467 4988 3531 5039 ἐν
3566 4986 3706 5056 νόμῳ

2201 5136 2314 5207 (l3)
2346 5130 2743 5207 Τριημερίζωχ.
2771 5129 2952 5207 Deest.
2982 5126 3056 5180 In.

2201 5195 2314 5276 (143
2667 5200 2947 5276 Qmissum
2972 5207 3076 5251 est.
3098 5195 3180 5276 ξι).

2198 5265 2309 5347 (155
2345 5265 2568 5347 Td'ﬁér
2592 5265 2792 5347 3:953?“
2828 5270 3047 5347 dcam"-
3098 5265 3234 5347 'P~..
3486 5345 3519 5347 -_

2204 5329 2315 5415 (16')
2348 5329 2669 5415 Ἕοτχατφῖ.
2697 5343 2817 5415 Ὅτι
2848 5339 3011 5393 habet
3038 5338 3161 5391 cod.
3190 5332 3374 5391 Oxon.
3397 5345 3527 5402 quae
3552 5329 3703 5384 lectio

2130 5410 2325 5471 melior
2362 5410 2495 5467 mihi
2525 5412 2759 5466 videtur.
2789 5410 2865 5463 In.

2204 5486 2316 5557 (l7)
2357 5484 2807 5557 Ἐφειλκύσατο.
2851 5474 3211 5557 Ἐφειλκύετο.
3238 5472 3313 5557 Ιι)τ

2206 5538 2319 5624 ξιὸδ
2348 5538 2724 5618 Πὸσάκις.....
2755 5538 3155 5624 ὑπρσὲετὶωαι
3180 5561 3282 5624 με..
3310 5538 3647 5624 υθειιιιικῐυ.Ἰ

2204 5608 2317 5696 (193
2359 5627 2460 5679 Ἐν
2504 5608 2736 5696 ζοῦτοις
2779 5619 2929 5675 πᾶσι
2972 5608 3435 5687 ἐχαμαὺιοίτουν
3453 5611 3589 5681 ἐγώ.
3625 5608 3701 5663 Ἐν

2135 5693 2322 5766 σάκκῳ
2349 5695 2472 5749 add.
2507 5693 2581 5747 ID.

2209 5756 2320 5839 (20')
2349 5766 2776 5837 Συμπεὶσθητι.
2808 5760 3098 5831 Συγγένου.
3131 5756 3202 5813 In.
