3830 6216
137 318 258 373 1129

1363 316 1883 375 TESTAMENTUM
1918 316 2193 376 ιοδΕΡιι.

3247 330 3379 387 H30

134 432 321 508 Κυρίου
362 452 453 489 σου
479 435 849 507 πορευόμενοι.
887 454 904 486 ι
942 436 1097 502 Λέγω
1120 433 1231 505 (21)
1257 433 1313 486 δέ
1336 434 1471 505 πρὸς
1496 434 1687 505 οιύτήν⁴

1807 432 1899 486 Dei
1926 434 2004 488 tui
2034 435 2455 493 ambulabimus.
2495 459 2513 491 ι
2546 440 2641 497 llis
2661 452 2793 515 ergo
2812 450 3064 519 respondi
3094 467 3109 505 :
3139 470 3159 504 ι
3194 450 3251 506 in
3274 454 3377 509 im-

36 518 53 614 ».
136 529 281 581 (Οὐκ
334 530 393 581 ὲν
444 529 757 601 ἀκαθαρσίᾳ
802 528 949 598 λέγει
1135 527 1338 598 Κύριος
1383 527 1687 596 σεϐομένου‹

1809 525 2079 579 munditia
2114 541 2222 580 non
2252 529 2359 582 vult
2383 528 2648 590 Dominus
2673 551 2797 592 esse
2823 518 3146 598 venerantes
3169 545 3372 614 ipsum,

40 634 45 637 '
129 621 298 685 αὐτὸν,
312 621 432 674 οὐδὲ
450 623 507 674 ὲν
524 624 633 685 τοῖς
657 620 993 692 μοιχεύουσιν
1014 621 1237 673 εὐδοκεῖ.
1253 639 1271 670 ι
1296 619 1539 688 Κάκείνη
1552 617 1687 671 ἐσιώ

1806 628 1982 685 neque
2010 615 2065 671 in
2092 617 2532 680 adulterantibus
2560 625 2700 683 bene
2724 629 2990 698 placitum
3020 642 3105 688 est
3145 636 3215 690 ei.
3254 651 3273 688 )
3305 636 3375 693 Et

44 726 51 731 ‘
128 730 263 783 πησε
301 712 445 785 (25)
483 712 721 767 ποθοῦσα
762 712 1039 766 ἐκτελέσαι
1086 710 1227 783 (24)
1260 711 1358 783 τὴν
1411 709 1687 781 ἐπιθυμίαι

1805 708 1898 763 illa
1959 709 2146 779 siluit,
2220 713 2539 775 desiderans
2604 723 2822 793 explere
2871 730 3374 799 concupiscentiam

36 820 45 827 ·
126 803 308 873 αὐτῆς.
351 802 524 872 Κάγὼ
558 803 908 876 προσετίθουν
947 803 1199 874 νηστείαν
1243 802 1335 855 κα).
1375 802 1701 873 προσευχὴν,

126 894 262 959 ὅπως
285 894 514 967 ρύσηταί
541 912 607 966 με
639 898 667 948 ὁ
689 895 891 966 Κύριος
915 895 1009 949 ἀπ’
1043 894 1230 965 αὐτῆς.

36 984 41 1013 ί
190 986 263 1039 Ε’.
305 1004 324 1037 ‹
354 986 525 1039 Πάλιν
544 985 600 1039 δὲ
624 987 680 1038 ἐν
706 985 877 1057 ἑτέρῳ
896 985 1071 1055 χρόνῳ
1090 983 1238 1053 λέγει
1267 1000 1357 1055 μοι
1381 1000 1394 1013 ·
1430 1002 1449 1034 ι
1484 984 1547 1036 Εί
1583 1001 1702 1055 μοι-

36 1076 43 1103 θ
124 1077 300 1148 χεῦσαι
348 1078 407 1129 ού
466 1077 661 1142 Θέλεις,
721 1078 831 1146 ἐγὼ
863 1076 1071 1148 ἀναιρῶ
1117 1076 1209 1130 τὸν
1238 1073 1566 1145 Αίγύπτιον,
1603 1074 1700 1128 καὶ

122 1168 285 1233 οὕτως
307 1168 457 1240 νόμῳ
485 1169 596 1241 (25)
621 1167 862 1240 λήψομαί
899 1185 958 1221 σε
982 1169 1063 1232 είς
1087 1167 1257 1239 ἄνδρα
1285 1206 1299 1219 .
1327 1186 1344 1217 ι
1402 1165 1542 1236 Ἐγὼ
1566 1161 1660 1219 οὖν
1679 1206 1695 1231 ,

120 1259 192 1322 ὡς
212 1260 415 1328 ἥκουσα
441 1258 618 1324 τοῦτο,
642 1259 900 1331 διέρρηξα
923 1258 1024 1330 τὴν
1043 1258 1234 1330 στολήν
1263 1273 1387 1329 μου,
1405 1259 1499 1311 καὶ
1520 1251 1691 1311 εἶπον·

126 1372 145 1404 ‹
169 1353 327 1406 Γύναι
346 1392 361 1417 ,
397 1352 672 1424 αἰδέσθητι
694 1354 786 1406 τὸν
819 1352 1023 1425 Κύριον
1042 1391 1057 1417 ,
1083 1352 1178 1406 καὶ
1222 1352 1297 1422 μὴ
1334 1352 1565 1424 ποιήσῃς
1596 1352 1697 1422 τὴν

121 1445 312 1517 πρᾶξιν
340 1444 543 1516 ταύτην
574 1444 673 1515 τὴν
706 1443 971 1514 πονηρὰν,
1017 1443 1104 1497 ἴνα
1150 1442 1224 1513 μὴ
1267 1438 1657 1513 ἐξολοθρευθῇς
1677 1457 1690 1470 ·

118 1542 195 1594 ὅτι
240 1540 332 1595 καί
357 1558 421 1609 γε
461 1539 572 1610 ἐγὼ
606 1539 882 1609 ἐξαγγελῶ
908 1538 1006 1610 τὴν
1030 1539 1272 1593 ἐπίνοιαν
1308 1538 1405 1607 τῆς
1442 1534 1695 1600 ἀσεϐείας

118 1650 208 1685 σου
238 1634 388 1685 πᾶσι.
425 1648 444 1682 ι
485 1630 787 1702 Φοϐηθεῖσα
823 1625 915 1684 οῦν
956 1630 1163 1703 ἐκείνη,
1188 1629 1363 1699 ἠξίου,
1392 1628 1481 1682 ῐνα
1505 1626 1694 1699 μηδενὶ

113 1723 414 1793 ἁναγγείλω
448 1723 549 1794 τὴν
585 1722 785 1776 κακίαν
825 1722 993 1793 αὐτῆς
1016 1739 1030 1753 ο
1070 1723 1165 1776 κα)⁸
1201 1719 1536 1793 ἀνεχώρησε,
1573 1718 1695 1773 θέλ-

1804 813 1979 855 suam.
2009 799 2076 856 Et
2113 818 2214 873 ego
2246 805 2431 862 addidi
2460 809 2733 880 jejunium
2764 823 2819 870 et
2858 820 3193 891 orationem,
3217 834 3278 881 ut
3301 825 3371 880 li-

1802 892 2028 947 beraret
2052 908 2137 949 me
2163 894 2431 954 Dominus
2465 904 2533 956 ab
2557 904 2694 973 ipsa.

1877 981 1945 1036 V.
1983 1002 2001 1034 ι
2041 982 2252 1044 Rursus
2278 1004 2408 1046 vero
2448 993 2557 1049 alio
2583 1004 2823 1067 tempore
2864 1001 2996 1057 dicit
3040 1005 3215 1062 mihi:
3250 1027 3271 1060 ι

1801 1073 2107 1168 adulterare
2160 1095 2267 1135 non
2322 1084 2429 1149 vis,
2478 1099 2579 1157 ego
2624 1091 2871 1147 occidam
2928 1095 3266 1168 Egyptium,
3315 1110 3374 1157 et

1801 1164 1879 1217 ita
1933 1164 2053 1235 lege
2101 1170 2370 1239 accipiam
2425 1182 2477 1227 te
2525 1177 2580 1229 in
2629 1178 2831 1235 virum.
2866 1201 2885 1234 ι
2937 1164 3051 1256 Ego
3088 1164 3272 1258 igitur,
3310 1200 3373 1247 ut

1799 1258 1988 1314 audivi
2013 1262 2139 1329 hoc,
2170 1265 2305 1320 scidi
2334 1268 2533 1324 stolam
2562 1288 2763 1342 meam,
2789 1286 2843 1331 et
2868 1278 3113 1336 dicebam
3144 1301 3158 1337 :
3203 1304 3222 1336 ι
3250 1284 3370 1341 Mu-

1796 1351 1915 1414 lier.
1970 1369 2219 1412 reverere
2266 1357 2459 1426 Deum,
2506 1371 2560 1416 et
2600 1380 2667 1420 ne
2712 1365 2884 1424 facias
2933 1371 3075 1428 hanc
3100 1378 3370 1444 pernicio-

1795 1459 2104 1538 samrem,
2157 1457 2220 1504 ut
2259 1467 2370 1506 non
2398 1454 2678 1525 dispereas
2707 1477 2721 1525 ;
2763 1462 3020 1538 quoniam
3048 1474 3101 1521 et
3140 1482 3240 1538 ego
3263 1485 3370 1525 an-

1792 1534 2059 1592 nuntiabo
2105 1540 2489 1608 cogitationem
2539 1532 2836 1616 impietatis
2879 1559 2985 1608 tua:
3031 1532 3307 1612 omnibus.
3340 1578 3360 1611 ι

1793 1623 2016 1685 Timens
2066 1629 2240 1701 igitur
2287 1633 2403 1701 illa,
2431 1638 2683 1707 rogabat,
2731 1652 2788 1696 ut
2820 1645 2952 1699 nulli
2982 1650 3365 1705 aununtiarem

1794 1719 2061 1777 malitiam
2098 1725 2255 1792 ejus;
2300 1735 2356 1781 et
2406 1731 2651 1797 recessit,
2699 1741 2921 1793 tentans
2970 1754 3057 1795 me
3103 1740 3286 1807 donis,
3309 1752 3367 1799 et

114 1787 288 1869 πουσά
314 1812 424 1885 (26)
540 1813 754 1886 δώροις,
782 1816 875 1868 καὶ
912 1787 1206 1886 πέμπουσα
1241 1787 1687 1887 ,πᾶσανΙάπόλαυ-

1797 1814 2018 1872 mittens
2064 1819 2199 1873 mihi
2246 1822 2453 1891 omnia,
2505 1840 2628 1895 qua:
2667 1837 2796 1883 sunt
2828 1830 2883 1885 in
2923 1847 3085 1889 usum
3121 1787 3362 1892 filiorum

117 1925 199 1960 σιν
226 1907 356 1960 υἱῶν
378 1906 476 1960 ἀνθ
486 1905 704 1977 ρώπων.

184 2019 274 2083 ς’.
307 2034 327 2067 ι
348 2016 458 2067 Kal
480 2014 798 2069 ἀποστέλλει
827 2033 916 2087 μοι
941 2015 1135 2087 βρῶμα
1158 2018 1215 2069 ἐν
1239 2015 1464 2086 γοητείᾳ
1484 2031 1693 2086 πεφυρ-

113 2107 291 2175 μένον.
337 2108 449 2161 Καὶ
486 2106 561 2171 ὡς
596 2102 759 2178 ἦλθεν
800 2108 830 2159 ό
867 2106 1119 2179 εὐνοῦχος
1163 2110 1191 2161 ὁ
1241 2107 1479 2178 κομίζων
1526 2107 1689 2169 αὐτὸ,

109 2197 409 2267 ἐνέϐλεψα,
446 2199 540 2251 καὶ
576 2193 715 2251 εἶδον
767 2196 995 2270 φοϐερὸν
1027 2198 1231 2270 ἄνδρα,
1262 2196 1566 2251 ἐπιδιδόντα
1601 2215 1690 2269 μοι

112 2293 251 2363 μετὰ
276 2293 371 2346 τοῦ
413 2292 667 2362 τρυϐλίου
711 2293 1002 2364 μάχαιραν.
1030 2294 1140 2345 Kal
1184 2292 1424 2362 συνῆκα,
1465 2292 1547 2345 ὅτι
1595 2308 1690 2345 πε-

110 2386 325 2458 ριεργία
351 2384 487 2456 αῦτη
511 2386 591 2449 εἰς
610 2385 983 2456 άποπλάνησιν
1003 2384 1189 2454 ψυχῆς
1217 2384 1354 2437 ἐστι.
1385 2385 1516 2447 Καὶ,
1538 2382 1688 2448 ἐξελ-

106 2478 294 2540 θόντος
335 2475 533 2541 αὐτοῦ,
581 2476 833 2539 ἔκλαιον,
872 2475 1007 2547 μήτε
1052 2473 1293 2537 ἐκείνου,
1347 2475 1483 2546 μήτε
1528 2472 1687 2527 ἄλλου

105 2569 446 2639 γευσάμενος
491 2566 805 2637 ἐδεσμάτων
847 2566 1039 2636 αὐτῆς.
1083 2564 1241 2620 Μετά
1272 2564 1328 2617 δὲ
1378 2565 1508 2635 μίαν
1545 2565 1684 2635 ὴμέ-

107 2680 209 2730 ραν
255 2660 485 2714 ἐλθοῦσα
528 2660 664 2733 πρὸς
703 2660 789 2730 μὲ,
838 2658 1052 2727 ἐπέγνω
1080 2658 1141 2711 τὸ
1173 2658 1386 2729 βρῶμα,
1414 2658 1509 2711 καὶ
1534 2657 1683 2726 λέγει

106 2756 245 2827 πρὸς
284 2771 358 2826 με
382 2771 396 2784 ο
440 2773 457 2805 ι
481 2753 547 2807 Τί
582 2753 759 2817 τοῦτο,
803 2752 885 2804 ὅτι
930 2752 1031 2805 οὐκ
1052 2751 1250 2821 ἔφαγες
1275 2751 1384 2805 ἀπὸ
1420 2748 1515 2805 τοῦ
1546 2749 1685 2822 βρώ-

106 2864 312 2915 ματοςς
344 2866 363 2898 ι
405 2848 515 2900 Καὶ
551 2844 701 2900 εἷπον
736 2845 871 2917 πρὸς
911 2845 1114 2915 αύτήν·
1158 2865 1178 2897 ι
1206 2845 1327 2898 Ὅτι
1364 2844 1686 2916 ἐπλήρωσας

101 2938 239 2991 αὐτὸ
273 2936 525 2992 Θανάτου.
588 2938 698 2990 Kal
753 2935 870 3001 πῶς
925 2932 1122 2999 εἶπας,
1166 2936 1248 2989 δτι
1317 2935 1420 2988 οὐκ
1483 2932 1686 3003 ἐγγίζω

100 3034 218 3095 τοῖς
274 3030 534 3095 εἰδώλοις,
589 3029 726 3084 ἀλλά
779 3029 970 3102 Κυρίῳ
1035 3029 1180 3100 μόνῳ
1223 3028 1377 3101 (27);
1417 3027 1532 3081 Νῦν
1591 3022 1685 3080 οὖν

1795 1906 2105 1966 hominum.

1860 2020 1947 2076 Vl.
1984 2042 2003 2074 ι
2040 2023 2106 2078 Ει
2133 2026 2283 2082 misit
2309 2029 2440 2084 mihi
2484 2033 2665 2088 cibum
2712 2035 3079 2095 incantatione
3130 2044 3366 2098 commi-

1792 2118 1958 2166 stum.
1987 2112 2053 2168 Et
2081 2123 2137 2169 ut
2179 2117 2329 2173 venit
2369 2122 2657 2178 eunuchus
2682 2122 2860 2182 ferens
2908 2128 3092 2197 illum,
3122 2134 3360 2203 respexi,

1790 2214 1845 2257 et
1894 2205 2002 2258 vidi
2048 2205 2229 2261 virum
2278 2210 2610 2280 terribilem,
2679 2216 2981 2273 tradentem
3046 2221 3183 2277 mihi
3231 2239 3358 2281 cum

1790 2296 1944 2351 aisco
1971 2292 2649 2373 gladiumﬁEthtellexi,
2692 2310 2838 2378 quod
2867 2310 2980 2366 haec
3020 2314 3241 2370 curiosa
3269 2331 3359 2372 se-

1788 2385 1991 2443 dulitas
2015 2389 2071 2443 in
2097 2391 2474 2449 seductionem
2500 2405 2647 2452 esset
2678 2400 2874 2455 anima:
2898 2418 3053 2460 meae.
3081 2404 3147 2459 Et
3171 2422 3361 2479 egres-

1789 2492 1852 2532 so
1880 2493 1968 2542 eo,
2021 2479 2241 2547 flebam,
2271 2499 2448 2555 neque
2489 2486 2661 2553 illum,
2704 2504 2881 2561 neque
2906 2494 3074 2549 alium
3103 2497 3357 2554 ciborum

1789 2568 1962 2637 ipsius
1999 2568 2288 2640 (mulieris)
2334 2581 2585 2644 gustans.
2628 2574 2762 2633 Post
2811 2595 2981 2635 unum
3021 2582 3189 2653 igitur
3211 2585 3355 2640 diem

1788 2660 1905 2729 ipsa
1947 2661 2170 2718 veniens
2196 2663 2264 2719 ad
2290 2680 2398 2731 me,
2427 2671 2682 2738 cognovit
2706 2672 2909 2739 cibum,
2939 2684 2992 2729 et
3014 2674 3150 2730 dixit
3173 2678 3306 2732 mihi
3338 2697 3355 2735 :

1790 2769 1811 2801 ι
1844 2751 1987 2817 Quid
2017 2753 2122 2809 hoc
2155 2762 2259 2818 est,
2286 2758 2433 2826 quod
2482 2775 2593 2815 non
2617 2765 2900 2820 comedisti
2935 2765 3003 2822 de
3042 2768 3209 2823 cibo?
3239 2789 3258 2822 ι
3289 2769 3357 2825 Ει

1784 2841 2032 2897 dicebam
2074 2844 2168 2899 ei:
2199 2863 2219 2896 ι
2249 2846 2519 2912 Quoniam
2573 2848 2813 2921 implesti
2862 2853 3014 2909 illum
3062 2865 3258 2912 morte.
3286 2856 3357 2913 Et

1787 2934 2068 3004 quomodo
2114 2937 2321 3003 dixisti,
2371 2940 2518 3009 quod
2567 2955 2679 2997 non
2724 2944 3101 3015 apprOpinquo
3157 2946 3353 3017 idolis,

1787 3027 1881 3081 sed
1907 3027 2139 3083 Domino
2163 3029 2309 3085 soli?
2330 3028 2488 3086 Nunc
2512 3028 2682 3103 igitur
2723 3048 3013 3103 cognosce,
3038 3039 3184 3108 quod
3208 3037 3357 3095 Deus

98 3120 271 3191 γνῶθι
295 3161 311 3184 ,
354 3121 436 3174 ὅτι
503 3121 533 3172 ὁ
586 3120 717 3184 Θεὸς
780 3118 876 3173 τοῦ
933 3119 1137 3190 πατρός
1188 3136 1287 3190 μου
1349 3119 1417 3172 δι’
1451 3117 1683 3187 ἀγγέλου

1791 3119 1962 3188 patris
1988 3120 2096 3175 mei
2144 3136 2243 3191 per
2287 3123 2544 3194 angelum
2590 3125 2851 3180 revelavit
2901 3129 3035 3183 mihi
3082 3130 3351 3187 malitiam

98 3211 424 3281 ἀπεκάλυψέ
476 3228 565 3282 μοι
597 3211 696 3282 τὴν
735 3210 934 3263 κακίαν
974 3226 1090 3274 σου,
1138 3211 1231 3263 καὶ
1270 3208 1513 3279 ἐτήρησα
1553 3208 1685 3263 αὐτὸ

98 3307 180 3367 είς
206 3303 425 3373 ἐλεγχόν
449 3319 562 3363 σου,
587 3302 635 3353 εί
672 3301 779 3373 ἄρα
804 3300 985 3354 ίδοῦσα
1006 3301 1138 3354 αὐτὸ
1166 3302 1536 3371 μετανοήσεις.
1568 3301 1684 3353 Ἵνα

95 3396 155 3449 δὲ
192 3394 395 3468 μάθῃς,
441 3392 655 3446 ὅτιτῶν
695 3394 753 3446 ἐν
796 3391 1118 3464 σωφροσύνῃ
1162 3392 1294 3445 Θεὸν
1333 3392 1598 3445 σεϐόντων
1621 3392 1680 3443 οὐ

97 3486 389 3557 κατισχύει
413 3483 580 3537 κακία
607 3481 967 3545 ἀσεϐούντων,
985 3480 1165 3535 λαϐὼν
1188 3480 1418 3535 ἐνώπιον
1441 3482 1608 3551 αὐτῆς
1626 3480 1683 3533 ἔ-

96 3596 298 3647 φαγον,
341 3575 541 3629 εἰπών·
602 3593 621 3626 ι
656 3574 714 3628 '0
756 3574 889 3638 θεὸς
924 3573 1035 3627 τῶν
1080 3572 1330 3644 πατέρων
1358 3589 1459 3643 μου
1481 3611 1496 3636 ,
1532 3573 1626 3625 κα)¹
1655 3573 1683 3625 ό

92 3669 332 3738 ἄγγελος
366 3663 618 3738 Ἀϐραὰμ
660 3664 813 3720 ἔσται
853 3667 970 3737 μετ’
1026 3664 1183 3737 ἐμοῦ.
1216 3685 1234 3717 ι
1286 3664 1351 3717 Ἦ
1387 3664 1444 3717 δὲ
1489 3662 1684 3717 ἔπεσεν

92 3759 191 3811 ἐπὶ
217 3758 511 3828 πρόσωπον
546 3760 626 3822 εἰς
656 3758 782 3823 τοὺς
815 3758 982 3822 πόδας
1010 3776 1111 3829 μου
1131 3798 1147 3821 ,
1176 3758 1271 3811 καὶ
1296 3757 1525 3810 ἔκλαυσε
1545 3772 1560 3786 ⁶
1589 3755 1683 3809 καὶ

92 3848 413 3920 ἀναστήσας
437 3848 604 3920 αὐτὴν
645 3848 971 3920 ἐνουθέτησα
994 3865 1008 3879 ·
1048 3850 1144 3903 καὶ
1198 3848 1447 3902 συνέθετο
1477 3845 1570 3900 τοῦ
1606 3846 1682 3917 μὴ

91 3940 329 4009 ποιῆσαι
362 3940 445 3994 ἐτι
466 3940 564 4011 τὴν
590 3941 844 3995 ἀσέϐειαν
866 3940 1089 4010 ταύτην.

165 4053 247 4105 Ζ’.
282 4071 303 4104 ι
332 4052 455 4105 Ὅτι
481 4050 591 4125 (28)
614 4052 670 4106 δὲ
696 4055 729 4124 ὴ
771 4052 967 4124 καρδία
1003 4051 1175 4123 αὐτῆς
1209 4051 1445 4107 ἐνέκειτο
1477 4051 1557 4114 είς
1584 4049 1683 4120 ἐμὲ

88 4143 239 4215 πρὸς
285 4142 580 4196 ἀκολασίαν
602 4181 617 4207 ,
658 4146 752 4197 καὶ
786 4144 896 4216 (29)
937 4142 1265 4207 στενάζουσα
1316 4143 1684 4212 προσέπιπτεν

90 4234 237 4305 (50).
276 4232 422 4286 Ἰδὼν
464 4234 521 4288 δὲ
555 4236 583 4287 ὁ
607 4232 923 4303 Αἰγύπτιος,
966 4233 1115 4302 λέγει
1156 4232 1293 4303 πρὸς
1318 4232 1523 4303 αὑτήν⁸
1557 4249 1576 4282 ι
1617 4228 1683 4282 Τί

89 4328 372 4382 συνέπεσε
418 4329 479 4382 τὸ
523 4329 812 4400 πρόσωπόν
847 4344 979 4387 σου;
1024 4346 1042 4379 ι
1080 4327 1145 4381 Ἡ
1171 4327 1228 4379 δὲ
1268 4320 1422 4379 εἷπε·
1463 4343 1482 4376 ι
1515 4324 1684 4377 Πόνον

88 4422 335 4494 καρδίας
352 4420 503 4490 ἀλγῶ
544 4421 675 4490 ἐγὼ,
710 4422 804 4474 καὶ
828 4422 879 4474 οί
913 4419 1205 4490 στεναγμοὶ
1240 4417 1333 4470 τοῦ
1377 4415 1683 4486 πνεύματός

1785 3219 1955 3279 tuam,
1983 3218 2038 3266 et
2079 3212 2293 3267 servavi
2317 3214 2522 3285 -cibum
2565 3215 2621 3269 in
2666 3218 3106 3287 redargutionem
3151 3223 3251 3289 tui,
3304 3224 3355 3280 si

1783 3303 1923 3359 forte
1938 3304 2129 3359 videns
2153 3305 2303 3360 illum
2322 3307 2605 3376 poeniteas.
2630 3306 2698 3362 Ut
2727 3325 2859 3365 vero
2877 3311 3078 3380 discas,
3098 3316 3243 3384 quod
3265 3314 3353 3373 bis

1781 3395 1872 3465 qui
1904 3397 1958 3450 in
1987 3398 2239 3454 castitate
2265 3398 2555 3455 Dominum
2578 3412 2927 3472 venerantur,
2963 3421 3072 3459 non
3100 3407 3356 3474 praevalet

1779 3487 1986 3543 malitia
2008 3490 2173 3560 impie
2194 3492 2491 3563 agentium,
2516 3512 2539 3547 ›
2563 3494 2835 3565 accipiens
2876 3511 3060 3552 coram
3099 3499 3217 3567 ipsa
3263 3512 3354 3554 co-

1776 3578 1952 3645 medi,
1983 3580 2170 3639 dicens
2202 3601 2218 3637 :
2246 3602 2266 3635 ι
2300 3582 2445 3641 Deus
2483 3595 2700 3657 patrum
2728 3603 2975 3644 meorum
2994 3632 3011 3656 ,
3041 3597 3097 3645 et
3127 3589 3357 3661 angelus

1782 3671 2078 3738 Abraham,
2107 3670 2211 3725 erit
2236 3685 2474 3725 mecum.
2504 3688 2524 3722 ι
2557 3670 2650 3726 Illa
2676 3687 2805 3727 vero
2832 3674 3025 3728 cecidit
3057 3676 3111 3728 in
3155 3674 3353 3731 faciem

1783 3766 1853 3821 ad
1898 3764 2063 3833 pedes
2117 3777 2292 3829 meos,
2324 3772 2378 3817 et
2426 3761 2574 3817 flevit
2604 3778 2617 3816 :
2650 3771 2705 3818 et
2730 3763 2944 3833 erigens
2969 3764 3119 3819 illam
3153 3766 3352 3821 admo-

1782 3858 1918 3925 nui;
1954 3866 2007 3913 et
2034 3858 2287 3928 promisit
2343 3872 2403 3913 se
2450 3870 2563 3911 non
2614 3870 2738 3912 esse
2788 3855 3061 3912 facturam
3115 3858 3352 3929 amplius

1783 3950 2114 4019 impietatem
2147 3950 2309 4003 hanc.

1856 4037 1970 4096 νη.
2007 4060 2025 4093 ι
2062 4040 2256 4095 Adhuc
2298 4054 2428 4095 vero
2477 4054 2575 4094 cor
2631 4039 2806 4109 ipsius
2853 4039 2910 4094 in
2953 4056 3041 4095 me
3060 4040 3353 4098 exarserat

1783 4133 1851 4188 ad
1891 4131 2244 4198 adulterium,
2272 4138 2327 4185 et
2350 4130 2715 4200 ingemiscens
2740 4130 2958 4185 cecidit.
2996 4130 3199 4188 Videns
3217 4148 3349 4189 vero

1781 4238 1902 4279 eam
1952 4221 2273 4293 Egyptius,
2330 4222 2465 4277 dicit
2524 4222 2575 4277 ei
2608 4239 2622 4277 :
2659 4239 2678 4272 ι
2710 4221 2852 4288 Quid
2897 4224 3138 4278 concidit
3181 4219 3351 4281 facies

1782 4316 1923 4371 tua?
1955 4334 1975 4367 ι
2013 4315 2104 4370 Illa
2133 4331 2262 4370 vero
2288 4315 2427 4369 dixit
2458 4331 2474 4370 :
2510 4332 2529 4366 ι
2562 4313 2759 4370 Dolore
2801 4316 2984 4371 cordis
3030 4332 3131 4387 ego
3169 4318 3348 4386 doleo,

1782 4417 1837 4463 et
1865 4410 2099 4478 gemitus
2139 4409 2367 4478 spiritus
2410 4409 2519 4462 mei
2551 4408 2933 4478 constringunt
2956 4424 3063 4464 me.
3092 4408 3156 4465 Et
3184 4426 3350 4467 cura-

91 4530 205 4583 μου
243 4512 527 4583 συνέχουσι
553 4529 639 4583 με.
675 4531 693 4563 ›
720 4513 830 4566 Kal.
848 4511 1210 4582 ἐθεράπευσεν
1231 4506 1399 4579 αὐτὴν
1422 4508 1496 4578 μὴ
1517 4504 1677 4559 ἀσθε-

1791 4501 1875 4555 bat
1916 4515 2037 4555 eam
2088 4516 2199 4553 non
2250 4508 2628 4570 aegrotantem.
2682 4497 2838 4554 Tunc
2889 4499 3101 4554 insiluit
3143 4501 3212 4555 ad
3237 4517 3349 4567 me,

87 4602 324 4657 νοῦσαν.
352 4603 485 4656 Τότε
506 4604 830 4675 εἰσεπήδησε
860 4602 997 4673 πρὸς
1038 4601 1126 4671 μὲ,
1169 4599 1250 4652 ἔτι
1284 4599 1388 4665 ἔξω
1412 4599 1562 4660 ὄντος
1586 4594 1679 4649 τοῦ

86 4694 296 4766 ἀνδρὸς
320 4694 508 4764 αὐτῆς,
537 4693 632 4746 καὶ
648 4692 795 4762 λέγει
823 4709 911 4764 μοι
928 4709 943 4722 ο
968 4711 986 4743 ι
1018 4692 1309 4761 Ἀγχομαι,
1332 4688 1365 4757 ἢ
1387 4689 1464 4752 είς
1484 4687 1678 4758 φρέαρ,

88 4783 125 4855 ἢ
154 4785 240 4848 εἰς
268 4784 514 4855 κρημνὸν
554 4783 729 4854 ῥίπτω
767 4783 1010 4854 ἐμαυτὴν
1032 4821 1047 4845 ,
1092 4780 1186 4834 ἐὰν
1237 4779 1312 4850 μὴ
1342 4776 1680 4849 συμπεισθῇς

90 4879 214 4949 (51)
244 4896 357 4949 μοι.
393 4896 411 4929 ι
450 4879 561 4931 Kal.
588 4878 806 4948 νοήσας,
831 4877 912 4929 ὅτι
933 4876 994 4928 τὸ
1018 4874 1232 4945 πνεῦμα
1254 4873 1347 4926 τοῦ
1375 4872 1568 4945 Βελιάρ
1592 4872 1681 4926 αύ-

84 4969 198 5039 τὴν
226 4967 346 5040 (52)
376 4967 599 5039 ἐνοχλεῖ,
628 4967 1067 5039 προσευξάμενος
1090 4966 1299 5038 Κυρίῳ,
1329 4959 1481 5018 εἶπον
1502 4965 1638 5037 αὐτῇ
1661 4983 1674 4996 ·

92 5076 116 5110 ι
156 5059 285 5111 Ἵνα
308 5060 362 5112 τί
386 5060 635 5131 ταράσσῃ
666 5059 762 5110 καὶ
790 5056 1012 5129 θορυϐῇ,
1042 5058 1098 5109 ἐν
1123 5054 1416 5127 ἁμαρτίαις
1441 5056 1681 5124 τυφλώτ-

197 5218 301 5287 21)
324 5218 507 5287 Λέγω.
541 5217 787 5286 Ἔλεγον.
818 5216 986 5271 Gmn.

197 5218 268 5271 21
324 5218 507 5287 Λέγω.
541 5218 787 5286 Ἔλεγον.
818 5218 986 5271 Gmn.

170 5218 301 5357 (22)
326 5289 515 5357 Λέγει.
563 5289 737 5351 Θέλει,
774 5298 919 5341 recte
956 5282 1444 5357 legitcodanon.
1492 5283 1567 5338 In.

172 5355 300 5429 (25)
341 5355 697 5427 Ἐσιώπησε.
717 5357 1088 5427 Ἐφιλονείκει,
1113 5355 1259 5427 quod
1282 5357 1441 5425 plane
1467 5364 1681 5410 contra-

88 5429 250 5483 rium
284 5439 465 5485 sonat.
494 5431 568 5484 In.

172 5497 302 5568 (24)
344 5501 707 5554 Ἐκτελέσαι.
747 5498 993 5551 Τελέσαι.
1024 5496 1102 5555 In.

172 5567 301 5640 @5)
330 5572 521 5638 Νόμῳ.
562 5570 826 5640 Νομίσας.
854 5569 929 5622 In.

171 5638 304 5711 (26)
335 5638 672 5695 samum
716 5640 855 5708 Lege
884 5640 1164 5708 θέλγουσα.
1194 5638 1269 5693 In.

172 5707 301 5777 (27)
328 5716 523 5779 Κυρίῳ
541 5712 725 5781 μόνῳ.
756 5707 829 5763 Es
861 5707 1121 5765 venellcio
1160 5710 1429 5764 idolorum
1472 5707 1678 5781 cultum

91 5783 326 5853 colligit
374 5779 664 5845 Josephus.
718 5781 1029 5835 ldololatria
1067 5781 1266 5852 quippe
1293 5790 1345 5836 et
1373 5779 1551 5849 magia
1586 5794 1678 5850 ge-

451 5874 726 5935 PATBOL.
772 5877 889 5938 Gn.
936 5877 1015 5937 ll.

1782 4592 1961 4648 adhuc
1988 4590 2122 4646 foris
2147 4591 2442 4647 exsistente
2462 4592 2582 4645 viro
2605 4606 2728 4657 suo,
2752 4601 2805 4646 et
2826 4592 2957 4647 dicit
2986 4592 3119 4647 mihi
3147 4612 3201 4648 τι
3229 4594 3351 4650 Suf-

1782 4681 1957 4750 focor,
2009 4682 2095 4737 vel
2144 4683 2200 4735 in
2247 4691 2513 4751 puteum,
2570 4680 2653 4735 vel
2701 4683 3061 4752 praecipitium
3119 4684 3350 4755 projicio

1779 4774 2073 4845 meipsam,
2128 4775 2238 4829 nisi
2283 4774 2419 4828 mihi
2470 4775 2954 4844 obtemperaveris.
2993 4795 3011 4828 ι
3042 4775 3110 4831 Ει
3150 4778 3350 4832 intelli-

1780 4883 1932 4939 gens,
1964 4867 2111 4937 quod
2160 4865 2384 4935 spiritus
2416 4864 2595 4920 Beliar
2636 4867 2812 4935 ipsam
2837 4868 3148 4935 conturbat,
3181 4884 3349 4924 orans

1781 4959 2092 5023 Dominum,
2117 4958 2230 5013 dixi
2265 4957 2315 5012 ei
2348 4974 2360 5010 :
2405 4976 2424 5007 ι
2457 4957 2599 5023 Quid
2623 4958 2863 5013 turbaris
2890 4969 2944 5013 et
2973 4961 3346 5026 tumultuaris,

1781 5053 1835 5107 in
1863 5051 2102 5121 peccatis
2137 5051 2450 5105 excaecata?
2475 5050 2747 5105 Memento
2769 5052 2913 5120 quod
2942 5052 2989 5107 si
3020 5053 3238 5109 occidas
3262 5062 3347 5109 te-

1779 5215 1942 5272 minae
1985 5222 2113 5270 sunt
2160 5231 2419 5279 sorores,
2453 5225 2534 5286 gut
2583 5214 2673 5286 alii
2718 5222 2844 5268 ante
2878 5231 2967 5270 me
3005 5216 3217 5286 prolixe
3251 5231 3348 5286 per

1780 5231 1942 5272 minae
1985 5231 2113 5270 sunt
2160 5231 2419 5279 sorores,
2473 5231 2534 5269 ut
2583 5231 2673 5268 aut
2718 5231 2844 5268 ante
2878 5231 2967 5270 me
3000 5231 3217 5338 gronxe
3251 5231 3344 5286 per

1780 5287 2027 5355 exempla
2078 5286 2399 5339 docuerunt.
2452 5284 2573 5354 Ipse
2626 5285 2862 5354 Spiritus
2902 5286 2960 5339 S.
3045 5287 3183 5340 abeli
3234 5303 3344 5340 una

1780 5373 1907 5412 cum
1938 5354 2239 5410 idololatria
2266 5358 2661 5411 incantationes
2717 5354 2945 5409 ascribit
2969 5364 3024 5411 et
3054 5356 3339 5422 veneﬁcia,

1779 5426 1934 5498 Isaiae
1962 5442 2126 5498 μνη,
2155 5426 2562 5498 θιᾼροοιιιγρδ.
2590 5440 2744 5480 xvm.
2772 5423 2848 5478 In.

1853 5496 1967 5567 (28)
2017 5497 2333 5567 ’στα-Ἔτι.
2360 5494 2441 5567 711).

1853 5557 1966 5637 (29)
1993 5567 2125 5619 Καί.
2168 5565 2329 5637 Deest
2357 5566 2411 5618 in
2436 5577 2540 5637 m_s.
2570 5557 2723 5637 Trin.
2749 5564 2851 5637 In,
2920 5612 2923 5615 λ

1852 5632 1966 5706 (50)
1996 5634 2425 5706 Προσέπιπτεν,
2449 5632 2812 5706 ᾼΣυνέπιπτεν.
2840 5636 2916 5692 In.

1852 5639 1943 5706 (50
1996 5639 2425 5704 Προσέπιπτεν,
2468 5639 2794 5689 Συνεπιπτεν

1851 5639 1966 5778 (51)
1990 5704 2396 5778 Συμπεισθίῇς.
2433 5702 2696 5778 ξυγγένῃ.
2722 5705 2798 5761 In.

1854 5774 1967 5848 (τε)
1995 5776 2216 5843 neutr.
2258 5777 2426 5847 Αὺτῇ.
2458 5774 2536 5829 ln.

2985 5870 3065 5932 36
