  <div class='ocr_page' id='page_1' title='image "/cluster/home/n/w/nwhite01/storage/ocr_20150623/2/nnc1.0114695790/651.png"; bbox 0 0 3830 6216; ppageno 0'>
   <div class='ocr_carea' id='block_1_1' title="bbox 462 228 623 324">
    <p class='ocr_par' dir='ltr' id='par_1_1' title="bbox 462 228 623 324">
     <span class='ocr_line' id='line_1_1' title="bbox 462 228 623 324; baseline 0.006 -2"><span class='ocrx_word' id='word_1_1' title='bbox 492 266 623 324; x_wconf 74' lang='grc'><strong>1151</strong></span> 
     </span>
    </p>
   </div>
   <div class='ocr_carea' id='block_1_2' title="bbox 1471 257 2708 319">
    <p class='ocr_par' dir='ltr' id='par_1_2' title="bbox 1471 257 2708 319">
     <span class='ocr_line' id='line_1_2' title="bbox 1471 257 2708 319; baseline 0.002 -5"><span class='ocrx_word' id='word_1_2' title='bbox 1471 258 1931 315; x_wconf 81' lang='lat' dir='ltr'><strong>TESTAMENTA</strong></span> <span class='ocrx_word' id='word_1_3' title='bbox 1962 257 2057 314; x_wconf 74' lang='lat' dir='ltr'><strong>XII</strong></span> <span class='ocrx_word' id='word_1_4' title='bbox 2092 258 2708 319; x_wconf 78' lang='lat' dir='ltr'><strong>PATRIARCHARUM.</strong></span> 
     </span>
    </p>
   </div>
   <div class='ocr_carea' id='block_1_3' title="bbox 3624 266 3757 322">
    <p class='ocr_par' dir='ltr' id='par_1_3' title="bbox 3624 266 3757 322">
     <span class='ocr_line' id='line_1_3' title="bbox 3624 266 3757 322; baseline 0.03 -3"><span class='ocrx_word' id='word_1_5' title='bbox 3624 266 3757 322; x_wconf 70' lang='lat'><strong>“52</strong></span> 
     </span>
    </p>
   </div>
   <div class='ocr_carea' id='block_1_4' title="bbox 492 378 2050 455">
    <p class='ocr_par' dir='ltr' id='par_1_4' title="bbox 492 378 2050 455">
     <span class='ocr_line' id='line_1_4' title="bbox 492 378 2050 455; baseline -0.005 -15"><span class='ocrx_word' id='word_1_6' title='bbox 492 386 691 455; x_wconf 84' lang='lat' dir='ltr'><strong>ipsam,</strong></span> <span class='ocrx_word' id='word_1_7' title='bbox 720 380 946 447; x_wconf 86' lang='lat' dir='ltr'><strong>Sethon,</strong></span> <span class='ocrx_word' id='word_1_8' title='bbox 972 380 1278 435; x_wconf 86' lang='lat' dir='ltr'><strong>concubina</strong></span> <span class='ocrx_word' id='word_1_9' title='bbox 1306 379 1406 432; x_wconf 89' lang='lat' dir='ltr'><strong>viri</strong></span> <span class='ocrx_word' id='word_1_10' title='bbox 1432 380 1531 442; x_wconf 91' lang='lat' dir='ltr'><strong>tui,</strong></span> <span class='ocrx_word' id='word_1_11' title='bbox 1563 379 1750 434; x_wconf 81' lang='lat' dir='ltr'><strong>rivalis</strong></span> <span class='ocrx_word' id='word_1_12' title='bbox 1777 388 1888 445; x_wconf 90' lang='lat' dir='ltr'><strong>tua,</strong></span> <span class='ocrx_word' id='word_1_13' title='bbox 1917 378 2050 433; x_wconf 90' lang='lat' dir='ltr'><strong>cola-</strong></span> 
     </span>
    </p>
   </div>
   <div class='ocr_carea' id='block_1_5' title="bbox 2158 378 3753 455">
    <p class='ocr_par' dir='ltr' id='par_1_5' title="bbox 2164 379 3753 454">
     <span class='ocr_line' id='line_1_5' title="bbox 2164 379 3753 454; baseline 0.003 -20"><span class='ocrx_word' id='word_1_14' title='bbox 2164 398 2332 435; x_wconf 88' lang='grc' dir='ltr'>τουσα</span> <span class='ocrx_word' id='word_1_15' title='bbox 2352 399 2365 445; x_wconf 89' lang='grc'><strong>;</strong></span> <span class='ocrx_word' id='word_1_16' title='bbox 2387 380 2671 451; x_wconf 79' lang='grc' dir='ltr'>Μνήσθητι</span> <span class='ocrx_word' id='word_1_17' title='bbox 2690 382 2768 435; x_wconf 82' lang='grc' dir='ltr'><strong>ὅτι</strong></span> <span class='ocrx_word' id='word_1_18' title='bbox 2782 379 2877 433; x_wconf 87' lang='grc' dir='ltr'><strong>ὲάν</strong></span> <span class='ocrx_word' id='word_1_19' title='bbox 2897 380 3089 454; x_wconf 85' lang='grc' dir='ltr'>ἀνέλῃς</span> <span class='ocrx_word' id='word_1_20' title='bbox 3111 382 3331 453; x_wconf 81' lang='grc' dir='ltr'>σαυτὴν,</span> <span class='ocrx_word' id='word_1_21' title='bbox 3350 383 3383 453; x_wconf 85' lang='grc' dir='ltr'><strong>ή</strong></span> <span class='ocrx_word' id='word_1_22' title='bbox 3401 382 3605 454; x_wconf 84' lang='grc' dir='ltr'>Σηθῶν</span> <span class='ocrx_word' id='word_1_23' title='bbox 3624 384 3753 453; x_wconf 74' lang='grc'><strong>(55).</strong></span> 
     </span>
    </p>
   </div>
   <div class='ocr_carea' id='block_1_6' title="bbox 491 472 2059 549">
    <p class='ocr_par' dir='ltr' id='par_1_6' title="bbox 491 472 2059 549">
     <span class='ocr_line' id='line_1_6' title="bbox 491 472 2059 549; baseline -0.006 -17"><span class='ocrx_word' id='word_1_24' title='bbox 491 480 631 549; x_wconf 89' lang='lat' dir='ltr'><strong>phos</strong></span> <span class='ocrx_word' id='word_1_25' title='bbox 663 474 921 543; x_wconf 80' lang='lat' dir='ltr'><strong>infringet</strong></span> <span class='ocrx_word' id='word_1_26' title='bbox 946 473 1073 529; x_wconf 87' lang='lat' dir='ltr'><strong>liliis</strong></span> <span class='ocrx_word' id='word_1_27' title='bbox 1103 472 1239 538; x_wconf 83' lang='lat' dir='ltr'><strong>tuis,</strong></span> <span class='ocrx_word' id='word_1_28' title='bbox 1269 482 1323 527; x_wconf 93' lang='lat' dir='ltr'><strong>et</strong></span> <span class='ocrx_word' id='word_1_29' title='bbox 1348 472 1535 541; x_wconf 89' lang='lat' dir='ltr'><strong>perdet</strong></span> <span class='ocrx_word' id='word_1_30' title='bbox 1560 472 1883 526; x_wconf 83' lang='lat' dir='ltr'><strong>memoriam</strong></span> <span class='ocrx_word' id='word_1_31' title='bbox 1910 479 2059 523; x_wconf 84' lang='lat' dir='ltr'><strong>tuam</strong></span> 
     </span>
    </p>
   </div>
   <div class='ocr_carea' id='block_1_7' title="bbox 490 562 2061 634">
    <p class='ocr_par' dir='ltr' id='par_1_7' title="bbox 490 562 2061 634">
     <span class='ocr_line' id='line_1_7' title="bbox 490 562 2061 634; baseline -0.008 -8"><span class='ocrx_word' id='word_1_32' title='bbox 490 571 559 626; x_wconf 89' lang='lat' dir='ltr'><strong>de</strong></span> <span class='ocrx_word' id='word_1_33' title='bbox 583 580 745 625; x_wconf 88' lang='lat' dir='ltr'><strong>terra.</strong></span> <span class='ocrx_word' id='word_1_34' title='bbox 784 588 803 620; x_wconf 71' lang='grc' dir='ltr'><strong>ι</strong></span> <span class='ocrx_word' id='word_1_35' title='bbox 841 567 906 620; x_wconf 86' lang='grc' dir='ltr'>Ει</span> <span class='ocrx_word' id='word_1_36' title='bbox 938 568 1071 621; x_wconf 81' lang='lat' dir='ltr'><strong>dicit</strong></span> <span class='ocrx_word' id='word_1_37' title='bbox 1096 565 1227 621; x_wconf 91' lang='lat' dir='ltr'><strong>mihi</strong></span> <span class='ocrx_word' id='word_1_38' title='bbox 1257 584 1271 619; x_wconf 83' lang='lat'><strong>:</strong></span> <span class='ocrx_word' id='word_1_39' title='bbox 1309 584 1325 615; x_wconf 76' lang='grc' dir='ltr'><strong>ι</strong></span> <span class='ocrx_word' id='word_1_40' title='bbox 1362 563 1501 619; x_wconf 88' lang='lat' dir='ltr'><strong>Num</strong></span> <span class='ocrx_word' id='word_1_41' title='bbox 1529 565 1693 634; x_wconf 91' lang='lat' dir='ltr'><strong>igitur</strong></span> <span class='ocrx_word' id='word_1_42' title='bbox 1724 563 1910 633; x_wconf 84' lang='lat' dir='ltr'><strong>diligis</strong></span> <span class='ocrx_word' id='word_1_43' title='bbox 1939 562 2061 616; x_wconf 86' lang='lat' dir='ltr'><strong>me?</strong></span> 
     </span>
    </p>
   </div>
   <div class='ocr_carea' id='block_1_8' title="bbox 492 652 2063 725">
    <p class='ocr_par' dir='ltr' id='par_1_8' title="bbox 492 652 2063 725">
     <span class='ocr_line' id='line_1_8' title="bbox 492 652 2063 725; baseline -0.006 -9"><span class='ocrx_word' id='word_1_44' title='bbox 492 660 691 716; x_wconf 83' lang='lat' dir='ltr'><strong>sullicit</strong></span> <span class='ocrx_word' id='word_1_45' title='bbox 729 658 863 713; x_wconf 90' lang='lat' dir='ltr'><strong>mihi</strong></span> <span class='ocrx_word' id='word_1_46' title='bbox 897 658 1100 720; x_wconf 92' lang='lat' dir='ltr'><strong>solum,</strong></span> <span class='ocrx_word' id='word_1_47' title='bbox 1129 656 1274 725; x_wconf 86' lang='lat' dir='ltr'><strong>quod</strong></span> <span class='ocrx_word' id='word_1_48' title='bbox 1321 655 1561 725; x_wconf 79' lang='lat' dir='ltr'><strong>protegis</strong></span> <span class='ocrx_word' id='word_1_49' title='bbox 1586 652 1754 707; x_wconf 90' lang='lat' dir='ltr'><strong>vitam</strong></span> <span class='ocrx_word' id='word_1_50' title='bbox 1781 667 1981 717; x_wconf 85' lang='lat' dir='ltr'><strong>meam,</strong></span> <span class='ocrx_word' id='word_1_51' title='bbox 2008 662 2063 707; x_wconf 91' lang='lat' dir='ltr'><strong>et</strong></span> 
     </span>
    </p>
   </div>
   <div class='ocr_carea' id='block_1_9' title="bbox 489 744 2060 814">
    <p class='ocr_par' dir='ltr' id='par_1_9' title="bbox 489 744 2060 814">
     <span class='ocr_line' id='line_1_9' title="bbox 489 744 2060 814; baseline -0.006 -9"><span class='ocrx_word' id='word_1_52' title='bbox 489 752 729 805; x_wconf 82' lang='lat' dir='ltr'><strong>ﬁliorum</strong></span> <span class='ocrx_word' id='word_1_53' title='bbox 758 764 1002 803; x_wconf 91' lang='lat' dir='ltr'><strong>meorum</strong></span> <span class='ocrx_word' id='word_1_54' title='bbox 1028 764 1041 810; x_wconf 90' lang='lat'><strong>;</strong></span> <span class='ocrx_word' id='word_1_55' title='bbox 1072 753 1125 800; x_wconf 91' lang='lat' dir='ltr'><strong>et</strong></span> <span class='ocrx_word' id='word_1_56' title='bbox 1152 746 1328 799; x_wconf 83' lang='lat' dir='ltr'><strong>habeo</strong></span> <span class='ocrx_word' id='word_1_57' title='bbox 1345 744 1811 814; x_wconf 71' lang='lat' dir='ltr'><strong>exspectationem</strong></span> <span class='ocrx_word' id='word_1_58' title='bbox 1836 744 2060 813; x_wconf 89' lang='lat' dir='ltr'><strong>potiun-</strong></span> 
     </span>
    </p>
   </div>
   <div class='ocr_carea' id='block_1_10' title="bbox 490 836 2061 908">
    <p class='ocr_par' dir='ltr' id='par_1_10' title="bbox 490 836 2061 908">
     <span class='ocr_line' id='line_1_10' title="bbox 490 836 2061 908; baseline -0.005 -11"><span class='ocrx_word' id='word_1_59' title='bbox 490 843 544 897; x_wconf 90' lang='lat' dir='ltr'><strong>di</strong></span> <span class='ocrx_word' id='word_1_60' title='bbox 571 840 842 897; x_wconf 85' lang='lat' dir='ltr'><strong>desiderio</strong></span> <span class='ocrx_word' id='word_1_61' title='bbox 870 856 1013 895; x_wconf 91' lang='lat' dir='ltr'><strong>meo.</strong></span> <span class='ocrx_word' id='word_1_62' title='bbox 1052 859 1069 891; x_wconf 76' lang='grc' dir='ltr'><strong>ι</strong></span> <span class='ocrx_word' id='word_1_63' title='bbox 1105 838 1171 894; x_wconf 86' lang='grc' dir='ltr'>Ει</span> <span class='ocrx_word' id='word_1_64' title='bbox 1199 854 1308 893; x_wconf 89' lang='lat' dir='ltr'><strong>non</strong></span> <span class='ocrx_word' id='word_1_65' title='bbox 1340 837 1600 908; x_wconf 88' lang='lat' dir='ltr'><strong>c0gnovit</strong></span> <span class='ocrx_word' id='word_1_66' title='bbox 1620 878 1634 903; x_wconf 97' lang='lat'><strong>,</strong></span> <span class='ocrx_word' id='word_1_67' title='bbox 1663 836 1809 907; x_wconf 88' lang='lat' dir='ltr'><strong>quod</strong></span> <span class='ocrx_word' id='word_1_68' title='bbox 1838 845 2061 907; x_wconf 87' lang='lat' dir='ltr'><strong>propter</strong></span> 
     </span>
    </p>
   </div>
   <div class='ocr_carea' id='block_1_11' title="bbox 489 929 2059 1001">
    <p class='ocr_par' dir='ltr' id='par_1_11' title="bbox 489 929 2059 1001">
     <span class='ocr_line' id='line_1_11' title="bbox 489 929 2059 1001; baseline -0.001 -14"><span class='ocrx_word' id='word_1_69' title='bbox 489 932 660 990; x_wconf 89' lang='lat' dir='ltr'><strong>Deum</strong></span> <span class='ocrx_word' id='word_1_70' title='bbox 714 949 896 988; x_wconf 90' lang='lat' dir='ltr'><strong>meum</strong></span> <span class='ocrx_word' id='word_1_71' title='bbox 949 934 1026 987; x_wconf 90' lang='lat' dir='ltr'><strong>ita</strong></span> <span class='ocrx_word' id='word_1_72' title='bbox 1074 933 1207 999; x_wconf 78' lang='lat' dir='ltr'><strong>dixi,</strong></span> <span class='ocrx_word' id='word_1_73' title='bbox 1262 941 1317 986; x_wconf 88' lang='lat' dir='ltr'><strong>et</strong></span> <span class='ocrx_word' id='word_1_74' title='bbox 1365 946 1475 985; x_wconf 86' lang='lat' dir='ltr'><strong>non</strong></span> <span class='ocrx_word' id='word_1_75' title='bbox 1507 939 1728 1001; x_wconf 88' lang='lat' dir='ltr'><strong>propter</strong></span> <span class='ocrx_word' id='word_1_76' title='bbox 1772 931 1968 1000; x_wconf 84' lang='lat' dir='ltr'><strong>ipsam.</strong></span> <span class='ocrx_word' id='word_1_77' title='bbox 2001 929 2059 985; x_wconf 91' lang='lat' dir='ltr'><strong>Si</strong></span> 
     </span>
    </p>
   </div>
   <div class='ocr_carea' id='block_1_12' title="bbox 488 1024 2059 1097">
    <p class='ocr_par' dir='ltr' id='par_1_12' title="bbox 488 1024 2059 1097">
     <span class='ocr_line' id='line_1_12' title="bbox 488 1024 2059 1097; baseline -0.004 -14"><span class='ocrx_word' id='word_1_78' title='bbox 488 1027 635 1083; x_wconf 89' lang='lat' dir='ltr'><strong>enim</strong></span> <span class='ocrx_word' id='word_1_79' title='bbox 667 1027 865 1097; x_wconf 83' lang='lat' dir='ltr'><strong>aliquis</strong></span> <span class='ocrx_word' id='word_1_80' title='bbox 895 1026 1137 1097; x_wconf 89' lang='lat' dir='ltr'><strong>passioni</strong></span> <span class='ocrx_word' id='word_1_81' title='bbox 1155 1025 1478 1079; x_wconf 91' lang='lat' dir='ltr'><strong>succumbat</strong></span> <span class='ocrx_word' id='word_1_82' title='bbox 1500 1024 1757 1079; x_wconf 90' lang='lat' dir='ltr'><strong>desiderii</strong></span> <span class='ocrx_word' id='word_1_83' title='bbox 1780 1024 2059 1095; x_wconf 91' lang='lat' dir='ltr'><strong>pernicio-</strong></span> 
     </span>
    </p>
   </div>
   <div class='ocr_carea' id='block_1_13' title="bbox 488 1117 2057 1187">
    <p class='ocr_par' dir='ltr' id='par_1_13' title="bbox 488 1117 2057 1187">
     <span class='ocr_line' id='line_1_13' title="bbox 488 1117 2057 1187; baseline -0.004 -11"><span class='ocrx_word' id='word_1_84' title='bbox 488 1122 559 1187; x_wconf 88' lang='lat' dir='ltr'><strong>si,</strong></span> <span class='ocrx_word' id='word_1_85' title='bbox 588 1131 642 1176; x_wconf 91' lang='lat' dir='ltr'><strong>et</strong></span> <span class='ocrx_word' id='word_1_86' title='bbox 672 1120 803 1174; x_wconf 90' lang='lat' dir='ltr'><strong>huic</strong></span> <span class='ocrx_word' id='word_1_87' title='bbox 832 1135 1024 1175; x_wconf 87' lang='lat' dir='ltr'><strong>servus</strong></span> <span class='ocrx_word' id='word_1_88' title='bbox 1077 1118 1359 1187; x_wconf 83' lang='lat' dir='ltr'><strong>eﬂiciatur,</strong></span> <span class='ocrx_word' id='word_1_89' title='bbox 1404 1128 1465 1173; x_wconf 95' lang='lat' dir='ltr'><strong>ut</strong></span> <span class='ocrx_word' id='word_1_90' title='bbox 1486 1127 1539 1173; x_wconf 91' lang='lat' dir='ltr'><strong>et</strong></span> <span class='ocrx_word' id='word_1_91' title='bbox 1573 1118 1700 1185; x_wconf 86' lang='lat' dir='ltr'><strong>illa;</strong></span> <span class='ocrx_word' id='word_1_92' title='bbox 1726 1118 1828 1172; x_wconf 89' lang='lat' dir='ltr'><strong>etsi</strong></span> <span class='ocrx_word' id='word_1_93' title='bbox 1854 1117 2057 1171; x_wconf 90' lang='lat' dir='ltr'><strong>bonum</strong></span> 
     </span>
    </p>
   </div>
   <div class='ocr_carea' id='block_1_14' title="bbox 489 1209 2063 1283">
    <p class='ocr_par' dir='ltr' id='par_1_14' title="bbox 489 1209 2063 1283">
     <span class='ocr_line' id='line_1_14' title="bbox 489 1209 2063 1283; baseline -0.001 -17"><span class='ocrx_word' id='word_1_94' title='bbox 489 1213 697 1283; x_wconf 90' lang='lat' dir='ltr'><strong>aliquid</strong></span> <span class='ocrx_word' id='word_1_95' title='bbox 729 1212 987 1277; x_wconf 91' lang='lat' dir='ltr'><strong>audierit,</strong></span> <span class='ocrx_word' id='word_1_96' title='bbox 1012 1212 1066 1265; x_wconf 92' lang='lat' dir='ltr'><strong>in</strong></span> <span class='ocrx_word' id='word_1_97' title='bbox 1097 1214 1409 1282; x_wconf 84' lang='lat' dir='ltr'><strong>passionem</strong></span> <span class='ocrx_word' id='word_1_98' title='bbox 1438 1226 1548 1281; x_wconf 92' lang='lat' dir='ltr'><strong>qua</strong></span> <span class='ocrx_word' id='word_1_99' title='bbox 1578 1210 1837 1274; x_wconf 83' lang='lat' dir='ltr'><strong>vincitur,</strong></span> <span class='ocrx_word' id='word_1_100' title='bbox 1864 1209 2063 1279; x_wconf 84' lang='lat' dir='ltr'><strong>accipit</strong></span> 
     </span>
    </p>
   </div>
   <div class='ocr_carea' id='block_1_15' title="bbox 487 1304 1493 1374">
    <p class='ocr_par' dir='ltr' id='par_1_15' title="bbox 487 1304 1493 1374">
     <span class='ocr_line' id='line_1_15' title="bbox 487 1304 1493 1374; baseline -0.005 -14"><span class='ocrx_word' id='word_1_101' title='bbox 487 1304 619 1360; x_wconf 91' lang='lat' dir='ltr'><strong>illud</strong></span> <span class='ocrx_word' id='word_1_102' title='bbox 649 1304 716 1359; x_wconf 92' lang='lat' dir='ltr'><strong>ad</strong></span> <span class='ocrx_word' id='word_1_103' title='bbox 744 1304 1075 1359; x_wconf 90' lang='lat' dir='ltr'><strong>desiderium</strong></span> <span class='ocrx_word' id='word_1_104' title='bbox 1101 1304 1493 1374; x_wconf 87' lang='lat' dir='ltr'><strong>perniciosum.</strong></span> 
     </span>
    </p>
   </div>
   <div class='ocr_carea' id='block_1_16' title="bbox 558 1504 2059 1575">
    <p class='ocr_par' dir='ltr' id='par_1_16' title="bbox 558 1504 2059 1575">
     <span class='ocr_line' id='line_1_16' title="bbox 558 1504 2059 1575; baseline -0.004 -10"><span class='ocrx_word' id='word_1_105' title='bbox 558 1511 690 1566; x_wconf 86' lang='lat' dir='ltr'><strong>Vlll.</strong></span> <span class='ocrx_word' id='word_1_106' title='bbox 738 1529 757 1562; x_wconf 82' lang='grc' dir='ltr'><strong>ι</strong></span> <span class='ocrx_word' id='word_1_107' title='bbox 796 1510 929 1564; x_wconf 90' lang='lat' dir='ltr'><strong>Dico</strong></span> <span class='ocrx_word' id='word_1_108' title='bbox 977 1508 1163 1572; x_wconf 83' lang='lat' dir='ltr'><strong>vobis,</strong></span> <span class='ocrx_word' id='word_1_109' title='bbox 1211 1505 1335 1570; x_wconf 76' lang='lat' dir='ltr'><strong>lilii,</strong></span> <span class='ocrx_word' id='word_1_110' title='bbox 1370 1504 1517 1575; x_wconf 92' lang='lat' dir='ltr'><strong>quod</strong></span> <span class='ocrx_word' id='word_1_111' title='bbox 1561 1505 1697 1560; x_wconf 91' lang='lat' dir='ltr'><strong>hora</strong></span> <span class='ocrx_word' id='word_1_112' title='bbox 1736 1514 1855 1561; x_wconf 88' lang='lat' dir='ltr'><strong>erat</strong></span> <span class='ocrx_word' id='word_1_113' title='bbox 1897 1506 2059 1575; x_wconf 90' lang='lat' dir='ltr'><strong>quasi</strong></span> 
     </span>
    </p>
   </div>
   <div class='ocr_carea' id='block_1_17' title="bbox 485 1596 2059 1673">
    <p class='ocr_par' dir='ltr' id='par_1_17' title="bbox 485 1596 2059 1673">
     <span class='ocr_line' id='line_1_17' title="bbox 485 1596 2059 1673; baseline -0.006 -13"><span class='ocrx_word' id='word_1_114' title='bbox 485 1613 663 1669; x_wconf 85' lang='lat' dir='ltr'><strong>sexta,</strong></span> <span class='ocrx_word' id='word_1_115' title='bbox 696 1602 918 1673; x_wconf 86' lang='lat' dir='ltr'><strong>quando</strong></span> <span class='ocrx_word' id='word_1_116' title='bbox 969 1600 1135 1655; x_wconf 81' lang='lat' dir='ltr'><strong>exivit</strong></span> <span class='ocrx_word' id='word_1_117' title='bbox 1182 1613 1212 1651; x_wconf 88' lang='lat' dir='ltr'><strong>a</strong></span> <span class='ocrx_word' id='word_1_118' title='bbox 1255 1612 1371 1663; x_wconf 90' lang='lat' dir='ltr'><strong>me;</strong></span> <span class='ocrx_word' id='word_1_119' title='bbox 1417 1605 1472 1651; x_wconf 92' lang='lat' dir='ltr'><strong>et</strong></span> <span class='ocrx_word' id='word_1_120' title='bbox 1512 1613 1613 1668; x_wconf 93' lang='lat' dir='ltr'><strong>ego</strong></span> <span class='ocrx_word' id='word_1_121' title='bbox 1656 1612 1798 1668; x_wconf 89' lang='lat' dir='ltr'><strong>genu</strong></span> <span class='ocrx_word' id='word_1_122' title='bbox 1837 1596 2059 1652; x_wconf 80' lang='lat' dir='ltr'><strong>ﬂectens</strong></span> 
     </span>
    </p>
   </div>
   <div class='ocr_carea' id='block_1_18' title="bbox 2168 470 3757 545">
    <p class='ocr_par' dir='ltr' id='par_1_18' title="bbox 2168 470 3757 545">
     <span class='ocr_line' id='line_1_18' title="bbox 2168 470 3757 545; baseline 0.003 -22"><span class='ocrx_word' id='word_1_123' title='bbox 2168 474 2201 541; x_wconf 81' lang='grc' dir='ltr'>ἡ</span> <span class='ocrx_word' id='word_1_124' title='bbox 2230 472 2479 541; x_wconf 80' lang='grc' dir='ltr'>παλλακὴ</span> <span class='ocrx_word' id='word_1_125' title='bbox 2504 470 2596 523; x_wconf 80' lang='grc' dir='ltr'>τοῦ</span> <span class='ocrx_word' id='word_1_126' title='bbox 2623 470 2811 541; x_wconf 84' lang='grc' dir='ltr'>ἀνδρός</span> <span class='ocrx_word' id='word_1_127' title='bbox 2839 489 2955 534; x_wconf 86' lang='grc' dir='ltr'>σου,</span> <span class='ocrx_word' id='word_1_128' title='bbox 2984 474 3015 541; x_wconf 77' lang='grc' dir='ltr'>ἡ</span> <span class='ocrx_word' id='word_1_129' title='bbox 3063 470 3341 543; x_wconf 78' lang='grc' dir='ltr'>ἀντίζηλός</span> <span class='ocrx_word' id='word_1_130' title='bbox 3367 492 3463 526; x_wconf 86' lang='grc' dir='ltr'><strong>σου</strong></span> <span class='ocrx_word' id='word_1_131' title='bbox 3482 514 3497 536; x_wconf 94' lang='grc'><strong>,</strong></span> <span class='ocrx_word' id='word_1_132' title='bbox 3525 476 3757 545; x_wconf 76' lang='grc' dir='ltr'>κολαφί-</span> 
     </span>
    </p>
   </div>
   <div class='ocr_carea' id='block_1_19' title="bbox 2166 561 3756 635">
    <p class='ocr_par' dir='ltr' id='par_1_19' title="bbox 2166 561 3756 635">
     <span class='ocr_line' id='line_1_19' title="bbox 2166 561 3756 635; baseline 0.004 -22"><span class='ocrx_word' id='word_1_133' title='bbox 2166 578 2247 614; x_wconf 89' lang='grc' dir='ltr'><strong>σει</strong></span> <span class='ocrx_word' id='word_1_134' title='bbox 2263 562 2374 632; x_wconf 69' lang='grc'><strong>(54)</strong></span> <span class='ocrx_word' id='word_1_135' title='bbox 2395 562 2465 615; x_wconf 77' lang='grc' dir='ltr'>τὰ</span> <span class='ocrx_word' id='word_1_136' title='bbox 2489 562 2653 614; x_wconf 87' lang='grc' dir='ltr'>τέκνα</span> <span class='ocrx_word' id='word_1_137' title='bbox 2671 578 2785 625; x_wconf 88' lang='grc' dir='ltr'>σου,</span> <span class='ocrx_word' id='word_1_138' title='bbox 2806 563 2899 614; x_wconf 78' lang='grc' dir='ltr'><strong>καὶ</strong></span> <span class='ocrx_word' id='word_1_139' title='bbox 2923 561 3178 615; x_wconf 82' lang='grc' dir='ltr'><strong>ἀπολέσει</strong></span> <span class='ocrx_word' id='word_1_140' title='bbox 3200 564 3262 616; x_wconf 85' lang='grc' dir='ltr'><strong>τὸ</strong></span> <span class='ocrx_word' id='word_1_141' title='bbox 3287 566 3653 635; x_wconf 75' lang='grc' dir='ltr'>μνημόσυνόν</span> <span class='ocrx_word' id='word_1_142' title='bbox 3671 586 3756 620; x_wconf 65' lang='grc' dir='ltr'>σου</span> 
     </span>
    </p>
   </div>
   <div class='ocr_carea' id='block_1_20' title="bbox 2164 652 3756 729">
    <p class='ocr_par' dir='ltr' id='par_1_20' title="bbox 2164 652 3756 729">
     <span class='ocr_line' id='line_1_20' title="bbox 2164 652 3756 729; baseline 0.004 -25"><span class='ocrx_word' id='word_1_143' title='bbox 2164 652 2271 705; x_wconf 84' lang='grc' dir='ltr'><strong>ἀπὸ</strong></span> <span class='ocrx_word' id='word_1_144' title='bbox 2293 652 2393 722; x_wconf 80' lang='grc' dir='ltr'><strong>τῆς</strong></span> <span class='ocrx_word' id='word_1_145' title='bbox 2417 652 2540 722; x_wconf 76' lang='grc' dir='ltr'>γῆς.</span> <span class='ocrx_word' id='word_1_146' title='bbox 2578 672 2595 704; x_wconf 74' lang='grc' dir='ltr'><strong>ι</strong></span> <span class='ocrx_word' id='word_1_147' title='bbox 2627 653 2737 705; x_wconf 93' lang='lat' dir='ltr'><strong>Kal</strong></span> <span class='ocrx_word' id='word_1_148' title='bbox 2775 653 2920 721; x_wconf 81' lang='grc' dir='ltr'>λέγει</span> <span class='ocrx_word' id='word_1_149' title='bbox 2960 654 3094 723; x_wconf 83' lang='grc' dir='ltr'>πρός</span> <span class='ocrx_word' id='word_1_150' title='bbox 3132 671 3228 723; x_wconf 78' lang='grc' dir='ltr'>με’</span> <span class='ocrx_word' id='word_1_151' title='bbox 3258 674 3275 705; x_wconf 81' lang='grc' dir='ltr'><strong>ι</strong></span> <span class='ocrx_word' id='word_1_152' title='bbox 3310 656 3373 707; x_wconf 80' lang='grc' dir='ltr'><strong>Εἰ</strong></span> <span class='ocrx_word' id='word_1_153' title='bbox 3404 652 3505 709; x_wconf 73' lang='grc' dir='ltr'>οὖν</span> <span class='ocrx_word' id='word_1_154' title='bbox 3528 658 3756 729; x_wconf 75' lang='grc' dir='ltr'>ἀγαπᾷς</span> 
     </span>
    </p>
   </div>
   <div class='ocr_carea' id='block_1_21' title="bbox 2167 747 3754 823">
    <p class='ocr_par' dir='ltr' id='par_1_21' title="bbox 2167 747 3754 823">
     <span class='ocr_line' id='line_1_21' title="bbox 2167 747 3754 823; baseline 0 -21"><span class='ocrx_word' id='word_1_155' title='bbox 2167 766 2272 821; x_wconf 90' lang='grc' dir='ltr'>με;</span> <span class='ocrx_word' id='word_1_156' title='bbox 2319 750 2480 820; x_wconf 86' lang='grc' dir='ltr'>ἀρκεῖ</span> <span class='ocrx_word' id='word_1_157' title='bbox 2532 766 2621 820; x_wconf 88' lang='grc' dir='ltr'><strong>μοι</strong></span> <span class='ocrx_word' id='word_1_158' title='bbox 2668 747 2847 819; x_wconf 82' lang='grc' dir='ltr'>μόνον,</span> <span class='ocrx_word' id='word_1_159' title='bbox 2903 749 2985 801; x_wconf 81' lang='grc' dir='ltr'>ὅτι</span> <span class='ocrx_word' id='word_1_160' title='bbox 3033 750 3279 821; x_wconf 86' lang='grc' dir='ltr'>ἀντιποιῇ</span> <span class='ocrx_word' id='word_1_161' title='bbox 3474 752 3587 822; x_wconf 74' lang='grc' dir='ltr'>τῆς</span> <span class='ocrx_word' id='word_1_162' title='bbox 3614 754 3754 822; x_wconf 66' lang='grc' dir='ltr'>ζωῆς</span> 
     </span>
    </p>
   </div>
   <div class='ocr_carea' id='block_1_22' title="bbox 2168 841 3753 914">
    <p class='ocr_par' dir='ltr' id='par_1_22' title="bbox 2168 841 3753 914">
     <span class='ocr_line' id='line_1_22' title="bbox 2168 841 3753 914; baseline 0.002 -20"><span class='ocrx_word' id='word_1_163' title='bbox 2168 860 2289 913; x_wconf 88' lang='grc' dir='ltr'>μου,</span> <span class='ocrx_word' id='word_1_164' title='bbox 2329 844 2424 895; x_wconf 79' lang='grc' dir='ltr'><strong>καὶ</strong></span> <span class='ocrx_word' id='word_1_165' title='bbox 2449 841 2556 895; x_wconf 85' lang='grc' dir='ltr'>τῶν</span> <span class='ocrx_word' id='word_1_166' title='bbox 2579 841 2785 896; x_wconf 87' lang='grc' dir='ltr'>τέκνων</span> <span class='ocrx_word' id='word_1_167' title='bbox 2816 858 2917 913; x_wconf 91' lang='grc' dir='ltr'><strong>μου</strong></span> <span class='ocrx_word' id='word_1_168' title='bbox 2943 860 2955 871; x_wconf 75' lang='grc'><strong><em>⁸</em></strong></span> <span class='ocrx_word' id='word_1_169' title='bbox 2991 844 3084 895; x_wconf 75' lang='grc' dir='ltr'><strong>καὶ</strong></span> <span class='ocrx_word' id='word_1_170' title='bbox 3109 842 3216 912; x_wconf 72' lang='grc' dir='ltr'><strong>ἔχω</strong></span> <span class='ocrx_word' id='word_1_171' title='bbox 3250 845 3596 914; x_wconf 69' lang='grc' dir='ltr'><strong>προσδοκίαν</strong></span> <span class='ocrx_word' id='word_1_172' title='bbox 3628 846 3753 898; x_wconf 75' lang='grc' dir='ltr'>ἀπο-</span> 
     </span>
    </p>
   </div>
   <div class='ocr_carea' id='block_1_23' title="bbox 2162 935 3754 1006">
    <p class='ocr_par' dir='ltr' id='par_1_23' title="bbox 2162 935 3754 1006">
     <span class='ocr_line' id='line_1_23' title="bbox 2162 935 3754 1006; baseline 0.002 -18"><span class='ocrx_word' id='word_1_173' title='bbox 2162 935 2358 989; x_wconf 80' lang='grc' dir='ltr'>λαῦσαι</span> <span class='ocrx_word' id='word_1_174' title='bbox 2394 936 2492 1005; x_wconf 80' lang='grc' dir='ltr'>τῆς</span> <span class='ocrx_word' id='word_1_175' title='bbox 2534 935 2829 1006; x_wconf 84' lang='grc' dir='ltr'>ἐπιθυμίας</span> <span class='ocrx_word' id='word_1_176' title='bbox 2870 953 2989 1006; x_wconf 88' lang='grc' dir='ltr'>μου.</span> <span class='ocrx_word' id='word_1_177' title='bbox 3025 955 3044 987; x_wconf 73' lang='grc' dir='ltr'><strong>ι</strong></span> <span class='ocrx_word' id='word_1_178' title='bbox 3092 937 3200 987; x_wconf 83' lang='lat' dir='ltr'><strong>Kal</strong></span> <span class='ocrx_word' id='word_1_179' title='bbox 3236 937 3336 989; x_wconf 88' lang='grc' dir='ltr'><strong>οὑκ</strong></span> <span class='ocrx_word' id='word_1_180' title='bbox 3367 936 3536 1005; x_wconf 81' lang='grc' dir='ltr'>ἔγνω,</span> <span class='ocrx_word' id='word_1_181' title='bbox 3563 939 3652 991; x_wconf 74' lang='grc' dir='ltr'>ὃτι</span> <span class='ocrx_word' id='word_1_182' title='bbox 3675 939 3754 990; x_wconf 67' lang='grc' dir='ltr'><strong>διὰ</strong></span> 
     </span>
    </p>
   </div>
   <div class='ocr_carea' id='block_1_24' title="bbox 2162 1022 3753 1099">
    <p class='ocr_par' dir='ltr' id='par_1_24' title="bbox 2162 1022 3753 1099">
     <span class='ocr_line' id='line_1_24' title="bbox 2162 1022 3753 1099; baseline 0.001 -19"><span class='ocrx_word' id='word_1_183' title='bbox 2162 1028 2253 1080; x_wconf 84' lang='grc' dir='ltr'><strong>τὸν</strong></span> <span class='ocrx_word' id='word_1_184' title='bbox 2295 1027 2428 1081; x_wconf 87' lang='grc' dir='ltr'>Θεὸν</span> <span class='ocrx_word' id='word_1_185' title='bbox 2472 1044 2574 1097; x_wconf 87' lang='grc' dir='ltr'><strong>μου</strong></span> <span class='ocrx_word' id='word_1_186' title='bbox 2615 1022 2767 1079; x_wconf 76' lang='grc' dir='ltr'>εἶπον</span> <span class='ocrx_word' id='word_1_187' title='bbox 2806 1027 2999 1091; x_wconf 83' lang='grc' dir='ltr'>οὑτως,</span> <span class='ocrx_word' id='word_1_188' title='bbox 3025 1026 3120 1078; x_wconf 74' lang='grc' dir='ltr'><strong>καὶ</strong></span> <span class='ocrx_word' id='word_1_189' title='bbox 3153 1027 3271 1097; x_wconf 78' lang='grc' dir='ltr'>οὑχὶ</span> <span class='ocrx_word' id='word_1_190' title='bbox 3294 1026 3362 1079; x_wconf 84' lang='grc' dir='ltr'>δι’</span> <span class='ocrx_word' id='word_1_191' title='bbox 3389 1029 3595 1099; x_wconf 82' lang='grc' dir='ltr'>αὑτήν.</span> <span class='ocrx_word' id='word_1_192' title='bbox 3635 1029 3753 1081; x_wconf 67' lang='grc' dir='ltr'>Ἐὰν</span> 
     </span>
    </p>
   </div>
   <div class='ocr_carea' id='block_1_25' title="bbox 2163 1119 3749 1193">
    <p class='ocr_par' dir='ltr' id='par_1_25' title="bbox 2163 1119 3749 1193">
     <span class='ocr_line' id='line_1_25' title="bbox 2163 1119 3749 1193; baseline -0.011 -19"><span class='ocrx_word' id='word_1_193' title='bbox 2163 1120 2272 1191; x_wconf 90' lang='grc' dir='ltr'><strong>γάρ</strong></span> <span class='ocrx_word' id='word_1_194' title='bbox 2307 1137 2391 1184; x_wconf 90' lang='grc' dir='ltr'><strong>τις</strong></span> <span class='ocrx_word' id='word_1_195' title='bbox 2416 1120 2575 1174; x_wconf 82' lang='grc' dir='ltr'><strong>πάθει</strong></span> <span class='ocrx_word' id='word_1_196' title='bbox 2612 1120 2858 1193; x_wconf 87' lang='grc' dir='ltr'>ὑποπέσῃ</span> <span class='ocrx_word' id='word_1_197' title='bbox 2881 1119 3174 1189; x_wconf 78' lang='grc' dir='ltr'>ἐπιθυμίας</span> <span class='ocrx_word' id='word_1_198' title='bbox 3198 1123 3467 1191; x_wconf 64' lang='grc' dir='ltr'>πονηρᾶς,</span> <span class='ocrx_word' id='word_1_199' title='bbox 3498 1124 3603 1175; x_wconf 62' lang='grc' dir='ltr'><strong>καὶ</strong></span> <span class='ocrx_word' id='word_1_200' title='bbox 3637 1124 3749 1175; x_wconf 52' lang='grc' dir='ltr'><strong>τοὺ,</strong></span> 
     </span>
    </p>
   </div>
   <div class='ocr_carea' id='block_1_26' title="bbox 2160 1210 3750 1285">
    <p class='ocr_par' dir='ltr' id='par_1_26' title="bbox 2160 1210 3750 1285">
     <span class='ocr_line' id='line_1_26' title="bbox 2160 1210 3750 1285; baseline 0.002 -24"><span class='ocrx_word' id='word_1_201' title='bbox 2160 1226 2240 1280; x_wconf 80' lang='grc' dir='ltr'>τῳ</span> <span class='ocrx_word' id='word_1_202' title='bbox 2270 1210 2551 1283; x_wconf 62' lang='grc' dir='ltr'>ὼυλευθῇ,</span> <span class='ocrx_word' id='word_1_203' title='bbox 2577 1210 2653 1274; x_wconf 84' lang='grc' dir='ltr'>ὼς</span> <span class='ocrx_word' id='word_1_204' title='bbox 2676 1210 2904 1281; x_wconf 77' lang='grc' dir='ltr'>κάκείνη</span> <span class='ocrx_word' id='word_1_205' title='bbox 2928 1228 2943 1241; x_wconf 87' lang='grc'><strong>·</strong></span> <span class='ocrx_word' id='word_1_206' title='bbox 2967 1210 3071 1264; x_wconf 80' lang='grc' dir='ltr'><strong>κᾶν</strong></span> <span class='ocrx_word' id='word_1_207' title='bbox 3097 1210 3296 1279; x_wconf 87' lang='grc' dir='ltr'>ἀγαθόν</span> <span class='ocrx_word' id='word_1_208' title='bbox 3334 1229 3388 1263; x_wconf 93' lang='grc' dir='ltr'><strong>τι</strong></span> <span class='ocrx_word' id='word_1_209' title='bbox 3410 1213 3655 1285; x_wconf 81' lang='grc' dir='ltr'>ἀκούσῃ,</span> <span class='ocrx_word' id='word_1_210' title='bbox 3679 1215 3750 1275; x_wconf 79' lang='grc' dir='ltr'>εἰς</span> 
     </span>
    </p>
   </div>
   <div class='ocr_carea' id='block_1_27' title="bbox 2162 1298 3752 1376">
    <p class='ocr_par' dir='ltr' id='par_1_27' title="bbox 2162 1298 3752 1376">
     <span class='ocr_line' id='line_1_27' title="bbox 2162 1298 3752 1376; baseline 0.001 -21"><span class='ocrx_word' id='word_1_211' title='bbox 2162 1304 2223 1357; x_wconf 86' lang='grc' dir='ltr'><strong>τὸ</strong></span> <span class='ocrx_word' id='word_1_212' title='bbox 2269 1303 2440 1367; x_wconf 83' lang='grc' dir='ltr'>πάθος</span> <span class='ocrx_word' id='word_1_213' title='bbox 2465 1298 2508 1371; x_wconf 84' lang='grc' dir='ltr'>ᾧ</span> <span class='ocrx_word' id='word_1_214' title='bbox 2531 1304 2759 1374; x_wconf 82' lang='grc' dir='ltr'>ἡττᾶται</span> <span class='ocrx_word' id='word_1_215' title='bbox 2785 1301 2920 1374; x_wconf 78' lang='grc'><strong>(56),</strong></span> <span class='ocrx_word' id='word_1_216' title='bbox 2952 1303 3281 1375; x_wconf 78' lang='grc' dir='ltr'>ἐκλαμϐάνει</span> <span class='ocrx_word' id='word_1_217' title='bbox 3304 1305 3441 1358; x_wconf 83' lang='grc' dir='ltr'>αὑτὸ</span> <span class='ocrx_word' id='word_1_218' title='bbox 3479 1306 3625 1376; x_wconf 84' lang='grc' dir='ltr'>πρὸς</span> <span class='ocrx_word' id='word_1_219' title='bbox 3648 1307 3752 1357; x_wconf 80' lang='grc' dir='ltr'>ἐπι-</span> 
     </span>
    </p>
   </div>
   <div class='ocr_carea' id='block_1_28' title="bbox 2164 1393 2649 1464">
    <p class='ocr_par' dir='ltr' id='par_1_28' title="bbox 2164 1393 2649 1464">
     <span class='ocr_line' id='line_1_28' title="bbox 2164 1393 2649 1464; baseline -0.002 -18"><span class='ocrx_word' id='word_1_220' title='bbox 2164 1393 2227 1446; x_wconf 88' lang='grc' dir='ltr'><strong>θυ</strong></span> <span class='ocrx_word' id='word_1_221' title='bbox 2236 1393 2363 1464; x_wconf 86' lang='grc' dir='ltr'>μίαν</span> <span class='ocrx_word' id='word_1_222' title='bbox 2391 1394 2649 1464; x_wconf 88' lang='grc' dir='ltr'>πονηράν.</span> 
     </span>
    </p>
   </div>
   <div class='ocr_carea' id='block_1_29' title="bbox 2234 1501 3747 1579">
    <p class='ocr_par' dir='ltr' id='par_1_29' title="bbox 2234 1501 3747 1579">
     <span class='ocr_line' id='line_1_29' title="bbox 2234 1501 3747 1579; baseline -0.001 -19"><span class='ocrx_word' id='word_1_223' title='bbox 2234 1508 2313 1560; x_wconf 84' lang='lat' dir='ltr'><strong>H&#39;.</strong></span> <span class='ocrx_word' id='word_1_224' title='bbox 2363 1526 2381 1558; x_wconf 75' lang='grc' dir='ltr'><strong>ε</strong></span> <span class='ocrx_word' id='word_1_225' title='bbox 2433 1507 2589 1575; x_wconf 82' lang='grc' dir='ltr'><strong>Λέγω</strong></span> <span class='ocrx_word' id='word_1_226' title='bbox 2628 1506 2777 1577; x_wconf 86' lang='grc' dir='ltr'>ὑμῖν,</span> <span class='ocrx_word' id='word_1_227' title='bbox 2820 1506 3006 1570; x_wconf 89' lang='grc' dir='ltr'>τέκνα,</span> <span class='ocrx_word' id='word_1_228' title='bbox 3036 1506 3116 1559; x_wconf 77' lang='grc' dir='ltr'><strong>ὅτι</strong></span> <span class='ocrx_word' id='word_1_229' title='bbox 3152 1505 3270 1578; x_wconf 82' lang='grc' dir='ltr'>ὥρα</span> <span class='ocrx_word' id='word_1_230' title='bbox 3307 1501 3376 1578; x_wconf 76' lang='grc' dir='ltr'>ἦν</span> <span class='ocrx_word' id='word_1_231' title='bbox 3416 1506 3558 1560; x_wconf 76' lang='grc' dir='ltr'>ὡσεὶ</span> <span class='ocrx_word' id='word_1_232' title='bbox 3598 1506 3747 1579; x_wconf 74' lang='grc' dir='ltr'>ἕκτη,</span> 
     </span>
    </p>
   </div>
   <div class='ocr_carea' id='block_1_30' title="bbox 2160 1598 3749 1671">
    <p class='ocr_par' dir='ltr' id='par_1_30' title="bbox 2160 1598 3749 1671">
     <span class='ocr_line' id='line_1_30' title="bbox 2160 1598 3749 1671; baseline 0 -19"><span class='ocrx_word' id='word_1_233' title='bbox 2160 1600 2249 1652; x_wconf 84' lang='grc' dir='ltr'>ὅτε</span> <span class='ocrx_word' id='word_1_234' title='bbox 2294 1598 2514 1670; x_wconf 81' lang='grc' dir='ltr'>ἐξῆλθεν</span> <span class='ocrx_word' id='word_1_235' title='bbox 2550 1600 2643 1651; x_wconf 86' lang='grc' dir='ltr'>ἀπ’</span> <span class='ocrx_word' id='word_1_236' title='bbox 2672 1598 2804 1669; x_wconf 81' lang='grc' dir='ltr'>ἐμοῦ</span> <span class='ocrx_word' id='word_1_237' title='bbox 2826 1616 2839 1629; x_wconf 72' lang='grc' dir='ltr'><strong><em>ο</em></strong></span> <span class='ocrx_word' id='word_1_238' title='bbox 2882 1598 3036 1667; x_wconf 89' lang='grc' dir='ltr'><strong>κάγὼ</strong></span> <span class='ocrx_word' id='word_1_239' title='bbox 3079 1598 3208 1665; x_wconf 82' lang='grc' dir='ltr'>γόνυ</span> <span class='ocrx_word' id='word_1_240' title='bbox 3252 1599 3445 1663; x_wconf 78' lang='grc' dir='ltr'>κλίνας</span> <span class='ocrx_word' id='word_1_241' title='bbox 3476 1600 3621 1671; x_wconf 76' lang='grc' dir='ltr'>πρὸς</span> <span class='ocrx_word' id='word_1_242' title='bbox 3646 1600 3749 1652; x_wconf 72' lang='grc' dir='ltr'><strong>Κύ-</strong></span> 
     </span>
    </p>
   </div>
   <div class='ocr_carea' id='block_1_31' title="bbox 485 1689 2050 1792">
    <p class='ocr_par' dir='ltr' id='par_1_31' title="bbox 485 1692 2050 1767">
     <span class='ocr_line' id='line_1_31' title="bbox 485 1692 2050 1767; baseline -0.006 -14"><span class='ocrx_word' id='word_1_243' title='bbox 485 1698 684 1767; x_wconf 88' lang='lat' dir='ltr'><strong>(oravi)</strong></span> <span class='ocrx_word' id='word_1_244' title='bbox 716 1697 784 1751; x_wconf 90' lang='lat' dir='ltr'><strong>ad</strong></span> <span class='ocrx_word' id='word_1_245' title='bbox 807 1694 1097 1749; x_wconf 91' lang='lat' dir='ltr'><strong>Dominum</strong></span> <span class='ocrx_word' id='word_1_246' title='bbox 1153 1702 1326 1746; x_wconf 92' lang='lat' dir='ltr'><strong>totum</strong></span> <span class='ocrx_word' id='word_1_247' title='bbox 1353 1692 1519 1757; x_wconf 89' lang='lat' dir='ltr'><strong>diem,</strong></span> <span class='ocrx_word' id='word_1_248' title='bbox 1550 1700 1604 1746; x_wconf 92' lang='lat' dir='ltr'><strong>et</strong></span> <span class='ocrx_word' id='word_1_249' title='bbox 1630 1699 1801 1746; x_wconf 85' lang='lat' dir='ltr'><strong>totam</strong></span> <span class='ocrx_word' id='word_1_250' title='bbox 1841 1698 2050 1745; x_wconf 89' lang='lat' dir='ltr'><strong>noctem</strong></span> 
     </span>
    </p>
   </div>
   <div class='ocr_carea' id='block_1_32' title="bbox 2158 1689 3745 1792">
    <p class='ocr_par' dir='ltr' id='par_1_32' title="bbox 2165 1689 3745 1762">
     <span class='ocr_line' id='line_1_32' title="bbox 2165 1689 3745 1762; baseline 0.001 -19"><span class='ocrx_word' id='word_1_251' title='bbox 2165 1708 2278 1761; x_wconf 92' lang='grc' dir='ltr'>ριον</span> <span class='ocrx_word' id='word_1_252' title='bbox 2310 1691 2438 1762; x_wconf 84' lang='grc' dir='ltr'>ὃλην</span> <span class='ocrx_word' id='word_1_253' title='bbox 2470 1690 2569 1761; x_wconf 82' lang='grc' dir='ltr'>τὴν</span> <span class='ocrx_word' id='word_1_254' title='bbox 2596 1690 2827 1761; x_wconf 81' lang='grc' dir='ltr'>ἡμέραν,</span> <span class='ocrx_word' id='word_1_255' title='bbox 2859 1691 2951 1743; x_wconf 74' lang='grc' dir='ltr'>καὶ</span> <span class='ocrx_word' id='word_1_256' title='bbox 2974 1690 3103 1760; x_wconf 84' lang='grc' dir='ltr'>ὃλην</span> <span class='ocrx_word' id='word_1_257' title='bbox 3136 1689 3233 1760; x_wconf 79' lang='grc' dir='ltr'>τὴν</span> <span class='ocrx_word' id='word_1_258' title='bbox 3266 1690 3439 1743; x_wconf 84' lang='grc' dir='ltr'>νύκτα</span> <span class='ocrx_word' id='word_1_259' title='bbox 3482 1693 3745 1760; x_wconf 55' lang='grc' dir='ltr'>συνάφας,</span> 
     </span>
    </p>
   </div>
   <div class='ocr_carea' id='block_1_33' title="bbox 485 1783 2056 1859">
    <p class='ocr_par' dir='ltr' id='par_1_33' title="bbox 485 1783 2056 1859">
     <span class='ocr_line' id='line_1_33' title="bbox 485 1783 2056 1859; baseline -0.004 -14"><span class='ocrx_word' id='word_1_260' title='bbox 485 1790 856 1859; x_wconf 89' lang='lat' dir='ltr'><strong>conjungens,</strong></span> <span class='ocrx_word' id='word_1_261' title='bbox 908 1785 1054 1841; x_wconf 91' lang='lat' dir='ltr'><strong>circa</strong></span> <span class='ocrx_word' id='word_1_262' title='bbox 1108 1784 1412 1838; x_wconf 87' lang='lat' dir='ltr'><strong>diluculum</strong></span> <span class='ocrx_word' id='word_1_263' title='bbox 1475 1783 1689 1837; x_wconf 81' lang='lat' dir='ltr'><strong>surrexi</strong></span> <span class='ocrx_word' id='word_1_264' title='bbox 1725 1784 2056 1855; x_wconf 87' lang='lat' dir='ltr'><strong>lacrymans,</strong></span> 
     </span>
    </p>
   </div>
   <div class='ocr_carea' id='block_1_34' title="bbox 483 1871 2060 1952">
    <p class='ocr_par' dir='ltr' id='par_1_34' title="bbox 483 1871 2060 1952">
     <span class='ocr_line' id='line_1_34' title="bbox 483 1871 2060 1952; baseline -0.005 -15"><span class='ocrx_word' id='word_1_265' title='bbox 483 1891 538 1937; x_wconf 90' lang='lat' dir='ltr'><strong>et</strong></span> <span class='ocrx_word' id='word_1_266' title='bbox 578 1890 768 1952; x_wconf 88' lang='lat' dir='ltr'><strong>petens</strong></span> <span class='ocrx_word' id='word_1_267' title='bbox 804 1877 1181 1933; x_wconf 88' lang='lat' dir='ltr'><strong>liberationem</strong></span> <span class='ocrx_word' id='word_1_268' title='bbox 1228 1876 1297 1930; x_wconf 92' lang='lat' dir='ltr'><strong>ab</strong></span> <span class='ocrx_word' id='word_1_269' title='bbox 1328 1873 1603 1945; x_wconf 66' lang='lat' dir='ltr'><strong>Egyptia.</strong></span> <span class='ocrx_word' id='word_1_270' title='bbox 1655 1871 1714 1928; x_wconf 88' lang='lat' dir='ltr'><strong>ln</strong></span> <span class='ocrx_word' id='word_1_271' title='bbox 1753 1874 1861 1929; x_wconf 80' lang='lat' dir='ltr'><strong>ﬁne</strong></span> <span class='ocrx_word' id='word_1_272' title='bbox 1898 1876 2060 1946; x_wconf 88' lang='lat' dir='ltr'><strong>igitur</strong></span> 
     </span>
    </p>
   </div>
   <div class='ocr_carea' id='block_1_35' title="bbox 483 1965 2059 2043">
    <p class='ocr_par' dir='ltr' id='par_1_35' title="bbox 483 1965 2059 2043">
     <span class='ocr_line' id='line_1_35' title="bbox 483 1965 2059 2043; baseline -0.004 -15"><span class='ocrx_word' id='word_1_273' title='bbox 483 1971 843 2043; x_wconf 86' lang='lat' dir='ltr'><strong>apprehendit</strong></span> <span class='ocrx_word' id='word_1_274' title='bbox 892 1984 1013 2025; x_wconf 89' lang='lat' dir='ltr'><strong>mea</strong></span> <span class='ocrx_word' id='word_1_275' title='bbox 1057 1968 1419 2031; x_wconf 88' lang='lat' dir='ltr'><strong>vestimenta,</strong></span> <span class='ocrx_word' id='word_1_276' title='bbox 1467 1965 1731 2021; x_wconf 84' lang='lat' dir='ltr'><strong>violenter</strong></span> <span class='ocrx_word' id='word_1_277' title='bbox 1777 1968 2059 2021; x_wconf 90' lang='lat' dir='ltr'><strong>attrahens</strong></span> 
     </span>
    </p>
   </div>
   <div class='ocr_carea' id='block_1_36' title="bbox 482 2059 2058 2131">
    <p class='ocr_par' dir='ltr' id='par_1_36' title="bbox 482 2059 2058 2131">
     <span class='ocr_line' id='line_1_36' title="bbox 482 2059 2058 2131; baseline -0.003 -11"><span class='ocrx_word' id='word_1_278' title='bbox 482 2080 571 2120; x_wconf 87' lang='lat' dir='ltr'><strong>me</strong></span> <span class='ocrx_word' id='word_1_279' title='bbox 608 2064 677 2119; x_wconf 89' lang='lat' dir='ltr'><strong>ad</strong></span> <span class='ocrx_word' id='word_1_280' title='bbox 717 2064 1089 2118; x_wconf 84' lang='lat' dir='ltr'><strong>concubitum.</strong></span> <span class='ocrx_word' id='word_1_281' title='bbox 1139 2059 1211 2115; x_wconf 89' lang='lat' dir='ltr'><strong>Ut</strong></span> <span class='ocrx_word' id='word_1_282' title='bbox 1237 2060 1402 2131; x_wconf 87' lang='lat' dir='ltr'><strong>igitur</strong></span> <span class='ocrx_word' id='word_1_283' title='bbox 1440 2059 1549 2113; x_wconf 88' lang='lat' dir='ltr'><strong>vidi</strong></span> <span class='ocrx_word' id='word_1_284' title='bbox 1587 2059 1734 2127; x_wconf 88' lang='lat' dir='ltr'><strong>quod</strong></span> <span class='ocrx_word' id='word_1_285' title='bbox 1778 2059 2058 2115; x_wconf 85' lang='lat' dir='ltr'><strong>insaniens</strong></span> 
     </span>
    </p>
   </div>
   <div class='ocr_carea' id='block_1_37' title="bbox 483 2150 2059 2223">
    <p class='ocr_par' dir='ltr' id='par_1_37' title="bbox 483 2150 2059 2223">
     <span class='ocr_line' id='line_1_37' title="bbox 483 2150 2059 2223; baseline -0.004 -10"><span class='ocrx_word' id='word_1_286' title='bbox 483 2156 659 2213; x_wconf 83' lang='lat' dir='ltr'><strong>tenuit</strong></span> <span class='ocrx_word' id='word_1_287' title='bbox 718 2156 1042 2211; x_wconf 87' lang='lat' dir='ltr'><strong>vestimenta</strong></span> <span class='ocrx_word' id='word_1_288' title='bbox 1086 2169 1243 2219; x_wconf 90' lang='lat' dir='ltr'><strong>mea,</strong></span> <span class='ocrx_word' id='word_1_289' title='bbox 1318 2153 1499 2208; x_wconf 92' lang='lat' dir='ltr'><strong>nudus</strong></span> <span class='ocrx_word' id='word_1_290' title='bbox 1548 2150 1733 2223; x_wconf 79' lang='lat' dir='ltr'><strong>eﬂ‘ugi.</strong></span> <span class='ocrx_word' id='word_1_291' title='bbox 1784 2150 1880 2206; x_wconf 89' lang='lat' dir='ltr'><strong>llla</strong></span> <span class='ocrx_word' id='word_1_292' title='bbox 1928 2168 2059 2207; x_wconf 92' lang='lat' dir='ltr'><strong>vero</strong></span> 
     </span>
    </p>
   </div>
   <div class='ocr_carea' id='block_1_38' title="bbox 480 2244 2059 2315">
    <p class='ocr_par' dir='ltr' id='par_1_38' title="bbox 480 2244 2059 2315">
     <span class='ocr_line' id='line_1_38' title="bbox 480 2244 2059 2315; baseline -0.001 -12"><span class='ocrx_word' id='word_1_293' title='bbox 480 2248 815 2304; x_wconf 86' lang='lat' dir='ltr'><strong>calumniata</strong></span> <span class='ocrx_word' id='word_1_294' title='bbox 863 2257 946 2302; x_wconf 92' lang='lat' dir='ltr'><strong>est</strong></span> <span class='ocrx_word' id='word_1_295' title='bbox 990 2261 1078 2301; x_wconf 90' lang='lat' dir='ltr'><strong>me</strong></span> <span class='ocrx_word' id='word_1_296' title='bbox 1116 2244 1261 2315; x_wconf 86' lang='lat' dir='ltr'><strong>apud</strong></span> <span class='ocrx_word' id='word_1_297' title='bbox 1308 2245 1485 2300; x_wconf 91' lang='lat' dir='ltr'><strong>virum</strong></span> <span class='ocrx_word' id='word_1_298' title='bbox 1530 2261 1692 2300; x_wconf 91' lang='lat' dir='ltr'><strong>suum</strong></span> <span class='ocrx_word' id='word_1_299' title='bbox 1728 2264 1742 2299; x_wconf 76' lang='grc' dir='ltr'><strong>ι</strong></span> <span class='ocrx_word' id='word_1_300' title='bbox 1775 2252 1830 2299; x_wconf 92' lang='lat' dir='ltr'><strong>et</strong></span> <span class='ocrx_word' id='word_1_301' title='bbox 1872 2245 2059 2315; x_wconf 86' lang='lat' dir='ltr'><strong>injecit</strong></span> 
     </span>
    </p>
   </div>
   <div class='ocr_carea' id='block_1_39' title="bbox 479 2336 2054 2408">
    <p class='ocr_par' dir='ltr' id='par_1_39' title="bbox 479 2336 2054 2408">
     <span class='ocr_line' id='line_1_39' title="bbox 479 2336 2054 2408; baseline -0.002 -14"><span class='ocrx_word' id='word_1_302' title='bbox 479 2354 571 2395; x_wconf 90' lang='lat' dir='ltr'><strong>me</strong></span> <span class='ocrx_word' id='word_1_303' title='bbox 610 2339 666 2393; x_wconf 93' lang='lat' dir='ltr'><strong>in</strong></span> <span class='ocrx_word' id='word_1_304' title='bbox 708 2353 983 2395; x_wconf 91' lang='lat' dir='ltr'><strong>carcerem</strong></span> <span class='ocrx_word' id='word_1_305' title='bbox 1016 2338 1112 2407; x_wconf 92' lang='lat' dir='ltr'><strong>qui</strong></span> <span class='ocrx_word' id='word_1_306' title='bbox 1144 2346 1262 2392; x_wconf 92' lang='lat' dir='ltr'><strong>erat</strong></span> <span class='ocrx_word' id='word_1_307' title='bbox 1305 2337 1361 2391; x_wconf 94' lang='lat' dir='ltr'><strong>in</strong></span> <span class='ocrx_word' id='word_1_308' title='bbox 1402 2338 1567 2392; x_wconf 92' lang='lat' dir='ltr'><strong>domo</strong></span> <span class='ocrx_word' id='word_1_309' title='bbox 1600 2352 1699 2392; x_wconf 91' lang='lat' dir='ltr'><strong>sua</strong></span> <span class='ocrx_word' id='word_1_310' title='bbox 1730 2336 2054 2408; x_wconf 63' lang='lat' dir='ltr'><strong>Egyptias’;</strong></span> 
     </span>
    </p>
   </div>
   <div class='ocr_carea' id='block_1_40' title="bbox 477 2428 2056 2501">
    <p class='ocr_par' dir='ltr' id='par_1_40' title="bbox 477 2428 2056 2501">
     <span class='ocr_line' id='line_1_40' title="bbox 477 2428 2056 2501; baseline 0 -16"><span class='ocrx_word' id='word_1_311' title='bbox 477 2438 535 2485; x_wconf 87' lang='lat' dir='ltr'><strong>et</strong></span> <span class='ocrx_word' id='word_1_312' title='bbox 570 2430 817 2501; x_wconf 86' lang='lat' dir='ltr'><strong>sequenti</strong></span> <span class='ocrx_word' id='word_1_313' title='bbox 862 2430 981 2495; x_wconf 92' lang='lat' dir='ltr'><strong>die,</strong></span> <span class='ocrx_word' id='word_1_314' title='bbox 1016 2445 1141 2484; x_wconf 91' lang='lat' dir='ltr'><strong>cum</strong></span> <span class='ocrx_word' id='word_1_315' title='bbox 1172 2428 1498 2499; x_wconf 84' lang='lat' dir='ltr'><strong>ﬂagellasset</strong></span> <span class='ocrx_word' id='word_1_316' title='bbox 1545 2446 1652 2496; x_wconf 93' lang='lat' dir='ltr'><strong>me,</strong></span> <span class='ocrx_word' id='word_1_317' title='bbox 1684 2431 1831 2486; x_wconf 88' lang='lat' dir='ltr'><strong>misit</strong></span> <span class='ocrx_word' id='word_1_318' title='bbox 1873 2447 1959 2486; x_wconf 90' lang='lat' dir='ltr'><strong>me</strong></span> <span class='ocrx_word' id='word_1_319' title='bbox 2000 2431 2056 2485; x_wconf 92' lang='lat' dir='ltr'><strong>in</strong></span> 
     </span>
    </p>
   </div>
   <div class='ocr_carea' id='block_1_41' title="bbox 479 2520 2056 2593">
    <p class='ocr_par' dir='ltr' id='par_1_41' title="bbox 479 2520 2056 2593">
     <span class='ocr_line' id='line_1_41' title="bbox 479 2520 2056 2593; baseline 0.001 -16"><span class='ocrx_word' id='word_1_320' title='bbox 479 2536 754 2578; x_wconf 89' lang='lat' dir='ltr'><strong>carcerem</strong></span> <span class='ocrx_word' id='word_1_321' title='bbox 802 2520 1128 2577; x_wconf 89' lang='lat' dir='ltr'><strong>Pharaonis.</strong></span> <span class='ocrx_word' id='word_1_322' title='bbox 1188 2520 1254 2575; x_wconf 90' lang='lat' dir='ltr'><strong>Et</strong></span> <span class='ocrx_word' id='word_1_323' title='bbox 1297 2537 1422 2576; x_wconf 93' lang='lat' dir='ltr'><strong>cum</strong></span> <span class='ocrx_word' id='word_1_324' title='bbox 1468 2523 1685 2577; x_wconf 91' lang='lat' dir='ltr'><strong>vinctus</strong></span> <span class='ocrx_word' id='word_1_325' title='bbox 1720 2523 1959 2593; x_wconf 87' lang='lat' dir='ltr'><strong>jacerem</strong></span> <span class='ocrx_word' id='word_1_326' title='bbox 2000 2525 2056 2578; x_wconf 90' lang='lat' dir='ltr'><strong>in</strong></span> 
     </span>
    </p>
   </div>
   <div class='ocr_carea' id='block_1_42' title="bbox 477 2612 2057 2686">
    <p class='ocr_par' dir='ltr' id='par_1_42' title="bbox 477 2612 2057 2686">
     <span class='ocr_line' id='line_1_42' title="bbox 477 2612 2057 2686; baseline -0.001 -17"><span class='ocrx_word' id='word_1_327' title='bbox 477 2613 857 2683; x_wconf 89' lang='lat' dir='ltr'><strong>compedibus,</strong></span> <span class='ocrx_word' id='word_1_328' title='bbox 882 2612 1136 2686; x_wconf 66' lang='lat' dir='ltr'><strong>Egyptia</strong></span> <span class='ocrx_word' id='word_1_329' title='bbox 1181 2612 1457 2666; x_wconf 87' lang='lat' dir='ltr'><strong>inﬁrmata</strong></span> <span class='ocrx_word' id='word_1_330' title='bbox 1496 2621 1580 2666; x_wconf 90' lang='lat' dir='ltr'><strong>est</strong></span> <span class='ocrx_word' id='word_1_331' title='bbox 1614 2612 1822 2677; x_wconf 91' lang='lat' dir='ltr'><strong>dolore,</strong></span> <span class='ocrx_word' id='word_1_332' title='bbox 1867 2622 1922 2668; x_wconf 91' lang='lat' dir='ltr'><strong>et</strong></span> <span class='ocrx_word' id='word_1_333' title='bbox 1959 2627 2057 2667; x_wconf 91' lang='lat' dir='ltr'><strong>au-</strong></span> 
     </span>
    </p>
   </div>
   <div class='ocr_carea' id='block_1_43' title="bbox 478 2702 2053 2773">
    <p class='ocr_par' dir='ltr' id='par_1_43' title="bbox 478 2702 2053 2773">
     <span class='ocr_line' id='line_1_43' title="bbox 478 2702 2053 2773; baseline -0.001 -13"><span class='ocrx_word' id='word_1_334' title='bbox 478 2704 750 2761; x_wconf 88' lang='lat' dir='ltr'><strong>scultabat</strong></span> <span class='ocrx_word' id='word_1_335' title='bbox 776 2703 931 2769; x_wconf 89' lang='lat' dir='ltr'><strong>mihi,</strong></span> <span class='ocrx_word' id='word_1_336' title='bbox 948 2702 1185 2773; x_wconf 88' lang='lat' dir='ltr'><strong>qualiter</strong></span> <span class='ocrx_word' id='word_1_337' title='bbox 1208 2702 1427 2773; x_wconf 89' lang='lat' dir='ltr'><strong>hymnis</strong></span> <span class='ocrx_word' id='word_1_338' title='bbox 1453 2702 1743 2757; x_wconf 91' lang='lat' dir='ltr'><strong>laudabam</strong></span> <span class='ocrx_word' id='word_1_339' title='bbox 1762 2702 2053 2759; x_wconf 90' lang='lat' dir='ltr'><strong>Dominum</strong></span> 
     </span>
    </p>
   </div>
   <div class='ocr_carea' id='block_1_44' title="bbox 476 2797 2055 2868">
    <p class='ocr_par' dir='ltr' id='par_1_44' title="bbox 476 2797 2055 2868">
     <span class='ocr_line' id='line_1_44' title="bbox 476 2797 2055 2868; baseline -0.001 -15"><span class='ocrx_word' id='word_1_340' title='bbox 476 2797 533 2853; x_wconf 91' lang='lat' dir='ltr'><strong>in</strong></span> <span class='ocrx_word' id='word_1_341' title='bbox 560 2799 725 2853; x_wconf 89' lang='lat' dir='ltr'><strong>domo</strong></span> <span class='ocrx_word' id='word_1_342' title='bbox 752 2798 1121 2863; x_wconf 89' lang='lat' dir='ltr'><strong>tenebrarum,</strong></span> <span class='ocrx_word' id='word_1_343' title='bbox 1148 2806 1203 2853; x_wconf 91' lang='lat' dir='ltr'><strong>et</strong></span> <span class='ocrx_word' id='word_1_344' title='bbox 1236 2797 1395 2851; x_wconf 87' lang='lat' dir='ltr'><strong>hilari</strong></span> <span class='ocrx_word' id='word_1_345' title='bbox 1421 2813 1552 2852; x_wconf 91' lang='lat' dir='ltr'><strong>voce</strong></span> <span class='ocrx_word' id='word_1_346' title='bbox 1584 2798 1828 2867; x_wconf 88' lang='lat' dir='ltr'><strong>gaudens</strong></span> <span class='ocrx_word' id='word_1_347' title='bbox 1853 2799 2055 2868; x_wconf 83' lang='lat' dir='ltr'><strong>gloriti—</strong></span> 
     </span>
    </p>
   </div>
   <div class='ocr_carea' id='block_1_45' title="bbox 477 2888 2054 2960">
    <p class='ocr_par' dir='ltr' id='par_1_45' title="bbox 477 2888 2054 2960">
     <span class='ocr_line' id='line_1_45' title="bbox 477 2888 2054 2960; baseline 0.001 -16"><span class='ocrx_word' id='word_1_348' title='bbox 477 2889 670 2944; x_wconf 89' lang='lat' dir='ltr'><strong>cabam</strong></span> <span class='ocrx_word' id='word_1_349' title='bbox 699 2888 871 2943; x_wconf 91' lang='lat' dir='ltr'><strong>Deum</strong></span> <span class='ocrx_word' id='word_1_350' title='bbox 903 2903 1085 2943; x_wconf 90' lang='lat' dir='ltr'><strong>meum</strong></span> <span class='ocrx_word' id='word_1_351' title='bbox 1122 2888 1325 2953; x_wconf 85' lang='lat' dir='ltr'><strong>solum,</strong></span> <span class='ocrx_word' id='word_1_352' title='bbox 1372 2891 1519 2957; x_wconf 88' lang='lat' dir='ltr'><strong>quod</strong></span> <span class='ocrx_word' id='word_1_353' title='bbox 1552 2904 1650 2959; x_wconf 89' lang='lat' dir='ltr'><strong>per</strong></span> <span class='ocrx_word' id='word_1_354' title='bbox 1676 2890 1863 2960; x_wconf 89' lang='lat' dir='ltr'><strong>(hanc)</strong></span> <span class='ocrx_word' id='word_1_355' title='bbox 1894 2906 2054 2946; x_wconf 90' lang='lat' dir='ltr'><strong>occa-</strong></span> 
     </span>
    </p>
   </div>
   <div class='ocr_carea' id='block_1_46' title="bbox 474 2979 1413 3051">
    <p class='ocr_par' dir='ltr' id='par_1_46' title="bbox 474 2979 1413 3051">
     <span class='ocr_line' id='line_1_46' title="bbox 474 2979 1413 3051; baseline -0.004 -14"><span class='ocrx_word' id='word_1_356' title='bbox 474 2982 687 3037; x_wconf 78' lang='lat' dir='ltr'><strong>sionem</strong></span> <span class='ocrx_word' id='word_1_357' title='bbox 717 2981 1011 3036; x_wconf 88' lang='lat' dir='ltr'><strong>amovebar</strong></span> <span class='ocrx_word' id='word_1_358' title='bbox 1047 2981 1116 3035; x_wconf 89' lang='lat' dir='ltr'><strong>ah</strong></span> <span class='ocrx_word' id='word_1_359' title='bbox 1138 2979 1413 3051; x_wconf 72' lang='lat' dir='ltr'><strong>Egyptia.</strong></span> 
     </span>
    </p>
   </div>
   <div class='ocr_carea' id='block_1_47' title="bbox 545 3072 1672 3140">
    <p class='ocr_par' dir='ltr' id='par_1_47' title="bbox 545 3072 1672 3140">
     <span class='ocr_line' id='line_1_47' title="bbox 545 3072 1672 3140; baseline 0.002 -13"><span class='ocrx_word' id='word_1_360' title='bbox 545 3072 637 3128; x_wconf 67' lang='grc' dir='ltr'>ιιι.</span> <span class='ocrx_word' id='word_1_361' title='bbox 685 3092 703 3125; x_wconf 73' lang='grc' dir='ltr'><strong>ι</strong></span> <span class='ocrx_word' id='word_1_362' title='bbox 736 3072 1009 3128; x_wconf 84' lang='lat' dir='ltr'><strong>Multoties</strong></span> <span class='ocrx_word' id='word_1_363' title='bbox 1033 3073 1181 3128; x_wconf 91' lang='lat' dir='ltr'><strong>misit</strong></span> <span class='ocrx_word' id='word_1_364' title='bbox 1209 3074 1276 3128; x_wconf 91' lang='lat' dir='ltr'><strong>ad</strong></span> <span class='ocrx_word' id='word_1_365' title='bbox 1304 3088 1411 3140; x_wconf 93' lang='lat' dir='ltr'><strong>me,</strong></span> <span class='ocrx_word' id='word_1_366' title='bbox 1444 3075 1631 3131; x_wconf 88' lang='lat' dir='ltr'><strong>dicens</strong></span> <span class='ocrx_word' id='word_1_367' title='bbox 1659 3093 1672 3129; x_wconf 94' lang='lat'><strong>:</strong></span> 
     </span>
    </p>
   </div>
   <div class='ocr_carea' id='block_1_48' title="bbox 472 3165 2056 3239">
    <p class='ocr_par' dir='ltr' id='par_1_48' title="bbox 472 3165 2056 3239">
     <span class='ocr_line' id='line_1_48' title="bbox 472 3165 2056 3239; baseline 0.003 -18"><span class='ocrx_word' id='word_1_368' title='bbox 472 3166 701 3237; x_wconf 86' lang='lat' dir='ltr'><strong>implere</strong></span> <span class='ocrx_word' id='word_1_369' title='bbox 740 3165 1072 3222; x_wconf 85' lang='lat' dir='ltr'><strong>desiderium</strong></span> <span class='ocrx_word' id='word_1_370' title='bbox 1104 3166 1356 3239; x_wconf 91' lang='lat' dir='ltr'><strong>(meum),</strong></span> <span class='ocrx_word' id='word_1_371' title='bbox 1396 3181 1450 3224; x_wconf 90' lang='lat' dir='ltr'><strong>et</strong></span> <span class='ocrx_word' id='word_1_372' title='bbox 1495 3169 1738 3224; x_wconf 87' lang='lat' dir='ltr'><strong>liberabo</strong></span> <span class='ocrx_word' id='word_1_373' title='bbox 1778 3180 1829 3224; x_wconf 92' lang='lat' dir='ltr'><strong>te</strong></span> <span class='ocrx_word' id='word_1_374' title='bbox 1877 3186 1907 3225; x_wconf 89' lang='lat' dir='ltr'><strong>a</strong></span> <span class='ocrx_word' id='word_1_375' title='bbox 1938 3172 2056 3225; x_wconf 89' lang='lat' dir='ltr'><strong>vin-</strong></span> 
     </span>
    </p>
   </div>
   <div class='ocr_carea' id='block_1_49' title="bbox 475 3257 2055 3332">
    <p class='ocr_par' dir='ltr' id='par_1_49' title="bbox 475 3257 2055 3332">
     <span class='ocr_line' id='line_1_49' title="bbox 475 3257 2055 3332; baseline 0.004 -20"><span class='ocrx_word' id='word_1_376' title='bbox 475 3257 636 3323; x_wconf 91' lang='lat' dir='ltr'><strong>culis,</strong></span> <span class='ocrx_word' id='word_1_377' title='bbox 677 3265 733 3311; x_wconf 92' lang='lat' dir='ltr'><strong>et</strong></span> <span class='ocrx_word' id='word_1_378' title='bbox 765 3257 994 3326; x_wconf 86' lang='lat' dir='ltr'><strong>eripiam</strong></span> <span class='ocrx_word' id='word_1_379' title='bbox 1036 3265 1090 3312; x_wconf 90' lang='lat' dir='ltr'><strong>te</strong></span> <span class='ocrx_word' id='word_1_380' title='bbox 1118 3273 1183 3312; x_wconf 87' lang='lat' dir='ltr'><strong>ex</strong></span> <span class='ocrx_word' id='word_1_381' title='bbox 1219 3260 1493 3315; x_wconf 89' lang='lat' dir='ltr'><strong>tenebris:</strong></span> <span class='ocrx_word' id='word_1_382' title='bbox 1529 3280 1548 3313; x_wconf 75' lang='grc' dir='ltr'><strong>ι</strong></span> <span class='ocrx_word' id='word_1_383' title='bbox 1585 3270 1639 3316; x_wconf 90' lang='lat' dir='ltr'><strong>et</strong></span> <span class='ocrx_word' id='word_1_384' title='bbox 1668 3277 1845 3331; x_wconf 86' lang='lat' dir='ltr'><strong>neque</strong></span> <span class='ocrx_word' id='word_1_385' title='bbox 1880 3278 2055 3332; x_wconf 91' lang='lat' dir='ltr'><strong>usque</strong></span> 
     </span>
    </p>
   </div>
   <div class='ocr_carea' id='block_1_50' title="bbox 473 3349 2054 3426">
    <p class='ocr_par' dir='ltr' id='par_1_50' title="bbox 473 3349 2054 3426">
     <span class='ocr_line' id='line_1_50' title="bbox 473 3349 2054 3426; baseline 0.004 -21"><span class='ocrx_word' id='word_1_386' title='bbox 473 3349 545 3405; x_wconf 83' lang='lat' dir='ltr'><strong>ad</strong></span> <span class='ocrx_word' id='word_1_387' title='bbox 575 3350 943 3420; x_wconf 88' lang='lat' dir='ltr'><strong>cogitationes</strong></span> <span class='ocrx_word' id='word_1_388' title='bbox 974 3350 1232 3407; x_wconf 91' lang='lat' dir='ltr'><strong>inclinavi</strong></span> <span class='ocrx_word' id='word_1_389' title='bbox 1264 3356 1331 3408; x_wconf 90' lang='lat' dir='ltr'><strong>ad</strong></span> <span class='ocrx_word' id='word_1_390' title='bbox 1358 3368 1500 3409; x_wconf 90' lang='lat' dir='ltr'><strong>eam.</strong></span> <span class='ocrx_word' id='word_1_391' title='bbox 1533 3352 1715 3426; x_wconf 90' lang='lat' dir='ltr'><strong>Diligit</strong></span> <span class='ocrx_word' id='word_1_392' title='bbox 1742 3356 1887 3410; x_wconf 89' lang='lat' dir='ltr'><strong>enim</strong></span> <span class='ocrx_word' id='word_1_393' title='bbox 1910 3355 2054 3413; x_wconf 88' lang='lat' dir='ltr'><strong>Deus</strong></span> 
     </span>
    </p>
   </div>
   <div class='ocr_carea' id='block_1_51' title="bbox 471 3443 2054 3519">
    <p class='ocr_par' dir='ltr' id='par_1_51' title="bbox 471 3443 2054 3519">
     <span class='ocr_line' id='line_1_51' title="bbox 471 3443 2054 3519; baseline 0.003 -20"><span class='ocrx_word' id='word_1_394' title='bbox 471 3458 600 3499; x_wconf 87' lang='lat' dir='ltr'><strong>eum</strong></span> <span class='ocrx_word' id='word_1_395' title='bbox 629 3444 824 3515; x_wconf 87' lang='lat' dir='ltr'><strong>magis,</strong></span> <span class='ocrx_word' id='word_1_396' title='bbox 850 3443 947 3514; x_wconf 87' lang='lat' dir='ltr'><strong>qui</strong></span> <span class='ocrx_word' id='word_1_397' title='bbox 980 3445 1033 3497; x_wconf 92' lang='lat' dir='ltr'><strong>in</strong></span> <span class='ocrx_word' id='word_1_398' title='bbox 1069 3444 1191 3501; x_wconf 91' lang='lat' dir='ltr'><strong>lacu</strong></span> <span class='ocrx_word' id='word_1_399' title='bbox 1224 3446 1575 3502; x_wconf 89' lang='lat' dir='ltr'><strong>tenebrarum</strong></span> <span class='ocrx_word' id='word_1_400' title='bbox 1611 3448 1823 3519; x_wconf 88' lang='lat' dir='ltr'><strong>jejunat</strong></span> <span class='ocrx_word' id='word_1_401' title='bbox 1870 3450 1924 3503; x_wconf 90' lang='lat' dir='ltr'><strong>in</strong></span> <span class='ocrx_word' id='word_1_402' title='bbox 1961 3465 2054 3505; x_wconf 87' lang='lat' dir='ltr'><strong>ca-</strong></span> 
     </span>
    </p>
   </div>
   <div class='ocr_carea' id='block_1_52' title="bbox 472 3540 2051 3612">
    <p class='ocr_par' dir='ltr' id='par_1_52' title="bbox 472 3540 2051 3612">
     <span class='ocr_line' id='line_1_52' title="bbox 472 3540 2051 3612; baseline 0.001 -17"><span class='ocrx_word' id='word_1_403' title='bbox 472 3540 681 3606; x_wconf 89' lang='lat' dir='ltr'><strong>stitate,</strong></span> <span class='ocrx_word' id='word_1_404' title='bbox 723 3554 890 3608; x_wconf 92' lang='lat' dir='ltr'><strong>quam</strong></span> <span class='ocrx_word' id='word_1_405' title='bbox 930 3554 1055 3593; x_wconf 89' lang='lat' dir='ltr'><strong>eum</strong></span> <span class='ocrx_word' id='word_1_406' title='bbox 1094 3540 1190 3608; x_wconf 89' lang='lat' dir='ltr'><strong>qui</strong></span> <span class='ocrx_word' id='word_1_407' title='bbox 1237 3540 1294 3594; x_wconf 92' lang='lat' dir='ltr'><strong>in</strong></span> <span class='ocrx_word' id='word_1_408' title='bbox 1334 3541 1488 3595; x_wconf 90' lang='lat' dir='ltr'><strong>cellis</strong></span> <span class='ocrx_word' id='word_1_409' title='bbox 1519 3542 1798 3611; x_wconf 90' lang='lat' dir='ltr'><strong>penuariis</strong></span> <span class='ocrx_word' id='word_1_410' title='bbox 1827 3542 2051 3612; x_wconf 88' lang='lat' dir='ltr'><strong>epipare</strong></span> 
     </span>
    </p>
   </div>
   <div class='ocr_carea' id='block_1_53' title="bbox 471 3630 2050 3697">
    <p class='ocr_par' dir='ltr' id='par_1_53' title="bbox 471 3630 2050 3697">
     <span class='ocr_line' id='line_1_53' title="bbox 471 3630 2050 3697; baseline 0.003 -12"><span class='ocrx_word' id='word_1_411' title='bbox 471 3632 806 3686; x_wconf 81' lang='lat' dir='ltr'><strong>luxuriatur.</strong></span> <span class='ocrx_word' id='word_1_412' title='bbox 860 3630 966 3697; x_wconf 85' lang='lat' dir='ltr'><strong>Qui</strong></span> <span class='ocrx_word' id='word_1_413' title='bbox 1010 3641 1193 3686; x_wconf 89' lang='lat' dir='ltr'><strong>autem</strong></span> <span class='ocrx_word' id='word_1_414' title='bbox 1252 3633 1309 3685; x_wconf 88' lang='lat' dir='ltr'><strong>in</strong></span> <span class='ocrx_word' id='word_1_415' title='bbox 1354 3632 1606 3687; x_wconf 88' lang='lat' dir='ltr'><strong>castitate</strong></span> <span class='ocrx_word' id='word_1_416' title='bbox 1654 3634 1787 3688; x_wconf 87' lang='lat' dir='ltr'><strong>vivit</strong></span> <span class='ocrx_word' id='word_1_417' title='bbox 1836 3644 1891 3688; x_wconf 90' lang='lat' dir='ltr'><strong>et</strong></span> <span class='ocrx_word' id='word_1_418' title='bbox 1936 3636 2050 3690; x_wconf 92' lang='lat' dir='ltr'><strong>vult</strong></span> 
     </span>
    </p>
   </div>
   <div class='ocr_carea' id='block_1_54' title="bbox 471 3726 2046 3802">
    <p class='ocr_par' dir='ltr' id='par_1_54' title="bbox 471 3726 2046 3802">
     <span class='ocr_line' id='line_1_54' title="bbox 471 3726 2046 3802; baseline 0.006 -23"><span class='ocrx_word' id='word_1_419' title='bbox 471 3726 739 3797; x_wconf 85' lang='lat' dir='ltr'><strong>gloriam,</strong></span> <span class='ocrx_word' id='word_1_420' title='bbox 770 3735 825 3781; x_wconf 91' lang='lat' dir='ltr'><strong>et</strong></span> <span class='ocrx_word' id='word_1_421' title='bbox 869 3728 914 3783; x_wconf 93' lang='lat' dir='ltr'><strong>si</strong></span> <span class='ocrx_word' id='word_1_422' title='bbox 951 3729 1166 3782; x_wconf 91' lang='lat' dir='ltr'><strong>noverit</strong></span> <span class='ocrx_word' id='word_1_423' title='bbox 1194 3729 1543 3798; x_wconf 84' lang='lat' dir='ltr'><strong>Altissimus,</strong></span> <span class='ocrx_word' id='word_1_424' title='bbox 1585 3731 1731 3800; x_wconf 90' lang='lat' dir='ltr'><strong>quod</strong></span> <span class='ocrx_word' id='word_1_425' title='bbox 1774 3732 2046 3802; x_wconf 81' lang='lat' dir='ltr'><strong>expediat,</strong></span> 
     </span>
    </p>
   </div>
   <div class='ocr_carea' id='block_1_55' title="bbox 472 3818 2044 3891">
    <p class='ocr_par' dir='ltr' id='par_1_55' title="bbox 472 3818 2044 3891">
     <span class='ocr_line' id='line_1_55' title="bbox 472 3818 2044 3891; baseline 0.005 -20"><span class='ocrx_word' id='word_1_426' title='bbox 472 3818 663 3872; x_wconf 88' lang='lat' dir='ltr'><strong>tribuit</strong></span> <span class='ocrx_word' id='word_1_427' title='bbox 691 3819 741 3873; x_wconf 90' lang='lat' dir='ltr'><strong>ei</strong></span> <span class='ocrx_word' id='word_1_428' title='bbox 768 3826 823 3873; x_wconf 91' lang='lat' dir='ltr'><strong>et</strong></span> <span class='ocrx_word' id='word_1_429' title='bbox 848 3818 986 3885; x_wconf 66' lang='lat' dir='ltr'><strong>haec,</strong></span> <span class='ocrx_word' id='word_1_430' title='bbox 1016 3820 1477 3890; x_wconf 85' lang='lat' dir='ltr'><strong>quemadmodum</strong></span> <span class='ocrx_word' id='word_1_431' title='bbox 1511 3829 1564 3874; x_wconf 90' lang='lat' dir='ltr'><strong>et</strong></span> <span class='ocrx_word' id='word_1_432' title='bbox 1590 3822 1743 3875; x_wconf 90' lang='lat' dir='ltr'><strong>mihi.</strong></span> <span class='ocrx_word' id='word_1_433' title='bbox 1800 3822 2044 3891; x_wconf 85' lang='lat' dir='ltr'><strong>Quoties,</strong></span> 
     </span>
    </p>
   </div>
   <div class='ocr_carea' id='block_1_56' title="bbox 469 3911 2047 3982">
    <p class='ocr_par' dir='ltr' id='par_1_56' title="bbox 469 3911 2047 3982">
     <span class='ocr_line' id='line_1_56' title="bbox 469 3911 2047 3982; baseline 0.003 -18"><span class='ocrx_word' id='word_1_434' title='bbox 469 3911 725 3981; x_wconf 91' lang='lat' dir='ltr'><strong>quamvis</strong></span> <span class='ocrx_word' id='word_1_435' title='bbox 778 3911 1071 3978; x_wconf 77' lang='lat' dir='ltr'><strong>infirmata,</strong></span> <span class='ocrx_word' id='word_1_436' title='bbox 1100 3912 1382 3967; x_wconf 89' lang='lat' dir='ltr'><strong>descendit</strong></span> <span class='ocrx_word' id='word_1_437' title='bbox 1410 3913 1477 3967; x_wconf 87' lang='lat' dir='ltr'><strong>ad</strong></span> <span class='ocrx_word' id='word_1_438' title='bbox 1503 3928 1589 3967; x_wconf 91' lang='lat' dir='ltr'><strong>me</strong></span> <span class='ocrx_word' id='word_1_439' title='bbox 1630 3914 1943 3982; x_wconf 91' lang='lat' dir='ltr'><strong>immature,</strong></span> <span class='ocrx_word' id='word_1_440' title='bbox 1993 3924 2047 3971; x_wconf 92' lang='lat' dir='ltr'><strong>et</strong></span> 
     </span>
    </p>
   </div>
   <div class='ocr_carea' id='block_1_57' title="bbox 470 4003 2046 4079">
    <p class='ocr_par' dir='ltr' id='par_1_57' title="bbox 470 4003 2046 4079">
     <span class='ocr_line' id='line_1_57' title="bbox 470 4003 2046 4079; baseline 0.005 -23"><span class='ocrx_word' id='word_1_441' title='bbox 470 4003 681 4059; x_wconf 81' lang='lat' dir='ltr'><strong>audivit</strong></span> <span class='ocrx_word' id='word_1_442' title='bbox 728 4019 916 4059; x_wconf 84' lang='lat' dir='ltr'><strong>vocem</strong></span> <span class='ocrx_word' id='word_1_443' title='bbox 966 4006 1073 4059; x_wconf 88' lang='lat' dir='ltr'><strong>mei</strong></span> <span class='ocrx_word' id='word_1_444' title='bbox 1121 4006 1370 4060; x_wconf 90' lang='lat' dir='ltr'><strong>orantis?</strong></span> <span class='ocrx_word' id='word_1_445' title='bbox 1419 4006 1726 4077; x_wconf 88' lang='lat' dir='ltr'><strong>intelligens</strong></span> <span class='ocrx_word' id='word_1_446' title='bbox 1765 4024 1892 4063; x_wconf 85' lang='lat' dir='ltr'><strong>vero</strong></span> <span class='ocrx_word' id='word_1_447' title='bbox 1945 4024 2046 4079; x_wconf 90' lang='lat' dir='ltr'><strong>ego</strong></span> 
     </span>
    </p>
   </div>
   <div class='ocr_carea' id='block_1_58' title="bbox 470 4096 2045 4167">
    <p class='ocr_par' dir='ltr' id='par_1_58' title="bbox 470 4096 2045 4167">
     <span class='ocr_line' id='line_1_58' title="bbox 470 4096 2045 4167; baseline 0.004 -17"><span class='ocrx_word' id='word_1_448' title='bbox 470 4096 713 4165; x_wconf 90' lang='lat' dir='ltr'><strong>suspiria</strong></span> <span class='ocrx_word' id='word_1_449' title='bbox 767 4096 909 4167; x_wconf 89' lang='lat' dir='ltr'><strong>ejus,</strong></span> <span class='ocrx_word' id='word_1_450' title='bbox 956 4098 1103 4152; x_wconf 91' lang='lat' dir='ltr'><strong>silui.</strong></span> <span class='ocrx_word' id='word_1_451' title='bbox 1155 4097 1369 4152; x_wconf 86' lang='lat' dir='ltr'><strong>Etenim</strong></span> <span class='ocrx_word' id='word_1_452' title='bbox 1412 4113 1537 4152; x_wconf 86' lang='lat' dir='ltr'><strong>cum</strong></span> <span class='ocrx_word' id='word_1_453' title='bbox 1580 4114 1729 4152; x_wconf 91' lang='lat' dir='ltr'><strong>eram</strong></span> <span class='ocrx_word' id='word_1_454' title='bbox 1783 4101 1835 4153; x_wconf 89' lang='lat' dir='ltr'><strong>in</strong></span> <span class='ocrx_word' id='word_1_455' title='bbox 1879 4101 2045 4156; x_wconf 93' lang='lat' dir='ltr'><strong>domo</strong></span> 
     </span>
    </p>
   </div>
   <div class='ocr_carea' id='block_1_59' title="bbox 464 4188 2045 4259">
    <p class='ocr_par' dir='ltr' id='par_1_59' title="bbox 464 4188 2045 4259">
     <span class='ocr_line' id='line_1_59' title="bbox 464 4188 2045 4259; baseline 0.006 -18"><span class='ocrx_word' id='word_1_456' title='bbox 464 4188 606 4257; x_wconf 86' lang='lat' dir='ltr'><strong>ejus,</strong></span> <span class='ocrx_word' id='word_1_457' title='bbox 650 4188 875 4242; x_wconf 87' lang='lat' dir='ltr'><strong>nudavit</strong></span> <span class='ocrx_word' id='word_1_458' title='bbox 910 4189 1131 4243; x_wconf 91' lang='lat' dir='ltr'><strong>brachia</strong></span> <span class='ocrx_word' id='word_1_459' title='bbox 1165 4205 1288 4255; x_wconf 91' lang='lat' dir='ltr'><strong>sua,</strong></span> <span class='ocrx_word' id='word_1_460' title='bbox 1319 4200 1373 4245; x_wconf 89' lang='lat' dir='ltr'><strong>et</strong></span> <span class='ocrx_word' id='word_1_461' title='bbox 1392 4200 1635 4259; x_wconf 85' lang='lat' dir='ltr'><strong>pectora,</strong></span> <span class='ocrx_word' id='word_1_462' title='bbox 1665 4202 1719 4246; x_wconf 91' lang='lat' dir='ltr'><strong>et</strong></span> <span class='ocrx_word' id='word_1_463' title='bbox 1763 4192 1946 4259; x_wconf 89' lang='lat' dir='ltr'><strong>tibias,</strong></span> <span class='ocrx_word' id='word_1_464' title='bbox 1986 4205 2045 4250; x_wconf 96' lang='lat' dir='ltr'><strong>ut</strong></span> 
     </span>
    </p>
   </div>
   <div class='ocr_carea' id='block_1_60' title="bbox 464 4277 2044 4351">
    <p class='ocr_par' dir='ltr' id='par_1_60' title="bbox 464 4277 2044 4351">
     <span class='ocr_line' id='line_1_60' title="bbox 464 4277 2044 4351; baseline 0.004 -20"><span class='ocrx_word' id='word_1_465' title='bbox 464 4277 766 4333; x_wconf 84' lang='lat' dir='ltr'><strong>inciderem</strong></span> <span class='ocrx_word' id='word_1_466' title='bbox 803 4278 857 4331; x_wconf 93' lang='lat' dir='ltr'><strong>in</strong></span> <span class='ocrx_word' id='word_1_467' title='bbox 898 4294 1017 4333; x_wconf 87' lang='lat' dir='ltr'><strong>eam</strong></span> <span class='ocrx_word' id='word_1_468' title='bbox 1056 4295 1068 4330; x_wconf 92' lang='lat'>:</span> <span class='ocrx_word' id='word_1_469' title='bbox 1103 4280 1257 4334; x_wconf 88' lang='lat' dir='ltr'><strong>valde</strong></span> <span class='ocrx_word' id='word_1_470' title='bbox 1298 4282 1443 4335; x_wconf 87' lang='lat' dir='ltr'><strong>enim</strong></span> <span class='ocrx_word' id='word_1_471' title='bbox 1480 4290 1600 4335; x_wconf 91' lang='lat' dir='ltr'><strong>erat</strong></span> <span class='ocrx_word' id='word_1_472' title='bbox 1636 4283 1884 4351; x_wconf 88' lang='lat' dir='ltr'><strong>pulchra,</strong></span> <span class='ocrx_word' id='word_1_473' title='bbox 1926 4299 2044 4338; x_wconf 90' lang='lat' dir='ltr'><strong>ma-</strong></span> 
     </span>
    </p>
   </div>
   <div class='ocr_carea' id='block_1_61' title="bbox 461 4371 2041 4443">
    <p class='ocr_par' dir='ltr' id='par_1_61' title="bbox 461 4371 2041 4443">
     <span class='ocr_line' id='line_1_61' title="bbox 461 4371 2041 4443; baseline 0.003 -17"><span class='ocrx_word' id='word_1_474' title='bbox 461 4371 721 4441; x_wconf 76' lang='lat' dir='ltr'><strong>ximeque</strong></span> <span class='ocrx_word' id='word_1_475' title='bbox 756 4380 972 4436; x_wconf 90' lang='lat' dir='ltr'><strong>ornata,</strong></span> <span class='ocrx_word' id='word_1_476' title='bbox 1003 4380 1064 4426; x_wconf 91' lang='lat' dir='ltr'><strong>ut</strong></span> <span class='ocrx_word' id='word_1_477' title='bbox 1093 4388 1179 4427; x_wconf 93' lang='lat' dir='ltr'><strong>me</strong></span> <span class='ocrx_word' id='word_1_478' title='bbox 1208 4373 1498 4443; x_wconf 89' lang='lat' dir='ltr'><strong>deciperet.</strong></span> <span class='ocrx_word' id='word_1_479' title='bbox 1522 4414 1525 4419; x_wconf 82' lang='lat'><strong>.</strong></span> <span class='ocrx_word' id='word_1_480' title='bbox 1550 4373 1616 4428; x_wconf 85' lang='lat' dir='ltr'><strong>Et</strong></span> <span class='ocrx_word' id='word_1_481' title='bbox 1647 4374 1912 4431; x_wconf 89' lang='lat' dir='ltr'><strong>Dominus</strong></span> <span class='ocrx_word' id='word_1_482' title='bbox 1943 4392 2041 4431; x_wconf 88' lang='lat' dir='ltr'><strong>cu-</strong></span> 
     </span>
    </p>
   </div>
   <div class='ocr_carea' id='block_1_62' title="bbox 464 4461 1341 4533">
    <p class='ocr_par' dir='ltr' id='par_1_62' title="bbox 464 4461 1341 4533">
     <span class='ocr_line' id='line_1_62' title="bbox 464 4461 1341 4533; baseline 0.002 -18"><span class='ocrx_word' id='word_1_483' title='bbox 464 4461 685 4517; x_wconf 84' lang='lat' dir='ltr'><strong>stodivit</strong></span> <span class='ocrx_word' id='word_1_484' title='bbox 714 4477 801 4515; x_wconf 89' lang='lat' dir='ltr'><strong>me</strong></span> <span class='ocrx_word' id='word_1_485' title='bbox 830 4478 859 4515; x_wconf 92' lang='lat' dir='ltr'><strong>a</strong></span> <span class='ocrx_word' id='word_1_486' title='bbox 888 4463 1173 4517; x_wconf 85' lang='lat' dir='ltr'><strong>conatibus</strong></span> <span class='ocrx_word' id='word_1_487' title='bbox 1202 4464 1341 4533; x_wconf 91' lang='lat' dir='ltr'><strong>ejus.</strong></span> 
     </span>
    </p>
   </div>
   <div class='ocr_carea' id='block_1_63' title="bbox 534 4618 2039 4697">
    <p class='ocr_par' dir='ltr' id='par_1_63' title="bbox 534 4618 2039 4697">
     <span class='ocr_line' id='line_1_63' title="bbox 534 4618 2039 4697; baseline 0.007 -25"><span class='ocrx_word' id='word_1_488' title='bbox 534 4619 603 4673; x_wconf 81' lang='grc' dir='ltr'><strong>Χ.</strong></span> <span class='ocrx_word' id='word_1_489' title='bbox 650 4638 670 4671; x_wconf 78' lang='grc' dir='ltr'><strong>ι</strong></span> <span class='ocrx_word' id='word_1_490' title='bbox 707 4618 895 4675; x_wconf 85' lang='lat' dir='ltr'><strong>Videte</strong></span> <span class='ocrx_word' id='word_1_491' title='bbox 941 4621 1127 4691; x_wconf 90' lang='lat' dir='ltr'><strong>igitur,</strong></span> <span class='ocrx_word' id='word_1_492' title='bbox 1166 4620 1261 4675; x_wconf 83' lang='lat' dir='ltr'><strong>ﬁlii</strong></span> <span class='ocrx_word' id='word_1_493' title='bbox 1333 4624 1474 4689; x_wconf 91' lang='lat' dir='ltr'><strong>mei,</strong></span> <span class='ocrx_word' id='word_1_494' title='bbox 1531 4635 1733 4694; x_wconf 89' lang='lat' dir='ltr'><strong>quanta</strong></span> <span class='ocrx_word' id='word_1_495' title='bbox 1782 4637 2039 4697; x_wconf 89' lang='lat' dir='ltr'><strong>operatur</strong></span> 
     </span>
    </p>
   </div>
   <div class='ocr_carea' id='block_1_64' title="bbox 462 4709 2037 4788">
    <p class='ocr_par' dir='ltr' id='par_1_64' title="bbox 462 4709 2037 4788">
     <span class='ocr_line' id='line_1_64' title="bbox 462 4709 2037 4788; baseline 0.006 -23"><span class='ocrx_word' id='word_1_496' title='bbox 462 4709 812 4776; x_wconf 89' lang='lat' dir='ltr'><strong>sustinentia,</strong></span> <span class='ocrx_word' id='word_1_497' title='bbox 835 4720 889 4766; x_wconf 90' lang='lat' dir='ltr'><strong>et</strong></span> <span class='ocrx_word' id='word_1_498' title='bbox 913 4713 1093 4767; x_wconf 91' lang='lat' dir='ltr'><strong>oratio</strong></span> <span class='ocrx_word' id='word_1_499' title='bbox 1120 4728 1247 4769; x_wconf 94' lang='lat' dir='ltr'><strong>cum</strong></span> <span class='ocrx_word' id='word_1_500' title='bbox 1288 4714 1522 4785; x_wconf 88' lang='lat' dir='ltr'><strong>jejunio.</strong></span> <span class='ocrx_word' id='word_1_501' title='bbox 1551 4719 1614 4772; x_wconf 86' lang='lat' dir='ltr'><strong>Et</strong></span> <span class='ocrx_word' id='word_1_502' title='bbox 1644 4734 1739 4773; x_wconf 91' lang='lat' dir='ltr'><strong>vos</strong></span> <span class='ocrx_word' id='word_1_503' title='bbox 1769 4720 1954 4788; x_wconf 88' lang='lat' dir='ltr'><strong>igitur,</strong></span> <span class='ocrx_word' id='word_1_504' title='bbox 1990 4723 2037 4777; x_wconf 95' lang='lat' dir='ltr'><strong>si</strong></span> 
     </span>
    </p>
   </div>
   <div class='ocr_carea' id='block_1_65' title="bbox 460 4802 2038 4868">
    <p class='ocr_par' dir='ltr' id='par_1_65' title="bbox 460 4802 2038 4868">
     <span class='ocr_line' id='line_1_65' title="bbox 460 4802 2038 4868; baseline 0.008 -12"><span class='ocrx_word' id='word_1_505' title='bbox 460 4802 811 4859; x_wconf 83' lang='lat' dir='ltr'><strong>sobrietatem</strong></span> <span class='ocrx_word' id='word_1_506' title='bbox 848 4814 903 4859; x_wconf 90' lang='lat' dir='ltr'><strong>et</strong></span> <span class='ocrx_word' id='word_1_507' title='bbox 943 4807 1250 4861; x_wconf 89' lang='lat' dir='ltr'><strong>castitatem</strong></span> <span class='ocrx_word' id='word_1_508' title='bbox 1288 4810 1582 4865; x_wconf 90' lang='lat' dir='ltr'><strong>transeatis</strong></span> <span class='ocrx_word' id='word_1_509' title='bbox 1624 4811 1677 4865; x_wconf 90' lang='lat' dir='ltr'><strong>in</strong></span> <span class='ocrx_word' id='word_1_510' title='bbox 1710 4814 2038 4868; x_wconf 82' lang='lat' dir='ltr'><strong>sustinentia</strong></span> 
     </span>
    </p>
   </div>
   <div class='ocr_carea' id='block_1_66' title="bbox 460 4896 2035 4975">
    <p class='ocr_par' dir='ltr' id='par_1_66' title="bbox 460 4896 2035 4975">
     <span class='ocr_line' id='line_1_66' title="bbox 460 4896 2035 4975; baseline 0.008 -25"><span class='ocrx_word' id='word_1_511' title='bbox 460 4905 517 4951; x_wconf 91' lang='lat' dir='ltr'><strong>et</strong></span> <span class='ocrx_word' id='word_1_512' title='bbox 556 4896 864 4953; x_wconf 86' lang='lat' dir='ltr'><strong>humilitate</strong></span> <span class='ocrx_word' id='word_1_513' title='bbox 906 4901 1110 4968; x_wconf 89' lang='lat' dir='ltr'><strong>cordis,</strong></span> <span class='ocrx_word' id='word_1_514' title='bbox 1152 4900 1417 4957; x_wconf 90' lang='lat' dir='ltr'><strong>Dominus</strong></span> <span class='ocrx_word' id='word_1_515' title='bbox 1456 4902 1725 4959; x_wconf 87' lang='lat' dir='ltr'><strong>habitabit</strong></span> <span class='ocrx_word' id='word_1_516' title='bbox 1764 4906 1818 4959; x_wconf 93' lang='lat' dir='ltr'><strong>in</strong></span> <span class='ocrx_word' id='word_1_517' title='bbox 1858 4908 2035 4975; x_wconf 89' lang='lat' dir='ltr'><strong>vobis,</strong></span> 
     </span>
    </p>
   </div>
   <div class='ocr_carea' id='block_1_67' title="bbox 459 4989 2037 5058">
    <p class='ocr_par' dir='ltr' id='par_1_67' title="bbox 459 4989 2037 5058">
     <span class='ocr_line' id='line_1_67' title="bbox 459 4989 2037 5058; baseline 0.008 -17"><span class='ocrx_word' id='word_1_518' title='bbox 459 4989 721 5058; x_wconf 83' lang='lat' dir='ltr'><strong>quoniam</strong></span> <span class='ocrx_word' id='word_1_519' title='bbox 752 4989 943 5045; x_wconf 82' lang='lat' dir='ltr'><strong>dilexit</strong></span> <span class='ocrx_word' id='word_1_520' title='bbox 982 4992 1354 5047; x_wconf 87' lang='lat' dir='ltr'><strong>sobrietatem.</strong></span> <span class='ocrx_word' id='word_1_521' title='bbox 1401 4992 1502 5050; x_wconf 90' lang='lat' dir='ltr'><strong>Ubi</strong></span> <span class='ocrx_word' id='word_1_522' title='bbox 1537 5011 1665 5050; x_wconf 88' lang='lat' dir='ltr'><strong>vero</strong></span> <span class='ocrx_word' id='word_1_523' title='bbox 1706 4997 1918 5053; x_wconf 82' lang='lat' dir='ltr'><strong>habitat</strong></span> <span class='ocrx_word' id='word_1_524' title='bbox 1942 5000 2037 5053; x_wconf 85' lang='lat' dir='ltr'><strong>Al-</strong></span> 
     </span>
    </p>
   </div>
   <div class='ocr_carea' id='block_1_68' title="bbox 458 5080 2038 5157">
    <p class='ocr_par' dir='ltr' id='par_1_68' title="bbox 458 5080 2038 5157">
     <span class='ocr_line' id='line_1_68' title="bbox 458 5080 2038 5157; baseline 0.007 -23"><span class='ocrx_word' id='word_1_525' title='bbox 458 5080 730 5147; x_wconf 84' lang='lat' dir='ltr'><strong>tissimus,</strong></span> <span class='ocrx_word' id='word_1_526' title='bbox 772 5082 874 5137; x_wconf 91' lang='lat' dir='ltr'><strong>etsi</strong></span> <span class='ocrx_word' id='word_1_527' title='bbox 905 5083 1103 5153; x_wconf 90' lang='lat' dir='ltr'><strong>aliquis</strong></span> <span class='ocrx_word' id='word_1_528' title='bbox 1140 5085 1343 5140; x_wconf 87' lang='lat' dir='ltr'><strong>incidat</strong></span> <span class='ocrx_word' id='word_1_529' title='bbox 1391 5087 1447 5141; x_wconf 89' lang='lat' dir='ltr'><strong>in</strong></span> <span class='ocrx_word' id='word_1_530' title='bbox 1489 5087 1772 5157; x_wconf 88' lang='lat' dir='ltr'><strong>invidiam,</strong></span> <span class='ocrx_word' id='word_1_531' title='bbox 1804 5092 1885 5145; x_wconf 84' lang='lat' dir='ltr'><strong>vel</strong></span> <span class='ocrx_word' id='word_1_532' title='bbox 1917 5106 2038 5147; x_wconf 91' lang='lat' dir='ltr'><strong>ser-</strong></span> 
     </span>
    </p>
   </div>
   <div class='ocr_carea' id='block_1_69' title="bbox 554 5241 1411 5311">
    <p class='ocr_par' dir='ltr' id='par_1_69' title="bbox 554 5241 1411 5311">
     <span class='ocr_line' id='line_1_69' title="bbox 554 5241 1411 5311; baseline 0.012 -17"><span class='ocrx_word' id='word_1_533' title='bbox 554 5241 645 5311; x_wconf 78' lang='lat'><strong>35)</strong></span> <span class='ocrx_word' id='word_1_534' title='bbox 686 5241 754 5295; x_wconf 85' lang='lat' dir='ltr'><strong>&#39;H</strong></span> <span class='ocrx_word' id='word_1_535' title='bbox 770 5242 995 5310; x_wconf 83' lang='grc' dir='ltr'>Σηθῶν.</span> <span class='ocrx_word' id='word_1_536' title='bbox 1032 5242 1207 5299; x_wconf 89' lang='lat' dir='ltr'><strong>Omis.</strong></span> <span class='ocrx_word' id='word_1_537' title='bbox 1241 5245 1411 5304; x_wconf 75' lang='lat' dir='ltr'><strong>Gms.</strong></span> 
     </span>
    </p>
   </div>
   <div class='ocr_carea' id='block_1_70' title="bbox 557 5312 2031 5395">
    <p class='ocr_par' dir='ltr' id='par_1_70' title="bbox 557 5312 2031 5395">
     <span class='ocr_line' id='line_1_70' title="bbox 557 5312 2031 5395; baseline 0.01 -31"><span class='ocrx_word' id='word_1_538' title='bbox 557 5312 648 5395; x_wconf 45' lang='lat'><strong>.14“)</strong></span> <span class='ocrx_word' id='word_1_539' title='bbox 681 5315 1029 5395; x_wconf 58' lang='grc' dir='ltr'>ξςρλιιερίσει.</span> <span class='ocrx_word' id='word_1_540' title='bbox 1063 5316 1394 5395; x_wconf 43' lang='lat' dir='ltr'><strong>novalium,</strong></span> <span class='ocrx_word' id='word_1_541' title='bbox 1425 5320 1931 5395; x_wconf 75' lang='lat' dir='ltr'><strong>pugnosimpinget.</strong></span> <span class='ocrx_word' id='word_1_542' title='bbox 1956 5323 2031 5379; x_wconf 83' lang='lat' dir='ltr'><strong>lo.</strong></span> 
     </span>
    </p>
   </div>
   <div class='ocr_carea' id='block_1_71' title="bbox 542 5382 1677 5461">
    <p class='ocr_par' dir='ltr' id='par_1_71' title="bbox 542 5382 1677 5461">
     <span class='ocr_line' id='line_1_71' title="bbox 542 5382 1677 5461; baseline 0.01 -27"><span class='ocrx_word' id='word_1_543' title='bbox 681 5384 813 5461; x_wconf 57' lang='lat' dir='ltr'><strong>:Oft</strong></span> <span class='ocrx_word' id='word_1_544' title='bbox 844 5383 1137 5461; x_wconf 55' lang='grc' dir='ltr'>ἀητιποιῇ.</span> <span class='ocrx_word' id='word_1_545' title='bbox 1183 5382 1568 5461; x_wconf 36' lang='grc' dir='ltr'>’Λντ-ιποιῆσᾶι.</span> <span class='ocrx_word' id='word_1_546' title='bbox 1603 5390 1677 5446; x_wconf 80' lang='lat' dir='ltr'><strong>ID.</strong></span> 
     </span>
    </p>
   </div>
   <div class='ocr_carea' id='block_1_72' title="bbox 554 5446 1369 5523">
    <p class='ocr_par' dir='ltr' id='par_1_72' title="bbox 554 5446 1369 5523">
     <span class='ocr_line' id='line_1_72' title="bbox 554 5446 1369 5523; baseline 0.009 -18"><span class='ocrx_word' id='word_1_547' title='bbox 554 5446 644 5523; x_wconf 76' lang='grc'><strong>56)</strong></span> <span class='ocrx_word' id='word_1_548' title='bbox 684 5446 758 5523; x_wconf 68' lang='grc' dir='ltr'><strong>τῼ</strong></span> <span class='ocrx_word' id='word_1_549' title='bbox 782 5453 1045 5521; x_wconf 67' lang='grc' dir='ltr'>ἡττᾶται.</span> <span class='ocrx_word' id='word_1_550' title='bbox 1088 5446 1265 5511; x_wconf 76' lang='lat' dir='ltr'><strong>Deest.</strong></span> <span class='ocrx_word' id='word_1_551' title='bbox 1299 5458 1369 5512; x_wconf 87' lang='lat' dir='ltr'><strong>In.</strong></span> 
     </span>
    </p>
   </div>
   <div class='ocr_carea' id='block_1_73' title="bbox 529 5522 2035 5602">
    <p class='ocr_par' dir='ltr' id='par_1_73' title="bbox 529 5522 2035 5602">
     <span class='ocr_line' id='line_1_73' title="bbox 529 5522 2035 5602; baseline 0.015 -29"><span class='ocrx_word' id='word_1_552' title='bbox 529 5522 641 5592; x_wconf 77' lang='lat'><strong>(57)</strong></span> <span class='ocrx_word' id='word_1_553' title='bbox 688 5522 805 5602; x_wconf 59' lang='grc' dir='ltr'><strong>Τὴχ</strong></span> <span class='ocrx_word' id='word_1_554' title='bbox 852 5524 1094 5594; x_wconf 71' lang='grc' dir='ltr'>εἱρκτὴν</span> <span class='ocrx_word' id='word_1_555' title='bbox 1137 5527 1242 5602; x_wconf 77' lang='grc' dir='ltr'>τοῦ</span> <span class='ocrx_word' id='word_1_556' title='bbox 1268 5531 1491 5596; x_wconf 84' lang='grc' dir='ltr'>Φαραώ.</span> <span class='ocrx_word' id='word_1_557' title='bbox 1550 5530 1628 5586; x_wconf 86' lang='lat' dir='ltr'><strong>Ita</strong></span> <span class='ocrx_word' id='word_1_558' title='bbox 1675 5538 1924 5602; x_wconf 91' lang='lat' dir='ltr'><strong>emendo,</strong></span> <span class='ocrx_word' id='word_1_559' title='bbox 1966 5555 2035 5596; x_wconf 82' lang='lat' dir='ltr'><strong>ex</strong></span> 
     </span>
    </p>
   </div>
   <div class='ocr_carea' id='block_1_74' title="bbox 457 5592 2031 5674">
    <p class='ocr_par' dir='ltr' id='par_1_74' title="bbox 457 5592 2031 5674">
     <span class='ocr_line' id='line_1_74' title="bbox 457 5592 2031 5674; baseline 0.01 -23"><span class='ocrx_word' id='word_1_560' title='bbox 457 5608 562 5651; x_wconf 87' lang='lat' dir='ltr'><strong>ms.</strong></span> <span class='ocrx_word' id='word_1_561' title='bbox 605 5592 932 5674; x_wconf 35' lang='lat' dir='ltr'><strong>cod.‘0xen.</strong></span> <span class='ocrx_word' id='word_1_562' title='bbox 969 5592 1067 5674; x_wconf 86' lang='lat' dir='ltr'><strong>pro</strong></span> <span class='ocrx_word' id='word_1_563' title='bbox 1098 5599 1318 5674; x_wconf 81' lang='lat' dir='ltr'><strong>quibus</strong></span> <span class='ocrx_word' id='word_1_564' title='bbox 1342 5592 1575 5674; x_wconf 74' lang='lat' dir='ltr'><strong>antehac</strong></span> <span class='ocrx_word' id='word_1_565' title='bbox 1614 5604 1895 5674; x_wconf 88' lang='lat' dir='ltr'><strong>legebatur</strong></span> <span class='ocrx_word' id='word_1_566' title='bbox 1913 5592 2031 5665; x_wconf 63' lang='lat' dir='ltr'><strong>ite:</strong></span> 
     </span>
    </p>
   </div>
   <div class='ocr_carea' id='block_1_75' title="bbox 462 5663 2033 5743">
    <p class='ocr_par' dir='ltr' id='par_1_75' title="bbox 462 5663 2033 5743">
     <span class='ocr_line' id='line_1_75' title="bbox 462 5663 2033 5743; baseline 0.012 -26"><span class='ocrx_word' id='word_1_567' title='bbox 462 5678 584 5717; x_wconf 80' lang='lat' dir='ltr'><strong>rum</strong></span> <span class='ocrx_word' id='word_1_568' title='bbox 619 5682 633 5718; x_wconf 82' lang='lat'><strong>:</strong></span> <span class='ocrx_word' id='word_1_569' title='bbox 668 5663 914 5738; x_wconf 73' lang='grc' dir='ltr'>Φυλακὴν</span> <span class='ocrx_word' id='word_1_570' title='bbox 970 5663 1029 5721; x_wconf 75' lang='grc' dir='ltr'><strong>ἐν</strong></span> <span class='ocrx_word' id='word_1_571' title='bbox 1078 5663 1212 5738; x_wconf 73' lang='grc' dir='ltr'>οἷκῳ</span> <span class='ocrx_word' id='word_1_572' title='bbox 1263 5670 1426 5724; x_wconf 82' lang='grc' dir='ltr'>αὑτοῦ</span> <span class='ocrx_word' id='word_1_573' title='bbox 1472 5673 1501 5723; x_wconf 87' lang='grc' dir='ltr'><strong>ὁ</strong></span> <span class='ocrx_word' id='word_1_574' title='bbox 1527 5663 1840 5743; x_wconf 66' lang='grc' dir='ltr'>Αἰγύπτιος.</span> <span class='ocrx_word' id='word_1_575' title='bbox 1883 5663 2033 5736; x_wconf 43' lang='grc' dir='ltr'>Ιυέ-</span> 
     </span>
    </p>
   </div>
   <div class='ocr_carea' id='block_1_76' title="bbox 2164 1782 3747 1855">
    <p class='ocr_par' dir='ltr' id='par_1_76' title="bbox 2164 1782 3747 1855">
     <span class='ocr_line' id='line_1_76' title="bbox 2164 1782 3747 1855; baseline 0.001 -18"><span class='ocrx_word' id='word_1_576' title='bbox 2164 1784 2293 1855; x_wconf 74' lang='grc' dir='ltr'>περὶ</span> <span class='ocrx_word' id='word_1_577' title='bbox 2339 1784 2430 1837; x_wconf 86' lang='grc' dir='ltr'><strong>τὸν</strong></span> <span class='ocrx_word' id='word_1_578' title='bbox 2477 1782 2671 1854; x_wconf 73' lang='grc' dir='ltr'>ὄρθρον</span> <span class='ocrx_word' id='word_1_579' title='bbox 2719 1783 2946 1853; x_wconf 85' lang='grc' dir='ltr'>ἀνέστην</span> <span class='ocrx_word' id='word_1_580' title='bbox 3002 1782 3253 1853; x_wconf 82' lang='grc' dir='ltr'>δακρύων</span> <span class='ocrx_word' id='word_1_581' title='bbox 3293 1783 3389 1837; x_wconf 76' lang='grc' dir='ltr'><strong>καὶ</strong></span> <span class='ocrx_word' id='word_1_582' title='bbox 3436 1786 3615 1838; x_wconf 80' lang='grc' dir='ltr'>αἰτῶν</span> <span class='ocrx_word' id='word_1_583' title='bbox 3658 1786 3747 1838; x_wconf 81' lang='grc' dir='ltr'>λύ·</span> 
     </span>
    </p>
   </div>
   <div class='ocr_carea' id='block_1_77' title="bbox 2159 1870 3748 1949">
    <p class='ocr_par' dir='ltr' id='par_1_77' title="bbox 2159 1870 3748 1949">
     <span class='ocr_line' id='line_1_77' title="bbox 2159 1870 3748 1949; baseline 0.001 -18"><span class='ocrx_word' id='word_1_584' title='bbox 2159 1893 2362 1948; x_wconf 89' lang='grc' dir='ltr'>τρωσιν</span> <span class='ocrx_word' id='word_1_585' title='bbox 2392 1876 2498 1929; x_wconf 87' lang='grc' dir='ltr'><strong>ἀπὸ</strong></span> <span class='ocrx_word' id='word_1_586' title='bbox 2523 1876 2623 1946; x_wconf 76' lang='grc' dir='ltr'><strong>τῆς</strong></span> <span class='ocrx_word' id='word_1_587' title='bbox 2648 1876 2970 1943; x_wconf 75' lang='grc' dir='ltr'>Αἰγυπτίας.</span> <span class='ocrx_word' id='word_1_588' title='bbox 3001 1875 3165 1939; x_wconf 82' lang='grc' dir='ltr'>Τέλος</span> <span class='ocrx_word' id='word_1_589' title='bbox 3190 1870 3282 1929; x_wconf 78' lang='grc' dir='ltr'><strong>οὖν</strong></span> <span class='ocrx_word' id='word_1_590' title='bbox 3311 1876 3748 1949; x_wconf 72' lang='grc' dir='ltr'>ἐπιλαμϐάνεται</span> 
     </span>
    </p>
   </div>
   <div class='ocr_carea' id='block_1_78' title="bbox 2164 1967 3747 2048">
    <p class='ocr_par' dir='ltr' id='par_1_78' title="bbox 2164 1967 3747 2048">
     <span class='ocr_line' id='line_1_78' title="bbox 2164 1967 3747 2048; baseline 0.003 -28"><span class='ocrx_word' id='word_1_591' title='bbox 2164 1986 2263 2039; x_wconf 94' lang='grc' dir='ltr'><strong>μου</strong></span> <span class='ocrx_word' id='word_1_592' title='bbox 2321 1968 2431 2020; x_wconf 86' lang='grc' dir='ltr'><strong>τῶν</strong></span> <span class='ocrx_word' id='word_1_593' title='bbox 2482 1969 2748 2039; x_wconf 75' lang='grc' dir='ltr'>ἱματίων,</span> <span class='ocrx_word' id='word_1_594' title='bbox 2804 1967 2942 2048; x_wconf 75' lang='grc' dir='ltr'>μετὰ</span> <span class='ocrx_word' id='word_1_595' title='bbox 2986 1968 3109 2038; x_wconf 81' lang='grc' dir='ltr'>βίας</span> <span class='ocrx_word' id='word_1_596' title='bbox 3159 1968 3505 2040; x_wconf 76' lang='grc' dir='ltr'>ἐφελκομένη</span> <span class='ocrx_word' id='word_1_597' title='bbox 3556 1990 3626 2042; x_wconf 85' lang='grc' dir='ltr'><strong>με</strong></span> <span class='ocrx_word' id='word_1_598' title='bbox 3674 1975 3747 2036; x_wconf 82' lang='grc' dir='ltr'>εἰς</span> 
     </span>
    </p>
   </div>
   <div class='ocr_carea' id='block_1_79' title="bbox 2163 2055 3749 2134">
    <p class='ocr_par' dir='ltr' id='par_1_79' title="bbox 2163 2055 3749 2134">
     <span class='ocr_line' id='line_1_79' title="bbox 2163 2055 3749 2134; baseline 0.002 -20"><span class='ocrx_word' id='word_1_599' title='bbox 2163 2062 2468 2114; x_wconf 86' lang='grc' dir='ltr'>συνουσίαν.</span> <span class='ocrx_word' id='word_1_600' title='bbox 2534 2061 2621 2124; x_wconf 75' lang='grc' dir='ltr'>Ὠς</span> <span class='ocrx_word' id='word_1_601' title='bbox 2661 2056 2753 2113; x_wconf 78' lang='grc' dir='ltr'>οὖν</span> <span class='ocrx_word' id='word_1_602' title='bbox 2793 2055 2932 2113; x_wconf 75' lang='grc' dir='ltr'>εἶδον</span> <span class='ocrx_word' id='word_1_603' title='bbox 2966 2061 3049 2113; x_wconf 82' lang='grc' dir='ltr'>ὅτι</span> <span class='ocrx_word' id='word_1_604' title='bbox 3096 2062 3394 2133; x_wconf 84' lang='grc' dir='ltr'>μαινομένη</span> <span class='ocrx_word' id='word_1_605' title='bbox 3446 2066 3647 2134; x_wconf 81' lang='grc' dir='ltr'>κρατεῖ</span> <span class='ocrx_word' id='word_1_606' title='bbox 3685 2066 3749 2118; x_wconf 68' lang='grc' dir='ltr'>τὰ</span> 
     </span>
    </p>
   </div>
   <div class='ocr_carea' id='block_1_80' title="bbox 2162 2151 3748 2225">
    <p class='ocr_par' dir='ltr' id='par_1_80' title="bbox 2162 2151 3748 2225">
     <span class='ocr_line' id='line_1_80' title="bbox 2162 2151 3748 2225; baseline 0.003 -21"><span class='ocrx_word' id='word_1_607' title='bbox 2162 2151 2356 2222; x_wconf 75' lang='grc' dir='ltr'>ἱμάτιά</span> <span class='ocrx_word' id='word_1_608' title='bbox 2421 2169 2558 2223; x_wconf 89' lang='grc' dir='ltr'>μου,</span> <span class='ocrx_word' id='word_1_609' title='bbox 2619 2152 2822 2223; x_wconf 86' lang='grc' dir='ltr'>γυμνὸς</span> <span class='ocrx_word' id='word_1_610' title='bbox 2874 2151 3093 2220; x_wconf 83' lang='grc' dir='ltr'>ἔφυγον.</span> <span class='ocrx_word' id='word_1_611' title='bbox 3146 2152 3387 2223; x_wconf 82' lang='grc' dir='ltr'>Κάκείνη</span> <span class='ocrx_word' id='word_1_612' title='bbox 3446 2156 3748 2225; x_wconf 72' lang='grc' dir='ltr'>ἐσυκοφάν-</span> 
     </span>
    </p>
   </div>
   <div class='ocr_carea' id='block_1_81' title="bbox 2160 2243 3745 2318">
    <p class='ocr_par' dir='ltr' id='par_1_81' title="bbox 2160 2243 3745 2318">
     <span class='ocr_line' id='line_1_81' title="bbox 2160 2243 3745 2318; baseline 0.003 -22"><span class='ocrx_word' id='word_1_613' title='bbox 2160 2245 2292 2313; x_wconf 85' lang='grc' dir='ltr'>τησέ</span> <span class='ocrx_word' id='word_1_614' title='bbox 2348 2261 2413 2315; x_wconf 90' lang='grc' dir='ltr'><strong>με</strong></span> <span class='ocrx_word' id='word_1_615' title='bbox 2464 2244 2601 2315; x_wconf 81' lang='grc' dir='ltr'>πρὸς</span> <span class='ocrx_word' id='word_1_616' title='bbox 2646 2244 2736 2296; x_wconf 84' lang='grc' dir='ltr'><strong>τὸν</strong></span> <span class='ocrx_word' id='word_1_617' title='bbox 2783 2243 2952 2314; x_wconf 82' lang='grc' dir='ltr'>ἄνδρα</span> <span class='ocrx_word' id='word_1_618' title='bbox 2999 2243 3205 2313; x_wconf 80' lang='grc' dir='ltr'>αὑτῆς·</span> <span class='ocrx_word' id='word_1_619' title='bbox 3254 2246 3351 2297; x_wconf 76' lang='grc' dir='ltr'><strong>καὶ</strong></span> <span class='ocrx_word' id='word_1_620' title='bbox 3400 2246 3635 2299; x_wconf 77' lang='grc' dir='ltr'>ἐνέϐαλέ</span> <span class='ocrx_word' id='word_1_621' title='bbox 3684 2266 3745 2318; x_wconf 87' lang='grc' dir='ltr'><strong>με</strong></span> 
     </span>
    </p>
   </div>
   <div class='ocr_carea' id='block_1_82' title="bbox 2159 2333 3743 2406">
    <p class='ocr_par' dir='ltr' id='par_1_82' title="bbox 2159 2333 3743 2406">
     <span class='ocr_line' id='line_1_82' title="bbox 2159 2333 3743 2406; baseline 0.001 -19"><span class='ocrx_word' id='word_1_622' title='bbox 2159 2338 2241 2398; x_wconf 84' lang='grc' dir='ltr'><strong>είς</strong></span> <span class='ocrx_word' id='word_1_623' title='bbox 2290 2334 2537 2405; x_wconf 82' lang='grc' dir='ltr'>φυλακὴν</span> <span class='ocrx_word' id='word_1_624' title='bbox 2585 2336 2642 2387; x_wconf 87' lang='grc' dir='ltr'><strong>ἐν</strong></span> <span class='ocrx_word' id='word_1_625' title='bbox 2687 2333 2824 2405; x_wconf 72' lang='grc' dir='ltr'>οἴκῳ</span> <span class='ocrx_word' id='word_1_626' title='bbox 2875 2333 3037 2387; x_wconf 83' lang='grc' dir='ltr'>αὑτοῦ</span> <span class='ocrx_word' id='word_1_627' title='bbox 3087 2335 3115 2385; x_wconf 89' lang='grc' dir='ltr'>ὁ</span> <span class='ocrx_word' id='word_1_628' title='bbox 3152 2335 3488 2403; x_wconf 70' lang='grc' dir='ltr'>Αίγύπτιοςο</span> <span class='ocrx_word' id='word_1_629' title='bbox 3538 2337 3637 2389; x_wconf 66' lang='grc' dir='ltr'><strong>καὶ</strong></span> <span class='ocrx_word' id='word_1_630' title='bbox 3684 2341 3743 2406; x_wconf 84' lang='grc' dir='ltr'><strong>τῇ</strong></span> 
     </span>
    </p>
   </div>
   <div class='ocr_carea' id='block_1_83' title="bbox 2160 2425 3746 2497">
    <p class='ocr_par' dir='ltr' id='par_1_83' title="bbox 2160 2425 3746 2497">
     <span class='ocr_line' id='line_1_83' title="bbox 2160 2425 3746 2497; baseline 0.001 -20"><span class='ocrx_word' id='word_1_631' title='bbox 2160 2425 2284 2495; x_wconf 78' lang='grc' dir='ltr'>ἑξῆς</span> <span class='ocrx_word' id='word_1_632' title='bbox 2334 2425 2597 2497; x_wconf 82' lang='grc' dir='ltr'>μαστίξας</span> <span class='ocrx_word' id='word_1_633' title='bbox 2636 2442 2723 2495; x_wconf 88' lang='grc' dir='ltr'><strong>με,</strong></span> <span class='ocrx_word' id='word_1_634' title='bbox 2767 2425 2979 2495; x_wconf 70' lang='grc' dir='ltr'>ἔπεμψέ</span> <span class='ocrx_word' id='word_1_635' title='bbox 3025 2443 3092 2495; x_wconf 91' lang='grc' dir='ltr'><strong>με</strong></span> <span class='ocrx_word' id='word_1_636' title='bbox 3136 2428 3215 2489; x_wconf 90' lang='grc' dir='ltr'>εἰς</span> <span class='ocrx_word' id='word_1_637' title='bbox 3255 2427 3354 2497; x_wconf 84' lang='grc' dir='ltr'>τὴν</span> <span class='ocrx_word' id='word_1_638' title='bbox 3390 2426 3621 2497; x_wconf 78' lang='grc' dir='ltr'>εἱρκτὴν</span> <span class='ocrx_word' id='word_1_639' title='bbox 3658 2427 3746 2479; x_wconf 75' lang='grc' dir='ltr'>τοῦ</span> 
     </span>
    </p>
   </div>
   <div class='ocr_carea' id='block_1_84' title="bbox 2157 2510 3746 2585">
    <p class='ocr_par' dir='ltr' id='par_1_84' title="bbox 2157 2510 3746 2585">
     <span class='ocr_line' id='line_1_84' title="bbox 2157 2510 3746 2585; baseline -0.003 -16"><span class='ocrx_word' id='word_1_640' title='bbox 2157 2515 2356 2585; x_wconf 81' lang='grc' dir='ltr'>Φαραὼ</span> <span class='ocrx_word' id='word_1_641' title='bbox 2404 2514 2535 2585; x_wconf 81' lang='grc'><strong>(57).</strong></span> <span class='ocrx_word' id='word_1_642' title='bbox 2598 2516 2685 2577; x_wconf 79' lang='grc' dir='ltr'>Ὠς</span> <span class='ocrx_word' id='word_1_643' title='bbox 2727 2510 2819 2567; x_wconf 75' lang='grc' dir='ltr'><strong>οὖν</strong></span> <span class='ocrx_word' id='word_1_644' title='bbox 2858 2516 3003 2585; x_wconf 69' lang='grc' dir='ltr'>ήμην</span> <span class='ocrx_word' id='word_1_645' title='bbox 3050 2516 3108 2568; x_wconf 90' lang='grc' dir='ltr'><strong>ἐν</strong></span> <span class='ocrx_word' id='word_1_646' title='bbox 3153 2514 3363 2577; x_wconf 79' lang='grc' dir='ltr'>πέδαις,</span> <span class='ocrx_word' id='word_1_647' title='bbox 3402 2517 3439 2585; x_wconf 78' lang='grc' dir='ltr'><strong>ἡ</strong></span> <span class='ocrx_word' id='word_1_648' title='bbox 3478 2515 3746 2582; x_wconf 61' lang='grc' dir='ltr'>Αίγδπτὶα</span> 
     </span>
    </p>
   </div>
   <div class='ocr_carea' id='block_1_85' title="bbox 2158 2607 3745 2680">
    <p class='ocr_par' dir='ltr' id='par_1_85' title="bbox 2158 2607 3745 2680">
     <span class='ocr_line' id='line_1_85' title="bbox 2158 2607 3745 2680; baseline -0.003 -17"><span class='ocrx_word' id='word_1_649' title='bbox 2158 2610 2375 2680; x_wconf 72' lang='grc' dir='ltr'>ἠσθένει</span> <span class='ocrx_word' id='word_1_650' title='bbox 2418 2608 2526 2661; x_wconf 85' lang='grc' dir='ltr'><strong>ἀπὸ</strong></span> <span class='ocrx_word' id='word_1_651' title='bbox 2563 2609 2661 2679; x_wconf 76' lang='grc' dir='ltr'><strong>τῆς</strong></span> <span class='ocrx_word' id='word_1_652' title='bbox 2712 2607 2909 2679; x_wconf 83' lang='grc' dir='ltr'>λύπης,</span> <span class='ocrx_word' id='word_1_653' title='bbox 2959 2608 3052 2661; x_wconf 79' lang='grc' dir='ltr'><strong>καὶ</strong></span> <span class='ocrx_word' id='word_1_654' title='bbox 3097 2608 3406 2679; x_wconf 80' lang='grc' dir='ltr'>ἐπηκροᾶτό</span> <span class='ocrx_word' id='word_1_655' title='bbox 3459 2626 3586 2678; x_wconf 88' lang='grc' dir='ltr'>μου,</span> <span class='ocrx_word' id='word_1_656' title='bbox 3636 2608 3745 2669; x_wconf 64' lang='lat' dir='ltr'><strong>mli;</strong></span> 
     </span>
    </p>
   </div>
   <div class='ocr_carea' id='block_1_86' title="bbox 2160 2700 3747 2773">
    <p class='ocr_par' dir='ltr' id='par_1_86' title="bbox 2160 2700 3747 2773">
     <span class='ocr_line' id='line_1_86' title="bbox 2160 2700 3747 2773; baseline 0 -20"><span class='ocrx_word' id='word_1_657' title='bbox 2160 2700 2362 2773; x_wconf 75' lang='grc' dir='ltr'>ὕμνουν</span> <span class='ocrx_word' id='word_1_658' title='bbox 2406 2702 2498 2753; x_wconf 78' lang='grc' dir='ltr'><strong>τὸν</strong></span> <span class='ocrx_word' id='word_1_659' title='bbox 2542 2701 2747 2772; x_wconf 85' lang='grc' dir='ltr'>Κύριον</span> <span class='ocrx_word' id='word_1_660' title='bbox 2788 2702 2846 2754; x_wconf 85' lang='grc' dir='ltr'><strong>ἐν</strong></span> <span class='ocrx_word' id='word_1_661' title='bbox 2893 2701 3028 2772; x_wconf 79' lang='grc' dir='ltr'>οἴκῳ</span> <span class='ocrx_word' id='word_1_662' title='bbox 3068 2702 3310 2766; x_wconf 82' lang='grc' dir='ltr'>σκότους,</span> <span class='ocrx_word' id='word_1_663' title='bbox 3354 2703 3451 2754; x_wconf 74' lang='grc' dir='ltr'><strong>καὶ</strong></span> <span class='ocrx_word' id='word_1_664' title='bbox 3492 2704 3551 2753; x_wconf 88' lang='grc' dir='ltr'><strong>ἐν</strong></span> <span class='ocrx_word' id='word_1_665' title='bbox 3593 2701 3747 2771; x_wconf 57' lang='lat' dir='ltr'><strong>napi.</strong></span> 
     </span>
    </p>
   </div>
   <div class='ocr_carea' id='block_1_87' title="bbox 2159 2790 3745 2864">
    <p class='ocr_par' dir='ltr' id='par_1_87' title="bbox 2159 2790 3745 2864">
     <span class='ocr_line' id='line_1_87' title="bbox 2159 2790 3745 2864; baseline -0.001 -20"><span class='ocrx_word' id='word_1_666' title='bbox 2159 2795 2309 2862; x_wconf 85' lang='grc' dir='ltr'>φωνῇ</span> <span class='ocrx_word' id='word_1_667' title='bbox 2339 2793 2543 2863; x_wconf 86' lang='grc' dir='ltr'>χαίρων</span> <span class='ocrx_word' id='word_1_668' title='bbox 2571 2790 2828 2858; x_wconf 79' lang='grc' dir='ltr'>ἐδόξαζον</span> <span class='ocrx_word' id='word_1_669' title='bbox 2873 2793 2963 2846; x_wconf 84' lang='grc' dir='ltr'><strong>τὸν</strong></span> <span class='ocrx_word' id='word_1_670' title='bbox 3004 2792 3137 2845; x_wconf 84' lang='grc' dir='ltr'>Θεόν</span> <span class='ocrx_word' id='word_1_671' title='bbox 3182 2811 3281 2864; x_wconf 89' lang='grc' dir='ltr'><strong>μου</strong></span> <span class='ocrx_word' id='word_1_672' title='bbox 3330 2794 3514 2864; x_wconf 85' lang='grc' dir='ltr'>μόνον,</span> <span class='ocrx_word' id='word_1_673' title='bbox 3542 2795 3628 2847; x_wconf 81' lang='grc' dir='ltr'>ὅτι</span> <span class='ocrx_word' id='word_1_674' title='bbox 3664 2792 3745 2845; x_wconf 70' lang='grc' dir='ltr'><strong>διὰ</strong></span> 
     </span>
    </p>
   </div>
   <div class='ocr_carea' id='block_1_88' title="bbox 2158 2883 3309 2955">
    <p class='ocr_par' dir='ltr' id='par_1_88' title="bbox 2158 2883 3309 2955">
     <span class='ocr_line' id='line_1_88' title="bbox 2158 2883 3309 2955; baseline 0.004 -20"><span class='ocrx_word' id='word_1_675' title='bbox 2158 2884 2484 2954; x_wconf 80' lang='grc' dir='ltr'>προφάσεως</span> <span class='ocrx_word' id='word_1_676' title='bbox 2512 2883 2838 2955; x_wconf 83' lang='grc' dir='ltr'>ἀπηλλάγην</span> <span class='ocrx_word' id='word_1_677' title='bbox 2869 2885 2969 2955; x_wconf 76' lang='grc' dir='ltr'>τῆς</span> <span class='ocrx_word' id='word_1_678' title='bbox 2990 2886 3309 2954; x_wconf 73' lang='grc' dir='ltr'>Αἰγυπτίας.</span> 
     </span>
    </p>
   </div>
   <div class='ocr_carea' id='block_1_89' title="bbox 1761 3071 2050 3153">
    <p class='ocr_par' dir='ltr' id='par_1_89' title="bbox 1761 3074 2050 3146">
     <span class='ocr_line' id='line_1_89' title="bbox 1761 3074 2050 3146; baseline 0.021 -19"><span class='ocrx_word' id='word_1_679' title='bbox 1761 3094 1779 3127; x_wconf 72' lang='grc' dir='ltr'><strong>ε</strong></span> <span class='ocrx_word' id='word_1_680' title='bbox 1805 3074 2050 3146; x_wconf 86' lang='lat' dir='ltr'><strong>Digneris</strong></span> 
     </span>
    </p>
   </div>
   <div class='ocr_carea' id='block_1_90' title="bbox 2158 3071 3742 3153">
    <p class='ocr_par' dir='ltr' id='par_1_90' title="bbox 2228 3078 3742 3153">
     <span class='ocr_line' id='line_1_90' title="bbox 2228 3078 3742 3153; baseline 0.005 -23"><span class='ocrx_word' id='word_1_681' title='bbox 2228 3078 2303 3130; x_wconf 79' lang='lat'><strong>8’.</strong></span> <span class='ocrx_word' id='word_1_682' title='bbox 2350 3097 2369 3129; x_wconf 77' lang='grc' dir='ltr'><strong>ι</strong></span> <span class='ocrx_word' id='word_1_683' title='bbox 2395 3079 2662 3143; x_wconf 87' lang='grc' dir='ltr'>Πολλάκις</span> <span class='ocrx_word' id='word_1_684' title='bbox 2702 3079 2915 3149; x_wconf 76' lang='grc' dir='ltr'>ἔπεμψε</span> <span class='ocrx_word' id='word_1_685' title='bbox 2953 3082 3086 3152; x_wconf 82' lang='grc' dir='ltr'>πρός</span> <span class='ocrx_word' id='word_1_686' title='bbox 3128 3100 3217 3153; x_wconf 89' lang='grc' dir='ltr'><strong>με,</strong></span> <span class='ocrx_word' id='word_1_687' title='bbox 3243 3082 3514 3149; x_wconf 86' lang='grc' dir='ltr'>λέγουσα·</span> <span class='ocrx_word' id='word_1_688' title='bbox 3566 3084 3742 3137; x_wconf 50' lang='lat' dir='ltr'><strong>«Ebrio-</strong></span> 
     </span>
    </p>
   </div>
   <div class='ocr_carea' id='block_1_91' title="bbox 2157 3172 3739 3249">
    <p class='ocr_par' dir='ltr' id='par_1_91' title="bbox 2157 3172 3739 3249">
     <span class='ocr_line' id='line_1_91' title="bbox 2157 3172 3739 3249; baseline 0.006 -24"><span class='ocrx_word' id='word_1_689' title='bbox 2157 3189 2325 3243; x_wconf 88' lang='grc' dir='ltr'>κησον</span> <span class='ocrx_word' id='word_1_690' title='bbox 2364 3172 2651 3244; x_wconf 82' lang='grc' dir='ltr'>πληρῶσαι</span> <span class='ocrx_word' id='word_1_691' title='bbox 2690 3174 2791 3245; x_wconf 76' lang='grc' dir='ltr'>τὴν</span> <span class='ocrx_word' id='word_1_692' title='bbox 2829 3174 3143 3245; x_wconf 81' lang='grc' dir='ltr'>ἐπιθυμίαν,</span> <span class='ocrx_word' id='word_1_693' title='bbox 3191 3177 3284 3229; x_wconf 73' lang='grc' dir='ltr'><strong>καὶ</strong></span> <span class='ocrx_word' id='word_1_694' title='bbox 3328 3175 3597 3247; x_wconf 79' lang='grc' dir='ltr'>λυτρώσω</span> <span class='ocrx_word' id='word_1_695' title='bbox 3637 3180 3739 3249; x_wconf 79' lang='lat'><strong>(58)</strong></span> 
     </span>
    </p>
   </div>
   <div class='ocr_carea' id='block_1_92' title="bbox 2157 3264 3734 3334">
    <p class='ocr_par' dir='ltr' id='par_1_92' title="bbox 2157 3264 3734 3334">
     <span class='ocr_line' id='line_1_92' title="bbox 2157 3264 3734 3334; baseline 0.004 -19"><span class='ocrx_word' id='word_1_696' title='bbox 2157 3280 2217 3315; x_wconf 82' lang='grc' dir='ltr'><strong>σε</strong></span> <span class='ocrx_word' id='word_1_697' title='bbox 2264 3264 2371 3317; x_wconf 86' lang='grc' dir='ltr'><strong>τῶν</strong></span> <span class='ocrx_word' id='word_1_698' title='bbox 2397 3264 2631 3334; x_wconf 86' lang='grc' dir='ltr'>δεσμῶν,</span> <span class='ocrx_word' id='word_1_699' title='bbox 2671 3267 2766 3318; x_wconf 76' lang='grc' dir='ltr'><strong>καὶ</strong></span> <span class='ocrx_word' id='word_1_700' title='bbox 2816 3265 3113 3330; x_wconf 81' lang='grc' dir='ltr'>ἀπαλλάξω</span> <span class='ocrx_word' id='word_1_701' title='bbox 3164 3282 3222 3318; x_wconf 90' lang='grc' dir='ltr'><strong>σε</strong></span> <span class='ocrx_word' id='word_1_702' title='bbox 3268 3265 3366 3318; x_wconf 80' lang='grc' dir='ltr'>τοῦ</span> <span class='ocrx_word' id='word_1_703' title='bbox 3414 3267 3680 3331; x_wconf 74' lang='grc' dir='ltr'>σκότους·</span> <span class='ocrx_word' id='word_1_704' title='bbox 3715 3288 3734 3320; x_wconf 68' lang='grc' dir='ltr'><strong>ι</strong></span> 
     </span>
    </p>
   </div>
   <div class='ocr_carea' id='block_1_93' title="bbox 2153 3352 3737 3431">
    <p class='ocr_par' dir='ltr' id='par_1_93' title="bbox 2153 3352 3737 3431">
     <span class='ocr_line' id='line_1_93' title="bbox 2153 3352 3737 3431; baseline 0.004 -26"><span class='ocrx_word' id='word_1_705' title='bbox 2153 3352 2265 3406; x_wconf 90' lang='lat' dir='ltr'><strong>Kal</strong></span> <span class='ocrx_word' id='word_1_706' title='bbox 2290 3352 2407 3405; x_wconf 86' lang='grc' dir='ltr'>οὑδὲ</span> <span class='ocrx_word' id='word_1_707' title='bbox 2433 3354 2537 3418; x_wconf 75' lang='grc' dir='ltr'><strong>ἕως</strong></span> <span class='ocrx_word' id='word_1_708' title='bbox 2564 3355 2783 3408; x_wconf 85' lang='grc' dir='ltr'>ἐννοιῶν</span> <span class='ocrx_word' id='word_1_709' title='bbox 2812 3355 2996 3409; x_wconf 78' lang='grc' dir='ltr'>ἐκλινα</span> <span class='ocrx_word' id='word_1_710' title='bbox 3017 3357 3151 3428; x_wconf 82' lang='grc' dir='ltr'>πρὸς</span> <span class='ocrx_word' id='word_1_711' title='bbox 3175 3357 3364 3429; x_wconf 83' lang='grc' dir='ltr'>αὑτήν.</span> <span class='ocrx_word' id='word_1_712' title='bbox 3392 3358 3616 3431; x_wconf 77' lang='grc' dir='ltr'>Ἀγαπᾷ</span> <span class='ocrx_word' id='word_1_713' title='bbox 3639 3360 3737 3430; x_wconf 73' lang='grc' dir='ltr'><strong>γὰρ</strong></span> 
     </span>
    </p>
   </div>
   <div class='ocr_carea' id='block_1_94' title="bbox 2153 3445 3735 3520">
    <p class='ocr_par' dir='ltr' id='par_1_94' title="bbox 2153 3445 3735 3520">
     <span class='ocr_line' id='line_1_94' title="bbox 2153 3445 3735 3520; baseline 0.006 -24"><span class='ocrx_word' id='word_1_714' title='bbox 2153 3445 2181 3496; x_wconf 87' lang='grc' dir='ltr'>ὁ</span> <span class='ocrx_word' id='word_1_715' title='bbox 2205 3445 2336 3509; x_wconf 87' lang='grc' dir='ltr'>Θεὸς</span> <span class='ocrx_word' id='word_1_716' title='bbox 2367 3445 2565 3516; x_wconf 86' lang='grc' dir='ltr'>μᾶλλον</span> <span class='ocrx_word' id='word_1_717' title='bbox 2589 3447 2680 3501; x_wconf 86' lang='grc' dir='ltr'><strong>τὸν</strong></span> <span class='ocrx_word' id='word_1_718' title='bbox 2706 3448 2765 3500; x_wconf 89' lang='grc' dir='ltr'><strong>ἐν</strong></span> <span class='ocrx_word' id='word_1_719' title='bbox 2788 3446 2977 3519; x_wconf 87' lang='grc' dir='ltr'>λάκκῳ</span> <span class='ocrx_word' id='word_1_720' title='bbox 3018 3448 3238 3511; x_wconf 79' lang='grc' dir='ltr'>σκύτους</span> <span class='ocrx_word' id='word_1_721' title='bbox 3270 3449 3611 3519; x_wconf 77' lang='grc' dir='ltr'>νηστεύοντα</span> <span class='ocrx_word' id='word_1_722' title='bbox 3636 3452 3735 3520; x_wconf 75' lang='grc'><strong>(59)</strong></span> 
     </span>
    </p>
   </div>
   <div class='ocr_carea' id='block_1_95' title="bbox 2152 3540 3736 3615">
    <p class='ocr_par' dir='ltr' id='par_1_95' title="bbox 2152 3540 3736 3615">
     <span class='ocr_line' id='line_1_95' title="bbox 2152 3540 3736 3615; baseline 0.007 -25"><span class='ocrx_word' id='word_1_723' title='bbox 2152 3540 2211 3590; x_wconf 83' lang='grc' dir='ltr'><strong>ἐν</strong></span> <span class='ocrx_word' id='word_1_724' title='bbox 2260 3540 2617 3612; x_wconf 80' lang='grc' dir='ltr'>σωφροσύνῃ,</span> <span class='ocrx_word' id='word_1_725' title='bbox 2669 3541 2703 3611; x_wconf 81' lang='grc' dir='ltr'>ἢ</span> <span class='ocrx_word' id='word_1_726' title='bbox 2746 3541 2837 3595; x_wconf 81' lang='grc' dir='ltr'><strong>τὸν</strong></span> <span class='ocrx_word' id='word_1_727' title='bbox 2884 3544 2942 3595; x_wconf 89' lang='grc' dir='ltr'><strong>ἐν</strong></span> <span class='ocrx_word' id='word_1_728' title='bbox 2994 3543 3238 3613; x_wconf 84' lang='grc' dir='ltr'>ταμείοις</span> <span class='ocrx_word' id='word_1_729' title='bbox 3285 3543 3590 3614; x_wconf 81' lang='grc' dir='ltr'>τρυφῶντα</span> <span class='ocrx_word' id='word_1_730' title='bbox 3636 3547 3736 3615; x_wconf 64' lang='grc'><strong>(40)</strong></span> 
     </span>
    </p>
   </div>
   <div class='ocr_carea' id='block_1_96' title="bbox 2155 3631 3739 3710">
    <p class='ocr_par' dir='ltr' id='par_1_96' title="bbox 2155 3631 3739 3710">
     <span class='ocr_line' id='line_1_96' title="bbox 2155 3631 3739 3710; baseline 0.006 -25"><span class='ocrx_word' id='word_1_731' title='bbox 2155 3631 2295 3702; x_wconf 87' lang='grc' dir='ltr'><strong>μετά</strong></span> <span class='ocrx_word' id='word_1_732' title='bbox 2334 3634 2650 3698; x_wconf 76' lang='grc' dir='ltr'>ἀκολασίας.</span> <span class='ocrx_word' id='word_1_733' title='bbox 2697 3636 2754 3688; x_wconf 90' lang='lat'><strong>&#39;0</strong></span> <span class='ocrx_word' id='word_1_734' title='bbox 2797 3637 2853 3689; x_wconf 86' lang='grc' dir='ltr'>δὲ</span> <span class='ocrx_word' id='word_1_735' title='bbox 2896 3639 2953 3689; x_wconf 84' lang='grc' dir='ltr'><strong>ἐν</strong></span> <span class='ocrx_word' id='word_1_736' title='bbox 2992 3637 3311 3710; x_wconf 78' lang='grc' dir='ltr'>σωφροσύνῃ</span> <span class='ocrx_word' id='word_1_737' title='bbox 3355 3637 3565 3707; x_wconf 79' lang='grc' dir='ltr'>διάγων</span> <span class='ocrx_word' id='word_1_738' title='bbox 3604 3640 3739 3694; x_wconf 84' lang='grc' dir='ltr'>θέλει</span> 
     </span>
    </p>
   </div>
   <div class='ocr_carea' id='block_1_97' title="bbox 2151 3724 3735 3805">
    <p class='ocr_par' dir='ltr' id='par_1_97' title="bbox 2151 3724 3735 3805">
     <span class='ocr_line' id='line_1_97' title="bbox 2151 3724 3735 3805; baseline 0.006 -29"><span class='ocrx_word' id='word_1_739' title='bbox 2151 3725 2245 3777; x_wconf 76' lang='grc' dir='ltr'><strong>καὶ</strong></span> <span class='ocrx_word' id='word_1_740' title='bbox 2293 3724 2471 3790; x_wconf 82' lang='grc' dir='ltr'>δόξαν,</span> <span class='ocrx_word' id='word_1_741' title='bbox 2515 3728 2609 3779; x_wconf 77' lang='grc' dir='ltr'><strong>καὶ</strong></span> <span class='ocrx_word' id='word_1_742' title='bbox 2660 3730 2707 3781; x_wconf 80' lang='grc' dir='ltr'><strong>εί</strong></span> <span class='ocrx_word' id='word_1_743' title='bbox 2754 3724 2893 3781; x_wconf 76' lang='grc' dir='ltr'>οἶδεν</span> <span class='ocrx_word' id='word_1_744' title='bbox 2936 3730 3271 3798; x_wconf 68' lang='grc' dir='ltr'>ὁ’]’φῑστος,</span> <span class='ocrx_word' id='word_1_745' title='bbox 3320 3732 3402 3783; x_wconf 84' lang='grc' dir='ltr'>ὅτι</span> <span class='ocrx_word' id='word_1_746' title='bbox 3452 3734 3735 3805; x_wconf 79' lang='grc' dir='ltr'>συμφέρει,</span> 
     </span>
    </p>
   </div>
   <div class='ocr_carea' id='block_1_98' title="bbox 2151 3816 3733 3892">
    <p class='ocr_par' dir='ltr' id='par_1_98' title="bbox 2151 3816 3733 3892">
     <span class='ocr_line' id='line_1_98' title="bbox 2151 3816 3733 3892; baseline 0.006 -24"><span class='ocrx_word' id='word_1_747' title='bbox 2151 3816 2377 3887; x_wconf 84' lang='grc' dir='ltr'>παρέχει</span> <span class='ocrx_word' id='word_1_748' title='bbox 2424 3818 2573 3889; x_wconf 88' lang='grc' dir='ltr'>αὑτῷ</span> <span class='ocrx_word' id='word_1_749' title='bbox 2615 3820 2711 3873; x_wconf 74' lang='grc' dir='ltr'>καὶ</span> <span class='ocrx_word' id='word_1_750' title='bbox 2753 3818 2928 3873; x_wconf 79' lang='grc' dir='ltr'>ταῦτα</span> <span class='ocrx_word' id='word_1_751' title='bbox 2969 3820 3101 3891; x_wconf 61' lang='lat' dir='ltr'><strong>(Al),</strong></span> <span class='ocrx_word' id='word_1_752' title='bbox 3140 3821 3214 3884; x_wconf 81' lang='grc' dir='ltr'>ὡς</span> <span class='ocrx_word' id='word_1_753' title='bbox 3242 3822 3432 3892; x_wconf 89' lang='grc' dir='ltr'>κάμοί.</span> <span class='ocrx_word' id='word_1_754' title='bbox 3479 3824 3733 3888; x_wconf 51' lang='lat' dir='ltr'><strong>llos-axx,</strong></span> 
     </span>
    </p>
   </div>
   <div class='ocr_carea' id='block_1_99' title="bbox 2149 3908 3737 3985">
    <p class='ocr_par' dir='ltr' id='par_1_99' title="bbox 2149 3908 3737 3985">
     <span class='ocr_line' id='line_1_99' title="bbox 2149 3908 3737 3985; baseline 0.004 -26"><span class='ocrx_word' id='word_1_755' title='bbox 2149 3908 2352 3979; x_wconf 85' lang='grc' dir='ltr'>καίπερ</span> <span class='ocrx_word' id='word_1_756' title='bbox 2394 3909 2713 3976; x_wconf 81' lang='grc' dir='ltr'>ἀσθενοῦσα,</span> <span class='ocrx_word' id='word_1_757' title='bbox 2760 3911 2953 3981; x_wconf 80' lang='grc' dir='ltr'>κατῄει</span> <span class='ocrx_word' id='word_1_758' title='bbox 3007 3912 3142 3983; x_wconf 81' lang='grc' dir='ltr'>πρός</span> <span class='ocrx_word' id='word_1_759' title='bbox 3188 3928 3255 3982; x_wconf 89' lang='grc' dir='ltr'><strong>με</strong></span> <span class='ocrx_word' id='word_1_760' title='bbox 3295 3913 3355 3963; x_wconf 83' lang='grc' dir='ltr'><strong>ἐν</strong></span> <span class='ocrx_word' id='word_1_761' title='bbox 3392 3912 3601 3985; x_wconf 73' lang='grc' dir='ltr'>άωρίᾳ,</span> <span class='ocrx_word' id='word_1_762' title='bbox 3652 3919 3737 3968; x_wconf 79' lang='grc' dir='ltr'><strong>καὶ</strong></span> 
     </span>
    </p>
   </div>
   <div class='ocr_carea' id='block_1_100' title="bbox 2150 4000 3735 4077">
    <p class='ocr_par' dir='ltr' id='par_1_100' title="bbox 2150 4000 3735 4077">
     <span class='ocr_line' id='line_1_100' title="bbox 2150 4000 3735 4077; baseline 0.006 -24"><span class='ocrx_word' id='word_1_763' title='bbox 2150 4001 2351 4067; x_wconf 74' lang='grc' dir='ltr'>ἤκουσε</span> <span class='ocrx_word' id='word_1_764' title='bbox 2390 4000 2491 4071; x_wconf 81' lang='grc' dir='ltr'>τῆς</span> <span class='ocrx_word' id='word_1_765' title='bbox 2534 4004 2717 4075; x_wconf 82' lang='grc' dir='ltr'>φωνῆς</span> <span class='ocrx_word' id='word_1_766' title='bbox 2763 4023 2861 4074; x_wconf 89' lang='grc' dir='ltr'><strong>μου</strong></span> <span class='ocrx_word' id='word_1_767' title='bbox 2910 4004 3385 4077; x_wconf 85' lang='grc' dir='ltr'>προσευχομένου;</span> <span class='ocrx_word' id='word_1_768' title='bbox 3448 4008 3648 4061; x_wconf 79' lang='grc' dir='ltr'>συνιὼν</span> <span class='ocrx_word' id='word_1_769' title='bbox 3686 4011 3735 4063; x_wconf 79' lang='grc' dir='ltr'>δὲ</span> 
     </span>
    </p>
   </div>
   <div class='ocr_carea' id='block_1_101' title="bbox 2146 4091 3731 4175">
    <p class='ocr_par' dir='ltr' id='par_1_101' title="bbox 2146 4091 3731 4175">
     <span class='ocr_line' id='line_1_101' title="bbox 2146 4091 3731 4175; baseline 0.008 -32"><span class='ocrx_word' id='word_1_770' title='bbox 2146 4091 2256 4159; x_wconf 88' lang='grc' dir='ltr'><strong>ἐγὼ</strong></span> <span class='ocrx_word' id='word_1_771' title='bbox 2281 4093 2406 4156; x_wconf 78' lang='grc' dir='ltr'>τοὺς</span> <span class='ocrx_word' id='word_1_772' title='bbox 2435 4099 2772 4167; x_wconf 80' lang='grc' dir='ltr'>στεναγμοὺς</span> <span class='ocrx_word' id='word_1_773' title='bbox 2806 4099 2997 4169; x_wconf 82' lang='grc' dir='ltr'>αὑτῆς,</span> <span class='ocrx_word' id='word_1_774' title='bbox 3033 4097 3322 4153; x_wconf 82' lang='grc' dir='ltr'>ἐσιώπουν.</span> <span class='ocrx_word' id='word_1_775' title='bbox 3368 4103 3487 4155; x_wconf 76' lang='grc' dir='ltr'><strong>Καὶ</strong></span> <span class='ocrx_word' id='word_1_776' title='bbox 3522 4105 3631 4175; x_wconf 74' lang='grc' dir='ltr'>γὰρ</span> <span class='ocrx_word' id='word_1_777' title='bbox 3654 4106 3731 4157; x_wconf 73' lang='grc' dir='ltr'>ὅτε</span> 
     </span>
    </p>
   </div>
   <div class='ocr_carea' id='block_1_102' title="bbox 2144 4182 3730 4266">
    <p class='ocr_par' dir='ltr' id='par_1_102' title="bbox 2144 4182 3730 4266">
     <span class='ocr_line' id='line_1_102' title="bbox 2144 4182 3730 4266; baseline 0.009 -33"><span class='ocrx_word' id='word_1_778' title='bbox 2144 4182 2292 4253; x_wconf 76' lang='grc' dir='ltr'>ήμην</span> <span class='ocrx_word' id='word_1_779' title='bbox 2339 4185 2397 4236; x_wconf 89' lang='grc' dir='ltr'><strong>ἐν</strong></span> <span class='ocrx_word' id='word_1_780' title='bbox 2440 4184 2518 4255; x_wconf 79' lang='grc' dir='ltr'>τῷ</span> <span class='ocrx_word' id='word_1_781' title='bbox 2565 4186 2697 4257; x_wconf 81' lang='grc' dir='ltr'>οἴκῳ</span> <span class='ocrx_word' id='word_1_782' title='bbox 2747 4188 2937 4259; x_wconf 76' lang='grc' dir='ltr'>αὐτῆς,</span> <span class='ocrx_word' id='word_1_783' title='bbox 2987 4189 3222 4259; x_wconf 86' lang='grc' dir='ltr'>ἐγύμνου</span> <span class='ocrx_word' id='word_1_784' title='bbox 3272 4192 3400 4255; x_wconf 76' lang='grc' dir='ltr'>τοὺς</span> <span class='ocrx_word' id='word_1_785' title='bbox 3451 4193 3730 4266; x_wconf 78' lang='grc' dir='ltr'>βραχίονας</span> 
     </span>
    </p>
   </div>
   <div class='ocr_carea' id='block_1_103' title="bbox 2143 4275 3730 4359">
    <p class='ocr_par' dir='ltr' id='par_1_103' title="bbox 2143 4275 3730 4359">
     <span class='ocr_line' id='line_1_103' title="bbox 2143 4275 3730 4359; baseline 0.01 -33"><span class='ocrx_word' id='word_1_786' title='bbox 2143 4275 2334 4345; x_wconf 84' lang='grc' dir='ltr'>αὑτῆς,</span> <span class='ocrx_word' id='word_1_787' title='bbox 2370 4278 2461 4329; x_wconf 79' lang='grc' dir='ltr'><strong>καὶ</strong></span> <span class='ocrx_word' id='word_1_788' title='bbox 2484 4280 2553 4330; x_wconf 84' lang='grc' dir='ltr'>τὰ</span> <span class='ocrx_word' id='word_1_789' title='bbox 2590 4280 2805 4352; x_wconf 88' lang='grc' dir='ltr'>στέρνα,</span> <span class='ocrx_word' id='word_1_790' title='bbox 2832 4283 2926 4335; x_wconf 76' lang='grc' dir='ltr'><strong>καὶ</strong></span> <span class='ocrx_word' id='word_1_791' title='bbox 2952 4283 3051 4346; x_wconf 87' lang='grc' dir='ltr'><strong>τάς</strong></span> <span class='ocrx_word' id='word_1_792' title='bbox 3079 4283 3315 4353; x_wconf 80' lang='grc' dir='ltr'>κνήμας,</span> <span class='ocrx_word' id='word_1_793' title='bbox 3357 4285 3446 4338; x_wconf 83' lang='grc' dir='ltr'><strong>ἵνα</strong></span> <span class='ocrx_word' id='word_1_794' title='bbox 3477 4290 3730 4359; x_wconf 85' lang='grc' dir='ltr'>συμπέσω</span> 
     </span>
    </p>
   </div>
   <div class='ocr_carea' id='block_1_104' title="bbox 2144 4366 3727 4452">
    <p class='ocr_par' dir='ltr' id='par_1_104' title="bbox 2144 4366 3727 4452">
     <span class='ocr_line' id='line_1_104' title="bbox 2144 4366 3727 4452; baseline 0.01 -35"><span class='ocrx_word' id='word_1_795' title='bbox 2144 4368 2222 4429; x_wconf 75' lang='grc' dir='ltr'>εἰς</span> <span class='ocrx_word' id='word_1_796' title='bbox 2251 4366 2424 4437; x_wconf 87' lang='grc' dir='ltr'>αὑτήν</span> <span class='ocrx_word' id='word_1_797' title='bbox 2448 4386 2461 4398; x_wconf 81' lang='grc'><em>’</em></span> <span class='ocrx_word' id='word_1_798' title='bbox 2492 4369 2632 4423; x_wconf 90' lang='grc' dir='ltr'>πάνυ</span> <span class='ocrx_word' id='word_1_799' title='bbox 2659 4371 2766 4443; x_wconf 85' lang='grc' dir='ltr'>γὰρ</span> <span class='ocrx_word' id='word_1_800' title='bbox 2790 4368 2857 4443; x_wconf 81' lang='grc' dir='ltr'>ἦν</span> <span class='ocrx_word' id='word_1_801' title='bbox 2889 4374 3089 4445; x_wconf 78' lang='grc' dir='ltr'>ὡραία,</span> <span class='ocrx_word' id='word_1_802' title='bbox 3123 4376 3355 4446; x_wconf 87' lang='grc' dir='ltr'>μάλιστα</span> <span class='ocrx_word' id='word_1_803' title='bbox 3382 4383 3727 4452; x_wconf 70' lang='grc' dir='ltr'>κοσμουμένη</span> 
     </span>
    </p>
   </div>
   <div class='ocr_carea' id='block_1_105' title="bbox 2143 4459 3731 4542">
    <p class='ocr_par' dir='ltr' id='par_1_105' title="bbox 2143 4459 3731 4542">
     <span class='ocr_line' id='line_1_105' title="bbox 2143 4459 3731 4542; baseline 0.009 -32"><span class='ocrx_word' id='word_1_804' title='bbox 2143 4459 2278 4530; x_wconf 82' lang='grc' dir='ltr'>πρὸς</span> <span class='ocrx_word' id='word_1_805' title='bbox 2314 4460 2586 4531; x_wconf 72' lang='grc' dir='ltr'>ἀπάτησεν</span> <span class='ocrx_word' id='word_1_806' title='bbox 2628 4480 2747 4533; x_wconf 90' lang='grc' dir='ltr'>μου.</span> <span class='ocrx_word' id='word_1_807' title='bbox 2791 4465 2902 4518; x_wconf 89' lang='lat' dir='ltr'><strong>Kal.</strong></span> <span class='ocrx_word' id='word_1_808' title='bbox 2948 4467 2976 4518; x_wconf 84' lang='grc' dir='ltr'><strong>ὁ</strong></span> <span class='ocrx_word' id='word_1_809' title='bbox 3002 4466 3205 4537; x_wconf 85' lang='grc' dir='ltr'>Κύριος</span> <span class='ocrx_word' id='word_1_810' title='bbox 3250 4468 3494 4536; x_wconf 81' lang='grc' dir='ltr'>ἐφύλαξέ</span> <span class='ocrx_word' id='word_1_811' title='bbox 3530 4489 3599 4542; x_wconf 87' lang='grc' dir='ltr'><strong>με</strong></span> <span class='ocrx_word' id='word_1_812' title='bbox 3637 4472 3731 4527; x_wconf 73' lang='grc' dir='ltr'>ἀπὸ</span> 
     </span>
    </p>
   </div>
   <div class='ocr_carea' id='block_1_106' title="bbox 2140 4550 2903 4627">
    <p class='ocr_par' dir='ltr' id='par_1_106' title="bbox 2140 4550 2903 4627">
     <span class='ocr_line' id='line_1_106' title="bbox 2140 4550 2903 4627; baseline 0.009 -25"><span class='ocrx_word' id='word_1_813' title='bbox 2140 4550 2247 4603; x_wconf 82' lang='grc' dir='ltr'><strong>τῶν</strong></span> <span class='ocrx_word' id='word_1_814' title='bbox 2271 4553 2684 4624; x_wconf 88' lang='grc' dir='ltr'>ἐγχειρημάτων</span> <span class='ocrx_word' id='word_1_815' title='bbox 2716 4556 2903 4627; x_wconf 78' lang='grc' dir='ltr'>αὐτῆς.</span> 
     </span>
    </p>
   </div>
   <div class='ocr_carea' id='block_1_107' title="bbox 2212 4642 3724 4726">
    <p class='ocr_par' dir='ltr' id='par_1_107' title="bbox 2212 4642 3724 4726">
     <span class='ocr_line' id='line_1_107' title="bbox 2212 4642 3724 4726; baseline 0.009 -31"><span class='ocrx_word' id='word_1_816' title='bbox 2212 4644 2266 4695; x_wconf 90' lang='lat' dir='ltr'><strong>l&#39;.</strong></span> <span class='ocrx_word' id='word_1_817' title='bbox 2313 4664 2330 4693; x_wconf 76' lang='grc' dir='ltr'><strong>ι</strong></span> <span class='ocrx_word' id='word_1_818' title='bbox 2379 4644 2571 4715; x_wconf 82' lang='grc' dir='ltr'>Ὁρᾶτε</span> <span class='ocrx_word' id='word_1_819' title='bbox 2598 4642 2711 4712; x_wconf 82' lang='grc' dir='ltr'>οὖν,</span> <span class='ocrx_word' id='word_1_820' title='bbox 2749 4648 2915 4701; x_wconf 90' lang='grc' dir='ltr'>τέκνα</span> <span class='ocrx_word' id='word_1_821' title='bbox 2946 4667 3070 4720; x_wconf 88' lang='grc' dir='ltr'>μου,</span> <span class='ocrx_word' id='word_1_822' title='bbox 3099 4652 3241 4707; x_wconf 84' lang='grc' dir='ltr'>πόσα</span> <span class='ocrx_word' id='word_1_823' title='bbox 3266 4656 3669 4726; x_wconf 78' lang='grc' dir='ltr'>κατεργάζεται</span> <span class='ocrx_word' id='word_1_824' title='bbox 3697 4656 3724 4724; x_wconf 80' lang='grc' dir='ltr'><strong>ἠ</strong></span> 
     </span>
    </p>
   </div>
   <div class='ocr_carea' id='block_1_108' title="bbox 2142 4731 3722 4814">
    <p class='ocr_par' dir='ltr' id='par_1_108' title="bbox 2142 4731 3722 4814">
     <span class='ocr_line' id='line_1_108' title="bbox 2142 4731 3722 4814; baseline 0.006 -30"><span class='ocrx_word' id='word_1_825' title='bbox 2142 4731 2405 4804; x_wconf 84' lang='grc' dir='ltr'>ὑπομονὴ,</span> <span class='ocrx_word' id='word_1_826' title='bbox 2441 4736 2537 4787; x_wconf 73' lang='grc' dir='ltr'>καὶ</span> <span class='ocrx_word' id='word_1_827' title='bbox 2568 4738 2601 4805; x_wconf 84' lang='grc' dir='ltr'>ὴ</span> <span class='ocrx_word' id='word_1_828' title='bbox 2629 4736 2902 4807; x_wconf 84' lang='grc' dir='ltr'>προσευχὴ</span> <span class='ocrx_word' id='word_1_829' title='bbox 2946 4738 3085 4808; x_wconf 83' lang='grc' dir='ltr'><strong>μετά</strong></span> <span class='ocrx_word' id='word_1_830' title='bbox 3110 4740 3385 4809; x_wconf 83' lang='grc' dir='ltr'>νηστείας.</span> <span class='ocrx_word' id='word_1_831' title='bbox 3420 4744 3542 4797; x_wconf 79' lang='grc' dir='ltr'>Καὶ</span> <span class='ocrx_word' id='word_1_832' title='bbox 3579 4744 3722 4814; x_wconf 83' lang='grc' dir='ltr'>ὑμεῖς</span> 
     </span>
    </p>
   </div>
   <div class='ocr_carea' id='block_1_109' title="bbox 2139 4822 3720 4909">
    <p class='ocr_par' dir='ltr' id='par_1_109' title="bbox 2139 4822 3720 4909">
     <span class='ocr_line' id='line_1_109' title="bbox 2139 4822 3720 4909; baseline 0.008 -30"><span class='ocrx_word' id='word_1_833' title='bbox 2139 4822 2254 4890; x_wconf 83' lang='grc' dir='ltr'>οὖν,</span> <span class='ocrx_word' id='word_1_834' title='bbox 2283 4827 2377 4881; x_wconf 86' lang='grc' dir='ltr'>ἐὰν</span> <span class='ocrx_word' id='word_1_835' title='bbox 2402 4828 2501 4900; x_wconf 76' lang='grc' dir='ltr'><strong>τὴν</strong></span> <span class='ocrx_word' id='word_1_836' title='bbox 2543 4830 2895 4901; x_wconf 81' lang='grc' dir='ltr'>σωφροσύνην</span> <span class='ocrx_word' id='word_1_837' title='bbox 2923 4832 3019 4885; x_wconf 74' lang='grc' dir='ltr'><strong>καὶ</strong></span> <span class='ocrx_word' id='word_1_838' title='bbox 3055 4833 3153 4904; x_wconf 79' lang='grc' dir='ltr'>τὴν</span> <span class='ocrx_word' id='word_1_839' title='bbox 3176 4835 3399 4903; x_wconf 81' lang='grc' dir='ltr'>ἁγνείαν</span> <span class='ocrx_word' id='word_1_840' title='bbox 3438 4839 3720 4909; x_wconf 76' lang='grc' dir='ltr'>μετέλθητε</span> 
     </span>
    </p>
   </div>
   <div class='ocr_carea' id='block_1_110' title="bbox 2140 4921 3721 5000">
    <p class='ocr_par' dir='ltr' id='par_1_110' title="bbox 2140 4921 3721 5000">
     <span class='ocr_line' id='line_1_110' title="bbox 2140 4921 3721 5000; baseline 0.008 -27"><span class='ocrx_word' id='word_1_841' title='bbox 2140 4922 2197 4974; x_wconf 90' lang='grc' dir='ltr'><strong>ἐν</strong></span> <span class='ocrx_word' id='word_1_842' title='bbox 2237 4921 2480 4992; x_wconf 83' lang='grc' dir='ltr'>ὑπομονῇ</span> <span class='ocrx_word' id='word_1_843' title='bbox 2527 4924 2621 4976; x_wconf 79' lang='grc' dir='ltr'><strong>καὶ</strong></span> <span class='ocrx_word' id='word_1_844' title='bbox 2659 4922 2981 4976; x_wconf 86' lang='grc' dir='ltr'>ταπεινώσει</span> <span class='ocrx_word' id='word_1_845' title='bbox 3024 4926 3269 4998; x_wconf 86' lang='grc' dir='ltr'>καρδίας,</span> <span class='ocrx_word' id='word_1_846' title='bbox 3310 4928 3520 5000; x_wconf 81' lang='grc' dir='ltr'>Κύριος</span> <span class='ocrx_word' id='word_1_847' title='bbox 3556 4951 3721 4985; x_wconf 81' lang='grc' dir='ltr'>κατοι-</span> 
     </span>
    </p>
   </div>
   <div class='ocr_carea' id='block_1_111' title="bbox 2140 5013 3716 5093">
    <p class='ocr_par' dir='ltr' id='par_1_111' title="bbox 2140 5013 3716 5093">
     <span class='ocr_line' id='line_1_111' title="bbox 2140 5013 3716 5093; baseline 0.008 -30"><span class='ocrx_word' id='word_1_848' title='bbox 2140 5013 2298 5083; x_wconf 81' lang='grc' dir='ltr'>κήσει</span> <span class='ocrx_word' id='word_1_849' title='bbox 2325 5014 2382 5066; x_wconf 87' lang='grc' dir='ltr'><strong>ἐν</strong></span> <span class='ocrx_word' id='word_1_850' title='bbox 2410 5015 2560 5083; x_wconf 88' lang='grc' dir='ltr'>ὑμῖν,</span> <span class='ocrx_word' id='word_1_851' title='bbox 2588 5016 2669 5067; x_wconf 81' lang='grc' dir='ltr'><strong>ὅτι</strong></span> <span class='ocrx_word' id='word_1_852' title='bbox 2696 5016 2953 5087; x_wconf 81' lang='grc' dir='ltr'>ἠγάπησε</span> <span class='ocrx_word' id='word_1_853' title='bbox 2994 5019 3095 5088; x_wconf 81' lang='grc' dir='ltr'><strong>τὴν</strong></span> <span class='ocrx_word' id='word_1_854' title='bbox 3144 5021 3528 5093; x_wconf 77' lang='grc' dir='ltr'>σωφροσύνην.</span> <span class='ocrx_word' id='word_1_855' title='bbox 3559 5026 3716 5077; x_wconf 73' lang='grc' dir='ltr'>Ὅπου</span> 
     </span>
    </p>
   </div>
   <div class='ocr_carea' id='block_1_112' title="bbox 2138 5102 3713 5187">
    <p class='ocr_par' dir='ltr' id='par_1_112' title="bbox 2138 5102 3713 5187">
     <span class='ocr_line' id='line_1_112' title="bbox 2138 5102 3713 5187; baseline 0.009 -31"><span class='ocrx_word' id='word_1_856' title='bbox 2138 5102 2195 5156; x_wconf 89' lang='grc' dir='ltr'><strong>δέ</strong></span> <span class='ocrx_word' id='word_1_857' title='bbox 2234 5108 2477 5158; x_wconf 84' lang='grc' dir='ltr'>κατοικεῖ</span> <span class='ocrx_word' id='word_1_858' title='bbox 2509 5107 2537 5158; x_wconf 87' lang='grc' dir='ltr'><strong>ὁ</strong></span> <span class='ocrx_word' id='word_1_859' title='bbox 2566 5107 2849 5176; x_wconf 72' lang='grc' dir='ltr'>’⁷Υψιστος,</span> <span class='ocrx_word' id='word_1_860' title='bbox 2894 5110 2999 5164; x_wconf 84' lang='grc' dir='ltr'><strong>κάν</strong></span> <span class='ocrx_word' id='word_1_861' title='bbox 3024 5126 3109 5174; x_wconf 87' lang='grc' dir='ltr'><strong>τις</strong></span> <span class='ocrx_word' id='word_1_862' title='bbox 3150 5114 3427 5186; x_wconf 80' lang='grc' dir='ltr'>περιπέσῃ</span> <span class='ocrx_word' id='word_1_863' title='bbox 3471 5115 3713 5187; x_wconf 74' lang='grc' dir='ltr'>φθόνῳ,ἢ</span> 
     </span>
    </p>
   </div>
   <div class='ocr_carea' id='block_1_113' title="bbox 2139 5260 3711 5334">
    <p class='ocr_par' dir='ltr' id='par_1_113' title="bbox 2139 5260 3711 5334">
     <span class='ocr_line' id='line_1_113' title="bbox 2139 5260 3711 5334; baseline 0.009 -19"><span class='ocrx_word' id='word_1_864' title='bbox 2139 5260 2466 5318; x_wconf 83' lang='lat' dir='ltr'><strong>Emendatio</strong></span> <span class='ocrx_word' id='word_1_865' title='bbox 2516 5265 2746 5320; x_wconf 91' lang='lat' dir='ltr'><strong>minime</strong></span> <span class='ocrx_word' id='word_1_866' title='bbox 2794 5265 2935 5321; x_wconf 81' lang='lat' dir='ltr'><strong>forte</strong></span> <span class='ocrx_word' id='word_1_867' title='bbox 2989 5267 3351 5334; x_wconf 88' lang='lat' dir='ltr'><strong>admittenda,</strong></span> <span class='ocrx_word' id='word_1_868' title='bbox 3394 5274 3441 5327; x_wconf 90' lang='lat' dir='ltr'><strong>si</strong></span> <span class='ocrx_word' id='word_1_869' title='bbox 3494 5291 3616 5330; x_wconf 87' lang='lat' dir='ltr'><strong>cum</strong></span> <span class='ocrx_word' id='word_1_870' title='bbox 3654 5276 3711 5329; x_wconf 88' lang='lat' dir='ltr'><strong>iis</strong></span> 
     </span>
    </p>
   </div>
   <div class='ocr_carea' id='block_1_114' title="bbox 2139 5334 3584 5407">
    <p class='ocr_par' dir='ltr' id='par_1_114' title="bbox 2139 5334 3584 5407">
     <span class='ocr_line' id='line_1_114' title="bbox 2139 5334 3584 5407; baseline 0.01 -20"><span class='ocrx_word' id='word_1_871' title='bbox 2139 5335 2357 5407; x_wconf 53' lang='lat' dir='ltr'><strong>quagde</strong></span> <span class='ocrx_word' id='word_1_872' title='bbox 2383 5334 2637 5407; x_wconf 66' lang='lat' dir='ltr'><strong>Egyptia</strong></span> <span class='ocrx_word' id='word_1_873' title='bbox 2666 5336 2849 5389; x_wconf 90' lang='lat' dir='ltr'><strong>statim</strong></span> <span class='ocrx_word' id='word_1_874' title='bbox 2882 5337 3212 5407; x_wconf 90' lang='lat' dir='ltr'><strong>subduntur,</strong></span> <span class='ocrx_word' id='word_1_875' title='bbox 3239 5341 3584 5403; x_wconf 81' lang='lat' dir='ltr'><strong>conferatur.</strong></span> 
     </span>
    </p>
   </div>
   <div class='ocr_carea' id='block_1_115' title="bbox 2210 5404 3089 5541">
    <p class='ocr_par' dir='ltr' id='par_1_115' title="bbox 2210 5404 3089 5541">
     <span class='ocr_line' id='line_1_115' title="bbox 2210 5404 3089 5541; baseline 0.01 -85"><span class='ocrx_word' id='word_1_876' title='bbox 2210 5404 2321 5541; x_wconf 53' lang='grc'><strong>(58)</strong></span> <span class='ocrx_word' id='word_1_877' title='bbox 2360 5404 2673 5473; x_wconf 68' lang='grc' dir='ltr'>Λυέρώσω.</span> <span class='ocrx_word' id='word_1_878' title='bbox 2704 5407 2884 5460; x_wconf 87' lang='grc' dir='ltr'>Λύσω.</span> <span class='ocrx_word' id='word_1_879' title='bbox 2917 5410 3089 5465; x_wconf 67' lang='lat' dir='ltr'><strong>Gaius.</strong></span> 
     </span>
     <span class='ocr_line' id='line_1_116' title="bbox 2212 5475 3089 5541; baseline 0.003 -13"><span class='ocrx_word' id='word_1_880' title='bbox 2212 5475 2299 5541; x_wconf 80' lang='lat'><strong>(59</strong></span> <span class='ocrx_word' id='word_1_881' title='bbox 2361 5477 2766 5541; x_wconf 80' lang='grc' dir='ltr'>Νηστεύοντα.</span> <span class='ocrx_word' id='word_1_882' title='bbox 2836 5478 3089 5531; x_wconf 64' lang='grc' dir='ltr'>Πιστεύοι</span> 
     </span>
    </p>
   </div>
   <div class='ocr_carea' id='block_1_116' title="bbox 2209 5475 3703 5599">
    <p class='ocr_par' dir='ltr' id='par_1_116' title="bbox 2209 5475 3703 5599">
     <span class='ocr_line' id='line_1_117' title="bbox 2209 5475 3703 5599; baseline 0.009 -72"><span class='ocrx_word' id='word_1_883' title='bbox 2209 5475 2341 5599; x_wconf 51' lang='lat'><strong>((159%)</strong></span> <span class='ocrx_word' id='word_1_884' title='bbox 2361 5477 2766 5597; x_wconf 65' lang='grc' dir='ltr'>Νησῖεύοντα.</span> <span class='ocrx_word' id='word_1_885' title='bbox 2836 5478 3172 5534; x_wconf 86' lang='grc' dir='ltr'>Πιστεύοντα</span> <span class='ocrx_word' id='word_1_886' title='bbox 3226 5496 3521 5550; x_wconf 86' lang='lat' dir='ltr'><strong>perperam</strong></span> <span class='ocrx_word' id='word_1_887' title='bbox 3564 5486 3703 5539; x_wconf 81' lang='lat' dir='ltr'><strong>habet</strong></span> 
     </span>
     <span class='ocr_line' id='line_1_118' title="bbox 2251 5561 2575 5599; baseline 0.003 -1"><span class='ocrx_word' id='word_1_888' title='bbox 2251 5586 2263 5598; x_wconf 92' lang='lat'><strong>.</strong></span> <span class='ocrx_word' id='word_1_889' title='bbox 2346 5561 2473 5599; x_wconf 85' lang='lat' dir='ltr'><strong>xon.</strong></span> <span class='ocrx_word' id='word_1_890' title='bbox 2524 5562 2575 5599; x_wconf 83' lang='grc' dir='ltr'>ι).</span> 
     </span>
    </p>
   </div>
   <div class='ocr_carea' id='block_1_117' title="bbox 2138 5560 2575 5602">
    <p class='ocr_par' dir='ltr' id='par_1_117' title="bbox 2138 5560 2575 5602">
     <span class='ocr_line' id='line_1_119' title="bbox 2138 5560 2575 5602; baseline 0.005 -2"><span class='ocrx_word' id='word_1_891' title='bbox 2138 5560 2263 5600; x_wconf 73' lang='grc'><strong>(20(1.</strong></span> <span class='ocrx_word' id='word_1_892' title='bbox 2296 5560 2473 5599; x_wconf 71' lang='grc' dir='ltr'>υχοη.</span> <span class='ocrx_word' id='word_1_893' title='bbox 2498 5560 2575 5602; x_wconf 86' lang='lat' dir='ltr'><strong>ID.</strong></span> 
     </span>
    </p>
   </div>
   <div class='ocr_carea' id='block_1_118' title="bbox 2200 5615 3641 5756">
    <p class='ocr_par' dir='ltr' id='par_1_118' title="bbox 2200 5615 3641 5756">
     <span class='ocr_line' id='line_1_120' title="bbox 2200 5615 3641 5756; baseline 0.012 -90"><span class='ocrx_word' id='word_1_894' title='bbox 2200 5615 2319 5756; x_wconf 38' lang='grc' dir='ltr'><strong>ξω)</strong></span> <span class='ocrx_word' id='word_1_895' title='bbox 2366 5619 2700 5696; x_wconf 52' lang='grc' dir='ltr'>Τρρφῶντα.</span> <span class='ocrx_word' id='word_1_896' title='bbox 2752 5620 3025 5677; x_wconf 89' lang='grc' dir='ltr'>Βασιλέων</span> <span class='ocrx_word' id='word_1_897' title='bbox 3052 5620 3177 5680; x_wconf 90' lang='lat' dir='ltr'><strong>add.</strong></span> <span class='ocrx_word' id='word_1_898' title='bbox 3205 5622 3330 5679; x_wconf 85' lang='lat' dir='ltr'><strong>cod.</strong></span> <span class='ocrx_word' id='word_1_899' title='bbox 3363 5621 3543 5683; x_wconf 88' lang='lat' dir='ltr'><strong>Oxon.</strong></span> <span class='ocrx_word' id='word_1_900' title='bbox 3573 5628 3641 5683; x_wconf 78' lang='lat' dir='ltr'><strong>In.</strong></span> 
     </span>
     <span class='ocr_line' id='line_1_121' title="bbox 2233 5683 2979 5756; baseline 0.015 -18"><span class='ocrx_word' id='word_1_901' title='bbox 2233 5683 2321 5756; x_wconf 74' lang='grc'><strong>41)</strong></span> <span class='ocrx_word' id='word_1_902' title='bbox 2366 5690 2574 5741; x_wconf 66' lang='lat' dir='ltr'><strong>Tanta.</strong></span> <span class='ocrx_word' id='word_1_903' title='bbox 2622 5690 2853 5745; x_wconf 77' lang='grc' dir='ltr'>Ταύτην.</span> <span class='ocrx_word' id='word_1_904' title='bbox 2902 5691 2979 5751; x_wconf 82' lang='lat' dir='ltr'><strong>In.</strong></span> 
     </span>
    </p>
   </div>
   <div class='ocr_carea' id='block_1_119' title="bbox 2233 5683 2979 5765">
    <p class='ocr_par' dir='ltr' id='par_1_119' title="bbox 2233 5683 2979 5765">
     <span class='ocr_line' id='line_1_122' title="bbox 2233 5683 2979 5765; baseline 0.015 -27"><span class='ocrx_word' id='word_1_905' title='bbox 2233 5683 2321 5757; x_wconf 74' lang='grc'><strong>41)</strong></span> <span class='ocrx_word' id='word_1_906' title='bbox 2366 5683 2574 5741; x_wconf 71' lang='grc' dir='ltr'>Ταῦτα.</span> <span class='ocrx_word' id='word_1_907' title='bbox 2622 5690 2853 5765; x_wconf 79' lang='grc' dir='ltr'>Ταύτην.</span> <span class='ocrx_word' id='word_1_908' title='bbox 2902 5691 2979 5751; x_wconf 82' lang='lat' dir='ltr'><strong>In.</strong></span> 
     </span>
    </p>
   </div>
  </div>
