3830 6216
184 382 325 437 H35

1395 363 1917 422 TESTAMENTUM
1952 359 2227 419 JOSEPH.

3296 348 3432 404 1134

177 496 419 565 δουλείᾳ,
462 494 495 564 ἢ
527 492 857 562 συκοφαντίᾳ
886 490 1018 562 (42),
1041 489 1242 560 Κύριος
1269 490 1296 539 6
1322 490 1378 540 tv
1405 486 1552 557 αὐτῷ
1579 501 1751 537 κατοι-

1864 484 2110 546 vitutem,
2142 481 2227 535 vel
2264 475 2619 540 calumniam,
2656 468 2918 527 Dominus
2953 472 3044 541 qut
3086 469 3141 523 in
3182 468 3301 538 ipso
3331 469 3427 523 has

176 588 317 651 κῶν,
358 586 446 639 διὰ
483 586 588 658 τὴν
621 584 973 655 σωφροσύνην
1018 584 1077 635 οὑ
1123 582 1280 652 μόνον
1325 582 1388 633 ἐκ
1427 578 1535 632 τῶν
1574 575 1756 630 κακῶν

176 678 391 750 ῥύεται,
426 676 561 730 ἀλλὰ
586 678 681 730 καὶ
718 676 860 745 ὑψοῖ,
900 675 993 728 καὶ
1017 672 1227 739 δοξάζει
1268 670 1450 732 αὑτὸν,
1475 669 1551 731 ὡς
1589 663 1753 737 κάμέ.

174 771 408 834 Πάντως
433 768 542 840 γὰρ
573 769 601 822 6
628 768 932 838 ἄνθρωπος,
959 766 993 836 ἢ
1020 769 1076 818 ἐν
1104 765 1267 836 ἔργῳ,
1306 763 1338 833 ἢ
1368 764 1425 814 ἐν
1452 760 1613 830 λόγῳ,
1642 759 1674 829 ἢ
1702 761 1757 812 ἐν

173 862 390 934 διανοίᾳ
430 860 745 931 συνέρχεται
774 858 906 931 (45).
933 857 1292 911 Γινώσκουσιν
1317 857 1364 907 οἱ
1388 852 1603 922 ἀδελφοί
1634 867 1754 921 μου,

175 956 299 1018 πῶς
326 953 579 1023 ἠγάπησέ
610 969 676 1023 με
714 954 742 1005 6
770 951 954 1021 πατήρ
994 968 1094 1021 μου
1119 967 1131 979 ·
1178 950 1272 1002 καὶ
1299 949 1394 1012 οὐχ
1425 946 1559 1015 ὑψοῦ
1568 962 1672 1016 μην
1700 945 1756 996 ἐν

172 1051 246 1119 τῇ
274 1047 471 1118 καρδίᾳ
512 1063 612 1116 μου
636 1062 649 1075 ’
681 1044 881 1113 καίπερ
919 1044 1108 1115 νήπιος
1150 1040 1245 1105 ῶν,
1288 1036 1432 1111 εἶχον
1466 1038 1556 1091 τὸν
1595 1036 1757 1107 φόϐον

174 1141 275 1193 τοῦ
323 1139 457 1193 Θεοῦ
504 1141 563 1191 ἐν
608 1141 673 1209 τῇ
723 1136 933 1206 διανοίᾳ
988 1151 1119 1205 μου·
1202 1131 1350 1203 ¹ᾔδειν
1395 1131 1524 1203 γὰρ,
1572 1130 1653 1183 ὅτι
1688 1128 1757 1182 τὰ

176 1233 361 1286 πάντα
406 1229 840 1301 παρελεύσεται,
888 1228 981 1280 καὶ
1027 1226 1288 1296 ἐμέτρουν
1342 1223 1608 1294 ἐμαυτὸν,
1665 1222 1757 1273 καὶ

174 1320 399 1391 ἐτίμουν
424 1321 550 1383 τοὺς
578 1318 840 1388 ἀδελφούς
871 1334 992 1389 μου.
1022 1316 1133 1370 Καὶ
1158 1315 1245 1369 διὰ
1269 1315 1358 1369 τὸν
1381 1313 1541 1383 φόϐον
1579 1313 1757 1365 αὐτῶν

174 1411 445 1465 ἐσιώπουν
468 1411 929 1482 πιπρασκόμενος,
960 1408 1033 1480 μὴ
1060 1410 1234 1461 εἰπεῖν
1255 1407 1366 1470 τοῖς
1395 1404 1757 1476 Ἱσμαηλίταις

174 1502 241 1554 τὸ
266 1502 421 1569 γένος
452 1519 573 1572 μου,
618 1502 698 1553 ὅτι
722 1500 837 1564 υίός
872 1502 987 1571 εἰμι
1027 1498 1240 1563 Ἰακὼϐ,
1289 1497 1479 1568 ἀνδρὸς
1522 1494 1754 1567 μεγάλου

174 1596 272 1648 καὶ
292 1594 539 1648 δυνατοῦ.

248 1689 349 1740 ΙΑ’.
376 1708 394 1738 ι
428 1690 535 1741 Καὶ
558 1689 716 1759 ὑμεῖς
742 1682 834 1741 οῦν
857 1687 1007 1759 ἔχετε
1032 1688 1089 1741 ἐν
1116 1683 1308 1758 πράξει
1350 1684 1504 1755 ὑμῶν
1526 1685 1616 1737 τὸν
1645 1684 1754 1753 (44)

170 1777 271 1832 τοῦ
312 1778 448 1831 Θεοῦ
496 1780 679 1848 φόϐον,
723 1781 818 1833 καὶ
860 1781 1055 1850 τιμᾶτε
1100 1779 1227 1841 τοὺς
1265 1777 1527 1845 ἀδελφοὺς
1578 1776 1783 1846 ὑμῶν.,

172 1872 293 1934 Πᾶς
329 1870 437 1941 γὰρ
475 1870 505 1922 6
542 1871 708 1924 ποιῶν
748 1870 908 1942 νόμον
947 1871 1174 1941 Κυρίου,
1214 1867 1623 1938 ἀγαπηθήσεται
1663 1868 1755 1918 ὑπ’

172 1959 363 2013 αὐτοῦ.
438 1959 635 2012 Ἐλθὼν
696 1955 789 2013 οῦν
850 1961 931 2024 εἰς
992 1958 1381 2021 ’ῐνδοκολπίτας
1446 1957 1583 2028 μετὰ
1646 1956 1754 2009 τῶν

184 2036 565 2123 Ἰσμαηλιτῶν,
612 2052 855 2123 ἠρώτουν
902 2069 969 2122 με
997 2066 1008 2079 ”
1051 2050 1205 2119 κάγὼ
1248 2045 1418 2112 εἷπον,
1456 2050 1534 2101 ὅτι
1572 2048 1754 2112 δοῦλός

170 2146 292 2213 εἰμι
336 2143 394 2209 ἐξ
436 2143 606 2208 οἴκου,
649 2144 737 2197 ἵνα
780 2144 853 2215 μὴ
896 2143 1135 2213 αἰσχύνω
1172 2142 1296 2205 τοὺς
1339 2140 1598 2209 ἀδελφούς
1631 2158 1751 2211 μου.

169 2236 339 2304 Λέγει
378 2236 435 2289 δέ
481 2254 569 2308 μοι
615 2239 643 2290 6
670 2236 873 2307 μείζων
921 2235 1133 2288 αὐτῶν·
1179 2253 1198 2286 ι
1226 2235 1297 2288 Οὐ
1339 2228 1389 2287 εἷ
1426 2232 1629 2296 δοῦλος,
1675 2234 1755 2285 ότι

171 2327 270 2379 καὶ
298 2330 332 2398 ἡ
351 2328 471 2397 όψις
500 2346 593 2382 σου
620 2328 768 2399 δηλοῖ
792 2328 916 2399 περὶ
952 2325 1045 2380 σοῦ
1065 2344 1079 2356 ·
1109 2346 1126 2377 ι
1175 2328 1272 2378 καὶ
1296 2324 1506 2395 ἠπείλει
1536 2343 1624 2397 μοι
1651 2324 1755 2390 ἕως

170 2419 435 2473 θανάτου.
501 2419 640 2488 Ἐγὼ
682 2420 739 2473 δέ
783 2419 987 2488 ἔλεγον,
1036 2419 1115 2472 ὅτι
1164 2417 1348 2482 δοῦλος
1396 2418 1572 2473 αὐτῶν
1616 2420 1750 2489 εἰμι.

183 2507 276 2571 Ὠς
314 2508 370 2561 δὲ
406 2508 639 2580 ἧλθομεν
682 2511 761 2572 εἰς
785 2508 1078 2577 Αἴγυπτον,
1118 2509 1245 2580 περὶ
1289 2507 1423 2579 ἐμοῦ
1468 2511 1750 2580 ἐμάχοντο,

168 2598 259 2661 τίς
304 2601 573 2670 προσδοὺς
612 2602 832 2673 χρυσίον
872 2602 1011 2675 λάϐῃ
1054 2619 1141 2672 με.
1193 2600 1333 2673 Διότι
1378 2603 1539 2655 πᾶσιν
1579 2601 1754 2667 ἔδοξεν

170 2686 319 2743 εἷναί
371 2709 439 2761 με
490 2694 570 2755 είς
614 2692 885 2761 Αἴγυπτον
944 2694 1079 2766 πρὸς
1141 2676 1433 2764 μετάϐολον
1486 2694 1754 2765 ἐμπορίας

170 2783 375 2847 αὐτῶν,
410 2784 514 2848 ἕως
543 2786 910 2855 ἐπιστρέψωσι
956 2786 1212 2856 φέροντες
1266 2785 1553 2856 ἐμπορίαν.
1583 2784 1697 2839 Καὶ
1726 2787 1753 2837 ό

172 2874 379 2945 Κύριος
404 2874 571 2929 ἔδωκέ
607 2894 695 2947 μοι
723 2877 880 2947 χάριν
905 2878 962 2929 ἐν
991 2876 1286 2947 ὀφθαλμοῖς
1312 2877 1404 2930 τοῦ
1436 2876 1750 2948 μεταϐόλου,

170 2967 269 3019 καὶ
309 2967 593 3020 ἐπίστευσέ
640 2986 727 3038 μοι
769 2969 861 3022 τὸν
904 2965 1049 3022 οἷκον
1090 2969 1276 3025 αὐτοῦ.
1315 2972 1424 3023 Καὶ
1464 2970 1755 3041 εὐλόγησεν

171 3058 337 3111 αὐτὸν
372 3062 400 3111 6
422 3058 623 3129 Κύριος
647 3062 704 3112 ἐν
732 3061 871 3131 χειρί
903 3078 1001 3131 μου
1020 3101 1033 3124 ,
1064 3060 1158 3114 καὶ
1192 3060 1486 3132 ἐπλήθυνεν
1512 3061 1671 3115 αὐτὸν
1698 3063 1755 3115 ἐν

1784 1824 1827 1879 Β

1860 576 2018 636 bitat,
2064 581 2284 643 propter
2326 570 2629 624 castitatem
2665 582 2772 621 non
2804 564 2982 619 solum
3024 578 3053 615 a
3086 560 3244 615 malis
3290 560 3429 614 libe-

1860 678 1967 731 rat,
1995 666 2086 721 sed
2118 677 2171 720 et
2197 664 2401 719 exaltat
2430 671 2483 716 et
2512 661 2778 731 glorificat
2807 657 3009 727 ipsum,
3039 654 3185 709 sicut
3230 664 3285 709 et
3318 670 3423 709 me.

1859 758 2095 814 Omnino
2138 757 2283 811 enim
2335 756 2521 819 homo,
2561 753 2645 807 vel
2689 752 2743 805 in
2794 766 2978 820 opere,
3023 748 3107 803 vel
3154 750 3209 803 in
3236 749 3424 813 verbo,

1859 854 1943 907 vel
1991 853 2045 905 in
2091 848 2424 921 cegitatione
2465 846 2796 901 continetur.
2842 842 3194 913 Cognoscunt
3231 843 3428 896 fratres

1860 947 1988 1011 mei,
2032 944 2264 1014 qualiter
2292 940 2481 995 dilexit
2512 956 2598 993 me
2636 946 2788 1008 pater
2824 952 3010 991 meus:
3046 944 3099 989 et
3140 951 3247 989 non
3278 937 3429 989 exal-

1859 1051 2004 1096 tatus
2044 1054 2165 1093 sum
2207 1038 2262 1090 in
2301 1036 2463 1091 corde
2501 1049 2657 1096 meo;
2690 1031 2940 1101 quamvis
2970 1045 3104 1099 puer
3132 1030 3423 1094 cxsistens,

1859 1131 2127 1186 habebam
2160 1129 2409 1182 timorem
2442 1124 2537 1178 Dei
2574 1124 2629 1177 in
2671 1132 2850 1177 mente
2892 1138 3033 1175 mea.
3082 1117 3227 1175 Scivi
3255 1122 3423 1189 enim,

1859 1221 2005 1293 quod
2052 1220 2234 1275 omnia
2287 1217 2617 1283 transibunt,
2667 1224 2721 1269 et
2763 1212 3085 1268 moderabar
3132 1213 3424 1282 meipsum,

1858 1322 1912 1368 et
1949 1311 2283 1367 honorabant
2336 1307 2532 1362 fratres
2569 1320 2751 1371 meos;
2796 1315 2849 1359 et
2895 1311 3114 1373 propter
3171 1300 3423 1357 timorem

1858 1424 2049 1465 eorum
2099 1406 2226 1463 silui
2264 1400 2539 1468 venditus,
2584 1412 2645 1457 ut
2696 1417 2807 1455 non
2850 1400 3088 1454 dicerem
3138 1396 3426 1453 lsmaelitis

1858 1518 2029 1575 genus
2066 1515 2271 1567 meum,
2308 1497 2454 1569 quod
2486 1495 2629 1550 filius
2666 1510 2841 1550 essem
2870 1487 3057 1558 Jacob,
3095 1491 3198 1546 viri
3244 1494 3426 1563 magni

1859 1610 1912 1652 et
1934 1595 2191 1667 potentis.

1928 1690 2021 1744 X1.
2070 1708 2088 1740 ι
2123 1687 2188 1742 Ει
2215 1701 2314 1741 vos
2342 1686 2508 1755 igitur
2531 1683 2726 1738 habete
2770 1681 2825 1735 in
2867 1688 2990 1736 actu
3019 1688 3203 1735 vestro
3230 1677 3323 1732 Dei
3361 1677 3431 1731 ti-

1859 1799 2091 1848 morem,
2136 1790 2189 1836 et
2228 1780 2492 1834 honorate
2540 1777 2736 1832 fratres
2773 1782 3007 1829 vestros.
3053 1771 3243 1828 Omnis
3282 1772 3431 1826 enim

1856 1880 1950 1949 qui
1980 1878 2110 1931 facit
2138 1877 2309 1947 legem
2342 1872 2463 1939 Dei,
2494 1871 2751 1941 diligetur
2776 1870 2843 1923 ab
2884 1870 3024 1938 ipso.
3056 1866 3295 1921 Veniens
3326 1865 3431 1935 igi-

1856 1980 1946 2022 tur
1992 1966 2059 2020 ad
2102 1962 2469 2031 lndocolpitas
2504 1976 2629 2014 cum
2678 1959 2984 2022 lsmaelitis,
3024 1956 3435 2027 interrogabant

1858 2080 1980 2120 me:
2014 2072 2067 2118 et
2098 2076 2198 2133 ego
2227 2060 2495 2125 dicebam,
2536 2056 2683 2127 quod
2723 2070 2916 2111 servus
2943 2066 3120 2108 essem
3155 2067 3220 2106 ex
3243 2052 3430 2116 domo,

1856 2164 1917 2209 ut
1954 2170 2061 2209 non
2103 2149 2497 2208 confunderem
2538 2146 2736 2201 fratres
2768 2160 2939 2199 meos.
2975 2141 3117 2196 Dicit
3137 2156 3268 2196 vero
3294 2141 3432 2195 mihi

1856 2247 2034 2316 major
2074 2259 2303 2300 eorum:
2343 2262 2360 2293 ι
2397 2240 2517 2295 Non
2556 2254 2616 2295 es
2646 2253 2859 2303 servus,
2891 2232 3153 2305 quoniam
3191 2243 3245 2287 et
3272 2248 3433 2302 aspe-

1856 2347 1978 2395 ctus
2026 2346 2156 2391 tuus
2207 2333 2447 2390 ostendit
2484 2332 2550 2386 de
2593 2339 2676 2396 te;
2709 2348 2728 2381 ›
2785 2337 2839 2381 et
2877 2328 3117 2381 minatus
3167 2335 3251 2379 est
3292 2325 3431 2379 mihi

1856 2445 2034 2502 usque
2064 2428 2132 2483 ad
2159 2435 2413 2483 mortem.
2466 2422 2580 2493 Ego
2609 2436 2738 2475 vero
2765 2420 3034 2484 dicebam,
3062 2418 3206 2487 quod
3239 2431 3431 2473 servus

1834 2524 2102 2594 'ipsorum
2144 2534 2342 2575 essem.
2403 2514 2471 2570 Ut
2510 2523 2690 2568 autem
2741 2512 2990 2567 venimus
3030 2511 3085 2563 in
3109 2502 3427 2579 Egyptum,

1857 2614 1923 2668 de
1955 2627 2043 2666 me
2074 2608 2457 2669 decertabant,
2507 2603 2631 2673 quis
2672 2601 2878 2655 addens
2922 2594 3238 2653 thesaurum
3286 2594 3431 2648 acci-

1856 2710 2007 2773 peret
2034 2715 2141 2754 me.
2180 2697 2307 2752 Ideo
2333 2693 2538 2765 placuit
2576 2691 2855 2753 omnibus,
2886 2698 2947 2742 ut
2971 2700 3149 2741 essem
3184 2685 3238 2738 in
3262 2681 3433 2753 [Egy-

1856 2803 1951 2865 pto
1978 2792 2121 2863 apud
2152 2788 2550 2861 negotiatorem
2600 2779 2989 2853 negotiationis
3029 2778 3298 2847 ipsorum,
3338 2790 3432 2827 us-

1857 2864 2075 2958 quequo
2132 2890 2536 2941 reverterentur
2578 2877 2815 2931 ferentes
2861 2873 3308 2945 negotiationem.
3365 2864 3431 2922 Et

1857 2980 2123 3035 Dominus
2163 2976 2313 3032 dedit
2342 2973 2475 3029 mihi
2501 2971 2729 3043 gratiam
2763 2969 2817 3022 in
2849 2966 3021 3023 oculis
3050 2964 3426 3035 negotiatoris,

1857 3083 1912 3129 et
1944 3072 2177 3127 credidit
2206 3069 2343 3124 mihi
2372 3068 2597 3122 domum
2630 3078 2809 3118 suam.
2844 3058 2909 3116 Et
2934 3058 3212 3115 benedixit
3240 3057 3289 3112 ei
3320 3056 3430 3110 Do-

169 3152 423 3221 ἀργυρίῳ
462 3153 556 3205 καὶ
599 3151 835 3223 χρυσίῳν
884 3153 978 3205 καὶ
1027 3153 1174 3223 ἤμην
1221 3153 1337 3224 μετ’
1376 3153 1539 3207 αὑτοῦ
1579 3153 1751 3224 μῆνας

1861 3168 2040 3222 minus
2086 3163 2143 3218 in
2186 3177 2351 3217 manu
2391 3176 2535 3226 mea,
2580 3166 2635 3213 et
2672 3154 2915 3226 implevit
2959 3168 3084 3207 eum
3126 3159 3350 3222 argento
3376 3159 3430 3205 et

168 3243 342 3310 τρεῖς,
374 3242 467 3295 καὶ
493 3241 705 3313 ἡμέρας
734 3242 916 3295 πέντε.

243 3425 346 3477 IB'.
394 3444 412 3475 ι
448 3426 582 3478 Κατ’
610 3427 818 3479 ἐκεῖνον
850 3426 908 3478 δὲ
948 3426 1040 3478 τὸν
1068 3426 1257 3496 καιρὸν
1298 3423 1498 3499 παρῄει
1537 3428 1569 3496 ὴ
1599 3426 1756 3499 Μεμ-

170 3518 274 3587 φία
302 3518 412 3589 (45)
445 3518 580 3589 γυνὴ
615 3518 709 3571 τοῦ
747 3517 985 3587 Πετεφρὶ
1014 3518 1122 3587 (46)
1164 3518 1301 3588 μετὰ
1338 3518 1493 3589 δόξης
1531 3519 1751 3590 πολλῆς,

170 3610 269 3661 καὶ
316 3609 580 3662 ἐπέϐαλεν
618 3610 705 3662 ἐπ’
748 3610 849 3679 ἐμὲ
890 3609 1019 3672 τοὺς
1072 3608 1386 3679 ὀφθαλμοὺς
1429 3610 1596 3680 αὐτῆς
1621 3626 1633 3639 ’
1673 3611 1753 3663 ὅτι

169 3698 326 3756 εἷπον
350 3702 487 3773 αὐτῇ
514 3703 563 3754 οἱ
592 3702 840 3772 εὐνοῦχοι
865 3702 993 3773 περὶ
1016 3701 1170 3772 ἐμοῦ.
1196 3703 1306 3755 Καὶ
1332 3702 1478 3771 λέγει
1503 3701 1580 3772 τῷ
1603 3703 1754 3774 ἀνδρὶ

167 3795 344 3864 αὐτῆς
387 3794 513 3867 περὶ
554 3793 648 3847 τοῦ
680 3794 995 3865 μεταϐόλου,
1027 3795 1112 3847 ὅτι
1148 3794 1483 3865 ἐπλούτησεν
1525 3795 1583 3847 ἐν
1610 3796 1753 3866 χειρὶ

169 3886 294 3940 νέου
343 3887 485 3950 τινὸς
545 3886 795 3957 Ἐϐραίου
820 3904 832 3915 ·
896 3886 1114 3954 λέγουσι
1158 3886 1215 3940 δέ
1240 3927 1253 3951 ,
1305 3888 1387 3939 ὃτι
1444 3889 1537 3940 καὶ
1579 3886 1750 3957 κλοπῇ

169 3982 409 4053 ἔκλεψαν
458 3985 620 4037 αὐτὸν
667 3987 731 4038 ἐκ
780 3987 881 4056 γῆς
930 3986 1168 4041 Χαναὰν.
1226 3984 1339 4038 Νῦν
1389 3980 1482 4047 οῦν
1530 3983 1752 4055 ποίησον

172 4075 294 4145 μετ’
331 4077 496 4129 αὑτοῦ
539 4078 742 4148 κρίσιν,
778 4080 872 4131 καὶ
913 4078 1113 4147 ἀφελοῦ
1145 4078 1234 4131 τὸν
1263 4078 1478 4131 νεανίαν
1501 4078 1580 4140 εἰς
1603 4078 1749 4129 οἰκο-

168 4170 337 4240 νόμον
377 4169 488 4241 (47)
535 4188 627 4224 σου
652 4189 665 4201 ·
712 4173 807 4224 καὶ
846 4171 1128 4243 εὐλογήσει
1174 4188 1232 4223 σε
1277 4173 1305 4223 6
1341 4172 1449 4225 τῶν
1488 4170 1751 4241 Ἐϐραίων

169 4260 325 4325 Θεὸς,
354 4261 436 4314 ὅτι
463 4263 621 4332 χάρις
648 4262 711 4314 ἐκ
734 4259 828 4314 τοῦ
851 4260 1082 4333 οὐρανοῦ
1112 4263 1257 4315 ἐστιν
1290 4263 1375 4313 ἐπ’
1402 4259 1564 4330 αὐτῷ.

242 4352 341 4404 ῙΓ’.
390 4371 408 4404 ι
467 4354 525 4406 '0
568 4354 625 4406 δέ
664 4355 932 4425 Πετεφρὶς
979 4353 1087 4424 (48)
1135 4354 1375 4417 πεισθεὶς
1419 4356 1530 4416 τοῖς
1572 4352 1751 4420 λόγοις

167 4442 363 4512 αὐτῆς,
407 4443 693 4497 ἐκέλευσεν
732 4444 966 4515 ἀχθῆναι
1000 4445 1092 4497 τὸν
1132 4444 1444 4515 μετάϐολον,
1485 4444 1577 4497 καὶ
1603 4444 1751 4511 λέγει

1856 3273 2029 3323 auro;
2061 3265 2116 3311 et
2143 3270 2295 3310 eram
2324 3268 2449 3309 cum
2477 3253 2595 3322 ipso
2626 3248 2908 3305 mensibus
2939 3246 3134 3311 tribus,
3156 3254 3211 3299 et
3235 3244 3429 3299 diebus

1854 3351 2115 3421 quinque.

1926 3440 2042 3496 ΧΠ.
2091 3460 2109 3492 ι
2154 3437 2465 3494 Secundum
2512 3436 2645 3491 illud
2698 3444 2913 3505 tempus
2967 3432 3219 3489 transivit
3258 3428 3427 3485 Mem-

1853 3530 2059 3600 phitica
2092 3528 2290 3582 mulier
2320 3526 2572 3595 Petephri
2601 3541 2726 3580 cum
2766 3520 2937 3595 gloria
2970 3523 3161 3585 multa,
3195 3530 3249 3575 et
3289 3521 3428 3590 inje-

1854 3626 1929 3680 cit
1958 3637 2121 3692 super
2148 3637 2236 3675 me
2263 3620 2452 3675 oculos
2480 3634 2643 3685 suos;
2677 3618 2938 3688 quoniam
2968 3616 3222 3671 dixerant
3251 3614 3299 3668 ei
3324 3628 3426 3667 eu-

1855 3717 2023 3772 nuchi
2076 3715 2144 3771 de
2188 3730 2297 3769 me.
2352 3712 2419 3767 Et
2455 3712 2588 3767 dicit
2635 3712 2758 3766 viro
2802 3696 2904 3765 suo
2951 3710 3018 3764 de
3068 3709 3426 3779 negotiatore,

1854 3809 2000 3879 quod
2038 3809 2240 3862 ditatus
2276 3813 2422 3861 esset
2455 3805 2511 3859 in
2549 3820 2713 3858 manu
2754 3803 2977 3873 juvenis
3006 3802 3289 3872 cujusdam
3321 3798 3427 3853 ile—

1852 3902 2028 3957 braai:
2068 3900 2258 3955 dicunt
2307 3912 2458 3964 vero,
2491 3896 2637 3966 quod
2677 3895 2826 3949 furto
2862 3894 3029 3949 furati
3074 3902 3258 3948 essent
3298 3907 3425 3946 eum

1853 3994 1922 4048 de
1952 4000 2093 4047 terra
2118 3990 2403 4045 Chanaan.
2434 3986 2589 4042 Nunc
2619 4001 2749 4056 ergo
2777 3984 2868 4040 fac
2896 4000 3023 4040 cum
3045 3999 3110 4038 eo
3132 3983 3424 4053 judicium,

1853 4094 1907 4141 et
1932 4084 2087 4139 aufer
2111 4084 2370 4153 juvenem
2414 4082 2469 4134 in
2493 4081 2927 4149 dispensatorem
2961 4086 3147 4141 tuum;
3183 4086 3234 4130 et
3260 4076 3423 4129 bene-

1852 4178 1995 4232 dicet
2020 4176 2116 4231 tibi
2144 4175 2287 4230 Deus
2310 4173 2682 4241 Hebraeorum,
2710 4171 2970 4242 quoniam
2994 4170 3163 4241 gratia
3190 4186 3255 4222 ex
3284 4167 3423 4222 coelo

1853 4277 1937 4325 est
1968 4269 2025 4322 in
2054 4268 2192 4337 ipso.

1926 4357 2069 4413 Xlll.
2119 4377 2138 4410 ι
2172 4354 2458 4427 Petephris
2504 4371 2631 4411 vero
2660 4369 2955 4425 persuasus
2984 4352 3165 4407 verbis
3222 4350 3418 4419 ipsius,

1849 4451 2015 4521 jussit
2044 4448 2238 4505 adduci
2270 4448 2686 4518 negotiatorem,
2714 4454 2769 4500 et
2789 4445 2923 4499 dicit
2948 4444 2997 4499 ei
3026 4460 3039 4495 :
3082 4461 3100 4493 ‹
3133 4441 3275 4507 Quid
3306 4441 3422 4496 haec

168 4534 319 4606 αὐτῷ
345 4552 358 4565 ο
396 4554 413 4586 ι
439 4536 503 4587 Τί
529 4536 701 4588 ταῦτα
728 4511 932 4601 ἀκούοι),
960 4537 1042 4589 ὅτι
1066 4511 1318 4600 κλέπτεις
1361 4536 1533 4607 ψυχὰς
1560 4537 1623 4589 ὲκ
1646 4537 1746 4607 γῆς

1861 4542 2040 4607 audio,
2084 4542 2231 4611 quod
2275 4539 2477 4595 furaris
2508 4537 2719 4591 animas
2761 4552 2828 4590 ex
2864 4548 3007 4590 terra
3042 4532 3418 4597 Hebraaorum,

183 4630 451 4700 Ἐϐραίων
478 4628 587 4699 (49)
614 4632 693 4693 είς
720 4631 915 4693 παῖδας
946 4629 1298 4701 μετεμπολῶν
1459 4645 1472 4693 ;
1505 4648 1522 4679 ι
1559 4628 1747 4681 Πεσὼν

168 4718 263 4775 οῦν
291 4722 383 4774 ἐπὶ
409 4722 697 4791 πρόσωπον
723 4720 887 4774 αὐτοῦ
929 4725 957 4775 6
986 4722 1300 4793 μετάϐολος,
1344 4722 1518 4774 ἐδέετο
1540 4721 1709 4790 λέγων
1728 4738 1739 4750 ·

176 4832 195 4862 ε
236 4812 438 4883 Δέομαί
492 4830 585 4866 σου
614 4852 628 4876 ,
672 4812 863 4883 κύριε,
910 4814 1011 4866 οὐκ
1051 4809 1167 4867 οῖδα
1211 4813 1240 4865 ὃ
1280 4812 1475 4881 λέγεις.
1526 4831 1544 4864 ι
1598 4812 1655 4865 Ὀ
1689 4813 1747 4865 δέ

170 4905 309 4975 ἔφη·
370 4924 389 4956 ι
422 4906 589 4960 Πόθεν
634 4901 725 4959 οὖν
780 4908 808 4959 ὁ
853 4908 981 4970 παῖς
1030 4924 1111 4960 σοι
1156 4909 1184 4959 6
1241 4905 1523 4977 Ἑϐραῖος;
1564 4924 1582 4956 ι
1637 4906 1746 4957 Καὶ

170 4993 355 5051 εἶπεν·
410 5018 426 5048 ι
458 5000 518 5051 Οί
559 4998 896 5069 Ἰσμαηλῖται
945 4999 1242 5069 παρέθεντό
1288 5016 1376 5069 μοι
1416 4999 1595 5061 αὑτὸν,
1640 4996 1743 5062 ἕως

245 5173 359 5245 (42)
418 5177 494 5231 ’Ἠ
530 5178 923 5245 συκοφαντίᾳ.
997 5174 1066 5229 Ἢ
1125 5178 1342 5239 σκότει,
1420 5178 1568 5231 addit
1617 5176 1741 5230 cod.

172 5242 350 5329 ogon;
379 5247 599 5329 omissis
637 5242 989 5316 sequentibus
1037 5262 1067 5301 a
1093 5247 1297 5314 Κύριος
1338 5263 1509 5317 usque
1538 5263 1742 5317 σωφρο-

174 5316 359 5386 σύνην.
397 5316 571 5369 ϐιιΑΒ.
1422 5316 1427 5317 ν

394 5386 771 5459 Συτζέρχεται.
802 5389 1090 5459 Συνέχεται
1114 5404 1220 5443 ms.
1253 5385 1405 5459 Trin.
1438 5386 1513 5441 in.

266 5387 355 5456 45)
394 5387 771 5454 Συνέρχεται.
802 5389 1090 5459 Συνέχεται
1114 5404 1220 5443 ms.
1253 5387 1405 5441 Trin.
1438 5387 1513 5441 In.

643 5458 808 5578 ἶῢῐξιῶν
842 5460 967 5512 τόν.
1018 5460 1175 5532 Πάσῃ
1216 5456 1411 5529 πράξει
1450 5457 1604 5528 ὑμῶν
1643 5458 1746 5529 πρὸ

169 5524 466 5596 ὀφθαλμῶν
499 5528 609 5587 τόν.
645 5524 720 5581 In.

170 5596 354 5721 in.(45)
392 5599 645 5667 Μεμφία.
673 5599 893 5663 Manet;
926 5602 959 5671 ἡ
992 5596 1319 5669 ἐλλακπίνη⁶
1342 5598 1435 5652 τοῦ
1452 5601 1743 5671 πεντεφρῆ.

207 5807 218 5819 _
247 5736 358 5819 (.46)
398 5740 668 5808 Πετεφρί.
718 5739 924 5819 l_ta__
944 5740 1037 5810 qui
1075 5741 1131 5795 in
1157 5738 1614 5819 Hebrzeo_dic_itur
1637 5740 1746 5794 Po-

178 5808 375 5878 tiphar,
420 5821 647 5866 vocatur
680 5828 709 5866 a
738 5811 878 5867 LXX
907 5808 1061 5885 juxta
1090 5812 1368 5884 exemplar
1396 5808 1743 5882 Vaticanum,

1828 5466 2005 5535 ⁴(50

1847 4638 1901 4691 in
1937 4636 2122 4706 pueris
2158 4633 2456 4689 vendendis
2491 4632 2649 4702 (50)?
2678 4648 2696 4682 ι
2730 4630 2944 4685 Cadens
2973 4630 3138 4698 igitur
3175 4626 3419 4697 negotia-

1846 4743 1932 4788 tor
1958 4734 2014 4786 in
2041 4731 2235 4785 faciem
2260 4744 2437 4795 suam,
2465 4727 2789 4797 precabatur
2811 4725 2999 4779 dicens
3022 4739 3035 4775 :
3068 4742 3086 4773 ι
3116 4719 3316 4774 Precor
3344 4729 3415 4785 te,

1846 4826 2088 4890 domine,
2117 4838 2226 4877 non
2252 4820 2379 4875 novi
2411 4819 2540 4889 quid
2566 4818 2721 4873 dicis.
2756 4837 2774 4869 ι
2816 4814 2907 4869 Ille
2926 4828 3054 4868 vero
3081 4813 3156 4866 ait
3184 4832 3195 4865 :
3231 4830 3247 4862 ι
3268 4808 3419 4865 Unde

1847 4918 2011 4988 igitur
2050 4917 2144 4970 tibi
2188 4930 2321 4983 puer
2348 4911 2651 4967 Hebraeus?
2680 4934 2698 4961 ι
2745 4909 2811 4963 Et
2847 4908 2986 4963 dixit
3023 4926 3035 4960 :
3080 4926 3097 4957 ι
3134 4904 3418 4959 lsmaelilze

1846 5009 2369 5063 commendaverunt
2407 5004 2539 5057 mihi
2583 5003 2784 5071 ipsum,
2825 5013 3110 5071 usquequo
3137 5004 3417 5051 revertanv

1845 5187 1951 5240 nisi
1982 5185 2126 5253 quod
2165 5185 2385 5255 ﬁloco‘t
2407 5182 2586 5255 habet.
2618 5178 2695 5255 In.

1938 5248 2025 5323 4'7)
2069 5248 2411 5323 Οὶκὸνόμον.
2444 5248 2623 5305 Οἷκον.
2648 5249 2733 5323 ᾼΙι).

1938 5320 2024 5393 48)
2063 5320 2366 5393 Πετεφρίς.
2398 5320 2731 5393 Πεντεφρῆς.
2762 5322 2838 5375 lo.

1940 5390 2028 5462 49)
2079 5390 2374 5462 Ἐϐρὶιῖων.
2404 5390 2642 5446 Χανάάν.
2680 5390 2757 5447 ID.

2070 5464 2134 5518 In
2170 5455 2345 5533 pueris
2390 5462 2689 5533 vendendis.
2758 5464 2823 5519 In
2853 5477 3038 5533 pueros
3065 5460 3310 5519 vendens,
3353 5455 3409 5509 id

1846 5532 1935 5594 est
1961 5532 2018 5589 in'
2046 5550 2233 5591 servos
2263 5535 2375 5587 sive
2406 5532 2661 5587 famulos.
2697 5533 2772 5587 In.

1916 5607 2023 5678 (51)
2067 5602 2484 5678 Ιιζετεμτολῶν.
2558 5601 2913 5678 Ἀπεμπολῶν
2969 5595 3169 5652 rectius
3194 5592 3411 5678 ‘legitur

1847 5679 1901 5734 in
1922 5664 2057 5733 ‘cod.
2085 5664 2259 5731 Oxon.
2291 5673 2476 5743 Neque
2505 5689 2649 5727 enim
2678 5664 2904 5743 verbum
2949 5664 3307 5742 μετεμπολάω
3352 5664 3408 5717 in

1847 5749 1958 5807 ullo
1983 5747 2246 5818 scriptore
2275 5742 2469 5815 legiSse
2502 5743 2743 5800 memini.
2768 5742 2844 5797 In.

1916 5256 1935 5467 Ξ

2006 5260 2028 5537 ἓ
