3830 6216
347 280 354 303 θ
434 263 577 319 1135

1407 266 1870 324 TESTAMENTA
1901 266 1995 322 XII
2029 266 2649 330 PATRIARCHARUM.

3586 268 3737 322 “56

360 368 361 371 “
446 395 557 437 tur.
593 399 612 433 ι
658 377 722 434 Et
760 393 870 435 non
918 379 1145 435 cr'edidit
1186 381 1272 447 ei;
1323 380 1416 435 sed
1464 382 1634 452 jussit
1678 383 1886 439 nudum
1933 383 2021 438 lla-

2135 378 2191 439 οὖ
2229 387 2616 459 ἐπιστρέψωσι.
2652 406 2669 439 ι
2718 388 2829 440 Kal
2870 385 2971 439 οὐκ
3008 384 3319 439 ἐπίστευσεν
3355 383 3513 455 αὐτῷ
3535 401 3550 414 °
3612 382 3738 434 ear

384 512 397 527 ,η
438 473 627 544 gellari
668 488 816 527 eum.
869 470 1187 529 Sustinente
1225 488 1355 528 vero
1395 489 1483 540 eo,
1532 475 1671 529 dixit
1695 474 2014 545 Petephris:

445 564 796 618 «Adducatur
826 564 1065 634 juvenis.
1095 585 1114 618 ι
1149 564 1215 620 Et
1244 566 1503 621 inductus
1533 566 1834 637 supplicavi
1866 567 2021 637 prin-

438 656 546 725 cipi
598 656 1019 724 cunuchorum;
1074 657 1269 712 tertius
1320 657 1465 712 enim
1518 658 1718 713 eratin
1759 659 2023 730 dignitate

438 744 581 816 apud
612 744 975 814 Pharaonem,
1042 748 1302 818 princeps
1331 749 1575 803 omnium
1619 750 2019 817 cunuchorum,

438 837 651 893 habens
682 853 905 903 uxores,
937 848 990 894 et
1012 840 1372 908 concubinas,
1406 849 1462 895 et
1484 840 1645 897 ﬁlios.
1675 841 1742 896 Et
1774 858 1899 897 eum
1936 859 2023 899 me

435 942 687 983 seorsum
734 928 1003 996 duxisset,
1038 931 1177 987 dixit
1214 948 1227 983 :
1270 950 1289 983 ι
1338 932 1541 989 Servus
1572 949 1653 1000 es,
1687 949 1754 988 an
1797 934 2015 989 liber?»

438 1028 493 1075 ct
514 1021 760 1076 dicebam
791 1040 805 1077 :
862 1042 881 1074 ι
915 1022 1137 1079 Servus.
1172 1044 1192 1078 ι
1228 1024 1295 1081 Et
1329 1025 1462 1081 dicit
1487 1026 1621 1080 mihi
1652 1046 1663 1081 :
1698 1046 1718 1079 ι
1753 1027 1925 1098 Cujus
1962 1044 2022 1083 es

439 1114 668 1170 servus?
696 1134 714 1166 ι
765 1113 833 1169 Ει
856 1115 978 1171 dico
1003 1117 1053 1171 ei
1102 1136 1113 1171 :
1156 1138 1173 1169 ‹
1205 1117 1621 1175 lsmaelitarum.
1654 1139 1673 1172 ι
1725 1120 1791 1176 Et
1817 1137 2023 1177 rursus

438 1204 578 1259 dixit
606 1205 741 1259 mihi
768 1222 781 1257 :
820 1224 839 1257 ι
876 1206 1124 1272 Qualiter
1154 1210 1402 1278 ipsorum
1440 1208 1619 1265 factus
1642 1226 1704 1267 es
1733 1214 1967 1268 servus?
1998 1232 2016 1265 ι

438 1295 508 1352 Et
534 1297 779 1353 dicebam
811 1318 824 1352 :
853 1316 870 1349 ι
903 1297 1171 1364 Quoniam
1206 1315 1271 1355 ex
1312 1310 1457 1356 terra
1483 1301 1741 1357 Chanaan
1771 1315 2023 1361 emerunt

440 1406 548 1447 me.
587 1389 722 1446 illle
749 1405 882 1446 vero
920 1406 1030 1447 non
1079 1393 1331 1457 credidit,
1367 1394 1555 1452 dicens
1588 1412 1601 1447 :
1637 1415 1654 1448 ι
1686 1395 1961 1465 Mentiris;
1997 1416 2016 1449 ι

439 1493 494 1539 ct
524 1484 734 1537 nudum
768 1484 935 1554 jussit
960 1499 1048 1539 me
1079 1484 1361 1556 ﬂagellari.

508 1574 648 1630 XIV.
720 1593 739 1625 ι
779 1575 1128 1644 Memphitica
1190 1592 1322 1632 vero
1389 1578 1525 1633 vidit
1574 1594 1669 1649 per
1707 1578 2008 1636 fenestram

442 1682 531 1723 me
575 1666 929 1739 ﬂagellatum,
966 1678 1022 1724 et
1049 1669 1217 1723 mittit
1242 1670 1309 1725 ad
1354 1670 1536 1725 virum
1578 1686 1761 1737 suum,
1788 1672 2015 1727 dicens:

2122 475 2373 529 ἐκέλευσε
2418 478 2621 548 γυμνὸν
2661 476 2957 531 τύπτεσθαι
2999 476 3181 529 αὐτόν.
3223 476 3627 547 Ἐπιμένοντος
3683 472 3740 524 δὲ

2122 569 2311 633 αὐτοῦ,
2362 569 2507 639 λέγει
2548 573 2577 623 ὁ
2602 570 2906 641 Πετεφρίςο
2968 588 2989 621 t
3030 569 3275 640 Ἀχϋήτω
3310 568 3425 641 (52)
3469 570 3503 621 6
3530 568 3732 621 νεανί-

2123 676 2272 723 σκος.
2305 680 2323 711 ι
2355 661 2465 715 Kal
2488 660 2759 731 εἰσαχθεὶς
2790 659 3170 732 προσεκύνησα
3194 657 3271 729 τῷ
3297 658 3731 731 ἀρχιευνούχῳ·

2121 752 2301 825 τρίτος
2325 751 2433 825 γὰρ
2458 749 2527 823 ἦν
2549 755 2607 807 ἐν
2628 753 2755 825 ἀξίᾳ
2782 752 2935 823 παρὰ
2955 750 3258 824 τῷΦαραὼ,
3286 751 3473 821 ἄρχων
3494 751 3738 805 πάντων

2121 842 2231 897 τῶν
2266 844 2555 915 εὐνούχων,
2585 844 2723 916 ἔχων
2769 848 3071 914 γυναῖκας,
3110 846 3204 900 καὶ
3244 844 3572 908 παλλακὰς,
3636 846 3739 896 καὶ

2120 934 2308 989 τέκνα.
2338 937 2450 989 Καὶ
2473 936 2803 1008 διαχωρίσας
2828 954 2898 1008 με
2920 938 3016 990 ἀπ’
3057 936 3243 1001 αὐτοῦ,
3273 933 3395 989 εἷπε
3412 952 3427 965 ·
3472 955 3493 987 ι
3518 929 3737 999 Δοῦλος

2122 1021 2264 1097 εί,’ἢ
2290 1026 2605 1099 ἐλεύθερος;
2640 1046 2658 1080 ›
2708 1030 2803 1083 καὶ
2840 1025 3026 1083 εἷπον·
3062 1048 3080 1080 ι
3107 1029 3320 1092 Δοῦλος.
3349 1047 3369 1081 ι
3410 1030 3531 1083 Kal
3568 1029 3734 1097 λέγει

2124 1122 2261 1193 πρός
2292 1140 2359 1193 με
2384 1140 2397 1153 ·
2432 1142 2450 1173 ι
2478 1124 2637 1188 Τίνος
2660 1119 2709 1177 εἶ
2730 1123 2949 1189 δοῦλος;
2985 1143 3004 1175 ι
3051 1123 3144 1176 καὶ
3169 1122 3309 1191 λέγω
3334 1121 3491 1192 αὐτῷ
3514 1139 3529 1152 ·
3568 1121 3733 1174 «Τῶν

2136 1216 2511 1288 Ἰσμαηλιτῶν.
2544 1236 2563 1269 ι
2612 1218 2725 1272 Kal
2767 1218 2927 1272 πάλιν
2970 1216 3117 1285 λέγει
3161 1232 3281 1286 μοι·
3322 1215 3483 1278 «Πῶς
3525 1215 3729 1268 αὐτῶν

2124 1306 2311 1376 ἐγένου
2355 1307 2576 1375 δοῦλος;
2611 1326 2629 1362 ι
2682 1309 2779 1363 καὶ
2812 1306 2964 1362 εἷπον
2987 1325 3001 1337 ·
3040 1326 3058 1358 ι
3086 1308 3208 1360 Ὀτι
3249 1306 3313 1360 ἐκ
3353 1306 3460 1376 γῆς
3489 1304 3727 1358 Χαναὰν

2122 1398 2381 1471 ἐπρίαντό
2411 1416 2500 1471 με.
2548 1419 2567 1451 ι
2590 1400 2649 1452 ὐ
2672 1400 2729 1453 δὲ
2751 1400 3045 1471 ἠπίστησε,
3085 1398 3281 1466 λέγων,
3310 1397 3394 1450 ὅτι
3445 1415 3468 1448 r
3506 1397 3742 1470 ψεύδῃ»

2123 1490 2219 1543 καὶ
2242 1490 2445 1562 γυμνὸν
2472 1490 2724 1544 ἐκέλευσέ
2754 1488 3164 1561 μειτύπτεσθαι.

2197 1584 2415 1637 1Δ’.(”Η
2452 1583 2510 1637 δὲ
2533 1582 2755 1654 Μέμφις
2799 1581 2947 1653 ἐώρα
2982 1582 3074 1635 διὰ
3110 1581 3323 1653 θυρίδος
3368 1580 3725 1651 τυπτομένου

2128 1691 2252 1745 μου,
2280 1673 2377 1728 καὶ
2408 1673 2726 1727 ἀποστέλλει
2754 1674 2893 1746 πρὸς
2918 1673 3007 1727 τὸν
3030 1672 3198 1745 ἄνδρα
3225 1672 3416 1743 αὐτῆς,
3440 1672 3722 1740 λέγουσα·

446 1777 466 1809 ι
498 1756 768 1828 lnjustum
809 1769 894 1814 est
939 1759 1209 1829 judicium
1257 1769 1440 1826 tuum,
1482 1762 1745 1831 quoniam
1785 1772 1840 1818 et
1872 1763 2019 1818 furto

2135 1739 2385 1829 ι’Ᾱδικός
2426 1766 2575 1818 ἐστιν
2618 1766 2652 1835 ή
2680 1739 2863 1835 κρίσις
2905 1780 3019 1827 σου,
3047 1739 3145 1815 ὅτι-
3170 1763 3266 1815 καὶ
3298 1739 3391 1815 τον
3431 1739 3727 1815 κλαπέντα

441 1852 727 1922 abreptum
794 1853 1026 1909 liberum
1070 1854 1269 1923 punis,
1323 1864 1384 1909 ut
1426 1855 1629 1925 injuste
1692 1866 1966 1929 agentem.
1996 1876 2014 1909 ι

445 1942 546 1999 Ubi
601 1954 783 1999 autem
846 1960 962 1999 non
1013 1947 1343 2001 commutavi
1404 1948 1630 2001 verbum
1676 1947 2019 2018 ﬂagellatus,

440 2035 605 2105 jussit
647 2036 909 2091 custodiri
951 2051 1058 2104 me,
1090 2051 1377 2107 usquequo
1405 2038 1650 2104 veniant,
1678 2039 1778 2107 ait,
1814 2040 2022 2094 domini

442 2130 620 2199 pueri.
650 2128 718 2183 Et
746 2144 883 2183 uxor
910 2128 1029 2198 ejus
1053 2128 1187 2183 dicit
1214 2129 1263 2182 ei
1296 2146 1308 2181 :
1352 2147 1369 2179 ι
1400 2127 1627 2199 Propter
1654 2130 1785 2199 quid
1809 2129 2021 2185 detines

442 2222 721 2291 captivum
762 2220 1000 2275 nobilem
1045 2235 1299 2289 puerum,
1333 2235 1497 2289 quem
1548 2221 1793 2289 oportuit
1834 2222 2015 2291 magis

445 2315 601 2381 solvi,
634 2322 690 2370 et
717 2312 972 2369 famulari
1004 2312 1137 2367 tibi?
1170 2331 1189 2364 ι
1223 2311 1409 2367 Voluit
1450 2312 1596 2367 enim
1628 2327 1715 2368 me
1740 2313 1924 2367 videre
1965 2313 2020 2367 in

443 2410 715 2465 desiderio
754 2409 992 2480 peccati;
1044 2419 1099 2464 et
1144 2409 1464 2479 ignorabam
1509 2409 1576 2464 de
1608 2410 1867 2465 omnibus
1910 2409 2017 2465 his.

442 2502 536 2558 Ille
586 2518 717 2557 vero
768 2501 919 2563 dixit
981 2500 1387 2570 Memphitica:
1439 2521 1456 2553 ι
1502 2499 1622 2555 Non
1687 2502 1816 2557 licet
1877 2503 2020 2572 apud

442 2594 747 2665 Egyptios,
777 2603 902 2648 ante
935 2593 1308 2649 ostensionem
1370 2594 1572 2649 auferri
1610 2594 1809 2650 aliena.
1850 2614 1870 2648 ι
1907 2594 2023 2652 Hoc

445 2686 588 2742 dixit
612 2686 679 2741 de
706 2686 1078 2755 negotiatore;
1123 2693 1178 2740 et
1206 2686 1273 2740 de
1303 2701 1411 2754 me,
1442 2685 1705 2756 quoniam
1732 2686 1896 2741 debui
1937 2687 2015 2741 in-

447 2784 633 2837 clusus
661 2780 855 2833 teneri.

514 2868 806 2924 Χν.«Ροει
842 2869 1033 2940 viginti
1067 2885 1197 2925 vero
1237 2879 1293 2925 et
1332 2878 1572 2941 quatuor
1601 2872 1721 2927 dies
1755 2883 2024 2928 venerunt

444 2962 761 3031 lsmaeliue;
811 2970 865 3017 et
914 2963 1043 3032 quia
1093 2962 1433 3027 audiverant,
1464 2962 1611 3032 quod
1652 2961 1823 3018 Jacob
1867 2974 2022 3033 pater

445 3071 603 3111 meus
641 3054 892 3109 tristatur
921 3054 988 3109 de
1032 3069 1141 3120 me,
1182 3053 1441 3108 dixerunt
1469 3054 1643 3107 mihi:
1684 3073 1702 3105 ι
1741 3054 1881 3121 Quid
1914 3065 2020 3122 est,

444 3146 595 3216 quod
636 3144 826 3199 dixisti
861 3145 1098 3215 teipsum
1136 3160 1354 3200 servum
1385 3144 1546 3200 esse?
1571 3152 1624 3199 et
1656 3160 1784 3201 ecce
1812 3161 2019 3217 cogno-

444 3240 647 3305 vimus,
674 3237 821 3307 quod
855 3236 1002 3291 [ilius
1033 3225 1095 3291 es
1116 3235 1221 3289 viri
1251 3236 1431 3306 magni
1473 3237 1529 3291 in
1557 3245 1701 3293 terra
1724 3236 2016 3304 Chanaan;

446 3340 501 3387 et
536 3331 787 3387 tristatur
814 3329 881 3384 de
924 3337 976 3383 te
1002 3337 1157 3399 pater
1186 3342 1313 3383 tuus
1345 3329 1401 3383 in
1448 3345 1631 3387 sacco.
1662 3350 1681 3382 ι
1719 3328 1786 3385 Et
1826 3345 2021 3385 rursus

444 3421 593 3477 volui
642 3418 968 3489 laerymari,
1016 3426 1071 3472 et
1126 3417 1375 3472 continui
1433 3418 1739 3489 meipsum,
1796 3426 1858 3473 ut
1910 3435 2021 3473 non

444 3512 841 3569 confunderem
892 3510 1091 3565 fratres
1127 3525 1299 3565 meos.
1349 3508 1414 3563 Et
1465 3510 1577 3564 dixi
1613 3529 1626 3564 :
1664 3528 1683 3563 ι
1719 3511 1831 3583 Ego
1874 3510 2021 3566 istud

448 3623 558 3662 non
590 3607 751 3672 novi;
792 3621 982 3660 servus
1013 3619 1158 3659 sum.
1199 3622 1217 3656 ι
1267 3603 1421 3658 Tunc
1468 3604 1681 3659 inibant
1730 3604 2020 3660 consilium

447 3699 717 3754 vendendi
773 3712 894 3763 me,
952 3711 1020 3751 ne
1057 3696 1332 3751 invenirer
1386 3697 1441 3751 in
1497 3697 1752 3753 manibus
1805 3711 2017 3752 eorum.

449 3789 781 3845 Timuerunt
828 3787 974 3842 enim
1020 3785 1222 3853 Jacob,
1273 3802 1343 3841 ne
1394 3785 1600 3841 faceret
1645 3786 1698 3840 in
1731 3787 1813 3842 eis
1840 3786 2022 3842 vindi-

450 3893 593 3937 ctam
622 3879 874 3952 periculi.
926 3878 1189 3934 Auditum
1245 3891 1329 3935 est
1371 3880 1542 3944 enim,
1591 3880 1734 3949 quod
1790 3894 2024 3950 magnus

447 3982 597 4029 esset
642 3972 786 4042 apud
812 3970 1105 4027 Dominum
1145 3979 1199 4026 et
1242 3971 1512 4026 homines.
1558 3970 1715 4027 Tunc
1749 3972 1883 4027 dicit
1923 3988 2021 4027 ne-

451 4067 687 4138 gotiator
732 4064 851 4119 eis:
886 4082 904 4115 ι
949 4061 1155 4118 Solvite
1210 4078 1298 4118 me
1362 4079 1393 4117 a
1437 4063 1644 4134 judicio
1692 4062 1966 4135 Petephri.
1997 4084 2016 4116 ι

458 4158 799 4213 Accedentes
848 4156 1014 4225 igitur
1071 4155 1327 4224 petebant
1373 4170 1490 4219 me,
1539 4154 1821 4210 dicentes:
1872 4172 1891 4207 ι
1929 4154 2025 4209 Dic

446 4248 597 4319 quod
641 4256 865 4318 argento
909 4254 1124 4316 emptus
1165 4262 1223 4301 cs
1267 4262 1297 4299 a
1324 4246 1512 4314 nobis,
1565 4254 1619 4301 et
1660 4246 1751 4301 ille
1782 4247 2026 4303 absolvet

449 4354 574 4395 llos.
618 4359 635 4391 ι

518 4428 703 4484 XV|.¢
736 4428 1086 4499 Memphitica
1136 4442 1267 4481 vero
1320 4427 1560 4483 ostendit
1611 4428 1730 4483 viro
1784 4444 1913 4497 suo,
1962 4438 2024 4486 ut
2055 4449 2102 4509 ο

448 4530 656 4577 emeret
685 4536 773 4575 me
797 4537 811 4573 :
840 4541 858 4572 ‹
887 4520 1064 4574 Audio
1094 4520 1261 4583 enim,
1309 4519 1405 4585 ait,
1430 4520 1576 4588 quod
1614 4521 1857 4575 vendunt
1878 4538 2026 4576 eum.

451 4616 517 4670 Et
546 4616 698 4671 misit
734 4616 1049 4671 eunuchum
1078 4613 1145 4667 ad
1180 4612 1503 4682 lsmaelilas,
1535 4614 1633 4685 (et)
1664 4616 1818 4684 petiit
1844 4632 1933 4671 me
1966 4616 2022 4669 in

450 4706 856 4771 venditionem;
896 4715 948 4760 et
988 4719 1099 4759 non
1144 4703 1334 4758 volens
1388 4702 1568 4758 facere
1615 4720 1739 4760 cum
1773 4705 1853 4761 eis
1888 4703 2023 4775 (60),

520 4945 632 5082 (52)
672 4945 951 5013 Ἀχθήτω.
991 4944 1382 5017 Ἀποκριθήτω.
1412 4944 1580 4999 GRAB.

544 5016 610 5070 55
670 5015 1139 5082 Φυλακισθῆναι.
1187 5015 1545 5082 Φυλαχθῆναι.

544 5014 629 5087 55)
670 5015 1139 5087 Φυλακιιτθῆναι.
1166 5014 1545 5087 ψυλαχθῆναι.
1588 5014 1663 5069 ID.

478 5152 505 5173 τ
519 5086 629 5156 (54)

448 5174 541 5211 ουν
574 5157 643 5226 eq;

519 5226 611 5298 (55

542 5299 608 5353 56

611 4945 632 5156 ξ

675 5086 1014 5209 EgenlCod.
1050 5087 1229 5141 Oxon.
1284 5086 1375 5140 hic
1427 5087 1655 5142 inserit:
1693 5087 1802 5139 Kal
1835 5091 1863 5141 ὁ
1892 5091 2019 5153 παῖς

730 5173 798 5208 ει.
864 5172 916 5209 ι).

648 5172 798 5208 ειλει.
843 5172 916 5210 ΙΙ).

670 5226 863 5281 Πάλιν
894 5226 1132 5293 ἤθελον.
1175 5227 1323 5280 Πάνυ
1353 5226 1541 5281 θέλων.
1575 5225 1651 5281 In.

682 5297 1031 5367 'H‘rOde’Gn.
1072 5297 1366 5367 Ἐπράθης,
1412 5300 1652 5353 venditus
1680 5312 1752 5352 es.
1808 5296 1885 5351 ιι).

541 5366 630 5423 57)
680 5366 1031 5422 Ἀπέλυσεν.
1075 5366 1376 5419 Ἀπολύσει.
1407 5369 1487 5423 ID.

544 5436 631 5507 58)
682 5438 1102 5507 ’1σμιιηλίταις.
1150 5436 1350 5491 Statuit
1394 5450 1586 5492 auctor
1625 5447 1833 5503 noster,
1862 5436 2019 5493 Jose-

446 5508 617 5582 plnum
647 5509 929 5582 Ijutipharj
958 5508 1343 5582 ab‘lsmaelitis
1372 5509 1650 5582 venditum
1681 5524 1829 5582 esse.
1880 5508 2019 5582 Con-

449 5577 531 5637 tra
564 5580 629 5635 Β.
657 5580 877 5633 Salomo
902 5578 1087 5633 Jarchi
1117 5577 1562 5647 Josephumivult
1596 5579 1795 5647 saepius
1826 5578 2018 5632 vendi-

447 5662 588 5716 tum,
612 5654 849 5720 primum
884 5649 1198 5720 lsmaejitis,
1230 5648 1354 5701 inde
1379 5646 1715 5713 Madianitis,
1741 5660 1795 5703 et
1824 5650 1893 5703 ab
1927 5648 2015 5703 his

449 5718 665 5777 tandem
694 5719 1009 5789 Putipliaro.
1056 5718 1252 5773 Verum
1284 5733 1312 5771 a
1337 5720 1582 5788 partibus
1616 5720 1789 5785 nostri
1822 5729 2015 5775 aucto-

612 5234 631 5509 Ξ

518 5300 539 5511 ἒ

2124 1858 2410 1930 ἐλεύθερον
2454 1858 2737 1929 τιμωρεῖς,
2779 1858 2856 1922 ὡς
2901 1857 3255 1928 ἀδικήσαντα.
3294 1874 3314 1907 ι
3382 1856 3474 1918 Ὠς
3516 1856 3577 1908 δὲ
3625 1857 3727 1906 οὐκ

2124 1953 2329 2025 ήλλαξα
2352 1952 2443 2006 τὸν
2474 1952 2633 2021 λόγον
2668 1950 3028 2023 τυπτόμενος,
3076 1949 3328 2003 ἐκέλευσε
3372 1948 3727 2018 φυλακισθῆ-

2125 2044 2212 2097 ναί
2248 2043 2362 2115 (55)
2416 2061 2506 2114 με,
2550 2042 2655 2106 ἕως
2702 2036 2762 2096 οὐ
2802 2041 3015 2105 ἔλθωσι,
3060 2041 3247 2111 φησιν,
3299 2040 3347 2092 οἱ
3390 2039 3582 2111 κύριοι
3628 2037 3724 2091 τοῦ

2122 2134 2330 2199 παιδός.
2360 2136 2470 2189 Kal
2507 2137 2540 2207 ή
2570 2134 2706 2205 γυνὴ
2730 2134 2878 2203 λέγει
2904 2134 3039 2205 πρὸς
3071 2133 3232 2187 αὐτόν
3258 2152 3272 2165 ο
3305 2151 3324 2184 ι
3348 2132 3451 2186 Διὰ
3473 2131 3531 2184 τί
3562 2132 3724 2184 συνέο

2123 2244 2238 2298 χεις
2272 2227 2363 2280 τὸν
2403 2226 2745 2298 αἰχμάλωτον
2782 2226 2979 2296 εὐγενῆ
3018 2226 3217 2291 παῖδα,
3257 2225 3316 2279 ὃν
3357 2225 3465 2277 ἔδει
3515 2224 3727 2294 μᾶλλον

2122 2319 2310 2373 ἄνετον
2360 2315 2533 2384 εἶναι,
2574 2319 2670 2372 καὶ
2713 2318 3005 2391 ὑπηρετεῖν
3050 2335 3184 2382 σου;
3219 2336 3238 2369 ›
3288 2317 3447 2390 ἤθελε
3489 2318 3607 2388 γάρ
3656 2334 3726 2387 με

2122 2412 2255 2483 ὁρᾷν
2295 2410 2355 2464 ἐν
2383 2410 2535 2482 πόθῳ
2564 2410 2838 2482 ἁμαρτίας
2864 2426 2877 2440 ³
2924 2411 3018 2464 καὶ
3045 2411 3273 2481 ήγνόουν
3311 2411 3369 2463 ἐν
3408 2411 3549 2463 πᾶσι
3592 2409 3724 2461 τού-

2121 2516 2253 2562 τοις.
2295 2499 2353 2552 '0
2389 2499 2447 2553 δὲ
2484 2494 2605 2552 εἷπε
2644 2498 2783 2571 πρὸς
2818 2499 2919 2570 τὴν
2944 2499 3198 2569 Μέμφιν’
3234 2519 3252 2549 ε
3282 2500 3397 2553 Οὐκ
3434 2500 3558 2552 ἐστι
3588 2502 3725 2571 παρ’

2122 2592 2473 2660 Αἰγυπτίοις,
2524 2592 2629 2664 πρὸ
2664 2592 2991 2656 ἀποδείξεως
3053 2593 3404 2664 ἀφαιρεῖσθαι
3445 2593 3523 2645 τὰ
3566 2593 3727 2646 ἀλλό-

2121 2700 2267 2754 τρια.
2301 2702 2319 2735 ι
2361 2683 2547 2738 Ταῦτα
2590 2680 2711 2738 εἷπε
2754 2685 2887 2757 περὶ
2936 2677 3029 2738 τοῦ
3071 2685 3399 2755 μεταᾶἆλου,
3445 2685 3549 2738 καὶ
3591 2684 3724 2757 περὶ

2120 2776 2277 2847 ἐμοῦ,
2307 2778 2389 2830 ὅτι
2419 2776 2531 2849 (54)
2554 2778 2748 2847 δφειλα
2774 2776 3232 2846 ἐγκατακλειστος
3260 2774 3422 2831 εἶναι.

2192 2868 2323 2921 "'3'.t
2341 2867 2495 2921 Μετὰ
2542 2869 2599 2922 δὲ
2647 2868 2820 2922 εἴκοσι
2865 2870 3137 2941 τέσσαρας
3187 2869 3403 2940 ἡμέρας
3448 2864 3623 2940 ἦλθον
3667 2868 3719 2921 οἱ

2139 2956 2519 3030 Ἰσραηλῖται·
2562 2960 2657 3013 καὶ
2697 2960 3050 3025 ἀκούσαντες,
3096 2962 3178 3014 ὅτι
3218 2958 3415 3013 Ἰακὼὸ
3453 2962 3485 3012 ὁ
3530 2962 3720 3032 πατήρ

2128 3064 2229 3118 μου
2273 3048 2460 3101 πενθεῖ
2506 3049 2635 3119 περὶ
2689 3049 2843 3120 ἐμοῦ,
2892 3049 3077 3103 είπασι
3128 3051 3263 3121 πρὸς
3315 3066 3417 3119 με·
3444 3068 3489 3112 ,ι
3525 3050 3595 3101 Τί
3637 3051 3719 3102 ὅτι

2123 3134 2282 3203 εἴπας
2321 3140 2567 3204 σεαυτὸν,
2612 3140 2695 3194 ὅτι
2732 3139 2919 3204 δοῦλός
2955 3143 3103 3212 είμι;
3147 3142 3240 3194 καὶ
3284 3142 3395 3195 ίδού
3436 3141 3713 3213 ἔγνωμεν,

2120 3228 2203 3281 ὅτι
2244 3228 2357 3292 υἱὸς
2400 3224 2452 3281 εἴ
2489 3228 2679 3301 ἀνδρὸς
2721 3228 2955 3298 μεγάλου
2996 3230 3054 3282 ἐν
3093 3232 3160 3299 τῇ
3204 3232 3273 3301 γῇ
3305 3229 3558 3285 Χαναὰν.
3621 3229 3715 3283 καὶ

2122 3320 2309 3375 πενθεῖ
2329 3321 2456 3393 περὶ
2480 3320 2574 3374 σοῦ
2611 3321 2639 3372 ὁ
2665 3322 2847 3391 πατήρ
2874 3337 2965 3373 σου
3006 3321 3063 3374 ἐν
3091 3323 3297 3393 σάκκῳ.
3325 3340 3345 3373 ι
3399 3322 3518 3375 Kal
3542 3323 3709 3376 πάλιν

2122 3411 2310 3483 ήθελον
2328 3410 2439 3482 (55)
2453 3410 2737 3482 δακρῦσαι,
2752 3410 2979 3480 ἐπέσχον
2997 3410 3249 3481 ἐμαυτὸν,
3267 3411 3355 3464 ἵνα
3375 3412 3451 3483 μὴ
3470 3412 3717 3482 αίσχύνω

2122 3504 2248 3568 τοὺς
2264 3503 2523 3573 ἀδελφούς
2550 3520 2671 3574 μου.
2703 3503 2814 3556 Καὶ
2828 3498 2981 3557 εἶπον
3000 3523 3011 3534 ·
3026 3523 3044 3555 ι
3069 3502 3207 3572 Ἐγὼ
3232 3504 3331 3557 οὐκ
3354 3500 3476 3557 οἶδα
3494 3522 3509 3534 ·
3530 3505 3717 3570 δοῦλός

2123 3599 2258 3668 είμι.
2285 3616 2304 3649 ι
2336 3597 2468 3650 Τότε
2497 3595 2837 3668 βουλεύονται
2872 3596 3121 3667 πωλῆσαι
3150 3614 3238 3667 με,
3269 3597 3355 3650 ἵνα
3387 3598 3464 3668 μὴ
3500 3598 3717 3670 εὐρεθῶ

2123 3698 2181 3750 ἐν
2222 3696 2411 3767 χερσὶν
2454 3692 2651 3747 αὐτῶν.
2715 3691 3041 3760 Ἐφοῦοῧντο
3078 3691 3186 3764 γὰρ
3225 3691 3315 3745 τὸν
3372 3692 3597 3760 Ἰακὼϐ,
3626 3698 3715 3751 ἵνα

2128 3785 2201 3858 μὴ
2226 3785 2429 3856 ποιήσῃ
2469 3784 2527 3835 ἐν
2569 3783 2752 3845 αὐτοῖς
2790 3782 3070 3851 ἐκδίκησιν
3114 3782 3379 3837 κινδύνου.
3435 3785 3713 3859 Ἠκούσθη

2122 3876 2251 3947 γὰρ,
2288 3876 2369 3929 ὅτι
2415 3874 2589 3946 μέγας
2639 3874 2755 3926 ἐστὶ
2805 3877 2956 3945 παρὰ
3008 3875 3198 3945 Κυρίῳ
3232 3876 3327 3928 καὶ
3374 3877 3709 3950 ἀνθρώποις.

2124 3970 2258 4022 Tm
2284 3967 2431 4036 λέγει
2456 3969 2483 4020 ὁ
2512 3965 2802 4037 μετάϐολος
2826 3966 3040 4031 αὐτοῖς·
3076 3989 3095 4022 ‹
3126 3966 3339 4021 Λύσατέ
3373 3987 3443 4039 με
3472 3972 3588 4026 ἀπὸ
3613 3972 3711 4043 τῆς

2123 4059 2357 4130 κρίσεως
2394 4056 2650 4128 Πετεφρί.
2679 4078 2707 4105 ιι
2730 4055 3123 4128 Προσελθόντες
3169 4052 3262 4110 οὖν
3296 4056 3459 4127 ᾔτουν
3488 4078 3582 4129 με,
3628 4061 3710 4113 λέ-

2124 4168 2343 4221 γοντες·
2375 4169 2393 4201 ι
2426 4150 2584 4215 Εἰπὲ,
2622 4152 2705 4204 ὃτι
2738 4151 2795 4201 ἐν
2820 4148 3068 4219 ἀργυρίῳ
3102 4148 3385 4221 ἠγοράσθη
3412 4150 3528 4221 (56)
3558 4155 3703 4225 ἡμῖν,

2125 4244 2374 4306 κάκεῖνος
2401 4241 2670 4295 ἀπέλυσεν
2698 4240 2805 4311 (57)
2837 4241 3003 4310 ἡμᾶς.
3030 4258 3048 4291 ι

2196 4422 2344 4487 ιφ(
2368 4418 2633 4489 Ἐδήλωσε
2662 4416 2718 4470 δὲ
2742 4418 2774 4487 ή
2802 4416 3024 4486 Μέμφις
3047 4416 3124 4489 τῷ
3150 4418 3303 4490 ἀνδρὶ
3344 4420 3545 4491 αὐτῆς,
3578 4419 3703 4496 πρί.

2131 4510 2291 4564 ασθαί
2360 4526 2465 4581 με·
2515 4527 2534 4560 ι
2580 4508 2784 4561 ’Δκούω
2844 4507 2992 4579 γὰρ,
3037 4510 3240 4578 φησὶν,
3290 4510 3373 4562 ὃτι
3434 4512 3709 4566 πωλοῦσιν

2127 4603 2305 4656 αὐτόν.
2354 4622 2371 4653 ι
2423 4602 2534 4655 Καὶ
2595 4600 2910 4653 ἀπέστειλεν
2957 4600 3210 4671 εὐνοῦχον
3255 4605 3369 4666 τοῖς
3432 4604 3703 4676 Ἰσμαηλί-

2125 4714 2245 4760 ταις
2271 4694 2416 4767 (58),
2452 4696 2637 4764 ἠτεῖτο
2682 4696 2761 4756 εἰς
2800 4695 3001 4764 πράσιν
3030 4694 3174 4765 (59)·
3213 4697 3308 4748 καὶ
3348 4695 3429 4767 μὴ
3469 4696 3702 4769 θελήσας

2122 4943 2199 4999 ris
2248 4949 2359 5006 stat
2395 4940 2634 5012 Moyses,
2684 4940 2882 4997 Genes.
2910 4955 3102 5012 xxxix,
3135 4939 3198 5012 il.
3250 4937 3459 4996 Baschi
3516 4954 3695 4999 autem

2120 5011 2812 5078 erravit,dum’lsmaelitas
2841 5021 2894 5065 et
2916 5011 3237 5065 Madianitas
3258 5012 3476 5078 ambos,
3500 5012 3691 5069 Cenes.

2120 5083 2454 5154 xxxvn,g28,
2490 5082 2823 5154 nominatos,
2855 5082 3142 5154 distinctos
3182 5096 3211 5134 a
3241 5081 3571 5154 se‘invicem
3604 5101 3694 5154 po-

2119 5155 2279 5224 pulos
2322 5152 2495 5207 tuisse
2534 5153 2767 5222 putavit,
2814 5166 2953 5224 quos
3001 5152 3244 5224 eosdem,
3295 5150 3533 5224 diversis
3578 5150 3691 5209 licet

2120 5220 2459 5287 nominibus,
2488 5220 2783 5292 appellatos
2832 5222 3041 5285 fuisse,
3098 5236 3164 5275 ex
3208 5220 3389 5292 Judjc.
3440 5238 3561 5282 νιιι,
3606 5225 3689 5291 ει,

2120 5294 2257 5348 bene
2288 5290 2537 5362 probavit
2556 5290 2835 5362 Abenezra
2873 5292 2926 5345 in
2954 5293 3143 5362 locum
3168 5292 3261 5345 cit.
3292 5290 3597 5349 Geneseos.
3622 5295 3686 5348 In.

2187 5360 2304 5435 (59)
2350 5360 2951 5435 Ἠτεῖτο-εὶςίπράσιιῂ.
2986 5360 3322 5435 Αἰτοῦσὰ-με
3348 5364 3433 5435 εἰς
3463 5363 3689 5435 διάπρα.

2118 5429 2222 5506 σιν.
2260 5429 2510 5497 Καλέσας
2544 5429 2635 5506 οὖν
2681 5429 3127 5506 ὸ-ἅρχιμάγειρος
3171 5429 3299 5494 τούς
3352 5429 3688 5506 Ἰσμαηλίτας

2118 5505 2237 5575 ⁴ᾔτει
2263 5522 2327 5575 με
2351 5507 2430 5575 εἰς
2459 5503 2785 5575 πράσινζιο.

2125 5522 2327 5628 magis
2351 5522 2430 5567 εις
2459 5522 2678 5575 πρασιν.
2710 5522 2785 5557 In.

2160 5576 2242 5647 ,(6
2280 5576 2298 5647 )
2339 5574 2470 5630 Cum
2500 5576 2625 5647 eis,
2677 5572 3035 5647 Subintellige
3070 5582 3436 5647 contractum_
3463 5575 3681 5645 emptio-

2117 5643 2226 5709 nis,
2253 5643 2323 5700 ob
2346 5645 2779 5715 magnitudinem
2804 5643 3009 5701 scilicet
3034 5644 3214 5714 pretii,
3238 5643 3390 5715 quod
3416 5643 3685 5702 lsmaelita

2116 5714 2501 5788 poposcerunt.
2537 5714 2613 5770 In.
