3830 6216
142 296 282 353 1157

1375 310 1894 380 TESTAMENTUM
1930 324 2202 385 JOSEPH.

3272 317 3466 422 uss;

139 415 367 516 ποιῆσαι
395 416 510 516 μετ’
535 417 733 485 αὐτῶν,
762 421 1141 498 ἀνεχώρησεν·
1184 427 1212 479 6
1245 426 1302 481 δὲ
1342 428 1597 503 εὐνοῦχος
1617 432 1725 507 (61)

1833 454 2084 497 reversus
2115 448 2200 497 est
2226 441 2515 499 eunuchus
2541 456 2663 497 cum
2702 452 2973 502 tentasset
3002 462 3129 516 eos;
3168 447 3412 505 ostendit
3458 430 3468 447 ”

136 509 456 579 πειρασθεὶς
489 511 688 567 αὐτῶν.
716 515 878 587 Δηλοί
917 517 974 570 δὲ
1000 521 1067 591 τῇ
1101 520 1355 593 δεσποίνῃ
1378 564 1392 587 ,
1429 524 1509 579 ὅτι
1535 526 1733 601 πολλὴν

136 601 348 694 αίτοῦμσι
385 605 553 676 τιμὴν
588 606 682 660 τοῦ
728 609 938 674 παιδός.
977 612 1042 665 Ἥ
1078 613 1136 666 δὲ
1178 614 1501 673 ἀπέστειλεν
1546 619 1733 694 ἕτερον

134 692 415 765 εὐνοῦχον,
470 696 739 767 λέγουσα·
797 721 817 753 ι
872 701 999 757 Ἐάν
1043 707 1136 759 καὶ
1178 705 1271 761 δύο
1324 710 1462 779 μνᾶς
1508 692 1730 783 χρυσίου

134 784 353 851 αἰτῶσι,
389 787 627 861 πρόσεχε
671 790 804 864 (62),
853 793 928 866 μὴ
966 797 1226 864 φείσασθε
1266 801 1487 872 χρυσίου
1510 841 1525 871 ,
1573 804 1733 875 μόνον

134 877 441 948 πριάμενος
465 880 577 952 (64)
614 884 705 937 τὸν
734 887 900 940 παῖδα
934 888 1191 958 ἀγάγετε.
1222 892 1331 947 Καὶ
1371 893 1500 948 δίδει
1536 896 1722 963 αὑτοῖς

131 970 471 1061 π’ᾼχρυσίους
496 971 607 1045 (66)
639 975 756 1028 ἀντ’
780 976 936 1049 ἐμοῦ,
967 980 1159 1035 ἑκατὸν
1175 981 1346 1037 είπὼν
1365 986 1434 1055 τῇ
1455 986 1732 1061 Αἰγυπτίᾳ

127 1056 376 1151 δεδόσθαι
429 1062 545 1117 ἀντ’
570 1065 727 1135 ἐμοῦ.
753 1069 862 1123 Καὶ
901 1068 1026 1125 ἰδὼν
1056 1070 1169 1141 ἐγὼ
1210 1072 1514 1147 ἐσιώπησα,
1541 1078 1627 1132 ἵνα
1655 1056 1729 1151 μί]

128 1149 335 1222 ὲτασθῇ
365 1152 474 1225 (67)
497 1157 526 1209 6
547 1156 817 1230 εὐνοῦχος.

205 1243 307 1295 IZ'.
357 1262 376 1296 ι
424 1245 637 1318 Ὁρᾶτε,
670 1251 836 1306 τέκνα
866 1272 989 1326 μου,
1018 1258 1159 1312 πόσα
1202 1259 1501 1333 ὑπέμεινα,
1530 1262 1618 1317 ἴνα
1652 1263 1726 1335 μὴ

130 1336 485 1406 καταισχύνω
518 1342 645 1406 τοὺς
668 1344 931 1415 ἀδελφούς
969 1367 1091 1419 μου.
1120 1352 1231 1405 Καὶ
1267 1353 1425 1423 ὑμεῖς
1464 1350 1558 1408 οὖν
1592 1356 1729 1425 ἀγα-

133 1428 279 1509 πᾶξεε
302 1427 566 1496 ἀλλήλους
583 1449 596 1463 ·
623 1434 682 1488 ἐν
711 1439 1057 1521 μακροθυμίᾳ
1086 1444 1461 1515 συγκρύπτετε
1483 1445 1729 1518 ἀλλήλων

129 1523 205 1578 τά
246 1525 627 1598 ἐλαττώματα.
676 1530 951 1602 Τέρπεται
986 1533 1094 1605 γὰρ
1128 1538 1157 1590 6
1196 1537 1331 1603 Θεὸς
1373 1540 1467 1593 ἐπὶ
1504 1543 1728 1615 ὁμονοίᾳ

128 1616 405 1687 ἀδελφῶν,
446 1622 539 1673 καὶ
577 1623 671 1675 ἐπὶ
718 1626 1032 1697 προαιρέσει
1072 1628 1297 1701 καρδίας
1338 1631 1726 1706 εὐδοκιμούσης

125 1711 212 1772 εἰς
239 1709 460 1782 ἀγάπην
486 1710 615 1784 (69).
657 1715 767 1768 Καὶ
804 1715 893 1768 ὅτε
927 1712 1089 1788 ἦλθον
1135 1720 1184 1772 οί
1232 1720 1449 1791 ἀδελφοί
1492 1741 1593 1794 μου
1635 1727 1715 1790 είς

129 1798 436 1867 Αἴγυπτον,
470 1802 547 1866 ὼς
584 1803 828 1872 ἔγνωσαν
872 1806 954 1860 ὅτι
1003 1809 1321 1881 ἀπέστρεψα
1357 1812 1420 1865 τὸ
1456 1813 1715 1887 ἀργύριον
1744 1795 1788 1852 Β

127 1894 356 1959 αὐτοῖς.
410 1897 505 1950 καὶ
538 1896 640 1950 οὐκ
687 1898 974 1965 ὡνείδισα,
1028 1901 1164 1956 ἀλλά
1221 1905 1572 1976 παρεκάλεσα
1619 1909 1720 1961 αὑ-

125 1986 263 2049 τοὺς
288 1986 423 2058 ('70),
462 1989 554 2041 καὶ
598 1989 737 2059 μετὰ
782 1990 1011 2046 θάνατον
1075 1993 1272 2048 Ἰακὼϐ
1320 1999 1722 2071 περισσοτέρως

130 2076 403 2148 ἠγάπησα
442 2080 640 2143 αὐτοὺς
662 2121 677 2145 ,
717 2082 812 2135 καὶ
850 2082 1030 2137 πάντα
1052 2125 1067 2149 ,
1109 2085 1211 2139 ὅσα
1249 2086 1535 2143 ἐκέλευσεν
1570 2089 1721 2161 (71),

132 2169 204 2221 ὲκ
244 2172 507 2241 περισσοῦ
547 2173 817 2243 ἐποίησα,
857 2175 951 2229 καὶ
1000 2175 1327 2249 ἐθαύμαζον.
1384 2181 1497 2235 Οὑκ
1536 2182 1724 2254 ἀφῆκα

133 2261 252 2335 γὰρ
287 2264 472 2329 αὐτοῖς
512 2265 623 2337 (75)
666 2267 948 2340 θλιόἧναι,
988 2269 1095 2334 ἕως
1134 2273 1331 2344 μικροῦ
1376 2274 1719 2346 πράγματος.

131 2354 316 2424 Καίγε
355 2358 462 2411 πᾶν
485 2397 500 2421 ,
539 2358 569 2411 6
604 2354 672 2430 ἦν
713 2359 771 2412 ὲν
807 2360 949 2434 χειρί
991 2380 1125 2433 μου,
1168 2366 1353 2430 αὑτοῖς
1388 2367 1615 2422 δέδωκα.
1660 2371 1722 2423 Οἱ

130 2448 247 2501 υἱοὶ
284 2448 497 2513 αὐτῶν,
539 2449 646 2503 υἱοί
700 2469 837 2522 μου,
892 2452 988 2507 καὶ
1025 2457 1073 2508 οἱ
1112 2456 1217 2509 υἱοί
1258 2474 1395 2527 μου,
1434 2458 1511 2522 ὡς
1548 2458 1724 2513 δοῦλοι

132 2538 339 2593 αὐτῶν.
394 2540 459 2593 Ἦ
495 2540 642 2613 ψυχὴ
680 2540 897 2608 αὐτῶν,
938 2543 1082 2615 ψυχή
1145 2562 1277 2615 μου⁸
1319 2547 1415 2600 καὶ
1468 2548 1575 2600 πᾶν
1625 2548 1722 2602 ἄλ-

129 2647 293 2702 γημα
329 2631 542 2697 αὑτῶν,
580 2631 804 2704 ἀλγημά
844 2649 975 2704 μου·
1018 2634 1112 2688 καὶ
1152 2636 1302 2689 πᾶσα
1344 2636 1583 2706 μαλακία
1626 2637 1726 2690 αὐ-

128 2725 282 2789 τῶν,
337 2724 592 2780 ἀσθένειά
646 2743 769 2796 μου.
837 2726 901 2779 Ἦ
953 2725 1026 2796 γῆ
1086 2744 1221 2797 μου,
1282 2728 1354 2798 γῆ
1403 2727 1625 2782 αὑτῶν·
1688 2729 1722 2800 ἡ

136 2816 303 2889 βουλή
348 2833 482 2888 μου,
526 2815 689 2888 βουλὴ
726 2816 937 2871 αὐτῶν·
983 2818 1075 2870 καὶ
1118 2818 1216 2888 οὐχ
1260 2817 1450 2887 ὑψωσα
1489 2819 1724 2890 ἐμαυτὸν

134 2911 197 2963 ιν
248 2911 434 2974 αὑτοῖς
494 2911 552 2963 ὲν
602 2908 926 2981 ἀλαζονείᾳ,
986 2909 1077 2963 διὰ
1142 2909 1240 2981 τὴν
1302 2912 1573 2983 κοσμικὴν
1634 2913 1723 2968 δό-

136 3004 239 3073 ξαν
280 3022 381 3076 μου
402 3045 417 3069 ,
472 3003 587 3059 ἀλλ’
637 3005 786 3077 ἤμην
837 3007 894 3060 ὲν
944 3006 1127 3071 αὐτοῖς
1162 3006 1238 3070 ὼς
1277 3001 1357 3070 εἷς
1392 3006 1501 3061 τῶν
1540 3007 1724 3079 ὲλαχί-

137 3114 287 3151 στων
313 3096 447 3169 (74).

207 3189 319 3241 IH'.
366 3206 385 3240 ι
433 3185 558 3240 Ἐὰν
587 3181 679 3242 οῦν
715 3189 810 3242 καὶ
850 3187 1009 3259 ὑμεῖς
1051 3188 1356 3260 πορευθῆτε
1390 3190 1450 3244 ὲν
1496 3191 1618 3254 ταῖς
1642 3190 1729 3243 ὲν-

137 3282 327 3346 τολαῖς
350 3282 577 3353 Κυρίου,
606 3282 773 3336 τέκνα
797 3299 921 3353 μου,
948 3281 1153 3352 ὑψώσει
1170 3282 1315 3353 ὑμᾶς
1339 3281 1570 3336 ἐνταῦθα
1594 3283 1727 3354 (75),

137 3376 238 3429 καὶ
278 3375 561 3444 εὐλογήσει
598 3376 656 3428 ἐν
695 3373 919 3443 ἀγαθοῖς
952 3376 1031 3439 εἰς
1066 3373 1287 3438 αἰῶνας.
1323 3375 1433 3429 Καὶ
1471 3374 1566 3428 ἐὰν
1601 3373 1729 3448 θέλῃ

138 3483 225 3530 τις
250 3466 617 3536 κακοποιῆσαι
660 3466 837 3536 ὑμᾶς,
864 3465 1023 3536 ὑμεῖς
1058 3466 1115 3518 ὲν
1152 3466 1476 3538 ἀγαθοποιίᾳ
1505 3464 1729 3537 εὔχεσθε

139 3560 285 3631 ὑπὲρ
336 3557 529 3612 αὐτοῦ·
565 3546 660 3611 καὶ
699 3557 807 3610 ἀπὸ
862 3557 1063 3620 παντὸς
1104 3556 1276 3610 κακοῦ
1317 3556 1728 3629 λυτρωθήσεσθε

139 3650 234 3706 διὰ
259 3649 488 3723 Κυρίου.
540 3649 670 3703 Ἰδοὺ
697 3648 806 3720 (76)
832 3647 941 3719 γὰρ
963 3649 1124 3719 ὁρᾶτε
1148 3688 1163 3712 ,
1187 3648 1267 3702 ὅτι
1288 3648 1377 3702 διὰ
1399 3650 1498 3721 τὴν
1525 3666 1730 3722 μακρο-

148 3741 376 3812 θυμίαν,
416 3742 511 3794 καὶ
555 3740 832 3812 θυγατέρα
871 3741 1077 3811 κυρίων
1121 3757 1222 3811 μου
1260 3740 1370 3812 (77)
1416 3740 1607 3794 ἔλαϐον
1649 3743 1729 3805 είς

140 3836 417 3904 γυναῖκα·
459 3835 556 3887 καὶ
594 3834 790 3887 ἑκατὸν
830 3832 1072 3888 τάλαντά
1120 3851 1210 3904 μοι
1254 3833 1476 3904 χρυσίου
1523 3833 1728 3888 δέδοται

143 3929 246 3981 σὺν
284 3926 423 3999 αὑτῇ
442 3944 455 3957 ·
498 3926 583 3979 δτι
614 3924 819 3998 Κύριός
860 3942 950 3996 μοι
977 3925 1138 3989 αὐτὸς
1164 3925 1443 3979 ἐδούλευσε
1461 3925 1591 3998 (78).
1617 3926 1729 3980 Καί

224 4063 271 4097 ³⁵
304 4056 473 4114 Eccli.
507 4072 636 4125 xxv,
668 4057 724 4114 2.

218 4243 334 4314 (61)
385 4241 795 4314 Ἀνεχώρησεν
811 4258 824 4272 ·
841 4242 879 4314 ῥ
906 4240 974 4294 δὲ
999 4239 1312 4314 (εὐνοῦχοςΣ
1335 4236 1727 4314 -Ἃνεχώρησεν

142 4310 459 4387 δἐὑνοῦχος
491 4310 805 4387 h7a_bet_'cod.
830 4310 1015 4387 O_xon_._
1043 4311 1250 4387 omisso
1290 4310 1377 4379 δέ,
1410 4310 1489 4387 ita
1534 4319 1594 4387 u_t
1632 4325 1729 4387 pe-

146 4379 505 4440 riodus'hon
553 4384 607 4437 in
646 4385 756 4438 duo
801 4383 921 4437 cola
966 4382 1352 4452 distinguatur.
1402 4379 1727 4452 Quaaulectio

143 4456 344 4509 melior
390 4466 495 4519 est,
517 4452 820 4524 praesertim
861 4452 907 4524 si
938 4449 1201 4524 punctu'm
1248 4458 1373 4524 post
1417 4449 1597 4524 αὑςιῶν
1627 4465 1725 4524 p_o-

144 4536 335 4590 natur,
368 4535 431 4580 ut
476 4520 537 4579 in
574 4523 751 4579 Oxon.
782 4520 988 4593 pariter
1025 4530 1082 4578 et
1128 4521 1359 4577 Cantab.
1398 4520 1588 4576 codice
1641 4520 1725 4574 fa-

144 4606 323 4651 ctum.
353 4596 521 4652 GRAB.

222 4666 335 4740 (ϐξ)
373 4669 663 4740 ῌρᾴσεχε.
703 4668 997 4740 Παρέχετε.
1028 4663 1104 4718 In.

1751 3135 1801 3199 ϐ

1756 4501 1799 4556 ι)
1897 4445 2013 4587 ἓξὲξ

1836 542 2019 588 autem
2065 533 2321 602 dominae,
2358 535 2509 606 quod
2556 536 2748 607 ingens
2796 546 2984 608 petant
3027 539 3262 610 pretium
3310 557 3411 611 pro

1832 640 2023 695 puero.
2068 624 2161 680 Illa
2189 642 2319 682 vero
2351 628 2501 684 misit
2531 629 2763 684 alterum
2808 631 3150 695 eunuchum,
3182 631 3406 688 dicens:

1818 708 1857 767 'r
1900 717 2014 774 Etsi
2064 716 2204 776 duas
2264 720 2444 776 minas
2486 723 2606 776 auri
2651 722 2963 792 petiverint,
3002 723 3128 780 vide
3168 740 3237 780 ne
3283 740 3412 795 par-

1833 822 1927 863 cas
1978 823 2115 862 auro
2160 808 2307 877 (6'5);
2353 817 2565 863 tantum
2615 825 2805 865 emens
2856 826 3087 879 puerum
3115 852 3130 877 ,
3177 811 3283 866 duc
3341 811 3410 865 ad

1832 912 1919 951 me
1947 896 2083 967 (65).
2112 916 2131 950 1
2180 895 2278 952 Ille
2303 913 2429 953 vero
2458 899 2607 955 dedit
2636 900 2913 971 octoginta
2945 917 3143 957 aureos
3170 917 3270 972 pro
3298 917 3411 967 me,

1832 995 2050 1042 centum
2096 986 2287 1043 dicens
2317 985 2587 1059 Egyptiaa
2640 989 2796 1044 datos
2846 1005 2968 1046 esse
3018 1006 3120 1060 pro
3173 1005 3284 1046 me.
3341 990 3411 1046 Et

1833 1077 2021 1133 videns
2066 1092 2170 1149 ego
2215 1078 2378 1146 silui,
2424 1092 2485 1135 ut
2538 1093 2649 1135 non
2699 1080 3084 1151 quuireretur
3137 1080 3253 1152 (68)
3307 1096 3409 1137 eu-

1832 1170 2067 1225 nuchus.

1902 1257 2066 1315 XVII.
2116 1280 2134 1312 ι
2172 1260 2383 1326 Videte,
2417 1262 2512 1317 ﬁlii
2541 1263 2670 1331 mei,
2695 1274 2897 1335 quanta
2923 1266 3184 1333 sustinui,
3207 1274 3268 1321 ut
3297 1280 3408 1321 non

1833 1349 2227 1407 confunderem
2278 1353 2476 1408 fratres
2528 1369 2703 1409 meos.
2755 1355 2822 1411 Et
2852 1372 2949 1413 vos
3000 1358 3166 1428 igitur
3200 1356 3409 1426 diligite

1829 1451 2041 1498 vosmet
2081 1444 2347 1511 invicem;
2392 1445 2449 1499 in
2494 1446 2910 1518 longanimitate
2957 1449 3275 1505 abscondite
3313 1448 3408 1504 alii

1829 1534 2060 1589 aliorum
2087 1535 2353 1592 defectus.
2386 1535 2695 1593 Delectatur
2729 1540 2873 1595 enim
2901 1539 3050 1597 Deus
3086 1542 3142 1595 in
3172 1557 3406 1597 concor-

1828 1624 1921 1679 dia
1965 1623 2195 1681 fratrum
2224 1626 2289 1693 “,
2338 1637 2393 1683 et
2430 1628 2486 1683 in
2529 1629 2800 1685 electione
2849 1631 3033 1688 cordis
3086 1631 3300 1701 probati
3349 1630 3406 1686 in

1827 1716 2138 1774 dilectione.
2189 1718 2421 1787 Quando
2455 1730 2637 1778 autem
2668 1732 2936 1780 venerunt
2975 1723 3172 1782 fratres
3209 1725 3317 1782 mei
3348 1727 3405 1780 in

1823 1807 2142 1881 Egyptum,
2198 1822 2488 1885 postquam
2541 1829 2939 1886 cognoverunt.
2992 1820 3141 1888 quod
3194 1816 3403 1873 reddidi

1825 1912 2108 1974 argentum
2137 1908 2239 1974 eis,
2274 1915 2327 1963 et
2357 1923 2467 1963 non
2499 1910 2849 1979 exprobravi;
2873 1909 2970 1965 sed
3000 1920 3055 1965 et
3085 1909 3407 1965 consolatus

1825 2011 1948 2051 sum
1978 2013 2092 2066 eos,
2121 2008 2176 2054 et
2206 2008 2332 2070 post
2365 2009 2596 2056 mortem
2625 2000 2796 2057 Iacob
2840 2002 3212 2057 abundantius
3239 2001 3406 2057 dilexi

1824 2103 1940 2155 eos,
1970 2099 2025 2145 et
2055 2092 2240 2146 omnia
2271 2108 2615 2163 quaecunque
2636 2094 2803 2164 jussit
2826 2094 2965 2163 (72),
2986 2093 3091 2149 feci
3119 2095 3405 2149 abundan-

1827 2191 1927 2249 ter,
1960 2190 2014 2237 et
2044 2183 2478 2239 admirabantur.
2522 2182 2643 2240 Non
2670 2185 2815 2240 enim
2844 2185 3067 2255 permisi
3100 2200 3196 2241 eos
3218 2185 3403 2256 aﬂligi,

1824 2286 2000 2342 usque
2025 2273 2094 2328 ad
2125 2288 2350 2343 parvam
2379 2289 2515 2329 rem.
2543 2274 2609 2329 Et
2635 2290 2799 2332 omne
2828 2277 2975 2347 quod
3002 2285 3121 2332 erat
3147 2277 3202 2330 in
3233 2290 3405 2330 manu

1823 2381 1968 2430 mea,
1994 2365 2073 2421 eis
2103 2365 2248 2421 dedi.
2266 2365 2389 2420 Filii
2413 2381 2625 2434 eorum,
2642 2366 2739 2421 ﬁlii
2763 2368 2900 2434 mei,
2928 2367 3095 2439 (apud
3119 2384 3207 2423 me
3230 2368 3405 2423 habiti

1825 2455 2010 2525 Sunt);
2050 2464 2105 2510 et
2139 2454 2233 2510 ﬁlii
2268 2456 2395 2523 mei,
2429 2465 2488 2511 ut
2524 2457 2665 2513 servi
2700 2471 2914 2513 eorum.
2951 2458 3147 2513 Anima
3187 2472 3402 2526 eorum,

1825 2550 2009 2603 anima
2043 2564 2194 2617 mea;
2228 2558 2281 2604 et
2320 2550 2503 2605 omnis
2551 2551 2709 2606 dolor
2754 2566 2968 2619 eorum,
3007 2552 3163 2607 dolor
3207 2567 3400 2620 meus;

1824 2649 1880 2694 et
1916 2655 2096 2696 omnis
2141 2640 2429 2696 inﬁrmitas
2470 2656 2684 2710 eorum,
2722 2642 3014 2700 inﬁrmitas
3044 2659 3184 2699 mea.
3234 2644 3403 2699 Terra

1825 2748 1983 2801 mea,
2038 2740 2184 2788 terra
2228 2747 2455 2801 eorum;
2504 2734 2796 2789 consilium
2851 2751 3070 2803 meum,
3110 2736 3403 2792 consilium

1826 2839 2017 2879 eorum
2047 2842 2060 2878 :
2089 2833 2144 2880 et
2176 2841 2286 2880 non
2320 2827 2558 2881 exaltavi
2592 2827 2865 2897 meipsum
2914 2828 2971 2881 in
3000 2827 3081 2882 eis
3127 2827 3183 2882 in
3212 2843 3417 2898 super--

1826 2917 1937 2984 bia,
1960 2926 2184 2987 propter
2213 2916 2546 2972 mundanam
2577 2917 2805 2987 gloriam
2834 2932 3034 2985 meam,
3066 2917 3160 2972 sed
3183 2917 3407 2971 erantin

1826 3010 1908 3067 eis
1941 3012 2085 3067 sicut
2118 3026 2265 3067 unus
2293 3010 2674 3068 minimorum.

1903 3185 2091 3241 XVIII.
2137 3207 2157 3239 ι
2191 3186 2249 3242 Si
2282 3186 2451 3256 igitur
2482 3194 2537 3244 et
2564 3202 2663 3243 vos
2701 3187 2996 3243 ambuletis
3033 3187 3088 3242 in
3132 3188 3408 3244 mandatis

1829 3280 2066 3349 Domini,
2112 3280 2211 3335 ﬁlii
2258 3281 2390 3347 mei,
2422 3279 2688 3335 exaltabit
2723 3270 2823 3334 vos
2880 3279 2994 3344 hic,
3030 3287 3083 3332 et
3114 3279 3407 3333 benedicct

1830 3375 1885 3428 in
1920 3374 2082 3430 bonis
2115 3374 2173 3427 in
2202 3373 2422 3430 saecula.
2464 3371 2532 3426 Et
2564 3372 2608 3425 si
2647 3372 2887 3427 voluerit
2917 3371 3044 3442 quis
3076 3370 3406 3426 malefacere

1828 3467 2006 3531 vobis,
2041 3481 2137 3521 vos
2175 3466 2230 3519 in
2259 3464 2595 3536 benignitate
2631 3472 2791 3518 orate
2816 3478 2916 3533 pro
2941 3478 3043 3529 eo;
3072 3473 3126 3517 et
3154 3463 3223 3517 ab
3253 3463 3406 3517 omni

1828 3557 1976 3611 malo
2005 3554 2376 3611 liberabimini
2412 3570 2509 3624 per
2532 3553 2853 3610 Dominum.
2891 3553 3032 3609 Ecce
3072 3555 3221 3608 enim
3251 3554 3410 3609 vide-

1828 3648 1930 3713 tis,
1980 3645 2125 3717 quod
2170 3656 2393 3716 propter
2443 3644 2955 3714 longanimitatem,
3013 3643 3179 3699 etiam
3236 3644 3407 3698 ﬁliam

1828 3738 2180 3795 dominorum
2209 3751 2457 3791 meorum
2488 3734 2675 3805 accepi
2710 3735 2765 3789 in
2800 3750 3066 3801 uxorem;
3101 3742 3156 3789 et
3182 3742 3404 3789 centum

1829 3832 2034 3886 talenta
2061 3830 2183 3886 auri
2208 3829 2345 3884 mihi
2371 3829 2499 3883 data
2540 3837 2670 3884 sunt
2699 3844 2825 3882 cum
2862 3843 2963 3895 ea;
3014 3828 3277 3898 quoniam
3306 3842 3406 3882 eos

1829 3922 2098 3979 Dominus
2145 3922 2283 3979 mihi
2342 3922 2551 3978 servire
2603 3919 2753 3976 fecit.
2818 3919 2887 3975 Et
2939 3918 3407 3991 pulchritudinem

1923 4234 2012 4297 75)
2050 4232 2282 4297 ᾼύτοῖς.
2314 4230 2540 4295 Αὑτοὺς.
2586 4227 2662 4283 In.

1923 4235 1990 4288 75
2050 4234 2282 4297 ᾼύτοῖς.
2314 4234 2540 4295 Αὑτοὺς.
2587 4234 2662 4283 In.

1900 4234 2012 4373 (74;
2062 4305 2136 4359 Ἡ
2174 4302 2250 4373 τῆ
2291 4319 2432 4372 μου,
2619 4297 2740 4352 τῶν
2788 4297 3149 4367 ἐλαχίστων,
3200 4296 3408 4351 omissa

1830 4374 2098 4433 suntJln.

1897 4445 2013 4499 (75l
2067 4442 2376 4499 Ἐνταῦθα.
2413 4441 2596 4497 Deest.
2625 4439 2703 4494 In.

1841 4588 1876 4607 η
1898 4506 2035 4607 (76),
2065 4514 2238 4607 Ἰδού.
2282 4512 2494 4569 Desunt
2543 4511 2730 4565 omnia
2774 4525 2951 4580 usque
2979 4509 3047 4565 ad
3078 4508 3137 4561 ἐν
3166 4508 3301 4561 πᾶσι
3328 4506 3408 4579 τῷ

1856 4584 2352 4729 ιῖζῗξὲὑὶγατέρα
2388 4652 2778 4729 κυρίωνῇμον..
2792 4650 2869 4703 Ex
2904 4650 2993 4706 his
3019 4649 3204 4729 verbis
3236 4657 3406 4729 patet,

225 4720 634 4809 (65))ί1άὲῖἷε
684 4720 1080 4809 ραῖἓάέίαμτο.
1150 4728 1329 4809 Date,
1385 4745 1478 4786 nec
1530 4731 1734 4800 parcite
1827 4720 2116 4809 auctorem
2144 4720 2415 4809 nostrum
2461 4720 2557 4791 per
2601 4720 2981 4801 Putipharem,
3036 4720 3194 4809 cujus
3239 4720 3407 4809 tiliam

154 4800 470 4871 auro,'etc.,
497 4810 651 4875 juxta
681 4800 929 4860 Grarcum
954 4801 1126 4875 Oxon.
1166 4800 1243 4855 In.

230 4880 343 4953 (66)
378 4872 727 4953 ῌριᾶμενος.
756 4875 1089 4953 ῌριάμενοι..
1110 4872 1186 4927 In.

230 4942 345 5017 (65)
373 4942 489 5003 Dite
515 4942 585 5002 [td
615 4942 716 5001 me.
754 4942 1034 5001 Adducite.
1069 4942 1147 4999 ID.

221 5012 333 5089 (66)
370 5018 525 5089 Al6‘st
578 5018 783 5084 αὐτοῖς
817 5025 875 5071 π’
922 5016 1231 5085 χρυσίους.
1269 5012 1403 5077 Δοὺς
1445 5014 1631 5077 αὐτοῖς
1673 5021 1725 5067 π’

149 5088 450 5158 χρυσίνους.
483 5088 559 5142 Io.

243 5160 334 5231 67)
373 5152 662 5231 ξΕτασθῇ.
698 5159 949 5231 Αίκισθῇ,
978 5156 1269 5231 vapularet.
1306 5152 1380 5231 In.

243 5162 309 5213 67
386 5162 662 5228 Ἑτασθῇ.
698 5162 949 5231 Αίκισθῇ,
978 5162 1269 5228 vapularet.
1308 5162 1380 5207 In.

148 5162 759 5357 Οὲ6ᾕξπᾳιιίνετειατ.
786 5229 997 5302 Flagris
1022 5228 1344 5292 caederetur,
1368 5225 1524 5296 juxta
1549 5224 1721 5279 Graec.

200 5317 253 5355 ι.

246 5371 313 5426 69

245 5443 312 5495 70

242 5513 306 5567 71

152 5598 336 5727 ἷθῗξά)
358 5593 412 5709 8.;
415 5583 1065 5727 uigibglclﬁidgtlggtﬁsd
1073 5580 1227 5705 £261).
1263 5650 1369 5727 S_ed
1400 5649 1446 5705 si
1477 5647 1726 5727 Graecum

318 5318 371 5443 ἲ).
386 5370 673 5443 Ἀγνάπην.
727 5370 977 5443 Ἀγαθὸν.)
1012 5368 1089 5443 In.

372 5436 765 5511 Παρεκάλεσα
799 5436 1040 5506 αὐτούς.
1076 5438 1186 5511 Καί
1211 5436 1443 5511 add._ID.

384 5506 762 5568 Ἐθὶέλευσεν.
802 5512 1121 5581 Ἡθέλησαν.
1156 5509 1298 5579 Lege
1327 5506 1524 5565 Genes.
1558 5524 1610 5575 L,
1637 5506 1702 5561 l6

220 5370 242 5581 Ξ

313 5372 335 5586 ξ

154 5715 330 5780 Οίυιιί
357 5741 675 5794 sequamur,
702 5726 820 5782 loco
838 5715 1000 5793 jussit
1032 5724 1401 5792 reponendum
1429 5719 1722 5787 voluerunt,
1828 5715 1848 5769 I

157 5812 350 5869 nempe
376 5793 596 5854 fratres.
628 5793 703 5851 In.

1825 4797 2064 4855 Asenath
2089 4794 2362 4865 Iosephus
2395 4790 2471 4847 in,
2488 4808 2716 4865 uxorem
2760 4790 3038 4865 accepisse
3064 4790 3283 4865 dicitur,
3310 4791 3411 4865 Ge:

1826 4885 1947 4926 nes.
1976 4883 2086 4931 xu,
2134 4861 2237 4931 45,
2275 4864 2611 4920 intellexisse
2666 4862 2846 4931 ipsum
2896 4861 3278 4931 Putipharem,
3310 4863 3409 4930 qui

1824 4939 2122 5007 Josephum
2170 4945 2401 5007 emerat,
2458 4933 2597 4987 adeo
2649 4939 2710 5007 ut
2767 4948 2841 5007 ex
2881 4946 3044 5007 servo
3086 4946 3253 5007 gener
3286 4932 3415 5007 ejus

1826 5000 2004 5064 factus
2031 5007 2218 5076 fuerit.
2248 5004 2307 5060 In
2336 5021 2444 5076 qua
2472 5002 2743 5076 sententia
2762 5001 3074 5076 etiamjuit
3094 5000 3175 5056 'ex
3202 5000 3415 5076 Judreis

1830 5081 1892 5135 Β.
1920 5079 2145 5134 Salonio
2192 5071 2415 5141 Jarchi;
2469 5090 2534 5129 ex
2572 5072 2901 5128 Christianis
2946 5071 3312 5143 Hieronymus
3351 5072 3422 5125 in.

1827 5152 1881 5206 h.
1914 5152 1951 5205 l.
1992 5148 2092 5203 Ast
2133 5148 2466 5201 recentiores
2513 5151 2976 5200 commentatores
3028 5142 3170 5212 quos
3214 5142 3412 5213 legisse

1826 5222 1961 5275 mihi
2001 5217 2250 5286 contigit,
2278 5232 2469 5272 omnes
2509 5215 2621 5270 fere
2643 5213 2997 5286 Putipharem
3040 5211 3413 5286 socerumglo-

1826 5292 2011 5361 sephi,
2058 5282 2417 5361 {Putiphare
2463 5286 2689 5341 domino
2720 5282 2870 5353 ejus,
2915 5284 3190 5361 diversam
3238 5282 3411 5361 fuisse

1826 5354 2036 5416 volunt.
2082 5358 2213 5411 Mihi
2238 5354 2352 5428 jam
2392 5373 2501 5411 non
2541 5364 2700 5428 vacat
2746 5355 3062 5428 accuratiqs
3104 5354 3410 5428 inquirere,

1826 5433 1986 5502 cujus
2035 5430 2143 5483 ﬁlia
2188 5422 2354 5502 fuerit
2380 5429 2534 5498 virgo
2564 5427 2803 5502 Ascnath
2836 5442 2975 5502 uxor
3003 5422 3247 5502 Iosephi,
3277 5422 3408 5502 quia

1827 5496 1909 5557 ad"
1940 5502 2101 5556 aliam
2173 5500 2349 5570 magis
2418 5496 2818 5570 necessariam_
2854 5496 3264 5570 adnotationem
3306 5496 3409 5570 me

1828 5585 1991 5628 vocat
2022 5564 2443 5626 melioris'notaa
2462 5568 2640 5637 virgo,
2684 5567 2745 5620 B.
2770 5565 2939 5623 Maria
2967 5578 3140 5621 mater
3161 5564 3406 5637 Domini,

1829 5644 1990 5714 cujus
2020 5641 2293 5712 Iosephus
2334 5643 2392 5696 in
2419 5634 2611 5695 eadem
2641 5639 2839 5709 pagina
2870 5639 3206 5693 mentionem
3252 5634 3403 5690 facit.

1854 5732 1989 5856 b('78)
2027 5783 2219 5852 Αὐτὸς
2242 5782 2588 5840 ἐδούλευσε.
2619 5780 2761 5855 Lege
2791 5779 2985 5845 αὐτοὺς
3012 5778 3293 5834 ἐδούλωσε.
3324 5775 3403 5832 In.
