3838 6218
410 205 545 259 “59
1390 204 1849 264 TESTAMENTA
1877 205 1967 260 XII
2011 207 2015 259 Ι

2121 206 2261 262 l'RlA
2272 204 2631 266 RCRARI'M.
3533 210 3565 262 1
3578 209 3697 264 ιω

406 318 724 385 deditmlbi,
743 318 1003 375 utﬁorem
1030 330 1194 390 Supra
1224 320 1483 391 pulchros
1509 321 1672 377 Israel
1693 330 1974 376 :etcusto—
2004 352 2015 381 λ

2121 340 2137 374 ε
2177 322 2485 394 ὡραιότητα
2522 321 2689 375 ἔδωκέ
2742 338 2866 392 μοι,
2914 322 2991 386 ὡς
3036 321 3197 386 ἄνθος
3238 321 3378 393 ὖτὲρ
3418 321 3699 393 ὡραίους

406 411 543 464 divit
554 426 639 465 me
654 428 826 481 usque
839 412 903 465 ad
919 422 1251 467 senectutem
1267 414 1321 466 in
1335 414 1531 468 robore
1543 423 1596 467 et
1611 416 1662 467 in
1680 413 1980 482 pulchritu-

2121 417 2337 487 [σραήλ’
2382 417 2476 469 καὶ
2519 415 2803 484 διεςὺλαξὲ
2846 433 2912 485 με
2950 415 3055 478 ἕως
3100 416 3282 486 γήρως
3323 417 3382 466 ἐν
3427 415 3698 483 δυνάμει

407 500 556 563 dine,
578 504 840 571 quoniam
875 518 976 573 ego
1010 505 1206 558 similis
1232 502 1403 557 Jacob
1436 505 1490 557 in
1523 506 1779 559 omnibus
1805 520 1975 560 eram.

2121 512 2173 562 αἱ
2211 512 2267 561 ἐν
2305 508 2491 563 κάλλει
2516 548 2531 569 ,
2554 509 2636 561 ὅτι
2660 505 2771 576 ἐγὼ
2796 508 2978 577 ὅμοιος
3007 508 3064 559 ἐν
3090 508 3221 559 πᾶσι
3245 505 3321 576 τῷ
3362 505 3614 558 Ἰακώϐ.

482 593 627 649 XIX.
676 615 695 647 ι
730 597 949 659 Audite,
1007 597 1101 650 ﬁlii
1140 598 1267 661 mei,
1319 607 1372 651 et
1415 614 1537 667 quae
1584 597 1695 651 vidi
1748 596 1977 650 somnia.

2152 601 2250 653 19'.
2300 620 2318 652 ι
2366 599 2692 662 Ἀκούσατε,
2719 599 2886 651 τέκνα
2931 616 3067 669 μου,
3108 600 3203 651 καὶ
3232 591 3306 652 ὧν
3352 593 3503 650 εἶδον
3564 600 3700 649 ἐνυ-

414 686 710 742 Duodecim
743 688 888 743 cervi
922 689 1305 757 pascebantur,
1338 697 1393 743 et
1420 705 1609 744 novem
1635 689 1793 743 divisi
1826 698 1983 741 erant

2121 693 2272 744 mium.
2302 691 2520 744 Δώδεκα
2546 692 2731 761 ἔλαφοι
2767 691 3041 759 ἐνέμοντο,
3068 690 3163 744 καὶ
3189 692 3236 741 ol
3265 690 3425 742 ἐννέα
3449 688 3699 759 διαιρέ-

412 791 468 835 et
494 782 723 851 dispersi
757 784 811 836 in
840 793 984 837 terra
1013 798 1026 834 :
1053 784 1304 837 similiter
1334 793 1388 839 et
1414 792 1544 839 tres.
1579 783 1647 838 Et
1672 784 1803 847 vidi,
1836 780 1984 852 quod

2121 803 2250 854 ησαν
2268 786 2288 807 ⁹
2310 786 2404 838 καὶ
2428 785 2536 855 (79)
2572 785 2938 856 διεσπάρησαν
2961 786 3027 853 τῇ
3052 786 3120 852 γῇ
3150 782 3289 853 (80)·
3318 782 3541 852 ὁμοίως
3596 778 3698 833 καὶ

411 892 476 930 ex
508 875 645 929 .Iuda
691 886 815 928 nata
864 884 947 929 est
975 876 1147 945 virgo,
1182 876 1392 930 habens
1431 878 1630 931 stolam
1669 876 1981 946 byssinam;

2121 880 2326 950 ἱτρεῖς.
2358 879 2467 931 Καὶ
2492 874 2653 941 εἶδον,
2694 879 2776 930 ὅτι
2820 879 2884 929 ἐκ
2928 875 3023 928 τοῦ
3065 874 3230 927 Ἰούδα
3258 874 3500 944 ἐγενήθη
3540 890 3699 943 παρ-

412 976 467 1020 et
506 982 569 1021 ex
616 967 728 1035 ipsa
768 968 971 1035 prodiit
998 968 1186 1036 Agnus
1225 968 1633 1031 immaculatus,
1669 980 1723 1022 et
1770 983 1799 1021 a
1849 969 1985 1022 sini-

2121 972 2257 1035 ἐνος,
2283 971 2481 1041 ἔχουσα
2507 970 2699 1040 στολὴν
2729 968 2984 1039 βυσσίνην
3007 985 3019 996 ·
3048 968 3142 1020 καὶ
3166 967 3222 1033 ἐξ
3248 965 3419 1034 αὐτῆς
3456 965 3697 1036 προῆλ-

412 1060 546 1113 stris
582 1060 721 1128 ejus,
752 1068 813 1113 ut
840 1060 926 1113 leo
959 1076 971 1109 :
1007 1069 1062 1115 et
1091 1076 1284 1116 omnes
1319 1062 1505 1116 bestiae
1547 1062 1808 1131 impetum
1844 1060 1988 1115 fece-

2121 1080 2176 1115 εν
2196 1063 2381 1135 ’Δμνὸς
2406 1062 2635 1133 ἄμωμος
2662 1061 2794 1131 (81),
2825 1062 2918 1113 καὶ
2960 1060 3019 1126 ἐξ
3047 1058 3347 1129 ἀριστερῶν
3374 1057 3585 1118 αὐτοῦ,
3616 1057 3698 1119 ὡς

411 1160 541 1205 runt
585 1152 855 1206 adversus
892 1166 1040 1218 eum,
1074 1162 1125 1206 et
1152 1154 1283 1207 vicit
1313 1169 1407 1207 eas
1434 1155 1643 1219 Agnus,
1675 1163 1727 1207 et
1754 1152 1988 1221 perdidit

2121 1158 2220 1211 έων
2240 1175 2251 1185 ·
2284 1158 2376 1210 καὶ
2402 1158 2580 1211 πάντα
2609 1157 2677 1209 τὰ
2700 1155 2877 1226 θηρία.
2903 1154 3124 1225 ὥρμουν
3160 1153 3277 1206 κατ’
3310 1150 3477 1205 αὐτοῦ
3510 1190 3527 1212 ,
3591 1151 3694 1201 καὶ

409 1260 505 1297 eas
535 1244 586 1296 in
622 1244 1121 1298 conculcationem.
1154 1245 1219 1298 Et
1254 1246 1567 1314 gaudebant
1594 1247 1649 1299 in
1681 1260 1747 1299 eo
1785 1245 1985 1309 angeli,

2121 1248 2335 1316 νίκησεν
2370 1245 2510 1299 αὑτὰ
2546 1248 2574 1299 ὁ
2593 1246 2802 1316 ’Δμνὺς,
2832 1246 2925 1297 καὶ
2951 1244 3227 1297 ἀπώλεσεν
3252 1244 3331 1304 εἰς
3360 1241 3473 1311 (82)
3506 1256 3699 1291 κατα-

409 1342 463 1385 et
496 1333 769 1401 homines,
810 1346 863 1389 et
903 1336 1086 1390 omnis
1141 1346 1309 1390 terra.
1364 1335 1489 1391 Haec
1538 1348 1719 1390 autem
1762 1335 1890 1390 ﬁent
1934 1335 1987 1388 in

2121 1341 2344 1407 εάτησιν.
2389 1338 2498 1391 Καὶ
2540 1337 2756 1409 ἔχαιρον
2784 1338 2870 1388 ἐπ’
2894 1334 3043 1404 αὑτῷ
3065 1335 3179 1405 (85)
3206 1334 3255 1385 οἱ
3284 1332 3540 1400 ἄγγελοι,
3594 1331 3697 1381 καὶ

409 1435 658 1495 tempore
703 1443 829 1491 suo,
883 1430 935 1481 in
988 1429 1197 1483 ultimis
1246 1429 1462 1483 diebus.
1512 1427 1619 1483 Vos
1669 1429 1853 1498 igitur,
1892 1428 1988 1482 ﬁlii

2122 1433 2137 1483 ἱ
2162 1432 2457 1503 ἄνθρωποι,
2486 1432 2581 1485 καὶ
2608 1431 2756 1482 πᾶσα
2780 1431 2815 1499 ὴ
2846 1428 2939 1497 γῆ.
2967 1428 3153 1480 Ταῦτα.
3186 1426 3243 1479 δὲ
3277 1426 3587 1495 γενήσεται
3634 1423 3697 1475 ἐν

409 1521 539 1583 mei,
569 1522 841 1575 custodite
874 1522 1129 1575 mandata
1159 1520 1398 1585 Domini,
1427 1532 1481 1575 et
1507 1520 1769 1575 honorate
1790 1518 1988 1574 Judam

2121 1520 2265 1591 1th
2313 1520 2525 1583 αὐτῶν,
2577 1522 2637 1572 ἐν
2686 1519 2943 1589 ἐσχάταις
2991 1518 3243 1588 ἡμέραις.
3307 1517 3499 1585 Ὑμεῖς
3554 1510 3695 1577 σῖν,

410 1621 465 1665 et
490 1611 651 1678 Levi;
689 1613 949 1681 quoniam
977 1628 1040 1666 ex
1072 1614 1205 1683 ipsis
1237 1613 1443 1667 orietur
1473 1613 1630 1668 vobis
1660 1612 1846 1682 Agnus
1870 1611 1985 1676 Dei,

2124 1613 2253 1664 ἐκνα
2282 1631 2403 1683 μου,
2434 1611 2703 1680 φυλάξατε
2726 1610 2825 1673 τὰς
2850 1609 3068 1672 ἐντολὰς
3096 1609 3321 1679 Κυρίου,
3353 1608 3450 1659 καί
3474 1607 3698 1674 τιμᾶτε

413 1705 589 1772 gratia
633 1706 853 1759 salvans
898 1719 1089 1759 omnes
1142 1712 1353 1775 gentes,
1400 1713 1455 1759 et
1492 1702 1679 1759 Israel.
1740 1703 1988 1775 Regnum

2122 1705 2181 1757 ὸν
2221 1705 2418 1759 Ἰούδαν
2442 1704 2537 1757 καὶ
2560 1704 2651 1757 τὸν
2676 1705 2806 1758 Acut
2826 1722 2838 1733 ·
2868 1705 2950 1757 ὅτι
2979 1703 3038 1767 ἐξ
3061 1702 3237 1757 αὐτῶν
3262 1701 3515 1755 ἀνα-τελεῖ
3553 1700 3699 1768 ὑμῖν

413 1799 559 1851 enim
602 1798 721 1866 ejus
760 1813 991 1868 regnum
1022 1808 1307 1865 mternum,
1363 1798 1510 1869 quod
1541 1814 1649 1853 non
1678 1814 1991 1853 commove-

2125 1798 2311 1867 Ἀμνὸς
2336 1797 2429 1850 τοῦ
2456 1796 2614 1859 Θεοῦ,
2648 1797 2828 1869 χάριτι
2863 1794 3049 1859 σώζων
3092 1796 3269 1849 πάντα
3291 1794 3358 1847 τὰ
3381 1793 3514 1862 ἔθνη
3546 1831 3565 1853 ,
3596 1792 3700 1843 καὶ

417 1891 583 1945 hitur.
616 1890 794 1944 Meum
820 1906 950 1945 vero
981 1907 1207 1959 regnum
1263 1893 1317 1945 in
1352 1892 1511 1946 vobis
1551 1900 1989 1957 consummatur,

2124 1889 2180 1941 δν
2226 1889 2439 1961 Ἰσραήλ
2655 1888 2719 1941 Ἡ
2769 1886 2878 1958 γὰρ
2931 1886 3172 1957 βασιλεία.
3213 1882 3375 1938 αὑτοῦ
3430 1880 3700 1952 βασιλεία

418 1989 478 2034 ut
504 1996 791 2050 pomorum
821 1981 1071 2036 custodia
1092 1982 1157 2047 ",
1182 1982 1441 2051 quoniam
1470 1991 1593 2051 post
1615 1996 1848 2036 messem
1881 1997 1991 2036 non

2121 1978 2326 2043 ιὶὠνιος,
2355 1979 2477 2049 ἣτις
2502 1979 2562 2031 οὗ
2587 1977 3079 2050 παρασαλεύσεται.
3116 1977 3182 2029 Ἠ
3208 1976 3263 2029 δὲ
3290 1975 3396 2045 ἐμὴ
3429 1972 3695 2043 βασιλεία

417 2077 719 2146 apparebit.

2124 2091 2151 2124 ν
2178 2073 2305 2141 ὑμῖν
2330 2072 2679 2135 ἐπιτελεῖται,
2703 2071 2777 2134 ὡς
2803 2068 3248 2141 ὀπωροφυλάκιον
3263 2066 3399 2139 (85),
3427 2067 3510 2120 ὃτι
3545 2064 3697 2135 μετὰ

2092 2166 2154 2218 τὸ
2181 2164 2337 2236 θέρος
2364 2165 2423 2218 οὐ
2456 2165 2769 2235 φανήσεται.
3578 2194 3585 2197 -

2166 2260 2249 2312 Κ’.
2286 2277 2304 2308 ι
2339 2253 2502 2321 Οἶδα,
2539 2257 2621 2310 ὄτι
2663 2256 2801 2326 μετὰ
2833 2256 2929 2326 τὴν
2963 2255 3223 2325 τελευτήν
3270 2271 3368 2324 μου
3415 2254 3468 2306 οἱ
3513 2251 3693 2317 Δξγὺ-

2096 2369 2241 2404 πτιοι
2280 2350 2553 2419 θλίψουσιν
2589 2350 2761 2419 ὑμᾶς·
2792 2348 2904 2400 ἀλλ’
2931 2350 2959 2401 ὁ
2990 2348 3122 2411 Θεὸς
3159 2348 3374 2417 ποιήσει
3403 2345 3501 2415 τὴν
3540 2345 3694 2397 ἐκδί-

2097 2463 2255 2515 κησιν
2281 2444 2310 2496 ὑ
2320 2443 2435 2514 μῶν
2452 2442 2585 2513 (86),
2612 2444 2706 2495 καὶ
2731 2438 2933 2505 εἰσάξει
2956 2442 3101 2510 ὑμᾶς
3126 2443 3205 2503 εἰς
3226 2440 3324 2510 τὴν
3346 2436 3692 2506 ἐπαγγελίαν

423 2530 529 2583 Sed
568 2540 909 2601 comportate
939 2546 1063 2585 ossa
1098 2546 1217 2584 mea
1247 2531 1556 2595 vobiscum,
1590 2530 1850 2599 quoniam
1908 2546 1995 2584 re-

2121 2536 2206 2587 :Gw
2232 2534 2483 2606 πατέρων
2510 2534 2685 2604 ὑμῶν.
2733 2532 2890 2587 Ἀλλὰ
2926 2533 3263 2587 συνανοίσετε
3301 2530 3370 2583 τὰ
3408 2531 3547 2581 ὀστᾶ.
3585 2544 3689 2598 μου

420 2622 602 2676 ductis
648 2622 872 2677 ossibus
922 2622 1082 2687 meis,
1110 2621 1380 2679 Dominus
1427 2623 1482 2677 in
1532 2623 1652 2675 luce
1686 2622 1789 2675 erit
1810 2621 1997 2675 vobis-

2121 2628 2223 2680 ιεθ⁹
2250 2626 2425 2698 ὑμῶν,
2467 2626 2547 2679 ὅτι
2574 2624 2922 2696 ἀναγομένων
2948 2624 3056 2676 τῶν
3096 2622 3295 2675 ὀστέων
3325 2639 3451 2692 μου,
3479 2620 3693 2690 Κύριος

419 2730 570 2773 cum.
602 2723 656 2769 et
684 2714 861 2769 Beliar
892 2714 946 2767 in
983 2713 1223 2768 tenebris
1276 2715 1383 2767 erit
1430 2728 1553 2767 cum
1592 2712 1882 2783 Egyptiis.
1929 2710 1997 2766 Et

2121 2738 2155 2771 ,v
2184 2719 2322 2787 φωτὶ
2349 2717 2497 2770 ἔσται
2525 2716 2641 2787 μεθ’
2671 2716 2700 2768 ὑ
2710 2714 2825 2786 μῶν
2853 2714 2961 2785 (87)
2984 2754 2998 2777 ,
3042 2714 3136 2766 καὶ
3159 2712 3357 2782 Βελιὰρ
3396 2712 3455 2762 ἐν
3502 2710 3689 2762 σκότει

422 2806 681 2875 Zelpham
709 2813 939 2860 matrem
964 2814 1201 2860 vestram
1234 2804 1496 2871 reducite,
1522 2814 1577 2858 et
1603 2820 1769 2874 prope
1789 2804 1995 2858 Ballam

2121 2810 2241 2862 ιετὰ
2264 2809 2374 2862 τῶν
2400 2808 2730 2877 Αἰγυπτίων.
2772 2807 2884 2861 Καὶ
2923 2806 3131 2875 Ζελφὰν
3156 2804 3254 2875 τὴν
3288 2802 3503 2875 μητέρα
3528 2801 3688 2871 ὑμῶν

418 2900 576 2969 juxta
635 2897 1088 2968 Hippodromum,
1151 2898 1459 2966 proximam
1524 2896 1749 2962 Rachel,
1811 2896 1995 2966 ponite

2121 2901 2433 2969 ιναγάγετε,
2462 2902 2555 2955 καὶ
2580 2902 2745 2969 ἐγγὺς
2770 2899 2978 2963 Βάλλας
3006 2898 3155 2973 ﬁgi
3179 2897 3267 2949 τὸν
3302 2896 3684 2967 Ἰππὸδρομον,

423 3008 567 3046 eam.
598 3010 616 3042 ›
657 2990 722 3044 Ει
753 3007 877 3045 eum
908 2990 1024 3045 haec
1046 2989 1294 3055 dixisset,
1319 2989 1559 3043 extensis
1594 2988 1821 3057 pedibus
1857 2988 1994 3054 suis,

2121 2994 2329 3063 τλησίον
2377 2992 2615 3063 Ῥαχὴλ,
2661 2992 2781 3046 θέτε
2822 2992 3009 3062 αὑτήν.
3065 3009 3083 3041 ι
3130 2990 3239 3042 Καὶ
3275 2987 3452 3041 ταῦτα.
3493 2988 3685 3051 εἰπὼν,

493 2250 609 2306 XX.
660 2272 679 2305 ι
706 2252 867 2317 Novi,
912 2252 1058 2323 quod
1109 2261 1232 2321 post
1265 2261 1495 2307 mortem
1548 2268 1726 2307 meam
1753 2250 1993 2323 Egyptii

420 2344 759 2399 triliulabunt
784 2360 918 2411 vos;
959 2346 1051 2399 sed
1077 2344 1221 2404 Deus
1250 2344 1412 2399 faciet
1440 2345 1703 2399 ultionem
1732 2358 1992 2411 vestram,

419 2446 475 2490 et
503 2437 723 2493 inducet
747 2453 847 2493 vos
874 2439 928 2491 in
954 2439 1378 2509 promissionem
1411 2448 1624 2509 patrum
1658 2447 1991 2493 vestrorum.

424 3082 686 3145 dormivit
720 3098 976 3138 somnum
1017 3090 1363 3151 perpetuum.
1414 3079 1481 3135 Et
1515 3082 1842 3151 planxerunt
1872 3096 1998 3137 eum

491 3209 534 3240 "’
564 3207 708 3262 Psal.
744 3222 970 3273 Lxxvm,
1005 3210 1057 3264 1.

522 3336 611 3403 79)
653 3335 1045 3403 Διαιρέθησαν
1069 3337 1187 3389 καί.
1230 3334 1458 3388 Desunt.
1500 3333 1672 3387 Cum.

906 3407 998 3469 Εἰς
1032 3408 1211 3484 πᾶσαν
1237 3406 1336 3484 τὴν
1360 3405 1482 3484 χήν.
1516 3403 1590 3456 In.

524 3472 612 3542 81)
666 3472 967 3542 Παρθένος
1133 3476 1201 3539 ἐξ
1244 3472 1433 3541 αὖτῆῥ
1481 3472 1786 3540 προῆλθεν
1820 3472 2009 3541 ἀμνὸς

431 3544 687 3614 ἄμωμος.
738 3547 862 3599 Haec
911 3547 1248 3601 nativitatem
1303 3544 1515 3599 Messias
1550 3560 1614 3598 ex
1647 3544 1856 3612 virgine
1892 3559 2013 3611 spe-

432 3625 603 3678 ctare,
647 3617 876 3683 quilibet
922 3617 1087 3671 videt.
1150 3618 1231 3670 Ad
1261 3615 1671 3683 redarguendos
1705 3624 1885 3667 autem
1912 3628 2011 3666 cat-

434 3702 531 3756 cos
560 3685 801 3749 Judaeos,
826 3686 920 3755 qui
950 3688 1091 3740 hanc
1114 3695 1373 3756 tanquam
1404 3684 1699 3739 absurdam
1732 3684 2009 3756 rejiciunt,

435 3755 631 3809 Turcis
682 3772 803 3810 eam
845 3753 1274 3811 admittentibus
1318 3756 1555 3824 pejores,
1603 3756 1836 3809 multum
1881 3753 2013 3824 facit

435 3826 650 3880 illustre
692 3827 896 3879 dictum
941 3821 1434 3889 RabbiBeracl’iim,
1483 3827 1535 3877 in
1582 3824 1647 3877 R.
1678 3825 1879 3893 Moysis
1908 3821 2014 3876 lla—

436 3898 706 3950 darschan
732 3897 1033 3950 Bereschith
1055 3897 1259 3963 Rabba,
1288 3898 1402 3950 sive
1433 3894 1819 3947 Commentario
1860 3910 2015 3962 super

441 3965 627 4019 Genes.
658 3981 871 4029 xxxvii,
899 3967 970 4021 2‘2
1018 3968 1131 4037 (ubi
1163 3969 1230 4021 de
1263 3968 1380 4035 ipso
1403 3965 1641 4033 Josepho
1677 3966 1817 4037 male
1848 3982 1878 4037 a
1907 3964 2017 4037 fra-

440 4037 617 4091 tribus
647 4038 763 4092 suis
794 4035 1034 4091 traetato‘
1061 4036 1259 4107 agitur)
1291 4038 1537 4099 citatum,
1567 4036 1710 4107 quod
1736 4044 1827 4107 est
1849 4035 2013 4107 hujus

437 4108 647 4161 tenoris
692 4124 705 4159 :
757 4128 773 4155 ι
808 4108 953 4161 Dixit
980 4104 1125 4162 Deus
1176 4104 1399 4161 sanctus
1451 4106 1770 4159 benedictus
1813 4104 2016 4159 Israel:

440 4175 554 4231 Vos
592 4178 813 4232 dixistis
854 4193 1040 4231 coram
1088 4193 1173 4231 me
1209 4196 1223 4231 :
1256 4175 1451 4244 Pupilli
1500 4174 1627 4229 facti
1670 4191 1863 4229 sumus
1901 4174 2020 4229 sine

440 4256 614 4316 patre.
672 4247 1003 4315 Redemptor
1044 4262 1261 4317 quoque
1301 4263 1463 4316 quem
1510 4259 1611 4314 ego
1659 4246 1910 4317 excitabo
1954 4260 2021 4298 ex

440 4314 772 4383 vobis,isine
800 4314 951 4383 patre
979 4314 1107 4381 erit,
1137 4314 1280 4371 sicut
1303 4314 1507 4371 dictum
1547 4325 1629 4369 est
1659 4314 1912 4381 (Zachar.
1936 4330 2012 4379 vr,

498 3335 520 3541 ἓ

594 3336 612 3545 ξ

443 4365 546 4452 re;
556 4365 589 4437 ’ί
607 4365 771 4435 Ὲὶἷῖ
789 4365 908 4445 ὥῖζ
925 4365 1529 4452 ξιεῖἡι⁷ἐη⁷ἶιᾷἱηὲὶῖἓίᾶε
1549 4365 1572 4440 ξ
1582 4365 1911 4447 ἳί-άῖξᾷιὶ
1952 4365 2019 4439 ’έὲ
2046 4365 2091 4421 Ῑ)

443 4450 778 4523 germinabit.
817 4454 881 4507 Et
914 4450 994 4507 sic
1032 4453 1165 4507 dicit
1196 4450 1355 4523 (Isai.
1392 4454 1634 4523 Lm,3)3
1672 4453 1738 4506 Et
1777 4457 2020 4509 ascendet

442 4521 579 4577 sicut
609 4525 894 4593 virgultum
937 4538 1226 4594 corammeo.
1271 4522 1445 4589 Super
1480 4522 1571 4575 illo
1604 4521 1770 4576 David
1806 4541 2022 4594 quoque

446 4594 581 4647 dicit
610 4592 765 4665 \Psal
818 4609 920 4655 cx,
958 4594 1012 4653 5)
1052 4592 1178 4665 :_Ea:
1208 4595 1427 4645 matrice
1470 4604 1590 4645 ante
1630 4592 1881 4647 auroram
1925 4592 2019 4649 tibi

446 4681 532 4718 ros
553 4662 846 4729 jnuentutis
872 4674 996 4717 tute.
1031 4684 1048 4714 ι
1084 4662 1161 4729 In.

518 4734 633 4801 (82)
668 4738 792 4801 Εἰς.
816 4736 966 4787 Αὑτά
990 4734 1113 4788 add.
1145 4734 1219 4787 In.

518 4802 629 4871 (85)
660 4806 849 4870 Αὐτῷ.
875 4806 1039 4859 Αὑτά.
1078 4804 1153 4859 In.

526 4876 635 4946 (84)
679 4876 961 4946 Τιμᾶτε...
986 4876 1092 4930 τὸν
1138 4876 1405 4946 Ἰσραήλ.
1438 4876 1563 4931 Haec
1597 4876 1759 4930 verba
1804 4890 1867 4929 ex
1896 4877 2019 4931 cod.

450 4946 714 5000 Cantuar.
769 4949 963 5001 recitat
1005 4964 1222 5017 quoque
1270 4949 1605 5002 Whartonus
1667 4948 1720 4999 in
1769 4946 2022 4999 Auctario

451 5032 595 5086 saepe
626 5018 864 5072 laudato.
912 5017 1011 5071 Ubi
1054 5020 1318 5073 adnotare
1346 5027 1586 5088 priestat,
1616 5027 1894 5088 auctorem
1926 5034 2024 5069 no-

453 5096 651 5157 strum,
681 5098 968 5157 postquam
1007 5091 1169 5143 modo
1203 5086 1431 5144 dixisset
1457 5090 1600 5157 quod
1631 5104 1699 5140 ex
1727 5086 1866 5157 Juda
1897 5097 2022 5140 nata

453 5105 651 5152 suum,
681 5105 802 5156 pOSt
844 5105 968 5142 uam
1007 5105 1169 5143 mouo
1203 5105 1431 5144 dixisset
1457 5105 1600 5157 quoa
1631 5105 1699 5140 ex
1727 5105 1866 5140 Juua
1897 5105 2022 5140 nata

453 5165 538 5228 est
567 5156 729 5228 Virgo
773 5105 1010 5227 (biaria),
1054 5176 1201 5213 nunc
1247 5161 1466 5223 docere,
1514 5158 1661 5228 quod
1708 5174 1775 5211 ex
1801 5156 1939 5211 Juda
1971 5166 2025 5210 et

456 5227 587 5282 Levi
643 5227 848 5283 orietur
894 5229 1079 5298 Agnus
1122 5228 1238 5284 Dei.
1292 5227 1548 5297 Idemque
1599 5229 1803 5298 clarius
1846 5229 2025 5298 adhuc

457 5300 708 5369 superius
753 5296 1031 5361 docuerat,
1074 5315 1195 5369 cap.
1224 5302 1279 5365 2,
1331 5296 1562 5353 Testnm.
1608 5297 1862 5363 Simeon.,
1905 5296 1931 5365 §
1970 5297 2021 5353 7.

458 5368 747 5423 Dominum
797 5372 1188 5424 suscitaturum
1241 5387 1307 5425 ex
1338 5372 1465 5424 Levi
1492 5370 1834 5433 Pontiﬁccm,
1867 5378 1921 5421 et
1957 5384 2022 5421 ex

456 5438 593 5493 Juda
622 5440 844 5508 Regem.
873 5439 1042 5493 Deum
1074 5452 1127 5493 et
1152 5442 1450 5495 hominem.
1501 5440 1633 5492 Illud
1658 5440 1821 5491 etiam
1853 5438 2026 5508 incul-

459 5520 568 5581 cat,
608 5507 728 5578 cap.
756 5512 789 5581 5
816 5510 1046 5563 Testam.
1078 5511 1223 5575 Levi,
1264 5511 1290 5581 §
1318 5513 1352 5564 ἓ
1383 5512 1535 5564 hisce
1585 5510 1806 5581 verbis:
1838 5507 1942 5581 Per
1977 5518 2025 5559 te

460 5578 634 5649 (Levi)
680 5590 728 5632 et
752 5580 953 5642 ludam
983 5578 1546 5650 apparebit'pominus
1596 5582 1740 5650 inter
1764 5579 2020 5650 homines,

460 5647 690 5717 saltans,
722 5662 824 5707 etc.
858 5650 947 5705 Sic
976 5647 1029 5706 et
1053 5647 1197 5721 ’cap.
1224 5652 1253 5703 7
1285 5647 1511 5707 Testem.
1550 5650 1681 5716 Dan,
1714 5647 1746 5720 §
1777 5649 1835 5703 ὃς
1875 5648 2023 5703 Orie-

2105 3086 2351 3149 ἐκτείνας
2376 3088 2501 3149 τοὺς
2537 3085 2701 3148 πόδας
2724 3083 2911 3148 αὑτοῦ,
2944 3082 3209 3153 ἐκοιμήθη
3236 3080 3401 3135 ὕπνον
3443 3080 3679 3135 αἰώνιον.

2112 3347 2199 3389 tur
2232 3334 2375 3389 vobis
2424 3349 2489 3386 ea:
2544 3332 2685 3386 tribu
2731 3331 2878 3384 Juda
2907 3338 2959 3383 et
2994 3327 3119 3382 Levi
3165 3327 3401 3379 salutare
3449 3322 3680 3376 Domini.

2108 3408 2179 3460 At
2212 3419 2406 3475 parum
2445 3403 2549 3457 sibi
2580 3412 2873 3475 constans,
2919 3400 3097 3475 cap._3
3123 3397 3351 3451 Testam.
3386 3393 3555 3475 Leui,‘
3587 3393 3679 3475 §'8_

2110 3464 2314 3531 rectius
2356 3474 2431 3527 ita
2464 3473 2692 3528 scribit:
2721 3472 2831 3525 Rea:
2861 3464 2929 3524 ea:
2948 3464 3094 3523 Juda
3135 3475 3397 3535 exsurget.
3441 3474 3491 3517 et
3526 3464 3684 3535 [aciei

2110 3546 2466 3600 sacerdotium
2500 3560 2709 3597 novum.
2751 3541 2818 3593 Et
2844 3556 2963 3610 cap.
2989 3540 3023 3593 4
3049 3538 3278 3610 Testam.
3309 3535 3492 3610 ludor,
3526 3535 3679 3610 ς-Ηξ

2114 3617 2373 3685 Exsurget
2406 3615 2558 3666 homo
2588 3628 2652 3666 ea:
2668 3613 2877 3685 semine
2903 3604 3036 3675 ineo,
3062 3618 3117 3661 ut
3141 3606 3501 3685 soljustitiw.
3536 3604 3684 3685 ἐξεωιί

2114 3703 2201 3741 me
2228 3676 2361 3739 latvet
2384 3685 2602 3753 quidem
2630 3683 2922 3752 plerosque
2952 3696 3017 3734 ex
3040 3678 3281 3753 antiquis
3304 3676 3683 3753 scriptoribus.

2113 3774 2179 3812 ex
2208 3771 2273 3809 eo
2299 3748 2443 3824 quod
2475 3748 2645 3807 Maria
2675 3748 2905 3824 cognata
2931 3760 3075 3824 esset
3100 3748 3376 3824 Elisabeth
3405 3762 3533 3815 quae
3566 3754 3684 3799 erat

2115 3829 2182 3882 de
2207 3816 2424 3881 ﬁliabus
2446 3825 2653 3887 Aaron,
2675 3816 2972 3877 crédidisse
2999 3819 3223 3873 Mariam
3266 3816 3441 3887 fuisse
3469 3831 3684 3886 quoque

2116 3900 2182 3952 de
2208 3912 2405 3958 genere
2433 3886 2759 3949 saecrddtali
2790 3907 2804 3942 :
2855 3892 2989 3944 adeo
3043 3900 3101 3943 ut
3125 3894 3279 3958 juxta
3311 3886 3548 3941 Matthzei
3588 3902 3682 3958 ge-

2117 3956 2449 4036 nealogiam,
2495 3981 2525 4019 e
2552 3964 2774 4036 regibus
2819 3963 3005 4036 stirpis
3034 3956 3300 4036 Davidicx
3336 3968 3491 4036 ortus
3517 3956 3679 4010 luerit

2120 4026 2311 4102 Iesus:
2352 4052 2383 4090 e
2432 4026 2809 4090 sacerdotibus
2831 4026 2961 4085 vero
2985 4030 3139 4102 juxta
3164 4029 3389 4102 Lucam.
3422 4026 3573 4102 Hanc
3608 4036 3684 4079 ta-

2121 4124 2245 4161 men
2277 4098 2633 4169 quaestionem
2663 4104 2822 4157 solvit
2859 4104 3088 4169 ipsemet
3111 4098 3409 4168 Apostolus
3445 4098 3682 4169 scribens

2122 4178 2190 4231 ad
2219 4167 2475 4231 Hebraeos
2496 4190 2593 4233 vn.
2620 4173 2686 4227 M
2718 4190 2731 4225 :
2776 4167 3119 4240 Manifestum
3160 4167 3261 4232 est,
3310 4168 3510 4240 inquit,
3548 4167 3681 4240 quod

2120 4264 2187 4300 ea:
2209 4248 2356 4301 Juda
2382 4255 2529 4299 ortus
2561 4246 2627 4298 sit
2659 4238 3151 4305 Dominus‘noster,
3176 4241 3231 4293 in
3258 4255 3363 4309 qua
3390 4238 3531 4290 tribu
3556 4238 3681 4289 nihil

2124 4319 2188 4371 de
2215 4317 2572 4372 sacerdotibus
2603 4314 2818 4384 Moyses
2838 4314 3045 4384 locutus
3074 4322 3172 4364 est.

2190 4388 2301 4455 (85)
2338 4388 2433 4452 Ὠς
2467 4377 2977 4454 ὀπωροφύλάκιον.
3013 4378 3448 4455 Desumptahzec
3475 4377 3679 4455 phrasis

2120 4474 2153 4514 e
2185 4448 2375 4525 psalm.
2407 4448 2635 4520 Lxxvrn,
2661 4448 2691 4508 ἶ
2718 4457 2993 4525 εἝθεγτο
3022 4448 3413 4525 Ἰερουσαλὴμ
3439 4451 3525 4513 εἰς
3546 4449 3681 4499 ὀπω-

2116 4522 2527 4597 ρᾰφυλάκιονε
2558 4527 2855 4597 Posuerunt
2878 4522 3177 4597 Jerusalem
3217 4522 3269 4572 in
3298 4533 3571 4597 pomorum
3600 4534 3679 4570 cu-

2122 4588 2371 4652 stodiam.
2414 4597 2470 4650 Id
2515 4607 2599 4652 est
2643 4596 2970 4665 Hieronymo
3017 4593 3201 4665 Epist._
3253 4590 3325 4665 ad_
3354 4588 3487 4643 Sun.
3520 4589 3676 4665 inter-

2121 4680 2314 4737 prete:
2351 4688 2369 4719 ‹
2402 4666 2622 4723 Palatiis
2678 4659 2905 4737 ipsaque
2946 4659 3081 4718 urbe
3122 4662 3269 4716 velut
3311 4661 3370 4713 in
3414 4659 3673 4729 tugurium

2122 4755 2300 4793 versa.
2333 4758 2351 4790 ι
3418 4768 3421 4771 ί

2216 4810 2304 4878 86)
2356 4808 2565 4878 Ὑμῶν.
2609 4806 2815 4878 Desunt
2836 4819 3010 4878 usque
3038 4803 3159 4878 θέτε
3187 4799 3479 4878 αὐτήνκιο.

2110 4944 2113 4947 1
2197 4870 2306 4947 (87)
2344 4870 2558 4947 Κύριος
2588 4879 2656 4931 ἐν
2680 4877 2823 4946 φωτὶ
2844 4870 3013 4947 ἔσται
3032 4876 3160 4947 μεθ’
3178 4870 3364 4943 ὑμῶν’.
3392 4870 3675 4947 Introduxit

2126 4944 2318 5005 auctor
2338 4944 2661 5017 Josephum,
2682 4944 3047 5016 deportationi
3093 4947 3302 5017 ossium
3330 4957 3553 5017 suorum
3583 4944 3674 5017 hoc

2125 5022 2281 5090 quasi
2324 5012 2608 5090 prteuiium
2649 5012 3077 5090 promittentem,
3111 5018 3263 5090 quod
3288 5013 3432 5066 Deus
3459 5012 3564 5090 dux
3591 5014 3672 5090 iti-

2126 5084 2275 5145 neris
2309 5084 2496 5143 éorum
2540 5089 2595 5141 in
2638 5084 2762 5143 luce
2788 5088 2857 5141 sit
2896 5085 3134 5139 futurus.
3166 5084 3335 5149 Cujus
3377 5084 3673 5138 assertionis

2127 5160 2471 5213 occasionem
2499 5228 2505 5229 ί
2543 5158 2814 5229 cepitLuti
2845 5156 3099 5224 conjicio,
3118 5169 3213 5229 _ex
3240 5153 3412 5206 Exodi
3454 5168 3565 5229 xui,

2124 5246 2283 5283 versu
2319 5229 2384 5284 i9
2405 5222 2652 5283 dicitur':
2694 5227 2837 5281 Tulit
2861 5222 3062 5294 quoque
3105 5224 3312 5294 Hoyses
3334 5239 3457 5276 ossa
3483 5222 3671 5294 Joseplti

2126 5316 2320 5361 secum,
2356 5316 2415 5352 eo
2448 5298 2587 5367 quod
2623 5293 2923 5366 adjurasset
2954 5295 3092 5363 ﬁlios
3124 5293 3318 5367 Israel,
3348 5294 3522 5367 dicens
3542 5309 3561 5347 :
3592 5293 3668 5344 Vi-

2127 5369 2311 5422 sitabit
2357 5362 2652 5433 vos'Deus,
2688 5362 2876 5435 'eﬂ'erle
2927 5382 3048 5417 ossa
3097 5381 3215 5417 mea
3248 5364 3369 5415 hinc
3413 5362 3665 5435 vobiscum.

2129 5439 2194 5492 Et
2217 5455 2341 5491 mox
2366 5454 2508 5493 vers.
2534 5439 2598 5491 2|
2624 5434 2872 5492 additur:
2898 5435 3151 5488 Dominus
3174 5447 3349 5488 autem
3375 5434 3667 5501 prwcedebat

2127 5526 2211 5560 eos
2241 5509 2307 5560 ad
2335 5508 2699 5562 ostendendam
2724 5510 2885 5570 viam,
2903 5506 3139 5574 perdiem
3158 5507 3211 5559 in
3243 5503 3490 5557 columna
3523 5505 3666 5565 nubis,

2127 5589 2175 5630 et
2209 5594 2298 5645 per
2327 5590 2523 5631 noctem
2553 5580 2606 5631 in
2632 5577 2875 5634 columna
2917 5578 3074 5647 ignis,
3100 5587 3157 5630 ut
3183 5576 3292 5629 dua:
3322 5575 3523 5627 itineris
3560 5583 3667 5628 esset

2129 5660 2347 5719 utroque
2380 5658 2625 5719 tempore.
2652 5649 2729 5703 lu.
