3838 6218
153 226 329 280 1M!

1333 229 1856 289 TESTAMENTUM
1890 229 2051 285 BENJ
2060 228 2247 285 AMIN.

3286 229 3427 284 “4%

140 336 302 391 Kal
332 342 628 410 ὲπενῐιησεν
659 360 822 397 αυτυν
866 368 967 411 ’.η-λ,
1026 347 1241 419 Ισραὴλ,
1279 350 1372 401 καὶ
1399 350 1547 402 πᾶσα
1592 349 1626 417 ἡ
1669 347 1729 399 A!

1868 347 2045 401 omnis
2086 328 2373 412 lsrael,'et
2408 347 2587 403 omnis
2611 347 2900 419 Egyptus,
2947 346 3165 415 planctu
3199 361 3421 417 magno.

136 444 415 495 γυπτος,
448 432 638 496 πένθος
667 435 828 505 μέγα.
860 439 970 491 Kal
995 438 1103 506 γὰρ
1137 441 1367 503 καὶτοῖς
1409 439 1757 509 Αἰγυπτίοις,

1864 438 2076 494 Etenim
2108 447 2162 493 et
2178 438 2471 510 Egyptiis,
2505 449 2567 496 ut
2592 442 2829 511 propriis
2855 440 3137 504 membris,
3172 455 3424 510 compas-

136 522 255 586 (ὓς
290 523 447 587 ἰδίοις
477 523 694 595 μέλεσι,
725 527 1060 600 συνέπασχε,
1104 533 1196 585 καὶ
1240 533 1523 603 εὐηργέτει
1543 574 1557 598 ,
1601 551 1729 587 παντ

1861 549 1955 586 sus
1985 540 2088 594 est,
2124 540 2179 586 et
2214 532 2506 600 benefecit,
2541 534 2693 588 omni
2725 549 2891 604 opere
2928 541 2983 587 et
3025 532 3256 588 consilio
3285 541 3339 587 et
3364 547 3423 586 re

145 615 337 687 ἔργῳ
358 655 373 679 ,
403 616 498 669 ml
525 616 721 689 βουλῇ,
750 621 843 673 ml.
868 624 1149 695 πράγματι
1182 626 1597 697 παριστάμενος.

718 711 1110 767 ΚΕΦΑΛΑΙΟΝ
1147 716 1245 768 IB'.

285 800 553 872 Διαθήκη
586 804 888 871 Βενιαμὶν,
916 805 1050 873 περὶ
1074 805 1341 873 διανοίας
1372 808 1651 878 καθαρᾶς.

245 892 335 945 Αν.
384 893 738 966 Ἀντίγραφον
760 895 931 964 λόγων
974 897 1251 968 Βενιαμὶν,
1286 892 1360 952 ὧν
1398 899 1600 953 διέθετο
1648 902 1759 963 τοῖς

151 984 322 1047 υἱοῖς
348 985 534 1051 αὐτοῦ,
571 986 741 1058 ζήσας
765 987 859 1059 ἐτη
887 996 964 1059 ρκ’
992 989 1123 1058 (88).
1159 990 1268 1042 Kal
1292 990 1520 1062 φιλήσας
1564 993 1759 1056 αὐτοὺς

152 1071 340 1129 εἶπεν
356 1095 403 1128 ·(
426 1078 513 1141 Ὠς
541 1078 723 1132 Ἰσαὰκ
741 1080 1014 1150 ἑκατοστῷ
1043 1080 1149 1134 ἔτει
1170 1081 1363 1152 ἐτέχθη
1378 1082 1454 1152 τῷ
1490 1083 1756 1155 Ἀϐραὰμ,

149 1166 357 1230 οὕτως
391 1168 543 1239 κάγὼ
574 1169 652 1240 τῷ
696 1170 907 1223 Ἰακώϐ.
944 1172 1053 1224 Kal
1085 1173 1269 1243 ἐπειδὴ
1306 1173 1501 1245 Ῥαχὴλ
1531 1175 1757 1247 τέθνηκε

150 1259 433 1327 γεννῶσά
468 1279 556 1331 με,
591 1261 732 1330 γάλα
769 1264 869 1315 οὐκ
902 1263 1074 1334 ἔσχον.
1110 1264 1287 1317 Βάλαν
1322 1261 1415 1319 οὖν
1445 1265 1542 1336 τὴν
1579 1268 1757 1321 παιδί-

155 1366 325 1419 σκην
352 1349 523 1420 αὐτῆς
547 1350 803 1421 ὲθήλασα.
842 1352 906 1404 Ἡ
939 1353 1049 1424 γὰρ
1080 1354 1298 1424 Ῥαχὴλ,
1328 1354 1467 1425 μετά
1489 1355 1549 1407 τὸ
1580 1362 1757 1411 τεκεῖν

153 1442 356 1513 αὐτὴν
386 1443 480 1497 τὸν
517 1445 735 1517 Ἰωσὴφ,
758 1446 970 1501 δώδεκα
991 1447 1085 1517 ἔτη
1103 1449 1409 1521 έστείρευσε
1429 1466 1443 1478 ⁸
1480 1449 1574 1503 καὶ
1592 1466 1757 1519 προσ-

153 1533 391 1604 ηύξατο
444 1536 632 1608 Κυρίῳ
670 1536 808 1607 μετά
840 1538 1094 1609 νηστείας
1137 1539 1344 1593 δώδεκα
1377 1540 1589 1611 ἡμέρας
1613 1558 1625 1569 ·
1662 1540 1755 1592 καὶ

1862 625 2142 681 assistens.

2446 717 2674 774 CAPUT
2710 717 2824 772 XII.

2004 810 2395 867 Testamentum
2418 812 2722 882 Benjamin,
2752 812 2816 865 de
2844 821 3012 866 mente
3041 811 3261 866 munda.

1930 900 1971 956 Ι.
2004 900 2417 972 Transcriptum
2446 902 2738 957 verborum
2792 901 3103 971 Benjamin,
3138 915 3260 970 qua:
3311 899 3425 955 dis-

1858 995 2041 1064 posuit
2088 996 2212 1051 filiis
2254 996 2389 1062 suis,
2420 995 2610 1049 vivens
2633 1010 2806 1051 annos
2835 1004 3055 1050 centum
3089 994 3300 1063 viginti.
3356 991 3424 1047 Et

1860 1087 2116 1141 osculans
2144 1100 2259 1151 eos,
2285 1086 2422 1141 dixit
2460 1104 2473 1138 :
2512 1104 2531 1138 ‹
2571 1084 2725 1141 Sicut
2766 1085 2921 1141 Isaae
2949 1086 3251 1141 centesimo
3279 1099 3423 1138 anno

1858 1185 2018 1231 natus
2059 1185 2143 1232 est
2175 1176 2472 1239 Abraham.
2506 1176 2579 1231 ita
2611 1185 2665 1231 et
2694 1191 2795 1246 ego
2840 1175 3027 1231 Jacob.
3073 1174 3209 1241 Quia
3258 1174 3423 1244 igitur

1858 1265 2057 1322 Rachel
2089 1277 2302 1322 mortua
2323 1276 2407 1322 est
2433 1284 2558 1322 cum
2583 1278 2797 1337 pareret
2822 1283 2928 1333 me,
2959 1269 3044 1323 lac
3079 1283 3185 1322 non
3231 1267 3417 1321 habui.

1856 1358 2059 1413 Ballam
2080 1360 2244 1430 igitur
2266 1361 2519 1415 ancillam
2540 1360 2659 1429 ejus
2686 1360 2830 1414 suxi.
2852 1359 3056 1414 Rachel
3071 1360 3239 1427 enim,
3265 1368 3419 1429 post-

1856 1465 2020 1519 quam
2046 1453 2253 1521 peperit
2285 1452 2509 1522 Joseph,
2540 1453 2833 1507 duodecim
2858 1467 3030 1507 annos
3056 1452 3257 1506 sterilis
3284 1451 3417 1519 fuit;

1855 1550 1910 1596 et
1947 1544 2124 1597 oravit
2149 1543 2440 1598 Dominum
2473 1559 2596 1598 cum
2624 1543 2836 1613 jejunio
2871 1543 3158 1598 duodecim
3188 1543 3417 1611 diebus;

157 1627 524 1683 συλλαϐοῦσα
568 1630 721 1683 ἔτεκέ
768 1648 854 1701 με.
891 1631 1101 1703 Σφόδρα
1134 1632 1242 1705 γὰρ
1290 1636 1319 1687 6
1368 1633 1548 1705 πατὴρ
1599 1633 1729 1704 ἡμῶη

1852 1641 1910 1689 et
1941 1636 2256 1705 concipiens
2287 1636 2495 1706 peperit
2525 1650 2632 1689 me.
2664 1634 2833 1689 Valde
2862 1634 3007 1689 enim
3053 1643 3207 1704 pater
3236 1642 3422 1689 noster

155 1721 378 1789 ἠγάπα
410 1722 509 1793 τὴν
555 1698 780 1795 Ῥαχὴλ,
822 1724 916 1777 ml.
947 1698 1158 1795 infriare
1187 1698 1281 1779 δύο
1303 1728 1454 1790 υἱοὺς
1501 1698 1729 1779 ίδεῖν-ἀτι

1854 1726 2043 1781 dilexit
2069 1698 2303 1794 Rachel,
2320 1698 2373 1781 et
2396 1726 2605 1796 optavit
2624 1726 2764 1781 duos
2798 1726 2940 1781 tilios
2964 1698 3151 1781 videre
3176 1741 3243 1780 ex
3280 1725 3420 1795 ipsa.

153 1814 374 1884 αὐτῆς.
410 1815 509 1869 Διά
506 1817 697 1898 £3910
730 1820 963 1891 ἐκλήθην
994 1820 1124 1887 υἱὸς
1154 1819 1408 1890 ἡμερῶν,
1445 1820 1474 1873 ὃ
1515 1820 1630 1873 ἐστι
1652 1820 1752 1871 Βε-

154 1907 369 1976 νιαμίν
396 1907 525 1979 (89).

244 1994 326 2047 B'.
359 2014 378 2046 ι
407 1995 533 2050 Ὅτε
566 1992 659 2051 οὖν
693 1999 939 2070 εἰσῆλθον
971 2002 1052 2065 είς
1074 2001 1367 2070 Αἴγυπτον,
1402 2004 1496 2056 καὶ
1529 2003 1755 2073 ἀνεγνώ-

154 2085 298 2156 ρισέ
336 2103 405 2155 με
445 2087 639 2159 Ἰωσὴφ
662 2090 690 2141 6
715 2090 941 2159 ἀδελφός
968 2109 1091 2162 μου,
1120 2093 1267 2162 λέγει
1295 2112 1384 2164 μοι
1405 2110 1418 2124 ·
1452 2113 1471 2145 ι
1511 2095 1575 2147 Τί
1603 2092 1754 2148 εἷπον

150 2177 250 2249 τῷ
287 2179 455 2249 πατρί
485 2197 607 2249 μου,
631 2181 719 2233 ὅτε
743 2182 1030 2254 ὲπώλησάν
1065 2200 1165 2254 με;
1200 2202 1218 2235 ι
1248 2184 1357 2237 Kal
1396 2178 1551 2238 εἷπον
1586 2184 1751 2254 αὐτῷ,

151 2262 253 2324 ὅτι
307 2271 507 2343 ἔφυρον
540 2274 631 2327 τὸν
679 2276 883 2345 χιτῶνά
928 2294 1020 2330 σου
1054 2278 1267 2348 αἵματι,
1304 2279 1396 2331 ml
1442 2278 1754 2350 πέμψαντες

152 2360 346 2443 εἴπονο
362 2383 379 2414 ι
404 2365 716 2433 Ἐπίγνωθι,
735 2370 782 2420 εί
808 2367 969 2438 χιτὼν
988 2368 1082 2421 τοῦ
1099 2368 1214 2422 υἱοῦ
1253 2387 1345 2422 σου
1368 2372 1515 2424 ἐστὶν
1538 2368 1713 2435 οὗτος.
1728 2391 1746 2424 ι

153 2456 282 2509 Καὶ
318 2454 464 2524 λέγει
485 2473 573 2525 μοι
592 2474 605 2486 °
636 2477 653 2509 ι
677 2458 786 2511 Nal
819 2458 1034 2528 ἀδελφέ.
1070 2462 1185 2516 Kal
1216 2460 1325 2533 γὰρ
1348 2462 1435 2514 ὅτε
1470 2461 1658 2514 ἔλαϐόν
1685 2480 1751 2533 με

150 2553 209 2602 οἱ
256 2549 613 2621 Ἱσμαηλῖται,
650 2548 730 2616 εἷς
761 2552 821 2618 ἐξ
851 2553 1052 2618 αὐτῶν,
1082 2554 1353 2617 ἀποδύσας
1380 2572 1444 2625 με
1475 2554 1568 2608 τὸν
1599 2554 1753 2624 χιτῶ-

153 2660 257 2705 να,
293 2642 463 2696 ἔδωκέ
501 2662 590 2714 μοι
623 2647 933 2718 περίζωμα,
970 2649 1062 2700 καὶ
1094 2647 1480 2718 φραγελλώσας
1506 2666 1593 2718 με,
1628 2644 1749 2701 εἷπε

153 2736 406 2805 τρέχειν.
443 2737 530 2790 Ἑν
563 2738 620 2790 δὲ
651 2736 728 2807 τῷ
760 2738 991 2808 ὑπάγειν
1024 2740 1185 2793 αὐτὸν
1211 2739 1414 2811 κρύψαι
1447 2740 1508 2793 τὸ
1538 2740 1749 2811 ίμάτιόν

159 2848 297 2899 μου,
338 2829 652 2901 ὑπήντησεν
678 2830 828 2901 αὐτῷ
850 2832 1008 2897 λέων,
1046 2833 1139 2884 ml.
1174 2833 1381 2886 ἀνεῖλεν
1424 2833 1602 2885 αὐτόν.
1638 2832 1749 2885 Καὶ

154 2919 344 2983 οὕτως
377 2920 426 2971 οί
452 2920 663 2991 μέτοχοι
684 2920 1009 2993 φοϐηθέντες
1039 2922 1365 2975 διαπωλοῦσι
1385 2939 1452 2993 με
1472 2924 1582 2985 τοῖς
1606 2921 1749 2975 ἑταί-

159 3028 284 3082 ροις
312 3009 511 3064 αὐτῶν.
557 3031 575 3063 ›

233 3104 312 3157 1".
348 3122 366 3154 ι
400 3104 511 3156 Καὶ
544 3104 702 3174 ὑμεῖς
749 3099 862 3169 οὖν,
908 3105 1076 3159 τέκνα
1114 3123 1236 3175 μου,
1286 3106 1607 3177 ἀγαπήσατε
1653 3106 1745 3161 τὸν

156 3194 300 3248 Θεὸν
335 3193 712 3265 τοῦιούρανοῦ,
749 3196 843 3249 ml
877 3195 1147 3265 φυλάξατε
1179 3195 1277 3259 τὰς
1304 3196 1518 3260 ἐντολὰς
1542 3197 1708 3251 αὐτοῦ
1727 3238 1742 3262 ,

161 3285 497 3358 μιμούμενοι
529 3287 620 3339 τὸν
654 3287 854 3355 ἀγαθὸν
888 3287 983 3339 καὶ
1018 3288 1162 3340 ὅσιον
1186 3288 1350 3359 ἄνδρα
1391 3289 1608 3360 Ἰωσήφ.
1634 3290 1745 3343 Kal

160 3378 311 3430 ἔστω
344 3379 376 3448 ή
421 3378 625 3432 διάνοια
671 3378 825 3451 ὑμῶν
864 3381 943 3443 είς
977 3380 1036 3432 τὸ
1070 3380 1289 3448 ἀγαθὸν,
1323 3380 1399 3445 ὡς
1438 3381 1584 3452 κάμὲ
1632 3380 1743 3454 (90)

157 3468 367 3522 οἴδατε.
416 3470 472 3523 'U
506 3470 645 3541 ἔχων
676 3471 775 3542 τὴν
808 3472 1047 3525 διάνοιαν
1088 3472 1316 3542 ἀγαθὴν,
1354 3473 1531 3525 πάντα
1558 3472 1742 3542 βλέπει

158 3559 365 3630 ὀρθῶς.
400 3561 651 3615 Φοϐεῖσθε
691 3562 912 3634 Κύριον,
948 3564 1041 3615 καὶ
1073 3564 1319 3631 ἀγαπᾶτε
1350 3564 1440 3617 τὸν
1480 3564 1739 3635 πλησίονο

160 3651 265 3703 καὶ
291 3650 386 3703 ἐὰν
416 3650 483 3705 τὰ
517 3652 798 3724 πνεύματα
832 3655 925 3707 τοῦ
950 3655 1146 3727 Βελιάρ
1168 3657 1246 3719 εἰς
1277 3656 1455 3708 πᾶσαν
1480 3655 1742 3726 πονηρίαν

162 3740 403 3810 Θλίψεως
445 3742 833 3815 ὲξαιτήσωνται
871 3745 1045 3815 ὑμᾶς,
1094 3746 1154 3799 οὐ
1199 3745 1272 3817 μὴ
1332 3746 1742 3820 κατακυριεύσῃ

164 3829 327 3898 ὑμῶν
372 3832 520 3884 πᾶσα
570 3835 806 3904 πονηρία
845 3835 1095 3905 θλίψεως,
1131 3835 1204 3899 ὡς
1245 3836 1366 3888 οὐδὲ
1419 3837 1614 3909 Ἰωσὴφ
1646 3838 1738 3891 τοῦ

161 3920 397 3989 ἀδελφοῦ
435 3941 555 3994 μου.
592 3926 754 3978 Πόσοι
778 3926 885 3980 τῶν
908 3927 1204 3997 ἀνθρώπων
1241 3928 1508 3999 ἠθέλησαν
1533 3930 1740 3983 ἀνελεῖν

159 4014 351 4078 αὐτὸν,
387 4016 481 4067 ml.
520 4017 549 4067 6
583 4016 715 4080 Θεὸς
758 4018 1061 4071 ὲσκέπασεν
1100 4019 1297 4084 αύτόν;
1336 4021 1392 4072 '0
1416 4020 1524 4092 γὰρ
1548 4021 1741 4090 φοϐού-

163 4124 331 4178 μενος
350 4106 443 4159 τὸν
475 4110 629 4174 Θεὸν,
653 4111 747 4164 καὶ
774 4112 1001 4179 ἀγαπῶν
1024 4113 1114 4165 τὸν
1142 4111 1368 4183 πλησίον
1394 4112 1558 4166 αὐτοῦ
1579 4155 1593 4178 ,
1634 4114 1738 4167 ὑπὸ

160 4197 259 4250 τού
295 4199 477 4271 ἀερίου
504 4201 811 4271 πνεύματος
848 4202 941 4255 τοῦ
976 4202 1172 4273 Βελιάρ
1198 4204 1256 4255 ού
1285 4203 1503 4257 δύναται
1530 4204 1737 4276 πληγῆ-

161 4308 272 4353 ναι,
302 4292 708 4364 σκεπαζόμενος
733 4295 837 4347 ὑπὸ
862 4293 955 4348 τοῦ
990 4294 1155 4364 φόϐου
1176 4295 1271 4348 τοῦ
1298 4296 1431 4349 Θεοῦ
1452 4314 1465 4326 ·
1503 4298 1598 4350 καὶ
1628 4299 1735 4351 ἀπὸ

1852 1819 2077 1889 Propter
2120 1820 2224 1874 hoc
2266 1827 2494 1875 vocatus
2538 1835 2659 1874 sum
2692 1819 2835 1888 ﬁlius
2881 1818 3118 1885 dierum,
3161 1818 3309 1887 quod
3339 1825 3425 1872 est

1852 1909 2154 1979 Benjamin.
3440 1900 3445 1905 ’

1923 2001 1984 2055 ll.
2025 2020 2044 2054 ι
2082 2001 2314 2068 Quando
2350 2002 2515 2073 igitur
2557 2001 2755 2057 intravi
2793 2003 2847 2056 in
2899 2000 3217 2073 Egyptum,
3250 2011 3305 2058 et
3334 2017 3423 2056 re-

1852 2095 2107 2166 cognovit
2131 2110 2219 2149 me
2256 2093 2424 2149 frater
2452 2110 2609 2149 meus
2631 2094 2855 2163 Joseph,
2888 2094 3026 2148 dixit
3049 2095 3215 2148 mihi:
3238 2113 3256 2145 ι
3279 2093 3422 2160 Quid

1852 2186 2105 2240 dixerunt
2132 2187 2269 2255 patri
2318 2199 2460 2251 meo,
2487 2186 2708 2255 quando
2751 2187 3114 2241 vendiderunt
3143 2186 3270 2241 me?
3303 2206 3321 2238 ι
3354 2185 3422 2241 Et

1851 2276 2097 2331 dicebam
2124 2277 2194 2341 ei,
2218 2276 2363 2345 quod
2386 2285 2809 2344 consperserunt
2838 2276 3080 2329 tunicam
3106 2284 3255 2329 tuam
3287 2289 3418 2329 sano

1852 2367 2033 2437 guine,
2063 2375 2118 2421 et
2141 2367 2415 2421 mittentes
2445 2366 2701 2420 dixerunt
2735 2382 2747 2416 :
2784 2384 2802 2416 ι
2827 2365 3128 2435 Cognosce,
3158 2365 3204 2419 si
3234 2364 3419 2420 tunica

1852 2460 1947 2513 filii
1979 2459 2057 2513 tui
2088 2468 2171 2513 est
2215 2459 2340 2514 ista.
2379 2479 2399 2511 ›
2433 2457 2499 2512 Et
2557 2458 2691 2513 dicit
2718 2459 2851 2513 mihi
2881 2478 2893 2513 :
2944 2478 2962 2511 ι
2993 2458 3170 2512 Etiam
3223 2457 3413 2511 frater.

1850 2551 2062 2606 Etenim
2097 2551 2316 2620 quando
2347 2550 2687 2620 accipiebant
2723 2566 2811 2604 me
2848 2549 3155 2611 lsmaelitze,
3185 2564 3328 2603 unus
3349 2562 3419 2602 ex

1848 2642 1948 2706 eis,
1982 2656 2187 2695 exuens
2229 2656 2315 2694 me
2350 2641 2616 2705 tunicam,
2650 2639 2798 2693 dedit
2842 2639 2979 2693 mihi
3024 2638 3327 2709 perizoma,
3361 2644 3418 2692 et

1847 2732 2125 2802 flagellans
2153 2748 2239 2787 me
2270 2732 2427 2799 dixit,
2460 2741 2519 2786 ut
2546 2747 2845 2786 currerem.
2879 2730 3016 2785 Cum
3066 2744 3199 2785 vero
3241 2730 3418 2784 abiret

1848 2825 1984 2895 ipse,
2035 2834 2096 2878 ut
2138 2825 2496 2879 absconderet
2522 2825 2908 2878 vestimentum
2937 2838 3142 2887 meum,
3176 2821 3419 2877 occurrit

1847 2919 1895 2972 ei
1937 2918 2054 2981 leo,
2097 2928 2152 2973 et
2186 2917 2389 2973 occidit
2419 2932 2565 2971 eum.
2600 2914 2667 2969 Et
2706 2915 2780 2970 ita
2824 2915 3118 2985 participes
3161 2914 3417 2972 timentes

1847 3008 2088 3061 vendunt
2118 3022 2206 3061 me
2229 3006 2395 3061 sociis
2423 3006 2558 3061 suis.
2598 3024 2618 3056 ι

1918 3100 2004 3155 lll.
2039 3120 2058 3152 σ
2096 3100 2162 3154 Ει
2192 3116 2289 3154 vos
2329 3099 2527 3169 igitur,
2561 3099 2656 3153 filii
2688 3098 2827 3165 mei,
2870 3097 3077 3168 diligite
3115 3097 3412 3153 Dominum

1845 3192 2018 3248 Deum
2048 3192 2194 3257 creli,
2241 3202 2297 3246 et
2328 3191 2599 3246 custodite
2631 3190 2887 3244 mandata
2944 3190 3084 3259 ejus,
3135 3190 3414 3245 imitantes

1844 3290 2048 3345 bonum
2067 3299 2121 3343 et
2148 3296 2399 3343 sanctum
2426 3287 2605 3340 virum
2629 3285 2853 3355 Joseph.
2877 3285 2945 3339 Et
2969 3287 3208 3341 sitmens
3233 3296 3417 3342 vestra

1844 3383 1899 3437 in
1932 3384 2157 3447 bonum,
2193 3390 2247 3436 ut
2272 3389 2325 3434 et
2355 3394 2442 3433 me
2491 3378 2682 3433 nostis.
2712 3377 2816 3446 Qui
2848 3378 3013 3434 habet
3047 3387 3283 3434 mentem
3314 3380 3415 3434 bo—

1842 3491 1993 3541 nam,
2020 3473 2205 3529 omnia
2251 3473 2397 3527 videt
2434 3481 2601 3528 recte.
2640 3471 2848 3527 Timete
2870 3471 3185 3537 Dominum,
3212 3479 3267 3526 et
3287 3470 3413 3525 dili-

1843 3566 1949 3635 gite
1976 3564 2316 3634 proximum;
2348 3570 2402 3617 et
2428 3563 2474 3618 si
2507 3563 2731 3631 spiritus
2754 3562 2931 3617 Beliar
2962 3563 3015 3616 in
3043 3577 3263 3617 omnem
3294 3577 3412 3616 ma-

1842 3657 2014 3710 litiam
2040 3654 2408 3709 tribulationis
2433 3654 2849 3708 sollicitaverint
2878 3670 2992 3721 vos,
3024 3668 3133 3708 non
3158 3653 3411 3708 domina-

1840 3746 1989 3801 bitur
2015 3747 2171 3801 vobis
2201 3746 2379 3800 omnis
2426 3745 2635 3799 malitia
2673 3746 3070 3812 tribulationis,
3122 3747 3267 3801 sicut
3308 3761 3410 3801 nec

1840 3836 2040 3906 Joseph
2069 3835 2222 3889 fratri
2252 3849 2393 3889 meo.
2426 3834 2600 3900 Quam
2633 3834 2790 3888 multi
2834 3835 3088 3888 homines
3113 3835 3409 3889 voluerunt

1840 3927 2088 3982 occidere
2130 3942 2291 3989 eum,
2344 3934 2399 3979 et
2438 3925 2587 3981 Deus
2633 3927 2871 3994 protexit
2918 3926 3085 3979 eum?
3118 3924 3223 3991 Qui
3258 3926 3407 3979 enim

1839 4017 1994 4071 timet
2025 4015 2217 4082 Deum,
2249 4024 2303 4069 et
2331 4016 2507 4086 diligit
2544 4000 2856 4086 proximum
2892 4032 3085 4082 suum,
3126 4017 3194 4070 ab
3243 4030 3405 4070 aereo

1838 4110 2031 4179 spiritu
2056 4107 2233 4162 Beliar
2250 4123 2358 4160 non
2389 4108 2881 4176 potestvulnerari,
2902 4116 3184 4177 protectus
3202 4107 3405 4161 timore

1838 4198 1967 4259 Dei;
2004 4206 2059 4251 et
2099 4197 2167 4250 ab
2207 4196 2428 4250 insidiis
2475 4196 2761 4249 hominum
2803 4204 2897 4249 aut
2940 4195 3240 4249 bestiarum
3292 4207 3405 4246 non

1837 4297 2014 4359 potest
2044 4288 2347 4358 subjugari,
2388 4286 2609 4358 adjutus
2643 4288 2861 4341 Domini
2894 4287 3188 4341 dilectione
3236 4299 3403 4355 quam

160 4380 456 4452 ἐπιϐουλῆς
474 4384 790 4455 ἀνθρώπων,
826 4384 857 4455 ἢ
901 4385 1122 4457 θηρίων,
1164 4387 1223 4439 ού
1250 4386 1471 4441 δύναται
1514 4406 1729 4457 κυριευ-

1850 4381 2000 4433 habet
2026 4394 2152 4447 erga
2184 4380 2514 4447 proximum.
2548 4377 2761 4432 Etenim
2802 4378 3126 4447 deprecatus
3157 4390 3278 4429 sum
3306 4389 3404 4443 pa-

163 4473 340 4543 θῆναι,
378 4474 734 4547 βοηθούμενος
770 4479 874 4531 ὑπὸ
895 4480 991 4549 τῆς
1016 4478 1109 4532 τοῦ
1140 4479 1344 4550 Κυρίου
1394 4480 1630 4550 ἀγάπης,
1662 4475 1731 4552 ἦς

161 4558 274 4627 ἔχει
300 4561 433 4631 πρὸς
465 4563 557 4615 τὸν
590 4564 834 4635 πλησίον.
859 4567 967 4619 Kal
990 4567 1097 4639 γὰρ
1121 4567 1343 4638 ἐδεήθην
1373 4568 1483 4641 (91)
1505 4569 1597 4621 τοῦ
1626 4588 1730 4623 πα-

159 4651 286 4723 τρὸς
317 4652 474 4723 ἡμῶν
521 4656 731 4722 Ἰακὼϐ,
770 4659 857 4711 ἵνα
882 4659 1244 4731 προσεύξηται
1280 4661 1406 4730 περὶ
1438 4661 1545 4713 τῶν
1579 4662 1729 4715 ἀδελ-

234 4784 342 4854 (88)
382 4788 501 4840 Ρκ’.
533 4788 667 4844 Cod.
696 4787 871 4847 Oxon.
911 4792 1093 4857 habet,
1129 4810 1159 4863 ρ
1189 4810 1223 4846 κ
1255 4800 1315 4846 ε’.
1346 4793 1512 4848 ΟΒΑΒ.

234 4878 680 4958 (θλ-Βενιαμίν..
706 4883 909 4958 Auctor
930 4884 1212 4958 Benjamin
1246 4886 1633 4955 interpretatur
1659 4891 1726 4958 ﬁ-

162 4950 291 5001 lium
316 4948 708 5027 dierum,‘quia
740 4970 769 5006 a
797 4953 966 5027 Jacob
1000 4948 1111 5027 jam
1155 4948 1469 5027 centenario
1512 4948 1725 5027 genitus

163 5027 315 5084 erat;
348 5036 469 5087 quas
506 5022 881 5090 interpretatio
910 5026 1225 5078 conﬁrmari
1272 5026 1484 5080 videtur
1514 5022 1722 5086 ‘Genes.

164 5091 422 5164 1Lt_v,_20,
467 5092 559 5145 ubi
599 5092 881 5161 Benjamin
917 5104 1147 5149 vocatur
1190 5096 1333 5164 ﬁlius
1376 5108 1718 5153 senectulum.

168 5158 363 5236 Ilejlcit
394 5170 594 5236 tamen
618 5158 737 5236 eam
792 5164 1164 5236 Hieronymus
1190 5158 1261 5219 'in
1324 5165 1720 5223 Traditionibus

1835 4478 1970 4524 trem
1993 4466 2451 4537 nostrumiJacob,
2474 4475 2532 4521 ut
2563 4478 2749 4521 oraret
2772 4484 2871 4537 pro
2896 4466 3157 4522 fratribus
3174 4465 3399 4531 nostris,

1832 4571 1894 4617 ut
1941 4578 2049 4616 non
2088 4561 2381 4629 imputaret
2412 4560 2492 4613 eis
2531 4559 2799 4613 Dominus
2841 4561 2989 4629 quod
3045 4565 3399 4634 excogitave-

1830 4665 1959 4710 runt
1980 4655 2181 4709 malum
2222 4654 2288 4708 de
2318 4653 2457 4721 ipso.
2486 4649 2551 4704 Et
2576 4651 2649 4704 ita
2680 4652 2938 4707 clamavit
2966 4652 3135 4708 Jacob
3163 4673 3176 4708 :
3200 4675 3218 4706 ι
3241 4656 3286 4711 Ο
3322 4658 3400 4712 fili

1827 4796 1969 4849 lecto
1998 4792 2241 4865 Syriaca,
2272 4788 2639 4865 quamJaAcobus
2670 4791 2832 4844 modo
2862 4808 2892 4865 e
2921 4792 3076 4865 Syria
3101 4795 3397 4854 adveniens

1828 4866 1966 4919 bene
1995 4860 2071 4919 uti
2104 4872 2334 4934 poterat.
2371 4860 2474 4915 Sed
2507 4876 2614 4915 non
2640 4870 2723 4934 est
2747 4863 2882 4915 tanti
2940 4860 3070 4919 huic
3092 4866 3167 4918 rei
3195 4867 3396 4922 immo--

1828 4936 2051 4988 rari.|n.
2084 4932 2155 4976 $—
2183 4933 2337 4999 Quod
2389 4947 2666 5000 perperam
2706 4932 2983 5003 impugnet
3024 4935 3081 4988 S.
3116 4934 3266 4990 Hier.
3308 4939 3397 4991 in-

1829 5006 2270 5073 terpretationem
2310 5003 2546 5058 auctoris
2596 5003 2792 5067 nostri,
2838 5015 2979 5071 patet
3009 5022 3038 5059 c
3078 5017 3223 5061 textu
3248 5024 3397 5062 mere

1826 5072 2090 5129 llebraico
2148 5092 2267 5143 cap.
2329 5088 2424 5135 χιι,
2466 5088 2609 5125 vers.
2659 5072 2755 5126 nlt.
2801 5075 2921 5128 libri
2978 5076 3237 5139 Danielis,
3301 5079 3394 5132 ubi

1824 5142 2300 5213 expressedegere
2356 5152 2459 5205 est,
2508 5142 2715 5211 absque
2746 5146 3048 5200 variatione
3094 5148 3387 5203 codicum:

169 5187 363 5241 ξιιψιιιιἰ
396 5187 573 5239 tamen
618 5187 737 5217 eam
792 5187 1152 5244 Ilicrouyltlus
1208 5187 1261 5219 In
1328 5187 1720 5248 rraaruonwus
1826 5187 2078 5213 “"I'W'V"
2127 5187 2299 5267 ’νῦν-ν
2357 5187 2377 5199 ι

169 5228 443 5307 yebratcts
475 5233 557 5307 ad
582 5233 636 5285 h.
670 5232 990 5307 l._scrtbens
1021 5254 1033 5288 :
1074 5255 1091 5285 ι
1128 5235 1353 5300 Errant,
1393 5252 1486 5307 qui
1533 5250 1722 5307 putant
1820 5223 1976 5303 ῘὊἮ
2224 5231 2377 5270 Μαί·

165 5299 442 5374 βεηὶοηιίη
487 5302 655 5374 tilium
703 5303 913 5374 dierum
966 5299 1345 5374 interpretari.
1386 5299 1717 5363 Cum-enim

166 5370 720 5446 dexteraappelletur
744 5372 924 5427 Jamin
964 5386 1017 5429 et
1044 5370 1265 5446 finiatur
1290 5377 1342 5429 in
1368 5392 1403 5428 η
1459 5377 1716 5446 litteram,

167 5439 277 5519 dies
305 5439 522 5509 quidem
551 5444 890 5519 appellantur
920 5454 973 5499 et
1014 5447 1125 5519 ipsi
1167 5445 1389 5519 Jamim,
1442 5450 1536 5502 sed
1576 5451 1630 5502 in
1668 5439 1719 5502 ni

165 5509 385 5585 litterarii
415 5509 755 5585 terminatur.
790 5513 844 5567 Si
865 5515 977 5583 jam
1012 5509 1507 5585 interpretationem
1532 5529 1721 5573 aucto-

166 5580 237 5632 ris
272 5579 596 5656 Testamentt:
619 5579 1327 5656 Benjamindefendendam
1355 5589 1713 5656 susciperem,

168 5654 534 5718 responderem
564 5654 744 5709 lamin
769 5672 866 5726 pro
897 5655 1096 5711 .lamim
1135 5668 1415 5727 acceptum
1450 5654 1574 5715 esse
1608 5654 1717 5716 dia-

1894 5309 2006 5450 γε)ογ
2056 5309 2151 5375 Ὡς
2178 5310 2345 5378 κάμέ.
2382 5310 2608 5377 Desunt,
2642 5324 2816 5379 usque
2843 5309 2909 5364 ad
2932 5310 3154 5382 Κύριον.
3185 5310 3353 5364 Casu.

1918 5380 1978 5434 9i
2061 5379 2365 5450 Ἐδεήθηνἶ
2389 5379 2589 5436 Statuit
2613 5391 2803 5435 auctor
2841 5391 3043 5446 noster,
3086 5390 3145 5434 ut
3173 5396 3239 5450 ex
3284 5381 3353 5433 ho

1918 5379 2006 5447 9i)
2061 5379 2356 5447 Ἐδεήθην.
2389 5379 2589 5436 Statuit
2613 5391 2803 5435 auctor
2841 5379 3043 5446 noster,
3086 5390 3145 5434 ut
3173 5396 3239 5433 ex
3284 5381 3392 5433 hoc

1823 5450 1945 5503 loco
1970 5459 2135 5519 patet,
2168 5450 2309 5503 mala
2339 5449 2576 5520 Josepho
2621 5468 2649 5505 a
2678 5452 2941 5505 fratribus
2972 5451 3145 5517 illata,
3177 5449 3388 5503 Jacobo

1822 5521 1963 5590 patri
1987 5522 2200 5574 tandem
2229 5520 2439 5590 detecta
2469 5536 2610 5584 esse,
2636 5523 2779 5589 quod
2822 5532 2877 5576 et
2917 5522 3109 5576 Gencs.
3157 5538 3208 5580 ι.
3240 5536 3382 5590 vers.

1825 5588 1912 5655 16,
1950 5591 2113 5644 claris
2142 5589 2321 5645 verbis
2368 5588 2667 5658 asseritur,’
2688 5606 2752 5647 ac
2794 5593 3020 5660 proinde
3073 5609 3102 5646 a
3144 5588 3402 5647 Rambam

1822 5662 1962 5717 male
1991 5668 2235 5732 negatur.
