3838 6218
500 246 637 302 ms
1549 258 2005 317 rasum“
2042 261 2134 317 xn
2168 260 2780 321 paranacmnua.
3607 268 3742 323 nu.
3809 246 3811 303 l

498 361 722 432 Joseph,
770 369 950 427 vicisti
982 370 1192 431 viscera
1220 372 1389 430 Jacob
1417 376 1588 445 patris
1632 378 1731 432 tui.
1773 397 1791 430 ι
1838 377 1903 433 Ει
1946 394 2014 433 an

2224 376 2283 430 Iw
2308 378 2487 447 ἡμῶν,
2515 379 2602 432 ἴνα
2639 379 2712 450 μὴ
2741 377 3022 450 λογίσηται
3055 377 3236 443 αὐτοῖς
3257 377 3485 451 Κύριος,
3510 378 3606 433 ὅτε
3634 379 3740 447 (92)

502 458 729 528 plexans
755 476 903 529 eum;
934 478 1031 533 per
1051 464 1189 521 duas
1217 465 1385 521 horas
1413 468 1768 523 osculabatur
1794 484 1946 536 eum,
1973 469 2018 524 di

2228 472 2575 544 εθυμήθησαν
2608 474 2841 545 πονηρὸν
2879 475 3002 546 περὶ
3033 474 3217 529 αὐτοῦ.
3258 476 3370 528 Καὶ
3394 473 3580 539 οὕτως
3618 475 3741 527 ἐθόα

499 565 631 608 cens
659 570 672 607 :
706 571 726 604 ι
764 553 1162 623 Adimplebitur
1192 555 1249 609 in
1280 565 1331 611 te
1356 558 1636 627 pr0phetia
1664 559 1788 615 caali
1818 560 1884 615 de
1907 560 2015 630 Agn

2225 563 2404 618 ακώϐ·
2457 583 2476 616 ι
2528 560 2599 617 Ὦ
2651 564 2841 620 τέκνον
2903 564 3099 636 Ἰωσὴφ
3151 564 3283 637 (95),
3339 564 3617 635 ἐνίκησας
3676 566 3741 617 τά

501 641 597 698 Dei
624 653 677 698 et
703 642 984 700 Salvatore
1017 647 1230 713 mundi,
1259 649 1404 717 quod
1427 650 1810 706 immaculatus
1842 667 1941 721 pro
1962 653 2014 707 in

2223 654 2446 726 ιλάγχνα
2484 654 2678 711 ’ἰακὼό
2710 654 2804 709 τοῦ
2831 656 3037 727 πατρός
3070 673 3182 709 σου.
3217 675 3235 708 ι
3272 657 3383 709 Καὶ
3416 654 3739 727 περιλαϐὼν

500 737 627 807 quis
670 737 943 805 tradetur;
978 747 1035 793 et
1083 741 1177 809 qui
1220 741 1340 796 sine
1369 754 1595 811 peccato
1639 750 1724 798 est
1752 758 1852 813 pro
1881 743 2012 813 impi

2223 742 2343 806 ιτὸν,
2377 742 2470 795 δύο
2501 743 2647 814 ὧρας
2673 744 2977 815 κατεφίλει,
3013 745 3188 813 λέγων
3209 763 3222 775 ·
3262 764 3281 797 ι
3304 745 3739 815 Πληρωθήσετιι

496 827 769 907 ςιηοτίειιιιο
829 828 883 882 in
944 832 1212 899 sanguine
1271 828 1645 895 Testamenti,
1711 829 1769 884 in
1831 830 2012 885 salute:

2220 834 2251 885 :l.
2283 834 2366 887 σοὶ
2388 836 2689 906 προφητεία
2719 836 2947 908 οὐρανοῦ
2982 839 3108 909 περὶ
3126 836 3219 891 τοῦ
3235 836 3430 907 Ἀμνοῦ
3444 835 3546 889 τοῦ
3584 836 3736 901 Θεοῦ,

500 916 667 973 ls'rael
692 926 746 972 et
774 919 1037 989 gentium,
1061 928 1115 975 et
1139 920 1383 975 destruet
1410 920 1584 977 Beliar
1613 931 1667 977 et
1688 921 2016 977 ministranti

2223 925 2251 978 Li.
2275 926 2527 998 Σωτῆρος
2566 927 2661 982 τοῦ
2696 928 2921 999 κόσμου,
2950 930 3031 983 ὅτι
3070 928 3296 999 ἀμωμος
3328 929 3479 998 ὑπὲρ
3520 928 3739 997 ἀνόμων

497 1010 570 1065 ei.
604 1029 623 1062 ι

2222 1015 2613 1088 ιραδοθήσεται,
2650 1019 2742 1072 καὶ
2765 1019 3145 1089 ἀναμάρτητος
3183 1018 3323 1088 ὑπὲρ
3346 1018 3572 1071 ἀσεϐῶν
3605 1019 3738 1070 ἀπο-

498 1100 735 1156 θανεῖται
778 1105 835 1157 ὲν
868 1105 1055 1176 αἵματι
1095 1106 1376 1179 διαθήκης,
1412 1107 1505 1159 ἐπὶ
1551 1107 1790 1178 σωτηρία
1848 1106 2063 1179 Ἰσραὴλ
2100 1110 2335 1164 καὶτῶν
2358 1110 2547 1176 ὲθνῶν,
2583 1112 2676 1167 καὶ
2702 1116 3034 1185 καταργήσει
3084 1112 3194 1184 (94)
3230 1112 3427 1183 Βελιάρ
3476 1113 3578 1165 καὶ
3617 1113 3741 1175 τοὺς

497 1196 899 1267 ὑπηρετοῦντας
932 1199 1097 1269 αὐτῷ.
1125 1219 1145 1251 ι
2734 1246 2739 1251 .

564 1302 653 1357 IV.
696 1324 714 1356 ι
750 1306 959 1372 Videte,
1009 1308 1103 1363 ﬁlii
1132 1350 1147 1375 ,
1210 1309 1340 1365 boni
1395 1310 1499 1365 viri
1542 1309 1733 1377 linem;
1768 1308 2059 1365 imitamini

2229 1294 2301 1344 A'.
2337 1310 2355 1342 ι
2390 1291 2594 1357 ΕΓδετε,
2628 1292 2811 1357 τέκνα,
2846 1291 2940 1346 τοῦ
2973 1291 3177 1361 ἀγαθοῦ
3214 1292 3404 1363 ἀνδρὸς
3448 1292 3517 1345 τὸ
3551 1291 3736 1354 τέλος

494 1394 549 1448 in
581 1395 723 1449 bona
749 1405 929 1451 mente
957 1398 1391 1455 misericordiam
1425 1401 1620 1471 ipsius,
1653 1410 1713 1456 ut
1739 1410 1794 1456 et
1830 1418 1931 1458 vos
1965 1417 2010 1457 οι

2230 1385 2474 1457 μήσασθε
2507 1386 2565 1438 ὲν
2597 1385 2773 1456 ἀγαθῇ
2808 1384 3016 1456 διανοίᾳ
3047 1384 3147 1457 τὴν
3192 1382 3606 1453 εὐσπλαγχνίαν
3640 1385 3738 1435 αὑ-

491 1484 644 1539 ronis
682 1486 864 1555 gloria:
901 1487 1226 1544 induamini.
1256 1489 1443 1547 Bonus
1470 1492 1635 1547 homo
1658 1506 1767 1545 non
1793 1492 1955 1545 habet
1978 1499 2007 1545 ιι

2223 1476 2271 1540 ῦ,
2320 1477 2407 1532 ἵνα
2453 1479 2545 1530 καὶ
2593 1477 2752 1547 ὑμεῖς
2803 1476 3097 1545 στεφάνους
3142 1475 3297 1545 δόξης
3332 1476 3637 1547 φορέσητε.
3683 1475 3739 1528 '0

489 1576 785 1631 nebrosum
802 1579 1043 1647 oculum;
1064 1582 1354 1637 miseretur
1371 1584 1519 1637 enim
1541 1584 1821 1649 omnibus,
1842 1584 2003 1639 etiam

2226 1568 2359 1634 ἀθὸς
2387 1569 2669 1639 ἄνθρωπος
2694 1569 2793 1621 οὐκ
2818 1567 2928 1639 ἔχει
2955 1567 3222 1621 σκοτεινὸν
3247 1567 3531 1637 ὀφθαλμόν
3548 1584 3561 1596 ·
3599 1567 3742 1620 ὲ).εεί

488 1667 602 1723 sint
640 1678 976 1738 peccatores,
1009 1673 1266 1741 quamvis
1314 1674 1535 1728 inierint
1566 1675 1797 1729 consilia
1840 1675 1906 1729 de
1933 1674 2004 1743 ips

2222 1676 2260 1732 ,ρ
2295 1661 2519 1725 πάντας,
2559 1658 2659 1713 κᾶν
2689 1653 2819 1717 ὦσιν
2854 1658 3184 1729 ἁμαρτωλοὶ,
3220 1658 3323 1712 κᾶν
3361 1657 3738 1729 βουλεύωνται

487 1758 652 1812 mala.
697 1758 796 1816 Hic
838 1760 1187 1818 benefaciens
1217 1765 1388 1821 vincit
1420 1766 1627 1819 malum
1648 1806 1662 1831 ,
1699 1774 1977 1835 protectus

2229 1752 2279 1822 pl
2302 1751 2483 1835 αὐτοῦΔ
2500 1753 2581 1815 είς
2616 1750 2725 1822 (95)
2753 1752 2916 1805 κακά.
2942 1746 3112 1814 Οὗτος
3143 1749 3493 1818 ἀγαθοποιῶν
3528 1752 3661 1821 νικᾷ
3678 1749 3740 1802 τὸ

485 1849 853 1922 bono,justos
881 1870 1010 1910 vero
1044 1856 1241 1927 diligit,
1269 1867 1330 1912 ut
1360 1858 1599 1913 animam
1624 1824 1801 1912 suam.
1842 1856 1899 1912 Si
1925 1873 1997 1927 qu

2225 1843 2339 1907 κὸν,
2370 1824 2773 1914 σκε⁶παξόμενος
2812 1842 2920 1913 (96)
2967 1843 3072 1895 ὑπὸ
3104 1840 3197 1894 τοῦ
3224 1840 3433 1910 ἀγαθοῦ
3455 1858 3471 1870 ·
3514 1842 3651 1903 τοὺς
3680 1840 3736 1892 δὲ

486 1943 841 2014 gloriﬁcatur,
863 1962 975 2004 non
1016 1949 1250 2017 invidet;
1276 1951 1323 2007 si
1352 1952 1476 2020 quis
1518 1950 1741 2017 ditatur,
1795 1966 1902 2006 non
1935 1951 2002 2005 zel

2224 1932 2389 1995 ιαίους
2423 1932 2627 2002 ἀγαπᾷ,
2660 1931 2735 1994 ὡς
2765 1930 2863 2002 τὴν
2886 1930 3061 2001 ψυχὴν
3082 1927 3265 1983 αὑτοῦ.
3317 1928 3447 1981 Ἐάν
3472 1945 3561 1991 τις
3584 1927 3740 1994 δοξά-

484 2047 761 2107 movetur;
781 2040 828 2096 si
843 2041 968 2110 quis
991 2040 1145 2097 fortis
1163 2052 1266 2109 est,
1291 2018 1438 2097 hunc
1466 2044 1678 2109 laudat;
1699 2051 1911 2098 castum
1930 2058 2000 2097 ιιι-ι

2218 2040 2328 2086 ται,
2379 2025 2437 2077 οὺ
2475 2023 2684 2091 φθονεῖ·
2723 2024 2816 2076 ἐάν
2856 2040 2940 2086 τις
2975 2022 3208 2085 πλουτεῖ,
3267 2021 3327 2075 οὐ
3395 2018 3596 2090 ζηλοῖ·
3636 2022 3733 2075 ἐάν

483 2131 642 2197 deus,
676 2132 890 2199 laudat;
941 2136 1165 2203 pauperi
1204 2135 1523 2203 miseretur;
1562 2136 1780 2190 inlirmo
1827 2151 1999 2205 comp:

2218 2130 2229 2177 ;
2285 2113 2561 2183 ἀνδρεῖος,
2627 2113 2874 2166 ἐπαινεῖ·
2935 2111 3027 2165 τὸν
3094 2110 3345 2182 σώφρονα
3410 2110 3734 2173 πιστεύων,

484 2222 654 2289 titur;
698 2223 867 2278 Deum
914 2226 1133 2291 laudat;
1162 2241 1286 2281 eum
1314 2228 1407 2296 qui
1453 2228 1614 2282 habet
1639 2226 1740 2282 Dei
1772 2203 2000 2281 timoren

2220 2207 2309 2258 ,νεῖ
2322 2206 2452 2276 (97)-
2471 2206 2560 2259 τὸν
2579 2205 2781 2275 πένητα
2802 2204 2957 2258 ἐλεεῖ·
2977 2204 3053 2274 τῷ
3069 2204 3282 2258 ἀσθενεῖ
3299 2204 3583 2273 συμπαθεῖ
3599 2203 3736 2273 (98)·

481 2311 747 2377 protegit;
774 2310 1021 2382 diligenti
1052 2312 1222 2366 Deum
1250 2291 1613 2383 cooperatur;
1663 2316 1997 2385 reprobantel

2219 2310 2237 2344 ν
2269 2291 2400 2345 Θεὸν
2426 2293 2652 2364 ἀνυμνεῖ
2670 2310 2681 2321 ·
2709 2294 2799 2346 τὸν
2822 2291 3013 2361 ἔχοντα
3048 2291 3209 2361 φόϐον
3236 2292 3346 2363 (99)
3374 2291 3539 2356 Θεοῦ,
3565 2295 3735 2364 ὑπερ-

479 2399 824 2456 Altissimum
852 2443 869 2469 ,
928 2404 1228 2463 admonens
1277 2382 1589 2474 convertit;
1646 2382 1995 2462 et'habentei

2212 2382 2364 2447 ’πίζει
2427 2383 2617 2436 αὑτοῦ·
2666 2382 2744 2454 τῷ
2782 2384 3065 2453 ἀγαπῶντι
3115 2385 3206 2438 τὸν
3251 2385 3386 2439 Θεὸν
3435 2388 3728 2457 συνεργεῖ’

479 2493 713 2563 gratiam
757 2496 982 2565 spiritus
1028 2497 1179 2564 boni,
1231 2498 1410 2571 diligit
1441 2470 1746 2555 secundum
1804 2500 1995 2554 animal

2211 2490 2235 2524 ν
2276 2471 2566 2526 ἀθετοῦντα
2597 2472 2689 2526 τὸν
2727 2473 3006 2543 Ὕψιστον,
3060 2475 3327 2529 νουθετῶν
3363 2477 3727 2546 ἐπιστρέφει·

478 2561 658 2641 gnam.
787 2561 803 2565 ⁷
1165 2561 1173 2564 ⁷
1334 2561 1362 2571 ν
2146 2561 2241 2615 καὶ
2272 2562 2363 2615 τὸν
2381 2561 2571 2633 ἔχοντα
2594 2564 2749 2635 χάριν
2770 2564 3081 2635 πνεύματος
3107 2565 3330 2633 ἀγαθοῦ,
3359 2567 3557 2638 ἀγαπᾷ
3590 2566 3733 2621 κατά

2216 2670 2243 2704 ν
2275 2652 2449 2705 dwth
2482 2652 2662 2705 αὑτοῦ.

548 2721 615 2776 ν.
649 2742 667 2774 ι
712 2721 770 2778 Si
824 2724 1071 2780 habeatis
1104 2726 1300 2781 bonam
1334 2736 1593 2792 mentem,
1626 2727 1754 2790 lilii,
1808 2736 1864 2783 et
1914 2728 2043 2783 mali

2216 2670 2243 2704 ν
2275 2651 2449 2722 ψυχὴν
2482 2652 2662 2705 αὑτοῦ.

2214 2746 2289 2800 E'.
2330 2766 2348 2798 ι
2403 2746 2526 2801 Ἐὰν
2564 2746 2723 2816 ἔχητε
2756 2746 2966 2819 ἀγαθὴν
3016 2746 3273 2811 διάνοιαν,
3323 2747 3520 2809 τέκνα,
3555 2748 3652 2800 καὶ
3680 2748 3729 2800 οἱ

476 2811 729 2870 homines
750 2816 1184 2884 paciﬁcabuntur
1201 2818 1386 2884 vobis;
1407 2827 1461 2871 et
1490 2819 1758 2874 luxuriosi
1787 2836 1992 2875 reverel

2215 2838 2368 2908 νηροὶ
2401 2811 2677 2909 ἀνθρωποί
2712 2811 3117 2909 εἰρηνεῦσουσιν
3141 2840 3289 2909 ὑμῖν,
3324 2839 3421 2891 καὶ
3440 2840 3492 2891 οἱ
3529 2838 3730 2891 ἄτοποι

476 2913 559 2958 tes
581 2918 699 2970 vos,
718 2914 1099 2959 convertentur
1123 2907 1177 2960 in
1208 2908 1516 2973 bonum;et
1541 2909 1690 2962 avari
1723 2925 1827 2964 non
1861 2911 1992 2965 solm

2213 2907 2475 2994 Ξεσθέντες
2509 2907 2672 3000 ῦμᾶς,
2709 2907 3133 3002 ἐπιστρέφουσιν
3166 2907 3247 2992 είς
3282 2928 3513 2996 ἀγαθὸν,
3552 2929 3647 2980 καὶ
3680 2930 3729 2981 οί

475 2996 729 3050 recedent
756 3011 785 3049 a
811 2996 1090 3064 passione,
1143 2997 1238 3051 sed
1281 3014 1401 3067 qua:
1433 3001 1900 3067 superabundant,
1934 3001 1991 3056 da

2216 3019 2457 3073 εονέκται
2488 3020 2548 3073 οὐ
2586 3020 2743 3089 μόνον
2767 3021 3165 3091 ἀποστήσονται
3198 3019 3291 3073 τοῦ
3326 3019 3558 3084 πάθους,
3596 3017 3730 3071 ἀλλά

473 3086 612 3141 bunt
655 3086 884 3142 aiﬂictis.
920 3086 977 3141 Si
1007 3087 1380 3155 benefaciatis,
1410 3099 1465 3144 et
1498 3090 1764 3144 immundi
1813 3092 1989 3161 spiritu

2208 3112 2235 3163 ,ὶ
2266 3112 2335 3165 τὰ
2357 3111 2501 3183 (100)
2521 3086 2619 3182 τῆς
2642 3111 2953 3175 πλεονεξίας
2966 3086 3205 3165 ’δώσουσι
3227 3114 3340 3173 τοῖς
3362 3110 3724 3180 θλιϐομένοις.

474 3180 683 3251 fugient
725 3196 754 3233 a
787 3181 959 3244 vobis,
1004 3192 1058 3235 et
1088 3182 1219 3251 ipsa;
1249 3182 1435 3238 bestiae
1465 3183 1731 3239 timebunt
1768 3200 1883 3240 vos.
1937 3185 1990 3241 υ]

2213 3203 2276 3256 ἀν
2294 3198 2391 3274 ἦτε
2411 3202 2881 3272 ἀγαθοποιοῦντες,
2908 3203 3001 3255 καὶ
3020 3203 3089 3255 τὰ
3111 3202 3398 3273 ἀκάθαρτα
3436 3202 3728 3273 πνεύματα

473 3274 619 3327 enim
648 3281 731 3327 est
757 3273 1026 3327 bonorum
1060 3289 1288 3343 operum
1316 3275 1482 3328 timor
1525 3275 1602 3346 (l)
1638 3276 1691 3328 in
1722 3285 1925 3341 mente,
1961 3286 1989 3331 ιι

2211 3273 2394 3363 ύξεται
2422 3297 2513 3366 ἀφ’
2538 3295 2711 3368 ὑμῶν,
2740 3297 2833 3350 καὶ
2867 3295 3006 3349 αὐτὰ
3038 3295 3105 3347 τὰ
3144 3295 3306 3366 θηρία
3349 3293 3726 3365 φοϐηθήσεται

474 3365 657 3419 nebraa
693 3363 899 3434 fugient
926 3364 995 3419 ab
1018 3379 1104 3420 eo.
1154 3365 1211 3419 Si
1242 3366 1388 3420 enim
1442 3366 1640 3435 injuria
1686 3366 1884 3422 alliciat
1914 3384 1984 3438 qu

2210 3389 2301 3452 ἃς.
2355 3363 2524 3441 Ὅπου
2559 3363 2667 3458 γάρ
2707 3388 2784 3442 ἔνι
2822 3389 2983 3457 φόϐος
3035 3388 3111 3459 (2)
3160 3363 3382 3455 ἀγαθῶν
3416 3363 3600 3457 ἔργων
3651 3389 3726 3449 εἰς

473 3465 723 3510 sanctum
768 3457 969 3522 virum,
1003 3457 1259 3525 pcnnitet;
1296 3458 1589 3512 miseretur
1617 3458 1759 3512 enim
1815 3469 1989 3514 sancti

2210 3482 2394 3543 ινοιαν,
2427 3482 2487 3536 τὸ
2512 3457 2699 3545 σκότος
2726 3457 3108 3551 ἀποδιδράσκει
3139 3478 3304 3532 αὐτοῦ
3322 3478 3423 3550 (5).
3466 3479 3597 3532 Ἐὰν
3621 3478 3726 3547 γὰρ

472 3548 699 3619 injurio,
734 3558 787 3603 et
816 3550 958 3604 silet.
990 3548 1053 3604 Et
1084 3551 1130 3605 si
1159 3550 1284 3620 quis
1314 3551 1549 3604 animam
1578 3551 1780 3621 justam
1812 3554 1988 3623 prodal

2213 3574 2337 3646 ρίσῃ
2368 3592 2451 3638 τις
2492 3573 2657 3644 ἄνδρα
2690 3573 2855 3637 ὅσιον,
2895 3548 3175 3643 μετανοεῖο
3226 3548 3528 3641 ἐλεεῖ-γὰρ
3580 3570 3726 3631 ὅσιος

468 3641 715 3710 etjustus
738 3655 901 3696 orans
919 3640 986 3695 ad
1010 3640 1285 3695 modicum
1302 3641 1635 3708 humilietur,
1661 3652 1844 3710 postea
1867 3642 1979 3695 mul

2210 3640 2228 3717 ir
2260 3640 2516 3736 λοίδορον,
2542 3640 2636 3718 καὶ
2669 3666 2866 3735 σιωπᾷ.
2896 3640 3014 3718 Κάν
3046 3680 3129 3727 τις
3150 3662 3327 3733 ψυχὴν
3351 3640 3578 3713 δικαίαν
3604 3674 3726 3731 προ·

470 3733 670 3787 clarior
704 3742 951 3802 apparet,
1010 3732 1193 3803 qualis
1248 3732 1427 3789 factus
1485 3740 1571 3787 est
1624 3730 1824 3802 Joseph
1867 3732 1986 3787 frau

2208 3758 2276 3827 ἶη,
2313 3730 2417 3810 καὶ.
2439 3758 2468 3809 ό
2503 3756 2709 3820 δίκαιος
2743 3730 3175 3827 προσευχόμενος
3396 3753 3587 3821 ὀλίγον
3629 3730 3724 3805 τα-

468 3840 646 3879 ωθυδ·
2137 3845 2395 3918 πεινωθῇ,
2425 3845 2542 3916 μετ’
2566 3848 2626 3900 οὐ
2659 3847 2793 3901 πολὺ
2829 3844 3177 3916 φαιδρότερος
3210 3842 3597 3914 ἀναφαίνεται,
3616 3837 3724 3905 οἷος

2135 3941 2358 4009 γέγονεν
2404 3939 2598 4011 Ἰωσὴφ
2623 3942 2650 3993 ό
2672 3939 2897 4008 αδελφός
2923 3956 3022 4009 μου
3049 3937 3146 4009 (ιι).

546 4021 630 4079 γι.
669 4042 689 4076 ι
724 4023 1029 4079 Consilium
1061 4022 1193 4077 boni
1235 4021 1337 4077 viri
1368 4038 1475 4078 non
1506 4032 1590 4079 est
1632 4025 1686 4077 in
1719 4039 1885 4078 manu
1923 4025 2035 4094 spi-

2208 4038 2297 4103 ς’.
2331 4056 2349 4087 ι
2371 4036 2444 4090 Τὸ
2474 4034 2775 4089 διαὸούλιον
2796 4034 2888 4087 τοῦ
2914 4033 3119 4102 ἀγαθοῦ
3147 4032 3336 4101 ἀνδρὸς
3353 4031 3458 4084 οὐκ
3486 4030 3639 4085 ἔστιν
3667 4031 3721 4081 ἐν

465 4115 607 4172 ritus
632 4118 837 4171 erroris
866 4116 1061 4171 Beliar.
1096 4116 1340 4185 Angelus
1369 4117 1514 4171 enim
1552 4116 1705 4187 pacis
1731 4120 1882 4173 ducit
1911 4133 1979 4172 an

2204 4130 2277 4199 ιρὶ
2305 4127 2510 4198 πλάνης
2534 4126 2842 4197 πνεύματος
2866 4126 3083 4197 Βελιάρ.
3134 4126 3191 4177 Ὁ
3213 4124 3321 4195 γὰρ
3356 4124 3597 4193 ἄγγελος
3626 4124 3720 4192 τῆς

470 4224 619 4263 mam
660 4210 854 4279 ipsius.
906 4208 1025 4263 Non
1068 4209 1263 4277 aspicit
1302 4224 1427 4263 cum
1472 4209 1666 4263 ali‘ectu
1712 4210 1986 4278 corruptib

2198 4223 2355 4295 ρήνης
2387 4221 2570 4292 ὁδηγεῖ
2601 4221 2699 4291 τὴν
2737 4219 2913 4289 ψυχὴν
2938 4217 3124 4271 αὐτοῦ.
3164 4217 3277 4288 Οὐχ
3308 4218 3413 4287 ὁρᾷ
3446 4216 3714 4287 ἐμπαθῶς

464 4304 560 4370 lia,
590 4319 767 4373 neque
788 4310 1081 4372 congregat
1106 4302 1323 4357 divitias
1352 4302 1404 4356 in
1427 4302 1755 4358 desiderium
1788 4303 1980 4372 volupt.

2195 4316 2246 4377 ῖς
2268 4313 2525 4385 φθαρτοῖς
2537 4312 2631 4382 (5),
2653 4311 2775 4364 οὐδὲ
2794 4310 3013 4378 συνάγει
3035 4308 3258 4362 πλοῦτον
3275 4311 3356 4371 είς
3378 4308 3711 4379 φιληδονΞαν·

464 4399 567 4465 tis;
598 4412 708 4452 non
736 4395 1041 4451 delectatur
1069 4395 1364 4463 voluptate,
1398 4409 1505 4448 non
1574 4396 1861 4450 contristat
1901 4411 2029 4465 pro-
2059 4366 2105 4420 θ
2132 4406 2191 4458 οὐ
2208 4366 2465 4476 έέξλπειξαι
2686 4403 2744 4455 οὐ
2763 4402 2924 4454 λυπεῖ
2940 4366 3040 4454 ’τὸν
3061 4399 3303 4469 πλησίον,
3321 4366 3424 4450 οὐξι
3442 4366 3715 4468 ὲμξπιπλξ.

463 4491 696 4556 ximum,
726 4504 835 4544 non
864 4488 1123 4557 impletur
1144 4487 1286 4554 cibo,
1318 4502 1425 4540 non
1446 4494 1595 4541 errat
1616 4487 1672 4540 in
1696 4488 1979 4549 elationibt

2194 4514 2219 4549 ιι
2240 4497 2444 4567 τροφῆς
2472 4495 2642 4565 (6),οὐ
2672 4494 2935 4547 πλανᾶται
2970 4492 3365 4563 μετεωρισμοῖς
3394 4491 3710 4562 ὀφθαλμῶν·

463 4583 787 4649 oculorum;
822 4580 1088 4637 Dominus
1127 4580 1269 4634 enim
1320 4595 1449 4649 pars
1496 4587 1582 4633 est
1629 4580 1769 4649 ejus.
1817 4578 1979 4635 Βοηιι]

2195 4586 2333 4657 ΰριος
2366 4586 2473 4655 γάρ
2505 4586 2620 4636 ἐστι
2654 4583 2810 4655 μερὶς
2841 4580 3037 4653 αὑτοῦ.
3083 4581 3156 4633 Τὸ
3181 4580 3383 4648 ἀγαθὸν
3411 4582 3711 4634 διαϐοῦλιον

464 4677 753 4731 consilium
779 4690 888 4729 non
908 4674 1101 4745 recipit
1129 4673 1313 4745 gloriae
1327 4681 1379 4726 et
1395 4672 1677 4727 dedecoris
1706 4672 1980 4727 hominum

2196 4695 2229 4730 κ
2248 4675 2550 4746 ἐπιδέχεται
2569 4674 2723 4744 δόξης
2739 4676 2832 4728 καὶ
2848 4675 3067 4745 ἀτιμίας
3084 4673 3179 4727 ἀνθ
3190 4672 3407 4744 ρώπων,
3427 4675 3525 4726 καὶ

462 4777 519 4824 et
551 4770 721 4825 ullum
754 4771 941 4827 dolum
970 4772 1052 4827 vel
1075 4768 1438 4833 mendacium,
1468 4780 1706 4836 pugnam
1730 4765 1812 4821 vel
1836 4774 1978 4822 conti

2190 4770 2278 4822 λον
2319 4769 2351 4839 ἢ
2386 4767 2579 4837 ψεῦδος
2622 4768 2717 4837 (7),
2764 4767 2941 4837 μάχην
2987 4764 3081 4818 καὶ
3114 4764 3381 4837 λοιδορίαν
3432 4765 3539 4817 οὐκ
3572 4762 3703 4818 οἶδε’

531 5122 551 5324 3

555 4906 647 4977 9‘2)
688 4908 835 4961 Ὅτε.
876 4909 1020 4960 Ὀτι.
1049 4907 1221 4963 Gmn.
1274 4974 1293 4977 _
2132 4909 2223 4963 hic
2247 4904 2950 4977 signiﬁcetur,avaros,ubi
2983 4902 3439 4977 pcenituerint,in
3465 4918 3702 4971 pugnam,

697 4977 928 5046 Ἰωσήφ.
949 4981 1083 5050 -Χρη
1093 4978 1238 5030 στόν.
1274 4974 1351 5050 In.
1484 5042 1501 5050 _

2189 4994 2247 5031 ve
2278 4972 2339 5050 ιιί
2365 4976 2891 5050 voceecclesiastica
2920 4972 3062 5050 utar,
3112 4972 3583 5037 satisfactionem,
3616 4988 3705 5041 pro

551 5042 645 5170 94)
685 5042 1083 5117 Κατα’γήσὲιξ
1123 5045 1452 5101 Καταλύσει.
1484 5042 1557 5098 In.

551 5116 619 5170 95
681 5121 786 5170 Elc
832 5067 1009 5170 [ξορα.
1040 5118 1116 5170 In;

2177 5048 2365 5102 ristina
2423 5047 2660 5102 habendi
2703 5046 2960 5115 cupidine
3012 5045 3392 5114 eleemosynas
3446 5057 3693 5115 erogare.

2177 5138 2207 5170 ι.

681 5121 786 5173 Elc
832 5118 1009 5173 Deest.
1040 5118 1116 5172 In;
2133 5118 2207 5172 In.

555 5138 621 5201 aa
681 5138 786 5182 mc
832 5138 1009 5173 ueesr.
1040 5138 1116 5172 ιι).

555 5138 645 5259 9(3)
683 5187 1144 5259 Σκεπαζόμενος.
1178 5181 1635 5259 Σκεπόμενοςζίι).
1667 5252 1678 5259 _
1820 5250 1831 5259 ι

2133 5138 2281 5254 ID.(i)
2327 5187 2529 5242 Timor.
2552 5183 2978 5259 Lamennjuxta
3017 5183 3189 5259 Graec.
3220 5181 3402 5259 Oxon.
3429 5181 3506 5238 in.

554 5250 642 5326 97)
695 5259 828 5311 Ἐάν
865 5250 959 5324 tu}
999 5250 1288 5325 ἀνδρεῖος,
1332 5250 1584 5307 ὲζτταινεῖ·
1620 5252 1727 5305 τὸν
1755 5250 2033 5322 σώφρονα

1786 5250 2033 5322 -ώφρονα
2202 5250 2277 5326 (2)
2320 5259 2525 5323 Φόϐος.
2549 5254 2668 5319 Φῶς
2700 5250 2956 5326 ἰηίΟὶοη.
2982 5254 3198 5326 melius.
3226 5252 3302 5308 in.

466 5325 777 5392 notetur,
804 5329 993 5396 ὑμνεῖ.
1026 5327 1248 5382 Desunt.
1279 5326 1359 5396 In.
1422 5393 1446 5396 _
1674 5390 1686 5396 _

1674 5390 1686 5396 _
2202 5325 2278 5396 (5)
2314 5328 2531 5381 Αὐτοῦ.
2575 5326 2692 5380 Ἀπ’
2718 5325 2983 5379 additum.
3015 5325 3090 5377 In.

554 5332 777 5392 rtszim',
804 5332 993 5396 ὑμνεῖ.
1026 5332 1248 5382 Desunt.
1279 5332 1350 5378 In.

554 5397 643 5468 98)
689 5397 771 5462 Τῷ
801 5395 1387 5468 ἀσθενεῖνο-υμπαρεῖ.
1418 5393 1641 5448 Desunt.
1672 5390 1747 5447 in.
1792 5462 1803 5468 Δ

2225 5332 2257 5381 5
2314 5332 2531 5381 Αὐτοῦ.
2575 5332 2692 5380 Ἀπ’
2718 5332 2983 5379 additum.
3015 5332 3091 5377 In.

2202 5332 2278 5468 (Α)
2313 5397 2441 5468 Κᾶν
2467 5414 2620 5461 τις...
2642 5395 2905 5468 ἀδελφός
2926 5411 3063 5468 μου.
3098 5392 3322 5468 Desunt.
3353 5392 3432 5448 ID.

559 5462 646 5545 99)
692 5468 800 5545 Τὸν
814 5469 1030 5545 έχοντα
1048 5462 1252 5545 φόᾷοις.
1271 5465 1485 5520 Omissa
1506 5472 1633 5520 sunt
1658 5462 1838 5518 omnia
1858 5477 2032 5531 usque

1728 5462 1838 5518 mia
1858 5477 2032 5531 usque
2320 5467 2445 5545 ἶοῐς
2467 5462 2877 5545 ςξθαρξοῖς.”Τά
2890 5463 3137 5545 φθαρτά.
3170 5462 3244 5518 In.

463 5537 529 5590 ad
565 5534 726 5591 tinem
762 5534 924 5607 hujus
955 5538 1182 5606 periodi.
1212 5536 1287 5590 In.

536 5604 681 5659 (lUOi
726 5607 819 5659 Τά.
842 5607 993 5659 Τίσιν
1013 5606 1175 5659 habet
1219 5605 1341 5659 cod.
1369 5604 1545 5659 Oxon.
1581 5620 1703 5659 oua:
1729 5619 1833 5657 vox
1863 5603 1977 5659 sign

1879 5603 1905 5629 ,-
1988 5602 1997 5612 .
2201 5534 2276 5659 (6)
2321 5534 2565 5605 Τροφῖῆς.
2607 5534 2851 5607 Τρυφῆς.
2890 5534 2963 5616 1P.

1454 5621 1545 5659 on.
1581 5620 1703 5659 qua:
1729 5619 1833 5657 vox
1863 5620 2030 5659 smm-
2204 5606 2251 5659 l7
2323 5608 2388 5659 Τὸ
2420 5607 2730 5659 drawn...
2753 5606 2789 5659 ἢ
2811 5605 2963 5659 ψευδ

536 5604 681 5677 (ιυο)
726 5607 819 5661 Τά.
834 5602 993 5661 Τίσίν
1013 5606 1175 5661 habet
1219 5605 1341 5661 cod.
1369 5604 1545 5660 Oxon.
1581 5620 1703 5673 qua:
1729 5602 2030 5677 voxsigni-

1912 5602 2030 5672 gni-
2204 5602 2276 5673 (7)
2323 5602 2388 5664 Τὸ
2420 5602 3055 5677 ἆτὰθὸνξ...ίῆ⁷ψεῦδος.
3090 5603 3311 5661 Desunt.
3340 5602 3421 5661 in.

465 5674 589 5732 ﬁcat
634 5674 889 5745 pmnam;
926 5679 1062 5734 adeo
1107 5686 1165 5732 ut
1192 5677 1491 5732 secundum
1543 5685 1702 5731 istam
1738 5674 2027 5730 lectionem
