3838 6218
176 272 315 328 1145

1320 267 1844 326 TESTAMENTUM
1882 266 2233 323 BENJAMIN.

3263 275 3401 330 1116

172 382 377 453 Κύριος
401 383 507 452 γὰρ
530 384 586 435 ἐν
608 382 757 455 αὗτῷ
780 386 1042 449 κατοικεῖ,
1066 384 1158 441 καὶ
1185 385 1407 456 φωτίζει
1434 384 1611 455 ψυχὴν
1634 383 1728 438 αύ-

1836 388 2048 442 meliam
2073 402 2181 443 non
2210 386 2393 452 novit;
2435 385 2699 443 Dominus
2724 388 2871 442 enim
2902 387 2958 441 in
2990 402 3056 443 eo
3085 388 3318 453 habitat,
3345 404 3400 447 et

170 474 288 540 τοῦ,
336 475 429 527 καὶ
470 474 646 546 χαίρει
692 475 827 547 πρὸς
872 476 1080 542 πάντας
1129 479 1187 531 ἐν
1219 478 1383 530 παντὶ
1422 474 1617 545 καιρῷ.
1670 475 1735 527 Ἦ

171 566 351 639 ἀγαθὴ
397 565 604 619 διάνοια
644 567 745 619 οὐκ
775 566 886 637 ἔχει
920 566 1013 620 δύο
1053 565 1323 636 γλώσσας,
1364 566 1610 635 εὐλογίας
1644 568 1736 620 καὶ

170 659 431 729 κατάρας,
454 657 660 729 ῦόρεως
678 660 772 712 καὶ
792 660 973 729 τιμῆς,
996 658 1170 729 λύπης
1191 660 1284 711 καὶ
1297 661 1488 730 χαρᾶς,
1506 659 1735 730 ἡσυχίας

169 751 266 802 καὶ
304 749 571 820 ταραχῆς,
605 748 944 820 ὑποκρίσεως
984 750 1078 803 καὶ
1116 749 1371 820 ἀληθείας
1416 749 1512 820 (8),
1549 748 1736 811 πενίας

168 843 263 896 καὶ
296 840 542 895 πλούτου·
561 840 695 895 ἀλλὰ
716 841 843 913 μίαν
860 840 973 911 ἔχει
996 843 1121 913 περὶ
1139 842 1346 904 πάντας
1360 840 1624 911 εἰλικρινῆ
1644 840 1737 893 καὶ

165 933 413 1007 καθαρὰν
436 933 692 988 διάθεσιν.
712 934 823 987 Οὐκ
838 933 950 1004 ἔχει
967 933 1304 1005 ὃρασιν,ούδὲ
1324 932 1492 1003 ἀκοὴν
1518 931 1729 1001 διπλῆν⁸

163 1025 278 1077 πᾶν
312 1023 440 1093 7&9,
482 1024 511 1076 ὃ
548 1025 710 1088 ποιεῖ,
746 1022 778 1093 ἢ
814 1021 981 1086 λαλεῖ,
1016 1022 1048 1093 ἢ
1082 1023 1204 1094 ὁρᾷ,
1244 1018 1383 1074 οἶδεν
1408 1022 1490 1074 ότι
1531 1020 1735 1092 Κύριος

163 1115 485 1168 ἐπισκέπτει
523 1112 700 1185 ψυχὴν
741 1112 926 1179 αὑτοῦ,
962 1114 1055 1166 καὶ
1087 1112 1337 1183 καθαίρει
1376 1110 1473 1182 τὴν
1497 1110 1736 1165 διάνοιαν

163 1206 356 1272 αὑτοῦ,
386 1206 518 1276 πρὸς
540 1206 600 1259 τὸ
636 1206 708 1277 μὴ
733 1204 1178 1276 καταγνωσθῆναι
1203 1204 1308 1257 ὑπὸ
1344 1202 1481 1256 Θεοῦ
1524 1204 1617 1257 καὶ
1645 1204 1738 1259 ἀν-

163 1294 399 1368 θρώπων
418 1312 431 1324 ·
469 1296 562 1349 καὶ
592 1294 686 1347 τοῦ
713 1293 907 1365 Βελιὰρ
938 1293 994 1347 δὲ
1032 1294 1139 1349 πᾶν
1166 1291 1325 1364 ἔργον
1352 1290 1572 1346 διπλοῦν
1597 1294 1733 1357 ἐστι,

161 1387 260 1441 καὶ
281 1386 381 1439 οὐκ
406 1384 518 1457 ἔχει
544 1384 819 1455 ἁπλότητα
850 1384 947 1456 (9).

231 1565 306 1618 Z’.
345 1582 363 1615 ‹
405 1562 718 1643 Διάξοῦτο,
752 1563 921 1618 τέκνα
968 1581 1089 1635 μου,
1138 1561 1368 1634 φεύγετε
1399 1561 1500 1633 τὴν
1538 1561 1735 1616 κακίαν

155 1655 254 1708 τοῦ
271 1655 487 1727 Βελιὰρ,
513 1656 593 1709 ὅτι
612 1656 879 1726 μάχαιραν
895 1656 1075 1710 δίδωσι
1094 1660 1205 1721 τοῖς
1226 1655 1562 1726 πειθομένοις
1575 1655 1732 1724 αὐτῇ.

1836 477 2105 534 illuminat
2129 480 2371 535 animam
2405 479 2528 549 ejus
2549 518 2565 545 ,
2622 488 2677 534 et
2701 479 2899 549 gaudet
2928 494 3114 534 coram
3147 483 3402 538 omnibus

1835 569 1890 623 in
1921 572 2072 626 omni
2101 581 2368 642 tempore.
2393 571 2545 627 Bona
2568 586 2723 627 mens
2767 587 2873 626 non
2921 572 3085 628 habet
3108 574 3245 628 duas
3294 574 3401 628 lin-

1835 680 1991 733 guas,
2029 665 2423 722 benedictionis
2451 676 2504 721 et
2526 666 2948 731 maledictionis,
2973 668 3319 722 contumelize
3349 679 3403 724 ct

1836 757 2088 823 honoris,
2118 758 2354 813 tristitiae
2402 765 2457 813 et
2481 759 2695 829 gaudii,
2735 760 2938 828 quietis
2964 768 3018 813 et
3041 760 3400 825 turbationis,

1836 848 2202 904 simulationis
2231 858 2286 904 et
2316 851 2581 919 veritatis,
2606 851 2806 919 inopia:
2844 862 2898 907 et
2928 852 3280 916 divitiarum;
3308 853 3403 906 sed

1835 955 2000 993 unam
2020 940 2183 995 habet
2214 943 2359 997 circa
2388 956 2582 1000 omnes
2604 944 2876 1000 sinceram
2922 952 2977 998 et
3000 960 3188 1014 puram
3218 942 3403 1012 dispo-

1837 1026 2112 1083 sitionem.
2150 1027 2265 1084 Non
2296 1030 2457 1087 habet
2493 1033 2695 1099 visum,
2740 1049 2917 1103 neque
2947 1034 3194 1088 auditum
3224 1034 3404 1103 dupli-

1835 1134 1985 1186 cem;
2035 1120 2089 1175 in
2121 1124 2271 1177 omni
2300 1124 2446 1179 enim
2492 1126 2638 1195 quod
2688 1124 2841 1191 facit,
2880 1125 2966 1179 vel
3006 1125 3269 1199 loquitur,
3319 1125 3403 1179 vel

1836 1213 2002 1281 videt,
2033 1217 2184 1270 novit
2206 1217 2351 1286 quod
2373 1215 2518 1272 Deus
2549 1217 2737 1271 visitat
2766 1217 3003 1270 animam
3030 1216 3166 1286 ejus,
3190 1224 3245 1271 et
3269 1232 3403 1286 pur-

1836 1314 1928 1375 gat
1958 1307 2197 1362 animum
2237 1309 2380 1378 ejus,
2430 1316 2491 1363 ut
2521 1323 2625 1362 non
2668 1306 3103 1376 reprehendatur
3133 1321 3164 1360 a
3198 1305 3308 1361 Deo
3347 1314 3402 1361 et

1836 1394 2181 1465 hominibus;
2213 1399 2307 1454 sed
2331 1414 2490 1455 omne
2509 1415 2645 1470 opus
2665 1397 2841 1453 Beliar
2864 1397 3061 1467 duplex
3088 1407 3191 1463 est,
3219 1411 3272 1453 ct
3295 1414 3400 1453 non

1836 1494 1999 1549 habet
2037 1492 2462 1561 simplicitatem.

1908 1580 2021 1635 ΥΠ.
2058 1600 2077 1633 ί
2116 1579 2347 1650 Propter
2362 1581 2490 1647 hoc,
2517 1582 2611 1636 lilii
2645 1582 2774 1646 mel,
2813 1580 2984 1652 fugite
3012 1580 3273 1635 malitiam
3302 1580 3402 1636 Be—

1836 1674 1960 1738 liar,
1986 1672 2247 1743 quoniam
2293 1672 2531 1742 gladium
2562 1677 2654 1727 dat
2676 1672 3051 1728 obedientibus
3080 1661 3147 1727 ei.
3176 1671 3403 1727 Gladius

167 1745 238 1799 Ἦ
270 1746 328 1800 δὲ
361 1749 600 1817 μάχαιρα
623 1748 762 1801 ἔπτὰ
796 1748 983 1804 κακῶν
1011 1750 1189 1820 μήτηρ
1208 1748 1343 1801 ἐστί.
1373 1748 1593 1820 Πρῶτον
1616 1748 1728 1801 συλ-

1839 1776 2018 1821 autem
2044 1776 2245 1833 septem
2270 1765 2541 1820 malorum
2572 1774 2745 1819 mater
2769 1778 2870 1829 est,
2889 1764 3133 1820 Primum
3164 1765 3404 1833 concipit

154 1837 472 1910 λαμϐάνειή
499 1839 705 1894 διάνοια
727 1840 815 1894 διὰ
838 1840 930 1894 τοῦ
961 1840 1174 1912 Βελιάρ.
1206 1834 1443 1893 Ἔστθδὲ
1480 1839 1692 1911 πρῶτον
1719 1878 1735 1904 ,

155 1929 353 1997 φθόνος
372 1947 384 1960 °
410 1930 679 2002 δεύτερον,
698 1930 941 1984 ἀπώλεια
960 1949 973 1962 ⁸
996 1932 1200 2002 τρίτον,
1220 1930 1397 2001 θλίψις
1415 1948 1427 1961 ·
1456 1930 1731 2000 τέταρτον,

154 2022 504 2093 αἰχμαλωσία
523 2040 536 2054 ’
563 2024 831 2093 πέμπτον,
859 2023 1034 2078 ἔνδεια
1054 2040 1066 2053 ·
1095 2021 1275 2087 ἐκτον,
1303 2024 1514 2095 ταραχή
1539 2040 1551 2052 ·
1588 2022 1737 2076 ἐϐδο-

156 2130 279 2183 μον,
308 2114 585 2184 ἐρήμωσις
620 2114 750 2185 (10).
779 2113 878 2166 Διὰ
899 2112 1055 2166 τοῦτο
1087 2115 1179 2166 καὶ
1212 2116 1240 2167 6
1279 2114 1418 2167 Κάῖν
1459 2110 1597 2165 ἔπτὰ
1639 2111 1733 2163 ἐκ-

151 2203 359 2268 δικίαις
409 2205 758 2276 παραδίδοται
1080 2203 1173 2257 τοῦ
1215 2203 1373 2258 Θεοῦ.
1427 2204 1585 2257 Κατὰ
1626 2202 1735 2274 γὰρ

152 2295 353 2350 ἑκατὸν
392 2295 483 2367 ἔτη
524 2297 651 2367 μίαν
688 2298 900 2371 πληγὴν
937 2298 1212 2368 ἐπήγαγεν
1256 2294 1401 2366 αὐτῷ
1436 2297 1465 2348 6
1510 2294 1731 2365 Κύριος.

149 2387 451 2441 Διακοσίων
488 2387 625 2441 ἐτῶν
654 2389 872 2459 πάσχει,
909 2389 1003 2442 καὶ
1033 2385 1423 2455 ἐννακοσιοστῷ
1463 2385 1570 2438 ἔτει
1616 2387 1736 2457 ἐρη-

152 2477 354 2549 μοῦται
392 2480 484 2534 ἐπὶ
523 2478 618 2533 τοῦ
662 2478 1046 2550 κατακλυσμοῦ
1082 2479 1193 2550 (12)
1222 2478 1310 2532 διὰ
1360 2478 1521 2549 Ἀϐὴλ
1543 2476 1633 2530 τὸν
1657 2476 1734 2529 δί-

148 2589 309 2625 καιον
335 2571 561 2640 ἀδελφὸν
585 2569 770 2625 αὐτοῦ.
806 2569 893 2622 Ἐν
916 2572 1027 2633 τοῖς
1055 2568 1397 2630 ἑπτακοσίοις
1418 2566 1592 2619 ἔτεσιν
1619 2562 1731 2636 (15)

144 2664 175 2716 6
208 2664 352 2717 Κάῖν
384 2661 627 2733 ἐκρίνετο
660 2660 791 2731 (14),
810 2662 838 2714 6
869 2660 924 2712 δὲ
949 2660 1141 2731 Λαμὲχ
1173 2660 1231 2712 ἐν
1262 2660 1374 2721 τοῖς
1410 2657 1734 2727 ἑϐδομηκον-

144 2753 311 2816 τάκις
347 2753 515 2806 ἐπτάο
552 2752 632 2806 δτι
664 2751 769 2815 ἔως
801 2750 895 2805 τοῦ
932 2750 1126 2814 αίῶνος
1172 2751 1220 2803 οἱ
1263 2746 1607 2819 ὁμοιούμενοι
1657 2743 1733 2815 τῷ

145 2847 293 2901 Κάῖν
320 2846 378 2899 ἐν
399 2845 575 2916 φθόνῳ
617 2848 696 2909 είς
720 2844 817 2915 τὴν
853 2842 1226 2915 μισαδελφίαν,
1260 2844 1327 2913 τῇ
1351 2841 1486 2910 αύτῇ
1510 2837 1731 2892 κολάσει

145 2938 507 3011 κριθήσονται
534 2936 665 3009 (15).

209 3052 294 3109 Η’.
332 3068 351 3102 ι
374 3050 482 3102 Καὶ
511 3050 665 3120 ὑμεῖς
680 3043 792 3115 οὖν,
812 3049 977 3103 τέκνα
1004 3066 1125 3119 μου,
1143 3045 1484 3118 ἀποδράσατε
1512 3042 1610 3114 τὴν
1626 3058 1729 3095 κα-

142 3141 295 3205 κίαν,
327 3141 519 3213 φθόνον
550 3159 610 3195 τε
651 3144 745 3195 καὶ
775 3141 871 3212 τὴν
908 3139 1281 3211 μισαδελφίαν,
1322 3139 1417 3191 κα)⁸
1464 3134 1731 3206 προσκολ-

140 3232 313 3287 λᾶσθε
346 3237 411 3305 τῇ
443 3233 733 3303 ἀγαθότητι
762 3234 935 3303 καὶτῇ
968 3230 1196 3304 ἀγάπῃ..
1238 3229 1294 3282 '0
1326 3229 1463 3299 ἔχων
1493 3227 1731 3281 διάνοιαν

142 3322 397 3394 καθαρὰν
432 3326 489 3376 ἐν
531 3323 742 3396 ἀγάπῃ,
778 3324 877 3393 οὐχ
918 3323 1020 3393 ὁρᾷ
1060 3322 1293 3389 γυναῖκα
1328 3320 1406 3382 εἰς
1438 3316 1729 3388 πορνείαν⁹

141 3414 207 3468 οὐ
243 3414 352 3485 7&9
383 3414 497 3485 ἔχει
540 3414 776 3485 μιασμὺν
810 3415 866 3466 ἐν
907 3414 973 3484 τῇ
1008 3410 1223 3482 καρδίᾳ,
1266 3409 1347 3462 δτι
1397 3406 1729 3462 ἀναπαύεται

139 3507 205 3558 ἐν
236 3504 384 3576 αύτῷ
410 3505 470 3558 τὸ
499 3504 714 3575 πνεῦμα
744 3503 841 3557 τοῦ
871 3501 1027 3556 Θεοῦ.
1064 3503 1274 3571 Ὥσπερ
1289 3499 1398 3571 7&9
1430 3501 1458 3551 6
1491 3497 1641 3569 ἥλιος
1668 3495 1730 3549 οὐ

146 3596 425 3667 μιαίνεται
465 3596 743 3667 προσέχων
781 3595 873 3653 ἐπὶ
912 3594 1113 3663 κόπρον
1163 3592 1256 3645 καὶ
1305 3588 1561 3660 βόρϐορον
1595 3584 1725 3657 (16),

140 3686 283 3741 ἀλλὰ
329 3686 526 3757 μᾶλλον
574 3686 858 3756 ἀμφότερα
905 3683 1088 3755 ψύχει,
1134 3682 1229 3735 καὶ
1294 3679 1580 3733 ἀπελαύνει
1628 3679 1728 3749 τὴν

142 3777 440 3836 δυσωδίανο
488 3776 660 3841 οὕτως
708 3777 802 3829 καὶ¹
847 3777 875 3828 6
926 3775 1165 3846 καθαρὸς
1202 3772 1327 3836 νοῦς
1365 3772 1554 3833 ἐντοῖς
1605 3770 1728 3840 μιά-

144 3883 319 3936 σμασι
344 3867 443 3938 τῆς
474 3866 579 3938 γῆς
615 3865 984 3938 συνεχόμενος,
1018 3864 1217 3936 μᾶλλον
1243 3862 1514 3933 οἰκοδομεῖ
1544 3860 1722 3926 αὐτὸς,

141 3957 242 4010 καὶ
281 3958 389 4029 (17)
418 3958 478 4011 ού
511 3958 799 4029 μιαίνεται.

212 4046 290 4099 Θν.
331 4066 349 4098 ι
396 4047 633 4101 Ὑπονοῶ
659 4047 714 4100 δὲ
748 4048 843 4100 καὶ
888 4046 1112 4118 πράξεις
1158 4045 1216 4100 ἐν
1263 4045 1394 4115 ύμῖν
1444 4044 1505 4098 οὐ
1554 4041 1723 4105 καλὰς

140 4136 385 4202 ἔσεσθαι,
431 4138 538 4192 ἀπὸ
578 4138 750 4206 λόγων
793 4137 961 4208 Ἑνὼχ
992 4137 1085 4191 τοῦ
1129 4136 1357 4190 δικαίου.
1391 4134 1722 4207 Πορνεύσετε

138 4227 253 4298 7&9
280 4228 536 4300 πορνείαν
579 4229 847 4300 Σοδόμων,
898 4230 989 4282 καὶ
1034 4227 1319 4281 ἀπολεῖσθε
1371 4226 1475 4289 ἔως
1525 4225 1719 4296 βραχὺ,

137 4320 240 4372 καὶ
268 4319 634 4373 άνανεώσεσθε
663 4322 722 4373 ἐν
740 4319 951 4389 γυναιξὶ
976 4321 1233 4390 στρήνους
1262 4319 1392 4390 (18),
1425 4319 1519 4370 καὶ
1555 4320 1586 4389 ή
1625 4317 1722 4388 βα·-

139 4410 321 4464 σιλεία
350 4411 554 4482 Κυρίου
591 4412 690 4463 οὐκ
731 4411 883 4465 ἔσται
925 4413 981 4463 ἐν
1027 4412 1184 4481 ὑμῖψ
1220 4411 1300 4463 ὅτι
1346 4409 1508 4471 εὐθὺς
1560 4409 1719 4472 αὐτὸς

138 4501 371 4573 λήψεται
429 4503 617 4573 αύτήν.
660 4502 805 4573 Πλὴν
852 4504 909 4555 ἐν
955 4502 1131 4573 μερίδι
1168 4501 1319 4572 ὑμῶν
1369 4502 1655 4572 γενήσεται
1692 4502 1721 4554 6

672 4588 769 4617 μέν

214 4659 292 4730 (8)
345 4659 629 4728 Ἡσυχίας
682 4658 781 4730 καὶ
819 4658 1121 4728 ταραχῆς,
1180 4657 1559 4727 ὑποκρίσεως
1622 4654 1720 4709 καὶ

136 4728 449 4794 ἀληθείας.
482 4730 706 4784 Desunt.
736 4729 905 4784 Gnau.

214 4747 219 4780 :
266 4747 449 4794 σειας.
482 4747 706 4784 uesunt.
736 4747 905 4784 mue.

214 4747 292 4871 ὦ)
347 4801 836 4854 Ἐπισκέπτει.....
913 4800 1240 4871 ἁπλότητα.
1301 4796 1722 4864 Ἐπισκοπεύει,

136 4870 368 4941 omissis
399 4870 624 4941 reliquis
647 4886 821 4939 usque
848 4871 1146 4941 ἁπλότητα.
1183 4870 1256 4922 In.

369 4939 706 5012 Πρῷτον....
732 4937 1448 5012 ’ἐρήμωσιᾲθοτεητ-ίκτει
1506 4937 1722 5012 πρῶτον

138 5008 359 5082 φθόνον,
390 5010 639 5082 δεύτερον
684 5008 978 5082 ἀπώλειαν,
1010 5010 1189 5082 τρίτον
1235 5008 1433 5077 θλίψιν,
1463 5008 1724 5082 τέταρτον

136 5078 559 5151 αἰχμαλωσίαν(
575 5080 825 5151 πέμπτον
855 5078 1084 5144 ἔνδειαν,
1109 5080 1266 5133 ἕκτον
1286 5079 1550 5150 ταραχὴν,
1573 5078 1722 5131 ἕϐδο-

139 5150 250 5222 μον
274 5153 301 5203 ἐ
341 5152 571 5238 ήμωσιν.
606 5150 681 5206 In.
1147 5220 1160 5236 ο

139 5289 155 5294 _
214 5168 338 5294 (11)2
386 5220 686 5289 Εκδικίαις
703 5218 1105 5290 παραδίδοται.

137 5216 156 5344 ἰ
214 5216 328 5294 (11)
362 5216 686 5289 ’Ἔκδικίαις
703 5218 1105 5290 παραδίδοται.
1147 5217 1403 5282 Ἀδικίαις
1426 5216 1717 5290 παρεδόθη.

162 5307 221 5345 D.

208 5333 330 5484 '(l_2l)
384 5360 511 5484 ’ἶῖπί
540 5361 648 5417 τοῦ
674 5360 1127 5431 κατακλυσμοῦ.
1160 5359 1389 5429 Desunt,
1418 5371 1472 5416 et
1498 5358 1719 5430 quidem

208 5448 278 5484 Bl'l
308 5449 361 5484 0.
424 5450 476 5484 D.

137 5442 786 5626 :n?lll’:;).'ll£gttaxoalom
812 5503 1032 5558 ἐτεσιν.
1064 5500 1256 5569 Ἑπτά,
1280 5501 1486 5558 omisso
1519 5500 1715 5557 ἔτεσιν.

164 5588 220 5625 ι).

164 5588 332 5715 Ὓῌέ)
364 5641 513 5697 Κάιν
540 5643 823 5712 ἐκρίνετο.
853 5642 988 5697 Cum
1028 5642 1109 5697 cis
1157 5659 1278 5713 qua:
1320 5653 1508 5699 auctor
1538 5653 1722 5699 noster

142 5712 465 5783 dicit,'satis
499 5716 826 5771 conveniunt
852 5723 1091 5770 veterum
1118 5712 1555 5771 ctrecentiorum
1584 5732 1718 5787 quo-

1836 1875 1992 1915 mens
2038 1875 2134 1929 per
2162 1860 2358 1913 Beliar.
2397 1858 2492 1915 Est
2530 1868 2711 1913 autem
2744 1859 3002 1928 primum,
3034 1857 3273 1924 invidia;
3312 1871 3403 1912 se-

1835 1956 2100 2022 cundum,
2151 1956 2419 2025 perditio;
2474 1956 2717 2021 tertium,
2767 1955 3076 2022 tribulatio;
3125 1964 3400 2022 quantum,

1835 2046 2146 2116 captivitas;
2177 2046 2453 2116 quintum,
2483 2047 2811 2117 indigentia;
2850 2055 3091 2112 sextum,
3116 2045 3356 2099 turbatio
3385 2062 3400 2109 ;

1837 2140 2147 2209 septimum,
2171 2140 2459 2204 desolatio,
2505 2149 2727 2209 propter
2766 2141 2870 2195 hoc
2910 2148 2965 2194 et
3007 2138 3147 2193 Cain
3195 2149 3402 2208 seplem

1834 2230 2089 2287 vindictis
2139 2232 2370 2285 traditur
2400 2247 2431 2286 a
2482 2230 2616 2286 Deo.
2666 2230 2801 2285 Nam
2850 2232 3149 2286 secundum
3182 2240 3402 2285 centum

1833 2336 2008 2378 annos
2030 2338 2195 2378 unam
2230 2324 2444 2394 plagam
2483 2324 2697 2378 induxit
2725 2323 2774 2379 ei
2800 2322 3090 2378 Dominus.
3139 2321 3402 2376 Ducentis

1835 2414 1992 2469 annis
2035 2416 2261 2483 patitur,
2296 2424 2351 2468 et
2380 2414 2803 2483 nongentesimo
2846 2430 2992 2471 anno
3035 2414 3317 2475 desolatur
3350 2416 3404 2471 in

1834 2504 2036 2559 diluvio
2058 2514 2275 2575 propter
2303 2504 2436 2559 Abel
2452 2504 2661 2574 justum
2691 2504 2915 2562 fratrem
2943 2507 3084 2577 ejus.
3111 2507 3168 2561 ln
3197 2507 3407 2577 septin-

1835 2598 2011 2669 gentis
2041 2598 2200 2653 annis
2246 2596 2381 2652 Cain
2428 2596 2813 2666 judicabatur,
2874 2596 3112 2653 Lamech
3163 2612 3296 2653 vero
3348 2598 3404 2652 in

1834 2692 2144 2763 septuagies
2194 2700 2437 2760 septem;
2480 2690 2743 2760 quoniam
2803 2706 2979 2762 usque
3034 2693 3089 2746 in
3141 2693 3403 2747 saeculum

1832 2784 2112 2838 assimilati
2135 2785 2267 2839 Cain
2286 2787 2339 2839 in
2363 2786 2563 2842 invidia
2588 2789 2641 2842 in
2656 2788 2843 2843 odium
2873 2786 3403 2854 fraternum,eadem

1832 2877 2115 2945 punitione
2138 2877 2554 2948 judicabuntur.

1904 3047 2042 3104 Vlll.
2087 3069 2106 3102 ι
2141 3048 2209 3103 Ει
2239 3066 2338 3107 vos
2370 3053 2553 3123 igitur,
2590 3054 2687 3108 filii
2730 3054 2858 3119 mei,
2904 3052 3073 3125 fugite
3116 3057 3403 3122 malitiam,

1835 3139 2199 3211 invidiamque
2235 3152 2290 3198 et
2326 3145 2511 3199 odium
2548 3145 2870 3212 fraternum,
2901 3156 2958 3201 et
3009 3148 3279 3204 adhaerete
3308 3150 3405 3203 bo-

1833 3233 1989 3288 nitati
2032 3243 2088 3291 et
2126 3234 2424 3291 dilectioni.
2466 3237 2569 3304 Qui
2617 3239 2779 3292 habet
2827 3249 3062 3295 mentem
3107 3257 3297 3310 puram
3346 3244 3401 3297 in

1832 3326 2138 3395 dilectione,
2173 3344 2283 3384 non
2334 3330 2481 3385 videt
2519 3332 2797 3386 mulierem
2839 3332 2892 3386 in
2943 3332 3399 3389 fornicationem:

1832 3433 1941 3472 non
1966 3421 2111 3474 enim
2157 3421 2320 3476 habet
2362 3424 2795 3492 inquinationem
2837 3425 2889 3479 in
2927 3426 3109 3489 corde,
3140 3425 3402 3495 quoniam

1829 3511 2121 3579 requiescit
2159 3512 2213 3566 in
2245 3528 2311 3567 eo
2340 3514 2562 3583 spiritus
2593 3513 2709 3570 Dci.
2744 3514 3214 3581 Quemadmodum
3254 3518 3402 3571 enim

1830 3602 1911 3657 sol
1943 3617 2051 3656 non
2084 3603 2401 3673 inquinatur
2424 3606 2694 3676 attingens
2729 3616 2941 3663 stercus
2986 3608 3071 3663 vel
3109 3609 3401 3679 gurgitem,

1830 3694 1922 3748 sed
1946 3695 2120 3765 magis
2160 3696 2322 3749 ambo
2347 3696 2515 3751 siccat
2538 3706 2592 3752 et
2615 3698 2782 3768 abigit
2804 3697 3069 3767 fetorem;
3098 3700 3170 3755 ita
3190 3710 3241 3755 et
3266 3716 3402 3770 pura

1829 3800 1984 3841 mens
2012 3786 2066 3839 in
2098 3786 2569 3856 inquinationibus
2604 3798 2762 3844 terrae
2797 3791 3013 3845 detenta
3052 3792 3227 3861 magis
3273 3790 3403 3847 uadi-

1826 3880 1973 3947 licat,
2006 3880 2120 3950 ipsa
2153 3895 2285 3934 vero
2318 3894 2427 3935 non
2457 3880 2793 3951 inquinatur.

1893 4035 1985 4092 IX.
2021 4057 2040 4090 σ
2077 4037 2325 4109 Intelligo
2348 4049 2528 4096 autem
2556 4051 2611 4096 et
2636 4043 2878 4098 actiones
2907 4043 2960 4098 in
2993 4045 3147 4101 vobis
3172 4062 3281 4102 non
3309 4048 3403 4103 bo-

1816 4145 1917 4184 nas
1941 4130 2074 4197 fore,
2107 4148 2136 4186 a
2174 4135 2523 4189 sermonibus
2564 4134 2750 4190 Enoch
2778 4136 2933 4205 justi.
2968 4136 3399 4195 Fornieabimini

1818 4222 1962 4276 enim
1994 4222 2350 4280 fornicatione
2373 4225 2756 4294 Sodomorum,
2783 4238 2836 4283 et
2864 4229 3108 4299 peribitis
3134 4247 3307 4302 usque
3329 4232 3398 4287 ad

1817 4313 1980 4369 breve
2001 4316 2271 4384 (paucos),
2301 4324 2355 4371 et
2396 4319 2731 4374 renovabitis
2771 4305 3181 4378 in'mulieribus
3216 4333 3397 4379 motus

1817 4404 2176 4472 inordinatos,
2223 4416 2278 4463 et
2323 4423 2548 4478 regnum
2594 4410 2808 4465 Domini
2840 4428 2949 4467 non
2982 4414 3175 4477 erit,in
3201 4416 3393 4482 vobis;

1815 4497 2074 4566 quoniam
2098 4498 2386 4553 confestim
2421 4501 2509 4557 ille
2551 4502 2781 4573 accipiet
2817 4504 2971 4559 illud.
3005 4503 3396 4563 Verumtamen

1824 4658 2080 4729 rumdam
2104 4657 2411 4729 Judmorum
2445 4658 2744 4718 sententiae,
2776 4659 2843 4713 de
2892 4659 3095 4729 quibus
3133 4659 3252 4714 vide
3292 4658 3399 4713 Fa-

1862 4730 1995 4793 ium,
2044 4728 2487 4798 Cartwrightum,
2530 4729 2774 4797 aliosque
2806 4730 2886 4798 in
2914 4728 3133 4783 ’Genes.
3187 4746 3260 4795 IV,
3309 4731 3398 4785 15.

1868 4801 1931 4853 ed
1957 4800 2090 4852 bene
2117 4797 2509 4863 Cartvvrightus
2552 4800 2758 4852 notavit
2794 4797 3129 4867 Scripturam
3168 4799 3273 4854 loc.
3303 4800 3397 4854 cit.

1825 4878 2009 4939 aperte
2039 4868 2184 4936 loqui
2226 4868 2294 4921 de
2342 4881 2524 4939 ptena,
2558 4884 2665 4921 non
2719 4869 2831 4939 ipsi,
2856 4868 3048 4933 Caino,
3085 4869 3180 4923 sed
3226 4870 3276 4924 ei
3307 4871 3401 4939 qui

1826 4937 1951 4993 eum
1984 4938 2264 5000 occiderit,
2292 4937 2601 5008 Inﬂigenda.
2636 4938 2868 4993 Grandis
2896 4954 3114 5008 quoque
3143 4949 3227 4994 est
3249 4937 3405 4995 error

1825 5009 2248 5078 chronOIOgicus
2290 5007 2462 5062 nostri
2508 5008 2768 5072 auctoris,
2798 5007 3062 5062 diluvium
3084 5010 3167 5075 .ad
3198 5026 3403 5065 annum

1823 5079 2296 5149 nongentesimum
2319 5078 2471 5132 Caini
2508 5078 2811 5149 referentis,
2844 5079 3143 5149 dummodo
3177 5080 3404 5149 ipsemet

1825 5150 1895 5203 ita
1927 5147 2234 5220 scripserit;
2288 5162 2603 5220 namgvoces
2644 5148 2737 5220 ἐπὶ
2776 5147 2869 5220 τοῦ
2916 5147 3300 5220 κατακλυσμοῦ
3346 5152 3401 5204 in

1824 5218 2121 5339 Oxonienlsi
2146 5218 2441 5289 exemplari
2463 5217 2650 5272 Graeco
2674 5218 2819 5272 haud
2844 5219 3120 5287 leguntur,
3148 5217 3210 5274 ut
3239 5220 3403 5275 modo

1824 5299 2029 5339 notavi.
2088 5305 2142 5339 ι).

1824 5299 2029 5344 ηοιεινι.
2064 5299 2142 5342 ΙΙ).

1920 5360 2007 5428 15)
2041 5359 2255 5411 ”Οτι....
2302 5357 2703 5425 κριθήσονται.
2732 5357 2956 5413 Desunt.
2988 5357 3065 5413 In.

1920 5429 2008 5495 16)
2036 5430 2349 5495 Βόρϐορον.
2379 5428 2625 5483 Βὸθυνον.
2654 5428 2727 5484 In.

1896 5434 1987 5497 (16
2036 5434 2349 5495 Βόρϐορον.
2379 5434 2625 5483 Βόθυνον.
2654 5434 2727 5484 ln.

1852 5434 2011 5621 éilli?
2067 5498 2381 5569 Οἰκοδομεῖ
2426 5500 2647 5567 αὐτὸς,
2700 5500 2818 5555 καί.
2870 5499 3190 5572 Οἰκοδομεῖ,
3238 5499 3401 5563 αὐτὸς

1816 5572 1897 5626 δέ.
1936 5572 2011 5624 In.

1823 5713 1867 5769 Β
1895 5641 2028 5767 (18)ι
2068 5639 2180 5765 {fat
2234 5639 2646 5699 ἀνανεώσεσθε
2701 5641 2769 5695 ἑν
2816 5644 3049 5713 γυναιξὶ
3078 5638 3395 5709 στρήνους.

1870 5728 2004 5769 esun
2035 5752 2047 5765 .
2100 5728 2153 5766 ο.

1870 5721 2047 5770 8511111.
2079 5721 2153 5766 ΙΙ).
