3838 6218
448 281 581 333 1117

1456 280 1921 337 TESTAMENTA
1960 281 2052 338 XII
2093 282 2711 342 PATRIARCIIARUM.

3566 283 3700 338 IIIS

424 400 476 452 iu
510 406 661 465 parte
698 403 877 449 vestra
922 396 1016 450 ﬁet
1060 397 1321 467 templum
1353 396 1469 461 Dei,
1500 407 1556 453 et
1579 399 1881 469 gloriosum
1911 400 2015 455 erit

2131 401 2239 465 ναὸς
2265 400 2358 454 τοῦ
2393 401 2550 465 Θεοῦ,
2587 403 2681 454 καὶ
2721 400 2929 467 ἔνδοξος
2973 402 3120 454 ἔσται
3160 402 3217 454 ὲν
3254 401 3383 472 ὑμῖν
3412 401 3552 472 (I9).
3584 401 3683 454 Ὀτ

421 492 475 543 iu
506 489 681 542 vobis.
720 487 991 554 Quoniam
1028 490 1143 559 ipse
1186 490 1449 545 Dominus
1498 492 1730 560 accipiet
1758 507 2008 561 regnum,

420 591 477 635 et
512 582 797 637 duodecim
837 582 1013 636 tribus
1044 583 1155 637 illic
1199 583 1699 653 congregabuntur,
1734 592 1788 638 et
1818 599 2011 640 omnes

423 686 637 745 gentes;
680 690 968 745 usquequo
1004 675 1319 730 Altissimus
1346 677 1525 730 mittat
1570 678 1810 731 salutare
1850 693 2011 732 suum

424 770 478 822 in
510 770 822 823 visitatione
868 766 1163 835 Unigeniti.
1215 767 1280 823 Et
1323 768 1656 839 ingredietur
1686 770 1740 823 in
1771 770 2010 840 primum

424 862 708 930 templum,
734 869 787 915 et
820 862 928 915 illic
958 860 1224 917 Dominus
1258 862 1458 931 injuria
1491 862 1773 929 allicietur,
1797 872 1854 919 et
1874 878 2011 918 cou-

423 964 719 1020 temnetur,
755 963 809 1010 et
860 955 1007 1025 ligno
1036 956 1384 1011 exaltabitur.
1422 956 1488 1011 Et
1526 958 1629 1013 erit
1660 957 1837 1011 velum
1869 964 2010 1010 tem-

424 1046 498 1115 pli
525 1047 783 1111 scissum,
816 1056 871 1101 et
899 1047 1190 1103 descendet
1220 1048 1455 1118 Spiritus
1484 1048 1577 1103 Dei
1610 1065 1773 1119 super
1798 1057 2009 1139 geptes,

425 1147 487 1191 ut
517 1139 658 1208 ignis
690 1139 918 1194 eﬂ‘usus.
948 1138 1013 1193 Et
1045 1141 1347 1195 ascendens
1394 1156 1460 1195 ex
1487 1140 1719 1207 inferno,
1753 1138 2013 1195 ascendet

426 1245 455 1283 a
490 1240 632 1285 terra
665 1232 716 1285 in
747 1234 969 1287 ccelum.
1001 1232 1267 1303 Cognovit
1297 1243 1475 1289 autem
1514 1250 1678 1305 quam
1707 1234 1871 1289 fuerit
1903 1234 2012 1289 hu-

426 1324 573 1379 milis
605 1324 657 1378 in
688 1333 851 1391 terra,
882 1336 936 1380 et
964 1342 1128 1396 quam
1159 1327 1432 1397 gloriosus
1457 1328 1510 1381 in
1540 1328 1698 1383 eualo.

495 1504 565 1559 Χ.
599 1524 618 1558 ι
657 1505 886 1572 Quando
914 1514 1094 1560 autem
1124 1503 1323 1573 Ioseph
1355 1515 1471 1560 erat
1501 1506 1554 1560 in
1582 1502 1834 1575 Egypto,
1863 1503 2009 1559 desi-

427 1598 684 1653 derabam
716 1600 899 1654 videre
945 1600 1180 1668 speciem
1224 1598 1363 1666 ejus,
1403 1608 1457 1653 et
1480 1598 1708 1652 formam
1758 1605 2010 1667 aspectus

427 1691 580 1757 ejus;
610 1699 663 1743 ct
700 1706 796 1759 per
830 1690 1105 1745 orationes
1134 1688 1301 1743 Jacob
1344 1690 1514 1759 patris
1554 1688 1659 1744 mei
1701 1688 1810 1742 vidi
1857 1702 2004 1751 eum,

430 1780 483 1833 iu
511 1781 599 1833 die
622 1782 876 1849 vigilans,
905 1780 1201 1835 secundum
1242 1781 1386 1849 quod
1417 1789 1535 1834 erat
1578 1779 1757 1834 omnis
1798 1778 2007 1847 species

428 1872 569 1939 ejus.
604 1872 931 1940 Cognoscite
960 1872 1143 1941 igitur,
1168 1871 1263 1925 ﬁlii
1296 1870 1423 1936 mei,
1452 1871 1597 1940 quod
1644 1869 1871 1923 morior.
1898 1867 2005 1921 Fa-

429 1964 533 2017 cite
560 1963 722 2033 igitur
743 1965 1024 2019 veritatem
1061 1976 1116 2019 et
1142 1965 1409 2033 justitiam
1461 1964 1837 2037 unusquisque
1882 1976 2006 2020 cum

430 2057 679 2126 proximo
704 2072 825 2120 suo,
852 2066 904 2110 et
931 2058 1198 2127 judicium
1252 2062 1305 2113 in
1356 2060 1478 2113 ﬁdei
1532 2059 1928 2128 operationem,
1956 2068 2011 2112 et

430 2149 600 2217 legem
631 2146 843 2203 Domini
866 2159 919 2205 et
949 2152 1201 2205 mandata
1230 2152 1348 2220 ejus
1383 2150 1671 2206 custodite.
1704 2148 1828 2204 Haec
1864 2149 2009 2203 enim

430 2256 527 2293 vos
554 2256 651 2309 pro
673 2242 819 2294 omni
869 2242 1183 2297 haereditate
1211 2243 1405 2297 doceo.
1447 2241 1514 2295 Et
1552 2256 1649 2295 vos
1688 2240 1854 2311 igitur
1887 2238 2012 2293 date

432 2333 550 2387 haec
601 2333 726 2388 liliis
771 2336 970 2389 vestris
1022 2335 1076 2390 in
1136 2336 1543 2405 possessionem
1601 2334 2008 2402 sempiternam.

432 2422 547 2479 Iloc
573 2425 717 2479 enim
746 2424 990 2480 fecerunt
1015 2426 1312 2492 Abraham,
1342 2425 1493 2480 Isaac
1522 2434 1576 2479 et
1604 2423 1791 2479 Iacob.
1817 2421 2012 2476 Omnia

434 2517 550 2571 hare
580 2518 850 2572 dederunt
899 2519 1059 2573 nobis
1102 2517 1496 2584 haareditatem,
1524 2516 1803 2571 dicentes:
1845 2534 1862 2565 ι
1899 2512 2012 2567 Cu-

433 2609 630 2662 stodite
683 2611 938 2664 mandata
995 2610 1108 2675 Dei,
1162 2625 1451 2679 usquequo
1500 2610 1700 2663 revelet
1754 2608 2016 2662 Dominus

435 2697 675 2751 salutare
726 2715 885 2752 suum
935 2699 1193 2754 omnibus
1240 2698 1510 2770 gentibus.
1561 2698 1715 2753 Tunc
1762 2696 2017 2751 videbitis

436 2787 645 2854 Enocb,
674 2790 805 2856 Noe,
845 2802 897 2845 ct
923 2790 1070 2853 Scm,
1103 2801 1157 2845 et
1185 2792 1484 2859 Abraham,
1511 2800 1565 2847 et
1596 2794 1745 2847 Isaac
1768 2800 1822 2845 et
1848 2789 2016 2844 Iacob

434 2893 777 2953 resurgentes
810 2899 840 2937 a
871 2883 1077 2938 dextris
1123 2884 1177 2937 in
1208 2886 1593 2939 exsultatione.
1628 2884 1780 2939 Tunc
1820 2892 1875 2938 et
1918 2898 2018 2938 nos

441 2990 813 3044 resurgcmus,
837 2980 1216 3047 unusquisque
1240 2978 1292 3031 in
1321 2987 1593 3047 sceptrum
1623 2988 1891 3043 nostrum,
1921 2978 2017 3032 ad-

2114 496 2276 558 αὑτὸς
2301 494 2526 566 λήψεται
2550 494 2716 565 αὐτὴν
2735 494 2867 566 (20),
2892 495 2987 547 καὶ
3010 493 3214 547 δώδεκα
3238 494 3400 563 φυλαὶ
3424 495 3551 546 ἐκεῖ
3580 511 3672 547 συν

2113 586 2461 657 αχθήσονται,
2493 586 2587 639 καὶ
2628 587 2805 639 πάντα
2833 586 2904 638 τά
2934 586 3091 658 ἔθνη·
3134 586 3238 649 ἕως
3270 580 3331 640 οῦ
3375 584 3405 637 ό
3434 584 3696 653 ’Υψιστος

2113 677 2407 748 ἀποστείλῃ
2451 678 2584 747 (21)
2637 677 2700 730 τὸ
2752 678 3015 747 σωτήριον
3072 677 3256 741 αὐτοῦ,
3310 679 3369 731 ὲν
3424 678 3697 746 ἐπισκοπῇ

2112 770 2450 839 Μονογενοῦς
2498 770 2627 840 (22).
2678 770 2790 822 Κα)⁵
2827 769 3189 822 εἰσελεύσεται
3224 772 3303 833 εἰς
3346 768 3442 821 τὸν
3488 768 3698 839 πρῶτον

2112 865 2239 918 ναὸν
2272 864 2403 935 (25),
2442 864 2536 917 καὶ
2573 864 2687 915 ἐκεῖ
2728 860 2928 933 Κύριος
2962 860 3367 932 ὑϐρισθήσεται,
3417 860 3522 913 καὶ
3559 859 3699 925 ἐξου-

2114 956 2478 1027 Θενωθήσεται
2510 956 2645 1027 (24),
2691 955 2785 1009 κα).
2834 956 2927 1008 ἐπὶ
2978 954 3133 1018 ξύλου
3182 953 3555 1023 ὑψωθήσεται.
3598 952 3701 1005 Καὶ

2112 1048 2263 1101 ἔσται
2294 1048 2357 1100 τὸ
2386 1047 2622 1118 ἆπλωμα
2660 1046 2755 1101 τοῦ
2797 1045 2925 1100 ναοῦ
2959 1044 3290 1116 σχιζόμενον,
3321 1045 3419 1097 καὶ
3458 1044 3700 1113 καταϐή-

2114 1158 2265 1195 σεται
2297 1140 2357 1195 τὸ
2398 1140 2623 1210 Πνεῦμα
2640 1138 2735 1192 τοῦ
2766 1138 2899 1191 Θεοῦ
2926 1139 3018 1191 ἐπὶ
3047 1137 3115 1190 τά
3148 1137 3273 1206 ἔθνη
3308 1136 3443 1207 (25),
3482 1136 3563 1199 ὼς
3594 1135 3699 1204 πῦρ

2113 1234 2495 1303 ὲκχυνόμενον.
2528 1233 2638 1285 Καὶ
2670 1229 2905 1285 ἀνελθὼν
2934 1232 2997 1283 ὲκ
3019 1229 3113 1283 τοῦ
3144 1230 3267 1300 ᾅδου
3299 1228 3454 1281 ἔσται
3480 1226 3702 1281 ἀναϐαί-

2116 1342 2217 1378 νων
2251 1322 2359 1376 ἀπδ
2396 1324 2501 1393 γῆς
2532 1324 2613 1385 εἰς
2645 1320 2887 1393 οὐρανόν.
2930 1321 3111 1387 Ἔγνω
3150 1319 3226 1382 δὲ,
3263 1312 3375 1381 οἷος
3418 1317 3579 1369 ἔσται
3613 1333 3703 1368 τα-

2113 1417 2296 1479 πεινὸς
2318 1416 2410 1469 ἐπὶ
2431 1415 2532 1485 τῆς
2555 1414 2679 1483 γῆς,
2704 1414 2799 1467 καὶ
2820 1409 2927 1476 οἷος
2949 1412 3156 1479 ἔνδοξος
3177 1414 3232 1465 ὲν
3253 1411 3489 1483 οὐρανῷ.

2182 1511 2239 1563 ι’.
2274 1528 2291 1559 ι
2318 1508 2443 1562 Ὅτε
2495 1507 2553 1561 δὲ
2596 1505 2791 1576 Ἰωσὴφ
2844 1506 2901 1557 ἐν
2955 1504 3211 1573 Αἰγύπτῳ
3250 1498 3337 1573 ἦν,
3390 1502 3705 1572 ἐπεθύμουν

2114 1604 2242 1657 ἰδεῖν
2268 1601 2365 1671 τὴν
2396 1600 2535 1653 ἰδέαν
2575 1596 2739 1651 αὐτοῦ
2790 1597 2885 1649 καὶ
2925 1596 3024 1667 τὴν
3076 1596 3351 1666 μόρφωσιν
3378 1595 3482 1663 τῆς
3526 1594 3706 1662 ὅψεως

2110 1693 2272 1748 αὐτοῦ
2292 1711 2303 1724 ·
2336 1694 2428 1745 καὶ
2453 1692 2518 1744 δι’
2546 1689 2719 1759 εὐχῶν
2746 1686 2838 1741 τοῦ
2881 1688 3086 1756 πατρὸς
3122 1685 3312 1739 Ἰακὼὸ
3346 1683 3486 1738 εἶδον
3521 1684 3683 1738 αὐτὸ.

2109 1790 2165 1842 ὲν
2197 1787 2381 1860 ἡμέρᾳ
2410 1784 2717 1863 γωνιγορῶν,
2762 1781 2881 1836 καθ’
2916 1781 2946 1834 ὃ
2992 1777 3061 1851 ἦν
3106 1780 3316 1849 πᾶσαὴ
3362 1779 3477 1831 ἰδέα
3519 1777 3685 1831 αὐτοῦ

2107 1866 2406 1934 Γινώσκετε
2436 1873 2550 1941 οῦν,
2581 1877 2743 1929 τέκνα
2773 1892 2893 1945 μου,
2943 1874 3023 1926 ὅτι
3055 1871 3396 1949 ἀποθνήσκω.
3433 1872 3707 1946 Ποιήσατε

2109 1969 2201 2029 οἶν
2230 1969 2484 2045 ἀλήθειαν
2510 1969 2603 2027 καί
2634 1964 2974 2041 δικαιοσύνην
3002 1965 3233 2032 ἕκαστος
3264 1966 3402 2039 μετά
3435 1966 3534 2019 τοῦ
3575 1966 3710 2035 πλη-

2112 2070 2225 2122 σίον
2256 2066 2440 2121 αὑτοῦ,
2469 2066 2563 2119 καὶ
2605 2067 2778 2135 κρῖμα
2812 2065 2891 2126 εἰς
2927 2060 3305 2129 πιστοποίησιν
3330 2058 3464 2129 (26),
3494 2058 3593 2110 καὶ
3620 2056 3711 2109 τὸν

2110 2158 2275 2227 νόμον
2301 2157 2505 2227 Κυρίου
2532 2156 2626 2208 καὶ
2645 2160 2743 2217 τάς
2766 2150 2982 2213 ὲντολάς
3001 2149 3165 2204 αὐτοῦ
3194 2148 3487 2218 φυλάξατε.
3522 2145 3710 2199 Ταῦτα

2112 2251 2220 2323 γάρ
2271 2250 2415 2319 ὑμᾶς
2465 2248 2585 2301 ἀντὶ
2635 2247 2815 2314 πάσης
2868 2240 3233 2313 κληρονομίας
3278 2238 3537 2291 διδάσκω.
3601 2238 3710 2289 Καὶ

2113 2342 2270 2412 ὑμεῖς
2294 2337 2386 2394 οὖν
2405 2340 2521 2392 δότε
2546 2337 2683 2391 αὐτὰ
2715 2338 2822 2399 τοῖς
2844 2335 3053 2395 τέκνοις
3084 2330 3235 2401 ὑμῶν
3264 2330 3343 2391 εἰς
3378 2328 3707 2397 κατάσχεσιν

2114 2434 2349 2488 αἰώνιον.
2406 2431 2580 2485 Τοῦτο
2610 2430 2717 2500 γὰρ
2749 2428 3009 2497 ἐποίησαν
3065 2421 3332 2491 Ἀϐραὰμ,
3373 2420 3468 2473 κα)⁸
3502 2418 3706 2480 Ἰσαὰκ,

2115 2528 2208 2579 καὶ
2251 2524 2463 2578 Ἰακώϐ.
2501 2522 2688 2575 Ταῦτα
2734 2520 2911 2573 πάντα
2950 2518 3099 2589 ἡμᾶς
3136 2511 3706 2582 κατεκληρονόμησαν,

2115 2616 2391 2678 εἰπόντες·
2434 2632 2452 2665 ι
2499 2610 2809 2676 Φυλάξασθε
2860 2607 2958 2670 τὰς
2999 2602 3215 2665 ἐντολὰς
3254 2600 3349 2654 τοῦ
3399 2597 3563 2661 Θεοῦ,
3607 2597 3709 2658 ἕως

2116 2708 2238 2761 ὂτου
2266 2708 2295 2761 ό
2334 2704 2536 2777 Κύριος
2578 2700 2914 2769 ἀποκαλύψει
2954 2698 3014 2751 τὸ
3057 2694 3317 2764 σωτήριον
3368 2689 3541 2743 αὐτοῦ
3578 2691 3710 2740 πᾶσι

2117 2802 2228 2863 τοῖς
2260 2800 2454 2852 ἔθνεσι.
2498 2796 2631 2850 Τότε
2668 2793 2863 2864 ὄψεσθε
2898 2790 3089 2859 Ἑνὼχ,
3121 2787 3264 2849 Νῶε,
3297 2785 3394 2837 καὶ
3437 2785 3585 2855 Σὴμ,
3622 2783 3711 2834 καὶ

2132 2892 2401 2964 Ἀϐραὰμ,
2452 2891 2546 2945 καὶ
2587 2889 2789 2953 Ἰσαὰκ,
2835 2887 2927 2940 καὶ
2966 2880 3160 2937 Ἰακὼό
3199 2878 3601 2947 ἀνισταμένους
3650 2878 3712 2927 ὲκ

2119 2986 2307 3052 δεξιῶν
2356 2987 2414 3038 ὲν
2443 2982 2776 3051 ἀγαλλιάσει.
2816 2980 2923 3049 (27)
2965 2979 3096 3031 Τότε
3134 2977 3226 3030 καὶ
3266 2974 3431 3046 ἡμεῖς
3473 2972 3711 3036 ἀναστη-

443 3078 669 3123 orantes
701 3067 900 3139 Regem
946 3072 1230 3134 etelorum,
1260 3070 1352 3140 qui
1396 3070 1448 3123 in
1495 3078 1635 3123 terra
1672 3069 1922 3139 apparuit
1965 3070 2017 3121 in

2131 3078 2347 3150 σόμεθα,
2376 3077 2603 3138 ἕκαστος
2632 3075 2725 3127 ἐπὶ
2765 3074 3039 3144 σκῆπτρον
3067 3072 3240 3143 ἡμῶν,
3272 3061 3710 3151 προσκυνοῦντες

437 3160 611 3214 forma
629 3161 881 3216 humanae
896 3162 1239 3216 humilitatis.
1260 3161 1324 3215 Et
1337 3170 1602 3231 quotquot
1620 3160 2019 3215 credideruntei

2131 3172 2213 3225 τὸν
2243 3170 2476 3223 Βασιλέα
2513 3168 2621 3222 τῶν
2665 3166 2927 3238 οὐρανῶν,
2983 3165 3073 3218 τὸν
3115 3163 3206 3216 ἐπὶ
3247 3161 3353 3231 γῆς
3384 3154 3714 3227 φανέντανὲν

436 3253 671 3319 interra,
686 3254 1102 3322 congaudebunt
1120 3254 1190 3317 ei,
1206 3252 1424 3322 quando
1435 3264 1488 3307 et
1511 3267 1702 3307 omnes
1716 3261 2018 3322 resurgent,

437 3348 493 3401 hi
517 3346 736 3417 quidem
776 3347 828 3399 in
873 3347 1125 3416 gloriam,
1160 3347 1249 3401 isti
1282 3362 1411 3401 vero
1451 3347 1503 3400 in
1542 3346 1919 3416 ignominiam.
1958 3344 2023 3400 Et

437 3438 703 3508 jndicabit
732 3438 998 3493 Dominus
1042 3439 1096 3491 iu
1146 3439 1336 3507 primis
1382 3437 1570 3502 Israel,
1609 3437 1675 3492 de
1705 3454 1769 3492 ea
1803 3452 1925 3507 quze
1965 3438 2022 3491 in

439 3531 642 3598 ipsum,
688 3532 976 3601 injustitia,
1017 3530 1279 3601 quoniam
1325 3530 1702 3584 advenientem
1750 3528 1919 3584 Deum
1966 3529 2021 3583 in

439 3644 605 3684 carne
634 3629 978 3682 liberatorem
1020 3641 1127 3681 non
1162 3624 1526 3680 crediderunt.
1567 3625 1632 3679 Et
1660 3636 1791 3680 tunc
1813 3625 2024 3694 judica-

440 3721 522 3774 bit
550 3736 741 3773 omnes
771 3728 980 3788 gentes,
1012 3729 1283 3789 quotquot
1329 3734 1437 3773 non
1470 3716 1822 3773 crediderunt
1866 3716 1916 3771 ei
1967 3716 2023 3769 in

442 3824 586 3869 terra
617 3815 933 3883 apparenti;
976 3823 1029 3869 et
1056 3824 1245 3885 arguet
1272 3815 1325 3867 in
1355 3814 1541 3869 electis
1572 3814 1810 3883 gentium
1834 3811 2021 3880 Israel,

440 3908 903 3977 quemadmodum
937 3908 1212 3978 redarguit
1260 3908 1401 3963 Esau
1444 3909 1495 3961 in
1537 3907 1835 3973 Madiuteis,
1862 3906 2024 3962 sedu-

441 3999 691 4055 centibus
722 4007 781 4051 ut
821 3998 988 4053 frater
1012 4014 1196 4053 eorum
1238 4000 1387 4053 ﬁeret
1416 4013 1510 4067 per
1536 3997 1947 4052 fornicationem
1970 4005 2025 4052 et

444 4090 842 4155 idololatriam;
878 4098 933 4145 ct
977 4090 1267 4144 abalienati
1315 4097 1441 4144 sunt
1471 4105 1501 4143 a
1536 4089 1668 4155 Deo,
1711 4088 2023 4143 excidentes

444 4190 513 4243 ab
538 4186 849 4241 Increditate
876 4185 1135 4248 ﬁliorum,
1174 4184 1266 4254 qui
1313 4201 1420 4239 non
1466 4184 1658 4239 timent
1686 4182 1855 4238 Deum
1885 4184 2020 4255 (51).

445 4277 555 4335 Vos
584 4288 764 4334 autem
790 4278 836 4333 si
864 4277 1153 4333 ambulctis
1184 4277 1237 4331 in
1267 4276 1698 4331 sanctiﬁcatione
1723 4276 2023 4331 secundum

2127 3265 2307 3335 μορφῇ
2359 3260 2645 3333 ἀνθρώπου
2692 3255 3075 3318 ταπεινώσεως
3110 3253 3241 3324 (28).
3288 3250 3402 3303 Καὶ
3445 3248 3565 3300 ὅσοι
3601 3242 3715 3296 ἐπί-

2126 3334 2354 3409 στευσαν
2378 3353 2528 3425 αὑτῷ
2551 3353 2642 3405 ἐπὶ
2668 3349 2791 3420 γῆς,
2818 3350 3257 3419 συγχαρήσονται
3285 3342 3456 3412 αὐτῷ,
3482 3341 3577 3392 ὅτε
3608 3334 3713 3403 (29)

2124 3447 2218 3499 καὶ
2243 3446 2441 3507 πάντες
2468 3443 2881 3514 ἀναστήσονται,
2913 3440 2963 3492 οἰ
2993 3438 3091 3508 μὲν
3117 3439 3195 3500 εἰς
3232 3434 3412 3500 δόξαν,
3443 3432 3498 3483 οἱ
3539 3428 3599 3481 δὲ
3640 3430 3714 3488 εἰς

2124 3540 2369 3610 ἀτιμίαν.
2400 3538 2510 3591 Καὶ
2534 3537 2710 3608 κρινεῖ
2745 3533 2950 3605 Κύριος
2988 3533 3046 3583 ὲν
3086 3528 3320 3599 πρώτοις
3343 3527 3437 3579 τὸν
3479 3523 3714 3596 Ἰσραὴλ,

2124 3634 2251 3703 περὶ
2273 3631 2370 3701 τῆς
2395 3632 2475 3693 εἰς
2513 3628 2673 3684 αὐτὸν
2716 3626 2947 3689 ἀδικίας,
2976 3624 3058 3676 ὅτι
3104 3620 3553 3691 παραγενόμενον
3584 3615 3715 3669 Θεὸν

2124 3728 2181 3779 ὲν
2213 3726 2377 3795 σαρκί
2399 3721 2766 3793 ὲλευθερωτὴν
2791 3720 2891 3771 οὐκ
2926 3717 3269 3769 ἐπίστευσαν.
3299 3707 3411 3764 Καὶ
3447 3711 3575 3762 τότε
3603 3726 3718 3777 κρι-

2124 3816 2204 3868 νεῖ
2231 3814 2407 3867 πάντα
2428 3812 2497 3865 τὰ
2521 3810 2667 3880 ἔθνη,
2693 3811 2793 3863 ὅσα
2834 3809 2935 3861 οὐκ
2965 3806 3287 3858 ἐπίστευσαν
3321 3800 3475 3870 αὐτῷ
3504 3801 3599 3851 ἐπὶ
3621 3798 3718 3865 γῆς

2126 3906 2377 3975 φανέντι·
2405 3906 2499 3958 καὶ
2523 3902 2729 3971 ἐλέγξει
2767 3903 2823 3955 ὲν
2849 3904 2962 3963 τοῖς
2992 3898 3269 3958 ἐκλεκτοῖς
3292 3893 3403 3946 τῶν
3431 3892 3608 3944 ἐθνῶν
3634 3891 3718 3943 τὸν

2137 3987 2369 4070 Ἰσραὴλ,
2396 3996 2583 4066 ὧσπερ
2608 3993 2800 4065 ἤλεγξε
2825 3993 2917 4046 τὸν
2945 3989 3113 4043 Ἠσαῦ
3139 3991 3194 4041 ἐν
3221 3988 3331 4049 τοῖς
3357 3982 3717 4052 Μαδηναὶοις,

2124 4095 2237 4155 τοῖς
2261 4092 2606 4161 ἀπατήσασιν
2631 4088 2739 4158 (50)
2769 4085 2994 4154 ἀδελφὸν
3021 4082 3201 4138 αὐτῶν
3226 4078 3487 4149 γενέσθαι
3510 4076 3605 4129 διὰ
3627 4075 3719 4143 τῆς

2126 4181 2402 4253 πορνείας,
2440 4179 2657 4249 καὶτῆς
2698 4175 3138 4248 εἰδωλολατρείας
3159 4191 3173 4203 ·
3210 4170 3305 4225 καὶ
3339 4166 3717 4241 ἀπηλλοτριώ-

2128 4274 2301 4343 Θησαν
2324 4272 2481 4327 Θεοῦ.
2512 4271 2795 4341 Γενόμενοι
2840 4265 2955 4333 οῦν,
2996 4267 3184 4330 τέκνα,
3209 4265 3267 4316 ὲν
3313 4261 3500 4333 μερίδι
3530 4258 3720 4330 φοὸου-

520 4569 632 4639 (19)
672 4567 860 4639 Ὑμῖν.
915 4568 1088 4639 ’Υπὲρ
1132 4566 1222 4620 τὸν
1263 4564 1479 4638 πρῶτον
1517 4564 1640 4620 add.
1680 4562 1802 4619 cod.
1849 4545 2026 4618 O‘xon.
2061 4542 2106 4597 ι)
2204 4560 2315 4639 (ξιξ)
2346 4545 3714 4639 Ιίᾳὶκρῖμα,εὶσπιςτοποίηρεινςρξτιίεεᾳξιξηξξρι

447 4640 615 4696 ϐιυω.

519 4712 633 4779 (20)
663 4713 793 4764 Ὀτι
826 4710 1009 4774 αὐτὸς
1042 4706 1533 4779 ltiti-statuetur.
1565 4706 1789 4761 Desunt.
1820 4704 1893 4760 I1).

518 4783 633 4847 (2I)
678 4783 1057 4847 Ἀποστείλῃ.
1100 4777 1413 4832 Ἀνατείλει.
1448 4777 1523 4831 Id.

518 4846 632 4921 (22)
661 4851 1059 4920 Μονογενοῦς.
1098 4850 1389 4921 Προφήτου
1426 4847 1551 4901 add.
1590 4849 1712 4921 cod.
1750 4846 1923 4901 Oxon.
1959 4847 2034 4901 In.

512 4918 628 4988 (25)
656 4918 894 4990 Πρῶτον
926 4922 1094 4974 ναόν.
1136 4918 1248 4972 Vox
1281 4918 1492 4989 πρῶτος
1522 4936 1627 4972 non
1668 4920 1734 4973 de
1773 4929 2036 4985 tempore,

451 4995 544 5047 sed
599 4994 715 5047 loco
763 5002 848 5046 est
892 4991 1209 5056 explicanda
1246 5008 1260 5055 ;
1294 5005 1467 5056 neque
1497 4990 1639 5042 enim
1679 4997 1868 5042 auctor
1895 4997 2035 5041 tem-

451 5007 544 5047 sea
599 5007 715 5047 loco
763 5007 848 5046 est
892 5008 952 5045 ex
1000 5007 1209 5044 ncauua
1246 5008 1260 5055 ;
1294 5007 1467 5056 neque
1497 5007 1639 5042 cnnn
1679 5007 1868 5042 aucwr
1895 5007 2035 5041 tem-

451 5064 601 5132 plum
639 5065 873 5133 primum
903 5078 933 5115 a
961 5007 1253 5114 galomone
1295 5059 1700 5133 conditunt_ltic
1741 5059 2038 5133 intelligere

452 5128 654 5203 potuit,
688 5134 779 5187 sed
810 5134 875 5185 ad
908 5132 1137 5203 primam
1175 5137 1403 5203 p_artcm__
1434 5130 1631 5203 templi
1652 5145 1771 5198 quae
1819 5128 2041 5203 diceba-

455 5198 546 5258 tur
591 5203 871 5267 Sanctum,
909 5198 1148 5269 digitum
1202 5200 1501 5253 intendisse
1546 5200 1779 5253 videtur.
1835 5198 2037 5269 Cedant

457 5283 636 5328 tamen
671 5276 774 5327 hac
797 5268 1157 5343 expositione,
1190 5270 1280 5324 ubi
1320 5270 1483 5324 aliam
1514 5271 1790 5324 meliorem
1821 5268 2036 5323 allatam

454 5346 661 5401 videro.
696 5345 771 5399 In.

457 5484 502 5540 Ο
530 5418 645 5485 (21)
672 5416 802 5540 ΙΚαὶ
844 5413 1407 5481 ἐξουθενωθήσεται.
1477 5412 1685 5467 Desunt
1727 5409 1792 5482 lin
1856 5408 2043 5466 (ἔτ-προ

508 5504 633 5539 xou.
697 5504 746 5540 υ.

508 5504 633 5539 ΧΟΙΙ.
672 5504 746 5540 ID.

524 5558 639 5625 (25)
680 5556 1089 5622 Καταϐήσεται
1138 5552 1371 5625 πνεῦμα
1422 5554 1567 5625 Θεοῦ
1614 5552 1711 5605 ἐπὶ
1759 5550 1836 5625 tri
1873 5552 2036 5625 ἔθνη-

456 5620 640 5682 Iunuit
670 5638 858 5682 auctor
887 5620 1050 5679 verbo
1080 5620 1480 5693 καταϐήσεται,
1532 5624 1645 5676 fore
1696 5630 1754 5674 ut
1804 5620 2039 5690 Spiritus

459 5709 681 5767 sanctus
733 5715 762 5751 a
812 5698 1092 5767 Syuagoga
1117 5692 1428 5749 Judaem‘um
1457 5694 1756 5758 auferatur,
1793 5701 1845 5747 ct
1883 5693 2039 5748 detur

459 5766 711 5825 Ecclesiae
740 5766 1003 5840 gentium.
1039 5767 1111 5819 In.

2210 4616 2321 4701 (27)
2363 4616 2617 4701 To'te'm'zl
2643 4616 3396 4701 ήμέἷςρνᾳστηρόιφζξιω
3439 4616 3718 4701 {abadr—

2135 4688 2231 4767 τεςῖ
2265 4688 2734 4764 ἀλεαστήσοντᾶι,
2780 4688 2833 4749 el
2876 4694 2994 4767 μὲν
3036 4695 3123 4756 εἰς
3156 4688 3378 4753 δόξαν,
3422 4691 3490 4767 οξ
3529 4688 3601 4740 δὲ
3640 4691 3718 4752 εἰς

2135 4757 2391 4841 ἀτὶμίαν.
2426 4757 2627 4841 Ultima
2658 4757 2822 4820 verba
2868 4757 3154 4841 desumpta
3184 4771 3311 4839 sunt
3337 4757 3595 4841 (ξδ’-[ζωὴ
3616 4775 3715 4841 in,

2135 4843 2191 4907 2,
2218 4828 2417 4911 quibus
2447 4842 2587 4911 hanc
2618 4840 2671 4893 in
2696 4853 2809 4889 rem
2834 4835 3014 4911 citath
3034 4828 3260 4911 quoque
3282 4831 3335 4882 in
3368 4828 3584 4911 Hidros
3606 4828 3717 4909 Τει-

2136 4902 2415 4980 lim-super
2449 4910 2832 4980 psalm.__xcn_t,
2864 4921 2914 4957 v.
2947 4904 3003 4980 2,
3034 4903 3176 4957 idem
3205 4902 3271 4953 de
3300 4902 3717 4980 resuscitatione

2136 4971 2477 5037 mortuorum
2526 4996 2619 5048 per
2645 4977 2919 5048 Messium
2942 4975 3169 5048 docetur
3203 4971 3349 5040 quod
3384 4978 3581 5048 auctor
3627 4986 3717 5023 no-

2136 5062 2245 5107 ster
2273 5054 2431 5106 dixit.
2460 5041 2634 5105 verba
2686 5049 2759 5101 ibi
2803 5062 2861 5100 se
2906 5045 3113 5098 habent
3161 5050 3480 5109 sequentem
3524 5041 3580 5093 in
3609 5056 3713 5094 mo-

2136 5125 2265 5178 dum
2293 5142 2304 5177 :
2345 5142 2363 5173 ‹
2393 5122 2658 5176 Futurum
2706 5126 2789 5172 est
2823 5123 2881 5169 ut
2921 5116 3073 5169 nasci
3104 5112 3269 5166 faciat
3297 5110 3575 5179 (Messias)
3609 5126 3716 5163 om-

2138 5211 2236 5248 nes
2287 5194 2619 5247 dormientes
2666 5190 2721 5241 in
2780 5186 3016 5255 pulvere.
3072 5179 3331 5255 Dixit_R.
3388 5179 3713 5255 Nachman:

2140 5265 2479 5317 Dormientes
2500 5262 2554 5314 in
2580 5251 2800 5329 pulvere
2824 5264 2952 5329 sunt
2968 5254 3189 5329 mortui,
3210 5251 3351 5307 sicut
3370 5252 3581 5329 dictum
3608 5261 3680 5305 est
3703 5268 3712 5300 :

2139 5334 2206 5389 Et
2232 5336 2387 5388 multi
2411 5335 2477 5388 de
2499 5324 2595 5385 his
2615 5330 2710 5400 qui
2732 5328 3013 5383 dormiunt
3039 5326 3091 5379 in
3115 5332 3276 5377 terra:
3300 5324 3546 5391 pulvere,
3573 5338 3593 5373 ι
3620 5330 3712 5376 ctc.

2142 5409 2217 5462 In.

2212 5476 2324 5545 (28)
2361 5473 2789 5545 Ταπεινώο-εως.
2822 5466 3000 5545 De_cs_t.
3036 5465 3114 5545 I_D.

2208 5538 2321 5617 (29)
2380 5547 2534 5597 Ὅτε.
2564 5543 2700 5617 Τότε
2733 5556 2848 5617 ms_._
2872 5538 3025 5615 Trin.
3058 5539 3133 5591 In.

2207 5603 2321 5687 (30)
2358 5614 2787 5680 Ἀπατήσασιγ.
2809 5610 3193 5680 Ἀπιστήσασιν
3220 5607 3383 5661 habet
3401 5604 3525 5659 cod.
3551 5603 3711 5659 Oxon.

2140 5690 2213 5744 In.

2215 5760 2327 5832 (51)
2362 5757 2673 5813 Euidentes
2725 5753 2786 5807 ab
2837 5750 3143 5807 hwrcditalc
3187 5749 3445 5820 ﬁliorum,
3482 5747 3575 5819 qui
3620 5758 3711 5797 non
