3838 6218
107 267 267 325 1149

1281 267 1457 324 TEST
1466 268 1809 325 AMENTUM
1865 271 2212 334 BENJAMIN.

3254 286 3394 343 H50

104 386 304 455 μένων
326 382 416 437 τὸν
438 382 641 454 Κύριον
659 401 672 414 ·
704 384 857 455 ὑμεῖς
885 384 941 438 δὲ
967 385 1061 438 ἐὰν
1093 385 1397 457 πορεύησθε
1446 389 1502 440 ὲν
1543 388 1693 455 ἁγια-

1806 387 1997 446 faciem
2025 393 2260 459 Domini,
2292 412 2485 453 rursus
2524 396 2841 453 habitabitis
2870 398 2923 452 in
2951 412 3045 469 spe
3077 397 3133 453 in
3184 419 3271 462 me
3299 423 3313 460 :
3342 417 3401 463 e':

103 478 245 549 σμῷ
288 477 430 530 κατὰ
466 478 753 549 πρόσωπον
789 479 1013 548 Κυρίου,
1050 479 1209 534 πάλιν
1249 482 1601 551 κατόικήσετε
1642 483 1699 532 ὲν

97 561 295 624 ἑλπίδι
323 573 381 624 ὲν
419 570 571 642 ἐμοί’
602 572 694 624 καὶ
733 572 1129 643 συναχθήσεται
1170 572 1305 644 πρὸς
1346 573 1550 643 Κύριον
1594 575 1702 637 πᾶς

114 664 373 737 Ἰσραήλ.

186 758 293 809 ΙΑ’.
326 775 347 807 σ
368 756 475 808 Καὶ
497 755 598 808 οὐκ
624 754 702 810 ἔτι
722 755 1060 828 κληθήσομαι
1087 757 1248 822 λύκος
1271 759 1474 830 ἅρπαξ,
1498 759 1585 813 διὰ
1602 759 1701 823 τὰς

98 845 377 916 ἁρπαγὰς
401 846 575 917 ὑμῶν,
599 847 711 900 ἀλλ’
755 847 992 919 ἐργάτης
1034 850 1261 920 Κυρίου,
1291 851 1535 905 διαδιδὼν
1571 869 1698 921 τρο-

98 938 222 1008 φὴν
245 940 356 1001 τοῖς
393 938 777 1008 ἐργαζομένοις
818 938 879 991 τὸ
924 940 1142 1007 ἀγαθόν.
1188 943 1297 995 Καὶ
1335 943 1698 1013 ἀναστήσεται

98 1028 177 1079 ὲκ
200 1024 299 1079 τοῦ
328 1028 640 1098 σπέρματός
667 1045 768 1099 μου
814 1030 871 1081 ἐν
914 1030 1160 1102 ὑστέροις
1183 1036 1392 1105 καιροῖς
1417 1034 1699 1104 ἀγαπητὸς

96 1120 345 1191 Κυρίου,
374 1121 586 1175 ἀκούων
624 1124 722 1195 τὴν
770 1123 880 1195 (52)
910 1126 1088 1198 φωνὴν
1130 1127 1316 1191 αὑτοῦ,
1359 1127 1557 1194 γνῶσιν
1587 1126 1696 1196 (55)

97 1213 309 1284 καινὴν
335 1215 583 1283 φωτίζων
610 1217 789 1272 πάντα
823 1217 891 1271 τὰ
935 1217 1081 1288 ἔθνη,
1109 1219 1225 1287 φῶς
1248 1215 1501 1288 γνώσεως
1526 1222 1699 1291 έπεμ-

96 1306 313 1361 6αίνων
340 1308 448 1379 (54)
474 1310 530 1362 ὲν
558 1310 798 1382 σωτηρίᾳ
820 1311 899 1383 τῷ
938 1311 1171 1383 Ἰσραὴλ,
1202 1314 1295 1365 καὶ
1332 1313 1591 1384 ἁρπάζων
1622 1314 1698 1378 ὡς

93 1397 277 1462 λύκος
301 1401 395 1453 ἀπ’
416 1400 593 1453 αὐτῶν
609 1417 620 1429 ·
642 1401 734 1453 καὶ
759 1401 933 1465 διδοὺς
951 1404 1016 1473 τῇ
1038 1404 1333 1474 Συναγωγῇ
1356 1403 1464 1458 τῶν
1494 1404 1662 1459 ἐθνῶν
1680 1422 1693 1434 ⁶

94 1491 200 1541 καὶ
226 1489 332 1553 ἕως
357 1491 664 1555 συντελείας
705 1492 814 1545 τῶν
858 1490 1068 1547 αἰώνων
1110 1492 1262 1545 ἔσται
1310 1495 1367 1546 ὲν
1408 1496 1529 1556 ταῖς
1574 1511 1698 1546 συν-

91 1582 355 1646 αγωγαῖς
378 1579 484 1633 τῶν
510 1580 697 1645 ἐθνῶν,
744 1581 838 1633 καὶ
884 1583 941 1633 ὲν
978 1582 1091 1644 τοῖς
1123 1581 1377 1653 ἄρχουσιν
1417 1581 1595 1634 αὐτῶν
1620 1582 1698 1644 ὡς

95 1673 370 1740 μουσικὸν
399 1673 559 1743 μέλος
602 1676 659 1728 ὲν
706 1674 930 1745 στόματι
973 1676 1187 1729 πάντων
1211 1692 1223 1704 ·
1270 1676 1364 1729 καὶ
1400 1676 1456 1729 ἐν
1493 1675 1694 1746 βίϐλοις

87 1765 229 1825 ταῖς
254 1765 438 1832 ἁγίαις
479 1765 629 1820 ἔσται
674 1767 1142 1838 ἀναγραφόμενος,
1169 1769 1267 1821 καὶ
1307 1768 1572 1840 τὸᾼὲργον,
1601 1770 1696 1822 καὶ

87 1859 125 1908 ὁ
151 1856 315 1925 λόγος
340 1857 504 1910 αὐτοῦ
520 1875 532 1887 ·
561 1860 654 1911 καὶ
680 1836 832 1912 ἔσται
859 1836 1111 1923 ἐκλεκτὸς
1136 1860 1270 1913 Θεοῦ
1317 1836 1433 1924 ἓῶς-
1447 1860 1540 1914 τοῦ
1566 1861 1698 1916 αἰῶ-

88 1966 192 2011 νος
212 1965 226 1978 ·
261 1949 357 2001 καὶ
378 1948 447 2001 δι’
473 1948 638 2002 αὑτὸν
680 1950 925 2003 συνέτισέ
953 1970 1021 2023 με
1062 1950 1254 2006 Ἰακὼὸ
1293 1954 1322 2006 ὁ
1362 1956 1544 2023 πατήρ
1570 1970 1693 2023 μου,

87 2039 312 2109 λέγων’
344 2060 368 2092 ν(
399 2040 569 2105 Αὐτὸς
594 2042 973 2114 ἀναπληρώσει
994 2043 1063 2098 τὰ
1096 2045 1445 2117 ὑστερήματα
1469 2045 1569 2115 τῆς
1591 2064 1695 2115 φυ-

88 2132 203 2203 λῆς
229 2149 345 2186 σου.
380 2152 399 2184 ι

164 2226 272 2276 IB'.
302 2226 413 2278 Ka‘t
449 2225 525 2291 ὡς
567 2226 851 2299 ἐπλήρωσε
889 2227 1015 2291 τοὺς
1050 2226 1243 2296 λόγους
1282 2228 1468 2292 αύτοῦ,
1506 2224 1656 2282 εἶπεν
1677 2245 1691 2259 ο

94 2336 117 2368 ε
176 2317 529 2387 Ἑντέλλομαι
573 2320 721 2390 ὑμῖν,
748 2319 913 2372 τέκνα
956 2336 1079 2389 μου,
1110 2319 1438 2388 ἀνενέγκατε
1472 2320 1541 2373 τὰ
1563 2321 1697 2375 ὀστᾶ

93 2426 206 2478 μου
237 2408 296 2475 ἐξ
320 2409 616 2477 Αἰγύπτου,
652 2412 747 2465 καὶ
786 2411 992 2479 θάψατέ
1032 2429 1098 2482 με
1144 2414 1223 2476 εἰς
1266 2412 1491 2484 Χεϐρὼν
1530 2415 1696 2482 ἐγγὺς

85 2501 210 2553 τῶν
237 2502 490 2574 πατέρων
520 2521 641 2575 μου.
678 2524 699 2556 ›
726 2506 834 2561 Καὶ
857 2506 1094 2559 ἀπέθανε
1117 2505 1374 2578 Βενιαμὶν
1401 2514 1510 2579 ρκε¹
1535 2508 1691 2575 ἐτῶν,

85 2595 152 2646 ἐν
181 2595 349 2665 γήρει
374 2595 544 2666 καλῷ,
589 2597 683 2649 καὶ
713 2596 916 2667 ἔθηκαν
940 2596 1102 2652 αὑτὸν
1136 2599 1193 2651 έν
1220 2597 1517 2671 παραθήκῃ
1559 2598 1690 2670 (55).

87 2690 211 2742 Καὶ
240 2691 299 2742 ἐν
326 2689 404 2761 τῷ
428 2690 765 2761 ἐνενηκοπῷ
803 2690 913 2744 ἔτει
957 2691 1058 2762 τῆς
1090 2690 1268 2757 ἐξόδου
1296 2690 1406 2764 (56)
1428 2691 1537 2745 τῶν
1565 2694 1693 2746 υἱῶν

100 2781 335 2852 Ἰσραὴλ
379 2781 436 2848 ἐξ
480 2782 777 2851 Αἰγύπτου,
803 2784 956 2837 αὐτοὶ
994 2784 1088 2836 καὶ
1134 2784 1183 2837 οἰ
1223 2784 1442 2853 ἀδελφοὶ
1488 2785 1688 2851 αὐτῶν,

84 2874 379 2944 ἀνήγαγον
401 2874 468 2927 τὰ
492 2876 625 2929 ὀστᾶ
662 2875 770 2929 τῶν
815 2877 1063 2949 πατέρων
1106 2877 1283 2931 αὐτῶν
1310 2878 1368 2930 ὲν
1404 2881 1607 2950 κρυφῇ,
1635 2880 1694 2932 ὲν

84 2970 251 3039 τόπῳ
276 2968 552 3040 λεγομένῳ
582 2969 693 3041 (57)
723 2970 973 3024 Χαναὰν·
1027 2971 1121 3023 κα)⁶
1155 2971 1358 3041 ἔθαψαν
1402 2973 1598 3034 αὐτοὺς
1636 2972 1693 3026 ἐν

1805 488 2226 557 congregabitur
2250 490 2429 546 omnis
2452 490 2617 546 Israel
2640 491 2709 547 ad
2732 491 3045 547 Dominum.

1868 756 1960 811 XI.
1996 777 2015 810 ι
2047 759 2113 814 Et
2136 775 2245 815 non
2288 759 2522 830 amplius
2556 759 2794 815 vocabor
2833 758 2996 828 lupus
3034 770 3226 827 rapax,
3248 768 3383 825 pro.

1799 856 1919 919 pter
1944 852 2165 920 rapinas
2192 862 2423 910 vestras.
2464 850 2559 906 sed
2588 858 2841 921 operator
2868 848 3105 914 Domini,
3134 847 3383 901 tribuens

1799 943 1981 997 cibum
2028 944 2379 1013 operantibus
2423 943 2648 998 bonum.
2693 941 2761 996 Et
2800 940 3152 997 suscitabitur
3185 954 3253 993 ex
3296 952 3382 992 se-

1799 1035 1945 1089 mine
1978 1050 2102 1089 meo
2145 1036 2199 1088 in
2237 1035 2495 1091 extremis
2519 1033 2853 1103 temporibus
2880 1031 3110 1087 dilectus
3138 1026 3378 1095 Domini,

1798 1126 2027 1182 audiens
2074 1141 2264 1181 vocem
2316 1126 2467 1196 ejus,
2517 1126 2829 1195 cognitione
2868 1138 3011 1179 nova
3058 1118 3378 1175 illuminans

1798 1236 1991 1276 omnes
2018 1228 2225 1291 gentes,
2254 1219 2427 1274 lucem
2470 1218 2797 1289 cognitionis
2843 1215 3146 1271 accendens
3188 1210 3376 1266 lsraeli

1799 1309 1853 1363 in
1882 1311 2133 1374 salutem,
2156 1318 2208 1363 et
2230 1310 2447 1379 rapiens
2469 1319 2527 1363 ut
2548 1310 2709 1378 lupus
2732 1308 2800 1363 ab
2822 1306 2976 1377 ipsis,
2999 1313 3054 1359 et
3077 1304 3214 1358 dans
3236 1300 3377 1373 Syn-

1797 1418 1982 1474 agoga:
2007 1405 2278 1475 gentium;
2322 1412 2376 1457 et
2413 1418 2588 1472 usque
2633 1402 2687 1456 in
2719 1398 3244 1457 consummationem
3274 1411 3376 1451 sa:-

1798 1498 2048 1553 culorum
2077 1499 2183 1553 erit
2218 1497 2273 1551 in
2311 1494 2604 1568 synagogis
2632 1493 2890 1564 gentium,
2917 1500 2972 1546 et
3019 1491 3073 1546 in
3114 1487 3375 1560 principi-

1797 1593 1900 1648 bus
1923 1608 2111 1647 earum
2146 1592 2285 1646 sicut
2317 1590 2586 1645 musicum
2616 1588 2785 1641 melos
2815 1588 2870 1639 in
2897 1599 2990 1640 ore
3018 1582 3295 1646 omnium;
3319 1587 3376 1634 et

1798 1684 1852 1738 in
1886 1684 2039 1739 libris
2070 1685 2274 1738 sanctis
2312 1682 2417 1737 erit
2458 1680 2775 1748 inscriptus,
2806 1686 2861 1732 et
2908 1690 3067 1746 opus,
3104 1681 3157 1727 et
3190 1686 3374 1727 sermo

1727 1742 1769 1797 Β
1797 1781 1945 1850 ejus;
1969 1788 2024 1834 et
2052 1780 2155 1833 erit
2185 1778 2389 1831 electus
2416 1774 2511 1829 Dei
2538 1788 2712 1842 usque
2744 1772 2799 1824 in
2825 1770 3121 1826 saeculum:
3155 1776 3210 1823 et
3246 1782 3374 1836 pro—

1796 1884 1914 1944 pter
1942 1873 2118 1941 ipsum
2147 1868 2405 1923 instruxit
2445 1881 2532 1920 me
2556 1873 2712 1934 pater
2742 1877 2898 1917 meus
2931 1859 3121 1927 Jacob,
3144 1859 3330 1915 dicens
3354 1873 3389 1927 :7

1803 1984 1822 2016 ι
1856 1963 1975 2033 Ipse
1997 1959 2228 2027 replebit
2252 1956 2496 2013 defectus
2524 1954 2703 2010 tribus
2729 1962 2855 2008 tuae.
2887 1970 2906 2002 ι

1864 2232 1980 2288 ΧΠ.
2008 2231 2077 2287 Ει
2102 2238 2161 2286 ut
2184 2226 2426 2299 implevit
2446 2238 2728 2281 sermones
2751 2235 2900 2287 suos,
2922 2218 3061 2274 dixit
3086 2238 3100 2273 :
3129 2236 3147 2270 ι
3176 2216 3374 2272 Mando

1795 2329 1971 2395 vobis,
2006 2327 2102 2381 ﬁlii
2133 2325 2260 2390 mei,
2297 2321 2493 2377 referte
2523 2332 2649 2373 ossa
2673 2331 2793 2371 mea
2821 2331 2888 2371 ex
2911 2312 3169 2385 Egypto,
3197 2320 3254 2368 et
3286 2327 3372 2367 se-

1759 2405 1764 2413 ’
1794 2421 1952 2491 polite
1968 2419 2122 2473 mein
2138 2415 2353 2471 Hebron
2378 2427 2544 2483 prope
2571 2419 2753 2480 patres
2776 2423 2950 2464 meos.
2974 2427 2994 2460 ι
3026 2406 3092 2460 Ει
3120 2414 3373 2460 mortuus

1793 2523 1877 2569 est
1913 2511 2197 2581 Beniamin
2248 2516 2467 2564 centum
2506 2503 2697 2574 viginti
2726 2516 2995 2556 annorum
3040 2508 3097 2556 et
3130 2498 3373 2569 quinque

1793 2609 1847 2663 in
1880 2613 2157 2661 senectute
2179 2603 2351 2666 bona;
2377 2608 2431 2653 et
2469 2605 2769 2666 posuerunt
2792 2609 2915 2648 eum
2943 2593 2999 2646 in
3024 2592 3203 2645 theca.
3226 2589 3293 2643 Et
3312 2588 3370 2643 in

1794 2697 2145 2768 nonagesimo
2174 2694 2351 2764 primo
2377 2708 2522 2747 anno
2549 2698 2672 2745 ante
2705 2687 2910 2742 exitum
2940 2684 3174 2739 ﬁliorum
3203 2680 3372 2737 Israel

1793 2810 1857 2848 ex
1885 2792 2141 2863 Egypto,
2172 2789 2276 2857 ipsi
2314 2795 2368 2841 et
2408 2784 2605 2840 fratres
2641 2797 2830 2838 eorum
2869 2779 3204 2835 reduxerunt
3243 2789 3372 2831 ossa

1793 2895 2010 2956 patrum
2058 2896 2283 2937 suorum
2326 2879 2382 2933 in
2429 2876 2769 2942 abscondito,
2822 2873 2877 2926 in
2934 2871 3115 2926 locum
3162 2868 3370 2924 dictum

1794 2978 2088 3039 Chanaan;
2122 2982 2177 3029 et
2206 2971 2570 3041 sepeliverunt
2605 2982 2702 3022 eos
2735 2965 2790 3019 in
2823 2963 3064 3027 Hebron,
3092 2962 3247 3033 juxta
3274 2974 3369 3029 pe-

83 3059 349 3131 Χεϐρὼν,
378 3060 530 3146 παρὰ
570 3061 697 3125 τοὺς
731 3061 899 3125 πόδας
926 3061 1033 3116 τῶν
1064 3062 1315 3134 πατέρων
1351 3064 1547 3117 αὐτῶν.
1576 3064 1686 3116 Καὶ

1804 3078 1884 3133 les
1914 3078 2128 3140 patrum
2160 3080 2410 3121 suorum.
2448 3061 2515 3115 Et
2553 3061 2656 3131 ipsi
2708 3058 2914 3114 reversi
2955 3064 3084 3112 sunt
3120 3071 3189 3110 ex
3224 3065 3368 3110 terra

86 3152 257 3204 αὐτοὶ
308 3151 646 3223 ἐπέστρεψαν
680 3153 767 3204 ὲκ-
798 3151 903 3222 γῆς
948 3152 1189 3217 Χαναὰν,
1225 3154 1319 3205 καὶ
1364 3151 1585 3223 ᾤκησαν
1623 3152 1682 3205 ὲν

1804 3170 2070 3226 Zhanaan,
2091 3168 2146 3215 et
2175 3158 2556 3212 habitaverunt
2586 3157 2637 3208 in
2668 3153 2903 3224 Egypto
2930 3165 3109 3222 usque
3132 3150 3200 3206 ad
3224 3149 3370 3205 diem

82 3242 383 3315 Αἰγύπτῳ,
422 3243 526 3308 ἕως
567 3244 778 3316 ἡμέρας
823 3243 1000 3312 ἐξόδου
1044 3243 1223 3298 αὐτῶν
1268 3246 1332 3298 ἐκ
1368 3244 1473 3315 γῆς
1512 3243 1681 3312 Αἰγύ-¹

82 3351 260 3388 πτου.

238 3450 419 3517 Τέλος
444 3451 562 3506 τῶν
588 3452 656 3505 ιϐ’
680 3450 977 3521 διαθηκῶν
1008 3451 1125 3505 τῶν
1146 3451 1291 3506 υἱῶν
1327 3451 1547 3505 Ἰακώϐ.

84 3651 283 3702 timent
316 3644 500 3701 Deum.
532 3666 549 3698 ι
586 3646 734 3702 Fami
776 3662 886 3702 non
934 3646 1027 3701 ﬁlii
1076 3646 1129 3701 in
1180 3655 1332 3717 parte
1373 3647 1680 3703 timentium

84 3718 417 3783 Dmninum,
448 3737 467 3768 ι
488 3719 661 3786 habet
693 3726 922 3786 uterque
956 3718 1126 3772 codex
1157 3734 1261 3772 ms.
1304 3719 1438 3772 adeo
1476 3726 1534 3771 ut
1564 3717 1680 3772 Ro-

82 3789 290 3844 bertus
325 3804 423 3855 pro
454 3783 566 3854 οὗν,
601 3790 748 3858 quod
778 3783 847 3841 in
865 3788 1053 3842 Graeco
1100 3786 1273 3843 Oxon.
1319 3789 1569 3852 habetur,
1606 3789 1684 3844 le-

85 3860 246 3928 gisse
276 3859 525 3912 videatur
551 3860 610 3912 οὐ
641 3861 722 3928 (ut
745 3858 1016 3929 legituriin
1049 3874 1151 3913 ms.
1179 3858 1299 3913 cod.
1332 3858 1506 3929 Trin.)
1542 3875 1681 3913 cun-

83 3940 295 3998 ctaque
326 3929 441 3984 haec
461 3932 624 3983 verba
656 3930 721 3984 ad
746 3928 1133 3998 praecedentem
1168 3929 1449 3998 periodum
1484 3928 1682 3983 retule-

84 3996 338 4069 rit.’Sed
385 3999 439 4052 in
486 3998 675 4055 Graeco
720 3996 907 4053 codice
946 3997 1121 4053 Oxon.
1169 3996 1201 4053 a
1246 4015 1377 4054 voce
1401 3999 1680 4069 γενόμενοι

82 4084 239 4123 nova
280 4068 471 4138 incipit
512 4072 786 4139 periodus,
814 4070 972 4137 cujus
1007 4069 1241 4138 primum
1275 4072 1432 4125 colon
1469 4068 1542 4129 ita
1577 4070 1680 4124 La-

82 4141 214 4192 tine
239 4146 326 4193 est
352 4140 684 4195 reddendum
714 4159 726 4195 :
759 4140 904 4194 Estis
939 4141 1141 4210 itaque,
1183 4140 1300 4207 ﬁlii,
1334 4142 1388 4195 in
1428 4150 1584 4210 parte
1611 4142 1679 4195 ti-

86 4211 367 4263 mentium
407 4210 717 4265 Dominum.
757 4210 926 4265 GRAB.

162 4280 285 4347 (52)
327 4279 459 4352 Τήις.
506 4283 628 4334 Ἐπὶ
653 4283 755 4352 γῆς
780 4282 904 4335 add.
930 4281 983 4334 in
1005 4298 1105 4334 ms.
1146 4281 1298 4335 Trin.
1332 4281 1407 4337 In.

1788 3260 1966 3314 exitus
2000 3267 2190 3311 eorum
2218 3249 2286 3307 de
2316 3256 2459 3302 terra
2487 3245 2727 3316 Egypti.

1893 3452 2007 3527 (58)
2032 3451 2185 3507 Finis
2215 3449 2669 3504 Testamentorum
2696 3458 2774 3498 xu
2795 3441 3039 3511 ﬁliorum
3068 3437 3257 3494 Iacob.

1860 3655 1972 3725 (56)
2008 3653 2116 3725 Καὶ
2142 3653 2211 3705 ἐν
2231 3650 2311 3716 τῷ
2335 3643 2711 3725 ἐνερηκοστῷ
2733 3643 2850 3725 ᾔτει
2874 3640 2983 3725 τῆς
3004 3636 3236 3725 ἐξόδου.
3390 3698 3397 3702 _

1788 3711 1939 3780 Trin.
1955 3711 2015 3778 ἒν
2033 3724 2111 3791 τῷ
2128 3711 2461 3791 ἐνενηκοστῷ
2484 3711 2863 3791 πρῲτῳςῌιειξ
2880 3722 3061 3791 autem
3086 3711 3369 3791 bege‘cor-

1788 3777 1937 3851 Eéi’ii
1963 3777 2315 3850 doctissimus
2346 3777 2447 3843 Dn:
2485 3777 2813 3840 Dbdwellus.
2846 3783 2923 3837 In.
2943 3812 3014 3821 —-
3043 3779 3101 3833 In
3149 3777 3367 3851 Tabulis

1789 3847 1997 3923 scilicet
2022 3847 2423 3931 cliranologicis,
2451 3861 2517 3912 ad
2545 3866 2778 3931 mentem
2809 3853 3048 3931 auctoris
3074 3866 3147 3930 xu
3176 3847 3367 3931 Testa-

1790 3919 2085 3992 mentorum
2115 3919 2373 3997 exaraiis,
2403 3919 2553 3999 (luas,
2588 3927 2837 3999 consulat
2880 3926 3068 3999 lector,
3099 3920 3145 3974 si
3194 3919 3366 3999 lubet,

2209 3987 2467 4078 Grahiuin
2526 3998 2715 4078 Spicil.
2758 4005 2907 4078 tom.“
2935 3992 3002 4078 "l,
3025 3987 3365 4078 _pa‘g§._-g

1974 4060 2203 4131 Easdem
2237 4074 2449 4128 tabulas
2479 4060 2786 4125 contractas
2823 4064 3043 4119 exhibet
3080 4060 3365 4114 Fabricius

1788 4150 1918 4203 Cod.
1950 4147 2293 4206 Pseudepiqr.
2335 4143 2447 4197 νει.
2482 4141 2621 4194 Test.
2653 4148 2783 4192 tom.
2818 4136 2859 4203 l,
2888 4148 3046 4206 pagg.
3075 4130 3177 4185 749
3205 4145 3360 4200 seqq.

1832 4160 1918 4202 θα.
1950 4160 2293 4203 l’seuaemar.
2340 4160 2447 4197 γει.
2484 4160 2621 4194 ιεδι.
2656 4160 2783 4192 ιυιιι,
2818 4160 2859 4203 ι,
2888 4160 3046 4203 pagg.
3084 4160 3177 4185 ιιιιῡ
3205 4160 3360 4200 δῠιιιι.

1858 4163 1918 4202 ια.
1950 4163 2293 4215 I’seuaepigr.
2341 4163 2447 4197 γει.
2484 4163 2621 4194 ιεδι.
2657 4163 2783 4192 tum.
2818 4163 2859 4203 ι,
2888 4163 3046 4206 pagg.
3084 4163 3177 4185 ην

1858 4219 1970 4282 (57)
2007 4218 2167 4282 Τόπῳ
2199 4213 2519 4286 λεγομένῳ.
2551 4210 2647 4286 Tib
2665 4208 2904 4286 πρλέμῳ.
2930 4206 3005 4259 lu.
3189 4274 3201 4285 _

1858 4280 1971 4358 (58)
2005 4290 2065 4341 In
2103 4280 2292 4358 codice
2323 4280 2392 4339 62
2434 4285 2549 4337 haec
2583 4280 2651 4334 ad
2697 4280 2861 4358 ﬁ_nem_
2903 4287 3031 4330 sunt
3064 4280 3296 4358 ascripta
3345 4290 3361 4326 :

162 4350 720 4427 (55)-ζ“νῶσέν.ΔΚαὶ⁷
760 4352 926 4427 ποιῶν
973 4352 1219 4407 εὐδοκίαν
1255 4352 1557 4427 θελήματος
1585 4354 1681 4410 αύ-

1804 4350 2093 4427 ῗίέρίὶὲὶιιηε
2131 4357 2463 4411 Testamenta
2488 4370 2578 4427 lui
2603 4352 3030 4427 patriarcharum
3072 4350 3359 4427 secundum

82 4419 212 4485 τοῦ,
244 4420 368 4475 add.
408 4422 529 4475 cod.
565 4420 741 4476 Oxon.
770 4422 843 4476 In.

164 4492 285 4563 (54)
331 4490 747 4561 Ἐπεμϐαίνων.
783 4492 1050 4563 Λάμπων.
1078 4492 1154 4549 In.

166 4562 287 4633 (55)
322 4564 661 4635 Παραθήκῃ.
695 4562 1160 4641 Παρακαταθήκῃ.
1189 4564 1265 4621 In.

1788 4414 2191 4553 tra'nslatialnem
2229 4428 2430 4482 domini
2480 4414 2693 4479 Robérti
2725 4422 3066 4483 Grosseteste,
3113 4414 3359 4471 Lincoln.

1788 4516 2031 4553 801.5601".
2091 4516 2141 4553 ι).

1786 4516 2031 4570 episcopi.
2067 4516 2141 4554 ID.
