3838 6218
1120 272 1455 332 EPISTOLA
1502 278 1594 333 AD
1642 278 2066 343 DlOGNETUM.
2107 318 2176 329 —
2213 286 2572 348 PROLEMIA.

199 385 269 439 Et
299 383 538 454 primum
566 382 788 454 quidem
809 386 946 443 satis
973 399 1161 459 aperte
1190 391 1374 461 prodit
1401 395 1714 467 auctor(5),
1745 411 1792 470 Α
1821 407 1916 468 pta
1949 400 2062 471 (11)
2086 420 2101 469 ;
2131 411 2191 457 ut
2220 404 2451 474 proinde
2477 419 2858 478 argumentum
2893 409 3025 469 illud
3055 417 3199 488 quod
3228 435 3295 475 ex
3336 440 3405 479 eo

126 476 513 547 apostolorum
557 476 861 548 disciplina:
913 495 1037 537 sese
1085 482 1384 551 addixisse,
1411 501 1715 558 eorumque

123 567 410 623 exstitisse
437 565 764 624 auditorem.
783 569 1120 626 Ἀποστόλων
1140 573 1431 646 γενόμενος
1451 577 1719 651 μαθητὴς,

124 658 353 729 γίνομαι
383 659 699 726 διδάσκαλος
725 661 945 718 ἐθνῶν.‹
972 662 1109 718 Cum
1133 664 1326 720 fuerim
1352 669 1719 737 apostolorum

122 751 458 821 discipulus,
483 753 554 808 ﬁo
584 755 826 823 gentium
855 755 1064 810 doctor.
1097 776 1116 805 ι
1144 757 1299 825 Quod
1324 777 1456 817 sane
1479 777 1588 818 non
1611 763 1718 820 nisi

125 844 426 899 admodum
474 844 771 916 improprie
800 848 868 904 de
894 847 1110 905 Justino
1132 852 1258 921 quis
1286 852 1503 908 dixerit.

195 936 406 993 Deinde
438 936 809 994 Christianam
860 942 1182 1014 religionem
1227 960 1422 1002 recens
1466 953 1714 1003 exortam

126 1029 338 1098 saepius
373 1029 613 1084 inculcat
642 1043 832 1086 noster
857 1031 1200 1104 Anonymus.
1233 1035 1536 1106 Alloquens
1566 1040 1714 1093 enim

123 1119 456 1192 Diognetum
488 1123 592 1178 sub
632 1123 850 1178 initium
894 1124 1150 1194 Epistolas
1196 1125 1271 1195 (6)
1307 1144 1322 1181 :
1359 1145 1378 1178 ι
1419 1127 1591 1184 Video
1636 1137 1712 1195 te,

122 1211 330 1281 inquit,
376 1213 646 1269 acerrimo
693 1216 876 1270 studio
930 1217 1104 1272 teneri
1161 1218 1429 1282 discendi,
1470 1221 1594 1290 quis
1641 1222 1714 1277 sit

120 1303 347 1361 divinus
398 1306 834 1362 Christianorum
879 1310 1080 1376 cultus,
1116 1318 1172 1366 et
1226 1327 1328 1366 cur
1372 1328 1571 1367 novum
1605 1315 1712 1369 hoc

121 1413 302 1468 genus
330 1407 426 1453 aut
448 1399 760 1455 institutum
785 1400 838 1456 in
873 1403 1325 1458 consuetudinem
1356 1405 1544 1460 venire
1563 1421 1710 1460 nunc

119 1488 377 1558 ceperit,
408 1498 462 1544 et
493 1506 599 1543 non
629 1492 850 1561 prius...
891 1510 908 1544 ι
946 1492 1012 1544 Τί
1063 1492 1282 1564 δήποτε
1325 1494 1510 1548 καινὸν
1550 1495 1709 1548 τοῦτο

117 1580 279 1649 γένος
327 1582 359 1653 ἢ
406 1583 744 1656 ἐπιτήδευμα
799 1585 1049 1656 εἰσῆλθεν
1082 1588 1162 1651 είς
1187 1585 1278 1640 τὸν
1306 1587 1419 1658 βίον
1467 1588 1582 1654 νῦν,
1611 1589 1706 1643 καὶ

116 1673 184 1725 οὐ
245 1673 531 1745 πρότερον.
581 1673 651 1730 Et
684 1692 812 1730 mox
843 1677 896 1731 in
925 1678 1173 1733 eamdem
1218 1681 1542 1735 sententiam
1581 1682 1657 1748 (7)
1687 1702 1699 1735 :

1825 489 2167 548 Clementino
2204 494 2327 551 loco
2359 495 2426 551 ad
2472 502 2736 568 temporis
2765 504 3101 561 notationem
3133 508 3402 567 deﬁnien-

1822 579 1946 635 dam
1990 583 2242 652 superius
2269 586 2517 643 eruimus
2539 589 2673 657 (12),
2699 591 2840 646 idem
2865 609 3105 666 quoque,
3133 601 3198 654 ad
3224 603 3400 658 nostri

1821 670 2093 744 Anonymi
2126 684 2340 731 aetatem
2367 680 2512 748 quod
2545 681 3078 755 attinet,urgendum
3107 692 3356 748 videatur
3382 714 3396 750 :

1821 764 2065 835 adeoque
2091 767 2264 836 ipsius
2295 768 2533 839 Epistola
2561 780 2620 826 ut
2650 775 2887 832 maxime
2909 777 3112 836 Christi
3143 799 3289 839 anno
3303 786 3394 854 69,

1819 855 2100 929 illiganda,
2166 868 2260 914 aut
2307 862 2460 917 ocius
2507 863 2670 918 etiam
2718 865 2972 934 fortasse,
3020 875 3167 941 quod
3223 879 3398 948 magis

1817 947 2012 1018 placet,
2045 959 2104 1004 ut
2133 965 2201 1005 ex
2236 966 2360 1006 mox
2401 951 2650 1010 dicendis
2680 969 3016 1028 compertum
3047 963 3156 1018 ﬁet.

1887 1041 2047 1097 Aliud
2102 1044 2348 1114 insuper,
2381 1055 2435 1101 et
2463 1062 2586 1102 meo
2615 1051 2834 1118 quidem
2869 1053 3074 1122 animo,
3106 1057 3249 1112 haud
3279 1059 3417 1119 leve

1815 1129 2078 1188 indicium
2121 1139 2360 1206 suppetit
2395 1153 2462 1194 ex
2494 1141 2680 1195 eadem
2715 1141 2977 1213 Epistola,
3009 1150 3212 1204 nemini
3245 1153 3394 1221 quod

1814 1223 1984 1278 sciam
2019 1225 2286 1284 hactenus
2316 1230 2778 1301 animadversum,
2799 1252 2908 1306 quo
2931 1239 3240 1309 conjectura
3267 1259 3395 1313 pro-

1812 1314 1990 1383 posita
2032 1316 2098 1371 de
2142 1318 2313 1388 ipsius
2353 1331 2575 1377 auctore
2598 1325 2716 1380 viro
2749 1329 3049 1396 apostolico
3079 1333 3252 1403 magis
3277 1350 3394 1388 ma-

1812 1406 2006 1477 gisque
2034 1412 2321 1466 astruitur.
2351 1412 2481 1468 Belli
2513 1416 2772 1472 nimirum
2799 1421 2943 1489 quod
2977 1431 3106 1478 tunc
3129 1427 3392 1495 temporis

1808 1492 1979 1552 ,ιιιάωί
2035 1499 2203 1554 simul
2251 1510 2306 1556 et
2354 1503 2527 1560 Graeci
2570 1507 2832 1563 adversus
2858 1508 3202 1568 Christianos
3231 1492 3390 1584 gete-

1809 1587 1959 1655 bant,
1991 1593 2240 1648 meminit
2278 1605 2466 1650 noster
2491 1597 2812 1669 Anonymus
2843 1601 2994 1656 hisce
3019 1604 3199 1659 verbis
3230 1607 3342 1673 (15)
3372 1624 3386 1660 :

1819 1678 1954 1732 Ὑπὸ
1994 1680 2262 1737 Ἰουδαίων
2292 1683 2368 1748 ὡς
2422 1685 2707 1755 ἀλλόφυλοι
2739 1689 3118 1761 πολεμοῦνται,
3150 1696 3244 1748 καὶ
3285 1694 3390 1748 ὑπὸ

124 1783 144 1814 ι
174 1764 474 1836 Postquam
504 1765 679 1823 factus
709 1766 902 1834 fueris,
933 1771 1080 1825 velut
1107 1771 1174 1826 ab
1195 1772 1369 1841 initio,
1397 1777 1690 1831 novusbo-

1803 1749 2074 1841 Ἐλλήνων
2097 1771 2402 1828 διώκονται⁸
2426 1776 2520 1830 καὶ
2665 1779 2844 1835 αἰτίαν
2867 1749 2966 1852 ’ἑῆς
2986 1749 3186 1857 ἔχθρας
3211 1787 3388 1840 εἰπεῖν

116 1870 238 1922 mo,
268 1866 454 1926 utpote
497 1859 767 1915 sermonis
820 1862 969 1924 novi,
1009 1863 1152 1918 sicut
1181 1874 1233 1918 et
1270 1865 1384 1934 ipse
1413 1865 1699 1923 confessus

118 1962 210 2010 es,
227 1948 444 2003 auditor
465 1948 682 2006 futurus
703 1970 722 2004 ι
835 1951 996 2022 λόγου
1021 1954 1208 2008 καινοῦ
1225 1957 1498 2028 ἀκροατὴς
1515 1959 1708 2031 ἐσόμε-

114 2055 233 2102 νος.
265 2037 664 2112 Nonnullisque
717 2045 1040 2115 interjectis,
1101 2047 1304 2104 clarius
1344 2049 1524 2107 adhuc
1557 2052 1698 2107 idem

113 2131 416 2185 conﬁrmat
445 2132 530 2188 his
557 2134 736 2190 verbis
760 2135 841 2206 (8)
869 2153 883 2190 :
922 2154 942 2187 ι
978 2134 1115 2191 Cum
1162 2139 1431 2208 superiori
1463 2148 1704 2212 leinporc

113 2219 267 2276 Deus
295 2237 395 2276 nos
419 2223 767 2291 convicisset,
797 2242 906 2282 non
931 2243 1095 2298 posse
1123 2229 1291 2285 vitam
1318 2234 1578 2303 consequi
1607 2251 1704 2289 na-

111 2321 302 2368 turam
344 2324 610 2380 nostram,
643 2334 788 2375 nunc
828 2331 1007 2375 autem
1043 2321 1387 2380 Servatorem
1428 2327 1700 2383 ostendis-

112 2397 226 2471 set,
258 2408 353 2477 qui
408 2422 629 2465 servare
677 2421 864 2480 posset
909 2429 972 2469 ea
1021 2417 1182 2470 etiam
1207 2432 1328 2487 quae
1359 2420 1566 2474 servari
1591 2436 1700 2475 non

111 2505 398 2565 poterant,
423 2510 530 2556 etc.
571 2520 590 2554 ι
626 2503 741 2556 Νῦν
768 2502 858 2557 τὸν
880 2505 1108 2577 Σωτῆρα
1136 2507 1335 2574 δείξας,
1362 2509 1584 2564 δυνατὸν
1606 2510 1704 2565 σώ-

106 2588 231 2651 ζειν
283 2590 376 2642 καὶ
419 2591 490 2645 τὰ
539 2593 795 2659 ἀδύνατα,
838 2613 892 2650 κ.
933 2614 984 2650 τ.
1019 2597 1064 2651 λ.
1101 2598 1169 2653 Et
1210 2601 1374 2670 paulo
1418 2613 1542 2673 post
1573 2603 1696 2676 (9):

114 2700 134 2730 ‹
188 2679 291 2737 Hic
334 2683 426 2754 qui
462 2701 697 2758 semper,
728 2688 889 2745 hodie
922 2689 1096 2746 Filius
1145 2691 1384 2761 habitus,
1409 2710 1507 2765 per
1535 2712 1696 2766 quem

106 2769 362 2827 Ecclesia
417 2773 641 2832 ditatur.
674 2795 693 2830 ι
732 2771 899 2843 Οὗτος
950 2780 978 2832 ὁ
1017 2781 1122 2843 ἀεὶ,
1177 2782 1415 2854 σήμερον
1450 2785 1577 2851 Υἱὸς
1619 2787 1701 2841 λο-

103 2861 345 2932 γισθείςο
367 2864 433 2918 δι’
460 2860 522 2924 οὗ
542 2869 883 2941 πλουτίζεται
914 2872 946 2942 ἡ
979 2872 1292 2946 Ἐκκλησία.
1319 2874 1451 2942 Quae
1474 2879 1695 2948 quidem

104 2957 302 3011 omnia
326 2957 424 3014 rite
453 2975 742 3031 perpensa,
777 2965 923 3020 aetati
957 2964 1156 3023 Justini
1192 2971 1464 3038 quadrare
1509 2971 1599 3026 vix
1629 2986 1694 3027 ac

103 3062 181 3103 ne
210 3049 303 3102 vix
334 3050 556 3120 quidem
586 3056 916 3124 putaverim.

1809 1862 1860 1913 oi
1889 1863 2173 1932 μισοῦντες
2209 1866 2309 1919 οὐκ
2333 1867 2568 1937 ἔχουσιν.
2606 1889 2624 1922 ι
2660 1871 2937 1929 Adversus
2964 1891 3061 1930 eos
3090 1876 3388 1949 (Christian

1808 1954 1933 2025 nos)
1967 1963 2226 2025 tanquam
2275 1960 2612 2031 alienigenas
2647 1962 2819 2019 Judazi
2851 1965 3053 2020 bellum
3084 1978 3300 2039 gerunt,
3331 1980 3388 2025 et

1805 2044 1980 2101 Graeci
2028 2064 2124 2105 eos
2161 2062 2562 2122 persequuntur
2591 2072 2604 2109 :
2635 2064 2689 2111 et
2720 2072 2912 2113 osores
2937 2075 3128 2115 eorum
3159 2077 3384 2117 causam
3433 2107 3438 2112 .

1808 2137 2222 2197 inimicitiarum
2273 2144 2458 2200 dicere
2505 2158 2804 2213 nequeunt.
2838 2168 2857 2202 ι
2883 2150 3384 2222 Paucisqueinter-

1801 2233 2121 2304 positis(M)
2149 2253 2162 2290 :
2185 2234 2318 2306 (Οὐχ
2335 2236 2487 2308 ὁρᾷς)
2502 2240 3015 2313 παραϐαλλομένους
3043 2245 3271 2317 Θηρίοις,
3298 2248 3386 2303 ἵνα

1803 2324 2146 2396 ἀρνήσωνται
2188 2327 2279 2380 τὸν
2324 2328 2550 2400 Κύριον,
2593 2334 2685 2386 καὶ
2728 2333 2802 2406 μὴ
2860 2337 3227 2407 νικωμένους;
3270 2341 3382 2410 Οὐχ

1799 2413 1955 2487 ὁρᾷς,
1985 2416 2094 2488 ὅσῳ
2112 2418 2353 2482 πλείονες
2380 2421 2718 2486 κολάζοντες,
2736 2423 2972 2496 τοσούτῳ
2988 2426 3382 2494 πλεονάζοντας

1801 2506 2020 2573 ἄλλους
2056 2527 2074 2560 ι
2106 2508 2224 2564 Non
2258 2511 2406 2566 vides
2433 2511 2674 2581 objectos
2697 2512 2857 2580 feris;
2885 2523 2945 2570 ut
2969 2516 3236 2590 abnegent
3269 2519 3382 2573 Do-

1801 2598 2035 2664 minum,
2060 2609 2115 2655 et
2167 2616 2276 2655 non
2324 2602 2504 2658 vinci?
2533 2601 2651 2658 Non
2701 2604 2874 2672 vides,
2925 2622 3033 2675 quo
3065 2609 3247 2677 plures
3287 2611 3379 2679 qui

1800 2689 2085 2759 suppliciis
2116 2689 2376 2754 alliciunt,
2401 2707 2468 2747 eo
2497 2692 2762 2762 majorem
2789 2695 3023 2751 aliorum
3053 2713 3175 2754 esse
3195 2715 3383 2755 nume-

1803 2782 1963 2836 rum?
1997 2800 2016 2834 ι
2055 2783 2265 2849 Quibus
2297 2784 2352 2838 in
2382 2785 2564 2840 verbis
2595 2785 2706 2840 duo
2749 2787 3094 2854 potissimum
3143 2791 3378 2846 notanda

1798 2874 2123 2943 putaverim.
2165 2874 2231 2928 Et
2279 2875 2516 2945 primum
2557 2877 2778 2946 quidem
2823 2879 3066 2950 loquitur
3095 2891 3284 2937 auctor
3312 2884 3379 2938 de

1798 2969 2130 3025 Christianis
2175 2969 2468 3040 exjudazis,
2523 2974 2639 3029 sive
2690 2974 2758 3030 de
2810 2976 2879 3031 iis
2936 2979 3030 3047 qui
3083 2987 3374 3050 postquam
3454 3001 3458 3005 ‘

1798 3061 2061 3118 exiissem
2083 3062 2151 3118 ad
2192 3061 2378 3118 Jesum
2415 3073 2568 3121 extra
2599 3078 2802 3136 castra,
2835 3069 3222 3142 improperium
3257 3075 3380 3144 ejus

182 3137 329 3206 Quid
353 3143 743 3215 quod,teinplo
764 3145 1262 3220 Hierosolymitano
1289 3151 1470 3209 adhuc
1495 3162 1694 3222 stante,
1722 3125 1766 3184 θ
1799 3153 2108 3224 portabant,
2141 3163 2199 3210 ut
2232 3157 2418 3226 phrasi
2452 3167 2574 3214 utar
2603 3158 2831 3216 Paulina
2854 3163 2868 3192 ¹
2901 3125 3180 3219 ειιρξιοιυτ
3224 3125 3351 3221 nam

101 3231 257 3287 hanc
286 3233 354 3287 ab
376 3250 435 3290 se
464 3235 723 3307 scriptam
739 3237 1039 3310 Epistolam
1066 3253 1258 3298 auctor
1289 3245 1434 3301 haud
1462 3247 1697 3304 obscure

100 3324 389 3380 declarat?
418 3326 495 3382 De
523 3327 730 3385 Iudaeis
760 3346 998 3402 namque
1040 3335 1206 3390 verba
1239 3333 1466 3403 faciens,
1492 3355 1695 3410 eosque

103 3433 237 3472 cum
258 3419 490 3476 ethnicis
506 3420 795 3480 conferens
812 3435 864 3480 et
877 3425 1226 3494 Christianis,
1246 3429 1360 3484 haec
1373 3430 1534 3486 habet
1548 3432 1690 3502 (l0):

107 3529 128 3560 ι
174 3508 444 3566 Judzci....
474 3514 568 3583 qui
598 3529 696 3584 per
730 3519 1052 3589 sanguinem
1086 3529 1141 3575 et
1170 3519 1418 3575 nidorem
1451 3531 1505 3577 et
1534 3523 1691 3578 holo-

97 3610 325 3669 causta,
357 3602 535 3659 facere
582 3621 642 3661 se
675 3606 786 3664 Deo
834 3611 1102 3667 sacriﬁcia
1149 3620 1364 3682 putant,
1394 3613 1530 3668 nihil
1554 3614 1689 3669 mihi

97 3693 328 3749 diﬂ‘erre
365 3696 620 3752 videntur
651 3699 721 3754 ab
770 3699 859 3767 iis,
888 3702 982 3772 qui
1026 3718 1191 3759 sensu
1221 3705 1461 3760 carentia
1497 3707 1688 3761 eodem

99 3786 322 3840 honore
345 3788 592 3845 studiose
614 3801 1046 3863 prosequuntur.
1092 3813 1111 3846 ι
1142 3794 1446 3867 Subditque
1469 3798 1684 3852 statim:

101 3894 125 3927 ι
163 3875 236 3930 At
268 3891 460 3933 eorum
506 3880 653 3936 circa
699 3883 855 3939 cibos
887 3885 1264 3941 meticulosam
1300 3888 1608 3942 cautionem
1634 3897 1688 3944 et

94 3969 552 4037 superstitionem
591 3974 737 4029 circa
768 3975 1027 4043 Sabbata,
1058 3986 1111 4032 et
1133 3977 1458 4048 jactantiam
1484 3979 1550 4034 de
1579 3979 1686 4034 cir-

92 4059 466 4129 cumcisione,
499 4073 554 4118 et
583 4077 705 4134 quae
748 4067 815 4121 de
837 4067 1049 4138 jejunio
1079 4083 1143 4123 ac
1175 4069 1471 4124 noviluniis
1508 4071 1683 4124 simu-

92 4152 240 4217 lant,
275 4167 397 4221 quae
423 4154 653 4211 ridicula
695 4167 825 4212 sunt
877 4169 931 4214 et
974 4161 1148 4216 relatu
1186 4161 1427 4230 indigna,
1457 4169 1508 4216 te
1541 4177 1571 4216 a
1598 4179 1684 4216 me

91 4243 319 4298 discere
361 4260 585 4302 necesse
628 4247 829 4304 habere
853 4265 962 4305 non
1005 4252 1260 4307 arbitror.
1297 4271 1316 4303 ι
1345 4251 1470 4307 Mox
1501 4269 1630 4310 vero
1664 4268 1678 4308 :

97 4356 118 4388 ‹
147 4335 445 4393 Communi
465 4338 918 4413 igitur(gentium)
932 4343 1169 4399 vanitate
1199 4352 1252 4399 et
1282 4344 1607 4415 impostura,
1627 4353 1681 4399 et

1798 3259 1925 3315 que,
1956 3245 2219 3302 adversus
2270 3262 2366 3302 eos
2416 3256 2676 3319 tanquam
2733 3251 3055 3322 alienigenas
3101 3270 3131 3308 a
3165 3255 3373 3312 Judwis

1796 3336 1998 3391 bellum
2039 3337 2175 3407 geri.
2221 3336 2461 3406 Scilicet,
2490 3340 2688 3410 inquit,
2714 3343 2804 3412 qui
2831 3345 3177 3415 exagitantur
3215 3348 3375 3403 Chri-

1794 3427 1990 3494 stiani,
2014 3427 2222 3484 Hebrazi
2263 3441 2407 3499 sunt,
2446 3429 2713 3487 Israelita:
2749 3443 2894 3501 sunt,
2931 3452 3104 3490 semen
3149 3438 3373 3495 Abraha:

1792 3520 1970 3587 sum”,
2004 3519 2303 3592 eodemque
2333 3523 2598 3593 sanguine
2621 3523 2722 3577 sati
2752 3539 2863 3592 quo
2893 3535 2947 3579 et
2973 3541 3162 3582 eorum
3187 3544 3374 3600 perse-

1791 3619 2010 3666 cutores
2048 3609 2253 3680 Judaei;
2291 3613 2385 3683 qui
2417 3622 2596 3668 tamen
2621 3629 2716 3669 eos
2745 3615 3082 3672 insectantur
3111 3635 3176 3674 ac
3221 3621 3364 3675 bello

1790 3703 2086 3772 lacessunt,
2103 3707 2323 3776 perinde
2339 3722 2403 3762 ac
2419 3707 2464 3763 si
2486 3707 2809 3777 alienigenw,
2827 3708 3136 3778 ἀλλόφυλοι,
3160 3726 3366 3769 essent.

1789 3794 1859 3850 Et
1890 3797 1994 3851 hoc
2017 3812 2150 3853 sane
2176 3813 2339 3854 sensu
2373 3799 2519 3852 illam
2545 3799 2788 3855 auctoris
2825 3803 2998 3856 nostri
3036 3804 3366 3860 sententiam

1788 3903 1909 3944 esse
1931 3890 2327 3959 accipiendam,
2354 3899 2610 3953 nemo,ut
2641 3891 2890 3961 equidem
2923 3894 3135 3962 opinor,
3155 3895 3365 3954 inﬁcias

1786 3977 2048 4034 ierit.Hic
2069 3980 2182 4050 jam
2217 3996 2424 4050 quaero,
2455 3981 2587 4050 quid
2623 3981 2769 4036 aliud
2804 3981 2871 4036 iis
2900 3983 3082 4039 verbis
3114 3985 3367 4042 innuissc

1786 4071 2064 4139 putandus
2117 4082 2305 4126 noster
2349 4073 2701 4144 Anonymus,
2761 4088 3124 4144 praeterquam
3173 4080 3364 4135 turbas

1787 4163 1908 4217 illas
1957 4178 2022 4217 ac
2078 4163 2377 4218 seditiones
2421 4181 2560 4235 quas
2611 4167 2680 4219 ab
2726 4164 2982 4221 Ecclesia:
3015 4168 3361 4227 incunabulis

1784 4255 2048 4310 adversus
2082 4256 2269 4313 ﬁdeles
2295 4272 2364 4311 ex
2390 4256 2811 4312 circumcisione
2838 4259 3056 4314 ciebant
3084 4261 3364 4317 incessan-

1782 4353 1865 4399 ter
1897 4343 2070 4399 Judaei
2112 4348 2573 4415 quemadmodum
2631 4356 2746 4402 tum
2797 4365 2864 4402 ex
2891 4349 3043 4406 Actis
3078 4354 3359 4422 apostolo-

87 4427 414 4484 Judzeorum
467 4431 786 4487 curiositate
841 4442 1006 4504 atque
1047 4433 1335 4505 jactantia,
1364 4436 1489 4506 jure
1516 4435 1676 4490 Chri-
1712 4462 1754 4516 ι)
1781 4451 1903 4490 rum
1945 4437 2150 4506 passim
2172 4438 2212 4503 ³,
2245 4445 2360 4492 tum
2409 4455 2475 4494 ex
2511 4439 2874 4511 Apocalypsi‘
2900 4443 3058 4512 plane
3114 4456 3354 4514 constat;

88 4524 311 4579 stianos
369 4524 664 4591 abstinere,
693 4535 746 4582 te
798 4528 1014 4584 abunde
1061 4530 1318 4586 didicisse
1355 4531 1608 4586 arbitror.
1652 4549 1670 4582 ι

99 4615 413 4672 Ἰουδαῖοι...
489 4618 870 4690 ἀπέχονται....
915 4619 1216 4686 ἁξιοῦσι....
1247 4623 1349 4694 τὴν
1378 4622 1676 4695 θρησκείαν

84 4705 435 4777 προσάγουσι
469 4709 548 4781 τῷ
567 4711 685 4781 Θεῷ
717 4711 990 4782 ταύτην...
1023 4709 1539 4783 διαμαρτάνουσι....
1589 4713 1675 4766 δο-

85 4798 276 4852 χοῦσι.
306 4799 496 4855 Viden’
527 4803 617 4857 hic
668 4804 851 4857 omnia
899 4804 973 4858 ita
1015 4803 1218 4870 eﬁ‘erri,
1245 4815 1303 4860 ιιι
1325 4819 1392 4859 eo
1430 4814 1676 4876 tempore

84 4908 206 4964 quo
249 4894 524 4948 scribebat
567 4896 921 4966 Anonymus,
952 4895 1137 4951 cultus
1180 4894 1442 4952 Judaicus
1489 4898 1670 4952 adhuc

82 4985 337 5054 viguisse
389 4987 728 5054 oportuerit?
760 4985 1031 5056 Loquitur
1064 4989 1207 5042 enim
1240 4989 1384 5042 haud
1415 5004 1576 5044 secus
1607 5004 1673 5044 ac

81 5079 345 5133 Clemens
386 5077 667 5135 Romanus
709 5079 763 5133 in
795 5078 1034 5148 Epistola
1081 5076 1430 5134 lCorinthiis
1474 5079 1672 5135 inscri-

161 5194 177 5224 ¹
203 5194 506 5260 Hebr.xm,
535 5194 619 5249 15.
732 5197 752 5227 ³
784 5192 827 5246 ll
855 5196 962 5250 Cor
1000 5210 1076 5260 xi,
1111 5192 1203 5247 Ἡ.

79 5267 100 5296 ⁵
124 5264 310 5335 Ἀροε.
339 5267 476 5333 ιι,9;
511 5282 592 5329 ιιι,
611 5266 666 5320 9.
687 5300 693 5308 -

156 5382 238 5452 (5)
266 5379 444 5452 Anon.
475 5379 654 5452 Epist.
682 5379 752 5433 ad
775 5378 1044 5450 Diognet.,
1080 5394 1198 5449 cap.
1229 5380 1314 5434 ll.

158 5448 242 5520 (6)
277 5448 447 5520 llud,
481 5448 601 5520 cap.
636 5451 687 5505 1.

157 5519 240 5590 (7)
275 5519 444 5587 mm,
473 5519 595 5588 cap.
621 5521 679 5575 2.

157 5593 239 5659 (8)
280 5590 444 5658 lbid.,
481 5606 602 5660 cap.
631 5594 684 5646 9.

157 5663 239 5729 (9)
271 5661 440 5726 Ιὸἰά.,
465 5675 585 5728 cap.
620 5663 707 5716 ιι.

156 5733 273 5804 (10)
308 5730 474 5796 Ibid.,
506 5747 666 5802 capp.
697 5733 804 5787 5et
827 5734 881 5787 4.

403 5829 702 5907 PATROL._
739 5828 856 5889 Gtt.
894 5829 971 5903 Il,

1781 4543 1921 4597 quas
1965 4529 2093 4583 item
2145 4530 2398 4599 deinceps
2430 4547 2824 4602 nonnunquam
2855 4536 3122 4591 excitasse
3166 4539 3354 4606 perhi-

1780 4616 1999 4685 bentur,
2031 4629 2092 4674 ut
2130 4636 2192 4674 ex
2228 4619 2484 4676 Ecclesiae
2516 4619 2863 4692 Smyrnensis
2893 4625 3122 4693 epistola
3156 4626 3209 4680 in
3241 4629 3355 4696 pri-

1779 4710 1885 4766 mis
1912 4711 2079 4782 liquet
2102 4713 2252 4783 (15)?
2281 4711 2487 4766 l‘larum
2523 4713 2688 4783 igitur
2711 4713 3061 4770 Judaicarum
3103 4733 3355 4786 persecu-

1777 4806 1990 4858 tionum
2039 4805 2313 4874 αὐτόπτης
2367 4804 2602 4874 scriptor
2645 4806 2873 4874 ipsemet
2905 4810 3254 4878 apostolicus,
3289 4829 3353 4869 ea

1777 4896 1974 4952 litteris
2018 4898 2358 4967 consignavit
2404 4913 2526 4966 quae
2561 4897 2724 4951 modo
2767 4899 3087 4967 retulimus;
3123 4917 3354 4973 quaeque

1776 4991 2003 5060 proinde
2042 4990 2186 5045 haud
2224 4991 2474 5060 equidem
2516 4989 2756 5061 intelligo
2777 5007 2885 5061 qua
2917 4993 3124 5050 ratione
3149 4995 3351 5052 Justini

1777 5083 2113 5152 temporibus
2142 5083 2318 5153 aptari
2349 5083 2577 5153 possint.

1319 5193 1338 5224 ⁸
1375 5194 1495 5249 Act.
1544 5209 1665 5264 xm,
1699 5201 1806 5264 50;
1835 5212 1947 5261 xxv,
1987 5198 2054 5263 2;
2091 5212 2258 5262 xvui,
2291 5196 2389 5263 ης
2422 5211 2536 5264 xxt,
2583 5212 2696 5252 xxu
2724 5235 2740 5263 ,
2776 5214 2942 5266 xxiii,
2995 5215 3156 5267 xxiv,
3216 5219 3345 5259 xxv.

1835 5375 1948 5447 (Il)
1977 5375 2150 5430 Clem.
2176 5375 2345 5443 Epist.
2378 5373 2409 5428 Ῑ
2441 5375 2508 5427 ad
2535 5373 2683 5447 Con,
2716 5390 2837 5445 cap.
2871 5393 2979 5431 xm.

1837 5446 1948 5517 (12)
1971 5447 2294 5517 Prolegout.,
2321 5461 2452 5517 cap.
2479 5447 2532 5517 1,
2571 5446 2598 5516 §
2637 5448 2689 5499 9.

1835 5515 1947 5590 (15)
1974 5515 2150 5571 Anon.
2185 5516 2358 5584 Epist.
2386 5515 2453 5568 ad
2487 5515 2753 5586 Diognetq
2785 5532 2904 5586 cap.
2939 5520 2994 5574 5.

1836 5590 1949 5638 (Ml
1991 5587 2155 5638 lbid..
2185 5603 2306 5638 can.
2338 5585 2389 5638 7.

1836 5587 1949 5659 (ιι)
1991 5587 2155 5650 lbid.,
2185 5603 2306 5656 cap.
2338 5587 2389 5642 7.

1835 5661 1950 5727 (15)
1980 5657 2125 5710 Eccl.
2147 5657 2364 5729 Smyrn.
2385 5655 2558 5723 Epist.
2591 5657 2653 5711 de
2684 5655 2741 5712 S.
2778 5656 3060 5727 Polycarp.
3090 5668 3339 5728 martyr.,

1764 5745 1884 5801 cap.
1912 5726 2002 5794 12,
2035 5729 2120 5794 15,
2145 5726 2241 5780 ⁸1⁸7.

3025 5823 3093 5882 37
