3838 6218
469 280 607 335 1163

1634 265 1943 323 ANONYMI
1987 265 2124 323 VIR]
2150 263 2557 322 APOSTOLICI

3612 270 3761 325 1161

535 398 783 451 Alterum
836 407 963 449 vero
1007 391 1227 448 duobus
1276 390 1331 444 in
1368 387 1505 444 locis
1535 385 1714 442 allatis
1741 393 1930 440 notatu
1965 383 2048 438 di-
2075 388 2124 448 Α
2152 381 2400 436 attribui.
2418 380 2715 435 Enimvero
2736 388 2859 451 post
2886 380 3103 439 divinos
3127 379 3451 453 scriptorcs,
3478 397 3510 437 a
3536 383 3760 455 quibus

464 505 631 562 gnum
653 488 783 543 illud
803 485 1063 549 occurrit,
1081 484 1229 555 quod
1255 483 1446 538 eodem
1463 488 1705 550 tempore
1716 493 1827 550 quo
1843 476 2040 545 Judaei,

464 578 638 634 (inci
699 589 920 647 quoque
986 575 1250 629 adversus
1300 570 1644 626 Christianos
1692 568 2038 639 pugnabant;

464 685 606 741 quos
632 676 688 723 et
724 668 851 739 feris
881 667 1110 736 objectos
1149 662 1348 720 asserit
1371 662 1625 734 Epistola:
1661 669 1877 727 auctor,
1900 669 1955 715 et
1980 675 2041 714 eo

464 763 719 832 majorem
745 760 964 814 illorum
991 775 1102 813 esse
1131 772 1407 811 numerum
1432 753 1769 825 pronuntiat,
1792 768 1896 823 quo
1925 752 2044 820 plu-

465 868 545 905 res
590 852 681 922 qui
713 868 801 905 eos
836 850 1112 919 suppliciis
1154 850 1408 918 aﬁiciunt.
1443 846 1645 917 Ecquis
1671 860 1834 916 porro
1856 859 2045 915 perse-

463 944 742 997 cutionem
794 940 1161 995 Neronianam
1212 940 1297 994 bis
1346 937 1757 993 characterihus
1792 934 2042 1005 apprime

462 1036 801 1105 designatam
839 1051 947 1090 non
970 1032 1187 1089 videat?
1214 1032 1461 1086 Primum
1493 1028 1764 1101 siquidem
1791 1028 2040 1082 eamdem

461 1129 899 1197 persecutionem
946 1126 1246 1197 respiciens
1300 1122 1565 1189 Hermas,
1620 1121 1855 1191 scriptor
1904 1119 2043 1175 alter

462 1220 796 1289 apostolicus
832 1219 1134 1289 eademque
1172 1224 1493 1287 tempestate
1521 1215 1721 1271 ﬂorens
1759 1228 1868 1285 qua
1902 1212 2042 1268 scri-

459 1315 637 1385 psisse
663 1323 917 1369 censetur
937 1321 1121 1368 noster
1136 1311 1479 1382 Anonymus,
1496 1318 1556 1364 ut
1580 1308 1831 1378 superius
1856 1314 2043 1361 osten-

457 1408 641 1463 dimus
668 1405 805 1477 (16),
828 1420 1019 1461 eorum
1055 1403 1307 1459 meminit
1339 1401 1454 1472 (1'7)
1478 1400 1569 1471 qui
1588 1399 1706 1469 jam
1737 1405 2040 1452 meruerunt

458 1498 651 1567 Deum,
673 1508 723 1554 et
748 1499 895 1568 passi
924 1506 1045 1551 sunt
1072 1512 1236 1550 causa
1258 1494 1487 1550 nominis
1509 1493 1625 1562 ejus
1647 1490 1792 1547 feras
1814 1490 2038 1557 bestias,

458 1592 693 1663 ﬂagella,
731 1606 987 1659 carceres,
1031 1604 1231 1643 cruces.
1284 1586 1491 1642 Deinde
1536 1599 1605 1641 ex
1634 1583 1828 1640 Tacito
1854 1583 2040 1641 erudi-

456 1700 581 1739 mur
613 1684 751 1753 (18),
774 1682 1093 1754 religionem
1127 1680 1495 1735 Christianam
1547 1677 1651 1734 sub
1706 1676 1897 1732 eodem
1941 1673 2042 1731 Ne-

455 1792 590 1834 rone
615 1792 726 1849 quo
753 1778 928 1848 magis
960 1784 1234 1843 vexatam,
1266 1789 1333 1831 eo
1363 1774 1572 1845 majora
1618 1773 1674 1827 in
1702 1771 1822 1827 dies
1860 1771 2039 1827 incre-
2071 1773 2112 1829 Β

457 1879 639 1925 menta
669 1871 900 1941 cepisse.
950 1868 1229 1940 Repressa,
1253 1867 1454 1938 inquit.
1478 1867 1536 1921 in
1578 1881 1809 1936 praesens
1835 1865 2032 1919 exitia-

456 1965 579 2019 bilis
631 1962 960 2035 superstitio,
1014 1977 1200 2015 rursus
1242 1959 1568 2029 erumpebat,
1605 1974 1708 2011 non
1749 1958 1904 2010 modo
1943 1974 2036 2027 per

454 2056 705 2111 Judwam
735 2057 993 2126 originem
1018 2054 1176 2123 hujus
1202 2053 1354 2119 mali,
1379 2053 1468 2105 sed
1497 2067 1590 2122 per
1631 2049 1822 2105 Urbem
1845 2051 2030 2116 etiam,

454 2166 556 2221 quo
591 2159 782 2203 cuncta
836 2147 1064 2217 undique
1091 2146 1300 2200 atrocia
1329 2154 1423 2199 aut
1474 2144 1721 2213 pudenda
1758 2143 2031 2212 conﬂuunt

455 2243 888 2312 celebranturque
912 2256 931 2295 :
963 2251 1024 2296 ut
1051 2240 1282 2312 proinde
1311 2240 1529 2295 locutus
1556 2253 1678 2294 esse
1700 2238 1769 2293 de
1799 2237 1888 2293 illa
1916 2238 2032 2307 ipsa

454 2334 835 2406 persecutione
884 2332 1010 2403 jure
1064 2346 1130 2387 ac
1181 2332 1379 2387 merito
1408 2330 1754 2387 existimetur
1773 2327 2033 2399 Epistolat

453 2434 667 2482 ειυςιοτ.

524 2536 621 2593 llis
641 2538 860 2594 demum
894 2537 1104 2593 accedit
1128 2537 1371 2609 ejusdem
1390 2534 1646 2607 Epistolze
1676 2536 1870 2609 stylus,
1888 2536 2032 2592 mul-

451 2639 509 2686 to
558 2631 804 2685 ﬂoridior
846 2645 912 2685 eo
942 2638 996 2684 et
1026 2630 1344 2701 elegantior,
1377 2644 1488 2702 quo
1512 2627 1571 2684 S.
1604 2640 1810 2702 martyr
1840 2630 1893 2684 in
1914 2629 2031 2685 suis

451 2730 723 2793 quotquot
780 2720 1245 2777 circumferuntur
1299 2721 1529 2777 sinceris
1584 2722 1843 2791 operibus
1897 2735 2031 2777 usus

450 2813 806 2882 comperitur.
840 2811 917 2867 De
943 2812 1084 2881 stylo
1116 2812 1389 2883 siquidem
1411 2810 1614 2868 Justini
1645 2827 1896 2870 summus
1921 2812 2032 2869 cri-

450 2902 593 2958 ticus
626 2902 856 2958 Photius
901 2902 977 2957 ita
1003 2903 1217 2959 censuit
1242 2903 1353 2974 (19)
1382 2921 1397 2959 :
1434 2904 1775 2975 Ῥητορικαϊς
1811 2904 2030 2975 τέχναις

448 2995 549 3048 οὐκ
596 2993 723 3066 ἔσχε
773 2994 1005 3067 σπουδὴν
1047 2995 1349 3068 ὲπιχρῶσαι
1383 2996 1445 3049 τὸ
1472 2995 1711 3067 ἔμφυτον
1739 2996 1902 3051 αὑτοῦ
1927 2997 2029 3069 τῆς

450 3085 764 3156 φιλοσοφίας
787 3085 1001 3151 κάλλος.
1020 3085 1229 3161 Arbaca).
1250 3088 1300 3139 oi
1325 3086 1470 3155 λόγοι
1496 3085 1659 3140 αὑτοῦ
1685 3085 1858 3151 ἄλλως
1877 3087 2026 3152 ὄντες

446 3176 680 3242 δυνατοὶ,
712 3176 806 3230 καὶ
832 3174 893 3228 τὸ
914 3177 1333 3247 ἐπιστημονικὸν
1352 3174 1731 3241 διασώζοντες,
1751 3176 1860 3229 τῶν
1887 3178 2030 3231 ἐκεῖ-

450 3271 574 3325 σθεν
626 3272 729 3325 οὐκ
779 3272 917 3325 εἰσὶν
974 3270 1370 3336 ἀποστάζοντες
1412 3271 1755 3342 ἡδυσμάτων,
1790 3272 1910 3327 οὐδὲ
1949 3271 2029 3345 τῷ

449 3363 723 3436 ἐπαγωγῷ
766 3366 860 3420 καὶ
907 3364 1213 3435 θελκτηρῐῳ
1249 3365 1375 3429 τοὺς
1424 3363 1653 3430 πολλοὺς
1687 3364 1797 3418 τῶν
1826 3366 2030 3438 ἀκροα-

446 3455 555 3508 τῶν
585 3456 955 3528 ὲφελκόμενοι.
993 3474 1013 3508 ‹
1050 3455 1345 3511 Rethorico
1375 3456 1627 3525 artiﬁcio,
1660 3457 1857 3528 inquit,
1886 3460 2028 3514 nati-

447 3562 571 3601 vam
600 3548 958 3617 philosophiae.
978 3564 1090 3604 sure
1124 3548 1583 3619 pulchritudinem
1604 3551 1862 3608 colorare
1887 3552 2026 3608 nihil

448 3640 602 3708 pensi
625 3640 837 3695 habuit.
863 3640 1231 3707 Quamobrem
1256 3641 1422 3695 etiam
1450 3641 1570 3711 ejuS
1592 3643 1792 3709 oratio,
1816 3644 2025 3713 pollens

449 3731 656 3801 alioqui
702 3747 767 3787 ac
810 3732 1011 3800 valida,
1043 3733 1517 3805 scientiﬁcumque
1545 3750 1770 3791 servans
1800 3736 2023 3808 stylum,

448 3824 723 3880 rhetorica
769 3825 859 3880 illa
901 3826 1248 3881 condimenta
1273 3840 1381 3879 non
1411 3826 1603 3896 spirat,
1632 3842 1731 3883 nec
1752 3828 2025 3886 illecebris

446 3927 502 3973 et
538 3916 926 3973 blandimentis
956 3916 1153 3987 vulgus
1184 3916 1500 3972 auditorum
1522 3918 1774 3973 attrahit.
1818 3938 1837 3971 ι
1865 3917 2024 3985 Quod

445 4023 579 4063 sane
610 4007 877 4077 judicium
926 4009 971 4064 si
1019 4008 1145 4078 quis
1176 4006 1427 4064 conferre
1447 4008 1577 4063 velit
1611 4023 1736 4063 cum
1768 4009 1858 4063 illa
1887 4024 2025 4080 pra:-

447 4101 611 4155 stanti
640 4101 948 4156 elocutione
976 4115 1084 4170 qua
1109 4100 1282 4155 utitur
1302 4108 1494 4156 auctor
1525 4099 1806 4171 Epistola',
1832 4117 2023 4172 quam-

445 4194 528 4249 vis
572 4191 807 4249 fortasse
840 4193 1051 4263 reliqua
1100 4192 1355 4251 deessent
1380 4204 1725 4265 argumenta,
1760 4195 1907 4249 illam
1940 4207 2023 4251 ta-

445 4300 571 4339 men
621 4283 840 4340 Justino
897 4282 1321 4354 abjudicandam
1378 4285 1463 4341 vel
1524 4285 1729 4341 invitus
1786 4285 2022 4342 fateatur

447 4384 683 4447 opwtet.
709 4376 775 4430 Et
806 4374 912 4430 hac
958 4373 1181 4444 quidem
1211 4374 1524 4429 difﬁcultate
1558 4375 1694 4429 adeo
1735 4384 2019 4445 permotus

447 4469 550 4524 fuit
595 4469 787 4524 doctus
817 4466 994 4523 editor
1020 4466 1428 4535 Benedictinus,
1454 4477 1514 4522 ut
1548 4468 1689 4523 inter
1716 4469 2022 4525 certissima
2055 4457 2101 4514 Ι)

447 4559 505 4613 S.
538 4560 795 4632 martyris
824 4573 989 4629 opera
1028 4559 1275 4613 eamdem
1313 4559 1600 4629 epistolam
1630 4575 1697 4615 eo
1720 4560 1841 4615 loco
1876 4562 2022 4617 haud

444 4652 766 4719 cbllocarit,
826 4666 990 4721 quem
1044 4650 1288 4721 alioquin
1336 4652 1442 4722 ipsi
1490 4652 1858 4724 assignasset,
1914 4655 2022 4711 nisi

445 4745 718 4800 dubitatio
767 4752 988 4815 pectore
1039 4743 1204 4799 inﬁxa
1271 4744 1392 4800 viro
1452 4744 1761 4802 clarissimo
1809 4748 2023 4805 -hzesis-

362 4838 373 4849 '
444 4847 529 4893 set
542 4838 676 4907 (eo).

524 4971 542 5002 ι
568 4950 758 5022 Neque
786 4968 937 5020 vero,
966 4963 1027 5009 ut
1056 4955 1258 5026 optime
1285 4953 1554 5013 Nourrius
1584 4956 1720 5029 (21),
1746 4959 1872 5014 inde
1891 4973 2024 5015 con-

447 5032 761 5113 tinuo'quis
794 5055 1004 5116 arguat,
1034 5047 1232 5120 stylum
1261 5057 1411 5103 tanto
1441 5050 1622 5105 studio
1659 5051 2021 5114 elaboratum.

446 5135 517 5189 ab
564 5149 778 5190 summa
831 5138 1097 5194 orationis
1129 5140 1444 5210 apostolicae
1469 5142 1817 5213 simplicitate
1848 5145 2024 5213 magis

447 5230 766 5298 abhorrere,
806 5245 971 5300 quam
1002 5240 1064 5287 ut
1090 5232 1253 5288 alicui
1294 5249 1488 5289 eorum
1538 5235 1812 5307 discipulo
1851 5237 2025 5308 possit

516 5386 632 5461 (ψ)
664 5385 963 5461 ζξτοιεῃοῃι.
998 5388 1210 5461 cap.2,
1247 5390 1274 5461 ᾗ
1329 5392 1383 5445 4.

513 5458 629 5534 (1⁸])
661 5456 849 5534 }_ler_m.
881 5456 1185 5534 Past.,'lih_.
1213 5456 1385 5526 t,'vis.
1418 5463 1473 5527 5,
1501 5478 1656 5534 capp.
1692 5464 1718 5519 1
1746 5473 1802 5520 et
1828 5464 1883 5519 5.

514 5527 629 5663 (18)
661 5527 836 5584 Tacit.
876 5529 1074 5611 Annal.
1118 5530 1213 5586 lib.
1244 5547 1334 5594 xv.
1359 5548 1482 5604 cap.
1513 5527 1603 5590 ﬂ.

544 5600 632 5663 19)
661 5598 817 5655 Phot.
850 5600 1017 5663 Btbl.,
1046 5600 1170 5655 cod.
1209 5602 1332 5656 1&5.

544 5600 632 5664 19)
661 5598 817 5655 Phot.
850 5600 1017 5664 Bibl.,
1046 5600 1170 5655 cod.
1209 5602 1332 5656 1&5.

517 5601 610 5663 (19
662 5601 817 5655 Phot.
850 5601 1017 5664 Bibl.,
1046 5601 1170 5655 cod.
1209 5602 1332 5656 1&5.
1428 5601 1445 5604 ’

517 5601 632 5807 (2οξ
656 5668 862 5727 Maran.
900 5668 1139 5736 Ριιδέΐιῑη
1163 5680 1303 5753 part.
1339 5689 1557 5744 m,cap,
1581 5674 1638 5743 '5,
1669 5674 1773 5802 ἥδ,
1792 5690 1913 5745 pag.
1931 5675 2019 5732 7b.

517 5739 603 5807 (21
660 5738 860 5797 Nourr.
903 5742 1092 5807 Appar.
1118 5742 1188 5797 ad
1209 5742 1498 5807 btbl.PP..
1520 5754 1654 5803 tom.
1712 5790 1725 5804 .
1750 5763 1869 5807 Das.
1893 5747 2017 5806 116.

516 5738 631 5814 (21)
660 5738 860 5819 Nourr.
903 5742 1092 5811 Appar.
1118 5738 1188 5797 ad
1209 5742 1337 5801 bibl.
1356 5738 1654 5812 ΡΡηῖὸιῐί.
1671 5738 1725 5804 ’1.
1750 5738 1873 5807 hac:
1886 5738 2017 5806 116.

2145 483 2337 529 sancto
2377 473 2595 528 amante
2632 471 2840 543 Spiritu
2884 474 3030 529 edita
3065 482 3194 529 sunt
3230 490 3386 530 sacra
3417 474 3759 547 Scriptura-

2143 582 2266 623 rum
2296 568 2603 634 volumina,
2634 567 2854 638 ingenio
2882 566 3120 638 quisque
3147 566 3375 623 indulsit
3405 583 3539 636 suo,
3575 578 3757 639 atque

2142 657 2557 715 lucubrationes
2584 674 2714 716 suas
2738 659 2879 730 stylo
2906 660 3000 714 alii
3023 659 3371 730 elegantiori,
3402 660 3502 715 alii
3520 660 3757 731 simpli-

2144 753 2283 808 ciori
2331 762 2651 809 exararuut.
2689 751 2993 809 Fatendum
3038 761 3222 809 tamen
3255 762 3361 817 est,
3386 768 3489 809 eos
3537 754 3758 823 saepius

2143 843 2480 914 simplicitati
2532 844 2836 912 studuisse;
2895 859 2995 900 nec
3039 854 3235 899 auctor
3279 853 3473 899 noster
3525 844 3756 914 absque

2145 940 2300 1010 gravi
2335 940 2521 1009 aliqua
2551 954 2740 1005 causa,
2772 938 3027 993 fortassis
3067 946 3128 993 ut
3151 939 3436 993 veritatem
3469 937 3753 1009 Diogneto

2144 1028 2367 1087 facilius
2409 1032 2788 1101 persuaderet,
2825 1031 2913 1087 his
2940 1031 3270 1101 eloquentiae
3294 1033 3549 1088 artiﬁciis
3578 1041 3753 1101 atque

2145 1124 2491 1179 ornamentis
2538 1140 2674 1180 usus
2724 1123 2911 1179 fuerit.
2949 1142 2969 1176 ι
3016 1122 3293 1179 Hactenus
3335 1124 3749 1180 vireruditns.

2142 1215 2262 1283 Qua
2307 1216 2376 1272 de
2418 1232 2480 1273 re
2520 1218 2784 1289 pleraque
2832 1216 3025 1286 habes,
3066 1216 3429 1273 solertissimo
3477 1215 3749 1272 Fabricio

2142 1309 2281 1366 scite
2308 1308 2598 1365 observata
2627 1308 2766 1381 (22).

2348 1428 2413 1485 ll.
2455 1427 2744 1484 Nonnullis
2774 1428 3155 1499 objectionibus
3186 1428 3514 1484 occurritur.

2212 1540 2348 1609 Quae
2396 1551 2579 1598 autem
2632 1542 2741 1598 huc
2790 1558 2966 1614 usque
3009 1542 3526 1608 animadvertimus,
3563 1541 3619 1597 si
3650 1541 3741 1598 cui

2142 1646 2301 1702 aequo
2334 1635 2521 1689 animo
2556 1622 2865 1704 expendere
2899 1635 3089 1703 libeat,
3118 1637 3210 1690 vix
3238 1635 3429 1690 dubito
3455 1634 3601 1706 quin
3645 1649 3743 1690 eo—

2140 1739 2265 1778 rum
2320 1725 2649 1780 sententiam
2700 1726 3099 1796 amplectatur,
3133 1726 3227 1797 qui
3269 1726 3437 1797 hujus
3480 1726 3741 1798 epistolae

2140 1828 2421 1875 auctorem
2462 1816 2679 1874 Justiuo
2720 1817 2791 1873 Μ.
2827 1818 3003 1874 multo
3043 1818 3398 1874 vetnstiorem
3428 1834 3562 1875 esse
3600 1820 3740 1875 deli-

2137 1910 2317 1966 niunt.
2365 1907 2657 1967 Nonnullis
2703 1911 2925 1981 quidem
2970 1910 3107 1967 viris
3148 1911 3357 1967 criticis
3381 1926 3450 1967 ex
3482 1912 3553 1966 iis
3594 1911 3738 1967 locis

2136 2017 2308 2059 unum
2328 2002 2411 2057 vel
2435 2002 2666 2057 alterum
2697 2004 2855 2059 aliter
2878 2003 3127 2074 accipere
3151 2003 3350 2074 placet,
3368 2018 3482 2073 quo
3503 2001 3735 2059 Justino

2134 2096 2420 2167 epistolam
2453 2104 2734 2163 asserant;
2768 2095 2864 2152 sed
2906 2096 3016 2150 vim
3051 2093 3250 2151 inferre
3298 2096 3489 2151 verbis
3530 2097 3734 2151 viden-

2135 2196 2247 2252 tur,
2266 2195 2327 2241 ut
2351 2202 2415 2242 ea
2438 2202 2661 2243 sensum
2697 2188 2850 2243 illum
2888 2184 3173 2243 elfundant
3202 2202 3367 2257 quem
3395 2188 3729 2255 intendunt;

2134 2293 2258 2333 cum
2292 2288 2482 2334 contra
2509 2278 2832 2349 aequabilius
2862 2278 3034 2334 ﬂuant
3071 2279 3277 2346 omnia,
3308 2278 3402 2333 ubi
3430 2278 3503 2333 ad
3532 2295 3604 2335 ea
3646 2297 3732 2337 re-

2134 2372 2383 2430 ferantur
2414 2384 2662 2446 tempora
2690 2390 2813 2445 quae.
2839 2390 2907 2431 ex
2938 2375 3055 2445 ipso
3088 2380 3343 2430 contextu
3378 2374 3727 2429 extudimus.

2133 2464 2320 2537 Neque
2360 2467 2581 2522 demum
2618 2468 2746 2537 quis
2770 2467 2895 2536 jure
2927 2467 3032 2523 sibi
3078 2466 3408 2538 persuadeat
3438 2463 3730 2521 Justinnm

2133 2555 2205 2611 Μ.
2238 2565 2335 2613 aut
2382 2558 2551 2613 alium
2592 2559 2842 2629 quemvis
2879 2559 2999 2629 ipso
3043 2559 3431 2625 recentiorem,
3476 2574 3604 2613 eam
3651 2557 3732 2612 lo-

2132 2651 2337 2719 quendi
2372 2651 2642 2707 rationem
2683 2651 2739 2706 in
2782 2661 2894 2707 tota
2925 2652 3015 2706 illa
3054 2651 3284 2721 epistola
3327 2667 3610 2722 usurpare
3644 2666 3734 2704 vo-

2132 2742 2322 2809 luisse,
2368 2758 2489 2815 quaa
2534 2743 2786 2800 ultimam
2826 2744 3210 2816 antiquitatem
3258 2744 3464 2814 sapiat,
3495 2754 3560 2800 ut
3598 2744 3730 2801 viris

2137 2834 2367 2891 eruditis
2390 2844 2537 2892 recte
2570 2844 2821 2892 notatum
2846 2836 2981 2909 (2'5).

2198 2948 2269 3005 At
2289 2949 2434 3005 enim
2460 2959 2670 3017 auctor,
2696 2951 2863 3007 tacito
2897 2950 3120 3007 nomine
3152 2948 3331 3017 Pauli,
3386 2960 3729 3007 antonoma-

2133 3039 2267 3095 stice
2288 3040 2534 3111 Apostoli
2555 3042 2715 3097 titulo
2730 3041 2910 3113 ipsum
2923 3042 3190 3114 designat,
3213 3058 3325 3111 quo
3340 3058 3456 3097 non
3472 3043 3584 3099 nisi
3605 3056 3729 3113 post

2056 3117 2097 3176 C
2131 3132 2315 3201 priora
2340 3132 2597 3189 Ecclesiae
2620 3134 2817 3190 sucula
2842 3133 3138 3206 insignitus
3164 3133 3337 3190 fuisse
3362 3136 3725 3207 comperitur.

2131 3222 2305 3288 Quam
2324 3224 2660 3295 facultatem,
2688 3224 2803 3297 (2b)
2821 3225 3018 3296 inquit,
3050 3242 3170 3279 cum
3199 3227 3554 3295 perspexisset
3588 3230 3728 3296 Apoc

2128 3316 2321 3384 stolus,
2344 3318 2374 3371 ὁ
2406 3316 3475 3389 Ἀπόστολος....άὶείιεεοςηὶεἰοίηβαε,
3507 3319 3723 3376 dilectio

2130 3418 2305 3461 autem
2336 3407 2593 3477 aediﬁcat.
2619 3407 2787 3479 Atqui
2831 3408 2901 3463 ad
2938 3408 3081 3464 hanc
3107 3409 3491 3465 difﬁcultatem
3524 3410 3720 3464 tollen-

2127 3500 2253 3555 dam
2285 3516 2395 3555 non
2425 3515 2491 3556 eo
2519 3515 2653 3557 sane
2680 3509 2804 3556 utar
2843 3499 3068 3571 eﬂugio,
3111 3517 3223 3572 quo
3257 3512 3570 3557 extremam
3600 3502 3723 3573 Epi-

2128 3592 2286 3648 δίοιδε
2324 3600 2560 3664 partem,
2594 3593 2663 3649 ab
2711 3594 2799 3650 his
2837 3595 3022 3651 verbis
3067 3589 3220 3658 οὗτος
3248 3597 3276 3649 ὁ
3315 3595 3412 3647 ἀπ’
3447 3596 3631 3667 ἀρχῆς
3659 3597 3723 3651 ad

2126 3683 2291 3738 ﬁnem
2346 3700 2543 3755 usque,
2576 3685 2647 3740 ab
2695 3686 2804 3741 alio
2868 3686 3105 3744 fortasse
3153 3697 3399 3743 sssutam
3437 3704 3571 3744 cum
3607 3688 3724 3745 διες

2126 3772 2311 3842 phano
2337 3782 2391 3827 et
2416 3772 2708 3845 Sylburgio
2729 3774 2847 3845 (25)
2877 3777 3149 3847 suspicer.
3174 3774 3317 3831 Leve
3346 3792 3598 3849 namque
3626 3780 3721 3834 ad-

2126 3867 2351 3921 modum
2384 3867 2517 3923 illud
2544 3876 2627 3923 est
2658 3869 2805 3939 quod
2836 3878 3160 3940 praetexunt,
3180 3888 3200 3922 ί
3223 3868 3487 3940 Epistola:
3508 3872 3721 3927 auctori

2124 3973 2240 4013 rem
2290 3976 2398 4014 non
2448 3959 2619 4016 fuisse
2659 3975 2786 4017 cum
2836 3960 3180 4028 Christiano,
3227 3961 3324 4032 qui
3363 3961 3449 4025 εἰς
3480 3956 3721 4016 τοιαῦτα

2125 4046 2236 4101 τῶν
2284 4047 2457 4117 λόγων
2501 4049 2640 4121 βάθη
2672 4059 2960 4120 penetrare
2982 4058 3203 4122 posset;
3258 4050 3354 4106 sed
3407 4067 3543 4108 cum
3592 4053 3716 4108 Dio-

2124 4150 2316 4210 gneto,
2347 4140 2674 4199 Christiana:
2697 4145 2960 4201 doctrina:
2996 4146 3176 4202 adhuc
3208 4146 3352 4201 rudi.
3378 4147 3716 4223 {Siquidem

2123 4233 2244 4288 viro
2298 4233 2376 4288 illi
2430 4234 2759 4292 Christianae
2806 4237 3089 4308 religionis
3128 4242 3533 4308 cognoscenda:
3569 4244 3717 4313 cupi-

2123 4324 2377 4392 dissimo,
2405 4326 2667 4398 pleraque
2695 4328 2763 4384 iis
2793 4328 2977 4384 afﬁnia
2991 4345 3115 4400 qua:
3143 4331 3247 4387 sub
3262 4330 3534 4402 Epistola:
3557 4335 3711 4389 tinem

2125 4426 2446 4483 occurrunt,
2486 4418 2539 4472 in
2578 4418 2957 4486 superioribus
2982 4421 3240 4490 proponit
3262 4432 3465 4478 auctor
3492 4443 3506 4478 :
3534 4428 3714 4495 cujus-

2125 4507 2273 4563 modi
2304 4518 2432 4564 sunt
2459 4525 2547 4575 ea,
2569 4511 2716 4580 quod
2752 4511 2897 4567 Deus
2930 4528 3037 4567 non
3067 4530 3179 4569 rem
3207 4524 3453 4571 creatam
3482 4519 3709 4585 miserit,

2126 4600 2220 4656 sed
2238 4601 2519 4671 proprium
2540 4602 2737 4658 Filium
2757 4621 2770 4671 ;
2788 4605 2936 4674 quod
2959 4620 3084 4662 sero
3108 4607 3311 4663 missus
3331 4607 3505 4666 fuerit
3524 4611 3708 4678 Filius,

2125 4708 2236 4763 quo
2261 4705 2658 4765 cognoscerent
2688 4696 2943 4754 homines
2978 4714 3048 4754 ex
3092 4701 3332 4769 peccatis
3370 4704 3493 4760 suis
3526 4721 3587 4761 se
3607 4708 3706 4760 vita

2125 4785 2381 4856 indignos
2408 4801 2569 4855 esse;
2602 4788 2749 4858 quod
2773 4787 2827 4843 in
2858 4789 2966 4844 alio
2996 4806 3161 4860 quam
3187 4791 3242 4846 in
3263 4790 3495 4849 Christo
3514 4796 3705 4865 justiﬁ-

2125 4875 2241 4929 cari
2270 4876 2434 4931 homo
2465 4892 2574 4932 non
2612 4886 2847 4948 poterat,
2866 4894 2996 4947 etc.,
3028 4892 3089 4935 ut
3117 4881 3347 4951 proinde
3392 4883 3702 4955 hujusmodi

2126 4966 2390 5036 mysteria
2416 4967 2647 5023 edoctus
2671 4965 2993 5039 Diognetus,
3020 4970 3129 5026 illis
3151 4986 3375 5042 quoque
3406 4973 3590 5042 ipsum
3611 4977 3699 5030 im-

2125 5054 2221 5111 bui
2279 5056 2427 5112 haud
2469 5057 2835 5130 incongruum
2864 5070 3003 5128 erat,
3032 5076 3154 5132 qua:
3206 5062 3497 5120 subdititia
3544 5068 3700 5138 gratis

2124 5148 2530 5205 existimantur.

2192 5236 2292 5295 llis
2314 5239 2501 5312 itaque
2532 5240 2737 5309 missis,
2762 5241 2896 5297 illud
2924 5243 3107 5313 potius
3127 5258 3251 5299 cum
3277 5246 3399 5302 viro
3422 5246 3588 5305 docto
3620 5251 3694 5306 di-

2196 5395 2527 5477 (22)A§abr.
2579 5395 2759 5453 Salut.
2816 5396 2912 5450 tua:
2970 5396 3174 5470 Evang.
3245 5415 3370 5472 cap.
3427 5403 3484 5471 9,
3538 5404 3567 5477 §
3615 5408 3690 5473 10,

2123 5481 2250 5538 pag.
2287 5467 2408 5522 192.
3125 5467 3141 5470 ’
3315 5467 3328 5472 ⁷
3471 5467 3479 5471 ’
3539 5467 3565 5477 ν
3678 5467 3683 5473 ’

2127 5605 2166 5620 Λ
2191 5536 2308 5620 (25)
2329 5536 2512 5620 Barat.
2544 5536 2779 5620 D_is_quis.
2810 5538 2993 5620 dyon.
3012 5555 3134 5610 cap.
3178 5555 3255 5620 vi.
3297 5541 3349 5612 ᾗ.
3371 5544 3446 5620 ἀεὶ
3459 5559 3583 5620 pag.
3608 5546 3683 5602 76.

2124 5605 2169 5663 Ο
2191 5559 2305 5619 (ξῦν
2330 5559 2512 5592 uarat.
2544 5559 2779 5620 uuquu.
2810 5559 2993 5593 σπι-οη.
3012 5559 3134 5610 cap.
3179 5559 3255 5601 vr,
3297 5559 3349 5612 ε.
3371 5559 3529 5669 ἒϐἓλ

2174 5623 2245 5681 γε]
2269 5605 2444 5681 _lst_or.
2474 5608 2603 5681 θεοί.
2634 5609 2729 5681 lib.
2764 5624 2826 5681 ιι,
2852 5607 2999 5681 ξ26,
3029 5621 3164 5665 tom.
3192 5608 3257 5675 ll,
3289 5628 3346 5681 p.
3496 5656 3511 5671 .

2218 5676 2312 5751 2b)
2338 5678 2518 5751 ᾼηοῃ.
2547 5678 2718 5751 Epist.
2754 5679 2825 5733 ad
2852 5676 3101 5751 Diognet.
3138 5696 3261 5751 cap.
3288 5676 3379 5737 12.

2174 5747 2311 5835 (25)
2340 5749 2527 5821 Steph.
2550 5747 2605 5806 in
2641 5759 2755 5808 not.
2782 5760 2836 5807 ct
2864 5747 3117 5822 Sylburg.
3148 5747 3449 5824 in'adnot"
3468 5772 3588 5828 pag.
3608 5758 3688 5814 15-
