3838 6218
159 338 308 394 1165

1142 325 1600 406 ΕΡιδτοιΑἈι)
1631 351 2059 413 DIOGNETUM.
2095 390 2162 402 -
2208 361 2572 419 ΡιιοοιειιιΑ.

3309 381 3454 444 1166

149 457 398 513 cendum
445 439 752 528 putaverim
777 459 892 532 (26)
929 479 948 513 ‹
980 464 1130 533 quod
1190 481 1317 523 cum
1359 467 1414 522 in
1456 477 1570 524 tota
1614 467 1741 540 Epi-
1769 475 1817 534 Α
1844 488 1965 527 oens
2008 476 2201 544 spiritu
2239 478 2573 549 loquebatur,
2603 492 2653 538 et
2683 485 2902 542 docebat
2930 490 3211 562 diligenter
3239 514 3302 551 ea
3324 517 3443 570 qua:

148 550 304 604 stola
348 550 486 604 varii
525 563 823 607 occurram
856 554 1039 611 hiatus
1067 558 1340 628 variatque
1368 558 1596 628 lacuum,
1626 563 1747 618 aliae

106 630 462 708 'breviores,
508 642 786 716 longiores
828 646 977 713 aliae;
1003 658 1289 718 propterea
1337 667 1446 706 non
1479 653 1554 708 ita
1595 664 1746 709 certo

142 734 374 790 deﬁniri
405 743 603 805 potest,
622 753 876 808 quaenam
908 740 1109 795 ibidem
1137 741 1337 808 desint,
1358 759 1481 813 quae
1511 745 1743 800 aliorum

141 843 294 883 mss.
325 843 428 897 ope
471 837 728 898 poterunt
761 831 1058 901 aliquando
1082 834 1347 904 suppleri.
1371 835 1440 890 Et
1487 853 1617 892 vero
1670 838 1744 893 ibi

144 919 389 976 forsitan
434 922 650 989 abrasa,
701 924 787 979 vel
827 924 1034 981 omissa
1088 938 1193 993 est,
1240 937 1336 984 aut
1380 932 1604 986 evanuit
1638 947 1741 987 vox

143 1013 389 1077 Paulus,
421 1030 544 1085 quae
593 1031 812 1072 omnem
858 1017 1050 1087 precul
1091 1020 1258 1077 dubio
1297 1023 1461 1078 solvit
1510 1025 1742 1095 hujusce

141 1104 491 1161 difﬁcultatis
521 1107 748 1162 nodum.
783 1127 802 1159 ι
840 1108 1052 1175 Quibus
1084 1113 1254 1169 addas
1284 1116 1523 1171 maxime
1553 1118 1737 1186 velim,

140 1213 250 1253 cur
264 1198 482 1252 demum
497 1201 878 1255 antonomasia
903 1202 990 1256 illa
1018 1203 1094 1257 uti
1117 1203 1260 1260 haud
1287 1207 1526 1275 potuerit
1553 1219 1738 1264 noster

137 1290 304 1344 Anon
313 1306 467 1361 ymus
480 1293 502 1345 ‘t
514 1290 667 1358 Quod
687 1294 1082 1363 posterioribus
1098 1294 1354 1353 Patrilrus
1371 1297 1738 1372 Ecclesiaeque

135 1385 507 1454 scriptoribus
563 1387 679 1442 sive
726 1388 880 1443 licuit
931 1389 1047 1444 sive
1077 1390 1256 1456 libuit,
1288 1392 1476 1462 quidni
1512 1402 1569 1448 et
1611 1396 1734 1450 viro

132 1477 482 1546 apostolico?
504 1477 747 1549 Denique
774 1479 905 1550 quid
929 1479 1426 1551 obstatquominus
1447 1484 1721 1555 ejusmodi

130 1568 400 1639 loquendi
432 1586 642 1626 morem
685 1572 754 1626 ab
785 1588 852 1628 eo
897 1573 1136 1642 primum
1168 1574 1443 1630 invectum
1488 1577 1731 1649 reliquos

131 1677 441 1731 usurpasse
493 1665 791 1732 putemus?
846 1663 985 1720 Vere
1036 1683 1275 1737 namque
1334 1684 1399 1724 ac
1456 1671 1732 1741 sapienter

127 1753 569 1825 Chrysostomus
598 1756 712 1827 (27)
747 1775 760 1811 :
788 1758 1298 1814 ὌτανἋπόστολον
1320 1759 1501 1835 εἴπῃς,
1525 1762 1727 1828 εὐθέως

1849 575 1971 619 sunt
1993 568 2058 621 de
2073 567 2386 627 Domino....
2401 576 2557 643 qui...
2575 579 2798 633 contulit
2814 582 3038 637 multum
3061 586 3142 639 his
3163 590 3254 657 qui
3274 567 3446 646 credi-

1848 657 2080 715 derant..
2090 701 2104 715 .
2123 660 2458 719 Vehementer
2469 669 2608 721 enim
2621 668 2837 726 Judreos
2853 674 3199 746 redarguebat
3212 681 3437 749 publice,

1849 753 2124 808 ostendens
2167 772 2259 824 per
2291 755 2599 828 Scripturas
2649 779 2759 818 esse
2803 763 3073 822 Christum
3094 769 3298 828 Jesum.
3333 776 3441 830 Ita-

1849 860 1957 916 que
1979 848 2024 903 si
2049 856 2234 904 tantus
2262 850 2346 905 vir
2371 861 2490 907 erat
2514 854 2731 924 Apollo,
2757 873 2881 912 cum
2910 860 3090 917 adhuc
3119 864 3254 920 solis
3277 866 3438 920 Chri-

1848 939 2041 994 stianae
2076 940 2198 996 ﬁdei
2223 943 2550 1000 rudimentis
2597 957 2744 1002 esset
2787 948 3053 1019 imbutus,
3099 963 3152 1009 et
3206 955 3435 1015 Joannis

1845 1030 2173 1100 baptismate
2204 1034 2797 1108 duntaxat'intinctus;
2830 1053 3071 1112 quantus
3095 1062 3261 1116 porro
3302 1065 3434 1106 eva-

1845 1122 1984 1178 sisse
2021 1126 2320 1193 putandus.
2350 1138 2640 1200 postquam
2673 1132 2931 1204 deinceps
2973 1138 3262 1196 altioribus
3302 1143 3434 1197 reli-

1846 1215 2027 1283 gionis
2064 1219 2340 1287 mysteriis
2369 1235 2398 1273 a
2431 1220 2717 1292 discipulis
2752 1225 2990 1293 Domini,
3029 1239 3194 1300 atque
3226 1232 3280 1286 in
3311 1235 3430 1304 pri-

1843 1305 1950 1359 mis
1987 1305 2056 1360 ab
2086 1307 2206 1376 ipso
2246 1310 2487 1379 gentium
2517 1312 2739 1369 doctore
2771 1316 2874 1373 fuit
2901 1319 3223 1377 institutus?
3251 1322 3326 1379 De
3360 1341 3428 1380 eo

1847 1410 1981 1450 sane
2011 1405 2244 1453 testatur
2272 1400 2570 1470 Apostolus
2591 1405 2961 1471 “,Ecclesiam
3014 1410 3425 1470 Corinthiacam

1840 1501 1871 1541 a
1896 1503 1955 1543 se
1970 1489 2292 1558 plantatam,
2320 1493 2472 1549 illum
2500 1497 2728 1566 copioso
2759 1500 3043 1569 sapientiae
3072 1518 3138 1558 ac
3157 1504 3424 1576 eloquen-

1838 1572 1930 1628 tiae
1961 1589 2076 1630 suae
2103 1577 2278 1633 imbre
2309 1580 2445 1635 adeo
2490 1582 2773 1653 irrigasse,
2803 1595 2864 1639 ut
2889 1587 3223 1645 uberrimam
3262 1572 3426 1663 sege-

1840 1670 1947 1718 tem
1989 1666 2253 1736 referens,
2287 1671 2602 1728 schismatis
2642 1676 2860 1730 occasio
2884 1676 3069 1746 fuerit,
3102 1680 3420 1738 Corinthio-

1835 1772 1959 1812 rum
2007 1760 2132 1817 aliis
2184 1762 2562 1822 dictitantibus
2600 1786 2612 1820 :
2648 1766 2760 1838 Ego
2806 1771 3017 1840 quidem
3057 1790 3177 1827 sum
3224 1774 3419 1841 Pauli;

126 1847 340 1911 πάντες
368 1848 530 1902 αὐτὸν
567 1849 857 1906 ἐννοοῦσινο
886 1852 1075 1925 ὥσπερ
1109 1853 1237 1906 ὅταν
1263 1853 1598 1927 Βαπτιστὴν,
1631 1855 1692 1909 εὐ

1828 1847 1950 1902 aliis
1997 1865 2171 1906 vero:
2217 1851 2330 1924 Ego
2377 1865 2556 1910 autem
2607 1835 2827 1928 Apollo;
2853 1851 3056 1926 Quidni
3102 1881 3234 1936 ergo
3263 1835 3418 1924 lucu;

127 1941 276 2004 Θέως
317 1941 410 1994 τὸν
474 1943 747 2018 Ἰωάννην.
804 1965 823 1998 ι
858 1945 1090 2012 Quando
1131 1948 1454 2018 Apostolum
1493 1950 1722 2018 dixeris,

123 2038 321 2093 statim
371 2039 627 2097 omnibus
677 2041 768 2096 ille
808 2038 1056 2110 (Paulus)
1101 2044 1157 2098 in
1218 2054 1456 2100 mentem
1508 2047 1655 2101 venit
1703 2065 1716 2101 :

120 2130 599 2199 quemadmodum
629 2132 676 2186 si
704 2131 1029 2204 Baptistam,
1065 2135 1249 2192 statim
1272 2134 1540 2191 Joannem
1570 2136 1726 2191 intel-

119 2220 326 2291 ligunt.
370 2239 390 2272 ι
438 2221 578 2287 Quid
611 2222 758 2292 quod
800 2223 1112 2292 Apostolum
1163 2224 1489 2295 simpliciter
1519 2227 1703 2282 nomi—

118 2322 226 2367 nat
253 2314 630 2385 Athenagoras
657 2314 734 2369 De
764 2315 980 2371 Resurr.
1013 2316 1041 2388 §
1071 2333 1367 2390 an,pag.
1400 2319 1492 2374 55.

114 2470 387 2551 lll._0uis_
424 2473 668 2551 ejusdem
693 2473 950 2545 Epistolas
979 2486 1166 2551 auctor
1192 2479 1374 2549 fuerit,
1403 2481 1715 2551 inquiritur.

196 2543 282 2597 An
325 2544 572 2620 Clemens
613 2543 937 2620 Romanus?
984 2543 1240 2603 Fortasse
1281 2543 1716 2620 potius-Apollo,

191 2630 275 2669 ur
305 2615 755 2692 _Ale:randrinus,
782 2618 1132 2692 eloquensvac
1166 2615 1393 2692 disertus
1423 2637 1441 2674 :
1474 2615 1624 2692 cujus
1661 2615 1719 2677 in

189 2686 342 2739 Actis
391 2686 752 2763 apostolorum
791 2686 958 2763 _et'in
1007 2689 1268 2763 Epistolis
1318 2686 1567 2763 Paulinis
1610 2695 1717 2763 fre-

190 2773 374 2831 quens,
397 2757 612 2831 mentio.
637 2756 736 2831 _De
751 2757 1036 2831 _Diogneto
1058 2756 1152 2814 cui
1185 2762 1429 2831 Epistola
1468 2756 1716 2817 inscribi-

193 2837 304 2893 tur,
340 2828 503 2897 deque
545 2829 710 2897 ipsius
741 2827 1001 2898 Epistola:
1023 2827 1359 2901 praestantia,
1393 2835 1710 2890 observatio.

188 2956 318 3015 Haec
345 2975 474 3016 vero
497 2960 563 3016 de
590 2962 789 3032 quibus
827 2963 1097 3021 hactenus
1137 2966 1553 3037 edisseruimus,
1587 2970 1709 3024 ani-

105 3069 268 3108 mum
303 3054 552 3110 alliciunt
590 3065 644 3111 et
670 3057 1080 3128 quodammodo
1121 3061 1410 3132 impellunt
1438 3064 1504 3118 ad
1538 3065 1711 3135 inqui-

1827 1941 2188 1998 lentissimam
2249 1946 2846 2027 scripseritqepistolam
2876 1954 2960 2008 vir
2990 1957 3414 2029 Alexandrinus,

1825 2034 2086 2104 eloquens,
2112 2045 2295 2105 potens
2317 2040 2371 2092 in
2397 2038 2718 2112 Scripturis,
2745 2044 2948 2113 fervens
2976 2049 3172 2116 spiritu
3199 2060 3251 2105 et
3276 2053 3414 2108 viam

1825 2124 2046 2183 Domini
2087 2131 2342 2186 edoctus?
2383 2132 2586 2199 Quidni
2614 2137 2700 2190 vir
2729 2137 2820 2193 ille
2854 2141 3210 2211 apostolicus,
3235 2146 3415 2202 scien-

1826 2220 1924 2287 tia,
1954 2222 2056 2277 lide
2085 2238 2148 2278 ac
2176 2225 2378 2294 pietate
2404 2236 2701 2296 praestans;
2734 2231 2828 2300 qui
2860 2249 2921 2286 ea
2945 2233 3227 2304 diligenter
3250 2238 3410 2293 doce-

1823 2313 1912 2368 bat
1955 2330 2074 2384 quce
2119 2326 2241 2369 sunt
2272 2318 2336 2372 de
2369 2317 2628 2388 Domino,
2655 2339 2748 2390 per
2793 2322 3101 2394 Scripturas
3132 2330 3410 2384 ostendens

1827 2405 1999 2474 ipsum
2023 2424 2131 2461 esse
2163 2407 2470 2472 Christum;
2495 2411 2699 2482 quique
2724 2423 2844 2469 erat
2875 2413 3055 2484 λόγιος
3089 2420 3118 2472 ὁ
3148 2421 3411 2494 ποτιστὴς

1819 2496 1926 2549 τῶν
1941 2498 2176 2569 Χριστοῦ
2197 2500 2456 2572 μαθητῶν
2473 2521 2491 2553 ‹
2512 2503 2773 2574 eloquens
2792 2507 3406 2582 rigatordiscipulorum

1820 2582 2027 2638 Christi
2067 2605 2084 2638 ι
2122 2596 2182 2640 ιιι
2226 2586 2285 2642 S.
2334 2587 2440 2644 Nili
2479 2592 2640 2646 verba
2689 2609 2950 2666 usurpem
2970 2599 3116 2670 (29),
3148 2603 3403 2660 sublimia

1818 2673 1909 2728 illa
1946 2679 2203 2748 mysteria
2228 2679 2294 2735 de
2320 2681 2459 2736 Filio
2491 2681 2583 2738 Dei
2614 2685 2988 2765 edisseruerit,
3021 2707 3144 2761 qua:
3188 2696 3404 2751 suavis.

1816 2766 1959 2822 simo
1985 2769 2208 2839 eloquio
2235 2771 2564 2844 Diognetum
2585 2793 2648 2831 ea
2676 2778 2730 2833 in
2759 2780 2988 2849 epistola
3019 2785 3213 2841 edocet
3248 2788 3361 2857 (50)
3379 2791 3404 2843 ?

1815 2856 2008 2926 Apollo
2025 2861 2307 2916 enimvero
2327 2873 2525 2920 caetera
2543 2868 2728 2923 omnia
2751 2882 3082 2942 congruunt,
3098 2891 3220 2945 qua:
3239 2856 3402 2935 modo

1813 2967 1880 3005 ex
1929 2952 2104 3023 ipsius
2151 2952 2410 3025 Epistolaa
2440 2969 2701 3016 contextu
2737 2962 3057 3037 deprompta
3095 2969 3398 3036 illustravi-

1813 3058 1968 3111 mus;
1995 3044 2240 3117 illudque
2269 3051 2643 3118 potissimum,
2676 3056 2822 3124 quod
2843 3055 3073 3113 Paulum
3100 3077 3399 3133 suppresso

104 3147 370 3212 rendum,
403 3148 660 3218 quisnam
715 3150 787 3205 sit
836 3161 1028 3207 auctor
1053 3151 1310 3222 Epistolaa
1343 3173 1356 3209 :
1394 3170 1505 3224 quo
1536 3156 1692 3210 semel

1825 3135 2038 3190 nomine
2092 3138 2409 3208 Apostolum
2465 3143 2789 3213 simpliciter
2853 3149 3175 3219 appellarit;
3230 3169 3394 3224 quem

103 3240 255 3295 forte
281 3240 512 3306 delecto,
539 3241 651 3311 iam
706 3242 868 3298 dictis
897 3244 991 3298 lux
1037 3245 1214 3316 major
1267 3249 1510 3303 accedet.
1544 3246 1701 3304 unus
1737 3230 1775 3238 "
1805 3242 1978 3282 unum
2005 3230 2217 3286 scilicet
2243 3231 2440 3302 Ephesi
2475 3238 2840 3294 conveniens'
2877 3256 3001 3295 cum
3033 3258 3209 3313 eoque
3247 3250 3391 3303 ami-

102 3331 428 3386 Baraterius
482 3332 818 3390 Clementem
874 3333 1185 3391 Romanum
1241 3336 1385 3393 hanc
1455 3338 1699 3407 perscri-

98 3423 540 3495 psisseconjecit
584 3425 723 3496 (28),
757 3440 824 3482 eo
875 3429 1226 3497 potissimum
1281 3431 1525 3496 nomine,
1552 3432 1699 3502 quod

99 3517 201 3572 ille
246 3515 316 3570 iis
363 3517 702 3586 temporibus
758 3519 929 3574 vitam
983 3519 1163 3590 egisse
1212 3531 1551 3592 compertum
1602 3523 1694 3588 sit,

99 3607 310 3678 quibus
339 3606 590 3663 ﬂoruisse
644 3611 962 3679 perhibetur
987 3623 1175 3668 noster
1221 3612 1563 3686 Anonymus.
1591 3614 1697 3670 Ve-

98 3714 236 3753 reor
264 3707 464 3765 tamen,
484 3710 545 3755 ut
569 3701 699 3756 illud
733 3704 866 3758 satis
891 3703 1108 3759 ﬁrmum
1138 3715 1430 3777 ratumque
1461 3707 1691 3777 sitquod

95 3793 325 3848 censuit
356 3793 440 3848 vir
476 3795 722 3851 eruditus
742 3837 757 3860 ,
787 3797 1080 3866 epistolam
1122 3815 1317 3869 nempe
1343 3815 1451 3870 qua
1479 3801 1546 3854 de
1578 3801 1693 3869 agi-

94 3900 252 3951 mus,
286 3885 483 3956 stylum
520 3884 811 3942 Paulinum
859 3888 933 3944 ita
969 3888 1174 3945 referre
1199 3899 1258 3944 ut
1282 3889 1437 3945 Pauli
1461 3905 1583 3945 esse
1608 3890 1691 3945 vi—

93 3976 329 4044 deatur;
363 3978 609 4048 adeoque
633 3979 966 4036 Clementem
997 3993 1273 4037 auctorem
1306 3999 1419 4053 pra:
1445 3999 1504 4040 se
1523 3982 1685 4050 ferre,

92 4068 265 4137 cujus
295 4071 493 4140 stylum
539 4088 662 4126 cum
703 4071 933 4128 Paulino
966 4090 1219 4144 magnam
1269 4075 1471 4130 habere
1500 4075 1683 4130 amni-

91 4170 269 4218 tatem
315 4163 475 4228 plane
521 4173 758 4221 constat.
786 4166 854 4220 At
877 4181 1000 4237 ego,
1024 4167 1071 4222 si
1108 4167 1240 4237 quid
1273 4169 1450 4238 sapio,
1478 4168 1534 4222 in
1562 4184 1684 4224 eam

89 4256 286 4326 potius
341 4258 668 4312 sententiam
727 4258 942 4323 iverim,
979 4259 1173 4329 Apollo
1195 4260 1314 4331 ejus
1356 4263 1682 4331 scriptorem

87 4363 222 4403 esse
267 4352 699 4418 agnoscendum,
723 4350 791 4405 de
837 4364 949 4421 quo
988 4350 1104 4405 haec
1136 4350 1315 4408 Lucas
1357 4353 1411 4407 in
1443 4353 1594 4408 Actis
1616 4354 1678 4408 ἐ

102 4441 471 4506 Ἀπολλὼς...
502 4443 641 4515 ἀνὴρ
683 4443 925 4514 λόγιος...
959 4446 1181 4510 δυνατὸς
1207 4445 1282 4500 ὢν
1304 4448 1364 4500 ὲν
1387 4449 1507 4511 ταῖς
1537 4448 1681 4511 Γρα-

1803 3318 2022 3375 cissime
2037 3337 2226 3392 agens,
2251 3325 2396 3381 illius
2422 3326 2836 3385 sollicitudinem
2867 3335 3102 3388 omnium
3120 3336 3390 3396 Ecclesia-

1801 3410 1955 3462 rum“
1984 3415 2154 3481 probe
2186 3417 2424 3472 tenebat.

1869 3500 2056 3574 Neque
2095 3505 2230 3561 illud
2283 3510 2507 3565 omittas
2554 3513 2715 3568 velim
2748 3516 2815 3570 ad
2858 3519 3122 3588 temporis
3152 3523 3388 3579 notatio-

1800 3608 1922 3648 nem
1953 3597 2129 3667 magis
2160 3599 2340 3655 adhuc
2365 3605 2720 3660 astruendam
2750 3608 2932 3663 virum
2975 3610 3124 3668 hunc
3157 3624 3383 3685 aposto-

1795 3687 1959 3745 licum
1985 3691 2039 3745 in
2069 3693 2206 3748 vivis
2229 3696 2407 3766 egisse
2432 3714 2578 3754 anno
2601 3701 2669 3756 64
2689 3703 2824 3772 (51),
2853 3705 2938 3759 vel
2961 3707 3144 3776 potius
3168 3709 3258 3771 65.
3284 3711 3351 3766 de
3368 3741 3381 3752 -

1793 3783 2007 3839 sinente
2040 3785 2180 3857 (59.),
2210 3804 2320 3858 quo
2359 3806 2516 3846 suam
2577 3795 2796 3864 scripsit
2835 3794 3040 3855 Paulus
3081 3801 3150 3857 ad
3195 3802 3378 3858 Titum

1791 3874 2088 3944 Epistolam
2116 3899 2129 3934 :
2157 3880 2210 3934 in
2240 3898 2301 3936 ea
2334 3884 2478 3936 enim
2503 3886 2597 3939 dat
2626 3887 2727 3957 ipsi
2757 3891 3074 3946 mandatum
3106 3892 3173 3948 de
3187 3893 3379 3964 Apollo

1790 3966 1950 4023 Creta
1996 3969 2298 4041 Nicopolim
2330 3975 2729 4045 praemittendo,
2758 3980 2850 4034 ubi
2885 3981 3129 4039 hiemare
3161 3993 3344 4040 statue
3371 4015 3378 4022 ·

1789 4069 1902 4128 rat;
1935 4070 1997 4116 ut
2042 4065 2272 4131 proinde
2320 4067 2544 4124 ineunte
2590 4085 2736 4126 anno
2778 4071 3102 4143 insequente
3143 4077 3233 4146 66,
3279 4094 3374 4134 co-

1790 4153 1974 4209 mitem
2035 4172 2157 4213 sese
2215 4158 2529 4229 adjunxerit
2574 4164 2822 4233 apostolo
2869 4166 3100 4237 ipsemet
3137 4169 3367 4241 Apollo,

1788 4248 2035 4318 adeoque
2075 4266 2234 4306 suam
2279 4252 2544 4323 Diogneto
2575 4253 2876 4326 Epistolam
2907 4261 3011 4315 sub
3047 4262 3190 4318 idem
3232 4275 3372 4322 tem-

1783 4354 1887 4408 pus
1919 4349 2013 4394 aut
2039 4343 2201 4412 paulo
2225 4344 2402 4400 serius
2430 4346 2792 4418 inscripserit.

1853 4433 1989 4502 Quis
2019 4451 2186 4506 porro
2218 4437 2383 4495 fuerit
2411 4439 2709 4513 Diognetus
2743 4444 2854 4512 ille,
2882 4446 3366 4520 planeincomper-

89 4538 246 4604 φαῖς.
297 4531 463 4601 Οὗτος
492 4533 560 4609 ἧν
596 4539 975 4610 κατηχημένος
1012 4539 1110 4612 τὴν
1151 4540 1267 4593 ὁδὸν
1310 4540 1404 4592 τοῦ
1446 4540 1675 4612 Κυρίου,

1825 4542 1920 4580 im.
1951 4526 2140 4598 Neque
2167 4530 2334 4598 enim,
2359 4532 2405 4587 si
2432 4535 2563 4603 quid
2593 4536 2753 4605 pretii
2781 4537 3018 4594 habeant
3050 4557 3172 4611 quae
3201 4545 3363 4598 modo

86 4633 189 4686 καὶ
228 4631 366 4696 ζέων
411 4633 490 4703 τῷ
533 4633 825 4705 πνεύματι,
857 4634 1031 4689 ἐλάλει
1079 4635 1173 4687 καὶ
1217 4634 1493 4687 ἐδίδασκεν
1523 4634 1683 4704 ἀκρι-

1825 4621 2165 4690 ιιρεηάὶιηιιε,
2217 4623 2387 4680 fuisse
2429 4626 2477 4682 is
2536 4629 2936 4687 existimandus
2989 4648 3152 4702 quem
3216 4637 3361 4705 apud

86 4722 204 4785 εὼς
226 4720 296 4774 τὰ
319 4721 445 4794 περὶ
469 4721 562 4775 τοῦ
587 4724 881 4795 Κυρίου....
906 4723 1030 4787 ὃς...
1053 4723 1372 4778 συνεϐάλετο
1401 4722 1535 4777 πολὺ
1567 4725 1678 4783 τοῖς

1825 4714 1851 4770 ἶ.
1869 4715 2156 4770 Aurelium
2179 4716 2518 4776 Antoninum
2544 4723 2843 4792 plurimum
2867 4727 3105 4782 valuisse
3127 4738 3360 4785 testatur

84 4816 569 4869 πεπιστευκόσι....
588 4815 832 4879 Εὺτόνως
851 4815 958 4887 γὰρ
985 4819 1097 4880 τοῖς
1132 4816 1402 4878 Ἰουδαίοις
1428 4816 1679 4890 διακατη-

1776 4804 2119 4876 Capitolinus
2160 4809 2299 4880 (55).
2352 4809 2411 4865 Id
2459 4829 2628 4868 unum
2683 4817 2938 4874 novimus
2985 4835 3052 4874 ex
3098 4819 3357 4891 Epistola:
3457 4853 3467 4864 -

84 4905 316 4976 λέγχετο
355 4907 610 4978 δημοσίᾳ,
639 4908 944 4972 ἐπιδεικνὺς
983 4908 1071 4962 διὰ
1111 4908 1220 4962 τῶν
1262 4909 1514 4980 Γραφῶν,
1539 4905 1675 4964 εῖναι
1775 4909 1999 4956 auctore
2025 4902 2162 4972 (54),
2223 4904 2375 4960 illum
2419 4905 2591 4963 fuisse
2631 4909 2811 4964 virum
2860 4913 3170 4982 κράτιστον,
3218 4932 3354 4984 prie-

83 4999 180 5051 τὸν
213 4999 447 5071 Χριστὸν
481 5000 708 5069 Ἰησοῦν,
735 5000 990 5070 APO/[om
1024 5003 1106 5055 υίν
1135 5001 1451 5072 ειοηαεηεη,
1491 5012 1672 5072 potens
1775 4995 2187 5060 stantissimum,
2210 4999 2303 5067 qui
2352 5015 2552 5072 magno
2583 5000 2910 5059 Christiana:
2936 5006 3218 5076 religionis
3256 5025 3353 5064 co-

83 5089 140 5139 in
172 5084 499 5156 Scripturis.
524 5087 629 5143 llic
657 5100 772 5144 erat
797 5090 1012 5145 edoctus
1043 5092 1185 5145 viam
1214 5091 1454 5158 Domini,
1491 5102 1540 5146 et
1565 5093 1672 5163 fer-
1771 5085 2100 5156 gnoscenda:
2147 5089 2424 5147 deSidel‘iO
2477 5093 2760 5165 ﬂagrabat.
2804 5095 2870 5150 Ει
2913 5098 3098 5168 plures
3127 5101 3348 5170 Quidenl

200 5265 361 5323 ’Aet.
395 5285 553 5335 xvm,
586 5269 758 5326 21-28
868 5271 932 5326 ⁸1
984 5270 1114 5328 Cor.
1138 5289 1179 5342 ι,
1228 5271 1340 5340 12;
1396 5287 1484 5339 ιιι,
1542 5273 1659 5328 4-6.

151 5447 271 5517 (26)
296 5445 494 5502 Nourr.
527 5448 726 5519 Appar.
755 5449 823 5502 ad
850 5448 976 5502 bibl.
1002 5447 1142 5514 PP.,
1169 5457 1300 5502 tom.
1323 5448 1366 5514 l,
1393 5463 1514 5518 pag.
1537 5450 1663 5504 4-16.

152 5519 589 5590 (27liljlirysost.
623 5519 782 5575 Hom.
813 5536 880 5575 LV
912 5521 970 5574 ir.
999 5522 1155 5586 Acta,
1187 5535 1315 5590 opp.
1353 5536 1482 5575 nov.
1528 5523 1660 5576 edit.

81 5587 220 5648 tom.
256 5587 347 5649 IX.
374 5587 498 5658 pag.
527 5591 654 5645 415.

151 5661 272 5733 (ἒξ)
305 5659 751 5733 DaratsDisquis.
784 5660 991 5725 chron.,
1023 5675 1143 5730 cap.
1174 5662 1227 5726 6,
1273 5660 1323 5732 §.
1346 5661 1401 5726 5,
1421 5677 1543 5733 pag.
1572 5662 1658 5720 7?.

159 5729 275 5803 (ξφ)
302 5729 434 5795 Nil.,
461 5731 554 5803 lib.
575 5729 647 5797 ιι,
675 5733 836 5802 epist.
861 5733 952 5798 45,
977 5729 1247 5803 pag.1.’iO.

157 5801 474 5867 (30)A110n.
512 5801 682 5874 Epist.
710 5801 778 5858 ad
806 5801 1072 5874 Diognet.,
1099 5820 1256 5876 capp.
1291 5806 1444 5860 7-19..

1769 5288 1789 5319 ⁷
1817 5285 1837 5340 l
1875 5288 1999 5346 Cor.
2053 5307 2164 5358 va,
2192 5294 2278 5348 12.

2421 5296 2444 5326 ³
2469 5294 2511 5351 ll
2553 5296 2764 5358 Cor.xr.
2789 5301 2888 5370 27;
2921 5301 3027 5359 Τιι.
3066 5321 3150 5370 ιιι,
3187 5307 3274 5367 15.
3357 5293 3360 5296 r

1812 5465 1948 5606 ⁴(51)
1985 5466 2118 5524 Mill.
2147 5468 2444 5541 Prolegom.
2479 5474 2548 5525 ad
2585 5473 2654 5529 N.
2688 5475 2775 5540 7.,
2811 5476 2836 5547 §
2893 5477 3016 5540 129,
3046 5493 3097 5546 β.
3127 5479 3191 5532 1i

1858 5536 1949 5603 32;
1980 5537 2166 5595 Pears.
2185 5541 2383 5598 Annal.
2409 5543 2661 5606 Paul.,p.
2687 5547 2778 5606 22,
2803 5557 2856 5601 et
2878 5546 3015 5606 Onp.
3039 5551 3191 5606 nostli

1858 5536 1949 5618 ἒξ)
1980 5537 2166 5595 Pears.
2185 5536 2383 5598 Annal.
2409 5543 2661 5616 Paul.,p.
2687 5536 2778 5612 2'2,
2803 5536 2856 5601 et
2878 5536 3015 5618 Opp.
3036 5536 3292 5618 postlium
3323 5588 3338 5618 ,

1763 5621 1816 5677 p.
1850 5606 1915 5658 77
1963 5624 2080 5678 seq.

1977 5678 2224 5756 Qapitol_._
2245 5683 2298 5756 in
2329 5685 2581 5739 Antoniu.
2614 5688 2732 5752 vit.,
2758 5704 2878 5756 cap.
2915 5690 2967 5742 .1.

1831 5749 2143 5809 (34lAnon.
2178 5751 2348 5824 Epist.
2371 5757 2439 5809 ad
2480 5749 2746 5826 Dioqnct.,
2779 5749 2897 5830 caip.
2933 5761 2979 5814 1.
