3838 6218
180 328 343 385 1169

1373 320 1716 390 ΕΡιετοιΑ
1748 329 1840 385 AD
1871 328 2314 388 DlOGNETUM."

3316 336 3455 397 I170

175 450 446 522 νόμενος,
495 430 695 520 ὥσπερ
731 446 792 513 ἐξ
847 447 1061 520 ἀρχῆς,
1107 448 1293 516 καινὸς
1342 451 1660 524 ἄνθρωπος,
1709 450 1777 515 ὡς

1890 449 2265 520 pedimentum
2319 448 2544 520 aliquod
2570 491 2586 516 ,
2621 449 2909 522 rejcceris,
2941 459 2998 507 et
3038 449 3218 508 factus
3262 450 3452 520 fueris,

179 539 261 593 ἂν
328 539 424 591 καὶ
471 536 628 606 λόγου
699 538 892 592 καινοῦ
965 540 1263 613 (καθάπερ
1311 542 1406 595 καὶ
1447 543 1611 607 αὐτὸς
1641 541 1783 614 ὡμο-

176 628 472 701 λόγησας)
525 631 802 701 ἀκροατὴς
857 631 1114 702 ἐσόμενος
1137 650 1152 664 ·
1205 634 1280 687 ἴδε
1333 634 1409 705 μὴ
1465 633 1623 705 μόνον
1668 637 1782 698 τοῖς

178 720 515 792 ὀφθαλμοῖς,
568 720 708 774 ἀλλὰ
756 723 850 775 καὶ
899 725 966 793 τῇ
1019 724 1316 794 φρονήσει,
1368 724 1513 788 τίνος
1541 724 1780 778 ὑποπά-

183 829 340 876 σεως
364 813 472 884 (42)
499 812 533 882 ἢ
573 812 720 875 τινος
763 813 937 876 εἴδους
963 815 1322 884 τυγχάνουσιν
1364 815 1458 880 οὓς
1486 817 1661 888 ἐρεῖτε
1687 817 1783 870 καὶ

181 905 450 976 νομίζετε
499 905 676 970 θεους.
705 906 819 976 Οὐχ
865 907 892 960 6
923 905 1020 978 μέν
1067 923 1172 970 τις,
1201 906 1346 971 λίθος
1388 909 1568 973 ἐστὶν,
1597 909 1781 980 ὅμοιος

179 994 272 1064 τῷ
329 997 690 1068 πατουμένῳ;
743 999 771 1052 6
835 997 922 1061 δ’,
987 997 1106 1050 ἐστὶ
1177 997 1411 1069 χαλκὸς,
1481 999 1541 1051 οὐ
1591 999 1780 1072 κρείσ-

186 1103 308 1139 σων
333 1087 443 1140 τῶν
469 1088 549 1151 εἰς
571 1087 670 1160 τὴν
690 1089 886 1160 χρῆσιν
905 1090 1038 1161 ἡμῖν
1058 1091 1326 1160 κεχαλκευ
1335 1091 1511 1162 μένων
1537 1091 1745 1145 σκευῶν
1764 1109 1779 1159 ;

181 1180 348 1246 οδε,
419 1179 614 1248 ξύλον,
684 1182 785 1253 ἥδη
860 1182 955 1236 καὶ
1023 1182 1300 1254 σεσηπόςς
1368 1184 1396 1236 6
1441 1183 1538 1247 δὲ,
1608 1184 1780 1255 ἄργυ-

190 1289 290 1344 ρος
313 1312 330 1337 ,
383 1271 600 1345 χρῄζων
643 1271 934 1345 ἀνθρώπου
981 1271 1076 1326 τοῦ
1128 1271 1458 1342 φυλάξοντος
1501 1274 1645 1345 (45),
1694 1276 1780 1329 ἵνα

189 1366 274 1438 μὴ
327 1366 552 1437 κλαπῇ;
601 1367 630 1420 6
678 1365 778 1430 δὲ,
829 1365 1085 1438 σίδηρος,
1139 1366 1245 1419 ὑπὸ
1311 1366 1391 1420 ἱοῦ
1448 1366 1779 1439 διεφθαρμέ-

191 1471 320 1520 νος;
369 1457 399 1509 6
441 1455 537 1519 δὲ,
586 1454 884 1527 ὄστρακον,
933 1457 1085 1510 οὐδὲν
1134 1456 1228 1510 τοῦ
1271 1459 1778 1530 κατεσκευασμένου

189 1545 337 1616 πρὸς
358 1544 456 1616 τὴν
481 1547 813 1618 ἀτιμοτάτην
843 1547 1147 1619 ὑπηρεσίαν
1192 1548 1666 1621 εὐπρεπέστερονς
1714 1549 1777 1603 ού

187 1637 443 1708 φθαρτῆς
486 1636 619 1707 ὕλης
654 1637 829 1692 ταῦτα
871 1639 1081 1705 πάντα;
1133 1641 1232 1711 ούχ
1278 1640 1382 1693 ὑπὸ
1418 1641 1634 1712 σιδήρου
1684 1639 1778 1694 καὶ

189 1723 372 1794 πυρὸς
433 1725 874 1797 κεχαλκευμένα;
942 1729 1041 1799 οὐχ
1102 1729 1131 1782 6
1193 1730 1292 1800 μὲν
1356 1729 1570 1794 αὐτῶν,
1642 1729 1779 1783 λιθο-

1880 541 2030 595 velut
2061 538 2131 593 ab
2156 539 2338 606 initio,
2372 555 2548 594 novus
2580 540 2766 606 homo,
2803 548 2991 612 utpote
3022 542 3296 598 sermonis
3319 544 3445 597 novi

1880 633 2050 702 (sicut
2080 640 2134 687 et
2182 632 2298 702 ipse
2350 631 2642 688 confessus
2684 633 2766 702 es)
2796 633 3015 688 auditor
3051 633 3452 699 futurus;vide

1879 741 1988 781 non
2029 726 2209 780 solum
2243 725 2440 792 oculis,
2476 727 2570 782 sed
2604 725 2768 780 etiam
2797 725 3086 796 prudentia
3112 768 3126 793 ,
3156 727 3314 794 cujus
3343 727 3454 782 sint

1881 817 2226 880 substantiae,
2287 824 2383 871 aut
2435 815 2595 884 cujus
2620 815 2846 883 formae,
2902 815 2938 870 ii
2969 832 3110 886 quos
3151 817 3361 871 vocatis
3399 823 3453 869 et

1879 907 2214 963 existimatis
2261 908 2413 962 deos.
2456 905 2648 962 Nonne
2701 923 2895 962 eorum
2947 908 3088 962 alius
3115 908 3336 978 quidem
3368 915 3454 961 est

1878 999 2036 1070 lapis,
2060 999 2110 1054 ei
2129 999 2222 1069 qui
2244 999 2481 1055 calcatur
2505 998 2741 1053 similis?
2767 999 2909 1055 alius
2939 1008 3120 1053 autem
3149 1009 3233 1053 est
3253 1014 3348 1062 tes,
3375 997 3453 1050 ni-

1879 1091 1992 1147 hilo
2024 1091 2221 1146 melius
2256 1107 2420 1161 quam
2460 1107 2582 1162 qua:
2609 1092 2663 1144 iii
2709 1106 2870 1146 usum
2903 1101 3153 1146 nos-trum
3186 1090 3451 1145 fabricata

1877 1185 2190 1240 suntvasa?
2213 1185 2355 1239 alius
2378 1184 2605 1254 lignum,
2632 1191 2685 1236 et
2705 1183 2924 1252 quidem
2949 1184 3110 1238 etiam
3141 1182 3453 1254 putridum?

1877 1276 2039 1339 alius,
2073 1284 2379 1345 argentum,
2409 1275 2496 1328 cui
2533 1289 2670 1343 opus
2705 1283 2787 1330 est
2838 1274 3057 1329 homine
3085 1274 3448 1342 custodituro,

1878 1382 1948 1421 ne
1980 1365 2126 1420 furto
2159 1365 2472 1421 auferatur?
2503 1366 2664 1430 alius,
2705 1365 2909 1421 feri-um
2945 1367 3198 1437 rubigine
3257 1379 3454 1420 corru-

1875 1456 2063 1528 ptum?
2087 1454 2230 1510 alius
2259 1463 2420 1520 testa,
2454 1455 2626 1510 nihilo
2653 1455 2954 1524 speciosior
3003 1471 3066 1510 ea
3105 1471 3227 1524 quae
3257 1457 3324 1511 ad
3351 1456 3451 1511 ab-
3475 1462 3478 1465 ’

1872 1545 2234 1616 jectissimum
2267 1546 2632 1600 ministerium
2661 1546 2800 1600 facta
2827 1546 2952 1601 est?
2978 1545 3170 1600 Nonne
3189 1561 3254 1600 ex
3277 1555 3452 1600 mate-

1877 1641 1959 1696 ria
1986 1640 2326 1711 corruptioni
2343 1639 2577 1694 obnoxia
2607 1649 2735 1696 sunt
2752 1640 2868 1694 haec
2886 1640 3068 1693 omnia
3085 1640 3106 1692 ?
3123 1654 3302 1693 nonne
3319 1637 3451 1693 ferri

1877 1741 1932 1788 et
1960 1733 2102 1803 ignis
2131 1747 2233 1802 Ope
2263 1731 2566 1787 fabricata?
2597 1746 2778 1786 nonne
2812 1746 3002 1786 eorum
3034 1731 3182 1785 aliud
3214 1731 3454 1800 sculptor

190 1811 337 1880 ξόος·
386 1814 415 1868 6
464 1816 542 1879 δὲ,
595 1817 864 1888 χαλκεύς·
913 1819 940 1872 6
989 1820 1084 1884 δὲ,
1137 1821 1549 1892 ἀργυροκόποςο
1611 1821 1638 1874 6
1681 1821 1772 1885 δὲ,

1879 1824 2313 1894 lapidum,aliud
2345 1825 2498 1880 faber
2526 1823 2939 1888 aerarius,aliud
2973 1823 3316 1892 argentarius
3371 1821 3454 1876 fa-

189 1908 475 1976 κεραμεὺς
519 1907 788 1976 ἔπλασεν;
837 1911 898 1965 οὑ
955 1913 1084 1983 πρὶν
1148 1913 1257 1984 (44)
1307 1914 1340 1985 ἢ
1387 1916 1510 1978 ταῖς
1557 1914 1775 1984 τέχναις

191 1996 403 2049 τούτων
429 1999 509 2061 εἰς
534 2000 631 2071 τὴν
661 2001 875 2072 μορφὴν
900 2002 1102 2056 τούτων
1129 2003 1532 2074 ὲκτυπωθῆναι,
1559 1999 1624 2074 ἦν
1650 2004 1777 2058 ἕκα-

193 2103 326 2151 στος
350 2089 531 2144 αὐτῶν
557 2092 770 2163 ἑκάστῳ
803 2092 882 2146 ἔτι
905 2095 1000 2147 καὶ
1026 2093 1120 2147 νῦν
1163 2096 1733 2166 μεταμεμορφωμένον
1758 2113 1773 2161 ;

191 2180 256 2233 οὐ
309 2180 380 2234 τά
427 2181 522 2235 νῦν
579 2184 644 2236 ὲκ
692 2185 792 2255 τῆς
819 2186 988 2256 αὐτῆς
1017 2185 1150 2257 ὕλης
1195 2187 1323 2239 ὄντα
1366 2187 1533 2259 σκεύη
1572 2187 1774 2257 γένοιτ’

191 2272 303 2338 ἇν,
356 2274 404 2326 εἰ
457 2273 609 2345 τύχοι
670 2276 780 2329 τῶν
828 2279 1010 2332 αὐτῶν
1053 2281 1349 2350 τεχνιτῶν,
1397 2281 1557 2352 ὃμοια
1600 2281 1776 2334 τοιού-

194 2381 314 2427 τοις
342 2364 494 2436 (45);
541 2366 604 2419 οὐ
632 2367 803 2420 ταῦτα
851 2369 1014 2422 πάλιν
1051 2369 1122 2423 :6
1166 2370 1260 2424 νῦν
1287 2371 1378 2441 ὑφ’
1406 2371 1560 2441 ὑμῶν
1600 2389 1772 2444 προσ-

193 2456 507 2527 κυνούμενα
529 2498 544 2523 ,
573 2458 772 2512 δύναιτ’
817 2460 882 2514 ἂν
927 2462 1034 2514 ὑπὸ
1065 2461 1368 2534 ἀνθρώπων
1410 2462 1577 2534 σκεύη
1614 2464 1775 2535 ὃμοια

192 2551 447 2621 γενέσθαι
494 2554 606 2617 τοῖς
670 2553 915 2620 λοιποῖς;
963 2555 1023 2608 ού
1075 2555 1236 2626 κωφὰ
1296 2557 1505 2622 πάντα;
1561 2558 1623 2610 ού
1673 2576 1771 2610 τυ-

193 2644 342 2713 φλά;
379 2645 479 2699 οὐκ
504 2645 723 2716 ἄψυχας
761 2647 861 2700 ούκ
897 2647 1233 2719 ἀναίσθητας
1277 2649 1377 2702 οὐκ
1417 2649 1646 2721 ἀκίνητα
1671 2667 1684 2716 ;
1712 2652 1772 2704 ού

191 2736 374 2790 πάντα
399 2737 682 2808 σηπόμενα
705 2755 719 2803 ;
747 2739 808 2791 06
839 2740 1015 2792 πάντα
1043 2739 1400 2810 φθειρόμενα;
1422 2740 1595 2795 ταῦτα
1620 2741 1776 2806 θεοὺς

190 2827 432 2891 καλεῖτε,
460 2828 670 2892 τούτοις
697 2828 994 2892 δουλεύετε,
1039 2828 1250 2893 τούτοις
1274 2833 1626 2901 προσκυνεῖτε
1649 2848 1662 2861 ·
1688 2831 1777 2884 τέ-

191 2918 316 2973 λεόν
338 2937 397 2972 τε
422 2920 555 2993 (46).
584 2961 599 2975 .
630 2961 644 2974 .
687 2920 1037 2992 ὲξομοιοῦσθε
1056 2939 1068 2951 ·
1095 2921 1183 2975 διὰ
1209 2921 1369 2975 τοῦτο
1408 2926 1613 2994 μισεῖτε
1638 2924 1774 2995 Χρι-

179 3015 464 3078 στιανοὺς,
482 3015 564 3067 ὅτι
587 3013 808 3076 τούτους
835 3014 933 3084 οὐχ
959 2996 1419 3084 ἡγοῦνται-θεούς.
1460 3016 1646 3087 Ὑμεῖς
1668 3017 1775 3088 γὰρ

191 3109 243 3160 oi
276 3105 374 3159 νῦν
398 3107 710 3177 νομίζοντες
733 3106 827 3158 καὶ
852 3105 1112 3176 οἰόμενοι,
1140 3105 1199 3160 οὑ
1237 3105 1371 3168 πολὺ
1418 3107 1579 3178 πλέον
1595 3107 1774 3171 αὐτῶν

193 3201 592 3269 καταφρονεῖτε
620 3215 633 3262 ;
661 3199 721 3251 οὐ
753 3197 888 3251 πολὺ
922 3198 1122 3268 μᾶλλον
1145 3199 1344 3263 αὐτοὺς
1372 3181 1659 3269 χλευάζετε
1684 3201 1778 3253 καὶ

194 3287 477 3358 ὑϐρίζετες
515 3288 641 3351 τοὺς
672 3287 772 3357 μὲν
811 3285 1043 3350 λιθίνους
1080 3288 1174 3340 καὶ
1205 3287 1556 3354 ὀστρακίνους
1599 3289 1781 3342 σέϐον-

191 3394 287 3440 τες
307 3376 660 3446 ἀφυλάκτους
675 3370 808 3448 (47),
831 3377 957 3439 τοὺς
980 3376 1036 3429 δὲ
1061 3370 1340 3449 ἀργυροῦς
1409 3377 1505 3430 καὶ
1545 3378 1781 3449 χρυσοῦς

195 3467 536 3539 ὲγκλείοντες
570 3471 690 3533 ταῖς
731 3467 886 3535 νυξὶ,
942 3469 1036 3522 καὶ
1080 3471 1202 3533 ταῖς
1247 3468 1482 3543 ἡμέραις
1533 3469 1780 3540 φύλακας

195 3561 692 3632 παρακαθίσαντες,
732 3561 820 3615 ἵνα
864 3560 938 3633 μὴ
985 3561 1287 3615 κλαπῶσιν.
1335 3555 1433 3625 Ai;
1475 3561 1532 3614 δὲ
1574 3561 1780 3629 δοκεῖτε

193 3657 382 3724 τιμαῖς
427 3653 776 3726 προσφέρειν,
826 3657 875 3708 εἰ
935 3655 1032 3726 μὲν
1091 3652 1472 3718 αἰσθάνονται,
1522 3652 1780 3717 κολάζετε

199 3746 403 3818 μᾶλλον
448 3746 680 3811 αὐτούς·
727 3749 775 3800 εἰ
815 3747 873 3800 δὲ
919 3746 1335 3818 άναισθητοῦσιν
1363 3786 1378 3811 ,
1430 3746 1780 3818 ἐλέγχοντες,

197 3840 390 3910 αἵματι
437 3841 532 3893 καὶ
575 3839 822 3904 κνίσσαις
862 3841 1060 3904 αὐτοὺς
1103 3839 1466 3912 θρησκεύετε·
1513 3839 1670 3894 ταῦθ’
1721 3841 1782 3894 ὑ-

201 3933 321 4005 μῶν
365 3932 448 3996 τίς
494 3932 875 4004 ὑπομεινάτω;
915 3932 1090 3986 ταῦτα
1153 3932 1473 4004 ἀνασχέσθω
1516 3933 1600 3997 τίς
1650 3917 1780 3987 ἑαυ-

197 4029 278 4101 τῷ
305 4030 592 4100 γενέσθαις
644 4031 781 4084 ἀλλὰ
823 4030 1110 4102 ἄνθρωπος
1154 4032 1254 4104 μὲν
1300 4032 1421 4085 οὐδὲ
1459 4027 1540 4098 εἷς
1575 4032 1782 4106 ταύτης

196 4119 301 4188 τῆς
347 4119 618 4183 κολάσεως
671 4119 814 4174 ἑκὼν
873 4121 1122 4188 ἀνέξεται
1179 4120 1455 4194 (αἴσθησιν
1505 4122 1613 4195 γὰρ
1668 4123 1782 4194 ἔχει

198 4210 298 4263 καὶ
331 4209 644 4283 λογισμόνο)
675 4213 703 4264 6
738 4213 794 4266 δὲ
819 4211 966 4277 λίθος
993 4212 1244 4285 ἀνέχεται
1265 4230 1280 4244 ⁸
1310 4214 1626 4286 ἀναισθητεῖ
1648 4217 1777 4288 γάρ.

199 4301 410 4355 Ούκοῦν
433 4304 533 4373 τὴν
563 4303 817 4375 αἴσθησιν
860 4305 992 4378 (48).
1037 4344 1053 4360 .
1095 4346 1110 4360 .
1155 4345 1171 4361 .
1215 4345 1230 4360 .
1274 4345 1290 4362 .
1333 4345 1349 4361 .
1395 4345 1410 4360 .
1454 4346 1470 4361 .
1513 4346 1529 4361 .
1573 4346 1589 4361 .
1629 4308 1782 4378 ἐλέγ-

199 4411 344 4468 χετε.
411 4396 549 4470 Περὶ
616 4398 717 4470 μὲν
782 4394 876 4453 οὖν
945 4398 1041 4453 τοῦ
1096 4399 1172 4472 μὴ
1225 4398 1583 4455 δεδουλῶσθαι
1641 4385 1779 4473 Χρι-

1875 1917 1994 1980 ber,
2028 1916 2178 1970 aliud
2212 1916 2408 1988 figulus
2435 1915 2628 1970 finxit?
2685 1916 3020 1984 minimeque
3053 1915 3107 1968 in
3139 1914 3301 1969 talem
3336 1914 3453 1969 for-

1874 2021 2021 2060 mam
2045 2007 2477 2077 unumquodque
2511 2015 2783 2061 mutatum
2814 2015 2955 2068 erat,
2981 2006 3300 2076 priusquam
3337 2016 3455 2060 arte

1875 2100 2113 2170 alicujus
2170 2100 2367 2154 horum
2422 2099 2538 2153 haec
2599 2099 2866 2167 impressa
2902 2098 2949 2152 ci
2987 2097 3217 2154 fuisset?
3263 2096 3457 2153 Nonne

1875 2209 1999 2264 qua:
2029 2207 2176 2247 nunc
2205 2191 2393 2246 eadem
2443 2206 2473 2246 e
2502 2192 2731 2245 materia
2767 2199 2896 2245 sunt
2929 2206 3060 2246 vasa
3081 2233 3095 2257 ,
3133 2191 3334 2247 similia
3367 2191 3454 2245 his

1875 2286 2030 2342 reddi
2081 2295 2308 2356 queant,
2364 2285 2409 2340 si
2459 2284 2682 2340 eosdem
2737 2285 2976 2341 artilices
3032 2284 3458 2340 nanciscantur?

1876 2393 2060 2434 nonne
2111 2379 2227 2434 haec
2276 2393 2399 2448 quae
2429 2393 2458 2432 a
2493 2378 2648 2432 vobis
2677 2377 3012 2442 adorantur,
3039 2378 3108 2432 ab
3139 2377 3456 2432 hominibus

1875 2489 2005 2529 vasa
2048 2473 2276 2542 reliquis
2329 2472 2534 2528 similia
2570 2471 2687 2526 fieri
2732 2487 2955 2526 rursum
2990 2470 3246 2540 possint?
3276 2486 3459 2526 nonne

1876 2567 2041 2625 surda
2060 2565 2381 2621 suntomnia
2396 2564 2608 2618 ?nonne
2625 2563 2993 2620 caaca?nonne
3021 2562 3264 2616 inanima
3282 2564 3304 2616 ?
3319 2578 3458 2618 non-

1875 2673 1944 2713 ne
1963 2671 2159 2712 sensus
2183 2656 2360 2711 omnis
2389 2655 2665 2725 expertia?
2693 2669 2876 2710 nonne
2900 2653 3246 2708 immobilia?
3269 2668 3453 2707 nonne

1874 2750 2060 2806 omnia
2113 2749 2473 2820 putrescunt?
2507 2763 2689 2803 nonne
2740 2746 2927 2802 omnia
2978 2745 3456 2815 corrumpuntur?

1875 2839 2002 2896 Haec
2036 2841 2169 2895 deos
2209 2840 2442 2906 vocatis,
2502 2837 2589 2893 liis
2640 2837 2878 2903 servitis,
2918 2836 3034 2890 haec
3075 2835 3354 2901 adoratis;
3403 2844 3459 2890 et

1877 2932 2105 2987 omnino
2143 2933 2354 2988 similes
2388 2931 2508 2986 istis
2539 2928 2852 2984 reddimini.
2891 2926 3100 2982 ldcirco
3142 2936 3270 2982 sunt
3301 2927 3458 2982 vobis

1876 3025 2004 3080 odio
2025 3024 2348 3091 Christiani,
2368 3023 2627 3094 quoniam
2646 3021 2745 3075 hos
2763 3033 2887 3075 esse
2906 3019 3040 3073 deos
3061 3033 3169 3073 non
3189 3017 3461 3072 arbitrar-

1803 3149 1846 3206 C
1865 3126 1989 3174 .tur.
2016 3115 2184 3186 Atqui
2216 3131 2314 3171 vos
2342 3115 2590 3185 quiesse
2613 3112 2929 3168 deos.nunc
2951 3109 3280 3165 existimatis
3305 3149 3320 3173 ,
3354 3124 3456 3163 an-

1886 3224 1995 3264 non
2036 3208 2210 3262 multo
2245 3207 2420 3278 magis
2441 3221 2606 3277 quam
2631 3205 2706 3259 illi
2729 3205 3072 3273 contemptui
3092 3204 3341 3258 habetis?
3362 3218 3459 3257 an-

1885 3315 1996 3355 non
2027 3301 2201 3355 multo
2227 3299 2402 3369 magis
2433 3313 2599 3369 quam
2640 3297 2739 3362 illi,
2775 3296 3020 3350 irridetis
3050 3303 3104 3351 et
3151 3279 3352 3364 injuria
3378 3292 3460 3348 af-

1881 3393 2084 3448 ficitis?
2117 3392 2246 3447 dum
2290 3391 2533 3461 lapideos
2575 3388 2798 3458 quidem
2829 3396 2887 3443 et
2927 3396 3198 3442 testaceos
3225 3402 3456 3442 venera-

1880 3485 2037 3551 mini,
2069 3483 2388 3540 custodibus
2412 3491 2662 3537 carentes
2693 3498 2707 3547 ;
2744 3489 3032 3558 argenteos
3064 3487 3246 3532 autem
3276 3487 3331 3532 et
3357 3493 3460 3533 au-

1868 3569 2006 3633 reos
2033 3574 2315 3631 includitis
2347 3583 2536 3638 noctu,
2571 3588 2635 3629 ac
2671 3573 2908 3628 interdiu
2941 3571 3199 3626 custodes
3228 3570 3460 3641 apponi-

1879 3670 1972 3737 tis,
2000 3683 2070 3722 ne
2092 3666 2240 3722 furto
2261 3664 2607 3743 auferantur.)
2632 3663 2698 3719 Et
2722 3680 2850 3720 vero
2873 3664 2983 3720 illis
3015 3663 3316 3719 honoribus
3336 3661 3459 3733 qui-

1879 3762 1983 3817 bus
2019 3775 2114 3815 vos
2148 3757 2406 3827 prosequi
2449 3771 2546 3813 eos
2574 3756 2929 3823 existimatis,
2967 3756 3152 3826 potius
3181 3755 3458 3826 supplicio

1882 3853 2117 3921 adicitis,
2131 3854 2178 3909 si
2195 3851 2417 3923 quidem
2469 3865 2634 3906 sensu
2658 3848 2872 3920 praediti
2897 3857 3062 3914 sunt;
3091 3847 3176 3902 sin
3209 3855 3458 3917 expertes

1881 3957 2011 4003 sunt
2043 3959 2262 4008 sensus,
2296 3943 2486 4013 (hujus
2515 3943 2618 4010 rei)
2653 3942 3064 4006 convincentes,
3098 3941 3366 4012 sanguine
3397 3948 3455 3993 et

1881 4039 2168 4096 nidoribus
2198 4051 2296 4094 eos
2329 4035 2531 4092 colitis.
2578 4033 2714 4100 Quis
2747 4041 2994 4088 vestrum
3027 4032 3144 4087 haec
3192 4030 3461 4087 sufferat?

1881 4134 2008 4206 quis
2039 4133 2154 4187 haec
2177 4130 2282 4186 sibi
2322 4128 2439 4183 fieri
2469 4126 2743 4198 patiatur?
2765 4125 2858 4180 sed
2884 4124 3072 4179 nullus
3100 4123 3322 4194 quidem
3359 4122 3462 4178 ho-

1882 4228 2098 4281 minum
2128 4225 2233 4279 hoc
2248 4222 2576 4294 supplicium
2594 4221 2700 4276 nisi
2723 4218 3239 4289 invitus,patietur;
3267 4217 3458 4289 (sensu

1880 4319 2028 4374 enim
2060 4325 2118 4373 et
2151 4317 2363 4372 ratione
2407 4323 2492 4370 est
2529 4313 2793 4385 praeditus
2828 4331 2841 4367 :
2872 4311 2890 4382 )
2932 4322 2987 4368 at
3034 4312 3175 4382 lapis
3221 4311 3456 4382 patitur,

1882 4425 2050 4466 sensu
2066 4409 2213 4465 enim
2231 4414 2401 4464 caret.
2427 4405 2796 4473 Quamobrem
2829 4403 2957 4459 illos
2981 4418 3179 4459 sensus
3206 4410 3458 4471 expertes

275 4577 391 4664 με)
412 4579 881 4664 ’ςΥποσζάσεωᾳ
898 4579 1074 4664 vertit
1096 4580 1358 4664 Stephan.
1385 4581 1738 4664 subsistentia;
1758 4601 1777 4650 ;

1882 4604 1976 4646 cra
2009 4587 2362 4664 stabilitatem
2395 4581 2714 4664 quamdam,
2739 4588 2949 4664 utpote
2972 4578 3078 4635 diis
3102 4588 3454 4664 consecrata,

203 4651 298 4707 sed
324 4651 542 4716 melius,
576 4652 801 4719 opinor,
853 4651 1206 4716 reddidisset,
1235 4653 1566 4708 substantiae.
1605 4652 1776 4708 Paulo

201 4728 328 4844 post
381 4722 556 4792 ἐρεῖτε
608 4731 756 4804 recte
831 4721 938 4776 dici
1007 4723 1326 4804 contendit,
1379 4725 1642 4805 Ovidelicet
1708 4725 1777 4779 ab

237 4790 342 4844 οέω
366 4806 380 4844 :
411 4807 520 4844 auo
551 4792 771 4844 Gillde
794 4790 862 4844 de
886 4793 1125 4844 themate
1156 4794 1486 4844 disseruisse
1507 4809 1566 4844 se
1593 4805 1777 4844 monet

237 4790 380 4862 9&9;
411 4790 520 4861 quo
551 4792 771 4862 quidem
794 4790 862 4846 de
886 4793 1125 4848 themate
1156 4793 1486 4848 disseruisse
1507 4809 1566 4850 se
1593 4805 1778 4850 monet

202 4859 259 4917 in
288 4859 582 4915 Thesauro
601 4877 719 4916 suo.

274 4931 386 5005 (4.5)
417 4930 820 5005 Φυλάξοντος.
871 4932 961 4988 Sic
985 4933 1169 5005 posuit
1221 4932 1532 5005 Stephanus
1564 4949 1665 5004 pro
1708 4950 1776 4991 eo

201 5001 358 5074 quod
371 5011 498 5074 erat
527 5003 580 5056 in
612 5007 732 5074 cod.
767 5021 899 5059 mss.
944 5001 1293 5074 φυλάξαντος.

278 5071 388 5142 (ﬂ)
427 5074 508 5125 Οὐ
530 5071 692 5139 πρὶν,
729 5085 832 5128 etc.
861 5071 965 5128 Sic
988 5085 1160 5128 totum
1193 5075 1338 5129 hunc
1369 5075 1550 5129 locum
1581 5075 1778 5128 immu-

204 5152 286 5198 tat
315 5142 675 5217 Stephanus:
713 5145 900 5217 Καὶῃοὺ
938 5147 1086 5217 πρὶν,
1118 5144 1150 5214 ἢ
1182 5147 1300 5217 ταῖς
1331 5146 1550 5217 τέχναις
1564 5145 1776 5217 τούτων

205 5161 286 5198 tat
316 5161 623 5211 atepnanus
661 5161 675 5198 :
713 5161 821 5196 nat
843 5161 900 5196 ου
938 5161 1086 5266 πτειν,
1118 5161 1150 5214 η
1182 5161 1300 5208 ταις
1331 5161 1550 5217 τεχναις
1570 5163 1776 5198 τουτων

205 5217 286 5287 εἰς
317 5212 432 5287 -τὴν
476 5213 943 5287 μορφὴν-’τούτων
1002 5214 1398 5287 -κτυπωθῆναι,
1432 5212 1500 5287 ἦν
1548 5216 1776 5287 ἕκαστον

204 5283 382 5357 αὐτῶν
415 5283 628 5357 ἑκάστῳ
660 5285 788 5357 εῖδει
817 5285 895 5357 ὡς
929 5285 1023 5338 καὶ
1053 5283 1148 5338 νῦν
1182 5283 1773 5357 μεταμεμορφωμένον.

207 5355 311 5409 Sed
345 5369 572 5422 prorsus
597 5337 787 5409 inutile
815 5337 1026 5409 videtur
1059 5364 1139 5408 tot
1168 5337 1335 5410 iioces‘
1359 5337 1651 5410 addeneiet
1673 5337 1776 5410 ini;

204 5433 438 5489 mutare,
487 5425 577 5477 ubi
639 5426 804 5479 unius
835 5427 1028 5480 littera:
1071 5427 1381 5480 emendatio
1428 5427 1774 5481 commodam

205 5494 362 5549 affert
415 5496 761 5566 sententiam.
809 5495 944 5549 Nam
982 5497 1026 5552 si
1069 5495 1476 5566 legas_Exaa:ov
1517 5513 1615 5566 pro
1653 5497 1777 5550 ἕκα-

208 5581 354 5636 στος,
386 5563 464 5617 sic
511 5565 662 5636 locus
709 5567 859 5620 reddi
890 5567 1088 5636 poterit
1119 5563 1143 5619 τ’
1191 5564 1378 5619 Nonne
1419 5563 1564 5636 prins
1612 5584 1774 5636 quam

205 5635 392 5706 hornm
427 5635 630 5706 artibus
665 5636 720 5689 in
763 5638 856 5689 has
889 5635 1089 5706 formas
1136 5635 1548 5706 efﬁngerentur,
1584 5635 1776 5690 tinum-

204 5705 444 5777 quodqne
483 5705 548 5757 ab
599 5705 908 5776 unoquoque
952 5705 1346 5777 artiﬁcejiiariis
1391 5709 1582 5770 modis,
1617 5709 1776 5777 idque

204 5779 364 5832 etiam
390 5775 672 5846 hactenus,
704 5775 1128 5835 immutabatur?
1163 5776 1500 5836 Videbantur
1545 5775 1774 5835 simula-

1884 4659 2268 4728 acquisivisse.
2306 4650 3022 4728 Qiiare__observat__auctor
3064 4650 3306 4728 epistolae
3356 4650 3458 4702 hoc

1886 4719 2210 4785 beneficium
2246 4719 2366 4780 esse
2396 4725 2704 4786 artificum,
2739 4723 2940 4792 quibus
2977 4719 3218 4792 quandiu
3261 4734 3457 4792 carue-

1885 4809 2014 4854 runt
2065 4798 2381 4860 simiilacra,
2419 4795 2609 4848 tanditi
2665 4790 2858 4846 iisdem
2910 4790 3309 4846 mutationibus
3351 4790 3458 4842 oh-

1883 4872 2050 4924 iioxia
2085 4870 2304 4924 fuerunt
2343 4881 2408 4920 ac
2440 4866 2560 4918 alia:
2590 4878 2676 4917 res
2713 4865 2904 4918 eadem
2949 4878 3023 4918 ex
3075 4861 3304 4915 materia
3327 4875 3459 4914 con-

1885 4950 2473 5079 εῑῗλέἓῗῑ.Ἱόιούτοις.Δ
2524 5004 2832 5079 Stephanus
2907 4978 3196 5079 legendum
3274 5007 3460 5079 monet

1881 5071 2114 5142 τούτοις.
2145 5079 2301 5145 Quod
2349 5076 2570 5147 quidem
2612 5071 2837 5130 minime
2868 5071 3239 5128 necessarium
3276 5071 3462 5126 existi-

1881 5166 2345 5288 ῐῃῖἒῖίῗῑςιωῶέλεόν
2369 5235 2453 5271 τε.
2484 5215 2564 5288 1η
2593 5215 2817 5288 Betireri
2880 5214 3194 5288 apographo
3237 5211 3460 5288 additur

1881 5280 2100 5355 αὐτοῖςς
2137 5301 2300 5358 atque
2337 5290 2410 5342 ita
2469 5287 2598 5354 legit
2630 5280 2964 5358 Stephanus.
2992 5280 3284 5358 inn—eodeni
3321 5280 3460 5334 Beu-

1882 5363 1989 5417 reri
2026 5351 2324 5429 exemplari
2356 5360 2462 5413 alia
2501 5351 2662 5429 manu
2685 5351 2977 5429 legebatur
3011 5355 3193 5407 τέλεον
3209 5351 3294 5429 Δδέ.

1927 5432 2065 5518 '(47)
2115 5420 2548 5500 Ἀῥςυλὰκτουᾳ
2587 5425 2644 5480 1η
2681 5420 2902 5482 Βοῖιι·ει“ί
2963 5423 3277 5496 apograplio
3327 5420 3462 5490 ἀφυ-

1880 5501 2432 5643 λαῗίὲἲἈῖο-θησιν.
2490 5568 2559 5643 in
2630 5567 2851 5622 Betireri
2911 5564 3225 5643 apograplio
3289 5557 3457 5643 αὑτοῦ

1881 5631 2155 5713 ἐλέγχετε.
2193 5631 2432 5710 Conjicit
2484 5641 2799 5713 Stephanus
2833 5631 3094 5707 scriptum
3120 5631 3322 5700 fuisse,
3356 5631 3459 5701 τὴν

1882 5711 2133 5786 αἴσθησιν
2160 5714 2258 5768 οὐκ
2293 5713 2434 5784 ἔχειν
2464 5711 2733 5782 ἐλέγχετε.
