3838 6218
432 317 563 373 1171

1551 313 1730 369 ANON
1740 313 1853 370 YMI
1894 312 2037 369 VIR]
2074 310 2479 369 APOSTOLICI

3556 304 3711 359 1172

425 440 550 481 esse
581 422 924 481 convincitis.
959 424 1038 480 Ac
1061 426 1130 482 de
1164 441 1231 481 eo
1252 425 1397 497 quod
1430 424 1732 480 Christiani
1761 424 1867 479 diis
1893 423 1999 477 bu-

2130 424 2358 489 πτιανοὺς
2410 421 2671 489 τοιούτοις
2703 422 2878 488 θεοῖς,
2930 422 3101 478 πολλά
3138 422 3237 494 μὲν
3285 420 3381 475 καὶ
3433 417 3580 473 ἄλλα
3637 421 3715 471 ει-

422 517 664 589 jusmodi
700 517 753 571 in
788 518 1104 572 servitutem
1136 518 1336 573 addicti
1357 534 1463 571 non
1500 525 1650 579 sunt,
1679 516 1853 570 multa
1878 514 2002 585 qui-

426 611 549 664 dem
594 618 648 663 et
679 608 784 663 alia
822 608 1053 664 habeam
1098 624 1222 679 qua:
1251 609 1468 674 dicam;
1494 607 1541 663 si
1582 608 1669 662 cui
1705 616 1885 660 tamen
1916 604 2001 658 vel

428 702 545 756 haec
574 703 689 772 ipsa
723 702 968 757 sufﬁcere
1018 716 1129 755 non
1166 702 1491 767 videantur,
1530 714 2000 771 supervacaneum

428 781 669 849 arbitror
685 804 740 850 et
765 794 921 865 plura
958 794 1159 850 dicere.

2107 517 2230 567 πεῖν
2277 514 2489 587 ε’χοιμι’
2532 516 2582 568 εί
2644 515 2703 569 δέ
2748 532 2856 569 τινι
2907 515 2983 587 μὴ
3038 514 3217 588 δοκοίη
3275 515 3369 568 καὶ
3418 511 3608 565 ταῦτα
3667 514 3718 563 ι-

2109 606 2272 670 κανά,
2335 607 2595 679 περισσὸν
2644 606 2885 680 ἡγοῦμαι
2930 606 3025 661 καὶ
3088 606 3161 661 τά
3219 606 3391 661 πλείω
3446 604 3565 677 (49)
3623 602 3719 657 λέ-

2110 715 2249 766 γειν.

428 952 559 1008 CAP.
596 948 684 1005 111.
731 950 907 1022 Negat
950 951 1090 1021 ipsos
1151 951 1311 1003 etiam
1343 948 1561 1022 Judwos
1586 965 1645 1022 par
1678 948 2051 1022 superstitione
2091 948 2347 1022 immunes
2401 947 2695 1022 esse,_dum
2741 947 2809 1001 iis
2853 943 3023 1000 Deum
3053 943 3284 1016 indigere
3326 952 3543 1013 putant,
3584 958 3711 1013 qua:

1453 1019 1647 1074 etlmici
1679 1017 1830 1073 rebus
1862 1035 2016 1073 sensu
2046 1019 2348 1075 carentibus
2385 1017 2676 1072 donabant.

492 1178 761 1249 Deinceps
807 1186 993 1233 autem
1050 1176 1119 1233 de
1162 1190 1229 1230 eo
1255 1174 1402 1247 quod
1445 1189 1557 1229 non
1592 1186 1677 1230 est
1720 1175 1830 1231 illis
1861 1174 2007 1231 idem

428 1272 610 1330 cultus
658 1272 880 1327 divinus
928 1270 1024 1342 qui
1081 1269 1321 1334 Iudaeis,
1374 1279 1426 1324 te
1459 1269 1701 1324 maxime
1744 1268 2008 1339 cupidum

428 1379 553 1419 esse
592 1362 849 1418 audiendi
889 1374 1041 1433 puto.
1085 1360 1257 1417 Judaei
1306 1361 1507 1432 igitur,
1542 1361 1796 1432 quamvis
1840 1360 2001 1415 absti-

429 1468 597 1512 neant
632 1472 699 1512 eo
730 1458 797 1513 de
830 1471 942 1527 quo
975 1456 1141 1511 verba
1183 1454 1287 1510 feci
1327 1455 1502 1519 cultu,
1544 1462 1598 1508 et
1631 1453 1797 1509 Deum
1835 1467 2008 1508 unum

429 1549 707 1615 venerari,
742 1548 1148 1619 Dominamque
1175 1548 1421 1602 omnium
1457 1546 1776 1602 existimare
1808 1545 2007 1612 velint;

2193 1175 2350 1247 Ἑξῆς
2395 1175 2489 1241 δὲ,
2514 1175 2643 1247 περὶ
2676 1174 2771 1229 τοῦ
2803 1174 2879 1249 μὴ
2924 1173 3078 1229 ,κατά
3120 1174 3188 1229 τά
3217 1175 3359 1230 αύτά
3414 1176 3707 1241 Ἰουδαίοις

2111 1267 2381 1322 θεοσεϐεῖν
2404 1268 2623 1333 αὐτοὺς,
2650 1264 2801 1339 οἶμαί
2831 1285 2892 1321 σε
2919 1268 3155 1339 μάλιστα
3202 1269 3391 1323 ποθεῖν
3437 1269 3705 1324 ἀκοῦσαι.

2124 1358 2368 1414 Ἰουδαῖοι
2402 1359 2583 1413 τοίνυν
2605 1361 2653 1413 εί
2695 1360 2794 1431 μὲν
2833 1359 3127 1430 ἀπέχονται
3147 1360 3353 1432 ταύτης
3380 1362 3484 1433 τῆς
3510 1379 3708 1433 προει-

2115 1452 2359 1525 ρημένης
2413 1451 2687 1523 λατρείας,
2736 1452 2832 1505 καὶ
2883 1452 2965 1515 εἰς
3015 1452 3148 1506 Θεὸν
3190 1452 3285 1507 ἕνα
3324 1454 3435 1507 τῶν
3477 1455 3707 1508 πάντων

2115 1547 2295 1600 σέϐειν
2320 1546 2417 1599 καὶ
2450 1546 2721 1617 δεσπότην
2755 1544 2964 1611 ἀξιοῦσι
2995 1550 3213 1618 φρονεῖν
3235 1548 3347 1620 (50)
3368 1564 3382 1578 °
3420 1549 3471 1601 εί
3500 1547 3559 1601 δὲ
3588 1550 3707 1611 τοῖς

430 1639 477 1695 si
510 1648 690 1693 tamen
711 1639 903 1695 eodem
934 1654 1044 1709 quo
1074 1640 1109 1693 ii
1141 1639 1209 1694 de
1233 1639 1433 1709 quibus
1463 1638 1671 1693 dictum
1717 1646 1802 1694 est
1824 1637 2009 1704 modo,

2130 1641 2535 1714 προειρημένοις
2594 1642 2967 1713 ὁμοιοτρόπως
2999 1643 3098 1714 τὴν
3138 1642 3438 1714 θρησκείαν
3484 1642 3705 1715 προσά-

429 1729 580 1785 cultu
618 1730 711 1785 illo
733 1745 856 1785 eum
882 1738 1310 1800 prosequuntur,
1338 1728 1391 1782 in
1408 1742 1596 1784 errore
1623 1729 2006 1784 venabantur.

429 1817 567 1875 Nam
592 1836 714 1891 quae
741 1820 916 1877 Graeci
971 1837 1169 1877 sensus
1212 1820 1532 1891 expertibus
1574 1828 1636 1875 et
1662 1820 1845 1876 surdis
1877 1819 2011 1875 olfe-

430 1920 641 1978 rentes,
683 1911 973 1967 dementiae
1028 1912 1161 1967 dant
1220 1924 1645 1983 argumentum;
1683 1912 1740 1967 hi
1792 1912 1923 1968 dum
1950 1928 2010 1969 se

430 2000 544 2058 Deo
572 2004 815 2074 praebere
858 2019 921 2061 ea
959 2005 1244 2076 cogitant,
1274 2016 1539 2077 tanquam
1584 2007 1652 2061 iis
1702 2004 2008 2076 indigenti,

428 2093 721 2150 stultitiam
786 2097 973 2167 potius
1036 2113 1202 2167 quam
1262 2098 1473 2154 cultum
1525 2097 1772 2153 divinum
1814 2096 2010 2153 merito

428 2190 748 2245 existiment
795 2190 871 2261 (id
922 2190 1070 2261 quod
1119 2190 1375 2263 faciunt.)
1410 2191 1514 2258 Qui
1555 2193 1702 2248 enim
1726 2192 1925 2248 caelum
1955 2198 2010 2249 et

426 2290 653 2347 terram,
682 2292 847 2353 atque
886 2283 1070 2339 omnia
1115 2297 1240 2353 qua:
1284 2283 1338 2337 in
1380 2282 1448 2339 iis
1480 2293 1608 2339 sunt
1657 2283 1921 2349 condidit,
1956 2291 2011 2338 et

428 2374 588 2430 nobis
634 2375 893 2431 omnibus
947 2391 1010 2431 ea
1058 2376 1369 2446 suppeditat
1402 2376 1606 2445 quibus
1660 2375 2005 2446 indigemus,

427 2466 548 2521 ﬁeri
616 2481 729 2522 non
776 2466 952 2537 possit
1010 2467 1206 2522 utullo
1259 2483 1451 2523 eorum
1483 2468 1722 2541 indigeat
1743 2484 1863 2539 quae
1892 2469 2010 2540 ipse

429 2558 500 2614 iis
539 2558 745 2631 praebet
770 2559 866 2629 qui
904 2575 964 2615 se
995 2559 1070 2613 illi
1101 2558 1234 2615 dare
1258 2560 1605 2615 existimant.
1638 2560 1769 2615 Atii
1795 2562 1889 2632 qui
1912 2576 2010 2632 per

428 2653 750 2725 sanguinem
792 2662 846 2708 et
884 2653 1133 2709 nidorem
1168 2663 1223 2709 ct
1266 2655 1584 2711 holocausta
1621 2653 1804 2711 facere
1838 2672 1898 2713 se
1929 2658 2005 2713 illi

429 2748 700 2803 sacritlcia
735 2755 968 2817 putant,
1031 2756 1196 2817 atque
1248 2748 1335 2804 his
1390 2764 1517 2804 eum
1554 2750 1857 2807 honoribus
1912 2766 2007 2806 or-

430 2858 585 2907 nare,
636 2841 773 2896 mihi
807 2841 1083 2904 videntur,
1132 2842 1266 2897 dum
1306 2850 1504 2912 putant
1538 2858 1596 2899 se
1628 2844 1813 2914 aliqua
1870 2861 2009 2915 prte-

428 2937 560 2992 bere
598 2936 671 2999 ei,
707 2935 801 3007 qui
830 2936 1036 2991 nullius
1082 2936 1160 2991 rei
1195 2936 1451 3007 indiguus
1482 2946 1587 3001 est,
1620 2938 1757 2992 nihil
1788 2938 2008 2996 differre

2110 1751 2297 1804 γουσιν
2341 1731 2490 1804 αὐτῷ
2534 1731 2763 1804 ταύτην,
2811 1732 3297 1805 διαμαρτάνουσινο
3348 1736 3417 1789 ’Δ
3438 1733 3552 1805 γάρ
3590 1736 3705 1798 τοῖς

2110 1825 2457 1898 ἀναισθήτοις
2498 1824 2595 1879 καὶ
2633 1827 2839 1895 κωφοῖς
2894 1825 3295 1897 προσφέροντες
3334 1828 3383 1880 οῖ
3433 1826 3703 1896 Ἕλληνες

2111 1919 2421 1992 ἀφροσύνης
2476 1920 2676 1991 δεῖγμα
2735 1919 3067 1991 παρέχουσι,
3131 1918 3281 1973 ταῦθ’
3333 1915 3479 1975 οὗτοι
3522 1919 3703 1975 καθά-

2111 2028 2219 2084 περ
2259 2012 2639 2084 προσδεομένῳ
2684 2010 2764 2083 τῷ
2812 2011 2933 2083 Θεῷ
2990 2011 3331 2084 λογιζόμενοι
3392 2012 3701 2084 παρέχειν,

2115 2103 2324 2174 μωρίαν
2359 2103 2505 2167 είκδς
2540 2102 2653 2176 (51)
2688 2102 2886 2175 μᾶλλον
2916 2106 3119 2174 ἡγοῖντ’
3154 2103 3241 2167 ἂν,
3273 2104 3332 2158 ού
3363 2105 3701 2159 θεοσέϐειαν.

2123 2194 2181 2249 '0
2205 2194 2315 2267 γάρ
2352 2196 2585 2267 ποιήσας
2628 2194 2721 2248 τὸν
2762 2194 2988 2267 οὐρανὸν
3019 2197 3111 2249 καὶ
3148 2196 3248 2267 τὴν
3279 2196 3401 2265 γῆν,
3437 2197 3535 2250 καὶ
3562 2197 3704 2251 πάν-

2108 2303 2179 2340 τα
2210 2285 2279 2339 τὰ
2308 2287 2366 2340 ὲν
2396 2286 2579 2351 αὐτοῖς
2604 2326 2617 2352 ,
2649 2288 2743 2341 καὶ
2784 2289 2951 2341 πᾶσιν
2974 2290 3105 2358 ⁴ἡμῖν
3136 2288 3388 2359 χορηγῶν
3418 2281 3501 2341 ὧν
3528 2304 3704 2359 προσ-

2108 2378 2364 2450 δεόμεθα,
2401 2377 2614 2443 οὐδενὸς
2660 2379 2726 2433 ἂν
2775 2379 2937 2443 αὐτὸς
2994 2378 3312 2449 προσδέοιτο
3362 2376 3577 2431 τούτων
3627 2370 3704 2429 ὧν

2108 2472 2223 2534 τοῖς
2289 2469 2556 2541 οίομένοις
2614 2469 2813 2523 διδόναι
2876 2470 3105 2541 παρέχει
3165 2469 3349 2533 αὑτός.
3403 2471 3472 2521 Ol
3524 2468 3584 2521 δέ
3639 2485 3707 2537 γε

2110 2559 2299 2619 θυσίας
2340 2558 2487 2629 αὐτῷ
2534 2559 2601 2613 δι’
2628 2560 2856 2631 αἵματος
2899 2559 2994 2612 καὶ
3030 2558 3256 2631 κνίσσης
3309 2558 3405 2612 καὶ
3468 2558 3704 2612 ὁλοκαυ-

2107 2652 2383 2722 τωμάτων
2427 2650 2693 2705 ἐπιτελεῖν
2730 2651 2966 2722 οἰόμενοι
2991 2691 3005 2715 ,
3050 2652 3142 2705 κα)⁵
3178 2650 3408 2715 ταύταις
3460 2654 3593 2714 ταῖς
3630 2669 3709 2703 τι-

2113 2746 2242 2815 μαῖς
2288 2744 2450 2798 αὐτὸν
2494 2744 2806 2815 γεραίρειν,
2853 2744 3007 2798 οὐδέν
3055 2762 3144 2815 μοι
3178 2742 3394 2797 δοκοῦσι
3419 2742 3708 2814 διαφέρειν

2084 2835 2218 2889 ,τῶν
2264 2838 2346 2900 εἰς
2370 2836 2438 2889 τά
2478 2836 2637 2906 κωφά
2660 2835 2771 2907 (52)
2805 2837 2907 2908 τὴν
2937 2838 3109 2910 αὐτὴν
3148 2836 3709 2907 ὲνδεικνυμένοῑςφε·

2110 2930 2395 3001 λοτιμίαν,
2434 2929 2543 2984 τῶν
2600 2929 2673 3001 μὴ
2722 2930 3038 3002 δυναμένων
3079 2930 3179 3000 τῆς
3204 2928 3373 3001 τιμῆς
3421 2928 3707 2999 μεταλαμ-

430 3028 501 3083 ab
537 3027 605 3084 iis
631 3027 727 3099 qui
775 3042 945 3083 sensu
982 3027 1224 3082 carentia
1264 3027 1456 3081 eodem
1501 3028 1712 3083 honore
1762 3028 2008 3085 studiose

2130 3022 2321 3086 idvstv,
2347 3022 2408 3076 τὸ
2446 3023 2503 3077 δὲ
2540 3022 2718 3077 δοκεῖν
2748 3020 2860 3095 (55)
2902 3020 3024 3077 τινὰ
3068 3021 3332 3094 παρέχειν
3365 3020 3448 3093 τῷ
3476 3021 3707 3093 μηδενὸς

428 3134 879 3197 prosequuntur,
912 3140 1036 3196 quae
1074 3124 1355 3195 percipere
1409 3126 1675 3181 honorem
1713 3126 1860 3185 hunc
1901 3136 2008 3178 non

429 3228 680 3291 possunt.

2117 3114 2515 3187 προσδεομένῳ.

894 3357 1027 3413 CAP.
1062 3356 1149 3411 IV.
1182 3357 1386 3415 Caetera
1409 3357 1724 3415 Juda'orum
1753 3360 2005 3416 instituta
2045 3377 2148 3417 non
2180 3362 2392 3433 aptiora
2420 3362 2490 3417 ad
2522 3360 2693 3419 Deum
2724 3361 3003 3419 colendum
3030 3361 3243 3417 evincit.

503 3513 573 3571 At
597 3528 793 3571 eorum
826 3515 974 3571 circa
1010 3515 1164 3571 cibos
1206 3516 1593 3574 meticulosam
1644 3516 1959 3576 cautionem
1984 3558 2004 3586 ,

432 3615 488 3661 et
516 3608 966 3679 superstitionem
999 3608 1145 3664 circa
1178 3609 1415 3665 Sabbata
1436 3650 1452 3676 ,
1497 3620 1551 3666 et
1592 3610 1915 3681 iactantiam
1940 3611 2011 3666 de

433 3700 876 3768 circumcisione,
925 3711 978 3757 et
1026 3718 1150 3772 quae
1198 3704 1267 3759 de
1318 3704 1534 3775 jejunio
1584 3720 1648 3760 ac
1707 3704 2009 3760 noviluniis

433 3794 733 3859 simulant,
785 3809 908 3865 quas
955 3795 1193 3851 ridicula
1247 3807 1377 3853 sunt
1428 3805 1482 3853 et
1523 3798 1700 3854 relatu
1748 3795 2009 3867 indigna,

436 3895 489 3939 te
535 3900 566 3939 a
608 3901 696 3941 me
753 3885 965 3942 discere
1012 3902 1239 3943 necesse
1299 3888 1502 3943 habere
1562 3889 1821 3943 arbitror.
1872 3886 2011 3943 Nam

431 3992 621 4033 eorum
643 3994 765 4049 qua:
795 3994 828 4034 a
862 3978 971 4034 Deo
1004 3979 1057 4034 in
1106 3996 1267 4036 usum
1305 3980 1591 4035 hominum
1630 3991 1815 4037 creata
1852 3988 2014 4047 sunt,

432 4071 538 4129 alia
576 4071 795 4142 quidem
844 4079 1104 4143 tanquam
1154 4083 1299 4128 recte
1344 4082 1526 4129 creata
1554 4072 1875 4140 admittere;
1908 4073 2016 4128 alia

434 4178 566 4217 vero
612 4171 671 4217 ut
712 4164 923 4218 inutilia
956 4173 1010 4220 et
1036 4180 1488 4235 Esupervacanea,
1540 4181 1828 4231 recusare,
1871 4180 2014 4233 quo-

434 4257 599 4311 mndo
631 4254 719 4313 fas
742 4265 827 4313 est
848 4258 872 4311 ?
891 4256 967 4312 De
988 4257 1099 4313 Deo
1124 4267 1305 4314 autem
1347 4258 1455 4313 hoc
1483 4258 1732 4325 mentiri,
1768 4273 1894 4314 eum
1924 4273 2017 4314 ve-

434 4357 553 4405 tare
579 4348 786 4419 aliquid
816 4350 961 4419 quod
993 4349 1283 4407 honestum
1329 4352 1401 4405 sit
1429 4349 1609 4406 facere
1633 4349 1721 4406 die
1758 4348 2014 4415 Sabbati,

436 4441 714 4512 quomodo
745 4442 975 4512 impium
1012 4456 1123 4497 non
1172 4442 1281 4498 sit?
1317 4442 1428 4512 jam
1463 4458 1595 4498 vero
1652 4452 1707 4498 et
1731 4443 1799 4497 de
1827 4442 2014 4499 carnis

2200 3516 2360 3573 Ἀλλά
2405 3519 2512 3593 μὴν
2552 3520 2679 3592 τόγε
2728 3519 2857 3592 περ),
2899 3518 3001 3583 τὰς
3041 3516 3272 3590 βρώσεις
3321 3516 3509 3574 αὐτῶν
3537 3517 3704 3589 ψοφο-

2116 3611 2267 3677 δεὲς,
2321 3615 2415 3668 καὶ
2466 3613 2563 3686 τὴν
2616 3613 2745 3685 περὶ
2806 3610 2881 3671 τὰ
2928 3611 3181 3666 Σάϐϐατα
3236 3610 3700 3683 δεισιδαιμονίαν,

2117 3707 2213 3761 καὶ
2253 3708 2355 3780 τὴν
2385 3707 2485 3777 τῆς
2536 3706 2839 3778 περιτομῆς
2893 3705 3005 3776 (54)
3052 3703 3413 3771 ἀλαζονείαν,
3454 3707 3555 3759 καὶ
3606 3709 3703 3781 τὴν

2116 3796 2218 3867 τῆς
2245 3797 2499 3867 νηστείας
2526 3798 2620 3852 καὶ
2664 3796 2961 3869 νουμηνίας
2992 3796 3292 3869 εἰρωνείαν,
3315 3798 3704 3867 καταγέλαστα

2117 3890 2215 3944 καὶ
2255 3890 2405 3943 οὐδὲν
2427 3889 2553 3957 ἀξια
2600 3890 2762 3959 λόγου
2788 3930 2803 3955 ,
2830 3889 3036 3962 νομίζω
3078 3906 3139 3942 σε
3157 3888 3379 3961 χρῄζειν
3410 3894 3547 3963 παρ’
3570 3892 3701 3963 ἐμοῦ

2114 3980 2332 4052 μαθεῖν.
2380 3980 2454 4033 Τό
2504 3997 2565 4033 τε
2622 3979 2733 4052 γὰρ
2781 3980 2888 4033 τῶν
2947 3980 3053 4035 ὑπὸ
3094 3980 3190 4034 τοῦ
3258 3980 3394 4034 Θεοῦ
3455 3983 3705 4036 κτισθέν-

2113 4090 2223 4127 των
2266 4075 2346 4138 είς
2397 4073 2589 4145 χρῆσιν
2633 4070 2973 4143 ἀνθρώπιον,
3022 4072 3059 4127 ἃ.
3111 4074 3208 4145 μὲν
3238 4073 3313 4137 ὡς
3365 4074 3552 4139 καλῶς
3590 4093 3702 4129 κτι-

2114 4166 2310 4222 σθέντα
2359 4165 2795 4238 παραδέχεσθαι,
2845 4165 2881 4221 ἃ
2929 4166 3000 4231 δ’,
3043 4166 3120 4231 ὡς
3165 4167 3417 4238 ἀχρηστα
3472 4168 3569 4221 καὶ
3611 4186 3703 4221 πε-

2113 4257 2313 4331 ρισσά,
2358 4256 2774 4329 παραιτεῖσθαι,
2820 4257 2940 4322 πῶς
2975 4259 3035 4311 οὐ
3082 4257 3241 4329 θέμις
3288 4258 3399 4330 (55)
3443 4260 3603 4325 toti;
3633 4260 3703 4313 Τὸ

2110 4350 2167 4403 δὲ
2214 4348 2644 4420 καταψεύδεσθαι
2684 4349 2819 4406 Θεοῦ
2845 4389 2861 4414 ,
2905 4350 2982 4414 ὡς
3035 4349 3341 4414 κωλύοντος
3389 4352 3451 4403 ὲν
3597 4351 3700 4404 τῶν

2114 4442 2406 4497 Σαϐϐἀτων
2451 4441 2640 4513 ἡμέρᾳ⁸
2680 4440 2843 4495 καλόν
2886 4458 2939 4494 τι
2989 4444 3205 4505 ποιεῖν,
3250 4441 3370 4506 πῶς
3417 4444 3525 4496 οὐκ
3575 4445 3700 4496 ἀσε-

437 4535 853 4603 imminutione,
876 4542 1135 4605 tanquam
1172 4535 1455 4591 electionis
1496 4535 1873 4593 testimonium
1903 4534 2008 4603 sit,

2130 4534 2247 4601 Ξέςς
2291 4533 2353 4589 τὸ
2393 4534 2451 4588 δὲ
2490 4535 2586 4589 καὶ
2625 4533 2725 4606 τὴν
2781 4533 3007 4606 μείωσιν
3068 4534 3168 4605 τῆς
3232 4534 3439 4605 σαρκὸς
3493 4535 3698 4607 μαρτύ-

515 4697 630 4770 (49)
666 4699 897 4770 Παῑείω.Δ
922 4694 1076 4770 Hanc
1107 4694 1481 4770 vocemad‘dit
1511 4693 1745 4770 _Beureri
1775 4709 2011 4770 apogra-

437 4766 631 4841 phum,
675 4769 861 4838 sicque
887 4767 1174 4841 legendum
1209 4768 1347 4841 vidit
1378 4766 1685 4841 Stephanus
1720 4781 1786 4820 ex
1815 4766 2011 4820 litteris

437 4837 480 4893 ῖπ
511 4850 564 4894 ct
595 4839 646 4902 λ,
680 4837 918 4909 quarum
949 4838 1176 4909 vestigia
1211 4837 1266 4891 in
1308 4838 1433 4892 cod.
1477 4851 1631 4909 mss._
1668 4844 2011 4909 supererant.

511 4909 625 4979 (50)
660 4906 927 4979 Φρονεῖν.
969 4906 1112 4963 Post
1146 4909 1287 4962 hanc
1319 4922 1506 4962 vocem
1562 4906 1769 4977 aliquid
1819 4908 2012 4963 deesse

436 4978 718 5036 existimat
744 4978 1076 5048 Stephanus,
1100 4978 1186 5032 vel
1214 4980 1443 5046 ﬁguram
1473 4992 1596 5032 esse
1628 4993 1752 5046 quae
1785 4987 2015 5048 vocatur

436 5050 813 5129 ἀνταπόδοτοχ.
840 5046 1217 5129 :Sﬂburgius
1256 5050 1579 5129 addendum
1632 5057 1786 5129 putat
1838 5046 2014 5129 ορθῷς

439 5066 813 5130 ανταποοοτον.
873 5066 1194 5174 δχιομτέιυε
1256 5066 1579 5130 auuenuum.
1632 5066 1786 5129 putat
1838 5066 2010 5118 ορυως

439 5137 721 5193 φρονουσι.
756 5120 861 5193 Sed
897 5120 1036 5193 nihil
1105 5118 1503 5193 esiderabimus
1534 5134 1583 5193 st
1640 5118 1772 5193 illud
1804 5118 1857 5170 εί
1908 5118 2010 5193 μέν

438 5189 633 5247 eodem
669 5190 833 5245 modo
867 5190 1224 5259 accipiamus,
1257 5205 1323 5244 ac
1364 5191 1414 5242 el.
1450 5190 1571 5251 καί,
1594 5190 1713 5253 etsi,
1747 5189 2009 5258 quamvis,

441 5272 503 5317 ut
539 5264 595 5317 in
653 5261 1104 5329 interpretatione
1136 5260 1571 5314 emendavimus.
1614 5259 1863 5329 Similem
1912 5259 2011 5317 ba-

439 5332 637 5388 bemus
677 5328 971 5385 verborum
1029 5330 1493 5399 constructionem
1531 5329 1687 5383 initio
1728 5328 2011 5399 Apologia

440 5403 630 5473 prima!
684 5400 919 5473 Justini1
964 5398 1174 5473 ibidem
1194 5415 1327 5473 _pro
1368 5403 1448 5463 είς
1487 5399 1623 5473 Θεδν
1650 5400 1748 5473 ἕνα
1780 5398 2011 5473 malum

442 5469 761 5555 Stephanus
798 5480 853 5555 et
887 5470 1038 5543 Sylb.
1073 5474 1143 5526 εί.
1188 5469 1292 5528 sed
1321 5473 1537 5543 φρονεῖν
1572 5472 1676 5526 hoc
1712 5472 1833 5527 loco
1866 5469 2009 5525 idem

439 5554 526 5599 est
553 5560 618 5597 ac
654 5554 949 5597 πιστεύειν.

511 5615 623 5683 (51)
661 5614 879 5683 Εὶκόςη
899 5612 1209 5683 Legendum
1230 5620 1419 5668 censet
1443 5611 1754 5682 Stephanus
1772 5612 1847 5676 ὡς
1866 5611 2015 5677 εἰκός

448 5680 545 5761 vel
570 5680 805 5761 εἰκότως
852 5680 1054 5761 ibidem
1095 5683 1130 5753 ἢ
1164 5698 1265 5761 pr_o
1299 5684 1361 5737 οὐ
1419 5680 1708 5756 Iegeitdum
1762 5683 2004 5754 coniicit.

443 5755 547 5811 Sed
584 5756 699 5811 bzec
737 5755 958 5811 minime
971 5755 1298 5810 necessaria.
1479 5755 1490 5756 ’
1814 5770 1817 5775 ·

2187 4696 2301 4767 (52)
2337 4698 2443 4763 Εἰς
2466 4694 2753 4767 etiamsed.
2795 4693 2947 4767 Hanc
2991 4693 3445 4767 prepositionem
3494 4695 3696 4767 adden-

2115 4764 2241 4822 dam
2278 4764 2501 4821 monent
2536 4764 2870 4837 Stephanus.
2910 4764 3070 4820 Beur.
3108 4764 3175 4819 et
3219 4764 3481 4837 Sylburg.
3526 4766 3694 4823 Paulo

2117 4846 2243 4909 post
2289 4836 2645 4909 legendum,
2672 4845 2732 4891 ut
2778 4836 2943 4891 iidem
2990 4842 3234 4903 mouent,
3267 4836 3694 4909 ἐνδεικνυμένων

2117 4853 2242 4908 post
2290 4853 2336 4892 te
2377 4853 2619 4899 enaum,
2672 4857 2687 4888 ι

2117 4916 2171 4963 et
2191 4907 2261 4967 τά
2295 4853 2687 5031 μὶδυνάμενιιζ

2191 4978 2305 5031 (55)
2382 4978 2413 5031 ὀ
2442 4977 2510 5031 δὲ
2529 4977 2685 5031 δοκει

2191 4974 2306 5048 (55)
2345 4974 2413 5048 Τὸ
2442 4977 2510 5031 δὲ
2529 4974 2749 5031 δοκεῖν.
2769 4974 3017 5048 _Frustra
3063 4974 3165 5048 hic,
3200 4975 3463 5033 lacunam
3515 4979 3690 5047 suspi-

2118 5046 2314 5128 cantur
2330 5047 2730 5128 Stephanuset
2763 5046 3109 5128 Sylburgins.
3134 5046 3279 5128 Satis
3304 5057 3392 5128 est
3414 5048 3598 5128 legere
3616 5046 3691 5118 τῷ

2120 5118 2177 5172 δὲ
2205 5119 2403 5183 δοκεῖν,
2436 5116 2524 5172 vel
2588 5116 2882 5172 subaudire
2921 5116 3066 5171 κατά
3114 5127 3242 5172 ante
3308 5119 3428 5172 haec
3478 5116 3686 5182 verba,

2116 5204 2351 5258 quorum
2396 5189 2443 5243 is
2499 5196 2584 5242 est
2616 5203 2851 5245 sensus:
2880 5203 3035 5257 atque
3081 5187 3310 5258 stultum
3339 5204 3500 5250 esse,
3535 5191 3687 5243 rebus

2088 5326 2089 5329 η
2115 5257 2278 5315 Sensu
2315 5259 2628 5313 carentibus
2657 5258 2926 5313 sacrilieia
2954 5258 3172 5329 offerre,
3190 5267 3245 5312 et
3266 5257 3380 5329 Deo
3418 5260 3518 5329 qui
3549 5260 3686 5313 nulla

2115 5344 2175 5384 re
2204 5330 2429 5409 indiget,
2464 5338 2660 5409 putare
2688 5344 2746 5383 se
2775 5328 2981 5409 aliquid
3004 5328 3268 5409 [παίζει-εξ.
3299 5327 3422 5397 Ipse
3446 5327 3683 5409 Stepha-

2117 5415 2221 5455 nus
2255 5398 2586 5470 fa'tetur'legi
2616 5414 2777 5470 posse
2809 5398 2887 5469 τῷ
2918 5398 2974 5451 δὲ
3005 5398 3206 5463 δοκεῖν,
3232 5399 3349 5453 haec
3370 5400 3543 5454 verba
3564 5398 3684 5455 eon-

2112 5469 2532 5549 iungendgcum
2552 5469 3015 5549 pt-zecedentihys.

2190 5537 2305 5610 (54)
2343 5539 2461 5609 Τὴν
2504 5537 2616 5610 τῆς
2657 5537 3005 5610 περιτομῆς.)
3035 5538 3349 5609 Stephanus
3385 5540 3680 5596 addendum

2116 5609 2562 5684 existimatpws
2591 5610 2676 5684 vel
2704 5609 2924 5684 006532);
2954 5609 3081 5684 ἀξια
3102 5610 3270 5684 ⁵λόγου
3300 5610 3364 5662 οὺ
3386 5612 3626 5684 ,νομῑζωτ

2188 5682 2300 5751 (55)
2339 5681 2471 5749 Πῶς
2503 5682 2585 5755 οὐ,
2610 5679 2793 5752 θέμις.
2821 5678 2973 5738 Delct
3000 5682 3061 5736 οὺ
3098 5680 3283 5751 Steph.
3316 5680 3403 5737 vel
3433 5678 3682 5755 legith-

2120 5770 2292 5824 μιτον.
2660 5794 2665 5797 -
