3838 6218
149 343 300 411 1173

1240 355 1583 412 EPISTOLA
1624 356 1715 411 AD
1732 345 1736 349 ’
1752 356 2176 443 DIOCNETUM.

3296 336 3433 415 117i

148 482 276 536 ριον
320 465 431 540 (56)
473 465 702 539 ἐκλογῆς
729 462 1184 531 ἀλαζονεύεσθαι,
1212 466 1287 532 ὡς
1312 466 1400 522 διὰ
1422 467 1579 537 τοῦτο
1601 468 1750 535 ὲξαι-
1780 506 1791 531 λ

1856 462 2185 537 gloriari,'et
2217 479 2476 539 tanquam
2499 482 2620 523 eam
2655 467 2725 523 ob
2759 483 2873 523 rem
2900 466 3045 523 Deus
3075 468 3277 525 eximio
3311 472 3436 525 illos

150 557 331 628 ρέτως
359 558 748 630 ἠγαπημένους
779 556 884 611 ὑπὸ
906 556 1065 621 Θεοῦ,
1103 556 1221 621 πῶς
1243 560 1302 611 ού
1332 558 1530 630 χλεύης
1559 559 1746 627 ἄξιον;

143 649 219 703 τὸ
246 650 303 704 δὲ
331 650 762 722 παρεδρεύοντας
785 653 984 716 αὐτοὺς
1023 654 1245 725 ἄστροις
1276 652 1370 707 καὶ
1398 653 1600 725 σελήνῃ
1643 671 1747 706 πα-

148 742 464 813 ρατήρησιν
514 740 625 794 τῶν
672 742 857 815 μηνῶν
907 743 1019 815 (57)
1043 744 1139 798 καὶ
1170 744 1280 797 τῶν
1328 744 1550 817 ἡμερῶν
1580 748 1747 799 ποιεῖν·

147 831 305 897 σθαι,
332 833 428 885 καὶ
470 833 570 896 τὰς
605 835 918 907 οἰκονομίας
962 834 1097 889 Θεοῦ
1134 836 1229 889 καὶ
1269 835 1369 900 τὰς
1403 834 1510 889 τῶν
1535 836 1744 908 καιρῶν

144 923 400 992 ἀλλαγὰς
423 924 564 979 κατά
580 925 801 997 (58).....
832 928 969 1000 πρὸς
990 927 1090 993 τὰς
1109 927 1288 982 αὐτῶν
1310 928 1507 1000 ὁρμὰς,
1524 928 1591 992 ἃς
1620 929 1740 999 μὲν,

144 1015 237 1077 εἰς
289 1014 505 1087 ἑορτὰς,
550 1016 735 1085 ἀςδὲ,
782 1021 864 1083 είς
909 1019 1113 1091 πένθη’
1164 1020 1249 1084 τίς
1302 1020 1370 1075 ἂν
1418 1019 1743 1084 θεοσεϐείας

146 1108 251 1163 καὶ
277 1109 379 1161 ούκ
420 1109 732 1183 ἀφροσύνης
783 1113 919 1166 πολὺ
958 1113 1120 1181 πλέον
1165 1114 1431 1185 ἡγήσεται
1482 1112 1545 1167 τὸ
1604 1114 1745 1183 δεῖγ-

150 1214 273 1269 μα;
299 1200 397 1271 τῆς
424 1201 521 1271 μὲν
542 1197 636 1255 οὖν
675 1204 860 1274 κοινῆς
888 1204 1225 1276 είκαιὸτητος
1252 1205 1348 1257 καὶ
1372 1204 1608 1275 ἀπάτης,
1644 1207 1741 1260 καὶ

145 1287 256 1357 τῆς
303 1287 569 1343 Ἰουδαίων
605 1291 1136 1365 πολυπραγμοσύνης
1175 1294 1269 1346 καὶ
1299 1293 1616 1361 ἀλαζονείας
1659 1299 1741 1352 ὅτι

146 1377 335 1447 ὀρθῶς
378 1379 669 1452 ἀπέχονται
715 1385 1062 1456 Χριστιανοὶ,
1108 1385 1425 1456 ἀρκούντως
1481 1404 1540 1441 σε
1588 1391 1742 1461 νομί-

149 1469 237 1533 ζω
265 1471 661 1543 μεμαθηκέναι.
690 1475 763 1528 Τὸ
804 1476 861 1530 δὲ
888 1477 988 1549 τῆς
1030 1478 1165 1542 ἰδίας
1187 1477 1386 1547 ζαύτῶν
1432 1480 1744 1548 θεοσεϐείας

151 1565 458 1636 μυστήριον
491 1566 567 1638 μὴ
613 1568 993 1643 προσδοκήσῃς
1037 1568 1296 1625 δύνασθαι
1335 1570 1491 1642 παρὰ
1529 1573 1742 1647 ἀνθρώ-

148 1673 267 1710 που
294 1657 507 1729 μαθεῖν.

1850 575 2036 615 amore
2087 569 2473 630 prosequatur,
2516 558 2797 630 quomodo
2851 559 3280 616 subsanuatione
3323 578 3432 617 non

1850 651 1923 705 sit
1953 651 2228 722 dignum?
2268 649 2577 717 Quinetiam
2633 666 2750 717 eos,
2797 650 3102 719 (tanquam)
3131 651 3433 708 assidentes

1847 744 2012 800 astris
2047 752 2101 798 et
2129 745 2292 810 lunae,
2322 742 2695 797 observationi
2726 742 3000 797 mensium
3022 751 3076 796 et
3098 741 3313 797 dierum
3338 744 3434 798 de-

1845 835 1990 891 ditos
2021 850 2176 902 esse,
2211 842 2266 889 et
2295 833 2390 889 Dei
2418 832 2769 899 .oeconomias
2806 848 2871 887 ac
2895 840 3278 902 tempestatum
3306 848 3431 887 mu-

1842 930 2074 984 tationes
2096 929 2162 984 ad
2179 943 2241 983 ea
2264 927 2681 983 accommodare
2702 926 2769 980 ad
2786 940 2908 996 quae
2927 933 3139 981 mentes
3168 941 3281 981 suae
3307 941 3433 995 pro-

1839 1037 2023 1093 pensa:
2059 1021 2188 1087 sint,
2215 1020 2352 1075 alias
2382 1018 2602 1089 quidem
2637 1019 2703 1073 ad
2751 1016 2923 1073 festos
2965 1017 3105 1084 dies,
3139 1018 3275 1074 alias
3301 1033 3432 1073 vero

1840 1113 1907 1168 ad
1938 1114 2153 1179 luctus;
2180 1112 2305 1182 quis
2333 1111 2503 1166 divini
2529 1111 2709 1165 cultus
2733 1118 2787 1165 et
2816 1124 2924 1163 non
2949 1108 3237 1163 dementia:
3258 1109 3431 1164 multo

1840 1206 2016 1276 magis
2065 1204 2328 1260 indicium
2375 1202 2751 1258 existimabit?
2790 1200 3084 1256 Communi
3137 1200 3306 1272 igitur
3334 1216 3431 1254 va-

1844 1299 2015 1353 nitate
2037 1306 2091 1352 et
2120 1297 2449 1368 impostura,
2479 1305 2533 1351 et
2552 1294 2869 1350 Judasorum
2903 1294 3223 1350 curiositate
3268 1301 3433 1363 atque

1841 1390 2126 1463 jactantia,
2152 1388 2636 1460 jureChristianos
2665 1387 2972 1453 abstinere,
3008 1394 3059 1440 te
3095 1385 3314 1441 abunde
3342 1385 3430 1440 di-

1845 1485 2048 1542 dicisse
2073 1481 2353 1539 existimo.
2395 1480 2499 1536 Sed
2532 1479 2703 1535 divini
2732 1480 2912 1535 cultus
2934 1480 3040 1535 illis
3078 1480 3286 1550 proprii
3310 1496 3429 1552 my-

1846 1577 2076 1637 sterium
2102 1590 2171 1631 ne
2201 1582 2253 1631 te
2278 1574 2348 1630 ab
2381 1572 2606 1630 homine
2642 1572 2756 1629 ullo
2786 1572 2972 1628 doceri
3022 1587 3185 1643 posse
3221 1587 3425 1643 speres.

1072 1820 1205 1877 Cap.
1260 1820 1320 1876 V.
1356 1820 1784 1878 Christianorum
1826 1837 1996 1878 mores
2028 1821 2273 1893 graphice
2302 1820 2559 1892 depingit.

225 1971 541 2042 Χριστιανοὶ
584 1974 695 2047 γὰρ
735 1974 858 2030 οὔτε
894 1978 965 2051 γῇ
992 2018 1007 2043 ,
1037 1977 1162 2033 οὔτε
1209 1983 1385 2053 φωνῇ,
1433 1981 1560 2036 οὔτε
1593 1982 1741 2037 ἔθεσι
1774 1988 1791 2048 1

1914 1980 2211 2037 Christiani
2243 1980 2391 2036 enim
2429 1995 2609 2051 neque
2635 1978 2888 2050 regione,
2920 1992 3099 2048 neque
3129 1992 3417 2045 sermone,

146 2065 560 2138 διακεκριμένοι
584 2067 694 2121 τῶν
720 2067 923 2123 λοιπῶν
961 2071 1101 2124 εἰσιν
1124 2070 1448 2142 ἀνθρώπων.
1476 2072 1611 2127 Οὔτε
1633 2074 1744 2147 γάρ

147 2174 260 2211 που
309 2158 492 2222 πόλεις
540 2158 677 2223 ἰδίας
716 2160 1100 2227 κατοικοῦσιν,
1150 2161 1279 2215 οὔτε
1349 2163 1615 2236 διαλέκτῳ
1660 2183 1744 2219 τι-

145 2251 207 2304 νὶ
249 2249 677 2325 παρηλλαγμένῃ
736 2251 971 2322 χρῶνται
996 2296 1013 2321 ,
1072 2253 1197 2308 οὔτε
1254 2254 1369 2326 βίον
1417 2257 1745 2330 παράσημον

145 2341 446 2397 ἀσκοῦσινο
499 2343 559 2396 ού
611 2344 722 2414 μὴν
787 2344 1004 2417 ἐπινοίᾳ
1041 2346 1150 2400 τινὶ
1210 2347 1305 2401 καὶ
1354 2350 1596 2421 φροντίδι
1650 2369 1745 2404 πο-

144 2434 560 2506 λυπραγμόνων
606 2434 913 2508 ἀνθρώπων
955 2437 1239 2510 μαθήματι
1281 2438 1393 2512 (59)
1436 2440 1583 2496 τοῦτ’
1631 2442 1743 2516 (60)

141 2528 339 2591 αὐτοῖς
373 2529 527 2581 ἐστιν
566 2528 890 2600 εἰρημένονσ
923 2530 1047 2584 οὐδὲ
1088 2530 1359 2602 δόγματος
1401 2534 1743 2606 ἀνθρωπίνου

143 2620 523 2690 προεστᾶσιν,
589 2619 779 2694 ὥσπερ
841 2621 1009 2677 ἔνιοι·
1088 2626 1473 2692 κατοικοῦντες
1537 2628 1596 2681 δὲ
1646 2629 1745 2683 πό-

142 2710 266 2775 λεις
326 2712 638 2785 Ἑλληνίδας
681 2732 743 2768 τε
813 2715 909 2769 καὶ
981 2715 1331 2790 βαρϐάρους,
1378 2720 1455 2784 ὡς
1515 2720 1745 2787 ἕκαστος

143 2803 463 2876 ἐκληρώθη,
504 2806 597 2859 καὶ
646 2807 708 2861 ὲν
748 2810 863 2871 τοῖς
905 2805 1018 2879 (61)
1064 2809 1355 2883 ἐγχωρίοις
1398 2811 1577 2866 ἔθεσιν
1615 2814 1746 2867 ἀκο-

142 2895 471 2961 λουθοῦντες
516 2896 575 2951 ἐν
610 2915 669 2953 τε
710 2899 898 2971 ὲσθῆτι
944 2899 1040 2952 καὶ
1071 2899 1252 2976 διαίτῃ
1301 2904 1397 2957 καὶ
1448 2904 1526 2976 τῷ
1573 2905 1745 2978 λοιπῷ

148 2985 257 3058 βίῳ
282 3026 298 3050 ,
332 2986 650 3061 θαυμαστὴν
680 2989 776 3044 καὶ
821 2992 1273 3066 ὁμολογουμένως
1314 2995 1615 3070 παράδοξον
1661 3000 1747 3053 ὲν-

143 3079 460 3133 δείκνυνται
503 3080 605 3151 τὴν
650 3082 988 3140 κατάστασιν
1043 3086 1145 3157 τῆς
1185 3087 1392 3143 ἑαυτῶν
1446 3088 1739 3154 πολιτείας.

146 3170 426 3241 Πατρίδας
467 3172 708 3228 οἰκοῦσιν
764 3174 919 3239 ἰδίας,
973 3174 1089 3230 ἀλλ’
1139 3177 1216 3240 ὼς
1272 3176 1552 3248 πάροικοι·
1621 3195 1746 3249 μετ-

145 3261 339 3331 έχουσι
399 3261 640 3328 πάντων,
698 3264 775 3328 ὼς
849 3266 1067 3322 πολῖται
1092 3306 1108 3333 ,
1163 3268 1261 3321 κα)¹
1306 3268 1466 3323 πάνθ’
1530 3270 1739 3341 ὑπομέ-

1846 2086 2025 2142 neque
2058 2072 2296 2142 politicis
2330 2072 2448 2126 vita:
2497 2071 2764 2127 institutis
2796 2086 2827 2126 a
2857 2070 3069 2126 caeteris
3113 2070 3431 2125 hominibus

1847 2173 1977 2219 sunt
2008 2164 2273 2220 distincti.
2323 2162 2461 2218 Nam
2501 2179 2680 2234 neque
2712 2163 2969 2234 proprias
2995 2163 3247 2218 civitates
3278 2163 3433 2217 inro-

1846 2254 1997 2320 lunt-,
2041 2268 2219 2323 neque
2270 2266 2525 2308 sermone
2565 2260 2802 2307 utuntur
2827 2254 2920 2323 qui
2946 2253 3015 2307 ab
3056 2252 3289 2307 aliorum
3318 2268 3433 2307 ser-

1845 2361 2009 2401 mone
2032 2345 2267 2411 diﬂ‘erat,
2295 2359 2474 2415 neque
2506 2346 2630 2400 vitae
2671 2360 2846 2416 genus
2877 2344 3080 2400 habent
3101 2344 3249 2414 quod
3281 2344 3350 2400 de
3374 2360 3433 2398 re

1846 2439 2030 2508 aliqua
2073 2439 2177 2495 sibi
2208 2438 2475 2508 peculiari
2508 2439 2580 2494 sit
2609 2439 2893 2505 notabile;
2928 2453 3107 2508 neque
3142 2437 3352 2508 aliquid
3398 2453 3432 2493 τι

1846 2532 2081 2588 curiosis
2124 2532 2444 2587 hominibus
2482 2533 2851 2603 excogitatum
2881 2542 3195 2602 proponunt
3218 2531 3322 2587 sibi
3349 2531 3432 2586 di-

1845 2624 2151 2680 scendum:
2206 2637 2387 2692 neque
2415 2622 2578 2677 alicui
2621 2621 2859 2693 dogmati
2905 2622 3148 2676 humano
3189 2620 3435 2691 patroci-

1846 2726 2070 2785 nantur,
2106 2716 2249 2773 sicut
2272 2716 2519 2770 nonnulli
2553 2734 2566 2769 :
2600 2716 2695 2770 sed
2725 2714 3025 2770 incolentes
3054 2714 3254 2783 partim
3283 2712 3433 2769 Gras-

1846 2826 1959 2878 cas,
1995 2810 2479 2881 partim-barbaras
2510 2808 2780 2873 civitates,
2814 2815 2978 2877 prout
3012 2805 3283 2875 cujusque
3310 2821 3431 2861 sors

1844 2904 1990 2969 tulit,
2023 2911 2079 2957 et
2103 2901 2486 2973 indigenarum
2528 2901 2775 2956 instituta
2820 2906 3113 2968 sequentes
3147 2897 3202 2952 in
3231 2898 3431 2954 vestitu

1844 2995 2135 3064 victuque,
2162 3002 2219 3051 et
2239 2994 2451 3049 czeteris
2482 3008 2606 3064 qua:
2632 2992 2697 3047 ad
2731 2992 2904 3046 vitam
2934 2989 3232 3061 pertinent,
3266 2989 3433 3045 mira—

1844 3087 2025 3142 hilem-
2043 3096 2096 3142 et
2125 3086 2272 3141 haud
2318 3085 2485 3141 dubie
2524 3083 2900 3140 incredibilem
2934 3098 3050 3137 suae
3082 3082 3285 3152 politiae
3321 3090 3434 3136 sta-

1846 3187 1962 3234 tum
2001 3180 2179 3236 oculis
2204 3178 2410 3233 nostris
2442 3185 2776 3247 proponunt.
2809 3175 3025 3231 Patrias
3052 3175 3306 3245 proprias
3330 3175 3432 3229 ha-

1847 3272 2062 3339 bitant;
2117 3272 2212 3326 sed
2259 3280 2521 3342 tanquam
2575 3269 2853 3340 inquilini.
2896 3268 3094 3324 Omnia
3141 3283 3268 3323 cum
3296 3268 3433 3337 galiis

145 3369 339 3406 νουσιν
393 3353 470 3417 ὡς
530 3353 690 3420 ξένοι.
741 3357 900 3411 Πᾶσα
983 3357 1151 3430 ξένη,
1194 3360 1397 3432 πατρίς
1445 3362 1592 3415 ἐστιν
1645 3359 1791 3419 αύ-(

1849 3365 2163 3421 communia
2220 3363 2444 3431 habent,
2495 3371 2757 3432 tanquam
2797 3362 2943 3418 cives
2973 3379 2989 3429 ;
3017 3369 3071 3417 et
3121 3361 3308 3416 omnia
3335 3376 3434 3431 pa-

146 3443 293 3497 τῶνο
344 3446 438 3499 καὶ
476 3447 627 3501 πᾶσα
672 3440 911 3521 πατρὶς,
962 3448 1110 3523 ξένη.
1162 3451 1436 3523 Γαμοῦσιν
1488 3452 1564 3518 ὡς
1609 3453 1744 3516 πάν-

145 3552 279 3600 τεςο
322 3539 731 3608 τεκνογονοῦσιν
757 3580 772 3604 ,
838 3541 952 3596 ἀλλ’
998 3542 1058 3602 ού
1116 3544 1365 3614 ῥίπτουσι
1414 3544 1484 3599 τά
1543 3547 1745 3616 γεννώ-

151 3644 313 3715 μεναι
344 3629 846 3705 Τράπεζανκοινὴν
890 3634 1308 3705 παρατίθενται,
1365 3637 1479 3691 ἀλλ’
1503 3637 1737 3711 (62).....

148 3718 360 3790 κοινήν.
425 3721 513 3774 Ἐν
585 3723 753 3795 σαρκ)⁸
819 3724 1216 3795 τυγχάνουσιν,
1277 3727 1394 3781 ἀλλ’
1460 3728 1522 3782 ού
1594 3729 1737 3784 κατὰ

149 3809 337 3881 σάρκα
381 3810 567 3878 ζῶσιν.
608 3814 733 3869 Ἐπὶ
786 3817 889 3889 γῆς
941 3816 1340 3891 διατρίϐουσιν,
1390 3820 1506 3876 ἀλλ’
1550 3824 1609 3879 ὲν
1649 3824 1741 3877 ού·-

153 3901 306 3974 ρανῷ
364 3904 751 3961 πολιτεύονται.
801 3907 1085 3963 Πείθονται
1147 3912 1259 3973 τοῖς
1286 3910 1613 3984 ὡρισμένοις
1656 3916 1742 3968 νό-

152 4012 320 4067 μοις,
387 3998 483 4053 καὶ
550 4002 665 4064 τοῖς
738 3999 889 4065 ίδίοις
934 4000 1069 4072 βύοις
1110 4002 1301 4057 νικῶσι
1346 4006 1473 4069 τοὺς
1520 4006 1740 4077 νόμους.

164 4090 451 4159 Ἀγαπῶσι
502 4094 715 4159 πάντας
737 4134 754 4161 ,
824 4095 922 4149 καὶ
973 4095 1081 4150 ὑπὸ
1149 4098 1368 4153 πάντων
1432 4099 1739 4159 διώκονται.
1784 4168 1798 4176 _

163 4184 511 4254 Ἀγνοοῦνται
533 4226 548 4253 ,
585 4186 681 4240 καὶ
738 4187 1177 4260 κατακρίνονται.
1204 4189 1603 4259 Θανατοῦνται,
1646 4195 1742 4248 καὶ
1780 4182 1796 4214 θ

149 4271 542 4338 ξωοποιοῦνται
561 4294 574 4307 ·
602 4277 943 4348 πτωχεύουσι
971 4276 1103 4351 (65),
1130 4280 1223 4335 καὶ
1240 4279 1590 4345 ,πλουτίζουσι
1621 4284 1744 4338 πολ-

149 4366 307 4431 λούς.
354 4368 587 4426 Πάντων
647 4369 1041 4442 ὑστεροῦνται,
1097 4371 1191 4425 καὶ
1246 4372 1305 4424 ὲν
1349 4374 1486 4427 πᾶσι
1542 4390 1737 4446 περισ-

1848 3458 2081 3524 tiuntur,
2108 3465 2367 3526 tanquam
2402 3455 2697 3526 peregrini.
2717 3452 2909 3510 Omnis
2934 3452 3226 3526 peregrina
3256 3453 3430 3523 regio,

1847 3548 2029 3619 patria
2047 3556 2129 3605 est
2158 3562 2386 3617 eorum;
2415 3556 2471 3603 et
2516 3547 2698 3602 omnis
2742 3547 2917 3617 patria
2938 3588 2953 3613 ,
2987 3554 3075 3602 est
3121 3545 3430 3616 peregrina.

1850 3639 2062 3697 Uxores
2102 3641 2329 3705 ducunt,
2383 3649 2454 3696 ut.
2498 3655 2711 3707 omnes,
2740 3649 2795 3695 et
2844 3639 3046 3695 liberos
3096 3644 3431 3709 procreant;

1849 3734 1944 3788 sed
1974 3748 2081 3788 non
2112 3733 2378 3803 abjiciunt
2411 3731 2578 3787 fetus.
2615 3730 2858 3787 Mensam
2887 3745 3236 3787 communem
3265 3744 3435 3800 appo-

1850 3830 2026 3888 nunt;
2064 3822 2292 3877 minime
2319 3838 2451 3879 vero
2481 3821 2681 3878 cubile.
2706 3821 2765 3875 ln
2797 3835 2969 3877 carne
3007 3829 3165 3888 sunt;
3198 3820 3293 3876 sed
3322 3834 3433 3874 non

1851 3912 2153 3968 secundum
2188 3928 2409 3968 carnem
2460 3912 2670 3967 vivunt.
2732 3910 2792 3966 In
2838 3920 2984 3967 terra
3034 3912 3306 3982 deguntﬁ
3338 3910 3434 3966 sed

1849 4006 1907 4060 in
1942 4006 2083 4062 ccelo
2108 4006 2355 4077 politiam
2382 4022 2540 4063 suam
2565 4006 2788 4062 habent.
2807 4003 3201 4075 Obsequuntur
3223 4003 3436 4072 legibus

1849 4109 1973 4165 quae
1994 4098 2217 4152 sancita:
2242 4106 2392 4165 sunt,
2423 4108 2476 4153 et
2505 4113 2607 4153 suo
2628 4098 2751 4152 vita:
2766 4111 2962 4167 genere
2981 4096 3129 4167 leges
3152 4104 3432 4166 superant.

1847 4184 2051 4241 Amant
2075 4203 2289 4257 omnes,
2319 4198 2374 4244 et
2398 4203 2608 4245 omnes.
2638 4188 2762 4244 illos
2814 4194 3238 4259 persequuntur.
3273 4185 3434 4256 Igno-

1846 4289 2039 4336 rantur
2060 4291 2114 4336 et
2136 4281 2575 4338 condemnantur
2603 4299 2619 4348 ;
2660 4290 2838 4336 morte
2881 4278 3189 4335 afﬁciuntur
3212 4288 3268 4335 et
3299 4280 3434 4334 vivi-

1844 4374 2099 4431 ﬁcantur.
2134 4373 2363 4431 Mendici
2385 4383 2532 4444 sunt,
2549 4384 2603 4431 et
2618 4374 2819 4430 multos
2842 4373 3036 4430 ditant.
3056 4371 3239 4430 Rebus
3264 4371 3435 4428 omni-

228 4545 346 4618 (56)
375 4547 731 4624 Μαρτύριοτς.
783 4547 986 4624 lucod.
1037 4565 1148 4624 ms.
1200 4556 1319 4605 erat
1362 4558 1577 4624 tantum
1605 4570 1744 4624 μαρ-
1774 4549 1820 4605 D
1847 4552 2364 4624 queinvcstigatione
2409 4553 2641 4621 quadam
2694 4562 2743 4608 et
2788 4553 3063 4606 hominum
3096 4552 3432 4624 curiosorum

145 4621 260 4691 τύρ
291 4658 305 4682 ,
342 4620 805 4692 quemadmodum
838 4620 1000 4675 etiam
1026 4620 1188 4692 paulo
1206 4622 1423 4691 ροδιχλ.
1447 4620 1747 4692 Utramque

151 4706 350 4814 vicem
402 4690 639 4760 explevit
690 4690 956 4762 Stephan.
1025 4690 1258 4761 legendo
1324 4690 1748 4765 μαρτύριον“οι

151 4781 183 4814 ν
254 4777 372 4814 unc.

147 4778 372 4824 γλευης.

646 4830 742 4887 Sic
767 4848 868 4903 pro
892 4849 932 4904 μ
951 4829 1289 4903 Stephanus,
1314 4832 1478 4891 Beur.
1510 4845 1565 4890 et
1592 4833 1744 4906 Sylb.

149 4917 313 4956 einen
359 4920 424 4955 an
457 4940 474 4955 .

146 4917 313 4959 em?"

228 4973 354 5045 (58)
378 4971 560 5045 Kurd:
593 4971 649 5027 In
691 4973 1009 5045 apographo
1045 4974 1270 5031 Beureri
1316 4984 1436 5030 erat
1470 4975 1749 5030 καταδιαι-

152 5048 306 5117 ρεῖνη
332 5042 486 5114 Legit
521 5042 1250 5117 διερὴξκαταρῥυθμίζειη
1285 5046 1367 5099 ὅτι
1401 5046 1649 5102 additum
1676 5062 1746 5102 ex

152 5114 441 5184 Stephano
476 5124 531 5168 et
564 5114 726 5169 Beur.
771 5114 1235 5171 Mox’Judaeorum
1270 5117 1568 5172 curiositas
1593 5117 1746 5171 intel-

150 5184 371 5256 ligenda
395 5193 481 5239 est
515 5203 527 5238 :
560 5184 843 5241 Curiosum
867 5188 1105 5240 studium
1132 5188 1284 5240 varia
1310 5188 1379 5240 ad
1396 5187 1495 5242 Dei
1517 5188 1740 5255 cultum,

148 5255 365 5325 qualem
387 5257 488 5328 sibi
516 5256 783 5325 ﬁngebant
822 5257 1141 5328 pertinentia
1172 5259 1454 5311 acervandi
1472 5274 1493 5324 ;
1522 5260 1602 5314 sic
1626 5259 1746 5327 ipse

149 5324 754 5411 expli‘caLSt’ephanus:

224 5397 340 5467 (59)
361 5397 707 5470 Madrig/ut.
742 5397 907 5453 Iidem
932 5406 1116 5470 tegunt
1139 5397 1371 5470 μάθημά
1394 5415 1470 5460 τι,
1495 5408 1548 5454 et
1574 5401 1742 5469 paulo

148 5476 279 5551 post
301 5468 621 5551 ἐὑρημένον
673 5484 773 5539 pro
794 5468 1150 5551 ,εἰρημένρνζ
1172 5468 1303 5551 Non
1326 5468 1592 5551 displicet:
1621 5472 1743 5551 Syl-

151 5538 353 5619 liurgio
388 5537 702 5619 ᾑρημένον)
748 5537 999 5619 _elect;u.in.
1044 5538 1369 5619 Legendum.
1393 5537 1737 5619 _crediderir_n

154 5608 401 5683 μάθημα
421 5608 600 5663 τοῦτο.
627 5609 761 5664 Illud
798 5610 1079 5683 μαθήματι
1109 5608 1293 5665 ortum
1321 5610 1535 5666 videtur
1570 5627 1636 5666 ex
1664 5613 1741 5667 si-

151 5680 275 5751 mili
298 5695 448 5751 Acasu
487 5694 683 5734 vocum
716 5680 1169 5751 prii-cedentium.

226 5748 342 5823 (760)
370 5751 685 5823 Μαθήματι
717 5748 914 5823 τοῦτ’.
958 5749 1212 5823 Legendo
1276 5751 1509 5823 μάθημα
1556 5751 1734 5823 τοῦτο,

359 4912 474 4957 ant.

152 5834 215 5877 ut
237 5821 532 5895 legendum
563 5822 774 5919 mopfui,
812 5821 893 5878 sic
923 5821 1233 5880 reddendus
1270 5821 1361 5881 hic
1396 5821 1549 5881 locus
1578 5841 1591 5879 :
1627 5822 1737 5881 Ne-

1854 4622 2211 4694 sollicitudine
2239 4625 2350 4677 haec
2389 4625 2676 4694 disciplina
2712 4628 2776 4677 ab
2816 4625 2892 4678 eis
2936 4629 3169 4678 inuenta.
3214 4622 3435 4685 Marum

1854 4694 1910 4749 in
1948 4693 2334 4749 Emendandis.

1922 4761 2183 4903 ἓϐιζςΕν
2205 4765 2350 4830 τοῖςιε
2387 4763 2540 4819 Delet
2568 4763 2833 4835 Stephan.
2871 4763 3337 4835 praepositionem.

1946 4834 2014 4890 62
2065 4832 2276 4892 AM”...
2316 4834 2629 4903 Stephanus
2666 4843 2721 4889 et
2767 4834 3039 4890 Beurerus
3077 4835 3263 4903 legunt
3316 4836 3337 4889 d

1946 4832 2276 4905 62)Ἀλλ’...
2316 4834 2629 4906 Stephanus
2658 4832 2721 4906 ret
2767 4832 3039 4906 Ben—rerus
3077 4835 3263 4906 legunt
3316 4834 3433 4889 ἀλλ’

1849 4904 2153 4978 οὐΐκοινήν,
2178 4906 2361 4978 Mallet
2418 4904 2885 4978 Sylhurgiusan‘
2917 4906 2978 4958 οὐ
3024 4904 3201 4978 πάντη
3247 4909 3433 4978 κοινήν

1848 4977 1935 5047 vel
1962 4974 2269 5041 ἀλλ”ὀσίως
2286 4974 2492 5047 κοινήν.
2516 4974 2845 5047 Sedl‘rigida
2878 4991 3107 5046 prorsus
3138 4974 3257 5029 hinc
3281 4974 3433 5044 ejus-

1848 5045 1974 5100 dem
2025 5048 2178 5103 vocis
2239 5045 2529 5116 repetitio,
2587 5056 2642 5101 et
2699 5045 2806 5100 hoc
2849 5045 3119 5116 perpolito
3165 5047 3434 5116 scriptore

1846 5132 2079 5187 prorsus
2114 5117 2357 5187 indigna.
2399 5118 2792 5183 Quamobrem,
2829 5119 2884 5171 ni
2925 5118 3107 5180 fallor,
3139 5116 3432 5187 legendum

1847 5185 1963 5258 ἀλλ’
1996 5188 2057 5239 ού
2088 5185 2276 5257 κοίτην
2305 5206 2317 5242 :
2353 5204 2588 5242 mensam
2621 5203 2947 5243 communem
2980 5185 3324 5258 apponintus,
3374 5196 3433 5241 at

1846 5256 2426 5329 cubilenequaquam.
2473 5258 2686 5324 Quibus
2738 5259 2923 5313 verbis
2983 5256 3039 5314 et
3088 5258 3311 5329 iniquos
3365 5263 3433 5329 de

1844 5326 2178 5384 Christianis
2210 5326 2466 5384 rumores
2501 5331 2737 5399 repellit,
2765 5337 2819 5383 et
2853 5337 3123 5399 quantum
3149 5328 3219 5381 ab
3250 5328 3433 5399 ethni;
3464 5354 3465 5357 η

1844 5412 2040 5452 eorum
2081 5400 2333 5454 moribus
2382 5396 2782 5468 discreparent,
2829 5396 3193 5454 demonstrat.
3250 5396 3430 5452 Simili

1844 5484 2073 5538 prorsus
2105 5470 2378 5525 sententia
2395 5469 2804 5526 Tertullianus:
2834 5470 3050 5535 Omnia,
3072 5468 3428 5538 inquitApol.

1844 5536 1935 5611 ‘59,
1960 5541 2252 5593 indiscreta
2278 5549 2401 5593 sunt
2445 5541 2586 5611 apud
2612 5558 2704 5596 nos
2744 5551 2937 5609 praeter
2984 5536 3198 5593 uxores.
3227 5536 3291 5611 In
3319 5536 3431 5611 ista

1842 5610 1957 5663 solo
1989 5612 2318 5692 consortium
2347 5608 2625 5679 solvimus,
2656 5613 2713 5665 in
2743 5608 2845 5683 quo
2893 5611 3009 5666 solo
3044 5612 3222 5666 caeteri
3258 5608 3433 5663 horni-

1843 5697 1932 5734 nes
1962 5692 2287 5736 consortium
2317 5692 2579 5738 exercent.

1916 5751 2033 5823 (65)
2060 5753 2480 5821 Πτωχεύουσι.
2509 5752 2701 5809 Dicere
2736 5752 2923 5808 malim
2957 5754 3024 5808 tle
3046 5753 3377 5810 Christianis
3413 5772 3425 5807 :

1842 5823 2113 5895 Pauperes
2167 5832 2291 5882 sunt
2334 5835 2383 5882 et
2431 5824 2624 5882 multos
2654 5826 2855 5894 ditant,
2886 5840 3071 5898 quam,
3112 5836 3172 5880 ut
3195 5825 3431 5883 reddidit
