3838 6218
428 330 569 386 H75
1576 332 1886 391 ANONYMI
1917 334 2058 392 VIRI
2100 332 2506 392 APOSTOLICI
2598 366 2603 372 ·
3567 340 3711 396 ιιπ

431 453 536 502 bus
565 444 829 516 indigent,
853 454 909 503 et
933 448 1125 505 omnia,
1156 448 1264 505 illis
1293 448 1623 508 redundant.
1671 451 2015 507 Dedecoran-

2147 448 2387 505 εύουσιν.
2467 449 2851 523 ’Δτιμοῦνται,
2919 456 3014 511 καὶ
3058 455 3119 509 έν
3160 456 3283 520 ταῖς
3319 454 3586 527 ἀτιμίαις
3631 457 3715 508 δο-

429 550 541 607 ιυτ,
558 549 613 595 et
642 541 783 595 inter
803 541 1067 597 dedecora
1092 543 1263 613 gloria
1286 542 1615 600 afﬁciuntur.
1636 544 1839 601 Eorum
1862 545 2008 601 fama

2148 541 2400 607 ἀζονταιο
2470 544 2916 616 βλασφημοῦνται
2941 586 2957 613 ,
3023 548 3117 602 καὶ
3172 548 3507 603 δικαιοῦνται
3540 566 3556 579 ο
3616 548 3720 601 λοι-

430 636 724 699 laceratur,
762 642 817 689 et
852 633 1083 704 justitiae
1124 650 1317 690 eorum
1348 636 1725 692 testimonium
1758 637 2009 708 perhibe—

2147 634 2415 708 οροῦνται,
2471 639 2567 693 καὶ
2614 639 2963 709 εὐλογοῦσιν·
3040 641 3385 714 ὑϐρίζονται,
3464 644 3583 697 καὶ
3639 660 3720 695 τι-

429 737 541 782 tur.
584 724 885 781 Maledictis
925 741 988 782 ac
1027 727 1292 783 conviciis
1338 727 1725 798 iucessuntur,
1764 738 1818 785 et
1842 729 2005 785 bonis

2147 728 2312 783 ιῶσιν.
2366 728 2847 799 ’Δγαθοποιοῦντες
2868 770 2883 794 ,
2916 730 2994 796 ὡς
3020 734 3181 787 κακοὶ
3217 733 3544 799 κολάζονται
3582 751 3597 764 ·
3638 751 3723 787 κω

426 816 611 872 verbis
642 827 1073 887 prosequuntur.
1104 814 1309 887 Iujuria
1348 818 1681 884 afﬁciuntur,
1715 830 1769 874 et
1799 820 2008 876 honore

2147 822 2396 892 αζόμενοι
2433 823 2744 894 χαίρουσιν,
2783 823 2862 887 ὡς
2899 822 3339 897 ξωοποιούμενοι.
3387 827 3533 880 Ὑπὸ
3602 826 3723 879 Ίω

427 916 853 980 prosequuntur.
882 906 1020 962 Cum
1052 924 1112 964 se
1151 920 1340 981 gerant
1375 920 1433 963 ut
1461 909 1663 980 probos
1686 910 1864 977 decet,
1888 921 2011 965 lan-

2147 914 2277 969 αίων
2302 915 2378 979 ὡς
2421 914 2710 987 ἀλλόφυλοι
2740 915 3124 987 πολεμοῦνται,
3156 919 3251 972 καὶ
3283 919 3390 973 ὑπὸ
3434 919 3722 991 Ἑλλήνων

428 1017 594 1070 quam
632 996 865 1069 improbi
894 999 1227 1069 puniuntur:
1261 1001 1391 1056 dum
1420 1001 1744 1071 puniuntur,
1772 1001 2012 1074 gaudent

2151 1004 2441 1061 ιὼκονταιο
2490 1008 2583 1063 καὶ
2634 1007 2735 1079 τὴν
2786 1009 2967 1063 αἰτίαν
3009 1009 3348 1083 ⁸τῆςέχθρας
3402 1014 3592 1065 εἰπεῖν
3644 1027 3726 1079 μι-

429 1102 691 1163 tauquam
716 1095 1082 1151 viviﬂcentur.
1109 1094 1389 1150 Adversus
1422 1110 1519 1150 eos
1539 1136 1554 1161 ,
1580 1103 1842 1164 tauquam
1873 1094 2009 1149 alie-

2147 1098 2340 1165 roiivte;
2378 1099 2479 1153 οὐκ
2514 1099 2743 1171 ἔχουσιν.

428 1188 679 1256 nigenas,
704 1187 876 1244 Judaai
909 1188 1110 1245 bellum
1141 1196 1442 1258 gerunt,et
1484 1186 1659 1243 Graeci
1694 1201 1794 1244 eos
1843 1199 2284 1259 persequuntur;
2344 1200 2399 1248 et
2427 1205 2620 1250 osores
2664 1207 2855 1249 eorum
2885 1207 3109 1250 causam
3164 1196 3590 1252 inimicitiarum
3632 1194 3711 1252 di-

429 1296 555 1336 cere
590 1289 889 1352 nequeunt.

992 1393 1122 1449 CAP.
1158 1391 1247 1451 VI.
1297 1391 1445 1448 Velut
1478 1396 1714 1448 animum
1751 1395 1805 1448 in
1838 1411 2075 1465 corpore,
2109 1394 2445 1451 Christianos
2478 1394 2534 1449 in
2561 1395 2759 1449 mundo
2788 1396 2987 1450 versari
3017 1402 3222 1468 probat.

502 1515 684 1586 Atque
716 1525 777 1569 ut
808 1513 978 1570 semel
1016 1513 1201 1568 omnia
1247 1513 1604 1583 complectar,
1639 1514 1788 1583 quod
1831 1522 1918 1569 est
1951 1514 2006 1568 in

2198 1513 2410 1578 Ἀπλῶς
2452 1514 2497 1568 δ’
2526 1514 2722 1580 εἰπεῖν,
2770 1514 2907 1585 ὅπερ
2952 1514 3097 1567 ἐστὶν
3148 1514 3208 1566 ὲν
3255 1511 3474 1582 σώματι
3520 1509 3714 1581 ψυχὴ,

429 1622 659 1677 corpore
712 1610 932 1674 anima,
985 1606 1089 1662 hoc
1146 1615 1276 1660 sunt
1326 1606 1381 1659 in
1433 1606 1642 1660 mundo
1684 1604 2008 1661 Christiani.

2148 1606 2257 1660 οὔτ’
2304 1606 2443 1659 εἰσὶν
2486 1608 2544 1659 ὲν
2570 1606 2760 1677 κόσμῳ
2789 1604 3123 1678 Χριστιανοί.
3188 1604 3501 1673 Ἐσκπαρται
3573 1619 3718 1656 κατα

431 1700 686 1771 Dispersa
725 1708 809 1755 est
838 1714 933 1770 per
964 1699 1150 1753 omnia
1195 1698 1449 1768 corporis
1497 1697 1744 1752 membra
1796 1697 2015 1764 anima;

430 1802 485 1847 et
521 1789 825 1846 Christiani
874 1804 972 1859 per
1026 1788 1217 1842 mundi
1263 1790 1515 1844 civitates
1544 1788 1797 1859 (dispersi
1842 1790 2017 1862 sunt.)

430 1884 655 1940 Habitat
705 1881 929 1953 quidem
987 1881 1041 1935 in
1087 1896 1320 1951 corpore
1379 1882 1586 1947 anima,
1641 1881 1737 1936 sed
1780 1897 1888 1935 non
1934 1890 2021 1935 est

428 1989 727 2047 e'corpore
752 1991 766 2029 :
795 1973 918 2043 (sic)
952 1981 1007 2029 et
1038 1972 1344 2028 ChriStiani
1391 1972 1444 2027 in
1481 1971 1689 2027 mundo
1740 1970 2016 2036 habitant,

430 2068 526 2125 sed
575 2084 607 2122 e
662 2066 870 2123 mundo
929 2082 1040 2121 non
1097 2066 1293 2120 sunt'.
1356 2062 1651 2120 Invisibilis
1712 2064 1897 2118 anima
1960 2062 2017 2121 in

431 2158 637 2214 visibili
666 2171 921 2227 corpore,
975 2164 1238 2224 tanquam
1274 2154 1330 2210 in
1386 2154 1667 2225 praesidio,
1719 2154 2015 2211 constituta

429 2259 566 2305 est:
604 2248 762 2319 (sic)
816 2256 871 2303 et
924 2246 1226 2302 Christiani
1276 2254 1708 2317 cognoscuntur,
1759 2245 1892 2300 dum
1944 2246 2003 2303 in

430 2342 642 2397 mundo
688 2348 1141 2406 commorantur;
1197 2338 1293 2395 sed
1348 2338 1645 2396 invisibilis
1694 2348 1781 2395 est
1824 2353 2015 2395 eorum

427 2436 615 2491 cultus
658 2434 901 2491 divinus.
974 2430 1113 2489 0dio
1158 2432 1513 2503 prosequitur
1555 2431 1799 2487 animam
1846 2445 2014 2497 caro,

428 2536 486 2583 et
523 2527 726 2582 bellum
775 2526 828 2581 ei
884 2534 1066 2580 movet
1122 2524 1271 2579 nulla
1320 2522 1517 2580 aﬂ‘ecta
1576 2522 1815 2593 injuria,
1868 2523 2015 2593 quod

430 2619 809 2691 voluptatibus
872 2617 984 2673 frui
1042 2618 1406 2687 prohibeatur
1462 2633 1477 2671 :
1537 2615 1666 2672 odio
1727 2615 2017 2685 prosequi—

430 2724 522 2768 tur
555 2722 611 2769 et
660 2711 901 2768 mundus
952 2710 1342 2774 Christianos,
1395 2707 1547 2764 nulla
1589 2706 1817 2765 aﬂectus
1870 2706 2016 2777 inju-

432 2809 537 2874 ria,
569 2806 832 2877 quoniam
871 2802 1253 2873 voluptatibus
1286 2807 1615 2872 repugnant.
1646 2800 1845 2855 Anima
1890 2816 2013 2856 car-

433 2916 557 2956 nem
596 2907 777 2966 amat,
822 2913 945 2969 qum
997 2898 1175 2967 ipsam
1233 2895 1369 2961 odit,
1402 2902 1455 2948 et
1483 2893 1677 2963 (amat)
1731 2894 2008 2950 membra:

2123 1699 2342 1753 πάντων
2383 1697 2493 1751 τῶν
2536 1696 2629 1751 τοῦ
2668 1696 2920 1768 σώματος
2962 1696 3145 1767 μελῶν
3194 1694 3424 1766 ἡψυχὴ,
3454 1694 3557 1748 καὶ
3586 1693 3721 1763 Χρι-

2124 1792 2333 1847 στιανοὶ
2376 1789 2519 1845 κατά
2552 1788 2651 1854 τὰς
2690 1789 2785 1849 τοῦ
2831 1790 3037 1861 κόσμου
3083 1786 3284 1851 πόλεις.
3331 1788 3490 1839 Οἰκεῖ
3519 1786 3623 1856 μὲν
3661 1788 3719 1837 ὲν

2120 1884 2201 1956 τῷ
2248 1883 2461 1956 σώματι
2511 1882 2702 1953 ψυχὴ,
2750 1883 2853 1937 οὐκ
2900 1881 3017 1936 ἔστι
3072 1880 3127 1933 δὲ
3175 1880 3241 1932 ὲκ
3287 1877 3382 1931 τοῦ
3436 1875 3716 1947 σώματος’

2121 1978 2217 2033 καὶ
2254 1977 2566 2049 Χριστιανοὶ
2601 1976 2663 2029 ὲν
2703 1976 2893 2045 κόσμῳ
2936 1972 3198 2035 οἰκοῦσιν,
3242 1969 3345 2023 οὐκ
3390 1968 3503 2021 εἰσὶ
3548 1966 3609 2019 δὲ
3656 1969 3721 2019 ὲκ

2119 2069 2214 2126 τοῦ
2254 2070 2481 2142 κόσμου.
2521 2069 2777 2143 ’Δὸρατος
2822 2069 2855 2138 ἡ
2890 2066 3036 2137 ψυχὴ
3072 2066 3133 2118 ὲν
3166 2060 3348 2135 ὁρατῷ
3392 2061 3720 2131 φρουρεῖται

2118 2162 2198 2233 τῷ
2250 2160 2497 2233 σώματισ
2562 2160 2659 2215 καὶ
2721 2157 3041 2230 Χριστιανοὶ
3097 2153 3458 2225 γινώσκονται
3525 2153 3721 2223 μένον-

2117 2271 2211 2318 τες
2235 2253 2346 2324 (64)
2371 2254 2430 2307 ἰν
2452 2252 2531 2324 τῷ
2559 2253 2771 2323 κόσμῳ,
2802 2251 3034 2323 ἀόρατος
3061 2248 3119 2302 δὲ
3145 2245 3328 2302 αὐτῶν
3367 2247 3401 2315 ἠ
3432 2243 3723 2298 θεοσέϐεια

2122 2342 2295 2416 μένει.
2333 2346 2501 2400 Μισεῖ
2535 2342 2637 2414 τὴν
2673 2340 2852 2413 ψυχὴν
2886 2343 2920 2413 ὴ
2949 2338 3104 2411 σάρξ,
3136 2340 3230 2395 καὶ
3264 2337 3515 2407 πολεμεῖ,
3551 2334 3721 2406 μηδὲν

2117 2437 2448 2510 ἀδικουμένη
2472 2479 2487 2503 ,
2528 2438 2663 2492 διότι
2704 2441 2827 2501 ταῖς
2865 2437 3081 2509 ἡδοναῖς
3126 2434 3396 2488 κωλύεται
3444 2430 3717 2503 χρῆσθαι·

2120 2532 2273 2601 μισεῖ
2312 2529 2406 2582 καὶ
2430 2529 2792 2601 Χριστιανοὺς
2823 2530 2853 2581 ό
2885 2527 3089 2597 κόσμος
3131 2525 3298 2597 μηδὲν
3336 2522 3720 2593 ἀδικούμενος,

2116 2621 2198 2675 ὅτι
2224 2622 2347 2684 ταῖς
2375 2620 2593 2691 ἡδοναῖς
2635 2620 3069 2675 άντιτάσσονται.
3129 2618 3194 2671 Ἦ
3218 2615 3365 2687 ψυχὴ
3400 2614 3505 2684 τὴν
3534 2611 3724 2683 μισοῦ-

2118 2730 2220 2767 σαν
2243 2712 2437 2782 ἀγαπᾷ
2465 2712 2665 2783 σάρκα,
2692 2712 2788 2765 καὶ
2821 2709 2892 2764 τὰ
2918 2710 3054 2782 μέλη
3074 2726 3088 2739 ·
3121 2709 3215 2764 καὶ
3241 2705 3571 2778 Χριστιανοὶ
3598 2706 3723 2768 τώς

2118 2803 2417 2875 μισοῦντας
2451 2802 2761 2873 ἀγαπῶσιν.
2817 2802 3231 2871 Ἐγκὲκλεισται
3273 2801 3371 2872 μὲν
3407 2800 3444 2870 ἡ
3467 2797 3620 2871 ψυχὴ
3647 2798 3724 2867 τῷ

2118 2896 2353 2969 σώματι,
2395 2897 2609 2968 συνέχει
2651 2895 2711 2949 δὲ
2754 2894 2888 2950 αὐτὸ
2924 2894 2988 2948 τὸ
3026 2892 3223 2965 σῶμα·
3264 2893 3359 2947 καὶ
3397 2890 3724 2963 Χριστιανοὶ

434 2992 557 3064 (sic)
593 2992 760 3045 etiam
799 2966 1103 3044 Christiani
1146 2995 1336 3044 amant
1373 3000 1587 3042 osores.
1639 2983 1855 3042 Inclusa
1887 2987 2013 3057 qui-

2147 2966 2443 3061 ιατέχονται
2485 2966 2585 3061 μεν
2619 2988 2696 3053 ὼς
2741 2989 2799 3041 ὲν
2841 2989 3054 3060 φρουρᾷ
3086 2986 3164 3057 τῷ
3201 2985 3414 3056 κόσμῳ,
3458 2984 3623 3038 αὐτοὶ
3667 2982 3723 3035 δὲ

432 3086 557 3139 dem
590 3093 674 3138 est
698 3082 884 3137 anima
913 3094 1164 3149 corpore,
1194 3078 1289 3134 sed
1322 3078 1440 3149 ipsa
1472 3094 1673 3149 corpus
1702 3086 2018 3135 conservat:

434 3177 557 3245 (sic)
600 3183 655 3230 et
692 3172 994 3228 Christiani
1050 3170 1367 3225 detinentur
1414 3170 1634 3239 quidem
1682 3170 1737 3225 in
1786 3170 2015 3236 mundo,

434 3277 697 3337 tanquam
728 3266 783 3321 in
806 3264 1077 3329 custodia,
1108 3263 1202 3319 sed
1229 3261 1331 3331 ipsi
1363 3262 1628 3317 mundum
1660 3271 2015 3318 conservant.

436 3358 769 3415 Immortalis
811 3360 996 3415 anima
1030 3358 1086 3412 in
1114 3354 1337 3410 mortali
1380 3354 1736 3413 tabernaculo
1772 3357 2015 3412 habitat:

434 3466 492 3509 et
528 3452 831 3509 Christiani
882 3453 974 3507 illa
1022 3468 1145 3523 qua
1196 3452 1542 3524 corruptioni
1599 3459 1729 3506 sunt
1778 3451 2019 3508 obnoxia

436 3558 703 3619 tauquam
770 3547 1027 3618 inquilini
1086 3546 1373 3611 incolunt,
1446 3544 2017 3614 iucorruptibilitatem

437 3641 720 3697 caelestem
759 3649 1162 3710 exspectantes.
1204 3638 1425 3703 Anima,
1461 3637 1594 3692 dum
1638 3638 1761 3693 cibo
1804 3647 1859 3694 et
1888 3645 2019 3708 potu

438 3733 583 3788 uitale
623 3739 908 3797 tractatur,
940 3730 1002 3785 ﬁt
1042 3730 1277 3786 melior:
1303 3737 1357 3784 et
1387 3727 1519 3782 dum
1557 3727 1857 3783 Christiani
1888 3744 2021 3799 sup-

2123 3082 2410 3154 συνέχουσι
2462 3079 2576 3153 (65)
2626 3080 2719 3133 τὸν
2764 3079 2989 3150 κόσμον.
3050 3078 3343 3140 Ἀθάνατος
3389 3076 3427 3147 η
3465 3074 3621 3145 ψυχὴ
3666 3075 3723 3126 ἐν

2119 3175 2298 3248 θνητῷ
2338 3174 2657 3247 σκηνώματι
2704 3176 2984 3228 κατοικεῖο
3029 3173 3123 3227 καὶ
3164 3170 3489 3242 Χριστιανοὶ
3528 3184 3723 3238 παροι-

2120 3272 2310 3327 κοῦσιν
2371 3272 2431 3325 ὲν
2480 3270 2776 3342 φθαρτοῖς,
2829 3266 2934 3338 τὴν
2979 3267 3040 3319 ὲν
3092 3264 3341 3335 οὐρανοῖς
3404 3260 3722 3342 ἀφθαρσίαν

2124 3364 2573 3438 προσδεχόμενοι.
2598 3340 3097 3431 ΫΚακουργουμένη
3150 3355 3339 3418 σιτίοις
3386 3355 3487 3408 καὶ
3535 3340 3721 3414 ποτοῖς

2121 3460 2157 3528 ἡ
2204 3458 2387 3529 ψυχὴ,
2437 3454 2780 3528 βελτιοῦται·
2844 3453 2945 3506 καὶ
2983 3448 3301 3523 Χριστιανοὶ
3358 3444 3723 3515 κολαζόμενοι

2122 3550 2243 3604 καθ’
2283 3550 2535 3622 ἡμέραν,
2595 3545 2951 3610 πλεονάζουσι
3012 3542 3231 3615 μᾶλλον.
3298 3541 3394 3603 Εἰς
3445 3538 3722 3607 secuti-cry

2126 3643 2327 3707 αὐτοὺς
2373 3642 2525 3708 τάξιν
2571 3640 2723 3696 ἔθετο
2766 3641 2797 3693 ὁ
2827 3638 2981 3702 Θεὸς,
3038 3637 3106 3708 ην
3151 3634 3212 3688 οὐ
3259 3632 3483 3702 θεμιτὸν
3532 3631 3722 3692 αὐτοῖς

2123 3732 2591 3806 παραιτήσασθαι.

439 3825 621 3895 pliciis
681 3822 995 3878 alliciuutur
1051 3820 1318 3892 quotidie,
1346 3833 1611 3876 numerus
1664 3834 1856 3876 eorum
1884 3802 2104 3879 crescit.
2144 3802 2289 3881 Deus
2320 3802 2443 3881 illos
2470 3834 2582 3881 tam
2611 3822 2879 3894 insignem
2908 3828 3094 3875 tenere
3126 3816 3304 3873 locum
3333 3814 3532 3881 voluit,
3556 3828 3721 3886 quem

440 3915 519 3972 illi
552 3912 709 3969 nefas
733 3921 817 3967 est
840 3909 1117 3981 defugere.

444 4024 585 4081 CAP.
624 4023 737 4079 VII.
768 4021 899 4078 Haec
922 4021 1111 4093 religio
1132 4037 1167 4074 α
1193 4018 1298 4074 Deo
1326 4020 1599 4093 instituta,
1616 4021 1709 4093 qui
1740 4036 1844 4093 non
1869 4030 2269 4093 rgmhcreatam,
2300 4018 2389 4093 sed
2413 4018 2686 4093 proprium
2713 4014 2923 4070 Filium
2946 4014 3093 4069 misit
3114 4024 3172 4068 ut
3192 4013 3426 4068 saltaret
3457 4012 3719 4066 homines.

1570 4089 1864 4161 Manifesta
1896 4090 2030 4145 Filii
2064 4091 2317 4145 adventus
2351 4089 2571 4143 indicia.

513 4212 633 4267 Non
676 4210 821 4266 enim
866 4216 1169 4269 terrenum,
1198 4216 1259 4262 ut
1294 4207 1431 4274 dixi,
1459 4208 1741 4263 inventum
1773 4209 1879 4264 hoc
1909 4208 2017 4264 illis

2192 4209 2267 4263 Οὐ
2315 4207 2426 4279 γὰρ
2465 4206 2727 4275 ἐπίγειον,
2770 4204 2849 4269 ὼς
2887 4203 3045 4275 ἔφην,
3087 4202 3311 4273 εῦρημα
3345 4199 3497 4253 τοῦτ’
3534 4200 3719 4262 αὐτοῖς

443 4304 707 4362 traditum
760 4308 879 4365 est;
933 4313 1111 4368 neque
1164 4298 1420 4353 mortalis
1469 4307 1555 4353 est
1607 4301 2023 4365 commentatio,

441 4411 609 4469 quam
656 4394 795 4449 adeo
836 4399 1091 4446 accurate
1144 4388 1558 4445 custodiendam
1606 4392 1711 4447 sibi
1766 4401 2021 4458 censent;

444 4505 624 4560 neque
673 4488 1044 4542 humanorum
1100 4483 1489 4554 mysteriorum
1544 4484 1852 4539 meonomia
1914 4485 2024 4541 illis

442 4580 740 4639 commissa
773 4586 892 4643 est;
937 4575 1033 4630 sed
1068 4574 1186 4644 ipse
1211 4589 1339 4628 vere
1368 4572 1535 4639 Deus,
1570 4575 1665 4645 qui
1710 4584 1795 4631 est
1837 4575 2021 4630 omni-

426 4666 669 4741 ‘poteus,
704 4678 759 4724 et
802 4666 1049 4722 omnium
1096 4663 1369 4730 conditor,
1404 4680 1469 4719 ac
1499 4665 1809 4731 invisibilis,
1846 4683 1877 4721 e
1913 4681 2026 4723 cm-

443 4764 514 4819 lis
542 4762 841 4817 Veritatem
886 4767 943 4815 et
964 4756 1204 4813 Verbum
1237 4754 1445 4813 factum
1490 4774 1557 4814 ac
1596 4758 2025 4829 incomprehen-

444 4858 603 4913 sibile
634 4859 777 4913 inter
801 4855 1053 4911 homines
1086 4852 1307 4919 locavit,
1347 4861 1403 4908 et
1441 4853 1497 4908 in
1524 4856 1786 4911 cordibus
1827 4869 2023 4911 eorum

444 4952 661 5008 ﬁrmam
697 4952 898 5007 habere
941 4950 1124 5007 sedem
1154 4951 1370 5006 voluit:
1397 4965 1530 5017 non,
1556 4948 2024 5020 quemadmodum

445 5047 648 5117 aliquis
673 5044 950 5116 conjicere
980 5044 1183 5116 possit,
1215 5044 1388 5100 misso
1414 5042 1738 5099 hominibus
1770 5041 2025 5099 ministro

511 5229 535 5262 ’
561 5225 721 5282 Joan.
754 5240 888 5291 xvu,
926 5223 1011 5291 Il,
1045 5223 1132 5291 14,
1164 5222 1255 5279 16.

448 5387 783 5458 Stephanus,
817 5383 1047 5458 Mendici
1076 5393 1220 5437 sunt.
1244 5381 1458 5458 Mtntq.
1474 5379 1614 5458 _i_bi§.
1643 5374 2015 5458 —Ha:c_.scr_i-

445 5448 581 5515 beu's
610 5448 801 5513 auctor
818 5455 1063 5525 epistolae
1086 5454 1334 5525 respexit
1368 5452 1437 5507 ad
1474 5450 1515 5505 II
1545 5450 1675 5505 Cor.
1700 5465 1777 5525 νι,
1811 5449 1917 5525 Il)__:
1941 5448 2017 5525 ςυς

446 5530 674 5600 πτωχοὶ,
702 5517 929 5600 πολλοὺς
950 5517 1418 5600 6e_qtlouji{ov1at
1442 5540 1458 5577 :
1494 5536 1617 5592 qua:
1664 5519 1832 5600 verba
1862 5517 2023 5600 Vulg.

448 5590 722 5669 interpres
772 5599 848 5652 ita
891 5594 1090 5669 _r_eddit
1119 5592 1319 5669 :_Sicut
1347 5590 1580 5669 egeutés_,_
1621 5590 2027 5669 ntul_tosia_u_tem

447 5659 852 5737 locupletum“.
887 5665 979 5719 Sic
996 5680 1123 5737 mox
1147 5662 1286 5737 infra
1310 5659 1421 5737 prie
1439 5663 1617 5717 oculis
1653 5659 2023 5737 habuit_idem

449 5728 636 5794 auctor
668 5737 685 5791 I
716 5739 847 5791 Cur.
899 5751 972 5807 Iv,
1010 5733 1130 5807 12._
1154 5728 1580 5807 λοιδορούμενοι,
1646 5728 1975 5802 εὐλογοῦμεν
2008 5743 2024 5782 :

450 5809 844 5873 Maledicimur.
872 5817 918 5861 et
953 5804 1321 5860 benedicimm.

2114 4299 2441 4371 'mpeMOq'
2489 4296 2613 4351 οὐδὲ
2662 4295 2863 4368 θνητὴν
2910 4295 3155 4348 ἐπίνοιαν
3204 4292 3505 4361 φυλάσσειν
3550 4290 3720 4354 οὕτως

2129 4391 2374 4458 ἀξιοῦσιν
2432 4390 2745 4463 ἐπιμελῶς,
2805 4388 2929 4442 οὐδὲ
2989 4384 3343 4454 ἀνθρωπίνων
3407 4384 3719 4454 οἰκονομίαν

2134 4482 2448 4556 μυστηρίων
2477 4484 2869 4536 πεπίστευνται
2893 4497 2907 4510 ⁸
2927 4478 3041 4533 ἀλλ’
3070 4478 3233 4541 αὐτὸς
3258 4477 3287 4529 ό
3316 4477 3719 4547 παντοκράτωρ

2128 4576 2224 4629 καὶ
2261 4576 2658 4646 παποκτίστης
2700 4575 2798 4628 καὶ
2834 4572 3064 4645 ἀόρατος
3094 4569 3248 4633 Θεὸς,
3286 4568 3453 4631 αὐτὸς
3494 4567 3592 4620 ἀπ’

2129 4670 2307 4745 ρανῶν
2344 4668 2446 4741 τὴν
2478 4668 2760 4739 Ἀλήθειαν
2802 4665 2899 4719 καὶ
2937 4662 3031 4717 τὸν
3070 4662 3242 4730 Λόγον
3282 4659 3377 4713 τὸν
3421 4660 3583 4729 ἀγιον
3613 4648 3717 4728 (66)

2128 4763 2224 4817 καὶ
2264 4760 2621 4833 ἀπερινόητον
2666 4754 2975 4828 ἀνθρώποις
3021 4753 3314 4822 ἐνίδρυται,
3352 4752 3451 4804 καὶ
3488 4753 3717 4819 ἐγκατε-

2114 4852 2351 4924 -στὴριξε
2391 4854 2512 4915 ταῖς
2552 4849 2800 4921 καρδίαις
2840 4845 3077 4901 αὺτῶν’,
3107 4845 3191 4907 οὐ,
3234 4841 3490 4912 καθάπερ
3532 4842 3601 4895 ἄν
3641 4856 3717 4901 τις

2128 4945 2418 5007 εἰκάσειεν,
2464 4941 2772 5014 ἀνθρώποις
2813 4936 3097 5009 ὑπηρέτην
3121 4932 3247 4988 τινὰ
3283 4933 3536 5005 πέμψας,
3566 4933 3600 5002 ἢ
3627 4934 3717 4999 ἄγ-

2132 5040 2310 5110 γελον,
2348 5036 2383 5109 ἢ
2408 5037 2670 5109 ἄρχοντα,
2708 5033 2743 5109 ἢ
2772 5031 2897 5088 τινὰ
2920 5030 3031 5086 τῶν
3065 5027 3360 5086 διεπόντων
3384 5027 3457 5082 τά
3480 5028 3713 5096 ἐπίγεια,

2219 5375 2308 5445 64)
2347 5374 2665 5442 Μένοντες.
2708 5373 2899 5445 Steph.
2925 5370 3135 5445 mavult
3168 5369 3267 5443 μὲν
3289 5368 3468 5445 ὄντες.
3523 5438 3545 5445 _
3642 5438 3669 5445 ί

2195 5376 2308 5516 $64)
2347 5376 2665 5442 Μένοντες.
2708 5376 2899 5442 Steph.
2925 5376 3135 5427 mavult
3168 5376 3267 5443 μὲν
3289 5376 3468 5450 ὄντες.

2195 5444 2710 5568 ὢφηξῖμῖκέῆουσι.
2771 5443 2975 5499 Eadem
3053 5443 3323 5497 habemus
3395 5455 3457 5494 tn
3515 5438 3706 5496 Jusum

2124 5516 2469 5658 Α’ἶῗέὸῖηᾶἕὲ
2492 5516 2707 5658 Ἱᾶγιον.
2729 5655 2738 5658 Α
2763 5583 2948 5658 Monet
2986 5582 3303 5658 Stephanus
3336 5580 3411 5658 _i_n
3459 5581 3585 5636 cod.
3608 5596 3698 5658 ms.

2123 5651 2409 5786 viihaligd
2445 5651 2613 5730 quam
2658 5655 2894 5730 primam
2932 5651 3101 5727 huius
3140 5652 3296 5709 vocis
3336 5651 3585 5708 litteram
3618 5651 3700 5705 de-

2123 5745 2219 5805 pre
2259 5744 2329 5787 eu
2369 5744 2408 5785 ι.
