3838 6218
399 311 543 369 U79

1570 312 1879 370 ANONYMI
1931 314 2072 371 VIBI
2110 316 2519 375 APOSTOLICI

3542 298 3702 381 uso

397 429 478 485 dit
522 428 726 500 ipsum,
750 444 929 500 neque
972 427 1213 499 aliquam
1259 427 1434 500 ipsius
1465 430 1717 488 notitiam
1759 433 1979 501 habuit;

2113 428 2116 506 ᾖ
2160 436 2298 512 μόνῃ
2331 438 2464 492 Θεὸν
2508 438 2631 492 ίδετν
2681 438 3129 511 συγκεχώρηται·
3174 440 3203 493 ὁ
3244 442 3350 514 γὰρ
3392 444 3702 515 Δεσπότης

398 522 497 577 sed
548 521 665 592 ipse
722 522 965 591 seipsum
1030 522 1289 577 ostendit.
1350 522 1601 579 Ostendit
1645 535 1828 581 autem
1885 541 1980 596 per

398 612 586 678 ﬁdem,
622 613 711 669 cui
738 613 840 667 soli
873 612 1043 667 Deum
1089 613 1273 668 videre
1316 628 1642 669 concessum
1684 625 1797 683 est,
1852 631 1978 670 nam

398 704 670 760 Dominus
699 713 755 760 et
780 703 965 774 opifex
1008 706 1257 760 omnium
1292 703 1458 772 Deus,
1498 707 1593 776 qui
1624 708 1810 761 omnia
1853 706 1983 763 fecit

397 805 454 850 et
471 810 569 851 suo
587 812 816 867 quaeque
835 797 1028 851 ordine
1048 796 1339 866 disposuit,
1360 812 1467 851 non
1493 798 1671 852 solum
1696 798 1978 855 hominum

398 897 633 955 amator,
682 888 775 943 sed
814 889 1026 959 patiens
1057 888 1221 943 etiam
1268 887 1388 943 fuit.
1453 887 1559 944 Sed
1592 890 1682 946 hic
1715 889 1819 946 fuit
1856 893 1981 962 qui-

398 979 523 1035 dem
554 996 769 1051 semper
803 982 950 1047 talis,
987 989 1203 1053 estque,
1246 989 1301 1037 et
1340 982 1466 1049 erit,
1496 982 1768 1054 benignus
1805 993 1860 1040 et
1886 986 1983 1039 bo-

398 1086 526 1139 nus,
581 1082 636 1126 et
681 1073 775 1127 irae
802 1089 1033 1143 expers,
1080 1088 1145 1130 ac
1188 1089 1397 1139 verax,
1450 1082 1507 1129 et
1564 1074 1717 1129 solus
1768 1074 1977 1142 bonus;

397 1161 656 1232 concepit
696 1171 880 1217 autem
918 1173 1100 1218 mente
1152 1164 1360 1234 aliquid
1400 1179 1661 1235 magnum
1695 1172 1750 1219 et
1790 1163 1983 1219 ineffa-

397 1254 527 1322 bile,
556 1255 624 1311 de
655 1272 765 1326 quo
798 1272 923 1313 cum
950 1258 1072 1313 solo
1109 1256 1251 1313 Filio
1293 1259 1742 1314 communicavit.
1791 1257 1982 1325 Quan-

396 1348 491 1402 diu
538 1348 704 1419 igitur
748 1365 909 1404 suum
971 1352 1214 1421 prudens
1272 1353 1567 1408 consilium
1618 1352 1672 1407 in
1720 1352 1982 1425 mysterio

398 1438 693 1504 retinebat,
726 1442 996 1512 neglectui
1041 1457 1143 1497 nos
1181 1442 1409 1509 habere,
1445 1443 1766 1513 nullamque
1807 1442 1981 1499 nostri

396 1547 585 1587 curam
626 1548 815 1604 gerere
844 1533 1161 1601 videbatur;
1190 1544 1245 1588 at
1268 1544 1560 1605 postquam
1593 1549 1691 1605 per
1721 1534 1980 1591 dilectum

400 1620 603 1677 Filium
662 1623 927 1678 revelavit
984 1633 1039 1679 et
1088 1623 1349 1693 patefecit
1400 1640 1524 1694 quae
1562 1624 1678 1694 jam
1733 1625 1859 1681 inde
1911 1626 1981 1681 ab

400 1713 562 1768 initio
629 1723 790 1769 erant
853 1724 1201 1785 praeparata,
1266 1717 1453 1771 omnia
1518 1716 1687 1771 simul
1749 1717 1983 1787 praabuit

2082 529 2175 582 καὶ
2209 531 2539 602 δημιουργὸς
2576 530 2686 583 τῶν
2721 530 2859 585 ὅλων
2884 533 3034 597 Θεὸς,
3073 536 3102 587 ὁ
3128 536 3357 605 ποιήσας
3392 535 3461 588 τά
3498 537 3703 589 πάντα

2082 621 2178 674 καὶ
2221 621 2362 675 κατά
2400 621 2553 689 τάξιν
2606 621 2922 693 διακρίνας,
2975 625 3038 677 οὐ
3083 624 3241 696 μόνον
3290 626 3702 698 φιλάνθρωπος

2082 713 2317 781 ἐγένετο,
2365 713 2503 768 ἀλλά
2546 715 2643 767 καὶ
2691 715 3061 787 μακρόθυμος.
3115 716 3254 769 Ἀλλ’
3288 712 3441 780 οὗτος
3471 714 3555 789 ἦν
3595 719 3702 789 μὲν

2082 806 2171 860 ἀεὶ
2208 807 2470 872 τοιοῦτος,
2497 808 2595 861 καὶ
2626 807 2765 871 ἐστι,
2797 808 2890 861 καὶ
2932 808 3086 860 ἔσται
3106 849 3119 873 ,
3146 808 3377 880 χρηστὸς
3412 810 3516 861 καὶ
3550 810 3703 876 ἀγα-

2083 897 2176 962 θὸς
2205 897 2316 971 (73)
2341 901 2434 953 καὶ
2471 902 2741 974 ἀόργητος
2768 902 2861 954 καὶ
2883 901 3089 973 ἀληθής
3109 920 3121 931 ·
3161 903 3255 955 καλ⁵
3285 902 3444 972 μόνος
3468 902 3700 969 ἀγαθός

2083 993 2232 1045 ἐστιν
2259 1009 2273 1025 ο
2316 995 2574 1066 ἐννοήσας
2612 994 2670 1048 δὲ
2712 993 2955 1065 μεγάλην
2996 996 3090 1047 καὶ
3126 996 3401 1066 ἄφραστον
3443 994 3697 1057 ἔννοιαν,

2082 1086 2151 1157 ἢν
2183 1084 2510 1140 ἐκοινώσατο
2542 1088 2688 1159 μόνῳ
2715 1087 2792 1158 τῷ
2825 1087 2993 1140 παιδί.
3039 1088 3126 1141 Ἐν
3156 1088 3264 1157 ὅσῳ
3291 1087 3389 1158 μὲν
3424 1082 3523 1140 οὖν
3551 1103 3698 1140 κατ-

2083 1182 2229 1250 εῖχεν
2281 1181 2340 1233 ἐν
2397 1182 2683 1252 μυστηρίῳ
2724 1181 2818 1233 καὶ
2863 1180 3099 1252 διετήρει
3139 1182 3236 1252 τήν
3283 1178 3456 1250 σοφὴν
3511 1179 3696 1233 αὑτοῦ

2085 1270 2301 1341 βουλὴν,
2347 1272 2570 1343 ἀμελεῖν
2602 1272 2759 1344 ἡμῶν
2787 1273 2880 1325 καὶ
2906 1273 3283 1344 ἀφροντιστεῖν
3319 1272 3528 1324 ἐδόκειο
3567 1273 3699 1323 ἐπεὶ

2082 1361 2139 1415 δὲ
2178 1363 2495 1432 ἀπεκάλυψε
2536 1365 2649 1435 (74)
2700 1364 2790 1418 διά
2826 1363 2921 1417 τοῦ
2969 1362 3251 1434 ἀγαπητοῦ
3308 1362 3543 1427 παιδὸς,
3596 1365 3699 1419 καὶ

2083 1453 2400 1526 ἐφανέρωσε
2438 1455 2509 1509 τά
2554 1455 2615 1521 ἐξ
2660 1455 2835 1526 ἀρχῆς
2884 1454 3287 1525 ήτοιμασμένα,
3348 1454 3515 1507 πάνθ’
3566 1455 3699 1524 ἅμα

2084 1547 2362 1618 παρέσχεν
2408 1551 2565 1619 ἡμῖν,
2605 1549 2699 1601 καὶ
2745 1550 3035 1619 μετασχεῖν
3099 1546 3429 1618 εὐεργεσιῶν
3479 1546 3695 1609 αὐτοῦ,

2085 1636 2179 1687 καὶ
2215 1636 2341 1689 ίδεῖν
2367 1638 2595 1709 (75).....
2623 1639 2775 1709 ἧσαι.
2806 1637 2903 1700 Τίς
2932 1638 2998 1690 ἂν
3022 1635 3235 1690 πώποτε
3269 1637 3696 1709 προσεδόκησεν

2082 1724 2241 1795 ήμῶν
2270 1742 2284 1790 ;
2325 1727 2491 1780 Πάντ’
2524 1723 2617 1781 οὖν
2646 1726 2761 1798 ᾔδει
2789 1727 2919 1798 παρ’
2948 1724 3125 1797 ἐαυτῷ
3154 1727 3251 1779 σὺν
3290 1724 3368 1796 τῷ
3409 1726 3581 1779 παιδί’
3613 1727 3695 1778 οὶ-

396 1807 559 1862 nobis
602 1825 615 1862 :
662 1816 715 1863 et
773 1806 881 1863 frui
936 1810 1055 1865 suis
1106 1809 1429 1875 beneficiis,
1481 1819 1535 1865 et
1589 1810 1793 1866 videre.
1844 1810 1976 1877 Qua:

2113 1835 2204 1871 ovo
2212 1819 2407 1890 μικῶς.

397 1901 655 1971 quisnam
713 1913 966 1959 nostrum
1018 1902 1497 1975 exspectavisset?
1569 1902 1768 1959 Omnia
1817 1903 1985 1977 igitur
2047 1911 2191 1981 apud
2257 1928 2316 1969 se
2402 1912 2611 1969 sciebat
2664 1925 2775 1968 una
2825 1926 2951 1966 cum
2997 1909 3159 1979 Filio,
3202 1912 3554 1970 meonomiea
3592 1919 3695 1968 sua

398 1996 653 2053 scientia.
3388 2002 3393 2006 ἡ

398 2144 532 2202 Car.
581 2145 673 2202 ιχ.
728 2146 907 2205 Filius
958 2166 1074 2206 sero
1126 2150 1344 2219 missus,
1375 2151 1503 2220 quia
1535 2150 1807 2236 oportebat
1842 2161 1901 2207 ut
1953 2148 2190 2236 lemnitate:
2236 2150 2572 2236 effeceritis
2604 2151 2718 2232 suis
2761 2160 3127 2221 cognoscerent
3164 2168 3219 2206 se
3272 2152 3384 2206 vita
3433 2151 3693 2223 indignos

1233 2238 1346 2277 esse
1386 2219 1404 2277 ὲ
1438 2239 1532 2277 nec
1561 2219 1616 2277 in
1633 2224 1741 2282 alio
1767 2238 1928 2294 quam
1961 2222 2016 2277 in
2050 2219 2198 2277 Filio
2238 2222 2337 2276 Dei
2357 2223 2653 2292 jttatiﬁcari
2684 2219 2853 2286 posse}

468 2369 739 2428 Caeterum
786 2388 963 2445 usque
1011 2372 1079 2429 ad
1125 2374 1379 2445 superius
1429 2384 1649 2445 tempus
1700 2374 1831 2431 sivit
1876 2389 1984 2432 nos

397 2482 499 2537 pro
550 2467 708 2522 libito
754 2468 980 2524 incertis
1027 2469 1271 2525 motibus
1310 2469 1530 2539 agitari,
1577 2468 1709 2524 dum
1761 2483 1793 2523 a
1828 2468 1987 2523 volu-

398 2560 641 2632 ptatibus
700 2570 756 2616 et
807 2561 1207 2631 cupiditatibus
1273 2562 1573 2618 transversi
1628 2578 1984 2633 raperemur;

398 2668 510 2707 non
538 2653 759 2723 quidem
793 2654 940 2723 quod
980 2654 1092 2708 ullo
1139 2654 1304 2709 modo
1343 2654 1583 2725 peccatis
1614 2654 1821 2709 nostris
1852 2669 1987 2725 gau-

397 2743 576 2807 deret,
616 2743 714 2798 sed
754 2758 817 2798 ea
850 2744 1123 2810 tolerans;
1174 2760 1351 2814 neque
1392 2745 1525 2799 illud
1570 2760 1679 2815 quo
1719 2744 1986 2809 iniustitia

397 2841 759 2890 exercebatur
803 2843 1019 2905 tempus
1070 2836 1415 2906 approbans,
1470 2836 1562 2893 sed
1606 2845 1844 2891 mentem
1891 2835 1985 2906 ju-

399 2927 564 2983 stitia:
605 2941 843 2989 creans:
878 2939 937 2983 ut
974 2944 1099 2984 cum
1147 2944 1213 2984 eo
1253 2939 1500 2999 tempore
1549 2928 1789 2983 convicti
1836 2942 1988 2982 esse-

2156 2374 2337 2446 Μέχρι
2388 2374 2489 2446 μὲν
2526 2370 2619 2428 οὖν
2658 2373 2755 2428 τοῦ
2794 2375 3028 2448 πρόσθεν
3066 2373 3256 2446 χρόνω
3306 2373 3495 2429 εἴασεν
3538 2378 3696 2448 ήμὶς

2087 2466 2165 2530 ὡς
2202 2464 2535 2536 ἐϐουλόμεθα
2587 2465 2844 2530 ἀτάκτοις
2888 2467 3083 2538 φοραῖς
3120 2465 3418 2535 φέρεσθαι,
3467 2467 3695 2537 ἡδοναῖς

2088 2559 2181 2611 καὶ
2218 2556 2536 2627 ἐπιθυμίαις
2589 2555 2927 2627 ἀγομένους·
2982 2557 3042 2610 οὺ
3085 2557 3302 2620 πάντως
3347 2558 3694 2629 ἐφηδόμενος

2086 2650 2199 2712 τοῖς
2245 2648 2640 2718 ἁμαρτήμασιν
2674 2646 2853 2719 ήμῶν,
2893 2648 3011 2701 ἀλλ’
3039 2648 3397 2719 ἀνεχόμενος⁶
3442 2651 3571 2704 οὐδὲ
3615 2652 3695 2721 τῷ

2087 2741 2210 2793 τότε
2252 2740 2355 2810 τῆς
2384 2739 2597 2803 ἀδικίας
2639 2740 2817 2811 καιρῷ
2849 2741 3208 2805 συνευδοκῶν,
3250 2741 3387 2795 ἀλλά
3428 2743 3524 2795 τὸν
3565 2744 3694 2797 νοιῖν

2085 2832 2186 2902 τῆς
2200 2830 2545 2903 δικαιοσιῖνης
2564 2831 2911 2903 δημιουργῶν
2930 2833 3165 2905 (76)’ἴνα
3185 2836 3242 2886 ἐν
3264 2833 3344 2904 τῷ
3363 2835 3489 2887 τότε
3512 2837 3695 2906 χρόνῳ

2086 2922 2436 2997 ἐλεγχθέντες
2478 2925 2543 2977 ἐκ
2582 2923 2691 2976 τῶν
2733 2924 2878 2978 ίδίων
2923 2924 3101 2997 ἔργων
3131 2926 3339 2992 ἀνάξιοι
3377 2926 3553 2997 ζωῆς,
3597 2927 3694 2980 νῦν

400 3032 527 3071 mus
569 3033 601 3073 e
634 3017 873 3087 propriis
917 3017 1198 3087 operibus,
1241 3018 1352 3073 vita
1391 3032 1515 3073 esse
1563 3016 1791 3085 indigni,
1840 3029 1986 3069 nunc

2113 3015 2198 3068 mo
2238 3016 2338 3085 τῆς
2372 3014 2467 3068 τοῦ
2506 3014 2642 3068 Θεοῦ
2685 3015 3058 3088 χρηστότητος
3095 3014 3451 3088 ἀξιωθῶμεν·
3500 3019 3602 3071 καὶ
3634 3018 3694 3071 τὸ

401 3109 499 3164 Dei
530 3110 845 3180 benignitas
874 3125 974 3164 nos
1007 3126 1071 3165 ea
1095 3111 1414 3181 dignaretur
1440 3128 1455 3177 ;
1494 3117 1700 3165 etcum
1749 3106 1985 3161 manife-

403 3212 555 3255 stum
591 3200 937 3270 fecissemus,
980 3215 1091 3256 non
1138 3216 1302 3271 posse
1339 3216 1407 3257 ex
1445 3215 1512 3256 eo
1551 3198 1700 3270 quod
1740 3198 1795 3253 in
1825 3198 1985 3255 nobis

399 3293 570 3348 situm
599 3293 698 3350 cst'
732 3310 961 3364 regnum
994 3293 1090 3349 Dei
1135 3294 1370 3364 ingredi,
1421 3309 1517 3364 per
1565 3292 1865 3363 potentiam
1889 3289 1985 3346 Dei

404 3384 567 3439 nobis
613 3383 664 3439 id
711 3397 875 3454 posse
922 3383 1167 3439 daretur.
1215 3381 1353 3437 Cum
1398 3390 1579 3435 autem
1604 3378 1674 3435 ad
1701 3377 1984 3433 cumulum

399 3474 610 3528 malitia
664 3482 855 3529 nostra
911 3474 1273 3543 pervenisset,
1322 3479 1379 3527 et
1422 3472 1580 3543 plene
1632 3468 1985 3526 manifestum

400 3566 608 3622 factum
657 3565 822 3631 foret,
858 3566 1169 3629 mercedem
1222 3565 1435 3635 peccati
1477 3578 1601 3621 esse
1632 3561 1984 3633 supplicium,

400 3670 456 3716 et
493 3674 643 3716 mors
688 3667 1103 3731 exspectaretur
1145 3677 1159 3714 :
1212 3658 1639 3728 advenissetque
1690 3664 1910 3726 tempus
1954 3668 1987 3707 a

404 3752 515 3808 Deo
553 3752 922 3823 praestitutum
962 3751 1031 3806 ad
1079 3766 1237 3807 suam
1283 3750 1543 3821 deinceps
1592 3748 1985 3821 benignitatem

402 3861 470 3901 ac
505 3845 805 3916 potentiam
852 3843 1240 3900 declarandam
1266 3884 1282 3909 ,
1323 3850 1379 3898 et
1413 3839 1693 3913 quomodo
1729 3855 1843 3912 prae
1883 3839 1988 3894 im-

402 3952 596 3993 menso
626 3953 736 4007 quo
769 3936 1021 3993 homines
1068 3934 1423 4007 prosequitur
1473 3947 1684 3998 amore,
1721 3948 1824 3988 nos
1858 3930 1987 3987 odio

402 4044 514 4085 non
547 4029 822 4096 habuerit,
862 4044 1039 4101 neque
1082 4029 1360 4099 reiecerit,
1399 4042 1580 4098 neque
1621 4025 1988 4097 improbitatis

403 4129 607 4175 nostra:
636 4135 932 4175 memorem
965 4134 1025 4176 se
1052 4120 1376 4187 ostenderit,
1408 4119 1501 4174 sed
1540 4118 1819 4189 patienter
1860 4131 1986 4171 eam

406 4212 591 4267 tulerit
618 4227 682 4267 ac
710 4212 1068 4277 sustinuerit;
1102 4211 1219 4282 ipse
1247 4218 1474 4281 peccata
1503 4220 1693 4264 nostra
1724 4206 1985 4278 suscepit,

404 4303 690 4373 proprium
737 4303 851 4373 ipse
884 4300 1085 4355 Filium
1140 4300 1374 4371 pretium
1436 4297 1835 4368 redemptionis
1887 4312 1989 4367 pro

2084 3106 2207 3162 καθ’
2240 3105 2469 3167 ἑαυτοὺς
2514 3105 2932 3178 φανερώσαντες
2978 3107 3241 3161 ἀδύνατον
3290 3106 3565 3161 εἰσελθεῖν
3612 3111 3693 3173 είς

2083 3200 2182 3271 τὴν
2213 3198 2491 3270 βασιλείαν
2532 3196 2627 3251 τοῦ
2665 3196 2822 3263 Θεοῦ,
2851 3201 2919 3270 τῇ
2955 3198 3183 3271 δυνάμει
3225 3198 3321 3251 τοῦ
3347 3198 3490 3253 Θεοῦ
3524 3193 3694 3255 δυνα-

2083 3293 2169 3345 τοὶ
2195 3291 2537 3363 γενηθῶμεν.
2597 3291 2751 3345 Ἐπεὶ
2775 3291 2832 3345 δὲ
2863 3291 3193 3363 πεπλήρωτο
3219 3292 3319 3363 μὲν
3359 3293 3393 3363 ἡ
3437 3294 3692 3366 ἡμετέρα

2084 3383 2289 3447 ἀδικία,
2322 3384 2417 3436 καὶ
2443 3382 2671 3448 τελείως
2699 3383 3054 3454 πεφανέρωτο
3077 3384 3157 3436 δτι
3176 3386 3203 3438 ὁ
3233 3384 3429 3454 μισθὸς
3454 3386 3687 3455 (77).....

2085 3475 2327 3540 κόλασις,
2348 3477 2445 3529 καὶ⁸
2477 3475 2707 3540 θάνατος
2740 3477 3109 3548 προσεδοκᾶτο
3128 3494 3141 3507 ·
3171 3473 3304 3548 ἦλθε
3339 3478 3397 3530 δέ
3442 3479 3474 3530 ό
3497 3478 3691 3549 καιρὸς

2085 3567 2145 3621 ὃν
2167 3567 2301 3631 Θεὸς
2336 3568 2602 3640 προέθετο
2627 3567 2814 3621 λοιπὸν
2848 3570 3162 3642 φανερῶσαι
3190 3571 3291 3641 τὴν
3314 3570 3516 3624 ἐαυτοῦ
3553 3588 3689 3641 χρη-

2088 3657 2323 3727 στότητα
2351 3659 2445 3711 καὶ
2484 3658 2736 3730 δύναμιν,
2767 3660 2926 3725 ὡς...
2968 3660 3419 3733 ὑπερϐαλλούσης
3447 3661 3565 3733 (78)
3599 3680 3687 3731 φι-

2088 3751 2443 3824 λανθρωπίας
2471 3752 2572 3823 μία
2599 3752 2906 3824 ἀγάπη.....
2932 3754 3033 3807 οὐκ
3062 3753 3330 3825 ἐμίσησεν
3354 3754 3528 3823 ἡμᾶς,
3566 3754 3691 3807 οὐδὲ

2088 3843 2370 3907 ἀπώσατο,
2388 3844 2509 3897 οὐδὲ
2530 3845 2996 3916 ἐμνησικάκησεν.
3029 3845 3189 3899 Ἀλλά
3203 3845 3496 3916 ἐμακροθιῖ
3493 3864 3686 3917 μησεν,

2087 3936 2367 4006 ⁴ἠνέσχετο,
2395 3935 2570 4004 λέγων
2606 3936 2771 4001 αὐτὸς
2794 3934 2930 4010 (79),
2964 3937 3063 4001 τὰς
3099 3936 3375 4008 ἡμετέρας
3407 3937 3689 4008 ἁμαρτίας

2088 4028 2372 4093 ἀνεδέξατο
2389 4045 2407 4058 ι
2431 4028 2597 4093 αὐτὸς
2622 4028 2715 4083 τὸν
2748 4028 2881 4083 ἴδιον
2914 4030 3042 4083 Υἰὸν
3068 4029 3298 4083 ἀπέδοτο
3325 4028 3527 4100 λύτρον
3549 4029 3689 4101 ὑπὲρ

2088 4118 2269 4189 ήμῶν,
2304 4119 2396 4172 τὸν
2424 4118 2581 4186 ἀγιον
2608 4119 2750 4191 ὑπὲρ
2772 4119 3011 4190 ἀνόμων,
3037 4119 3132 4172 τὸν
3159 4119 3369 4173 ἄκακον
3405 4118 3555 4191 ὑπὲρ
3581 4117 3689 4171 τῶν

2090 4210 2296 4275 κακῶν,
2320 4211 2413 4265 τὸν
2437 4210 2653 4265 δίκαιον
2683 4211 2827 4284 ὑπὲρ
2871 4211 2981 4265 τῶν
3022 4212 3248 4277 ἀδίκων,
3291 4210 3385 4265 τὸν
3411 4210 3688 4281 ἄφθαρτον

2092 4303 2235 4376 ὑπὲρ
2263 4303 2374 4356 τῶν
2415 4302 2695 4375 φθαρτῶν,
2720 4303 2814 4357 τὸν
2838 4303 3109 4357 ἀθάνατον
3143 4304 3287 4375 ὑπὲρ
3317 4302 3428 4356 τῶν
3457 4302 3682 4373 θνητῶν.

406 4395 566 4451 nobis
596 4395 763 4460 dedit,
793 4403 1047 4451 sanctum
1086 4408 1186 4464 pro
1210 4392 1277 4450 iis
1298 4392 1393 4464 qui
1435 4392 1609 4465 legem
1657 4390 1984 4461 transgressi

2113 4394 2158 4447 Γί
2183 4393 2292 4465 γὰρ
2324 4392 2453 4447 ἀλλο
2478 4392 2577 4457 τὰς
2602 4393 2895 4465 ⁶ἁμαρτίας
2928 4393 3084 4465 ήμῶν
3119 4392 3361 4464 ἠδυνήθη
3390 4390 3683 4462 καλύψαιῆ

479 4532 594 4601 (75)
633 4533 743 4586 Καὶ
770 4533 1010 4603 ἀγαθός.
1063 4530 1174 4587 llas
1206 4547 1374 4587 voces
1402 4531 1801 4602 expungendas
1832 4536 1992 4603 putat

408 4600 743 4674 Stephanus,
789 4600 919 4674 quia
978 4619 1105 4657 mox
1148 4604 1398 4672 sequitur
1441 4600 1537 4656 καὶ
1576 4600 1734 4673 μόνος
1762 4600 1988 4670 ἀγαθός,

406 4673 531 4745 sed,
551 4683 620 4745 ut
655 4673 909 4745 observat
946 4674 1289 4745 Sylburgius,
1327 4674 1463 4745 n_ihil
1497 4675 1843 4745 mutandum.

478 4743 592 4813 (74)
631 4745 792 4797 Ἐπεὶ
820 4743 888 4797 δὲ
913 4742 1291 4811 ἀπέκάλυψε.
1338 4742 1381 4796 Ε
1405 4744 1625 4815 regione
1650 4746 1992 4815 horum-ver-

405 4812 600 4868 borum
644 4816 941 4885 ascriptum
979 4825 1097 4885 erat
1138 4815 1206 4869 ad
1245 4812 1548 4885 marginem
1616 4812 1988 4885 ms.codicis:

409 4885 534 4957 Ὅτι
564 4883 869 4957 ἐκρύπτετο
903 4884 1188 4957 τοσούτους
1217 4883 1439 4957 χρόνους
1473 4885 1535 4937 τὸ
1570 4884 1992 4957 μυστᾲήριονᾉτῆς

412 4901 534 4937 "Uti.
564 4901 869 5007 ειίρυπτετο
903 4902 1188 4964 τοσουτους
1217 4901 1439 4961 χρονους
1473 4901 1535 4937 το
1570 4901 1864 5006 μυστηριον
1890 4902 1991 4953 της

650 4956 829 5026 ριάδος
867 4956 1030 5028 μέχρι
1072 4973 1166 5009 του
1214 4956 1593 5027 βαπτίσματος
1627 4973 1723 5009 του
1788 4972 1816 5007 ν
1858 4954 1991 5026 Ἰορ-

478 5038 596 5169 (is)
634 5096 747 5149 Καὶ
776 5095 943 5169 ἰδεῖν.
976 5096 1251 5153 Beurerus
1282 5097 1409 5168 legit
1453 5097 1706 5169 metuat
1744 5094 1989 5169 ποιῆσαι.

408 5163 604 5239 Melius
638 5183 762 5221 cum
790 5168 1082 5239 Sylburgio
1112 5163 1359 5237 legemus
1382 5167 1737 5237 κατανοῆσαι.
1787 5163 1991 5239 ibidem

409 5234 634 5311 Deureri
670 5234 1059 5311 ‘apographu'm
1107 5234 1435 5311 προσεδόκα,
1461 5251 1515 5294 et
1543 5234 1670 5293 mdx
1697 5235 1995 5308 ἐπιθυμίας

408 5306 833 5379 ἁταλλομένους.

462 5377 627 5463 ,(Ἱϐξ
652 5379 837 5463 nua
852 5381 968 5463 eor
994 5379 1280 5463 γοῦῂτῆς
1300 5378 1691 5463 δικαιρᾳύνῃς
1716 5380 1997 5449 dmum?-

409 5446 554 5528 Τῶν.
579 5446 687 5503 Sed
723 5459 946 5505 mentem
981 5446 1439 5520 justitiw‘creans.
1463 5450 1519 5506 ld
1550 5446 1653 5516 est,
1679 5446 1997 5520 praeparans

414 5518 565 5571 Illam
593 5519 890 5589 justitiam,
930 5537 1204 5592 quaeinon
1245 5522 1426 5576 littera
1459 5522 1553 5575 sed
1584 5522 1778 5589 spiritu
1819 5523 1997 5576 conti-

414 5596 597 5662 netur,
649 5605 882 5662 quagque
926 5591 1012 5647 est
1049 5591 1271 5662 justitig
1304 5593 1532 5662 Dei_(ut
1575 5592 1652 5646 ait
1698 5592 1997 5662 Apostolus

418 5657 577 5711 Rom.
624 5657 709 5723 ni,
750 5657 846 5731 22)
895 5679 987 5732 per
1030 5657 1188 5731 ﬁdem
1226 5660 1369 5717 Jeeu-
1394 5657 1597 5717 Christi
1635 5663 1702 5732 in;
1734 5657 1910 5717 omnes
1946 5674 1997 5720 et

413 5742 572 5794 super
631 5744 810 5787 omnes

1441 5749 1582 5791 eum.
1660 5731 1874 5789 MARAN.
1940 5735 1997 5794 in

421 5795 663 5857 Addend.

868 5733 960 5787 ani
1033 5732 1252 5789 credunt
1319 5734 1375 5787 in

2178 4528 2289 4600 (77)
2328 4531 2578 4596 Μισθός.
2640 4529 2808 4584 Addit
2858 4527 3322 4600 Steplianusicﬁ;
3373 4528 3681 4600 ἁμαρτίας,

2092 4598 2195 4654 sed
2240 4598 2439 4671 melius
2489 4602 2543 4654 in
2599 4600 2919 4670 apographo
2983 4598 3206 4671 Beureri
3262 4598 3457 4668 μισθὸς
3504 4598 3685 4671 αὐτῆς

2092 4685 2289 4752 nempe
2320 4669 2649 4752 lnjustitiaa,
2698 4671 2768 4725 de
2798 4669 2911 4740 qua
2960 4669 3127 4740 paulo
3174 4677 3301 4724 ante
3350 4671 3571 4725 locutus
3606 4669 3685 4725 εει

2092 4749 2292 4794 auctor
2316 4739 2597 4809 Epistolm.
2816 4739 2825 4740 ί
2963 4739 2971 4740 “

2166 4810 2280 4879 (78)
2325 4811 2441 4876 Ὡς.
2484 4852 2497 4865 .
2533 4849 2549 4865 .
2581 4851 2597 4867 .
2625 4811 3154 4879 ὑπερϐαλλούσης.
3186 4807 3341 4879 Legit
3377 4807 3682 4879 Stephanus

2093 4879 2169 4943 ὡς
2219 4880 2931 4961 ὑπὸὺπερϐᾳλλούσης
2968 4880 3378 4961 φιλανθρωπίας
3428 4882 3683 4961 καιάγάο

2179 4968 2227 5015 ς,
2254 4924 2450 5007 nielids
2475 4924 2641 5058 ((uai-n
2677 4924 3291 5058 BeurerinTograpbon,
3313 4924 3509 5020 ώξτῆς
3530 4924 3682 5025 ὑπέρ-

2179 5020 2397 5058 nmina,-
2438 5040 2491 5058 ιη.
2535 5022 2850 5058 “omnm..-
2904 5039 2934 5058 ..
2967 5039 2995 5058 η
3046 5021 3233 5058 ἂνᾶν-Λ
3284 5020 3380 5058 ερΛῆ
3424 5020 3561 5058 ρης
3590 5026 3679 5058 ηε...

2096 5020 2397 5093 ϐαλλούσης
2434 5020 2850 5093 φιλανθρωπίας
2902 5020 3001 5091 μία
3038 5020 3234 5093 ἀγάπη
3278 5020 3381 5093 τοῦ
3424 5020 3561 5093 Θεοῦ
3590 5020 3681 5077 οὗκ

2095 5090 2377 5161 ἐμίσησεν.
2432 5090 2689 5146 Libenter
2753 5090 2988 5163 legerem
3033 5091 3077 5145 ὦ
3123 5090 3573 5164 ὑπερϐαλλούσης
3611 5113 3682 5163 φι-

2099 5160 2228 5213 λανθ
2240 5161 2451 5215 ρωπίας
2480 5162 2571 5215 οἵα
2592 5160 2799 5215 ἀγάπη.

2133 5178 2451 5285 ανυξωπιας
2480 5178 2571 5215 οια
2592 5178 2799 5243 αγαπη.
3352 5232 3363 5243 _
3584 5234 3596 5244 _

2135 5231 2223 5313 _(7
2315 5230 2538 5313 Aerem.
2567 5231 2793 5313 Videtur
2822 5232 2927 5286 hoc
2944 5230 3189 5313 ver-bum
3238 5231 3490 5313 additum
3522 5232 3680 5288 fuisse

2096 5300 2189 5355 ab‘
2221 5300 2412 5373 aliqro
2452 5303 2802 5356 existimante
2848 5302 3011 5357 verba
3054 5300 3211 5373 [sane
3245 5303 3405 5356 citari
3452 5319 3518 5358 ex
3568 5320 3677 5373 cap.

2105 5384 2228 5445 1:"le
2261 5370 2366 5425 Séd
2398 5373 2755 5445 manifestum
2782 5382 2865 5427 est
2895 5388 3005 5427 non
3041 5372 3109 5445 de
3137 5371 3278 5425 Filio
3324 5373 3415 5427 hic
3451 5374 3559 5445 agi,
3597 5370 3677 5428 si-d

2097 5441 2166 5524 de
2195 5440 2375 5522 Patre,
2408 5444 2502 5512 qui
2551 5452 2783 5524 peccata
2816 5452 3005 5524 nostra
3048 5442 3175 5524 ipse_
3200 5440 3526 5524 suscepisse
3556 5446 3676 5498 dici-

2097 5519 2211 5576 tur,
2233 5512 2426 5583 7n_i_inns
2450 5512 2706 5568 accurate
2732 5513 2785 5567 id
2811 5513 3057 5583 quidem,
3082 5512 3176 5567 sed
3194 5512 3385 5583 tamen
3409 5530 3476 5568 eo
3505 5530 3674 5577 sensu,

2098 5582 2245 5665 quod
2269 5581 2464 5638 Filium
2498 5600 2691 5665 suun-1L
2708 5597 2809 5665 pro
2829 5581 2998 5639 nobis
3031 5581 3300 5665 tradendo
3326 5625 3344 5649 ,
3384 5584 3511 5665 ipse
3534 5585 3675 5665 nobis

2097 5654 2380 5709 victimam
2444 5654 2814 5726 suppeditavit
2842 5669 2950 5725 qua
2997 5661 3222 5725 peccata
3269 5664 3465 5711 nostra
3498 5657 3674 5727 expia.

2099 5732 2308 5783 rentur.
