3838 6218
112 315 268 372 1181

1184 308 1526 367 EPISTOLA
1562 309 1653 365 AD
1708 304 2054 364 DIOGNETU
2064 305 2135 359 Μ.

3264 295 3404 351 H82

113 425 348 479 ἐκείνου
373 423 722 494 δικαιοσύνη;
762 422 821 479 ἐν
843 423 950 479 τίνι
978 423 1334 494 δικαιωθῆναι
1358 423 1471 494 (80)
1501 423 1725 478 δυνατὸν

1837 430 2016 488 erant;
2069 417 2206 474 nihil
2255 416 2442 472 minus
2483 430 2652 486 quam
2697 412 2903 470 malum
2947 425 3048 484 pro
3077 409 3271 480 malis,
3303 410 3399 480 jn-

114 519 260 582 τοὺς
305 518 538 589 ἀνόμους
580 517 729 588 ἡμᾶς
757 518 852 570 καὶ
883 517 1119 581 ἀσεϐεῖς,
1161 515 1279 587 ἢέν
1317 516 1464 588 μόνῳ
1489 515 1567 586 τῷ
1604 515 1718 587 Υίῷ

114 607 227 661 τοῦ
258 607 433 673 Θεοῦ;
472 605 518 659 ὣ
553 607 653 679 τῆς
673 607 932 676 γλυκείας
956 606 1320 678 ἀνταλλαγῆς,
1353 605 1398 659 ὦ
1431 607 1532 678 τῆς
1563 606 1717 673 ἀνεξ-

79 703 82 705 “
119 701 419 770 ιχνιάστου
464 699 859 772 δημιουργίας,
907 699 953 754 ὣ
1001 699 1113 754 τῶν
1161 699 1588 772 ἀπροσδοκήτων
1629 700 1720 752 εὐ-

82 790 444 860 ,εργεσιῶνί
489 790 578 844 ἵνα
619 790 820 861 ἀνομία
875 790 974 862 μὲν
1028 789 1242 844 πολλῶν
1294 791 1352 843 ὲν
1401 790 1592 861 δικαίῳ
1637 791 1718 845 ἑνὶ

73 868 92 880 κ
120 883 338 954 κρυϐᾖ,
367 882 676 955 δικαιοσύνη
706 884 763 937 δὲ
785 883 902 947 ἑνὸς
925 882 1152 946 πολλοὺς
1171 882 1404 954 ἀνόμους
1432 877 1716 948 δικαιώσῃ.

137 975 409 1044 Ἐλὲγξας
436 973 529 1030 οὖν
558 977 616 1030 ὲν
656 977 753 1048 μὲν
776 975 855 1049 τῷ
897 976 1132 1046 πρόσθεν
1167 976 1342 1047 χρόνῳ
1375 974 1436 1028 τὸ
1463 972 1720 1026 ἀδύνατον

122 1067 235 1138 τῆς
269 1067 547 1139 ἡμετέρας
608 1068 824 1138 φύσεως
862 1070 942 1131 εἰς
985 1067 1044 1121 τὸ
1083 1069 1264 1137 τυχεῖν
1308 1065 1488 1136 ζωῆς,
1532 1064 1627 1116 νῦν
1661 1059 1718 1114 δὲ

123 1162 227 1215 τὸν
257 1162 485 1234 Σωτῆρα
511 1162 686 1227 δείξας
707 1201 722 1227 ,
742 1161 969 1216 δυνατὸν
995 1159 1188 1223 σώζειν
1213 1157 1306 1212 καὶ
1342 1156 1417 1224 τά
1452 1156 1717 1219 ἀδύνατα,

126 1254 195 1321 ἐξ
235 1255 560 1327 ἀμφοτέρων
606 1254 872 1327 ἐϐουλήθη
917 1253 1194 1307 πιστεύειν
1220 1253 1366 1325 ήμᾶς
1394 1253 1460 1323 τῇ
1502 1249 1723 1322 χρηστό-

124 1362 260 1416 τητι
302 1345 491 1410 αὐτοῦ,
517 1346 679 1401 αὐτὸν
723 1346 973 1418 ἡγεῖσθαι
1005 1345 1208 1418 τροφέα
1230 1385 1245 1410 ,
1293 1343 1506 1415 πατέρα
1529 1381 1543 1405 ,
1590 1341 1725 1395 διδά-

131 1441 365 1506 σκαλον,
405 1441 706 1513 σύμϐουλον
732 1482 747 1508 ,
792 1440 975 1513 ίατρὸν
999 1480 1014 1503 ,
1054 1439 1199 1503 νοῦν,
1239 1437 1374 1507 φῶς,
1408 1435 1592 1508 τιμήν,
1618 1435 1704 1488 δό-

129 1534 235 1600 ξαν
261 1573 277 1599 ,
318 1536 502 1606 ίσχύν,
540 1534 724 1608 ζωήν·
779 1535 912 1607 περὶ
955 1531 1221 1596 ἐνδύσεως
1267 1530 1362 1585 καὶ
1398 1531 1605 1602 τροφῆς
1647 1527 1723 1600 μὴ
1759 1579 1803 1634 Β

133 1643 270 1698 μερι
279 1629 438 1700 μνᾷν.

1823 523 1970 570 stum
2009 527 2108 584 pro
2145 509 2398 580 injustis,
2442 506 2816 578 corruptionis
2870 504 3120 560 nescium
3161 517 3263 572 pro
3303 501 3404 555 ob-

1821 606 2006 660 noxiis
2052 601 2432 671 corruptioni,
2489 598 2861 654 immortalem
2907 611 3008 666 pro
3049 592 3400 649 mortalibus.

1822 697 1964 765 Quid
1999 697 2144 752 enim
2167 694 2315 750 aliud
2338 701 2559 763 peccata
2589 699 2776 746 nostra
2812 688 2996 759 potuit
3033 695 3212 758 legere
3237 698 3404 754 quam

1824 786 1945 856 ejus
1983 784 2234 855 justitia?
2277 784 2334 837 in
2367 796 2479 852 quo
2522 781 2632 836 alio
2662 795 2765 835 nos
2799 778 2976 848 iniqui
3010 785 3066 832 et
3107 775 3261 844 impii
3310 774 3403 843 ju-

1827 877 2054 933 stiﬁcari
2083 890 2379 947 possumus
2404 889 2568 944 quam
2622 872 2678 926 in
2713 872 2832 928 solo
2864 870 2958 925 Dei
2987 868 3166 922 Filio?
3209 865 3253 921 Ο
3285 865 3407 919 dul-

1828 987 1947 1028 cem
1976 969 2468 1041 permutationem!
2500 982 2532 1021 ο
2559 963 3058 1037 impervestigabile
3087 958 3402 1020 artiﬁcium!

1826 1081 1860 1118 υ
1895 1061 2160 1119 beneﬁcia
2191 1062 2659 1132 exspectationem
2705 1071 2923 1112 omnem
2957 1053 3300 1124 superantia!
3347 1059 3410 1105 ut

1826 1158 2089 1228 iniquitas
2127 1156 2350 1227 quidem
2395 1155 2694 1209 multorum
2747 1151 2801 1205 in
2836 1150 2987 1220 justo
3029 1161 3140 1201 uno
3169 1145 3403 1199 absconw

1828 1251 2011 1315 datur,
2037 1249 2250 1321 justitia
2282 1260 2463 1304 autem
2501 1247 2667 1302 unius
2725 1244 2894 1300 iaciat
2923 1251 2980 1297 ut
3017 1239 3174 1295 multi
3214 1235 3407 1306 injusti

1825 1344 2216 1415 justiﬁcentur.
2250 1342 2389 1397 Cum
2427 1340 2592 1412 igitur
2626 1336 2896 1409 superiori
2927 1344 3170 1404 tempore
3198 1327 3408 1400 (hujus)

1829 1450 1932 1489 nos
1958 1434 2084 1505 (rei)
2119 1433 2485 1498 convicisset,
2535 1447 2643 1485 non
2671 1443 2834 1498 posse
2869 1435 3115 1481 nostram
3157 1429 3409 1483 naturam

1829 1527 1998 1582 vitam
2030 1525 2321 1595 consequi,
2350 1539 2498 1578 nunc
2543 1530 2726 1576 autem
2753 1517 3097 1574 Servatorem
3142 1509 3412 1567 ostendis-

1832 1629 1936 1686 set,
1966 1619 2061 1691 qui
2101 1633 2324 1675 servare
2361 1625 2548 1688 posset
2583 1630 2648 1670 ea
2679 1615 2844 1668 etiam
2880 1626 3001 1680 qua:
3046 1605 3253 1663 servari
3301 1619 3412 1658 non

131 1727 436 1788 poterant;
484 1715 740 1789 utrinque
829 1733 932 1773 nos
976 1714 1300 1788 benignitati
1357 1729 1473 1770 sum
1524 1713 1685 1769 ﬁdem
1751 1711 1958 1768 habere
2011 1711 2210 1779 voluit,
2280 1712 2462 1781 ipsum
2535 1707 2855 1763 existimare
2899 1703 3148 1767 altorem,
3216 1714 3414 1770 paren-

132 1822 274 1878 tem,
310 1812 656 1884 magistrum,
688 1811 1090 1878 consiliarium,
1154 1808 1447 1870 medicum,
1508 1813 1769 1874 mentem,
1801 1805 2003 1874 lucem,
2056 1805 2347 1872 honorem,
2380 1801 2633 1875 gloriam,
2671 1799 2863 1866 robur,
2892 1796 3060 1851 vitam
3088 1810 3102 1847 :
3128 1794 3194 1850 de
3215 1793 3414 1849 vestitu

132 1914 196 1960 et
216 1905 365 1961 victu
401 1906 667 1963 sollicitos
699 1922 808 1962 non
837 1920 983 1962 esse.

327 2077 459 2134 Car.
494 2075 563 2132 Χ.
601 2077 868 2150 Diogneto
903 2075 1131 2131 ostendit
1153 2082 1362 2143 auctor,
1392 2083 1516 2145 quot
1541 2080 1590 2128 et
1622 2079 1827 2142 quanta
1867 2068 1936 2124 ad
1974 2083 2093 2123 eum
2124 2075 2344 2122 ventura
2376 2065 2480 2119 sint
2516 2064 2674 2126 bona,
2704 2061 2751 2116 si
2782 2060 2942 2132 ﬁdem
2979 2057 3256 2128 suscipiat.

211 2232 435 2303 Ταύτην
478 2229 574 2284 καὶ
631 2228 696 2283 σὺ
753 2228 853 2300 τὴν
887 2228 1070 2282 πίστιν
1121 2230 1216 2284 ἐὰν
1250 2228 1422 2300 ποθῇς
1467 2226 1577 2298 (81)
1632 2225 1729 2280 καὶ⁸

133 2324 351 2396 λάϐῃς,
380 2322 596 2394 πρῶτον
639 2320 737 2392 μὲν
777 2321 1070 2390 ἐπίγνωσιν
1107 2321 1218 2393 (8‘2)
1248 2340 1308 2374 π.
1354 2359 1368 2373 .
1414 2360 1428 2374 .
1475 2359 1488 2372 .
1534 2359 1548 2372 .
1595 2360 1607 2371 .
1654 2358 1667 2371 .
1711 2356 1726 2372 .

144 2458 158 2470 .
207 2456 222 2471 .
268 2456 285 2471 .
322 2456 336 2469 .
385 2457 398 2469 .
444 2457 457 2469 .
504 2457 518 2469 .
565 2456 579 2468 .
623 2455 637 2469 .
679 2415 707 2468 ό
745 2415 856 2487 γὰρ
887 2414 1020 2478 Θεὸς
1059 2417 1188 2479 τούς
1232 2413 1554 2487 ἀνθρώπους
1587 2412 1728 2483 ήγά-

139 2526 327 2579 πησε,
368 2508 435 2560 δι’
488 2505 584 2571 οὒς
634 2507 859 2578 ἐποίησε
903 2507 995 2560 τὸν
1041 2506 1283 2577 κόσμον,
1335 2501 1433 2574 ⁵οίς
1493 2503 1729 2570 ὑπέταξε

137 2605 327 2657 πάντα
361 2600 430 2654 τὰ
460 2601 518 2653 ὲν
559 2640 573 2653 .
619 2640 632 2652 .
679 2639 692 2652 .
737 2637 752 2654 .
796 2639 809 2652 .
849 2593 933 2661 οἷς
967 2597 1146 2668 λόγιον
1174 2599 1372 2652 ἔδωκεν
1396 2641 1410 2665 ,
1453 2593 1534 2662 οἷς
1567 2599 1724 2653 νοῦν·

137 2689 228 2758 οἷς
283 2692 463 2762 μόνοις
498 2690 618 2762 (85)
668 2689 806 2760 πρὸς
849 2690 1011 2744 αὐτὸν
1035 2691 1168 2761 όρᾷν
1193 2688 1462 2760 ἐπέτρεψε
1487 2707 1500 2719 ·
1542 2688 1637 2753 οὓς
1666 2691 1732 2744 ἐκ

138 2784 248 2854 τῆς
287 2783 423 2847 ίδίας
461 2783 668 2846 είκόνος
707 2781 909 2834 ἔπλασε
933 2799 946 2812 ·
992 2781 1131 2853 πρὸς
1176 2780 1270 2846 οὓς
1317 2781 1601 2834 ἀπέστειλε
1637 2782 1731 2835 τὸν

139 2876 278 2932 Υίὸν
318 2874 482 2931 αὐτοῦ
511 2876 604 2929 τὸν
649 2875 912 2947 μονογενῆ
936 2891 950 2904 ·
982 2870 1064 2938 οἷς
1096 2873 1196 2945 τὴν
1226 2875 1283 2928 ὲν
1315 2872 1530 2946 οὐρανῷ
1575 2874 1721 2945 βασι-

138 2965 299 3018 λείαν
331 2964 714 3036 ἐπηγγείλατο,
739 2965 834 3018 καὶ⁵
856 2963 1018 3018 δώσει
1036 2967 1149 3029 τοῖς
1173 2966 1522 3037 ἀγαπήσασιν
1546 2964 1726 3018 αὐτόν.

155 3056 445 3125 Ἔπιγνούς
495 3057 572 3120 δὲ,
603 3057 748 3119 τίνος
791 3057 895 3110 οίει
940 3055 1393 3128 πληρωθήσεσθαι
1439 3056 1651 3127 χαρᾶς;
1694 3054 1729 3128 ἢ

141 3145 266 3209 πῶς
289 3147 597 3219 ἀγαπήσεις
626 3146 720 3202 τὸν
748 3146 922 3210 οὕτως
964 3147 1436 3218 προαγαπήσαντά
1461 3163 1556 3212 σε;
1590 3146 1730 3214 ἀγα-

139 3240 330 3311 πήσας
360 3239 439 3304 δὲ,
479 3240 722 3312 μιμητὴς
751 3239 850 3313 ἔσῃ
883 3238 1048 3293 αὐτοῦ
1081 3239 1182 3310 τῆς
1219 3239 1603 3310 χρηστότητος·
1638 3238 1732 3291 κα)⁸

144 3310 225 3404 μή
272 3331 578 3402 θαυμάσῃς,
612 3310 926 3386 γείήδύναται
979 3333 1223 3403 μιμητὴς
1264 3331 1550 3403 ἄνθρωπος
1581 3329 1731 3400 γενέ-
1759 3310 1801 3366 C

142 3422 276 3476 σθαι
327 3423 483 3477 Θεοῦ.
536 3422 790 3488 Δύναται,
847 3423 1091 3485 θέλοντος
1146 3422 1333 3477 αὐτοῦ.
1389 3424 1463 3476 Οὐ
1518 3422 1627 3494 γάρ
1671 3421 1734 3475 τὸ

143 3512 640 3566 καταδυναστεύειν
684 3513 794 3567 τῶν
841 3514 1092 3585 πλησίον,
1131 3513 1252 3566 οὐδὲ
1293 3514 1355 3565 τὸ
1394 3512 1556 3566 πλέον
1588 3512 1733 3584 ἔχειν

144 3603 433 3674 βούλεσθαι
478 3605 590 3658 τῶν
634 3606 1058 3678 ἀσθενεστέρων·
1095 3605 1215 3659 οὐδὲ
1249 3604 1309 3658 τὸ
1353 3604 1601 3658 πλουτεῖν
1639 3603 1734 3657 καὶ

145 3695 432 3766 βιάζεσθαι
491 3699 620 3761 τοὺς
670 3699 1124 3772 ὑποδεεστέρους,
1183 3699 1516 3771 εὐδαιμονεῖν
1562 3702 1730 3755 ἐστιν·

142 3787 267 3841 οὐδὲ
311 3789 370 3841 ὲν
396 3788 607 3853 τούτοις
649 3789 872 3844 δύναταί
901 3809 988 3855 τις
1026 3791 1368 3862 μιμήσασθαι
1402 3790 1555 3844 Θεόν·
1597 3792 1734 3845 ἀλλά

140 3879 321 3933 ταῦτα
363 3881 519 3944 ἐκτὸς
563 3880 675 3950 (84)
710 3882 810 3953 τῆς
855 3883 1064 3936 ἐκείνου
1102 3882 1538 3954 μεγαλειότητος.
1593 3883 1734 3936 Ἀλλ’

146 3971 300 4035 ὅστις
341 3973 401 4027 τὸ
451 3973 546 4027 τοῦ
597 3973 825 4045 πλησίον
870 3975 1186 4046 ἀναδέχεται
1237 3975 1431 4047 βάρος,
1476 3975 1535 4039 ὃς
1581 3975 1639 4028 έν
1687 3967 1734 4043 ᾧ

147 4064 424 4135 κρείσσων
456 4066 625 4131 ἐστὶν,
654 4067 840 4138 ἕτερον
874 4069 965 4120 τὸν
1006 4067 1396 4138 ἐλαττούμενον
1427 4066 1734 4140 εὐεργετεῖν

146 4154 348 4219 ἐθέλει,
373 4155 475 4210 ὅσα
511 4157 664 4228 παρά
691 4156 784 4210 τοῦ
827 4157 962 4212 Θεοῦ
1006 4156 1186 4211 λαϐὼν
1224 4158 1356 4228 ἔχει,
1394 4158 1566 4212 ταῦτα
1614 4160 1734 4213 ἐπι-

144 4245 421 4316 δεομένοις
452 4247 724 4320 χορηγῶν,
758 4247 890 4313 Θεὸς
921 4248 1129 4319 γίνεται
1169 4249 1278 4303 τῶν
1323 4251 1724 4322 λαμϐανόντων·

144 4335 300 4404 οὗτος
334 4341 580 4413 μιμητής
609 4343 726 4396 ἐστι
752 4341 908 4397 Θεοῦ.
936 4344 1070 4399 Τότε
1103 4345 1273 4419 θεάσῃ
1316 4345 1599 4416 τυγχάνων
1637 4345 1730 4400 ἐπὶ

144 4433 284 4504 γῆς,
328 4433 409 4487 ὅτι
457 4433 590 4498 Θεὸς
645 4437 703 4489 ὲν
747 4435 997 4506 οὐρανοῖς
1041 4437 1153 4510 (85)
1194 4438 1559 4493 πολιτεύεται·
1605 4440 1730 4496 τότε

149 4528 425 4596 μυστήρια
473 4528 609 4582 Θεοῦ
671 4529 851 4583 λαλεῖν
917 4529 1059 4599 ἄρξῃ
1092 4549 1107 4563 ·
1157 4532 1277 4586 τότε
1328 4533 1455 4596 τούς
1507 4533 1733 4596 κολαζο-

1913 2221 2089 2292 Hujus
2118 2221 2283 2277 etiam
2312 2229 2367 2276 tu
2387 2218 2509 2275 ﬁdei
2531 2217 2579 2274 si
2602 2217 2873 2273 desiderio
2900 2218 3157 2282 tenearis,
3182 2226 3236 2271 et
3257 2216 3407 2270 illam

1839 2316 2098 2386 accipias,
2127 2315 2364 2384 primum
2396 2312 2618 2383 quidem
2662 2325 2961 2381 cognosces
2993 2308 3232 2365 Patrem.
3273 2308 3418 2363 Deus

1836 2411 1983 2468 enim
2011 2408 2265 2463 homines
2290 2405 2499 2472 dilexit,
2531 2412 2751 2474 propter
2776 2417 2913 2473 quos
2967 2403 3232 2456 mundum
3265 2417 3417 2456 crea-

1835 2502 1935 2568 vit,
1981 2500 2183 2570 quibus
2228 2497 2414 2552 omnia
2475 2495 2713 2566 subjecit
2765 2510 2890 2564 qua-
2920 2493 2974 2548 in
2999 2494 3204 2548 mundo
3246 2503 3418 2561 sunt,

1837 2593 2038 2664 quibus
2069 2592 2359 2652 rationem,
2398 2589 2599 2659 quibus
2626 2597 2867 2642 mentem
2895 2587 3064 2653 dedit,
3094 2588 3295 2656 quibus
3324 2602 3418 2642 so-

1837 2685 1905 2740 lis
1927 2685 1993 2739 ad
2023 2684 2202 2752 ipsum
2225 2682 2415 2736 oculos
2447 2679 2696 2735 attollere
2727 2679 2998 2750 permisit,
3017 2694 3156 2749 quos
3183 2678 3249 2732 ad
3276 2677 3412 2732 ima-

1839 2777 2017 2848 ginem
2043 2791 2200 2831 suam
2231 2773 2509 2839 formavit,
2536 2773 2603 2827 ad
2639 2787 2778 2842 quos
2812 2771 3008 2826 Filium
3034 2786 3196 2827 suum
3226 2771 3419 2841 unige—

1837 2867 2014 2921 nitum
2061 2865 2233 2926 misit,
2285 2862 2489 2934 quibus
2533 2860 2755 2917 caeleste
2802 2877 3033 2931 regnum
3063 2860 3339 2932 promisit,
3364 2870 3420 2915 et

1837 2959 2012 3025 dabit,
2045 2957 2190 3029 quod
2227 2957 2407 3026 ipsum
2442 2954 2753 3010 dilexerint.
2799 2953 3099 3025 Postquam
3138 2963 3322 3010 antem
3352 2956 3420 3010 il-

1838 3050 1950 3104 lum
1978 3048 2324 3118 cognoveris,
2355 3055 2558 3116 quanta
2587 3054 2638 3100 te
2662 3046 2947 3115 impletum
2985 3046 3050 3100 iri
3086 3046 3274 3101 laetitia
3304 3047 3421 3101 exi-

1843 3141 2074 3197 stimas?
2126 3149 2220 3194 aut
2269 3147 2537 3209 quantum
2572 3138 2767 3208 diliges
2814 3153 2941 3192 eum
2974 3138 3067 3208 qui
3093 3139 3243 3208 prior
3269 3149 3320 3193 te
3347 3140 3422 3194 ita

1834 3232 2127 3288 dilexerit?
2153 3231 2290 3285 Cum
2321 3240 2501 3286 autem
2524 3231 2752 3301 diligere
2773 3233 3027 3300 coeperis,
3053 3231 3295 3287 imitator
3324 3233 3420 3288 be-

1836 3324 2124 3394 nignitatis
2147 3322 2268 3392 ejus
2295 3323 2428 3378 eris.
2457 3323 2534 3377 Ac
2569 3339 2637 3377 ne
2686 3323 2907 3378 mireris
2947 3340 3110 3393 posse
3140 3325 3416 3379 hominem

1836 3430 1958 3470 esse
1987 3414 2318 3468 imitatorem
2344 3413 2460 3468 Dei.
2504 3413 2712 3477 Potest,
2750 3429 2818 3469 eo
2850 3415 3086 3470 volente.
3114 3415 3233 3472 Non
3270 3417 3420 3472 enim

1838 3509 2124 3580 imperium
2155 3509 2208 3564 in
2236 3511 2520 3580 proximos
2554 3510 2827 3576 obtinere,
2862 3526 3040 3580 neque
3085 3512 3221 3566 velle
3243 3513 3422 3581 potio-

1837 3618 1898 3658 re
1928 3602 2237 3658 conditione
2258 3617 2380 3657 esse
2394 3619 2559 3673 quam
2596 3603 2633 3656 ii
2662 3603 2755 3673 qui
2788 3614 2916 3658 sunt
2942 3603 3296 3670 inﬁrmiores,
3325 3621 3422 3659 ne-

1837 3709 1947 3765 que
1993 3694 2215 3749 divitem
2277 3710 2420 3762 esse,
2447 3702 2503 3750 et
2533 3695 2643 3748 vim
2670 3693 2874 3748 inferre
2905 3694 3294 3762 inferioribus,
3337 3705 3422 3750 cst

1838 3787 2057 3843 beatum
2081 3803 2201 3843 esse
2230 3806 2243 3843 :
2275 3803 2453 3858 neque
2479 3788 2533 3843 iu
2569 3788 2655 3842 his
2684 3786 2854 3842 Deum
2890 3788 3092 3843 imitari
3124 3789 3420 3858 quisquam

1839 3887 2048 3948 potest;
2081 3878 2177 3934 sed
2211 3879 2329 3934 haec
2355 3889 2510 3933 extra
2531 3879 2652 3948 ejus
2682 3879 3024 3947 majestatem
3056 3890 3203 3934 sunt.
3227 3881 3295 3933 At
3323 3879 3419 3948 qui

1839 3970 2075 4041 proximi
2108 3985 2248 4027 onus
2276 3971 2330 4025 in
2374 3987 2433 4026 se
2454 3971 2680 4041 recipit;
2714 3972 2808 4041 qui
2833 3987 2942 4042 qua
2977 3971 3029 4024 in
3065 3987 3125 4025 re
3156 3973 3412 4041 superior

1838 4071 1945 4128 est,
1985 4062 2151 4118 alium
2175 4063 2268 4133 qui
2311 4074 2394 4119 est
2434 4062 2684 4130 inferior,
2724 4063 2992 4118 beneﬁcio
3019 4063 3135 4117 vult
3167 4064 3418 4119 allicere:

1841 4153 1936 4224 qui
1990 4171 2334 4225 quaecunque
2387 4156 2572 4224 habet,
2606 4172 2637 4210 a
2668 4155 2778 4211 Deo
2817 4165 3063 4228 accepta,
3089 4172 3152 4211 ea
3183 4157 3421 4227 indignis

1840 4251 2200 4321 suppeditans
2225 4293 2240 4316 ,
2268 4250 2413 4307 Deus
2449 4251 2509 4306 lit
2556 4267 2749 4307 eorum
2778 4253 2873 4324 qui
2900 4252 3210 4322 accipiunt;
3238 4253 3284 4307 is
3324 4251 3420 4306 Dei

1839 4355 1926 4400 est
1972 4345 2231 4400 imitator.
2288 4345 2443 4401 Tunc
2493 4349 2833 4418 perspicies,
2890 4347 2946 4401 in
2989 4355 3130 4400 terra
3177 4347 3419 4416 degens,

1841 4436 2012 4492 Deum
2037 4437 2090 4492 in
2112 4436 2267 4492 cmlis
2318 4439 2584 4494 mundum
2607 4481 2622 4507 ,
2653 4439 2804 4494 velut
2844 4439 3084 4509 aliquam
3118 4439 3420 4506 rempubli-

1841 4544 1984 4594 cam,
2011 4532 2319 4602 gubernare
2345 4575 2362 4600 ,
2388 4542 2501 4586 tum
2527 4531 2786 4602 mysteria
2819 4529 2914 4584 Dei
2961 4529 3110 4600 loqui
3152 4529 3417 4598 incipies;

145 4617 340 4688 μένους
377 4618 471 4672 ἐπὶ
521 4615 601 4700 τῷ
660 4618 735 4689 μὴ
787 4616 961 4670 θέλειν
1013 4617 1358 4690 ἀρνήσασθαι
1409 4619 1581 4686 Θεὸν,
1636 4626 1725 4676 καὶ

1842 4631 1972 4680 tunc
2021 4640 2118 4682 eos
2161 4628 2256 4697 qui
2289 4627 2593 4697 puniuntur
2636 4625 2782 4695 quod
2813 4623 3085 4694 abnegare
3118 4622 3288 4677 Deum
3319 4638 3422 4677 no-

139 4709 450 4779 ἀγαπήσεις
499 4696 596 4762 καὶ
648 4708 990 4779 θαυμάσεις·
1045 4708 1172 4762 τότε
1218 4710 1320 4783 τῆς
1368 4711 1585 4783 ἀπάτης
1636 4714 1732 4768 τοῦ

139 4805 347 4878 κόσμου
392 4805 487 4861 καὶ
529 4806 633 4878 τῆς
663 4805 871 4877 πλάνης
913 4806 1270 4878 καταγνώσῃ·
1327 4808 1456 4862 ὃταν
1503 4809 1565 4862 τὸ
1606 4809 1732 4883 ἀλη-

140 4897 250 4961 θῶς
279 4899 339 4950 ὲν
377 4896 592 4970 οὐρανῷ
623 4898 725 4970 ζῇν
766 4899 1047 4972 ἐπιγνώσῃ
1069 4915 1083 4928 ·
1133 4899 1262 4951 ὅταν
1310 4899 1406 4952 τοῦ
1439 4900 1726 4967 δοκοῦντος

137 4988 327 5047 ἐνθάδε
367 4989 596 5044 Θανάτου
633 4991 1050 5063 καταφρονήσῃς
1073 5028 1088 5055 ,
1125 4989 1256 5045 ὅταν
1291 4993 1386 5046 τόν
1422 4991 1595 5058 ὅντως
1635 4993 1724 5050 θά-

210 5152 324 5222 (sp)
353 5151 758 5220 Δικαιωθῆναι.
791 5147 936 5222 satis
980 5158 1102 5220 apte
1124 5149 1188 5204 ad
1219 5149 1540 5222 Calviniana
1570 5167 1715 5207 com-

139 5221 321 5288 menta
353 5223 663 5283 reddiderat
704 5221 1050 5289 Stephanus,
1096 5236 1190 5288 pro
1224 5221 1383 5287 iustis
1411 5222 1590 5276 haberi
1623 5232 1720 5278 :et

139 5294 300 5364 paulo
344 5303 465 5362 po‘st
487 5291 774 5364 δικαιώσῃ,
806 5291 970 5364 faciat
998 5303 1053 5364 at
1084 5308 1176 5360 pro
1196 5290 1361 5360 justis
1391 5291 1711 5364 habeantur.

211 5360 581 5434 (81)]1ὸθῇς.
617 5360 838 5434 Dubitat
865 5360 1175 5434 Stephanus
1203 5371 1380 5417 utrum
1411 5363 1623 5433 legatur
1659 5364 1716 5418 in

138 5450 245 5489 ms.
282 5433 474 5503 ποθῇς,
503 5450 569 5487 an
601 5433 865 5504 ποθήσῃς.

211 5504 324 5577 (82)
383 5501 984 5577 'Izjqzirrguacf."Adtlit_
1026 5501 1350 5577 Sylburgius
1376 5503 1605 5577 Arta-:96;
1639 5521 1722 5558 σοι

140 5575 398 5648 παρέξειἐ
427 5574 548 5648 Mox
581 5575 888 5648 Stephanus
913 5573 1094 5648 πάντα
1122 5575 1189 5627 τὰ
1213 5573 1289 5648 μέν
1325 5573 1524 5648 κόσμῳ
1538 5577 1622 5631 vel
1663 5577 1722 5630 ἐν

139 5644 330 5720 .
367 5645 690 5720 Sylburgitls
715 5646 865 5720 évﬁj
903 5645 994 5697 ὐπ’
1026 5645 1275 5717 οὐρανόν.

215 5717 331 5783 (85)
363 5714 604 5779 Μάγοις.
634 5714 765 5770 Post
788 5714 1134 5770 hanevocem
1168 5727 1286 5771 erat
1315 5715 1368 5769 in
1399 5733 1502 5772 ms.
1537 5717 1726 5772 codice

138 5785 344 5856 littera,
374 5802 538 5859 quam
566 5785 1100 5857 Stcphanusinitium
1134 5795 1416 5858 csseputat
1442 5789 1590 5846 vocis
1606 5789 1718 5846 ἄνω

1839 4715 1944 4771 lint
1992 4726 2048 4773 et
2107 4719 2303 4791 diliges
2360 4728 2416 4776 et.
2477 4718 2806 4784 miraberis;
2872 4727 3004 4772 tunc
3054 4716 3418 4786 imposturam

1836 4810 2027 4866 mundi
2055 4819 2108 4866 et
2143 4826 2385 4867 errorem
2421 4811 2736 4875 damnabis,
2776 4825 2903 4864 eum
2928 4825 3054 4864 vere
3081 4809 3133 4865 in
3164 4810 3306 4864 coelo
3336 4810 3419 4863 vi-

1834 4917 1959 4958 vere
1983 4902 2242 4959 didiceris
2272 4921 2286 4958 :
2312 4918 2436 4959 cum
2461 4903 2582 4974 ejus
2605 4917 2730 4972 qua:
2763 4902 2853 4958 hic
2891 4917 3043 4957 mors
3069 4917 3192 4956 esse
3226 4917 3418 4956 cense-

1831 5005 1944 5064 tlll‘,
1994 5005 2341 5066 contemptor
2371 5010 2527 5064 CSSC;
2565 5003 2620 5050 οι
2661 5002 2916 5062 mortem,
2949 5008 3072 5064 quae
3108 5007 3297 5048 revera
3329 5000 3416 5048 εει

1817 5162 1912 5212 aut
1951 5155 2161 5220 ἀτενές.
2185 5153 2429 5210 Habebat
2449 5153 2560 5209 ἄνω
2582 5153 2940 5224 apographon
2967 5151 3224 5224 Beureri.

1889 5226 2002 5297 (8-4)
2045 5227 2219 5281 Ἀλλὰ
2264 5225 2453 5279 ταῦτα
2490 5222 2857 5297 ἐκτόςξκζτ.
2889 5222 3090 5297 .1.Sred
3121 5223 3234 5297 licet:
3262 5231 3417 5297 egctra

1826 5294 1942 5365 ejus
1962 5294 2293 5366 majestatem
2321 5307 2465 5352 sunt.
2486 5296 2536 5350 ld
2554 5307 2655 5360 est,
2671 5295 2952 5350 contraria
2970 5296 3115 5366 illius
3130 5294 3417 5366 ditissinne

1821 5363 2216 5438 beneﬁcentim,
2249 5382 2415 5438 quam
2447 5367 2649 5421 imitari
2703 5366 2990 5421 debemus.
3024 5363 3308 5423 MARANUS,
3363 5365 3420 5416 iu

1825 5437 2209 5492 Emendandis.

1899 5510 2012 5579 (85)
2075 5507 2503 5579 Ἐνγοὺρίινοῖς.
2538 5506 2594 5579 In
2635 5509 2737 5563 hac
2769 5520 2902 5562 voce
2932 5505 3186 5579 librarios
3223 5503 3416 5579 lapsos

1828 5575 1951 5636 esse
1985 5575 2141 5649 putat
2182 5575 2494 5648 Stephanus
2526 5578 2596 5649 ob
2639 5579 2924 5649 scripturae
2970 5575 3413 5649 similitudinem,

1828 5661 1883 5706 et
1912 5647 2198 5720 legendum
2245 5647 2304 5720 ἐν
2361 5648 2692 5720 ἀνθρώποις.
2743 5647 2878 5720 Nam
2913 5647 3197 5702 brevitatis
3243 5659 3413 5701 causa

1832 5717 1998 5780 scribi
2026 5722 2164 5782 solet
2193 5723 2250 5776 ἐν
2276 5719 2424 5786 άνοις
2457 5717 2556 5793 pro
2589 5720 2646 5774 ἐν
2670 5717 2998 5792 ἀνθρώποις.
