3838 6218
466 319 490 373 Ι
510 319 606 373 185
1618 307 1930 366 ΑΝΟΝΥΜΙ
1966 306 2049 363 VII

2191 303 2551 364 POSTOLICI
2657 327 2664 334 -
3602 303 3628 355 ι
3646 299 3744 356 iiii

465 454 638 502 mors,
671 435 969 491 formidare
999 434 1257 507 coeperis,
1299 449 1423 506 quae
1451 443 1705 490 servatur
1737 435 1806 489 iis
1837 435 1930 506 qui
1968 434 2036 488 ad

2190 447 2299 484 ιτον
2343 429 2608 501 φοόηθῇς,
2670 427 2730 492 ὃς
2777 425 3111 497 φυλάσσεται
3158 424 3272 488 τοῖς
3336 420 3748 492 κατακριθησον

465 530 643 600 ignem
679 543 942 585 mternum
961 529 1389 597 damnabuntur,
1415 529 1508 595 qui
1535 530 1639 585 sibi
1665 529 1896 585 traditos
1925 530 2042 585 am-

2190 522 2337 587 ένοις
2378 525 2458 586 εἰς
2496 521 2609 593 πῦρ
2649 520 2711 573 τὸ
2755 517 2975 573 αἰώνιον
3001 557 3017 580 ,
3074 516 3104 569 ὃ
3143 517 3272 579 τοὺς
3325 513 3750 586 παραδοθέντας

464 621 572 675 ciet
613 623 880 690 supplicio
925 623 990 676 ad
1042 622 1204 677 tinem
1259 638 1452 692 usque.
1488 621 1646 677 Tunc
1685 623 2044 678 admirationi

2190 613 2302 685 ὐτῷ
2334 614 2495 686 μέχρι
2543 613 2734 676 τέλους
2770 609 2991 664 κολάσει
3018 625 3032 638 ·
3063 607 3183 662 τότε
3207 607 3334 670 τοὺς
3362 605 3752 676 ὑπομένοντας

464 713 560 767 tibi
616 727 778 768 erunt
817 715 910 783 qui
943 730 1040 781 pro
1066 715 1281 784 justitia
1315 715 1494 784 ignem
1538 716 1860 785 patiuntur;
1913 727 2046 773 tunc

2191 703 2296 774 πὲρ
2329 702 2670 772 δικαιοσύνης
2710 699 3010 770 θαυμάσεις
3045 694 3107 750 τὸ
3135 695 3245 768 πῦρ
3276 694 3386 767 (86)
3412 734 3429 761 ,
3461 694 3606 748 τὸ...
3649 709 3752 763 ιιι-’.ιο

465 805 658 860 beatos
718 806 1076 876 przedicabis,
1142 823 1270 862 cum
1325 807 1506 876 ignem
1561 806 1717 860 illum
1770 821 2046 878 cognove-

2193 794 2401 867 αρίσεις
2441 795 2570 849 ὅταν
2600 795 2776 848 ἐκεῖνο
2810 791 2874 846 τὸ
2899 790 3010 862 πῦρ
3044 788 3302 861 ἐπιγνῷς.

465 914 558 955 l'lS.

896 1055 1026 1112 Cn.
1070 1055 1163 1111 XI.
1207 1057 1409 1123 Quanti
1446 1057 1554 1113 sint
1586 1058 1837 1114 momenti
1865 1075 1928 1114 ea
1958 1075 2292 1133 cognoscere,
2315 1075 2435 1131 qua
2470 1058 2697 1116 Verbum
2733 1059 3072 1114 incarnatum
3104 1055 3302 1110 docuit.

533 1213 652 1269 Non
677 1213 816 1269 facio
844 1215 1007 1270 verba
1058 1214 1125 1270 de
1156 1215 1322 1272 rebus
1347 1216 1685 1288 peregrinis,
1729 1234 1907 1289 neque
1955 1235 2044 1276 sc-

463 1325 564 1363 cus
595 1323 761 1378 quam
812 1309 1010 1362 rationi
1060 1319 1494 1365 consentaneum
1545 1311 1638 1374 sit,
1695 1311 2044 1381 quatro;sed

463 1416 588 1456 cum
621 1400 1001 1470 apostolorum
1048 1400 1246 1455 fuerim
1281 1402 1584 1472 discipulus
1611 1443 1627 1470 ,
1670 1403 1741 1458 fio
1798 1405 2042 1476 gentium

463 1491 683 1557 doctor;
717 1508 837 1560 qua:
879 1492 1075 1547 tradita
1127 1501 1258 1547 sunt
1313 1495 1521 1565 (mihi),
1558 1497 1919 1552 subministra
1975 1498 2042 1554 iis

463 1582 556 1651 qui
590 1582 841 1652 discipuli
887 1582 1025 1636 tiunt
1063 1583 1211 1653 digni
1249 1585 1497 1640 veritate.
1544 1584 1678 1652 Quis
1711 1587 1858 1641 enim
1897 1597 2043 1642 recte

2224 1220 2299 1275 Ού
2359 1218 2485 1286 ξένα
2546 1217 2756 1291 όμιλῶ,
2815 1217 2938 1272 οῦδὲ
2995 1214 3316 1288 παραλόγως
3371 1210 3527 1283 ζητῶ
3552 1228 3569 1241 ·
3615 1209 3751 1264 ἀλλὰ

2151 1311 2464 1367 ἀποστόλων
2509 1312 2798 1382 γενόμενος
2858 1309 3139 1381 μαθητὴς,
3201 1306 3426 1375 γίνομαι
3481 1303 3750 1356 διδάσκα-

2149 1405 2242 1470 λος
2293 1404 2498 1458 ἐθνῶν·
2567 1404 2634 1457 τὰ
2684 1401 3054 1474 παραδοθέντα
3114 1399 3285 1465 ἀξίοις
3340 1395 3619 1467 ὑπηρετῶ
3675 1411 3750 1462 γι-

2151 1496 2397 1568 νομένοις
2449 1495 2707 1566 ἀληθείας
2762 1493 3066 1565 μαθηταῖς·
3125 1491 3210 1555 τίς
3257 1489 3368 1560 γὰρ
3435 1487 3628 1560 ὀρθῶς
3682 1487 3752 1539 δι-

2147 1588 2404 1660 δαχθεὶς,
2437 1589 2531 1641 καὶ
2574 1585 2718 1656 λόγῳ
2771 1583 3063 1656 προσφιλεῖ
3107 1581 3216 1652 (87)
3256 1578 3544 1649 γεννηθεὶς
3597 1577 3748 1646 (88),

463 1675 715 1738 edoctus,
748 1685 801 1729 et
827 1676 896 1730 ab
939 1676 1118 1730 amico
1150 1675 1329 1731 Verbo
1361 1687 1678 1748 generatus.
1719 1695 1829 1734 non
1858 1681 2040 1734 studet

2190 1681 2244 1732 ix
2280 1677 2529 1749 ἐπιζητεῖ
2560 1677 2748 1746 σαφῶς
2790 1675 2983 1747 μαθεῖν
3025 1673 3095 1726 τὰ
3139 1673 3225 1725 διὰ
3263 1671 3426 1739 λόγου
3457 1667 3751 1738 δειχθέντα

463 1765 871 1835 discereaperte
901 1782 1022 1835 quae
1039 1783 1133 1834 per
1152 1783 1462 1822 sermonem
1487 1769 1633 1824 clare
1659 1779 1880 1825 ostensa
1914 1780 2045 1826 sunt

464 1859 768 1929 discipulis,
796 1860 996 1929 quibus
1020 1859 1318 1916 declaravit
1371 1877 1553 1916 sermo
1589 1863 1924 1934 conspicuus
1959 1863 2042 1918 fa-

465 1961 586 2007 ctus
616 1953 814 2007 :libere
846 1954 1096 2023 loquens,
1120 1969 1244 2008 cum
1278 1954 1346 2008 ab
1375 1953 1667 2011 incredulis
1697 1973 1802 2011 non
1845 1957 2046 2012 intelli-

465 2053 704 2116 geretur,
742 2045 837 2099 sed
866 2045 1151 2115 discipulis
1173 2055 1456 2100 enarraret
1487 2063 1500 2099 :
1528 2047 1623 2116 qui
1666 2046 1852 2104 fideles
1881 2049 1949 2103 ab
1978 2063 2045 2104 eo

464 2137 786 2200 existimati,
817 2147 1193 2207 cognoverunt
1227 2137 1406 2194 Patris
1441 2141 1726 2211 mysteria.
1763 2141 1935 2212 Cujus
1967 2143 2045 2197 rei

455 2229 640 2299 gratia
671 2245 982 2285 sermonem
1006 2231 1186 2298 misit,
1213 2240 1271 2285 ut
1295 2247 1326 2286 a
1362 2233 1566 2288 mundo
1592 2233 2042 2303 conspiceretur:

465 2322 560 2390 qni
595 2337 626 2376 a
674 2322 875 2392 populo
914 2333 1300 2393 contemptus,
1358 2325 1732 2394 apostolorum
1771 2326 2046 2395 praeconio

465 2415 864 2485 promulgatus,
895 2431 926 2470 a
958 2417 1212 2486 gentibus
1244 2425 1328 2471 est
1364 2417 1627 2472 creditus.
1657 2416 1755 2473 Hic
1787 2419 1856 2472 ab
1889 2418 2046 2474 initio

464 2515 607 2574 erat,
631 2507 726 2576 qui
762 2522 936 2562 novus
972 2508 1246 2577 apparuit,
1275 2517 1329 2562 et
1355 2546 1370 2562 .
1399 2548 1413 2562 .
1451 2547 1469 2562 .
1500 2508 1786 2575 inventus,
1812 2518 1866 2564 et
1905 2525 2049 2564 sem-

465 2612 564 2666 per
599 2611 775 2650 novus
809 2597 862 2650 in
892 2605 1210 2651 sanctorum
1236 2597 1496 2652 cordibus
1528 2614 1780 2654 nascens.
1819 2598 1918 2654 llic
1951 2599 2045 2669 qui

466 2703 704 2758 semper,
736 2687 899 2742 hodie
921 2687 1094 2743 Filius
1116 2689 1371 2756 habitus;
1405 2706 1502 2760 per
1519 2706 1679 2760 quem
1705 2689 1947 2748 Ecclesia
1967 2693 2050 2746 di-

467 2791 644 2847 tatur;
676 2791 732 2836 et
779 2783 955 2852 gratia
991 2798 1253 2852 expansa,
1306 2783 1361 2836 in
1409 2784 1618 2838 sanctis
1648 2785 2049 2842 incrementum

466 2873 686 2942 accipit,
713 2875 958 2944 praebens
980 2883 1240 2940 mentem,
1267 2876 1602 2946 patefaciens
1632 2881 1918 2950 mysteria,
1951 2895 2051 2935 an-

467 2967 730 3021 nuntians
755 2975 1026 3037 tempora,
1051 2968 1295 3038 gaudens
1317 2984 1482 3039 super
1506 2969 1777 3036 fidelibus,
1803 2987 2052 3042 quaren-

467 3055 615 3110 tibus
643 3034 886 3123 donans;
916 3034 1119 3127 quibus
1162 3057 1366 3114 limites
1387 3034 1513 3114 iidei
1558 3076 1668 3115 non
1695 3034 2046 3134 perfringun—
2075 3034 2119 3092 θ

468 3158 577 3210 tur,
609 3165 784 3218 neque
810 3149 1010 3204 limites
1038 3158 1258 3219 patrum
1284 3152 1691 3208 transiliuntur.
1712 3153 1916 3210 Deinde
1933 3171 2049 3210 me-

467 3249 557 3294 tus
593 3240 726 3310 legis
754 3241 1096 3306 decantatur,
1125 3254 1178 3296 et
1207 3243 1602 3314 prophetarum
1629 3246 1804 3315 gratia
1842 3263 2048 3318 cogno-

471 3334 666 3399 scitur,
694 3342 749 3387 et
784 3332 1205 3404 Evangeliorum
1238 3335 1373 3390 fides
1416 3338 1712 3405 stabilitur,
1747 3347 1801 3393 et
1829 3348 2049 3409 aposto-

471 3426 650 3479 lorum
677 3427 898 3480 traditio
925 3427 1258 3494 custoditur,
1296 3438 1352 3483 et
1379 3429 1635 3485 Ecclesia:
1669 3432 1842 3501 gratia
1864 3431 2050 3486 exsul-

469 3527 565 3572 tat.
599 3518 772 3585 Quam
821 3520 1052 3588 gratiam
1091 3520 1342 3576 molestia
1375 3539 1483 3576 non
1524 3523 1785 3590 afficiens,
1838 3539 2046 3595 cogno-

467 3624 589 3664 sces
617 3625 681 3664 ea
735 3611 802 3664 de
829 3611 1030 3680 quibus
1076 3628 1262 3667 sermo
1312 3614 1573 3678 instruit,
1636 3631 1735 3686 per
1761 3631 1902 3686 quos
1934 3618 2050 3672 vult

470 3717 595 3755 cum
627 3703 677 3756 ei
717 3703 865 3757 libet.
911 3702 1268 3774 Quaecunque
1297 3705 1445 3760 enim
1484 3707 1765 3762 voluntate
1802 3709 2048 3778 iubentis

467 3797 740 3851 sermonis
806 3797 1027 3852 excitati
1075 3814 1268 3853 sumus
1295 3801 1360 3854 ad
1391 3800 1784 3870 eloquendum,
1805 3817 1930 3856 cum
1967 3804 2048 3856 la-

469 3884 624 3953 bore,
687 3900 753 3940 ex
778 3885 1072 3942 dilectione
1099 3902 1291 3943 eorum
1318 3905 1440 3959 quae
1463 3891 1698 3945 revelata
1723 3901 1853 3946 sunt
1887 3893 2046 3949 nobis

467 3989 661 4030 sumtis
694 3976 974 4030 vobiscum
1009 3978 1322 4045 participes.

2145 1771 2393 1842 φανερῶς
2452 1769 2755 1840 μαθηταῖς,
2813 1759 2894 1829 οἷς
2949 1763 3291 1833 ἐφανέρωσεν
3343 1763 3370 1812 ὁ
3414 1759 3599 1826 Λόγος
3658 1773 3758 1824 φα-

2147 1862 2258 1925 νεὶς
2298 1860 2579 1932 παρρησίᾳ
2622 1859 2795 1912 λαλῶν
2821 1897 2836 1922 ,
2874 1857 2978 1910 ὑπὸ
3016 1856 3258 1909 ἀπίστων
3301 1852 3375 1924 μὴ
3405 1852 3529 1905 νοού
3541 1867 3711 1920 μενος
3736 1889 3751 1911 ,

2149 1955 2417 2028 μαθηταῖς
2470 1954 2527 2007 δὲ
2568 1951 2919 2023 διηγούμενος
2952 1949 3080 2022 (89)’
3130 1949 3180 2001 οἳ
3231 1946 3413 1998 ’κιο-το)⁵
3470 1942 3753 2028 λογισθένέ

2145 2027 2238 2114 τες
2285 2049 2377 2100 ὑπ’
2413 2044 2576 2100 αὐτοῦ
2599 2085 2613 2110 ,
2654 2045 2896 2114 ἔγνωσαν
2928 2041 3140 2114 Πατρὸς
3187 2043 3462 2111 μυστήρια
3498 2038 3642 2107 (90).
3675 2027 3750 2088 0-5

2148 2143 2306 2214 χάριν
2347 2139 2636 2194 ἀπέστειλε
2675 2138 2870 2207 Λόγον,
2919 2136 3008 2189 ἵνα
3054 2134 3243 2203 κόσμῳ
3286 2132 3427 2201 φανῇ
3453 2148 3467 2159 ·
3528 2127 3595 2192 ὃς
3623 2167 3638 2190 ,
3699 2127 3750 2179 ἰ.-

2149 2234 2220 2288 πὸ
2278 2231 2410 2285 λαοῦ
2471 2229 2836 2301 ἀτιμασθεὶς,
2892 2225 2982 2280 διὰ
3031 2224 3344 2278 ἀποστόλων
3400 2218 3748 2292 κηρυχθεὶς,

2149 2323 2256 2377 ὑπὸ
2287 2322 2454 2377 ἐθνῶν
2509 2319 2825 2391 ἐπιστεύθη.
2877 2312 3042 2382 Οῦτος
3079 2319 3108 2370 ό
3150 2316 3245 2368 ἀπ’
3301 2311 3514 2384 ἀρχῆς,
3555 2312 3586 2362 ὁ
3627 2326 3753 2360 και-

2149 2417 2239 2481 νὸς
2295 2417 2486 2488 φανεὶς
2551 2415 2687 2486 (91),
2758 2414 2854 2468 καὶ
2899 2452 2912 2465 .
2958 2449 2974 2466 .
3019 2451 3032 2465 .
3077 2450 3094 2464 .
3134 2448 3149 2463 .
3191 2406 3440 2478 εὑρεθεὶς
3463 2401 3616 2474 (92),
3654 2401 3752 2453 καὶ

2150 2513 2384 2566 πάντοτε
2444 2511 2563 2573 νέος
2608 2510 2666 2561 ὲν
2716 2507 2890 2577 ἁγίων
2930 2505 3183 2578 καρδίαις
3236 2497 3606 2571 γεννώμενος.
3657 2489 3754 2547 Οἶν-

2149 2623 2241 2668 τος
2278 2607 2307 2658 ὁ
2349 2605 2470 2670 ἀεὶ,
2519 2606 2756 2675 σήμερον
2801 2601 2928 2663 Υἱὸς
2981 2595 3284 2666 λογισθείς·
3351 2591 3420 2645 δι’
3465 2584 3526 2644 οὗ
3579 2587 3751 2641 πλου-

2149 2697 2360 2762 τίζεται
2397 2700 2429 2770 ἡ
2495 2694 2813 2767 Ἐκκλησία.
2855 2691 2965 2745 Καὶ
2997 2692 3155 2762 χάρις
3194 2684 3553 2756 άπλουμένη,
3587 2682 3647 2733 ὲν
3684 2680 3750 2733 ἁ-

2149 2793 2290 2861 γίοις
2331 2786 2680 2861 πληθύνεται,
2728 2785 3044 2857 παρέχουσα
3082 2781 3210 2835 νοῦν
3237 2819 3252 2843 ,
3301 2775 3619 2848 φανεροῦσα
3642 2793 3750 2845 μυ-

2153 2884 2386 2954 στήρια,
2445 2878 2834 2947 διαγγέλλουσα
2874 2873 3136 2946 καιροὺς,
3188 2871 3453 2942 χαίρουσα
3507 2869 3605 2920 ἐπὶ
3659 2883 3750 2917 πι-

2155 2978 2329 3039 στοῖς,
2367 2970 2683 3044 ἐπιζητοῦσι
2720 2967 3037 3040 δωρουμένη
3062 2965 3176 3036 (95)
3201 2982 3212 2993 ·
3237 2960 3318 3027 οἷς
3352 2963 3480 3033 ὅρια
3505 2960 3749 3021 πίστεως

2152 3069 2216 3124 ’δὲ
2264 3065 2561 3139 θραύεται,
2619 3062 2741 3117 οὐδὲ
2777 3064 2904 3137 ὅρια
2936 3061 3186 3131 πατέρων
3233 3054 3620 3127 παρορίζεται.
3659 3048 3750 3104 Εἷ-

2153 3177 2222 3212 τα
2259 3158 2423 3228 φόϐος
2471 3157 2639 3227 νόμου
2680 3155 2901 3227 ᾅδεται,
2941 3152 3038 3206 καὶ
3095 3148 3390 3221 προφητῶν
3449 3145 3616 3216 χάρις
3670 3161 3750 3211 γι-

2154 3251 2463 3315 νώσκεται,
2540 3250 2635 3304 καὶ
2698 3244 3048 3316 Εὑαγγελίων
3110 3242 3293 3304 πίστις
3336 3239 3597 3310 ἵδρυται,
3654 3238 3749 3290 καὶ

2152 3344 2466 3400 ἀποστόλων
2515 3341 2812 3414 παράδοσις
2862 3337 3234 3408 φυλάσσεται,
3273 3333 3368 3387 καὶ
3415 3330 3750 3402 Ἐκκλησίέας

2152 3436 2310 3508 χάρις
2370 3435 2586 3505 σκιρτᾷ.
2633 3434 2736 3485 Ἦν
2791 3430 2953 3500 χάριν
2995 3428 3055 3481 ού
3099 3424 3324 3486 λυπῶν,
3382 3421 3672 3494 ὲπιγνώση
3715 3421 3750 3473 5.

2151 3529 2309 3598 λόγος
2353 3527 2570 3598 ὁμιλεῖ,
2613 3524 2682 3579 δι’
2725 3517 2800 3576 ῶν
2833 3521 3120 3593 βούλεται,
3161 3519 3250 3572 ὅτε
3271 3516 3438 3570 θέλει.
3474 3517 3620 3569 Ὅσα
3643 3515 3749 3583 γὰρ

2151 3620 2416 3692 θελήματι
2447 3618 2542 3673 τοῦ
2576 3617 2888 3678 κελεύοντος
2920 3614 3081 3682 λόγου
3115 3611 3449 3682 ὲκινήθημεν
3489 3608 3749 3674 ἐξειπεῖν,

2157 3712 2297 3785 μετὰ
2328 3711 2490 3765 πόνου
2518 3749 2533 3773 ,
2569 3709 2626 3775 ἐξ
2664 3708 2887 3778 ἀγάπης
2928 3704 3039 3759 τῶν
3082 3700 3585 3771 ἀποκαλυφθέντων
3620 3702 3752 3772 ἡμῖν

2153 3804 2416 3878 γινόμεθα
2448 3805 2576 3875 ὑμῖν
2605 3799 2873 3855 κοινωνοί.

466 4067 597 4124 Car.
633 4067 748 4125 Xll.
795 4068 1127 4124 Vehementer
1171 4074 1388 4128 interest
1441 4071 1740 4126 hominibus
1782 4088 1959 4195 eiram
2009 4069 2286 4126 scientiam
2336 4069 2621 4139 percipere,
2654 4081 2771 4138 quae
2820 4065 2875 4120 in
2927 4061 3170 4118 Ecclesia
3228 4076 3332 4114 non
3377 4059 3498 4115 sine
3548 4059 3659 4114 vita
3703 4068 3750 4111 et

1781 4159 1808 4195 ο
1847 4152 2044 4195 antate
2084 4153 2447 4195 comparatur.

1781 4152 2044 4196 chantate
2084 4153 2447 4210 comparatur.

543 4293 674 4362 Quae
713 4310 838 4350 cum
875 4294 1117 4366 legeritis
1152 4304 1207 4349 et
1237 4294 1522 4350 audieritis
1552 4294 1818 4360 studiose,
1852 4294 2038 4350 scietis

2215 4289 2310 4357 Οἷς
2364 4291 2719 4362 ἐντυχόντες,
2770 4290 2864 4344 κα)⁴
2896 4286 3232 4348 ἀκούσαντες
3276 4283 3416 4356 μετά
3466 4283 3745 4352 σπουδῆς,

469 4405 815 4459 quaecunque
863 4388 1067 4458 prazbet
1114 4386 1259 4441 Deus
1311 4387 1664 4457 diligentibus
1711 4399 1883 4453 recte;
1920 4385 2048 4440 facti

2190 4384 2366 4438 ίσεσθε
2425 4386 2526 4438 ὅσα
2580 4383 2812 4454 παρέχει
2861 4385 2890 4435 ό
2933 4379 3063 4443 Θεὸς
3114 4381 3227 4440 τοῖς
3293 4375 3593 4444 ἀγαπῶσιν
3661 4377 3748 4444 ὁρ-

469 4483 760 4552 paradisus
791 4481 1146 4548 deliciarum,
1180 4480 1388 4551 lignum
1423 4495 1594 4550 genus
1633 4494 1796 4534 omne
1835 4478 2050 4536 fructus

542 4637 656 4709 (86)
703 4636 770 4690 Τὸ
803 4634 940 4709 πῦρ.
968 4632 1048 4686 Ad
1071 4647 1222 4688 oram
1247 4630 1478 4709 codicis,
1511 4646 1622 4709 quo
1646 4647 1782 4709 usus
1821 4641 1905 4709 est
1934 4630 2056 4709 Ste_-

469 4696 686 4778 phantis
736 4696 1032 4778 ascriptum
1057 4713 1221 4778 erat:
1259 4703 1368 4778 K_al.
1403 4696 1505 4778 ᾧδε
1531 4696 1779 4778 ἒγκοπὴν
1828 4698 1950 4778 εἶχεΔ
1993 4702 2055 4754 τὸ

471 4772 820 4848 ἀντίγραφον.
857 4774 948 4828 Sic
979 4774 1253 4848 Aemendat
1282 4772 1610 4848 Stephanits,
1635 4772 1758 4848 τότε
1780 4772 2057 4848 τοὺςὺπος

476 4842 736 4920 μένοντας
798 4847 936 4920 ὑπὲρ
974 4843 1320 4920 δικαιοσύνης
1369 4842 1430 4894 τὸ
1469 4842 1932 4920 πῦρ-θαυμάσεις
1963 4843 2056 4920 ita).

476 4913 803 4989 μακαρίσεις
839 4913 995 4989 ὅταν,
1022 4925 1127 4989 εις.
1157 4913 1368 4989 Legere
1387 4913 1568 4967 mallei.
1594 4913 1920 4989 Sylburgius
1937 4915 2056 4989 sine

476 4930 803 4989 μακαρισεις
839 4933 986 4979 οταν,
1022 4930 1127 4969 etc.
1158 4930 1358 4982 Legere
1387 4930 1568 4967 manet
1594 4930 1917 5036 Ἵππη-ειυς
1937 4930 2056 4967 sme

451 4989 918 5056 ,transpositione,
950 4986 1012 5038 τὸ
1037 4983 1149 5056 πῦρ
1182 4984 1242 5037 τὸ
1280 4982 1520 5052 ἐπίγειον
1564 5001 1635 5037 κα
1701 4983 1823 5036 τότε
1864 4983 2060 5047 αὐτοὺς

475 5058 802 5130 μακαρίσεις
828 5058 974 5109 ὅταν.

537 5123 658 5252 |$87)
690 5125 1038 5195 Hpoo'gouei.
1060 5124 1154 5182 Sic
1169 5127 1403 5182 habebat
1425 5125 1531 5180 Ben
1542 5124 1642 5180 reri
1666 5123 2018 5194 apographon
2041 5143 2054 5178 :

599 5198 727 5252 auia
761 5200 996 5252 Spatium
1042 5211 1162 5251 erat
1200 5198 1254 5251 in
1287 5214 1389 5252 ms.
1437 5197 1578 5250 inter
1607 5193 1870 5252 προσφιλ.
1907 5203 1959 5248 et
1986 5195 2054 5252 εἰ.

472 5193 567 5253 sed
599 5193 1024 5268 quiaispatiumw
1042 5211 1162 5251 erat
1200 5198 1254 5251 in
1287 5214 1389 5252 ms.
1437 5193 1870 5268 interinpoocp’tk.
1907 5203 1959 5248 et
1986 5195 2056 5261 εἰ,

471 5267 779 5322 addendum
815 5277 968 5336 putat
1000 5267 1321 5338 Sylburgius
1355 5269 1448 5321 καὶ
1474 5267 1683 5338 ἀληθεῖ.

545 5338 657 5406 (88)
695 5334 1409 5407 Προσφιλεῖγεννληθείς.
1472 5334 1600 5407 Legi
1652 5334 2055 5407 etiam_posset

471 5406 1048 5531 πφὶἓᾶλὴὲγενηθείς.
1085 5407 1155 5460 Et
1201 5409 1364 5462 Verbo
1391 5406 1593 5462 amicus
1616 5408 1808 5477 factus.
1836 5406 2049 5461 MARAN.

472 5493 527 5531 tn
680 5495 742 5531 en
788 5516 802 5531 .

472 5493 527 5532 Ill
562 5493 802 5531 Αααεηα.

543 5548 656 5621 (89)
678 5548 1101 5621 Αιηγούμενος.
1128 5546 1402 5621 Scriptum
1434 5548 1605 5606 fuisse
1637 5555 1794 5621 putat
1825 5548 2057 5619 Stepha-

472 5617 1029 5690 nusexbtnyodpevo;
1055 5620 1109 5673 in
1139 5617 1326 5690 codice
1364 5634 1471 5675 ms.

545 5687 659 5756 (90)
692 5687 1013 5759 Ἔγνωσαν
1064 5689 1286 5757 πατρὸς
1325 5689 1649 5759 μυστήρια,
1704 5708 1757 5744 κ.
1798 5707 1849 5743 τι
1883 5689 1931 5742 λ.
1968 5687 2060 5743 Sic

474 5757 638 5812 etiam
670 5758 884 5814 videtur
914 5759 1078 5815 scribi
1117 5769 1171 5815 et
1211 5757 1436 5831 intelligi
1463 5757 1624 5831 posse
1656 5761 1938 5832 εέγνωσαν
1965 5776 2060 5814 πα-

2147 4479 2297 4544 θῶς,
2348 4478 2396 4532 οἱ
2450 4476 2733 4548 γενόμενοι
2775 4474 2885 4546 (94)
2941 4471 3270 4545 παράδεισος
3320 4468 3561 4541 τρυφῆς,
3611 4469 3748 4534 παγ-

2157 4631 2287 4703 τρδς
2317 4631 2612 4703 μυστήρια,
2634 4627 2694 4681 οῦ
2727 4627 2887 4703 χάριν
2917 4624 3203 4703 ἀπέστειλε
3235 4624 3410 4703 Λ-όγον
3440 4643 3453 4678 :
3481 4622 3743 4693 σοφιστε-

2160 4696 2285 4755 τὶιηι
2316 4696 2812 4768 Patris'mysterin,'
2833 4699 3085 4750 nimirum
3110 4711 3215 4765 qua
3248 4696 3313 4748 de
3348 4711 3514 4748 causa
3545 4710 3743 4749 sermo-

2159 4788 2275 4826 nem
2316 4773 2536 4824 miserit.
2572 4769 2782 4822 MARAN.
2821 4769 2948 4821 ibid.

2232 4841 2342 4908 (9i)
2371 4842 2557 4906 Οὗτος
2580 4843 2614 4908 cl
2649 4840 2751 4892 ἀπ’
2779 4836 2994 4906 ἀρχῆς,
3028 4839 3062 4908 ὀ
3105 4833 3312 4908 καινὸς
3357 4836 3597 4902 φανείς.

2162 4905 2289 4987 gere
2313 4905 2540 4987 malim,
2559 4905 2712 4973 οὗτος
2742 4912 2769 4962 ὁ
2796 4905 2890 4962 ἀπ⁶
2916 4907 3352 4987 ἀρχῆςηκαινὸς
3395 4907 3609 4987 φανείς.
3647 4905 3740 4957 Hic

2163 4974 2352 5054 quiiqb
2377 4983 2535 5034 initio
2557 4974 3181 5054 erat,_nov_us-_app'nruit.
3218 4974 3435 5054 Mensx.
3467 4977 3602 5054 ibid.

2234 5053 2346 5123 (92)
2375 5051 2676 5120 Εὐρεθείς.
2704 5050 2858 5123 Legit
2889 5049 3202 5123 Stephanus
3225 5047 3320 5099 καὶ
3354 5047 3584 5123 ἀρχαῖος
3602 5047 3742 5123 εὗρες

2163 5117 2615 5198 θεῖςεΒουιειίιε
2643 5124 2738 5175 καὶ
2766 5117 3013 5198 παλαιός.
3045 5117 3258 5171 Mallem
3313 5117 3409 5198 καὶ
3574 5118 3738 5198 χρόνῳ

2161 5193 2428 5265 εὑρεθείς,
2466 5203 2516 5246 et
2563 5193 2628 5265 ἱγι
2644 5201 2872 5265 tempore
2895 5190 3158 5265 inventus,
3188 5196 3281 5240 aut
3311 5187 3518 5255 aliquid
3548 5187 3735 5250 simile,

2160 5259 2305 5334 quod
2334 5276 2544 5317 natura:
2578 5259 3095 5334 divinaegeternitati
3126 5267 3461 5334 opponatur.

2235 5335 2350 5406 (95)
2383 5334 2752 5406 quovyérn;
2791 5329 2936 5385 Verti
2958 5330 3128 5384 etiam
3157 5337 3361 5398 posset,
3424 5328 3625 5380 donata
3645 5370 3659 5393 ,
3688 5336 3738 5379 ut

2166 5403 2420 5459 observat
2449 5403 2780 5472 Stephanus.

2233 5475 2348 5546 (94)
2383 5478 2447 5546 Oi
2478 5467 3008 5546 reieoyérot,_hiiror
3026 5467 3412 5546 doctissimum
3473 5469 3733 5546 interme

2162 5539 2272 5600 tem
2286 5539 2638 5618 Stephanum
2675 5539 3121 5618 red_d_i_disse,_qui
3151 5539 3354 5617 fuistis,
3390 5548 3448 5592 et
3477 5555 3608 5618 mox
3636 5539 3731 5618 .qai

2161 5611 2515 5686 produxiitis,
2545 5629 2673 5686 cum
2706 5613 2846 5686 nihil
2876 5611 3051 5686 magis
3084 5611 3368 5686 sententia:
3403 5611 3730 5686 contrarium

2164 5679 2291 5756 esse
2342 5679 2537 5756 possit.
2584 5683 2712 5756 Haec
2742 5684 2887 5738 enim
2915 5679 3018 5756 _ad_
3053 5680 3283 5750 gentiles
3303 5679 3590 5756 dicuntur.
3628 5679 3733 5733 Non

2166 5749 2513 5814 incommode
2532 5755 2804 5814 deleretur
2826 5749 3091 5811 articulus
3129 5759 3256 5806 ante
3290 5749 3601 5822 γενόμενοι.
