3838 6218
137 286 286 341 H95
855 280 1197 338 EPISTOLA
1229 279 1318 333 DE
1358 278 1721 334 MARTYRIO
1762 280 1819 335 S.
1857 279 2265 335 ANDREAS.—
2298 280 2658 337 PROOEMIA.
3248 279 3386 336 1194

1698 450 1840 504 XXI.

398 587 863 645 Msn'rvaomcmu
897 590 1181 645 metricum
1211 588 1469 643 Ecclesiae
1504 588 1724 649 Caeam,
1755 587 1823 639 ad
1851 589 1906 641 d.

1620 604 1724 649 :cw,
1755 587 1823 639 ad
1851 589 1906 641 d.
1933 586 2003 641 30
2058 587 2215 650 Nov.,
2249 588 2462 641 exedit.
2501 585 2697 649 Siberi,
2730 584 2948 656 Lipsia’,
2980 582 3136 637 I727.

980 700 1355 785 :Avuiawpocg‘og
1384 698 1699 785 mafipwctu
1711 700 1975 785 :Avdpéag
1986 700 2155 784 ’φέρει
2172 741 2186 763 ,

953 772 1147 833 Φανεὶς
1174 769 1410 841 ἀληθῶς-λ,
1440 769 1797 841 οὐςσκιωδῶς,
1828 769 1904 822 ὢν
1930 769 2157 841 μύστὴς.

1102 839 1468 909 Antistrophae
1498 839 1637 893 [ixus
1671 841 1820 893 cruci
1852 839 1955 894 fuit
1979 839 2225 895 Andreas
2246 882 2261 904 ,

1115 909 1377 965 Sacerdos
1401 909 1601 964 Christi
1638 925 1820 975 verus,
1850 925 1957 964 non
1987 911 2311 966 umbratilis.

1700 1066 1861 1120 XXII.

191 1182 537 1238 LANFRANCUS
564 1180 801 1249 archiep.
827 1178 1109 1244 Cantuar.,
1134 1181 1227 1235 lib.
1252 1180 1328 1236 De
1359 1197 1587 1252 corpore
1614 1192 1667 1239 et
1701 1183 1967 1254 sanguine
1992 1183 2228 1249 Domini,
2258 1200 2373 1253 cap.
2414 1200 2468 1248 x,
2498 1199 2619 1252 pag.
2649 1183 2775 1249 259,
2804 1184 2931 1237 edit.
2961 1183 3166 1249 Paris.,
3192 1183 3348 1240 1648.

223 1298 321 1353 Est
346 1298 509 1367 igitur
538 1304 949 1369 sacramentum
973 1304 1030 1369 et
1060 1311 1147 1350 res
1195 1300 1543 1363 sacramenti,
1584 1300 1636 1355 id
1666 1309 1747 1354 est
1777 1315 1975 1369 corpus
2008 1298 2231 1369 Christi.
2264 1297 2524 1369 Christus
2550 1308 2726 1353 tamen
2757 1314 3030 1367 resurgens
3070 1315 3151 1369 ex”
3167 1298 3390 1352 mortuis

143 1370 264 1437 iam
296 1364 396 1421 non
424 1368 670 1432 moritur,
700 1382 848 1440 mors
868 1365 949 1417 illi
974 1364 1118 1418 ultra
1146 1384 1249 1421 non
1273 1368 1633 1423 dominabitur
1656 1370 1831 1440 (Rom.
1858 1364 1930 1431 ἧι,
1960 1371 2035 1425 9i.
2062 1368 2166 1423 Sed
2192 1369 2481 1424 sicutdicit
2502 1368 2745 1423 Andreas
2779 1364 3055 1436 apostolus
3082 1368 3247 1440 :Cum
3278 1385 3394 1424 vere

144 1435 206 1492 in
245 1440 397 1491 terris
426 1454 615 1510 carnes
663 1436 773 1510 ejus
802 1435 906 1510 sint
942 1446 1201 1510 comestw,
1227 1448 1275 1510 e_t
1302 1456 1414 1493 vere
1448 1435 1673 1508 sanguis
1687 1442 1799 1509 ejus
1831 1442 1900 1494 sit
1929 1441 2153 1505 bibitus;
2180 1442 2300 1510 ipse
2322 1448 2494 1493 tamen
2518 1455 2677 1510 usque
2699 1441 2753 1492 in
2777 1435 3010 1507 tempora
3043 1439 3391 1493 restitutionis

146 1511 410 1575 omnium,
439 1509 493 1561 in
521 1504 807 1573 caelestibus
836 1504 906 1559 ad
934 1505 1202 1560 dexteram
1230 1508 1414 1564 Patris
1440 1504 1637 1581 integer
1664 1504 1954 1579 perseverat
1983 1519 2032 1562 et
2063 1504 2228 1565 vivus.
2270 1508 2401 1579 Cap.
2437 1526 2511 1564 γι.

1703 1672 1891 1727 XXIII.

150 1784 540 1840 Wmmmzwus
573 1784 743 1839 abbas
776 1784 1253 1855 Brunwillerensis
1275 1784 1330 1837 in
1356 1782 1599 1855 Epistula
1632 1786 1700 1839 ad
1737 1785 2137 1855 Meginhardum
2172 1788 2413 1841 abbatem
2447 1788 2907 1850 Gladebacensem,
2956 1789 3023 1843 de
3050 1797 3393 1843 sacramento

229 1856 591 1980 Euchggizstize
632 1866 819 1911 contra
870 1870 1086 1910 errores
1139 1854 1474 1925 Berengarii.
1525 1854 1719 1909 Exstat
1778 1854 1917 1926 apud
1985 1856 2358 1911 Mabillonium
2420 1863 2619 1914 saeculo
2662 1875 2752 1922 vi,
2796 1858 3072 1914 Bcnedict.
3128 1869 3270 1929 part.
3316 1874 3389 1928 ιι,

229 1943 351 1980 naa.
495 1968 508 1980 .

225 1943 351 1996 pag.
384 1943 508 1980 ooz.

229 2037 348 2093 Hoc
387 2050 565 2114 autem
597 2058 821 2113 corpus,
852 2053 979 2114 post
999 2046 1266 2114 expletam
1306 2061 1458 2100 more
1485 2047 1757 2101 catholico
1785 2048 2250 2113 communionem,
2280 2063 2473 2102 sanum
2515 2058 2567 2103 et
2599 2048 2904 2113 incolume,
2936 2048 3123 2104 vivum
3153 2058 3207 2104 et
3256 2051 3396 2105 inte-

152 2125 317 2187 grum
352 2124 408 2163 se
449 2113 640 2187 recipit
684 2116 748 2168 ad
796 2113 1162 2187 Patrem.Si_c
1212 2116 1357 2169 enim
1407 2126 1638 2170 testatur
1687 2117 1923 2171 Ecclesia
1965 2118 2218 2181 Achaize,
2257 2118 2471 2171 beatum
2524 2119 2793 2172 Andream
2836 2120 3146 2187 apostolum
3169 2121 3391 2175 dicere:

153 2180 453 2260 Postquam
474 2180 643 2236 omnis
669 2186 891 2253 populus
931 2180 1254 2260 credentium
1288 2186 1424 2255 Agni
1470 2202 1692 2260 carnem
1712 2188 1993 2260 comederit
2024 2196 2073 2240 et
2117 2180 2424 2258 sanguinem
2458 2189 2676 2260 biberit,
2703 2180 2887 2257 Agnus
2924 2192 3015 2259 qui
3062 2190 3394 2259 sacriﬁculus

151 2261 261 2314 est,
298 2257 495 2329 integer
521 2266 811 2329 perseverat
842 2264 891 2309 et
924 2258 1066 2309 vivus
1091 2272 1109 2308 :
1136 2267 1183 2310 et
1216 2273 1343 2329 cum
1363 2257 1847 2329 vereysacriﬁcatns
1880 2259 1971 2320 sit,
2002 2267 2051 2311 et
2083 2274 2194 2311 vere
2222 2257 2421 2329 carnes
2460 2259 2573 2327 ejus
2604 2270 2844 2313 comestae
2875 2276 2905 2311 a
2937 2257 3159 2329 populo,
3189 2257 3238 2314 et
3281 2278 3396 2315 vere

154 2322 382 2390 sanguis
410 2322 524 2391 ejus
557 2324 626 2377 sit
657 2325 848 2379 bibitus
872 2367 886 2390 ,
923 2335 1114 2392 tamen,
1145 2335 1203 2379 ut
1228 2327 1364 2391 dixi,
1403 2335 1451 2379 et
1482 2322 1680 2396 integer
1708 2336 1997 2395 permanet,
2031 2337 2079 2380 et
2106 2322 2503 2392 inmaculatus,
2533 2338 2581 2381 et
2613 2330 2780 2381 vivus.
2825 2322 2956 2399 Cap.
2988 2322 3106 2384 vni.

1712 2492 1897 2548 XXIV.

158 2597 255 2652 Iro
289 2599 659 2657 Csauoreasxs
692 2600 864 2658 Serm.
889 2604 964 2660 De
996 2605 1375 2663 convenientia
1405 2608 1601 2662 veteris
1634 2620 1687 2663 et
1714 2608 2139 2733 ηεέςὸἰϐεθὲιήῐίεἱί.
2172 2608 2253 2661 Ex
2290 2609 2543 2665 Biblioth.
2581 2610 2801 2665 Patrum
2827 2611 3142 2679 Parisiensi,
3167 2624 3293 2667 tom.
3329 2612 3393 2681 x,

1607 2695 1727 2733 vaa.
1873 2713 1888 2733 .
1918 2722 1933 2731 .
1968 2717 1982 2731 .

1607 2695 1727 2749 pag.
1761 2695 1888 2738 δυο,
1918 2695 1982 2731 Α.

234 2791 378 2870 Ecce
408 2791 473 2870 ad
508 2793 827 2870 memoriam
858 2792 1085 2870 veniunt
1115 2793 1279 2847 verba
1324 2792 1470 2870 beati
1497 2792 1727 2870 Andriae
1766 2793 2022 2870 apostoli,
2065 2794 2265 2859 quibus
2302 2794 2500 2870 asserit
2535 2804 2589 2849 et
2627 2796 2681 2849 in
2710 2796 2871 2870 caelis
2896 2812 3018 2855 esse
3051 2816 3251 2870 corpus
3289 2800 3396 2855 Do-

158 2862 324 2925 mini,
353 2861 499 2942 etde
529 2863 705 2942 .altari‘
728 2863 1075 2942 posse_sumi
1100 2879 1296 2932 corpus
1324 2862 1533 2942 Domini
1560 2880 1572 2916 :
1605 2862 1794 2930 Cujus,
1831 2863 2026 2942 inquit,
2064 2879 2245 2942 carnes
2289 2881 2406 2942 eum
2438 2866 2544 2942 sint
2583 2876 2826 2942 comestae
2857 2868 2911 2920 in
2930 2872 3096 2942 terris
3125 2861 3395 2942 a'populo,

159 2944 211 2986 et
250 2933 465 3004 sanguis
491 2932 604 3002 ejus
635 2934 826 2986 bibitus
849 2950 867 2996 ;
900 2933 1009 3002 ipse
1035 2942 1209 3004 tamen
1237 2949 1398 3004 usque
1426 2934 1481 2985 in
1510 2944 1743 3002 tempora
1774 2934 2125 2988 restitutionis
2161 2935 2416 2999 omnium,
2445 2934 2502 2987 in
2536 2934 2831 2990 cwlestibus
2869 2940 2937 2992 ad
2964 2932 3259 2995 dexteram.
3282 2932 3395 2997 Pa;

160 3005 266 3057 tris
297 3003 491 3072 integer
517 3012 809 3073 perseverat
840 3012 887 3057 et
915 3005 1082 3057 vivus.
1111 3003 1242 3073 Cap.
1276 3003 1351 3057 vi.

1707 3140 1874 3200 XXV.

275 3257 599 3312 Benasnnus
626 3257 797 3315 abbas
826 3258 1170 3329 Clarae-vall.,
1200 3260 1368 3316 Serm.
1400 3260 1451 3315 in
1482 3257 1759 3385 VLgi‘liaPS.
1780 3260 2037 3385 .Andirﬁ;
2060 3260 2306 3330 apostoli,
2341 3276 2484 3315 nam.
2533 3259 2586 3325 5,
2615 3276 2734 3331 opp.
2762 3262 2863 3316 vol.
2893 3262 2934 3331 l,
2966 3281 3087 3337 pag.
3130 3266 3291 3337 1064,

1499 3349 1524 3384 e
1568 3349 1626 3385 ε.
1710 3347 1839 3384 arts.
2045 3373 2057 3385 .

1499 3347 1626 3385 east.
1662 3347 1839 3385 rarts.
1897 3347 2057 3386 1113.

232 3444 483 3502 Andreas
540 3447 705 3502 homo
740 3459 860 3504 erat
898 3450 1093 3504 similis
1136 3449 1314 3513 nobis,
1354 3450 1653 3520 passibilis,
1689 3458 1742 3503 et
1770 3457 1891 3520 tam,
1914 3448 2221 3520 vehementi
2257 3449 2452 3520 ardore
2497 3447 2721 3515 spiritus
2755 3463 2972 3520 erucem
3018 3451 3254 3518 sitiebat,
3290 3458 3397 3510 tam

165 3518 416 3593 inaudito
434 3534 471 3593 _a
491 3520 706 3574 sarculis
732 3521 937 3593 gaudio
964 3521 1314 3593 tripudiabat,
1332 3518 1391 3574 ut
1409 3537 1531 3575 cum
1555 3519 1934 3593 paratum_si_|)i
1961 3519 2176 3573 eminus
2202 3518 2501 3593 patibulum
2531 3518 2933 3593 conspexisset:
2957 3521 3001 3574 0
3027 3537 3178 3587 crux,
3201 3524 3396 3593 inquit,

163 3590 261 3640 diu
293 3589 614 3660 desiderata,
644 3599 693 3643 et
713 3587 829 3660 jam
860 3587 1247 3660 concupiscenti
1273 3593 1452 3644 animo
1478 3587 1781 3660 praeparatu
1803 3589 1823 3641 !
1855 3587 2080 3643 Securus
2116 3598 2163 3641 et
2198 3588 2429 3660 gaudens
2462 3589 2607 3641 venio
2644 3589 2713 3660 ad
2746 3597 2815 3651 te,
2850 3600 2928 3644 ita
2956 3599 3013 3644 ut
3057 3601 3106 3645 et
3138 3602 3191 3646 tu
3222 3587 3401 3649 exsul;

165 3668 287 3730 taus
332 3659 589 3727 suscipias
632 3655 730 3713 me:
771 3662 832 3715 Et
867 3655 1034 3729 paulo
1070 3671 1210 3730 post,
1257 3677 1409 3714 num.
1436 3655 1505 3715 4':
1543 3655 1880 3714 Terrendum
1908 3674 2031 3713 eum
2064 3655 2215 3726 putat
2237 3655 2477 3730 _/Egeas,
2517 3657 2696 3730 crucis
2732 3660 3059 3729 supplicium
3102 3665 3397 3721 minitans:

163 3728 261 3782 sed
298 3726 521 3800 nonest
545 3730 637 3785 ita.
662 3726 984 3787 Accenditur
1019 3726 1191 3798 magis
1230 3731 1287 3785 in
1319 3731 1485 3785 verbo
1516 3732 1638 3795 hoc,
1673 3738 1729 3783 et
1759 3730 1929 3784 libere
1960 3730 2197 3800 clamat:
2228 3727 2340 3797 Ego
2379 3729 2424 3781 si
2454 3726 2750 3800 patibulum
2782 3726 2953 3785 crucis
2985 3748 3397 3800 expavescerem,

162 3798 339 3874 erucis
375 3798 599 3874 gloriam
628 3817 727 3874 non
754 3802 1120 3874 pradicarem_._
1135 3800 1209 3874 At
1241 3802 1329 3855 ubi
1364 3800 1744 3874 paratumsibi
1774 3800 1979 3874 lignum
2004 3799 2234 3874 intuitus
2263 3809 2373 3874 est,
2392 3813 2458 3852 ex
2487 3799 2597 3874 lioc
2614 3798 2728 3866 jam
2756 3800 2921 3874 plane
2943 3798 3087 3874 totus
3111 3798 3401 3874 ignescens

161 3869 548 3945 applaudebat,
573 3878 628 3923 et
661 3868 1040 3945 blandiebatur
1069 3872 1142 3924 illi
1186 3868 1381 3945 amataé
1414 3887 1545 3945 siue,
1582 3868 1981 3945 olﬁciosissime
2008 3869 2301 3945 salutabat,
2344 3868 2693 3945 devmissime
2723 3870 3078 3945 suscipiebat.
3116 3868 3404 3945 magniﬁce

162 3939 447 4013 attollebat
469 3955 609 4013 eam,
636 3948 690 3994 et
723 3943 776 3995 in
803 3942 972 4013 ipsius
1003 3944 1278 4013 prteconio
1307 3942 1664 4013 gloriabatur,
1697 3940 1952 4013 clamans
1987 3939 2159 4009 magis
2190 3938 2473 4013 all'ectione
2504 3952 2668 4008 quam
2696 3952 2831 3992 voce
2855 3938 3079 4013 (Salve,
3109 3938 3241 3999 erui:
3280 3961 3401 4013 pre-

164 4009 329 4082 tiosa,
360 4025 475 4078 quz
506 4009 741 4065 decorem
766 4007 1388 4082 et'pulchritudinem'de
1414 4011 1657 4063 membris
1690 4009 1977 4082 Dominicis
2003 4007 2292 4082 accepisti!
2327 4007 2503 4075 Salve,
2523 4007 2688 4073 crux,
2720 4025 2837 4077 qua:
2869 4010 2924 4065 in
2967 4028 3181 4082 corpore
3205 4007 3404 4070 Christi

162 4079 416 4132 dedicata
444 4096 520 4145 es,
552 4089 602 4133 et
628 4097 693 4134 ex
723 4079 968 4135 membris
998 4083 1112 4151 ejus
1139 4091 1393 4151 tanquam
1426 4081 1734 4149 margaritis
1763 4090 1973 4133 ornata.
2007 4081 2177 4148 Capp.
2210 4095 2330 4143 vm,
2362 4095 2413 4133 x.

979 4219 1129 4285 IDEM,
1156 4238 1312 4275 serm.
1355 4239 1392 4287 ι,
1426 4222 1479 4275 in
1511 4221 1651 4276 festo
1675 4221 1731 4275 S.
1764 4221 2012 4285 Andreae,
2046 4238 2192 4274 num.
2227 4220 2278 4287 1,
2309 4237 2435 4290 pag.
2464 4218 2622 4274 I065.

237 4329 377 4414 Cum
394 4335 686 4414 duceretur
705 4339 819 4408 ipse
837 4340 1029 4396 beatus
1060 4342 1305 4414 Andreas
1327 4344 1391 4398 ad
1415 4345 1901 4413 crucem,populus
1929 4345 2022 4414 qui
2056 4355 2304 4401 sanctum
2336 4354 2391 4399 et
2414 4345 2623 4413 justum
2650 4340 2865 4397 dolebat
2900 4338 3099 4407 injuste
3130 4340 3403 4414 damnari.

162 4405 457 4473 prohibere
490 4408 657 4461 voluit
687 4405 1097 4484 nepuniretnr;
1130 4413 1223 4467 scd
1257 4415 1429 4484 magis
1459 4415 1572 4482 ipse
1595 4405 1991 4469 instaiitissima
2018 4431 2176 4482 prece
2204 4405 2483 4484 prohibuit
2514 4429 2628 4477 eos,
2660 4427 2727 4466 ne
2754 4426 2861 4463 non
2886 4405 3261 4473 coronaretur.
3294 4412 3406 4465 imo

165 4491 237 4527 ne
272 4490 378 4552 non
413 4486 705 4552 pateretur.
734 4478 1087 4536 Desitlcrabat
1117 4478 1383 4552 siquidem
1412 4478 1660 4545 dissolvi,
1697 4493 1748 4538 ct
1778 4502 1900 4539 cum
1929 4478 2146 4538 Christo
2173 4478 2318 4545 esse.
2347 4486 2440 4539 sed
2470 4484 2523 4537 in
2559 4497 2719 4537 cruce
2750 4495 2911 4552 quam
2940 4494 3154 4552 semper
3190 4495 3408 4535 amave-

163 4553 299 4623 rat':
325 4545 676 4627 desiderabat
698 4565 920 4619 regnum
959 4545 1307 4627 intrare,:sed
1336 4570 1431 4623 per
1464 4555 1817 4627 patibulum.|
1846 4554 1985 4621 Quid
2033 4556 2179 4609 enim
2207 4556 2340 4611 dicit
2361 4554 2437 4609 illi
2473 4562 2665 4609 amatae
2694 4545 2842 4607 suae?
2870 4548 2975 4604 Per
3013 4545 3081 4617 te,
3105 4550 3302 4620 inquit,
3328 4566 3408 4604 me

168 4614 419 4683 recipiat,
447 4617 536 4686 qui
563 4633 654 4686 per
682 4628 729 4673 te
758 4594 850 4675 tiae
903 4623 1141 4677 redemit.
1162 4594 1299 4693 Cap.
1317 4594 1413 4679 VIII.

1148 4732 1469 4801 Inen,serm.
1504 4751 1562 4799 ll,
1595 4750 1738 4788 num.
1775 4735 1831 4801 5,
1866 4734 2077 4802 ibidem,
2109 4751 2225 4805 pag.
2268 4733 2425 4789 1069.

243 4842 486 4917 Audistis
517 4854 681 4910 certe,
706 4863 828 4903 cum
854 4849 1188 4917 pervenisset
1219 4850 1409 4904 beatus
1444 4852 1685 4906 Andreas
1719 4850 1783 4904 ad
1817 4851 1994 4904 locum
2026 4850 2115 4903 ubi
2145 4864 2278 4903 crux
2294 4858 2481 4917 parata
2507 4856 2644 4913 erat,
2668 4848 2945 4917 quomodo
2974 4847 3311 4903 confortatus
3338 4848 3410 4902 sit

169 4914 227 4968 in
267 4913 528 4981 Domino;
561 4924 613 4969 et
636 4933 743 5039 lper
769 4913 1052 4987 Spiritum,
1081 4935 1239 4987 quem
1266 4936 1373 4974 una
1404 4936 1528 4975 cum
1555 4922 1763 4975 caneris
1789 4922 2051 4990 apostolis
2085 4921 2138 4974 in
2172 4913 2343 4989 igneis
2368 4919 2568 4987 linguis
2587 4913 2886 4986 acceperat,
2914 4919 3076 4973 verba
3102 4934 3229 4971 vere
3254 4918 3409 4986 ignea

170 4987 505 5039 loqueretur.
535 5015 607 5025 —-
661 5004 716 5039 .x
750 4989 1083 5039 abundantia
1111 4991 1290 5039 conlis
1325 5006 1387 5039 os
1418 4993 1658 5039 locutum
1683 5000 1794 5039 est:
1832 4999 1886 5039 et
1910 4991 2149 5039 oharitas
2172 5004 2294 5039 num
2329 4988 2569 5039 fervebat
2609 4988 2663 5039 in
2715 4987 2898 5039 corde.
2952 4988 3111 5039 auasi
3140 4988 3409 5039 scintillas

170 4987 505 5059 loqueretur.
535 5015 607 5059 1——
636 4987 716 5059 Ex
750 4989 1083 5042 abundantia
1111 4991 1290 5044 cordis
1325 5006 1387 5045 os
1417 4993 1659 5046 locutum
1683 5000 1796 5053 est;
1824 4987 1886 5044 ἐι
1910 4991 2149 5045 charitas
2172 4987 2294 5059 quae
2329 4988 2663 5059 fervebatin
2715 4987 2898 5051 corde,
2952 4988 3410 5059 quasiscintillas

170 5053 438 5127 quasdam
467 5056 877 5113 ardentissimus
908 5060 1187 5112 emittebat
1229 5077 1279 5114 lll
1310 5077 1460 5115 voce.
1500 5061 1637 5127 Quid
1669 5062 1811 5113 enim
1834 5060 2025 5115 beatus
2054 5053 2299 5114 Andreas
2335 5074 2455 5112 cum
2489 5056 2595 5111 sibi
2627 5065 2895 5125 paratam,
2932 5053 2990 5114 ut
3023 5058 3155 5121 dixi,
3190 5072 3408 5127 crucem

171 5124 389 5178 eitiinus
415 5137 681 5199 cerneret,
713 5128 1081 5196 loquebatur?
1114 5129 1157 5183 0
1185 5147 1338 5194 crux,
1380 5124 1574 5199 inquit,
1604 5131 1698 5183 diu
1727 5131 2047 5195 desiderata,
2074 5140 2124 5183 et
2160 5131 2278 5199 jam
2313 5124 2695 5199 concupiscenti
2723 5129 2901 5199 animo
2943 5127 3286 5197 prteparata.’
3312 5126 3408 5181 Se-

172 5211 334 5247 curus
363 5204 409 5246 et
434 5196 666 5263 gaudens
688 5199 836 5251 venio
858 5198 926 5249 ad
959 5210 1037 5259 te;
1068 5201 1144 5251 ita
1176 5210 1233 5253 at
1266 5210 1313 5253 et
1340 5211 1393 5253 tu
1421 5196 1692 5254 easnltans
1745 5201 2004 5267 suscipias
2055 5196 2173 5267 me,
2190 5198 2511 5269 discipulum
2534 5198 2647 5267 ejus
2679 5198 2769 5266 qui
2797 5196 3036 5267 pependit
3059 5199 3117 5253 in
3144 5208 3193 5252 te
3224 5214 3244 5252 :
3284 5200 3409 5267 quia

173 5275 385 5317 amator
411 5275 530 5319 tuus
565 5282 767 5338 semper
792 5269 891 5338 fui,
924 5279 972 5322 et
1003 5270 1297 5324 desideravi
1327 5271 1569 5341 amplecti
1600 5281 1667 5324 te.
1697 5273 1827 5340 Cap.
1874 5287 1927 5325 Χ.

878 5407 1091 5472 Ineu,in
1120 5426 1276 5464 serm.
1306 5427 1417 5473 xu,
1448 5412 1514 5465 de
1542 5411 1793 5475 diversis,
1827 5427 1971 5463 num.
2009 5409 2071 5475 6;
2098 5408 2309 5464 ibidem.
2360 5424 2479 5479 pag.
2513 5408 2670 5461 “22.

251 5542 503 5615 Nunquid
536 5564 642 5601 non
673 5564 837 5618 supra
868 5559 1116 5603 naturam
1144 5541 1331 5618 beatus
1350 5545 1731 5618 _iste_Andreas
1761 5549 2060 5618 apostolus,
2088 5547 2247 5617 cujus
2293 5546 2614 5601 solemnitas
2653 5560 2763 5615 prie
2787 5543 3041 5618 manibus
3071 5547 3173 5603 est,
3207 5537 3411 5618 trausi-

180 5615 358 5681 lierat,
393 5608 485 5741 uiui
513 5608 764 5744 diccebat':
805 5618 848 5673 Ο
873 5623 1005 5674 bona
1031 5636 1187 5681 εγω,
1207 5612 1300 5668 diu
1323 5615 1643 5684 desiderata,
1665 5629 1713 5674 et
1727 5608 1845 5689 jam
1877 5608 2261 5688 concupiscEnti
2283 5618 2459 5672 animo
2482 5608 2817 5688 praeparata!
2848 5614 3076 5671 Securus
3103 5620 3151 5663 et
3178 5608 3415 5681 gaudens

180 5702 329 5742 vento
367 5704 397 5741 a
459 5699 525 5744 te.
596 5704 683 5744 ao.
718 5706 773 5743 ι.

180 5702 329 5742 vento
367 5699 435 5741 ad
459 5699 525 5744 te.
551 5699 683 5757 Cap.
718 5706 773 5743 ι.

463 5781 735 5841 Parnm.
796 5782 911 5842 Cn.
954 5783 1030 5842 II.
1920 5862 1932 5877 .
3058 5775 3137 5836 38
