3838 6218
127 335 275 390 1197
839 327 1182 384 EPISTULA
1221 329 1308 384 DE
1346 328 1715 386 MARTYRIO
1748 331 1806 387 S.
1835 332 2162 388 ANDREAS.
2193 360 2265 375 —
2295 332 2660 389 PROOEMIA.
3001 386 3010 405 ι
3242 332 3375 387 1198

1639 449 1874 505 xxxm.
3407 415 3411 422 ’

283 569 640 635 Soranomus,
667 579 724 623 ut
743 569 930 636 fertur,
959 568 1034 624 De
1057 568 1181 625 vitis
1206 568 1599 639 apostolorum,
1627 585 1744 638 cap.
1773 587 1816 626 ι.
1848 568 2002 640 Apud
2045 568 2346 624 Fabricium
2372 573 2428 624 in
2448 567 2707 626 Biblioth.
2733 564 2942 643 Eccles.
2966 581 3089 635 pag.
3115 563 3243 619 9.2L

223 690 474 762 Ἀνδρέας
499 689 528 741 ὁ
557 687 783 756 ἀδελφὸς
808 686 994 751 αὐτοῦ,
1022 687 1098 750 ὡς
1120 687 1171 738 οἱ
1207 686 1313 757 πρὸ
1338 685 1496 756 ἡμῶν
1523 702 1703 756 παρα-
1731 735 1739 748 ,

1877 686 2126 741 Andreas
2149 686 2318 740 frater
2342 686 2506 754 hujus
2541 685 2808 752 (Simonis
2828 683 3020 755 Petri),
3049 693 3111 739 ut
3138 701 3375 755 majores

125 782 447 846 δεδώκασιν,
482 781 712 843 Σκύθαις
735 780 828 834 καὶ
851 779 1154 847 Σογδιανοῖς
1185 777 1277 831 καὶ
1307 777 1546 840 Σὰκκαις
1568 777 1641 829 ὲκ⁴

1859 779 1982 834 ostri
2011 779 2386 849 prodiderunt,
2415 778 2652 849 Scythis,
2679 790 2732 832 et
2763 777 3072 848 S‘ogdianis,
3104 787 3157 831 et
3189 776 3375 833 Saccis

131 873 264 946 ρυξε
281 870 342 923 τὸ
361 870 687 941 Εὑαγγέλιον
707 871 801 924 τοῦ
822 871 1026 942 Κυρίου
1054 871 1087 941 ἠ
1095 869 1209 940 μῶν
1244 868 1418 941 Ἰησοῦ
1446 871 1647 940 Χριστο

1856 871 2127 924 rredicavit
2156 869 2510 940 Evangelium
2537 870 2751 924 Domini
2785 871 2955 925 nostri
2981 870 3109 925 Jesu
3144 870 3372 937 Christi,

128 967 230 1021 καὶ
265 968 321 1018 ὲν
349 963 742 1018 Σεϐαστοπόλει
771 963 1002 1035 ἐκήρυξε
1032 965 1097 1032 τῇ
1130 957 1360 1034 μεγάλῃ,
1393 961 1528 1013 ὅπου
1560 961 1644 1013 ἐστ

1896 963 1948 1016 in
2014 963 2356 1032 Sebastopoli
2410 963 2726 1032 pradicavit
2779 978 2903 1032 quae
2953 964 3374 1031 cognominatur

125 1060 166 1128 ἡ
211 1053 532 1128 παρεμόολὴ
581 1056 817 1128 Ἀψάρου
861 1057 954 1110 καὶ
994 1055 1160 1118 Φάσις
1201 1057 1230 1108 ὁ
1273 1056 1533 1126 ποταμὸς,
1582 1056 1636 1109 ἐν

1854 1054 2026 1125 agna,
2074 1056 2166 1109 ubi
2200 1065 2283 1109 est
2324 1056 2554 1125 irruptio
2583 1056 2801 1125 Apsari,
2827 1064 2881 1109 et
2909 1056 3104 1111 Phasis
3128 1056 3325 1112 fluvius
3357 1076 3370 1112 :

125 1151 374 1206 οἰκοῦσιν
393 1150 649 1214 Αἰθίοπες
672 1151 720 1203 οἱ
758 1149 1032 1221 ὲσωτέροι.
1065 1149 1337 1203 Θάπτεται
1380 1151 1437 1201 ὲν
1468 1149 1641 1220 Πάτρε

1860 1153 1917 1204 .ic
1946 1149 2496 1217 incoluntIEthiopes
2534 1149 2838 1202 interiores.
2878 1146 3134 1216 Sepultus
3158 1157 3241 1202 est
3275 1164 3376 1203 au-

127 1248 233 1316 τῆς
268 1245 509 1315 Ἀχαΐας,
544 1245 762 1316 σταυρῷ
785 1243 1107 1316 παραδοθεὶς
1128 1243 1232 1296 ὑπὸ
1260 1243 1428 1312 Αἰγέα
1447 1243 1540 1296 τοῦ
1565 1244 1643 1314 βαι

1863 1261 1912 1297 m
1932 1243 2112 1298 Patris
2134 1245 2352 1298 civitate
2376 1242 2614 1309 Achaiae,
2649 1243 2800 1297 cruci
2827 1241 3051 1297 sufﬁxus
3095 1243 3163 1297 ab
3204 1241 3374 1312 IEgea

125 1337 272 1401 λὲως
305 1337 659 1409 Ἐδεσσηνῶν.

1803 1337 2060 1405 praefecto
2082 1337 2501 1392 Edessenorum.

204 1455 408 1510 Eadem
447 1454 617 1510 ferme
647 1454 810 1526 habet
847 1454 1168 1526 Anonymns
1202 1456 1341 1525 apud
1371 1454 1724 1526 OEcuucmuu
1748 1455 1800 1526 in
1825 1456 1958 1526 Acta
1985 1452 2209 1521 apostol.
2243 1460 2294 1504 et
2320 1448 2592 1526 [Epistolas
2623 1449 2976 1522 Pauli:apud
3003 1469 3164 1524 quem
3193 1463 3371 1510 tamen

129 1537 410 1596 postrema
423 1527 586 1580 verba
616 1525 815 1582 rectius
837 1526 917 1581 sic
945 1520 1272 1581 se'habent':
1297 1527 1402 1580 ὑπὸ
1432 1526 1600 1594 Αἰγέα
1627 1543 1645 1578 1

945 1520 1272 1581 se'habent':
1297 1527 1402 1580 ὑπὸ
1432 1526 1600 1594 Αἰγέα
1627 1525 1721 1578 τοῦ
1747 1520 2063 1579 ἀνθυπάτου
2095 1520 2448 1595 σταυρωθείς.

1645 1669 1887 1723 XXXIV.

245 1779 603 1848 Hippou'rus,
630 1797 720 1835 seu
749 1780 985 1852 quisquis
1011 1781 1080 1834 sit
1103 1789 1308 1847 auctor,
1333 1781 1407 1836 De
1425 1781 1710 1836 duodecim
1738 1781 2020 1906 algositolis.
2045 1781 2197 1850 Apud
2227 1780 2620 1851 Combeﬁsium.
2643 1785 2867 1839 Auctar.
2891 1798 3016 1838 nov.
3048 1792 3172 1836 tom.
3202 1779 3262 1845 II,

1624 1869 1748 1906 paa.
1817 1869 1850 1906 ο
1889 1893 1902 1906 .

1624 1869 1748 1923 pag.
1781 1869 1902 1906 δοι.

220 1966 487 2038 Ἀνδρέας,
521 1964 772 2029 Σκύθαις,
795 1965 1034 2036 Θρᾲκαις
1069 1963 1330 2035 κηρύξας,
1375 1963 1696 2036 ἐσταυρώθη

1877 1962 2298 2053 Αιιίινθαεηοιιῐη
2332 1963 2550 2035 Scythis
2580 1981 2643 2022 ac
2671 1966 2977 2022 Thracibus
3000 1968 3373 2037 praedicasset,

129 2063 190 2112 ἐν
220 2058 464 2131 Πάτραις
499 2057 597 2128 τῆς
638 2058 858 2126 Ἀχαΐας
889 2057 980 2110 ἐπὶ
1014 2056 1198 2120 ἐλαίας
1235 2057 1432 2124 ὄρθιος,
1470 2057 1563 2110 καὶ
1610 2056 1645 2110 θλ

1860 2059 1959 2112 ἰιοί
2011 2058 2204 2113 allixus
2230 2068 2311 2112 est
2340 2057 2521 2114 Patris
2571 2060 2624 2112 in
2677 2060 2905 2126 Achaia,
2939 2073 3122 2118 rectus
3171 2064 3228 2117 in
3258 2062 3376 2118 olea

130 2168 329 2204 πτεται
362 2152 496 2205 ἐκεῖ.

1813 2149 2029 2214 arbore,
2059 2149 2241 2220 ibique
2269 2152 2549 2220 sepelitur.
2577 2149 2708 2222 Cap.
2735 2169 2788 2207 χ.

1637 2286 1855 2342 XXXV.

277 2405 851 2462 Pseuno-Donoruaus
879 2401 1098 2473 Tyrius,
1121 2402 1178 2455 in
1214 2399 1464 2472 Synopsi,
1485 2411 1589 2456 etc.
1619 2400 1703 2455 Ea:
1739 2403 1865 2456 edit.
1895 2401 2136 2457 Fabricii
2161 2403 2238 2458 De
2262 2406 2367 2458 vita
2402 2413 2452 2458 et
2488 2415 2654 2459 morte
2681 2407 2904 2478 Meysis,
2932 2425 3056 2482 pag.
3091 2411 3216 2466 471.

214 2525 471 2596 Ἀνδρέας
576 2524 747 2595 ἐτάφη
779 2523 837 2576 ἐν
872 2523 1115 2594 Πάτραις
1148 2523 1247 2594 τῆς
1288 2525 1508 2594 Ἀχαΐας
1540 2541 1703 2576 σταυ-

1881 2525 2210 2582 Andreas
2244 2528 2486 2597 sepultus
2512 2536 2596 2583 est
2627 2527 2804 2583 Patris
2827 2528 3047 2582 Achaiae
3077 2527 3230 2590 urbe,
3253 2543 3378 2582 cum

131 2619 331 2693 ρωθεὶς
358 2619 464 2672 ὑπὸ
492 2617 779 2686 Δίγεάτου.

1811 2617 1879 2672 ab
1914 2617 2140 2688 IEgeate
2164 2621 2216 2673 in
2238 2635 2453 2674 crucem
2480 2629 2635 2674 actus
2664 2619 2878 2675 fuisset.
2903 2619 3034 2690 Cap.
3060 2636 3114 2673 ι.

201 2739 418 2810 Quibus
441 2735 1230 2810 addesisipseudo-Abdiamin
1276 2735 1482 2810 llistor.
1517 2736 1742 2810 ap_o_stol.
1775 2736 1868 2790 lib.
1899 2753 2156 2810 m,_num.
2191 2739 2259 2793 '59
2288 2747 2341 2793 ct
2364 2755 2477 2808 seq.
2510 2755 2634 2810 pag.
2665 2734 2787 2798 507,
2821 2733 2952 2810 edit.
3053 2735 3118 2786 A.
3144 2733 3381 2810 Fabricii

131 2809 186 2861 in
224 2803 356 2863 Cod.
407 2824 587 2877 apocr.
619 2803 750 2861 Νου.
782 2805 918 2879 Test.
954 2815 1086 2860 tom.
1119 2805 1182 2871 ll,
1209 2817 1270 2879 et
1292 2803 1557 2879 Islnoauu
1579 2806 1950 2862 HISPALENSEM
1972 2807 2269 2875 Juniorem,
2300 2819 2359 2864 ut
2381 2803 2687 2879 pdrhihént,
2716 2806 2856 2874 apud
2881 2807 3159 2859 laudatum
3192 2803 3381 2857 Fabri-

129 2881 279 2933 cium
307 2879 385 2933 Dc
413 2875 520 2931 vita
543 2888 591 2932 et
623 2886 791 2930 marte
815 2875 1036 2946 Moysis,
1075 2893 1197 2946 pag.
1242 2878 1366 2931 545.

201 2997 582 3123 (Σοὲἓμθηᾱυε
613 2999 738 3052 item
773 2994 1011 3053 NICETAS
1044 2995 1350 3062 PAPHLAGO,
1378 2995 1531 3051 Orat.
1565 2997 1621 3051 in
1669 2995 1717 3050 S.

203 3084 258 3123 α.
368 3087 415 3123 ο.

1865 3014 2049 3066 mea,
2091 3000 2232 3069 apud
2272 2999 2666 3071 Combeﬁsium,
2704 3009 2829 3053 tam.
2861 2998 2882 3052 I
2913 3000 3132 3053 Auctar.
3165 3001 3381 3066 κονίει,

130 3083 258 3138 pag.
291 3083 415 3124 eos.

1632 3186 1870 3242 XXXVI.

519 3295 883 3363 Nicspuouus,
907 3296 1048 3355 Hist.
1085 3298 1296 3355 Eceles.
1320 3300 1416 3356 lib.
1456 3318 1519 3369 ιι,
1553 3318 1669 3370 cap.
1700 3318 1888 3368 χχχιχ,
1911 3319 2035 3373 pagg

1467 3318 1519 3369 ιι,
1553 3318 1669 3370 cap.
1700 3318 1888 3368 χχχιι,
1911 3319 2067 3373 pagg.
2104 3302 2208 3357 I99
2231 3312 2286 3357 et
2312 3301 2421 3356 200
2447 3298 2578 3359 edit.
2609 3303 2791 3361 Paris.
2831 3306 2983 3361 1650.

216 3414 469 3488 Ἀνδρέας
495 3417 524 3470 ὁ
560 3418 654 3472 τοῦ
690 3424 988 3494 κορυφαίου
1034 3426 1242 3497 Πέτρου
1275 3427 1598 3496 κασίγνητος

1888 3427 2158 3493 Andreas,
2197 3429 2472 3499 coryphmi
2505 3427 2646 3481 Petri
2684 3426 2873 3490 frater,
3007 3439 3036 3478 a
3059 3419 3385 3492 proconsule

131 3509 240 3561 ὑπὸ
266 3509 359 3562 τοῦ
390 3510 699 3566 ἀνθυπάτου
728 3517 1023 3585 Αἱγαιὰτου
1060 3519 1138 3589 τῷ
1169 3519 1388 3590 σταυρῷ
1425 3519 1517 3572 καὶ
1555 3513 1646 3572 οὖτ

1868 3522 2044 3591 Egeato
2067 3523 2120 3575 in
2149 3538 2367 3576 crucem
2394 3536 2612 3591 quoque
2633 3529 2716 3575 cst
2739 3528 2894 3574 actus
2919 3537 2931 3572 :
2956 3518 3048 3571 illo
3074 3517 3123 3570 ei
3158 3513 3384 3570 crimine

132 3602 505 3674 προσήλωται,
536 3605 787 3679 ἔγκλημά
809 3611 858 3662 οἱ
884 3612 1274 3680 ἐπαγαγόντος,
1306 3613 1387 3666 ὅτι
1409 3615 1536 3684 περὶ
1564 3618 1579 3636 ‘
1610 3631 1648 3664 τι

1869 3617 2047 3684 )jecto,
2084 3616 2229 3684 quod
2261 3615 2546 3683 conjugem
2573 3614 2693 3683 ejus
2723 3612 3074 3666 Maximillam
3132 3608 3385 3662 fratrem-

129 3695 374 3766 γαμετὴν
410 3699 575 3752 αὐτοῦ
605 3701 950 3772 Μαξιμίλλαν
978 3705 1072 3758 καὶ
1096 3705 1191 3758 τὸν
1222 3704 1446 3774 ἀδελφὸν
1477 3707 1645 3777 Στρατ

1871 3724 1920 3763 ιο
1948 3708 2291 3773 Stratoclem,
2342 3708 2672 3776 impietatem
2707 3707 2828 3776 ejus
2871 3703 3129 3759 detestari
3167 3701 3385 3757 docuis-

130 3788 526 3882 κλέαρζρικστῷ
550 3796 1021 3869 προσαγάγοι,τὴν
1044 3798 1249 3853 ἐκείνου
1288 3795 1646 3870 βδελυξαμένο

1592 3817 1712 3862 νους
1815 3810 1920 3864 set,
1942 3812 1996 3856 et
2017 3802 2083 3855 ad
2113 3799 2316 3856 Christi
2355 3800 2512 3854 lidcm
2538 3797 2872 3853 adduxisset.
2898 3797 3029 3867 Cap.
3057 3813 3108 3849 ι.

131 3879 506 3936 δυσσέϐειανῗ·

1642 4001 1905 4056 XXXVII.

281 4089 627 4149 LAUREN’I‘IUS
652 4093 1022 4163 JUSTINIANUS,
1051 4116 1211 4154 serm.
1249 4101 1303 4154 in
1337 4100 1478 4154 festo
1511 4099 1567 4151 S.
1605 4099 1835 4152 Andrea:
1864 4097 2118 4167 apostoli,
2143 4112 2207 4149 ea:
2237 4096 2365 4149 edit.
2412 4093 2588 4148 Venet.
2626 4094 2784 4160 1606,
2817 4109 2937 4162 pag.
2970 4091 3098 4153 294,
3122 4089 3221 4143 col.
3255 4089 3307 4142 4ο

205 4199 706 4278 Magnanimitatem
739 4209 900 4278 hujus
936 4210 1306 4264 robustissimi
1335 4211 1510 4272 ducis,
1550 4210 1968 4278 imperterritum
1997 4217 2254 4265 mentem.
2289 4209 2560 4275 passionis
2588 4207 2941 4267 desiderium,
2985 4204 3386 4278 spiritualeque

132 4267 322 4348 lumen
347 4274 629 4348 ipsius,“
663 4267 1008 4334 sermonibus
1031 4280 1150 4348 ejus
1175 4281 1411 4334 attende.
1445 4267 1579 4333 Cum
1605 4267 1748 4332 enim
1783 4279 2073 4333 duceretur
2113 4289 2172 4332 ut
2192 4267 2373 4332 crucis
2402 4279 2770 4346 imponeretur
2794 4267 3056 4345 patibulo,
3081 4267 3325 4329 eamdem
3354 4291 3385 4348 a

134 4342 296 4410 longe
323 4347 662 4418 prospiciens
689 4349 1035 4413 exclamavit,
1059 4342 1249 4406 dicens
1289 4370 1300 4404 :
1340 4349 1384 4405 0
1421 4350 1556 4402 bona
1582 4365 1732 4413 cruat,
1752 4351 1844 4401 diu
1864 4351 2188 4411 desiderata,
2215 4359 2264 4400 et
2286 4348 2402 4414 jam
2427 4342 2810 4418 concupiscenti
2839 4348 3014 4400 animo
3042 4355 3340 4418 praeparata
3366 4345 3389 4396 !

134 4428 355 4489 securus
387 4425 435 4466 et
456 4413 696 4484 gaudens
728 4421 874 4471 venio
905 4421 972 4472 ad
1015 4431 1085 4484 te,
1116 4423 1196 4473 ita
1227 4430 1285 4473 ut
1304 4431 1360 4473 tu
1387 4420 1662 4474 exsultans
1689 4421 1949 4488 suscipias
1977 4437 2073 4482 me,
2109 4413 2432 4484 discipulum
2460 4413 2695 4489 ejus'qui
2726 4419 2969 4487 pependit
2997 4413 3054 4468 in
3089 4413 3159 4469 te.
3191 4413 3382 4489 Salve,

135 4481 328 4558 O_b€_ma
348 4481 500 4558 grtia—3,
523 4503 640 4556 quae
662 4489 716 4542 in
739 4495 953 4557 carpare
981 4481 1180 4543 Christi
1207 4492 1454 4544 dedicata
1484 4507 1559 4553 es,
1610 4501 1658 4543 et
1697 4506 1762 4543 ea:
1787 4481 1901 4558 ejus
1929 4481 2174 4543 membris
2224 4481 2812 4558 tanquam'mar'gariti's
2845 4498 3055 4551 ornata,
3088 4487 3262 4556 accipe
3306 4500 3389 4538 mc

135 4553 198 4604 ab
212 4553 549 4629 ﬂaminibus,
577 4567 627 4610 et
658 4553 921 4612 redde-me
951 4561 1206 4629 magistro
1240 4578 1372 4624 meo,
1397 4571 1456 4614 ut
1479 4577 1572 4629 per
1601 4568 1649 4613 te
1683 4577 1761 4613 me
1793 4553 2035 4628 recipiat,
2072 4560 2170 4629 qui
2193 4575 2285 4626 per
2320 4553 2368 4610 te
2403 4575 2483 4611 me
2505 4553 2745 4614 redeinit.
2781 4559 2914 4628 Cap.
2948 4574 3003 4610 x.

212 4621 496 4680 DIONYSIUS
528 4643 745 4698 quoque
767 4621 1196 4695 CARTHUSIANUS,
1230 4621 1392 4686 serm.
1419 4647 1434 4684 ι
1461 4621 1515 4686 et
1550 4647 1624 4698 ιν,
1682 4631 1746 4685 de
1777 4621 2031 4686 laudibus
2053 4621 2111 4684 S.
2138 4621 2384 4695 Andreae,
2413 4630 2569 4698 plura
2592 4621 2961 4686 describit-ex
2997 4625 3238 4698 Epistola
3267 4641 3392 4697 pre-

136 4693 468 4766 sbyterorum
487 4693 910 4753 et'dia'canorum
934 4700 1168 4756 Achaiae.
