3838 6218
425 258 563 318 1199

1230 251 1841 309 PRESBYTERORUM
1875 252 1960 306 ΕΤ
2003 247 2453 305 DIACONORL'M
2492 244 2771 302 ACHAle

3534 249 3699 301 rem

1334 536 1984 627 GALLANDII
2067 530 2707 625 PRIEFATIO

622 755 698 818 In
750 753 1098 832 Epistulam
1164 756 1682 833 Presbyterorum
1720 760 1782 814 et
1819 753 2245 813 Diaconorum
2278 750 2531 812 Achaim
2589 749 2668 810 de
2726 747 3027 825 martyrio
3061 749 3121 808 S.
3158 747 3457 807 Andreas.

1443 940 1575 1000 (νει.
1606 940 1742 988 Patr.
1773 936 2017 997 Bibliodt.,
2042 936 2081 996 Ι,
2108 936 2327 999 Proleg.,
2356 950 2401 999 p.
2442 936 2672 996 χχινιιι.)

1998 1112 2069 1124 0—-

1729 1252 2336 1345 SYNOPSIS.

502 1452 544 1508 1.
588 1451 696 1507 Cur
732 1450 850 1503 huic
884 1448 1135 1519 Epistolas
1165 1451 1304 1519 inter
1337 1456 1538 1519 vetusta
1575 1444 1822 1519 Ecclesia:
1857 1450 2193 1519 monumenta
2226 1441 2373 1519 locus
2397 1442 2721 1519 assignatus.

503 1522 571 1577 ll.
615 1522 694 1575 De
720 1522 880 1573 variis
907 1510 1019 1590 ejus
1049 1518 1393 1590 editionibus,
1425 1515 1800 1590 blombritiana
1838 1514 2169 1583 potissimum
2197 1521 2245 1564 et
2278 1510 2683 1578 Lipomaniana.

631 1592 707 1663 De
738 1587 955 1663 antiqua
990 1589 1220 1663 ejusdem
1256 1587 1507 1663 Epistolte
1528 1589 1783 1663 persione.

500 1661 592 1715 IV.
639 1660 809 1730 Hujus
841 1650 1091 1729 Epistola:
1118 1650 1390 1712 sinceritas
1426 1658 1587 1730 variis
1620 1654 1915 1730 nominibus
1947 1653 2274 1730 agnoscenda
2299 1652 2522 1706 videtur.
2554 1650 2913 1730 Chrysostomi
2945 1652 3089 1730 locus
3114 1665 3390 1730 expensus.

512 1730 579 1786 V.
624 1719 854 1801 Solvitur
887 1719 1134 1801 objectio.
1163 1725 1953 1801 επνυοεεᾼτριάδοςηάεδα-ιηρια,
1983 1719 2139 1801 quam
2157 1723 2329 1801 fuisse
2369 1719 2679 1791 usurpatam
2714 1723 2899 1781 tertio,
2933 1721 3059 1775 anin
3102 1731 3147 1772 et
3192 1721 3423 1774 secundo
3461 1719 3701 1781 sarculo,

434 1803 691 1856 evincitur
722 1818 785 1853 ea:
812 1794 1033 1854 Patrum
1067 1794 1456 1853 vetustissimis
1477 1807 1585 1849 tum
1618 1795 1816 1847 (Irarcis
1858 1804 1967 1846 tum
1989 1794 2214 1845 Latinis.

509 1870 594 1925 VI.
641 1870 886 1939 Objectus
946 1871 1089 1923 locus
1134 1870 1197 1921 de
1241 1864 1845 1939 processio_ne_Sp_iritus
1892 1864 2061 1939 sanfti
2112 1864 2443 1939 expenditnr.
2504 1861 2705 1915 Eadem
2744 1861 2950 1929 phrasis
2994 1863 3049 1914 in
3084 1860 3267 1915 Grtcca
3330 1860 3700 1926 Dialogorum

438 1932 773 2011 Sui-'regorii
799 1940 1049 2011 versione,
1078 1932 1444 2011 cujus'auctor
1470 1932 1759 2011 Zacharias
1781 1950 1943 2011 papa.
1975 1932 2187 2011 Suam-net
2212 1933 2507 2011 Basnagius
2539 1944 2770 2011 notatus.

508 2000 895 2075 Vl|.quaastio
931 2010 993 2063 de
1038 2000 1215 2079 'Afg'ea
1260 2018 1545 2062 memorato
1600 2000 1930 2079 in_epi_stola
1981 2004 2253 2079 flectesin
2280 2000 2533 2079 ἈεΙιάὶεφ
2576 2003 2835 2079 discussa.
2864 2000 3033 2054 Locus
3062 2002 3353 2079 Sophronia
3390 2004 3697 2079 ascriptus,

436 2072 754 2134 vindicatur.
815 2080 942 2149 Ejus
991 2072 1241 2149 interpres
1293 2079 1547 2149 Erasmus
1582 2075 1911 2149 defenditur.
1971 2072 2407 2149 Duplex‘lidessa
2459 2073 2869 2149 distinguenda;
2920 2090 3145 2149 quarum
3203 2074 3373 2149 altera
3428 2073 3698 2149 recentior

440 2151 783 2216 Osrhoenica,
815 2141 1082 2220 antiquior
1113 2141 1283 2202 altera
1316 2141 1679 2220 Macedonica,
1710 2145 1953 2220 primitus
1982 2142 2150 2212 xliqea
2172 2143 2357 2198 dicta:
2382 2144 2534 2200 cuius
2558 2144 2785 2195 nominis
2814 2141 3086 2196 occasione
3116 2144 3383 2197 nonnullte
3415 2144 3482 2195 de
3507 2141 3689 2210 Αἴθρα

434 2222 767 2291 proconsule,
790 2233 855 2273 ~ut
886 2216 1075 2290 fertur,
1102 2220 1337 2280 Achniw,
1370 2216 2014 2291 propositw__co_njectura:_.

516 2289 645 2345 VIII.
669 2282 997 2360 Detentpore
1024 2306 1125 2359 quo
1148 2291 1346 2357 scripta
1371 2282 1615 2341 censetur
1646 2284 1887 2354 Epistula
1918 2298 1934 2335 :
1960 2283 2217 2352 simulque
2252 2285 2397 2337 varia
2427 2284 2488 2337 de
2527 2282 2845 2352 Vespasiano
2873 2294 3219 2353 persecutore.

505 2443 548 2498 1.
589 2444 743 2510 Quod
799 2445 1050 2512 superius
1098 2443 1153 2496 in
1206 2440 1524 2512 prmfatione
1569 2437 1804 2509 generali
1863 2437 2001 2490 anti-
2034 2443 2076 2495 Α
2109 2436 2269 2491 nibus
2293 2435 2793 2499 distinctum,haud
2834 2435 3193 2507 incongruum
3224 2448 3505 2506 putamus,
3530 2454 3601 2493 ex
3630 2455 3697 2492 eo

439 2538 711 2605 quitatum
771 2536 1266 2592 ecclesiasticarum
1344 2534 1605 2588 studiosis
1673 2532 2005 2599 recepimus,

442 2629 578 2683 Acta
625 2639 924 2699 martyrum
971 2644 1070 2682 nos
1114 2642 1237 2681 esse
1274 2628 1619 2690 collecturos,
1666 2640 1765 2693 pro
1795 2633 2005 2691 tempo-

440 2737 561 2775 rum
602 2722 813 2777 ratione
851 2720 1190 2790 digerenda;
1232 2720 1283 2773 id
1313 2719 1532 2788 quidem
1571 2725 1831 2786 praestare
1864 2730 2009 2767 nunc

440 2812 752 2880 incipimus,
782 2810 1077 2880 Epistolam
1126 2811 1458 2880 ent'yclicam
1514 2808 1935 2877 presbyterorum
1961 2817 2009 2859 et

439 2904 783 2955 diaconorum
814 2902 1029 2956 Achaia:
1042 2902 1104 2954 de
1131 2902 1189 2956 S.
1214 2903 1440 2955 Andrea:
1474 2903 1703 2970 apostoli
1732 2903 2009 2970 martyrio,

444 2998 496 3049 in
528 2995 762 3050 medium
796 2995 1152 3063 proferentes.
1186 2994 1332 3049 Licet
1362 2996 1505 3049 cnim
1544 2996 1683 3049 inter
1707 2996 1840 3049 Acta
1868 3010 2014 3048 mar—

444 3098 622 3158 tyrum
658 3087 894 3152 sincera,
924 3088 1167 3141 virorum
1216 3087 1555 3141 eruditorum
1604 3087 1814 3156 judicio
1868 3085 2012 3140 haud

442 3178 608 3233 fuerit
636 3179 901 3233 hactenus
928 3179 1041 3233 haec
1072 3178 1311 3248 Epistola
1338 3180 1638 3240 recensita;
1677 3194 1798 3232 eam
1833 3186 2014 3231 tamen

439 3270 668 3326 omnino
715 3270 1127 3340 prastermittere
1189 3270 1436 3341 religioni
1496 3271 1845 3325 habuimus:
1902 3270 2018 3326 sive

439 3362 587 3432 quod
629 3361 697 3416 ab
743 3362 986 3432 antiquis
1038 3362 1378 3431 temporibus
1426 3360 1685 3417 Ecclesiae
1733 3361 2016 3417 catholica:

442 3455 732 3521 sententia,
774 3454 936 3524 digna
989 3453 1148 3509 fuerit
1192 3456 1502 3510 existimata
1549 3471 1671 3525 qure
1717 3455 1772 3509 in
1812 3455 2015 3510 divinis

440 3544 634 3601 otIiciis
674 3546 1016 3602 celebrandis
1062 3547 1281 3617 publice
1329 3556 1723 3617 usurparetur;
1764 3547 1909 3616 quod
1962 3546 2017 3600 in

442 3637 635 3706 primis
675 3637 1028 3707 spectandum
1063 3648 1182 3693 erat
1224 3656 1239 3693 :
1281 3640 1394 3695 sive
1423 3639 1568 3709 quod
1600 3656 1773 3710 nuper
1798 3641 2018 3695 demum

444 3728 498 3780 in
542 3726 719 3783 lucem
770 3729 1035 3799 prodierit
1086 3738 1264 3785 textus
1294 3730 1537 3798 Graecus,
1568 3747 1678 3802 quo
1704 3739 1878 3799 magis
1904 3748 2017 3786 ma-

2113 2530 2362 2599 lipislolze
2411 2540 2609 2582 nostrae
2665 2529 2880 2581 initium
2926 2528 3016 2582 hic
3053 2529 3395 2594 describere,
3450 2532 3694 2598 utquod

2110 2641 2142 2679 a
2167 2624 2392 2695 reliquis
2422 2624 2606 2687 editis,
2638 2622 2768 2692 quin
2801 2630 2853 2674 et
2899 2621 2969 2674 ab
3015 2621 3131 2689 ipso
3154 2621 3347 2675 Gnaeo
3386 2621 3695 2690 exemplari

2111 2717 2505 2787 aliquantulum
2531 2716 2824 2783 discrepat.
2859 2713 2952 2768 Sic
2979 2724 3158 2768 autem
3189 2729 3247 2768 se
3271 2714 3476 2767 habet:

2406 2809 2599 2863 PASSIO
2639 2825 2798 2861 nam
2839 2808 3074 2861 ANDBE£
3116 2822 3394 2860 APOSTOLI.

2190 2903 2445 2956 Diaconos
2473 2902 2816 2956 ecclesiarum
2851 2902 3050 2954 Arahie
3085 2900 3207 2969 (sic)
3236 2900 3552 2967 scripsimus
3582 2898 3699 2950 uni-

2114 2998 2273 3049 versis
2310 2994 2583 3060 Ecclesiis,
2612 3010 2728 3063 quia
2765 3003 2885 3046 sunt
2920 2994 2972 3045 in
3002 2994 3201 3045 oriente
3236 3000 3283 3045 et
3322 2993 3620 3053 occidente,
3645 2999 3698 3042 et

2116 3087 2335 3141 meridie
2378 3096 2426 3139 et
2481 3087 2831 3154 septentrione
2893 3086 2948 3137 in
2990 3086 3190 3138 Christi
3232 3085 3444 3137 nomine
3494 3086 3695 3137 consti-

2121 3188 2247 3234 tutae
2292 3194 2310 3233 :
2343 3178 2463 3231 Pax
2494 3179 2637 3231 vobis
2666 3187 2714 3231 et
2747 3179 3003 3230 universis
3039 3178 3128 3247 qui
3158 3176 3377 3231 credunt
3423 3177 3481 3229 in
3530 3191 3696 3228 unum

2115 3287 2233 3324 eum
2264 3271 2324 3341 (l.
2357 3269 2545 3340 Deum)
2599 3280 2648 3323 et
2692 3272 2747 3322 in
2772 3267 3087 3323 Trinitatem
3134 3270 3422 3339 perfectam
3460 3286 3479 3322 :
3518 3285 3695 3322 verum

2118 3362 2338 3415 Patrem
2390 3362 2723 3431 ingenitum,
2773 3372 2820 3414 et
2865 3377 3043 3414 verum
3087 3361 3291 3415 Filium
3336 3362 3692 3432 unigenitum,

2118 3464 2166 3508 et
2194 3470 2372 3508 verum
2400 3452 2662 3523 Spiritum
2707 3464 2951 3507 sanctum
2972 3490 2987 3514 ,
3038 3455 3399 3522 procedentem
3431 3470 3498 3508 ex
3528 3452 3691 3506 Patre

2120 3554 2171 3598 et
2202 3543 2348 3598 Filio
2380 3560 2398 3598 :
2425 3553 2476 3598 et
2504 3543 2601 3596 hoc
2636 3560 2746 3597 esse
2788 3545 3119 3614 unigenitum
3148 3544 3350 3598 Filium
3372 3586 3388 3611 ,
3435 3546 3578 3613 quod
3620 3554 3694 3597 est

2120 3647 2168 3690 et
2210 3636 2299 3691 ille
2338 3637 2429 3706 qui
2460 3638 2659 3706 genuit.
2694 3634 2851 3689 Hanc
2879 3638 3039 3706 ﬁdem
3075 3638 3360 3690 didicimus
3382 3678 3397 3703 ,
3443 3646 3549 3691 etc.
3595 3635 3692 3691 Ubi

2124 3727 2434 3782 meminerit
2482 3728 2649 3781 lector
2693 3726 2886 3780 horum
2955 3728 3243 3781 verborum
3270 3767 3286 3791 ,
3336 3727 3694 3793 procedentem

443 3817 638 3887 gisque
686 3819 1059 3873 vetustissima
1101 3821 1303 3886 versio,
1340 3800 1602 3876 Ecclesim
1642 3821 1851 3890 jamdiu
1887 3837 2016 3891 pro-
2054 3800 2093 3853 Β
2121 3835 2186 3873 ea:
2217 3818 2376 3873 Patre
2407 3829 2455 3872 et
2483 3816 2653 3883 Filio,
2690 3818 2757 3871 de
2791 3817 2991 3886 quibus
3037 3817 3264 3871 inferius
3291 3817 3689 3872 disserendum.

444 3907 605 3970 hata.
650 3910 1052 3964 conﬁrmatur:
1096 3912 1210 3967 sive
1256 3911 1398 3979 quod
1438 3911 1655 3965 tandem
1686 3911 1787 3964 viri
1819 3911 2019 3965 eruditi

445 3999 628 4054 studio
681 4002 934 4071 quamvis
991 4018 1020 4056 a
1069 4003 1336 4058 catholica
1386 4003 1778 4057 communione
1826 4004 2014 4068 alieni,

442 4091 633 4144 eadem
669 4089 911 4160 Epistola
945 4092 1132 4161 paucis
1182 4092 1381 4147 abhinc
1419 4094 1578 4147 annis
1604 4092 1787 4147 Graece
1818 4108 1884 4147 ac
1910 4092 2018 4147 La-

445 4182 558 4234 tine
591 4182 645 4234 in
688 4182 884 4251 vulgus
931 4183 1155 4246 emissa,
1201 4183 1348 4237 velut
1393 4184 1641 4239 sincerus
1689 4200 1857 4239 sacrze
1886 4185 2023 4238 anti-

446 4274 673 4343 quitatis
705 4273 847 4329 l'etus
875 4274 1041 4328 fuerit
1065 4286 1422 4345 propugnata.
1460 4275 1616 4342 Quod
1648 4277 1694 4331 si
1726 4292 1851 4332 vero
1879 4277 2023 4331 hanc

446 4366 745 4438 Epistulam
779 4367 963 4421 minus
1002 4375 1149 4421 recte
1192 4366 1331 4421 inter
1359 4366 1493 4421 Acta
1534 4378 1831 4439 martyrum
1864 4370 2023 4426 nobis

448 4459 743 4528 repositam
787 4458 912 4527 quis
953 4457 1280 4523 arbitretur;
1326 4459 1473 4511 illam
1521 4460 1709 4513 saltem
1760 4469 2021 4529 tanquam

447 4560 723 4606 vetustum
749 4565 887 4620 Opus
916 4549 1349 4605 ecclesiasticum
1375 4566 1496 4604 esse
1522 4551 1846 4617 habendam,
1876 4553 2022 4607 haud

450 4644 575 4698 ierit
614 4643 824 4697 inlicias
858 4659 871 4691 τ
914 4643 1159 4711 adeoque
1203 4641 1287 4694 vel
1333 4657 1399 4696 eo
1436 4643 1657 4696 nomine
1684 4644 1737 4696 in
1777 4654 2022 4698 nostram

451 4735 836 4789 bibliothecam
864 4733 989 4803 jure
1019 4732 1355 4786 inferendam
1383 4733 1843 4789 existimavimus.

522 4825 585 4879 ll.
627 4825 778 4879 lllam
810 4834 991 4880 autem
1024 4825 1236 4895 primus
1279 4826 1335 4879 in
1371 4826 1548 4880 lucem
1583 4827 1832 4881 emisisse
1874 4844 2026 4882 com-

453 4919 663 4989 peritur
704 4917 944 4972 Boninus
972 4917 1317 4973 Mombritius
1362 4920 1627 4990 patricius
1653 4918 2024 4975 Mediolanen—

452 5010 551 5075 sis,
587 5009 641 5062 in
678 5008 811 5061 Vitis
842 5021 1169 5073 sanctorum,
1221 5011 1322 5065 sub
1355 5012 1514 5064 linem
1565 5011 1749 5065 saeculi
1786 5027 1855 5065 xv
1885 5012 2024 5082 typis

451 5100 816 5170 consignatis;
852 5101 960 5154 loci
1009 5102 1152 5154 enim
1200 5117 1264 5155 ac
1294 5103 1554 5171 temporis
1598 5112 1725 5156 nota
1774 5104 2025 5171 nuspiam

453 5199 747 5259 comparet.
816 5190 1266 5261 Quandoquidem
1341 5210 1469 5248 vero
1536 5194 1675 5249 inter
1741 5197 2023 5251 rarissima

453 5293 768 5337 recensetur
805 5298 941 5353 Opus
974 5285 1277 5352 ejusmodi,
1331 5286 1543 5341 duobus
1577 5286 1758 5341 in-l'ol.
1787 5289 2022 5343 volumi-

525 5394 1006 5472 _(l)_l..ipom.__}’_it.
1210 5407 1339 5452 tom.
1375 5398 1759 5472 Vl,7pag.197,
1804 5417 1834 5455 a
1866 5413 2016 5472 tergo

450 5464 589 5520 edit.
620 5464 808 5521 Venet.
841 5468 999 5529 1581,
1031 5466 1123 5521 fol.
1156 5482 1261 5536 qua
1291 5480 1431 5523 utor.
1470 5464 1664 5525 Primae
1691 5482 1869 5526 autem
1903 5464 2016 5527 edi-

456 5537 639 5607 tionis,
667 5552 831 5605 quam
862 5539 1026 5591 etiam
1068 5553 1178 5607 pra:
1221 5540 1473 5595 manibus
1502 5540 1694 5607 habeo,
1723 5543 1815 5595 sed
1853 5544 2018 5597 muti-

452 5605 583 5670 lam,
612 5607 855 5677 quinque
905 5605 1088 5676 priora
1131 5607 1412 5667 volumina
1460 5611 1618 5677 ἰπὶ-4,
1652 5605 1896 5681 prodiere
1930 5615 2019 5668 iti-

2194 3908 2405 3965 Saeculo
2447 3922 2663 3979 postero
2690 3926 2779 3964 xvi
2809 3918 3084 3972 currente,
3113 3910 3359 3963 eamdem
3392 3909 3691 3979 Epistolam

2123 4004 2325 4057 iterum
2390 4004 2665 4073 evulgavit
2714 4002 2970 4073 Aloysius
3016 4001 3350 4072 Lipomanus
3406 4004 3692 4072 episc0pus

2124 4095 2480 4160 Veronensis,
2513 4097 2566 4150 in
2599 4111 2762 4166 opere
2794 4094 3035 4148 Vitarum
3068 4105 3371 4149 sanctorum
3402 4097 3691 4165 priscorum

2127 4186 2379 4251 Patrum;
2431 4187 2526 4242 sed
2563 4188 2671 4241 alio
2708 4203 2737 4240 a
2765 4186 3153 4241 Mombritiano
3198 4188 3497 4257 exemplari
3531 4204 3689 4249 usus,

2125 4279 2191 4333 ad
2218 4278 2473 4347 Epistolas
2528 4279 2744 4332 initium
2801 4280 2991 4333 saltem
3039 4279 3183 4348 quod
3232 4280 3447 4333 attinet.
3497 4279 3691 4349 Estque

2125 4374 2437 4442 hujusmodi
2472 4374 2547 4443 (Ι)
2581 4389 2593 4424 :
2626 4372 2937 4426 Passionem
2982 4378 3154 4426 sancti
3200 4373 3429 4441 apostoli
3474 4375 3690 4427 Andrec

2123 4481 2282 4535 quam
2318 4464 2482 4517 oculis
2505 4466 2697 4517 nostris
2724 4460 2972 4527 vidimus,
2996 4479 3174 4515 omnes
3193 4462 3487 4531 presbyteri
3508 4472 3557 4515 et
3580 4464 3689 4515 dia-

2125 4573 2276 4611 cones
2293 4556 2657 4610 Ecciesiarum
2681 4554 2917 4617 Achaiae,
2937 4554 3215 4607 scribimus
3239 4554 3495 4606 universis
3523 4552 3688 4606 Eccleo

2124 4650 2219 4702 siis
2260 4665 2377 4719 qut:
2407 4657 2528 4703 sunt
2549 4649 2603 4700 in
2619 4649 2817 4701 oriente
2846 4656 2896 4699 et
2928 4647 3213 4710 occidente,
3239 4656 3285 4699 et
3324 4645 3612 4699 meridiano
3642 4655 3686 4698 et

2125 4740 2494 4806 septentrione,
2520 4739 2574 4791 in
2596 4738 2796 4793 Christi
2816 4739 3024 4791 nomine
3043 4738 3347 4790 constitutis
3374 4754 3392 4790 :
3422 4736 3539 4790 Pas:
3558 4737 3683 4790 vobis

2126 4841 2174 4886 et
2220 4831 2475 4883 universis
2518 4831 2609 4899 qui
2653 4830 2874 4883 credunt
2918 4845 3082 4882 unum
3121 4828 3289 4882 Deum
3344 4830 3399 4882 in
3443 4828 3685 4882 Trinitate

2125 4923 2530 4993 perfectum,....
2580 4938 2759 4976 verum
2807 4919 3076 4990 Spiritum
3114 4931 3382 4985 sanctum,
3414 4921 3684 4988 proceden-

2129 5026 2231 5069 tem
2267 5032 2331 5069 εει)
2355 5014 2538 5081 Patre,
2574 5017 2627 5067 in
2670 5013 2818 5067 Filio
2865 5024 3273 5083 permanentem,
3307 5022 3369 5066 ut
3396 5014 3685 5067 ostendatur

2054 5131 2096 5189 α
2131 5125 2264 5161 unus
2288 5106 2520 5177 Spiritus
2553 5124 2662 5160 esse
2692 5108 2747 5160 in
2764 5106 2927 5161 Patre
2952 5117 3002 5160 et
3030 5105 3173 5160 Filio
3196 5124 3212 5160 :
3242 5116 3291 5159 et
3312 5106 3410 5159 hoc
3436 5122 3565 5170 esse,
3588 5115 3676 5159 etc

2131 5194 2325 5254 Omnia
2359 5213 2493 5266 pene
2518 5200 2583 5251 ad
2608 5198 2779 5253 Graeci
2810 5207 3093 5252 contextus
3124 5197 3410 5252 amussim.

2202 5292 2405 5347 Eodem
2431 5292 2631 5347 saaculo
2650 5307 2762 5356 xvi,
2797 5292 3125 5347 Laurentius
3156 5290 3357 5347 Surius
3381 5290 3679 5347 Cartbusia-

2123 5406 2245 5461 dem
2269 5404 2510 5459 Venetiis
2554 5405 2620 5459 ad
2654 5406 2870 5475 signum
2910 5404 3042 5475 spei
3072 5421 3201 5458 ann.
3237 5405 3564 5469 15514556,
3590 5408 3678 5461 tria

2123 5491 2252 5531 vero
2306 5477 2605 5546 posteriora
2661 5473 2848 5531 Roma:
2903 5473 3047 5546 apud
3091 5475 3394 5530 Antonium
3450 5476 3675 5544 Bladutn,

2126 5562 2254 5601 ann.
2280 5544 2605 5601 l558-1560.
