3838 6218
148 328 291 383 1901

866 322 1207 377 EPISTOLA
1245 323 1335 378 DE
1369 322 1704 379 MAHTYRN

1816 365 1828 379 .
1868 323 2192 380 ANDREE.
2238 355 2307 365 -
2339 322 2696 379 PROLEMIA.

3272 327 3406 382 ﬁt)?

146 458 295 505 nos,
324 444 383 497 in
414 437 532 493 suis
561 436 802 492 collectis
835 439 1077 507 undique
1115 448 1223 493 tam
1260 457 1324 495 ea:
1362 458 1489 497 mss.
1530 444 1728 498 codici-
1762 450 1805 506 Α
1835 441 2039 497 Graecis
2068 440 2312 512 pressius
2360 441 2623 495 inhaerere
2654 439 3009 508 eomperitur.
3054 437 3256 512 Nuper:
3289 446 3396 499 edi-

146 533 251 586 bus
281 547 441 602 quam
471 546 535 584 ea:
562 531 720 584 editis
767 531 1100 599 auctoribus,
1150 534 1389 602 probatis
1419 545 1728 591 sanctorum

157 622 333 690 Vitis,
380 630 441 676 ut
482 621 587 676 fert
630 622 813 692 operis
864 625 1180 696 inscriptio,
1232 636 1396 699 atque
1457 646 1555 700 per
1597 634 1726 688 anni

142 716 350 770 seriem
386 715 632 786 digestis,
671 715 963 771 editionem
999 717 1448 789 Lipomanianam
1503 734 1726 781 secutus

137 817 231 862 est
257 807 357 879 (2).
403 805 666 862 Eamdem
698 824 918 878 quoque
959 812 1101 881 typis
1139 812 1399 883 deinceps
1433 818 1728 888 consigna-

137 900 224 952 vit
246 908 371 968 post
416 898 656 953 medium
709 900 1047 971 insequentis
1102 905 1283 958 saeculi
1316 922 1452 972 xvu,
1481 907 1725 965 Andreas

136 990 215 1044 dn
252 990 494 1062 Saussay
542 992 835 1061 episcopus
887 992 1183 1059 Tullensis,
1245 997 1300 1050 in
1354 1013 1521 1068 opere
1579 1001 1723 1056 haud

131 1082 306 1135 obvio
336 1083 410 1135 ita
444 1084 705 1152 inscripto
737 1100 749 1135 :
786 1085 1025 1139 Andreas
1060 1087 1230 1155 frater
1276 1087 1509 1145 Simonis
1540 1090 1721 1158 Petri;

135 1191 233 1227 seu
294 1174 371 1229 De
416 1176 588 1246 gloria
644 1176 702 1232 S.
745 1178 972 1233 Andreae
1024 1183 1254 1249 apostoli
1319 1184 1445 1237 libri
1504 1202 1580 1239 xu
1620 1186 1717 1256 (5).

134 1263 329 1335 Neque
355 1277 567 1322 tantum
597 1268 894 1339 Epistolam
929 1282 1171 1326 nostram
1198 1274 1448 1329 exhibuit
1483 1278 1723 1348 scriptor

130 1356 353 1423 Gallus,
398 1371 458 1414 ut
497 1361 692 1430 reliqui
736 1362 1103 1430 praecedentes
1133 1365 1399 1433 editores,
1455 1370 1547 1424 sed
1596 1386 1716 1425 eam

134 1450 367 1521 insuper
406 1471 425 1503 1
456 1463 564 1507 tam
593 1465 840 1523 patenter
867 1466 1131 1511 assertam
1161 1459 1328 1525 dedit,
1362 1478 1526 1531 quam
1556 1479 1719 1518 accu-

135 1554 261 1597 rate
291 1546 623 1602 vindieatam
656 1551 921 1609 adversus
955 1555 1138 1608 varias
1158 1567 1481 1611 novaturum
1503 1568 1716 1628 arguta-

134 1637 351 1703 tiones;
381 1654 519 1707 quas
552 1644 826 1713 congessit
855 1654 909 1699 et
935 1648 1087 1701 auxit
1116 1647 1434 1704 Edmundus
1463 1650 1717 1707 Auberti-

130 1742 243 1780 nus
275 1728 328 1781 in
372 1728 511 1783 libro
541 1730 774 1788 Genevaa
820 1750 965 1792 anno
993 1739 1153 1804 1655,
1181 1739 1384 1796 Gallice
1430 1743 1595 1810 edito,
1626 1746 1712 1799 cui

130 1818 331 1873 titulus
360 1830 484 1875 est:
526 1822 869 1881 Eucharislia
923 1832 1108 1884 veteris
1134 1830 1407 1888 Ecclesiae.
1448 1854 1467 1886 1
1522 1835 1614 1892 Sic
1660 1837 1715 1892 in

125 1908 319 1965 fronte
344 1914 522 1981 operis
551 1928 763 1971 auctor.

206 1999 348 2056 Tum
382 2020 510 2060 vero
550 2010 732 2063 saeculi
778 2015 1052 2069 currentis
1094 2032 1241 2072 anno
1272 2019 1431 2085 l731,
1465 2022 1711 2076 eamdem

123 2091 432 2162 Epistolam
485 2098 671 2156 Romae
723 2106 1088 2161 recudendam
1134 2112 1345 2166 curavit
1404 2111 1714 2172 Ludovicus

125 2188 407 2244 Andruzzi
441 2192 784 2251 Santandrea
815 2197 933 2267 (4);
970 2199 1064 2269 qui
1099 2199 1496 2271 Lipomaniano
1528 2222 1713 2260 exem-

122 2280 275 2349 plari
306 2286 602 2351 praeterito,
636 2287 1083 2346 Mombritianum
1130 2293 1439 2351 describere
1486 2300 1707 2354 maluit:

124 2374 267 2439 quin
313 2383 367 2428 et
408 2374 742 2449 Saussayum
790 2383 1115 2452 plerumque
1152 2395 1477 2455 assectatus,
1538 2409 1557 2441 1
1592 2390 1713 2460 Epi-

118 2465 286 2519 stulae
316 2468 683 2525 sinceritatem
725 2475 1064 2543 gravissimis
1094 2479 1424 2537 testimoniis
1456 2496 1713 2552 compro-

123 2557 281 2611 bavit
306 2559 404 2630 (5).
421 2580 440 2613 1

198 2678 455 2749 Quinque
502 2692 681 2739 autem
723 2686 989 2745 hactenus
1045 2694 1332 2748 recensitis
1373 2694 1707 2754 editionibus

122 2768 325 2824 Latine
367 2780 579 2827 tantum
609 2777 897 2847 evulgatis,
941 2790 1092 2834 sexta
1124 2782 1342 2838 demum
1380 2787 1612 2841 accessit
1636 2787 1700 2843 G.

118 2858 213 2927 L.,
243 2877 367 2930 quae
401 2878 547 2918 anno
601 2867 740 2922 1749
785 2870 965 2925 Caroli
1019 2872 1315 2928 Christiani
1349 2874 1525 2948 Woog
1567 2895 1702 2934 cura

120 2960 179 3003 et
225 2952 412 3005 studio
439 2952 637 3023 Lipsiae
683 2959 857 3013 lucem
906 2962 1140 3029 aspexit.
1189 2962 1419 3019 Textum
1450 2966 1700 3023 Graecum

117 3040 416 3112 descripsit
445 3047 515 3100 el.
547 3048 723 3103 editor
752 3066 783 3105 e
812 3052 1001 3108 codice
1034 3054 1519 3129 Huntingdoniano
1559 3045 1690 3127 451,

1834 534 1965 588 toris
2008 542 2166 588 notas
2220 541 2424 587 textum
2478 532 2531 587 in
2579 529 2773 601 primis
2817 531 3168 601 respicientes
3211 535 3403 604 selegi-

1829 640 1978 692 mus,
2028 626 2463 695 prolixioresque
2516 624 2927 690 contraximus;
2982 624 3181 694 quibus
3236 628 3402 682 etiam

1828 718 2121 772 nonnullas
2146 716 2553 771 observationes
2582 714 2936 781 attexuimus,
2961 714 3145 784 plures
3170 714 3403 773 fortasse

1828 810 1971 863 haud
2013 808 2440 864 contemnendas
2479 806 2735 870 addituri,
2768 806 2816 861 si
2845 806 3207 876 opportunius
3251 809 3402 862 codi-

1825 915 1943 955 cem
1975 915 2077 953 ms.
2123 899 2280 953 nobis
2322 898 2575 952 evolvere
2610 896 2883 961 licuisset,
2923 911 3084 965 quem
3117 911 3241 950 sero
3278 905 3401 950 tan-

1825 992 1947 1047 dem
1981 992 2312 1047 deteximus.
2344 989 2441 1044 Est
2470 998 2651 1043 autem
2701 988 2872 1043 codex
2900 987 3125 1043 Graecus
3162 987 3401 1057 Bomby-

1824 1085 1983 1139 ciuus
2012 1099 2164 1137 num.
2213 1098 2408 1145 eLxxv,
2433 1082 2487 1143 4,
2523 1081 2724 1135 saeculo
2756 1094 2845 1133 xw
2885 1088 3165 1145 exaratos,
3193 1080 3399 1136 inscri-

1823 1185 2104 1246 ptusque:
2149 1173 2512 1243 Heortologia,
2556 1189 2646 1226 seu
2686 1171 2961 1226 Sermones
2988 1180 3037 1226 et
3063 1171 3296 1228 homiliat
3341 1172 3397 1225 in

1822 1283 2001 1319 annua
2051 1266 2233 1330 festa;
2287 1280 2447 1334 quem
2510 1263 2668 1317 nobis
2724 1262 3093 1332 suppeditavit
3152 1264 3396 1333 locuples

1822 1357 2082 1412 Bernardi
2111 1356 2249 1411 Nani
2294 1356 2563 1412 senatoris
2616 1355 2894 1425 quondam
2938 1355 3263 1426 amplissimi
3310 1356 3398 1412 bi-

1820 1450 2089 1506 bliotheca
2108 1454 2145 1503 ‘.

1888 1563 1975 1618 111.
2016 1564 2135 1619 1am
2169 1580 2299 1620 vero
2336 1571 2397 1618 ut
2430 1563 2497 1618 de
2533 1561 2757 1631 antiqua
2786 1561 2952 1633 hujus
2982 1560 3238 1633 Epistolas
3270 1578 3393 1619 ver-

1812 1657 1971 1711 sione
2015 1657 2183 1711 verba
2250 1655 2559 1721 faciamus,
2615 1656 2800 1711 nullus
2853 1652 3099 1724 profecto
3154 1653 3401 1723 suppetit

1818 1751 2101 1805 character
2141 1750 2276 1806 satis
2307 1750 2520 1815 llrmus,
2549 1764 2660 1819 quo
2691 1750 2796 1803 rite
2822 1747 3051 1803 delinire
3090 1746 3407 1817 possimus,.

1818 1856 1983 1910 quam
2016 1841 2221 1894 dudum
2256 1840 2424 1895 fuerit
2466 1841 2555 1894 illa
2586 1840 2854 1896 confecta.
2897 1839 2967 1892 At
3000 1854 3119 1894 eam
3151 1853 3274 1894 esse
3300 1854 3393 1895 ve.

1818 1933 2104 1987 tustiorem
2146 1948 2311 2003 quam
2362 1942 2420 1987 ut
2461 1934 2623 2004 vulgo
2672 1941 2982 1998 censeatur,
3029 1933 3265 2003 quisque
3301 1949 3392 1988 ar-

1815 2042 1981 2096 guere
2012 2026 2156 2080 valet
2180 2042 2247 2080 ex
2286 2026 2647 2095 scriptoribus
2689 2026 3107 2090 ecclesiasticis,
3153 2041 3388 2096 quorum

1814 2120 2126 2175 testimonia
2151 2119 2407 2189 Epistolas
2456 2119 2556 2188 ipsi
2589 2120 2973 2190 praemisimus.
3016 2119 3122 2172 Alii
3151 2120 3294 2173 enim
3322 2135 3389 2177 ex

1812 2227 1878 2266 ea
1901 2212 1984 2265 vel
2034 2211 2215 2265 locum
2270 2210 2547 2280 passionis
2595 2210 2681 2266 vel
2725 2226 2902 2281 genus
2933 2211 3127 2266 mortis
3174 2211 3389 2267 eruisse

1814 2303 1957 2358 haud
2000 2302 2234 2357 obscure
2276 2302 2549 2357 videntur.
2604 2302 2713 2356 Alii
2756 2316 2888 2357 vero
2923 2302 3102 2357 locum
3148 2302 3384 2373 aliquem

1811 2399 2142 2451 verbotenns
2174 2395 2514 2461 describunt,
2554 2395 2669 2450 sive
2707 2395 2881 2466 ipsam
2907 2396 3170 2451 Actorum
3204 2396 3384 2450 histo-

1812 2489 1948 2541 riam
1986 2488 2310 2551 excitantes,
2343 2486 2459 2542 sive
2498 2486 2664 2540 etiam
2690 2487 3023 2557 quandoque
3068 2487 3235 2542 tacito
3264 2486 3387 2552 ejus

1810 2582 2032 2635 nomine
2077 2580 2145 2635 ad
2197 2580 2345 2635 illam
2394 2581 2784 2649 respicientes;
2836 2580 2980 2647 quod
3022 2579 3230 2635 scilicet
3270 2588 3389 2635 tan-

1808 2690 1972 2745 quam
2003 2684 2213 2730 certum
2246 2685 2301 2730 et
2329 2675 2674 2745 exploratum
2722 2683 3143 2727 monumentum
3176 2673 3381 2744 passim

1808 2768 2124 2835 haberetur,
2169 2777 2228 2821 ut
2276 2778 2423 2823 recte
2457 2767 2765 2838 Saussayus
2804 2765 2903 2836 (6).
2963 2764 3151 2835 Neque
3198 2775 3381 2820 tamen

1804 2859 2039 2914 iuliciari
2084 2861 2282 2927 velim,
2344 2860 2644 2915 nonnullos
2689 2874 2756 2912 ex
2800 2857 2979 2912 allatis
3024 2857 3384 2927 scriptoribus

1809 2952 2057 3008 Graecum
2100 2955 2283 3023 potius
2329 2962 2537 3008 textum
2572 2966 2737 3021 quam
2774 2958 3010 3004 veterem
3052 2950 3171 3021 ejus
3212 2949 3383 3004 inter—

1804 3056 2009 3115 pretem
2038 3046 2324 3101 consulere
2346 3047 2607 3116 potuisse.
2643 3043 2770 3112 Sed,
2817 3051 2939 3096 utut
2964 3050 3067 3110 est,
3085 3057 3277 3097 eorum
3307 3050 3382 3096 te-

121 3131 478 3190 bibliotheca:
535 3136 882 3209 Bodleianw;
951 3160 1074 3199 cum
1127 3164 1237 3217 quo
1300 3150 1426 3204 item
1466 3151 1701 3209 Grabius
1728 3143 1769 3200 C
1804 3138 2063 3193 δῑίιηοηίθ
2098 3138 2213 3209 lam
2259 3137 2385 3192 inde
2429 3153 2457 3190 ³
2494 3139 2695 3193 δεθευιο
2732 3154 2784 3193 IV
2815 3152 2988 3207 usque
3016 3135 3084 3190 ad
3125 3150 3215 3200 “o
3249 3149 3381 3188 cm"

122 3222 449 3294 Martyrium
476 3227 534 3282 S.
568 3228 771 3286 Theclaa
808 3236 1132 3302 contulerat,
1165 3239 1395 3309 ejusque
1424 3258 1527 3311 ope
1555 3247 1702 3301 curis

116 3318 381 3372 secundis
424 3322 819 3390 perpoliverat,
868 3335 927 3380 ut
964 3344 1029 3381 ex
1070 3336 1327 3403 anonymi
1382 3336 1702 3403 praefatione

117 3409 189 3461 ad
227 3424 428 3464 novam
477 3413 754 3486 Spieilegii
806 3416 907 3474 SS.
936 3419 1163 3476 Patrum
1188 3423 1555 3483 Oxoniensem
1585 3431 1701 3485 edi-

121 3501 330 3555 tionem
366 3506 672 3561 erudimur.
710 3508 766 3563 111
798 3511 904 3565 hoc
930 3528 1094 3580 porro
1119 3518 1336 3586 egregio
1362 3534 1532 3575 saera:
1558 3523 1701 3576 anti-

110 3592 351 3660 quitatis
397 3610 751 3654 monumento
782 3603 994 3657 edendo
1036 3615 1198 3676 atque
1241 3611 1581 3681 adornanda,
1612 3631 1698 3671 se-

117 3685 305 3738 dulam
339 3703 560 3756 operam
595 3693 698 3747 sibi
743 3695 1041 3751 adhibitam
1079 3702 1364 3769 profitetur
1394 3707 1476 3760 vir
1515 3710 1700 3763 erudi-

117 3785 232 3831 tus.
274 3776 566 3847 Nimirum,
608 3802 676 3837 ne
715 3787 908 3844 litterae
939 3793 1157 3861 quidem
1200 3796 1410 3865 apicem
1447 3801 1695 3865 mutavit,

112 3869 226 3924 nisi
262 3871 353 3925 ubi
393 3873 751 3931 dicendorum
804 3897 995 3948 nexus,
1045 3883 1253 3938 librarii
1303 3888 1618 3957 oscitantia,
1645 3901 1699 3947 et

115 3969 269 4015 recta
296 3968 649 4021 construendi
693 3970 1079 4042 scribendique
1124 3979 1265 4032 ratio
1308 3979 1364 4033 id
1393 3984 1701 4050 expostula-

114 4054 222 4118 rit;
272 4054 363 4108 ubi
400 4071 532 4112 vero
567 4061 890 4117 vocabulum
933 4066 1153 4136 aliquod
1194 4069 1357 4125 unius
1409 4072 1699 4130 alteriusve

110 4142 317 4199 litterae
358 4150 691 4219 mutatione,
730 4155 1034 4225 adjectione
1082 4160 1167 4214 vel
1203 4161 1539 4219 detractione
1576 4182 1699 4222 cor—

108 4246 343 4307 ruptum
381 4240 608 4311 invenit,
639 4262 768 4302 suas
806 4251 1218 4309 emendationes
1256 4255 1310 4309 in
1360 4265 1566 4311 textum
1614 4259 1698 4312 in-

113 4330 267 4395 tulit,
299 4346 491 4389 omnes
521 4345 700 4392 tamen
731 4355 834 4395 ms.
866 4341 1071 4398 codicis
1113 4345 1374 4401 lectiones
1402 4351 1696 4406 mendosae

1805 3232 1960 3285 tinuo
1991 3232 2251 3301 temporis
2283 3231 2474 3285 ordine
2503 3240 2717 3285 servato
2741 3231 2995 3292 deducta,
3024 3229 3138 3284 sive
3166 3228 3235 3285 ad
3265 3242 3384 3281 ver-

1805 3324 1976 3378 sionis
2003 3324 2385 3393 antiquitatem
2429 3322 2543 3377 sive
2566 3323 2635 3377 ad
2666 3323 2838 3393 ipsius
2861 3320 3117 3391 Epistolas
3145 3317 3376 3375 sinceri-

1806 3423 1969 3468 tatem
2021 3415 2399 3479 astruendam,
2445 3414 2592 3468 haud
2630 3429 2825 3483 parum
2875 3411 3137 3468 conferre
3187 3410 3378 3466 existi-

1803 3517 2044 3562 mantur.

1871 3601 1961 3655 ιν.
2007 3601 2080 3654 De
2112 3602 2436 3655 auctoritate
2467 3610 2647 3656 autem
2680 3600 2846 3671 hujus
2874 3599 3150 3671 Epistolze,
3195 3598 3377 3655 varias

1799 3710 1924 3749 esse
1955 3694 2195 3747 virorum
2247 3694 2588 3747 eruditorum
2632 3693 2935 3748 sententias
2982 3707 3147 3747 nemo
3177 3693 3373 3747 nescit.

1800 3785 1905 3839 Alii
1953 3800 2191 3855 namque
2232 3785 2380 3839 velut
2423 3785 2825 3854 supposititiam
2875 3793 3038 3854 atque
3086 3784 3374 3839 conﬁctam

1799 3893 2026 3949 prorsus
2075 3877 2354 3947 rejieiunt;
2406 3876 2498 3931 alii
2546 3892 2677 3931 vero
2725 3878 2845 3946 ejus
2883 3877 3262 3931 auctoritatem
3319 3875 3373 3928 in

1799 3970 2027 4024 dubium
2058 3979 2312 4024 revocant
2346 3987 2360 4023 :
2397 3969 2489 4022 alii
2525 3969 2760 4038 denique
2802 3978 3058 4038 tanquam
3098 3967 3373 4021 sincerum

1800 4078 1970 4118 sacrae
2034 4062 2378 4131 antiquitatis
2426 4062 2596 4115 fetum
2647 4070 2969 4131 agnoscunt.
3029 4058 3191 4114 Plura
3246 4070 3374 4117 sunt

1799 4158 2099 4222 enimvero,
2133 4171 2310 4225 neque
2352 4155 2514 4219 levia,
2546 4169 2667 4224 quze
2703 4154 2769 4208 ad
2820 4152 3221 4223 infringendam
3253 4153 3373 4223 ejus

1798 4249 2128 4320 γνησιότητα
2180 4247 2345 4316 objici
2402 4246 2600 4301 solent.
2659 4245 2877 4300 Potiora
2936 4256 3115 4299 tamen
3168 4244 3274 4299 huc
3304 4245 3372 4301 ad

1798 4356 2026 4395 examen
2068 4354 2328 4393 revocare
2379 4339 2599 4392 animus
2642 4345 2758 4403 est;
2799 4352 2971 4406 eaque
3026 4336 3370 4405 potissimum

113 4422 440 4493 subliCiellS-
474 4425 668 4483 Τειιυὶ
711 4430 901 4487 Grateo
946 4450 1143 4490 novam
1183 4440 1489 4495 versionem
1528 4458 1697 4513 appo-
1727 4480 1771 4533 Β
1800 4448 1922 4501 quae
1962 4432 2030 4485 ab
2075 4432 2199 4487 aliis
2247 4432 2334 4485 vel
2377 4431 2605 4485 omnino
2648 4429 3049 4499 prastermissa.
3098 4428 3181 4483 vel
3220 4429 3371 4482 molli

109 4516 248 4579 suit,
281 4516 571 4589 ipsumque
600 4524 745 4579 notis
784 4526 1133 4583 uberioribus
1176 4529 1496 4587 illustravit.
1553 4533 1696 4588 Reli-

110 4624 223 4676 qua
261 4611 569 4669 omittimus
606 4632 912 4685 recensere,
941 4637 1061 4690 qua:
1092 4620 1155 4675 ν.
1182 4621 1243 4677 C.
1273 4624 1387 4678 sive
1422 4624 1476 4678 111
1507 4629 1692 4695 Operis

106 4701 325 4769 limine,
374 4704 490 4761 sive
544 4706 598 4760 in
649 4711 796 4765 calce
851 4714 1131 4780 reposuit;
1185 4729 1247 4768 ea
1299 4716 1568 4784 siquidem
1622 4720 1689 4773 ad

110 4802 366 4856 nostrum
426 4797 735 4855 institutum
788 4803 933 4858 haud
992 4814 1260 4873 spectant.
1324 4805 1476 4862 lianc
1508 4810 1691 4879 itaque

106 4884 454 4955 Lipsiensem
502 4893 795 4947 editionem
850 4897 1191 4965 potissimum
1246 4902 1419 4954 secuti
1474 4917 1687 4957 sumus.

104 4975 263 5034 Novo
290 4980 573 5051 interpreti
600 4994 835 5040 veterem
867 4989 1187 5058 adjecimus,
1217 5005 1324 5045 non
1354 4991 1691 5047 Mombritia-

106 5086 242 5126 num
292 5074 546 5143 quidem,
606 5078 701 5132 sed
762 5078 1240 5149 Lipomanianum,
1295 5086 1388 5152 qui
1441 5086 1686 5153 profecto

175 5185 257 5278 ρ)
275 5187 431 5278 ἕως.
589 5192 714 5278 εδ..
734 5204 867 5278 tom.
892 5195 977 5277 Vl,
1010 5214 1131 5278 pag.
1151 5198 1276 5261 65³5,
1298 5199 1499 5277 .Colon.
1524 5200 1683 5278 1618.

104 5254 236 5336 Haec
268 5268 352 5312 est
389 5264 547 5340 tertia
578 5254 743 5340 editio
765 5254 1130 5340 Coloniensis,
1161 5254 1405 5322 omnium
1434 5272 1637 5339 optima
1662 5291 1675 5335 ;

104 5335 284 5403 prima
305 5335 460 5403 enim
500 5335 702 5403 prodiit
731 5351 859 5390 ann.
898 5337 1055 5403 1569,
1089 5339 1184 5392 fol.

178 5397 257 5475 (ᾗ)
302 5397 582 5481 suam,
603 5402 671 5457 De
700 5404 868 5473 gloria
943 5406 1000 5463 S.
1028 5397 1218 5475 Arnim,
1250 5418 1374 5480 post
1402 5425 1523 5481 pag.
1551 5412 1676 5479 676,

102 5462 282 5536 Paris.
319 5470 478 5536 1656,
512 5462 606 5527 1111.

178 5535 259 5606 (4)
296 5537 538 5596 Andruz.
577 5542 778 5600 Stater.
810 5549 987 5614 verit.,
1014 5565 1136 5620 pag.
1161 5550 1278 5604 170.

1798 4524 2023 4579 brachio
2061 4524 2309 4578 discussa
2343 4532 2665 4578 noscuntur.

1867 4616 2109 4671 Primum
2160 4618 2361 4687 itaque,
2398 4632 2466 4670 an
2509 4632 2566 4671 re
2602 4631 2728 4671 vera
2771 4614 2825 4669 in
2853 4614 3060 4668 Achaia
3091 4621 3146 4669 et
3184 4614 3238 4668 in
3276 4613 3372 4668 Pa-

1797 4719 2005 4764 trarum
2053 4710 2188 4765 urbe
2226 4709 2547 4780 martyrium
2587 4723 2782 4778 passus
2826 4706 2993 4761 fuerit
3034 4705 3092 4761 S.
3122 4706 3370 4764 Andreas

1799 4804 2118 4874 apostolus,
2183 4802 2579 4856 dubitationem
2630 4801 2802 4854 movit
2848 4800 3219 4855 Florentinius
3254 4799 3366 4871 (7);

1794 4897 2021 4952 Joannis
2051 4895 2425 4967 Chrysostomi
2476 4894 2735 4948 nimirum
2779 4895 3104 4948 auctoritate
3144 4909 3368 4964 pernm-

1794 5005 1901 5054 tus,
1932 4996 2073 5060 apud
2104 5004 2265 5058 quem
2298 4988 2379 5043 sie
2407 4987 2638 5057 legimus
2669 4986 2780 5058 (8):
2821 5005 2839 5037 ¢
2865 4984 3011 5040 Petri
3043 4985 3287 5055 quidem,
3314 4995 3368 5040 et

1796 5082 1973 5144 Pauli,
1989 5080 2302 5144 etloannis,
2318 5088 2371 5134 et
2389 5078 2615 5133 Thomae
2640 5077 2927 5133 manifesta
2947 5087 3075 5133 sunt
3090 5079 3361 5147 sepulcra;

1864 5202 1942 5269 (5)
1983 5198 2059 5251 111.
2094 5198 2247 5269 111111..
2281 5195 2528 5269 pag.19t_l
2574 5211 2727 5269 seqq.

1860 5261 1936 5339 (ὅ)
1981 5269 2170 5323 Sauss.
2210 5261 2443 5337 De'glor.
2489 5264 2546 5319 S.
2573 5261 2767 5329 Andr"
2804 5264 2905 5318 sub
2930 5262 3023 5318 fin.
3058 5263 3113 5317 in
3141 5261 3360 5323 Vindie.

1787 5358 1911 5412 μειερ
1942 5341 2032 5412 ἳέέ

1977 5409 2226 5489 (florent;
2272 5407 2385 5462 Vel.
2418 5405 3052 5489 occi_t‘l..Eccl.‘m'artyr.,
3084 5420 3206 5489 pag.
3236 5404 3260 5455 1
3267 5404 3300 5489 fl)
3308 5403 3360 5489 Ζ..

1851 5473 1936 5605 £8)
1977 5479 2135 5533 Joan.
2167 5479 2362 5558 Chrys.
2415 5479 2468 5531 111
2514 5478 2683 5546 Epist.
2740 5477 2806 5528 ad
2842 5474 3030 5541 Helm,
3084 5476 3233 5528 hom.
3267 5473 3361 5540 26,

1793 5552 1820 5623 ᾗ
1891 5595 1905 5619 ,
1937 5567 2061 5621 opp.
2098 5559 2231 5605 tom.
2263 5548 2377 5613 Ml,
2409 5566 2461 5618 p.
2487 5547 2613 5603 257,

212 5648 373 5700 Editio
396 5659 561 5723 nostra
584 5669 759 5723 novam
783 5664 837 5707 et
856 5665 1126 5711 auctiorem
1148 5669 1317 5713 textus
1340 5666 1575 5715 Actorum
1605 5667 1656 5715 S.
1679 5665 1892 5715 Andreas
1916 5666 2263 5713 recensionem
2298 5665 2507 5713 exhibet
2542 5674 2689 5723 quam
2727 5660 2902 5721 Lipsiae
2943 5671 3105 5720 nuper
3130 5670 3189 5723 ex
3229 5656 3362 5723 codi-

105 5709 250 5787 cibus
268 5726 387 5787 mss.
409 5718 663 5787 evolgavit
685 5721 761 5767 vir
782 5723 841 5768 el.
856 5709 2262 5787 passeium};riséiiéﬁdéiiﬁeiféﬁiﬁ'ciiaééé’ﬁdioiii
2283 5709 2533 5778 haéc'Acta
2554 5709 2799 5785 Ediderit;
2814 5709 3091 5772 \‘ersioném
3137 5716 3361 5776 Latinam

106 5783 251 5821 nova:
281 5777 564 5829 recensioni
587 5782 1043 5835 accommodandam
1067 5790 1356 5839 curavimus.
1384 5789 1522 5839 Ευιτ.
1552 5777 1703 5840 Ρλτιι.
