3838 6218
449 301 587 361 1203

1265 299 1875 362 PRESBYTERORUM
1905 304 1995 360 ΕΤ
2023 303 2483 361 DlACONORUM
2516 302 2794 359 ACHAUE

3561 309 3699 365 1204

451 421 682 473 aliorum
720 422 903 472 autem
931 431 1056 472 cum
1087 415 1198 471 sint
1227 424 1337 470 tam
1380 417 1558 482 multi,
1587 434 1857 488 nusquam
1890 429 2019 475 sunt
2046 424 2093 480 Α
2121 435 2240 472 rum
2271 418 2557 487 Splendida
2581 431 2708 474 sunt
2738 420 2903 474 etiam
2947 420 3193 490 sepulcra
3212 464 3226 488 ,
3258 431 3319 478 ut
3353 439 3475 494 qua:
3501 428 3696 481 urbem

450 521 599 564 nota.
631 529 649 561 ι
691 507 831 563 l-linc
855 524 985 561 vero
1011 507 1136 576 quis
1173 508 1525 576 coniectaret,
1563 509 1742 579 inquit
1770 510 1854 564 vir
1893 526 2020 565 eru-

447 602 635 664 ditus,
680 599 881 654 festum
925 599 1155 653 Andreae
1203 600 1344 670 apud
1389 599 1582 655 Patras
1630 601 1799 656 fuisse
1838 603 2020 671 potius

448 687 571 756 ejus
607 687 1013 758 prsedicationis
1043 689 1388 753 memoriam,
1419 704 1513 743 seu
1545 689 1891 760 episcopatus
1937 693 2022 746 in-

449 781 785 834 stitutionem
837 789 932 833 aut
983 781 1197 845 natale,
1253 796 1418 850 quam
1479 782 1726 850 ejusdem
1773 786 2018 855 martyrii

449 871 813 924 celebritatem
849 871 902 923 in
927 869 1114 924 eadem
1149 871 1281 924 urbe
1314 874 1713 939 consummati;
1749 873 2016 942 siquidem

450 961 677 1015 Andreae
703 961 1034 1030 sepulcrum,
1057 963 1202 1031 quod
1227 963 1362 1016 adeo
1389 965 1762 1034 pervulgatum
1791 974 1935 1020 esset
1965 966 2020 1019 in

449 1052 674 1118 Achaia,
715 1053 802 1106 vix
853 1053 1104 1123 ignorare
1140 1054 1408 1123 potuisset
1446 1055 1893 1125 Chrysostomus,
1924 1059 2019 1126 qui

449 1163 557 1201 non
585 1146 799 1217 longius
838 1163 867 1200 a
899 1146 1106 1202 Graecia
1143 1149 1374 1216 positus,
1412 1148 1522 1203 imo
1559 1149 1875 1203 Grzecorum
1908 1150 2022 1204 fue-

447 1239 524 1293 rit
564 1239 897 1310 patriarcha.
953 1237 1080 1292 Haec
1126 1238 1517 1304 Florentinius,
1572 1241 1731 1308 cujus
1775 1241 2020 1310 profecto

448 1332 718 1386 dubitatio
763 1331 807 1388 si
859 1333 968 1384 vim
1015 1332 1253 1400 aliquam
1303 1332 1521 1397 habeat,
1553 1342 1773 1386 corruat
1801 1335 2018 1402 penitus

448 1424 706 1496 Epistola:
735 1435 939 1480 nostra:
968 1427 1270 1479 auctoritas
1300 1441 1524 1479 necesse
1562 1435 1665 1479 est.

520 1519 672 1574 lianc
701 1529 882 1574 autem
912 1519 1279 1574 difﬁcultatem
1313 1535 1476 1588 quam
1509 1519 1915 1574 Tillemontium
1964 1522 2016 1574 in

449 1609 641 1678 primis
669 1625 734 1664 ac
763 1609 1031 1679 Woogum
1071 1611 1397 1679 praeteriisse
1441 1611 1628 1665 mirari
1675 1613 1839 1677 subit,
1873 1613 2016 1668 facili

449 1701 665 1771 negotio
690 1701 801 1754 tolli
830 1701 1160 1755 existimavit
1202 1700 1533 1772 chulenius
1555 1705 1652 1773 (9),
1679 1705 1724 1757 si
1747 1706 2014 1771 dicamus,

448 1793 677 1845 Andreaa
709 1792 867 1863 cujus
896 1808 1092 1861 corpus
1128 1809 1158 1846 a
1194 1792 1513 1850 Constantio
1553 1797 1876 1865 imperatore
1909 1795 2018 1850 fne—

450 1896 535 1939 rat
583 1886 1110 1958 Constantinopolim
1152 1889 1498 1955 translatum,
1533 1901 1815 1960 propterea
1865 1906 2016 1944 men-

451 1981 654 2034 tionem
705 1979 846 2032 haud
887 1979 1083 2034 fecisse
1125 1979 1602 2051 Chrysostomum,
1635 1983 1776 2052 quod
1828 1984 2018 2053 utique

449 2088 559 2126 non
590 2071 645 2126 in
676 2072 809 2126 urbe
833 2074 1002 2142 regia,
1041 2073 1131 2125 sed
1163 2073 1463 2126 Antiochia:
1494 2074 1741 2128 habuerit
1763 2075 2016 2131 homilias

449 2164 504 2218 in
539 2163 832 2232 Epistolam
878 2164 946 2216 ad
995 2161 1269 2239 Hebraeos.
1318 2163 1518 2217 Verum
1554 2166 1736 2219 minus
1775 2167 2018 2235 apposite

449 2255 504 2309 id
533 2255 834 2324 conjecisse
869 2255 954 2308 vir
985 2256 1176 2310 doetus
1200 2256 1435 2321 videtur,
1467 2255 1709 2326 adeoque
1752 2259 1894 2326 viget
1923 2257 2018 2312 ad-

449 2346 557 2402 huc
600 2345 851 2414 objectio.
910 2345 1018 2400 fias
1053 2347 1198 2402 enim
1239 2347 1493 2400 homilias
1541 2347 2017 2418 Constantinopoli

449 2440 710 2495 habuisse
737 2439 1210 2510 Chrysostomum,
1239 2456 1362 2494 cum
1389 2440 1501 2508 jam
1528 2449 1673 2495 esset
1705 2441 2016 2510 episcopus,

448 2540 572 2601 post
598 2527 1004 2584 Tillemontium
1042 2530 1154 2600 (10)
1187 2529 1623 2585 Montfauconius
1653 2531 1852 2585 evincit
1883 2532 2014 2600 (11).

450 2618 846 2676 Existimamus
893 2624 1076 2691 itaque
1119 2622 1300 2690 potius
1330 2623 1412 2675 vel
1457 2622 1635 2676 locum
1677 2638 1798 2676 esse
1829 2637 2020 2676 corru-

450 2722 625 2781 ptum,
658 2713 741 2764 vel
783 2711 1042 2764 memoria
1087 2711 1300 2779 lapsum
1333 2721 1580 2765 sanctum
1619 2711 1916 2766 doctorem.
1954 2711 2018 2765 Et

451 2804 602 2872 prior
627 2803 847 2873 quidem
879 2804 1194 2872 conjectura
1239 2804 1292 2858 in
1318 2817 1383 2857 eo
1413 2805 1686 2869 innititur,
1726 2805 1869 2873 quod
1915 2821 2020 2858 em-

449 2894 574 2947 dem
625 2893 883 2956 homiliae,
919 2892 1026 2946 απὸ
1069 2893 1330 2964 σημείων,
1367 2910 1430 2946 ea:
1468 2895 1604 2947 notis
1634 2896 1860 2961 eductae,
1897 2904 2020 2965 post

450 2987 661 3040 obitum
683 2987 900 3040 demum
923 2986 1301 3056 Chrysostomi
1345 2984 1548 3041 fuerint
1589 2987 1849 3056 evulgataa
1876 3006 1887 3040 :
1911 2987 2019 3041 ἀπὸ

2121 511 2622 582 prazstantissimam
2649 528 2713 567 ac
2738 513 2944 583 regiam
2977 516 3333 583 occuparint;
3360 527 3414 570 et
3439 518 3561 572 dies
3585 523 3696 574 noti

2122 610 2286 668 atque
2309 601 2462 667 clari,
2495 601 2589 670 qui
2629 599 2755 657 festi
2787 617 2818 656 a
2844 612 2960 658 toto
2989 606 3122 660 orbe
3153 606 3570 664 celebrentur...
3603 611 3698 664 At-

2122 707 2228 760 que
2257 691 2308 745 id
2340 707 2447 746 non
2477 691 2666 748 Roma:
2689 693 2867 748 solum
2903 694 3019 749 fieri
3049 697 3318 766 quispiam
3353 700 3574 766 viderit,
3602 703 3696 756 sed

2121 785 2282 838 etiam
2308 785 2799 854 Constantinopoli.
2827 785 2962 841 Nam
2993 798 3048 842 et
3067 789 3156 843 hic
3183 806 3402 860 quoque
3423 793 3693 848 Constan-

2122 877 2295 929 tinum
2326 874 2578 945 Magnum
2612 877 2757 932 filius
2803 877 3235 950 (Constantius)
3267 881 3340 936 ita
3361 883 3586 937 demum
3615 887 3697 938 in-

2122 967 2266 1034 genti
2305 966 2515 1019 honora
2550 982 2609 1021 se
2640 967 2963 1022 atlecturum
2991 970 3352 1037 existimavit,
3376 974 3440 1030 .si
3473 990 3600 1028 eum
3639 977 3695 1029 in

2121 1056 2409 1125 piscatoris
2436 1057 2709 1127 (Andreae)
2749 1059 3020 1113 vestibulo
3061 1062 3349 1128 conderet;
3389 1083 3410 1115 ›
3445 1065 3498 1117 in
3536 1069 3696 1119 vesti-

2121 1150 2250 1204 bulo
2275 1151 2483 1205 scilicet
2527 1153 2771 1206 ecclesiae
2804 1152 3212 1221 Apostolorum,
3253 1157 3343 1209 ubi
3375 1168 3694 1212 sanctorum

2121 1242 2373 1309 Andreae,
2410 1241 2572 1296 Luca:
2606 1259 2669 1298 ac
2695 1245 2964 1299 Timothei
3003 1262 3235 1316 corpora
3265 1251 3550 1304 recondita
3577 1268 3697 1320 per-

2121 1335 2394 1390 hibentur.
2429 1334 2546 1400 Quo
2584 1351 2714 1390 sane
2742 1338 3040 1405 respiciens
3078 1349 3325 1394 vetustus
3371 1351 3567 1397 auctor
3598 1347 3696 1397 ho.

2121 1427 2284 1481 milia:
2315 1427 2366 1479 in
2394 1426 2545 1490 illud,
2577 1425 2644 1480 In
2674 1429 2933 1497 principio
2961 1439 3076 1482 erat
3114 1429 3354 1496 Verbum,
3387 1433 3535 1486 inter
3567 1452 3697 1503 ope-

2120 1533 2181 1571 ra
2215 1517 2384 1586 ipsius
2414 1516 2788 1587 Chrysostomi
2818 1519 2953 1590 (15),
2984 1519 3182 1575 habitae
3211 1532 3269 1576 ut
3301 1524 3518 1578 videtur
3548 1541 3698 1579 anno

2121 1609 2245 1678 581,
2276 1610 2388 1664 hazc
2422 1610 2583 1664 habet
2613 1626 2627 1662 :
2668 1630 2686 1663 ι
2729 1610 2969 1666 Trinitas
2994 1614 3362 1682 apostolorum
3403 1617 3694 1684 (Δηὼ-(κί’,

2121 1702 2281 1756 Luca:
2323 1717 2386 1756 ac
2429 1702 2720 1772 Timothei)
2767 1704 2920 1757 testis
2947 1713 3030 1759 est
3059 1705 3293 1760 caelestis
3323 1705 3628 1761 Trinitatis.
3671 1729 3689 1759 ι

2120 1789 2320 1845 Eodem
2353 1793 2510 1860 plane
2544 1809 2709 1848 sensu
2756 1805 2919 1863 atque
2961 1795 3015 1848 in
3050 1798 3294 1851 eamdem
3342 1801 3694 1866 sententiam,

2121 1883 2417 1954 Gregorius
2449 1903 2668 1956 quoque
2696 1886 3073 1944 Nazianzenus
3102 1890 3214 1959 (l6)
3239 1908 3252 1942 :

2188 1978 2430 2031 Μοῦνον
2447 1977 2498 2030 δ’
2518 1979 2703 2048 ἄλγος
2715 1979 2946 2048 ἔμεινεν
2958 1980 3083 2050 ἐμοὶ
3095 2022 3109 2047 ,
3125 1982 3219 2034 καὶ
3228 1977 3412 2049 γῆρας
3427 1979 3694 2052 ὰνιπρόν.

2194 2067 2263 2121 Ὥ
2287 2086 2387 2137 μοι
2417 2067 2564 2136 ἐμῆς
2594 2066 2847 2135 τριάδος.

2195 2160 2267 2212 Ac
2319 2159 2450 2212 mihi
2523 2159 2784 2213 duntaxat
2830 2163 3025 2214 mansit
3070 2161 3224 2214 dolor
3251 2171 3406 2232 atque
3453 2177 3696 2218 senectus

2262 2252 2502 2306 molesta.

2194 2345 2310 2399 Ileu
2340 2363 2455 2400 mea
2493 2348 2652 2400 trias.

2119 2438 2224 2505 Qui
2255 2447 2309 2493 et
2341 2439 2470 2493 alibi
2505 2438 2642 2508 (l7),
2689 2438 2753 2492 ad
2781 2437 3100 2492 eorumdem
3145 2448 3456 2493 sant-torum
3493 2455 3694 2510 corpo-

2119 2546 2240 2584 rum
2289 2531 2700 2584 translationem
2755 2531 2985 2600 digitum
3041 2528 3365 2594 intendens,
3415 2533 3696 2602 eleganter

2119 2620 2293 2674 dixit:
2327 2638 2346 2669 r
2375 2619 2583 2686 Valete,
2610 2621 2862 2689 apostoli,
2899 2625 3157 2691 praclara
3183 2622 3394 2678 colonia
3435 2625 3698 2676 certami-

2121 2711 2206 2764 nis
2237 2711 2344 2765 mei
2377 2711 2646 2780 magistri.
2687 2731 2704 2762 ι
2737 2711 2869 2778 Quae
2910 2729 3033 2768 cum
3085 2715 3159 2769 ita
3207 2715 3354 2778 sint,
3400 2715 3527 2777 quis
3565 2729 3698 2783 ergo

2119 2804 2222 2857 rite
2247 2802 2444 2858 dixerit
2477 2805 2759 2875 ignorasse
2797 2805 3270 2876 Chrysostomum,
3315 2807 3459 2876 quod
3484 2806 3697 2876 Grego-

2122 2897 2235 2951 rius
2258 2894 2655 2961 Nazianzenus,
2672 2897 2816 2966 quod
2839 2895 3280 2966 Paulinus,quod
3299 2895 3694 2967 Hieronymus,

2121 2989 2266 3058 quod
2308 2989 2502 3058 reliqui
2540 2989 2751 3058 antiqui
2797 2989 3093 3058 scriptores
3115 2989 3489 3054 ecclesiastici,
3530 2989 3603 3043 de
3636 2987 3694 3042 S.

456 3076 714 3148 σημείων,
749 3077 994 3146 inquam,
1024 3092 1118 3130 seu
1151 3093 1214 3130 ex
1244 3077 1497 3131 ductibus
1529 3078 1722 3131 calami
1756 3079 2021 3132 breviori-
2047 3089 2088 3146 ο
2122 3081 2350 3134 Andreze
2381 3080 2615 3150 apostoli
2651 3095 2901 3150 corpore,
2923 3081 3104 3136 Patris
3146 3081 3364 3135 Achaia:
3397 3081 3451 3133 in
3497 3081 3696 3135 urbem

451 3169 575 3229 bus,
603 3168 801 3238 quibus
844 3183 1003 3222 voces
1045 3179 1096 3223 et
1148 3169 1309 3223 verba
1357 3169 1693 3239 tachigraphi
1740 3171 2016 3226 describe~

452 3259 601 3322 bant,
634 3266 691 3312 ut
715 3269 915 3312 norunt
936 3259 1166 3324 eruditi;
1193 3275 1257 3314 ex
1293 3260 1491 3329 quibus
1521 3277 1650 3331 ergo
1685 3261 1828 3316 notis
1858 3261 2020 3330 plano

451 3360 507 3404 et
529 3349 738 3420 vulgari
770 3349 931 3403 modo
982 3351 1177 3404 litteris
1233 3351 1490 3405 traditum
1534 3369 1690 3422 opus,
1743 3354 1794 3406 in
1844 3355 2017 3409 lucem

449 3443 649 3505 exinde
689 3442 791 3497 fuit
813 3445 1103 3512 prolatum.
1146 3444 1242 3498 His
1274 3446 1503 3509 accedit,
1537 3448 1684 3501 varia
1715 3447 1884 3503 fuisse
1918 3453 2019 3504 ha-

453 3551 577 3589 rum
617 3535 963 3590 homiliarum
987 3538 1337 3605 exemplaria,
1375 3539 1427 3592 in
1474 3540 1673 3608 quibus
1703 3541 2020 3611 colligendis

454 3621 937 3698 dlescribendisque
971 3629 1062 3682 alii
1089 3638 1216 3684 tunc
1242 3633 1501 3700 temporis
1534 3630 1830 3686 feliciorem
1856 3649 2019 3702 quam

455 3720 850 3776 Constantinus
903 3737 1121 3790 operam
1177 3724 1425 3790 posuisse
1476 3722 1754 3791 feruntur;
1802 3740 1907 3793 qua
1955 3725 2022 3781 de

459 3831 518 3869 re
559 3816 711 3885 plura
763 3815 1114 3871 doctissimus
1179 3816 1553 3887 Chrysostomi
1625 3833 1848 3886 operum
1907 3819 2023 3872 edi-

460 3921 546 3964 tor
577 3908 689 3980 (12)
728 3928 739 3962 :
785 3918 843 3962 ut
880 3909 1106 3978 proinde
1137 3909 1280 3963 haud
1313 3911 1518 3964 absona
1553 3911 1795 3964 videatur
1843 3911 2024 3981 suspi-

457 4004 566 4070 cio,
601 4013 803 4057 textum
855 4003 1076 4057 allatum
1129 4002 1476 4056 librariorum
1517 4003 1674 4072 culpa
1717 4004 1770 4056 in
1827 4005 2024 4058 mendo

461 4096 694 4161 cubare;
734 4111 800 4150 eo
845 4095 898 4149 in
944 4096 1135 4165 primis
1176 4095 1416 4159 nomine,
1453 4095 1598 4164 quod
1623 4096 1689 4149 de
1721 4094 1865 4149 Petri
1899 4098 2023 4166 qui-

460 4191 582 4243 dem
613 4197 666 4242 et
685 4187 836 4242 Pauli
874 4197 928 4242 et
962 4187 1190 4242 Joannis
1215 4188 1479 4256 sepulcris
1502 4189 1710 4242 dubitet
1735 4204 1925 4255 nemo;
1961 4191 2027 4245 de

459 4279 685 4336 Thomae
717 4293 894 4335 autem
926 4281 1174 4349 sepulcro
1208 4296 1316 4334 non
1361 4280 1433 4334 ita
1470 4289 1699 4343 certum,
1723 4289 1782 4334 ut
1809 4283 1874 4334 ad
1901 4298 2025 4336 eum

461 4374 638 4428 locum
673 4383 818 4427 recte
840 4373 1061 4427 adnotat
1086 4371 1544 4427 Montfauconius.

2123 3172 2325 3239 regiam
2352 3170 2640 3234 translato,
2674 3171 2869 3225 litteris
2899 3171 3278 3225 tradiderunt?
3307 3170 3574 3240 Superest
3595 3171 3700 3242 igi-

2123 3274 2231 3329 tur,
2257 3264 2400 3334 quod
2424 3263 2588 3318 modo
2613 3247 2951 3328 dic‘cbamus,
2985 3275 3044 3318 ut
3066 3263 3407 3332 suspicemur
3432 3264 3520 3317 vel
3543 3280 3700 3317 meno

2121 3361 2316 3413 dosum
2349 3372 2470 3412 esse
2511 3358 2690 3411 locum
2736 3357 2892 3412 nobis
2943 3357 3249 3425 objectnm;
3297 3357 3380 3409 vel
3412 3357 3456 3410 si
3495 3359 3699 3421 mavis,

2123 3449 2385 3502 memoria
2417 3449 2628 3516 lapsum
2656 3459 2906 3502 sanctum
2946 3449 3244 3512 doctorem,
3277 3446 3407 3500 dum
3437 3461 3501 3500 ea
3536 3449 3703 3501 verba

2120 3555 2150 3594 e
2182 3548 2434 3609 suggestu
2461 3537 2750 3606 proferret.

2195 3631 2261 3685 ν.
2302 3631 2445 3686 Inter
2473 3631 2810 3700 objectiones
2841 3645 2971 3684 vero
3013 3629 3277 3700 gravioris
3317 3630 3589 3683 momenti
3641 3644 3700 3682 ea

2123 3724 2304 3794 potior
2324 3724 2690 3789 existimatur,
2722 3738 2844 3793 quae
2870 3737 2938 3777 ex
2979 3739 3105 3777 voce
3147 3722 3363 3794 τριάδες
3391 3722 3704 3774 desumitur

2123 3819 2226 3871 sub
2255 3815 2508 3885 Epistola:
2552 3817 2763 3870 initium
2813 3824 3164 3879 occurrente;
3216 3828 3404 3882 quam,
3437 3813 3706 3882 inquiunt

2124 3927 2401 3975 censores,
2439 3913 2492 3965 in
2535 3910 2920 3965 vetustissimis
2951 3907 3338 3964 ecclesiasticis
3364 3922 3702 3960 monumen-

2126 4004 2196 4058 tis
2233 4003 2321 4056 vix
2364 4019 2428 4056 ac
2461 4017 2528 4056 ne
2556 4002 2649 4054 vix
2679 4000 2898 4070 quidem
2933 3999 3165 4053 fortasse
3197 3997 3480 4061 invenias;
3519 3997 3702 4066 perin-

2125 4094 2193 4148 de
2223 4110 2288 4148 ac
2321 4095 2365 4148 si
2398 4093 2583 4147 omnia
2611 4093 2815 4161 scripta
2843 4092 2999 4146 nobis
3021 4096 3388 4159 superessent,
3413 4103 3544 4156 quae
3566 4088 3703 4142 scri-

2125 4196 2310 4256 ptorcs
2349 4186 2631 4255 apostolici
2673 4193 2767 4239 aut
2795 4197 2910 4238 αξνο
2955 4182 3252 4252 apostolico
3301 4180 3568 4247 proximi,
3602 4179 3702 4230 Pa-

2126 4278 2266 4348 pias,
2293 4276 2623 4344 Quadratus,
2653 4276 2942 4341 Aristides,
2973 4274 3206 4343 Agrippa
3237 4271 3435 4325 Castor
3461 4312 3475 4335 ,
3523 4273 3704 4324 Aristo

2127 4370 2357 4424 Pellaeus
2399 4370 2600 4440 aliique
2638 4369 2834 4422 litteris
2875 4366 3162 4421 tradidere.
3210 4363 3369 4431 Atqui
3420 4363 3703 4432 antiquius

531 4465 684 4532 Quod
735 4466 780 4521 si
837 4467 926 4520 cui
978 4466 1245 4520 sententia
1289 4466 1479 4520 isthmc
1537 4467 1716 4522 minus
1766 4467 2021 4532 arrideat,
2054 4449 2103 4507 1)
2129 4471 2212 4517 est
2252 4476 2447 4515 nomen
2487 4460 2738 4531 τριάδος,
2771 4473 2933 4527 quam
2975 4466 3035 4510 ut
3073 4455 3278 4524 passim
3314 4453 3700 4515 existimetur;

462 4559 726 4614 memoria
764 4559 852 4612 hic
887 4559 1099 4627 lapsum
1139 4556 1196 4611 S.
1241 4554 1455 4610 Patrem
1490 4557 1702 4626 opinari
1742 4556 1824 4611 fas
1866 4559 1970 4611 erit
2010 4577 2022 4611 :

458 4655 620 4724 cujus
649 4652 724 4707 rei
762 4653 1008 4721 exempla
1042 4651 1093 4704 in
1135 4651 1256 4705 aliis
1291 4650 1410 4719 ejus
1440 4650 1694 4718 operibus
1726 4651 1867 4702 hami
1902 4667 2027 4704 raro

459 4745 833 4818 deprehendas
877 4733 1010 4812 (l5).
1049 4741 1179 4808 QUEP
1217 4741 1436 4810 quidem
1484 4739 1808 4808 conjectatio
1854 4742 2027 4811 magis

465 4841 659 4908 placet.
693 4836 978 4902 Quomodo
1004 4835 1144 4888 enim
1192 4833 1420 4886 Andreae
1451 4833 1681 4900 apostoli
1716 4834 2028 4901 sepulcrum

463 4931 939 5001 potuitignorasse
962 4927 1389 4996 Chrysostomus
1409 4943 1422 4990 ;
1441 4942 1602 4994 quem
1621 4925 1878 4978 nimirum
1907 4940 2029 4979 θοι·-

463 5021 611 5090 poris
640 5019 758 5088 ejus
786 5017 1198 5073 translationem
1231 5033 1295 5070 ex
1327 5013 1530 5069 Achaia
1565 5013 2028 5083 Constantinopo-

464 5117 557 5170 lim
586 5131 615 5168 a
638 5113 958 5168 Constantio
983 5125 1129 5166 anno
1165 5111 1268 5165 557
1297 5119 1590 5180 peractam,
1627 5110 1769 5163 haud
1806 5110 2032 5164 latuisse

464 5210 682 5262 demum
714 5206 926 5276 liquet?
963 5206 1052 5260 Sic
1075 5206 1219 5260 enim
1252 5205 1340 5258 ille
1367 5205 1478 5276 (M)
1505 5221 1517 5254 :
1559 5223 1576 5254 ι
1605 5203 1808 5257 Christi
1842 5218 2031 5256 servo-

540 5319 616 5388 (9)
649 5317 1067 5386 Lequien..,-0r.
1095 5315 1316 5382 (Ζήν-ἰδίη
1347 5315 1576 5388 tomiil‘l,
1607 5316 1813 5388 p.954.

540 5385 650 5456 (10)
681 5385 892 5443 Tillem.
930 5389 1087 5440 Me‘m.
1124 5389 1274 5450 eccl.,
1305 5400 1437 5442 tom.
1471 5385 1562 5448 XI,
1589 5403 1638 5452 p.
1662 5385 1782 5438 378.

541 5452 900 5528 (ll)Montf.,
935 5457 1162 5526 Prmfat.
1216 5458 1284 5509 ad
1317 5473 1435 5526 opp.
1484 5456 1697 5523 Chrys.,
1745 5465 1876 5510 tom.
1909 5452 2023 5523 ΧΠ,

471 5548 527 5600 p.
550 5527 614 5589 ⁷5,
649 5527 676 5596 §
713 5531 768 5583 9.

541 5599 652 5670 (19.)
682 5599 841 5670 lhid.,
878 5598 904 5670 ᾗ
938 5599 1144 5670 ξ’)εεημι.

679 5667 898 5744 Motum,
934 5669 1203 5744 Puerum!
1234 5677 1358 5744 tom.
1387 5667 1457 5744 Χ,
1592 5669 1818 5744 ct_al_ibi.

537 5737 652 5810 (H)
686 5737 903 5810 Chrys,
937 5739 1080 5792 hom.
1107 5737 1196 5802 ‘26,
1237 5740 1289 5791 in
1319 5742 1468 5807 epist.
1494 5737 1567 5792 ῚΙ
1606 5741 1674 5792 ad
1705 5740 1850 5802 Cor.,
1891 5754 1944 5792 ιι.
1979 5739 2031 5803 5,

2128 4553 2290 4608 tertio
2316 4553 2483 4618 enim,
2512 4552 2643 4621 quin
2670 4561 2724 4604 et
2751 4548 2995 4604 secundo
3025 4545 3282 4601 Ecclesia
3307 4542 3512 4597 sarculo
3541 4557 3704 4596 usur-

2128 4655 2313 4714 patnm
2346 4643 2723 4714 comperitur;
2775 4642 2918 4712 quod
2958 4655 3103 4705 sane,
3125 4639 3296 4691 miror
3337 4636 3553 4705 fugisse
3591 4635 3706 4690 Sri-

2129 4755 2314 4793 cerum
2361 4737 2524 4808 (l8).
2571 4735 2866 4806 Dionysius
2908 4732 3311 4787 Alexandrinus
3357 4729 3469 4799 (i9)
3509 4728 3704 4782 εΟὖτω

2134 4832 2228 4902 μὲν
2261 4831 2418 4900 ἡμεῖς
2445 4829 2526 4892 εἴς
2555 4846 2613 4881 τε
2643 4828 2740 4898 τὴν
2765 4826 2968 4898 Τριάδα
2994 4824 3093 4894 τὴν
3128 4822 3330 4892 μονάδα
3361 4820 3704 4889 πλατύνςμεν

2131 4924 2449 4994 ἀδιαίρετον·
2483 4922 2577 4974 καὶ
2615 4921 2713 4990 τὴν
2747 4919 2954 4990 Τριάδα.
2981 4918 3139 4970 πάλιν
3185 4915 3456 4985 ἁμείωτον
3493 4916 3580 4976 εἰς
3611 4913 3704 4981 τὴν

2137 5017 2336 5088 μονάδα
2373 5011 2936 5083 συγκεφαλαιούμεθα.
2974 5009 3063 5063 Sic
3087 5009 3298 5078 quidem
3338 5024 3432 5061 nos
3465 5005 3703 5059 indivisi-

2136 5107 2294 5159 bilem
2325 5107 2586 5158 unitatem
2618 5105 2670 5156 in
2696 5102 3011 5155 Trinitatem
3043 5100 3368 5161 dilatamus;
3392 5108 3440 5149 et
3470 5096 3705 5149 Trinita-

2137 5213 2238 5255 tem
2265 5202 2456 5254 iterum
2489 5215 2606 5269 qua?
2653 5197 2898 5250 imminui
2929 5196 3136 5264 nequit,
3180 5195 3234 5246 in
3278 5193 3543 5245 unitatem
3583 5203 3702 5241 can-

2137 5325 2268 5383 tom.
2291 5313 2362 5378 Χ,
2390 5330 2443 5383 p.
2476 5313 2600 5367 6‘25.

2205 5378 2320 5460 (ᾤ)
2351 5377 2703 5460 Chrys._ppp.
2735 5391 2869 5435 tom.
2904 5378 3019 5460 )Ell,
3055 5395 3108 5446 p.
3378 5446 3408 5460 _

2209 5447 2319 5524 (16)
2356 5447 2516 5523 Greg.
2543 5447 2698 5524 Na'zZ,
2732 5468 2900 5505 carm.
2924 5452 2979 5524 ξ),
3013 5447 3254 5524 tom_._||,
3288 5463 3342 5516 p.
3378 5447 3467 5502 Ἢ).

2210 5519 2322 5593 (17)
2352 5525 2426 5577 Id.
2465 5519 2605 5578 orat.
2644 5523 2733 5588 52,
2760 5531 2901 5593 tom.
2924 5519 2962 5584 l,
2995 5536 3045 5587 p.

2238 5586 2324 5660 18)
2351 5594 2582 5656 Svicer.,
2611 5586 2761 5646 Thes.
2798 5591 2949 5650 ecrl.,
2979 5586 3108 5642 tum.
3152 5591 3220 5645 ll.
3247 5605 3307 5660 Ρ,
3338 5586 3498 5640 1288.

2237 5649 2323 5730 l9)
2352 5665 2504 5733 Apud
2532 5649 2754 5728 Atinam,
2788 5649 2960 5730 Epist.
2990 5660 3054 5712 de
3077 5670 3209 5712 sem.
3237 5649 3630 5725 Dionys.,tom.
3658 5649 3695 5718 Ι,

2140 5754 2192 5807 p.
2218 5735 2344 5790 Q55.
