  <div class='ocr_page' id='page_1' title='image "/cluster/home/n/w/nwhite01/storage/ocr_20150623/2/nnc1.0114695790/688.png"; bbox 0 0 3838 6218; ppageno 0'>
   <div class='ocr_carea' id='block_1_1' title="bbox 186 257 354 314">
    <p class='ocr_par' dir='ltr' id='par_1_1' title="bbox 186 257 354 314">
     <span class='ocr_line' id='line_1_1' title="bbox 186 257 354 314; baseline 0 0"><span class='ocrx_word' id='word_1_1' title='bbox 186 257 354 314; x_wconf 72' lang='grc'>1205</span> 
     </span>
    </p>
   </div>
   <div class='ocr_carea' id='block_1_2' title="bbox 880 259 2713 321">
    <p class='ocr_par' dir='ltr' id='par_1_2' title="bbox 880 259 2713 321">
     <span class='ocr_line' id='line_1_2' title="bbox 880 259 2713 321; baseline 0.001 -7"><span class='ocrx_word' id='word_1_2' title='bbox 880 259 1220 317; x_wconf 83' lang='lat' dir='ltr'><strong>EPISTOLA</strong></span> <span class='ocrx_word' id='word_1_3' title='bbox 1246 262 1332 316; x_wconf 90' lang='lat' dir='ltr'><strong>DE</strong></span> <span class='ocrx_word' id='word_1_4' title='bbox 1358 262 1715 319; x_wconf 79' lang='lat' dir='ltr'><strong>MARTYRIO</strong></span> <span class='ocrx_word' id='word_1_5' title='bbox 1758 263 1814 317; x_wconf 92' lang='lat' dir='ltr'><strong>S.</strong></span> <span class='ocrx_word' id='word_1_6' title='bbox 1856 261 2194 321; x_wconf 70' lang='lat' dir='ltr'><strong>ANDREAS.</strong></span> <span class='ocrx_word' id='word_1_7' title='bbox 2225 292 2295 303; x_wconf 91' lang='lat'><strong><em>-—</em></strong></span> <span class='ocrx_word' id='word_1_8' title='bbox 2349 261 2713 320; x_wconf 68' lang='lat' dir='ltr'><strong>PROGSMIA.</strong></span> 
     </span>
    </p>
   </div>
   <div class='ocr_carea' id='block_1_3' title="bbox 3327 261 3463 320">
    <p class='ocr_par' dir='ltr' id='par_1_3' title="bbox 3327 261 3463 320">
     <span class='ocr_line' id='line_1_3' title="bbox 3327 261 3463 320; baseline 0.029 -4"><span class='ocrx_word' id='word_1_9' title='bbox 3327 261 3463 320; x_wconf 67' lang='lat'><strong>1286</strong></span> 
     </span>
    </p>
   </div>
   <div class='ocr_carea' id='block_1_4' title="bbox 186 365 3466 461">
    <p class='ocr_par' dir='ltr' id='par_1_4' title="bbox 186 365 3466 461">
     <span class='ocr_line' id='line_1_4' title="bbox 186 365 3466 461; baseline -0.002 -31"><span class='ocrx_word' id='word_1_10' title='bbox 186 378 494 433; x_wconf 73' lang='lat' dir='ltr'><strong>trahimus.</strong></span> <span class='ocrx_word' id='word_1_11' title='bbox 519 377 637 443; x_wconf 89' lang='lat' dir='ltr'><strong>Quo</strong></span> <span class='ocrx_word' id='word_1_12' title='bbox 664 378 886 448; x_wconf 86' lang='lat' dir='ltr'><strong>insuper</strong></span> <span class='ocrx_word' id='word_1_13' title='bbox 901 381 1167 433; x_wconf 84' lang='lat' dir='ltr'><strong>vocabulo</strong></span> <span class='ocrx_word' id='word_1_14' title='bbox 1197 381 1339 449; x_wconf 86' lang='lat' dir='ltr'><strong>apud</strong></span> <span class='ocrx_word' id='word_1_15' title='bbox 1376 381 1634 434; x_wconf 91' lang='lat' dir='ltr'><strong>Basilium</strong></span> <span class='ocrx_word' id='word_1_16' title='bbox 1665 380 1778 450; x_wconf 85' lang='grc'>(20)</span> <span class='ocrx_word' id='word_1_17' title='bbox 1810 365 1864 442; x_wconf 2' lang='grc' dir='ltr'>Α)</span> <span class='ocrx_word' id='word_1_18' title='bbox 1883 394 2007 434; x_wconf 93' lang='lat' dir='ltr'><strong>cum</strong></span> <span class='ocrx_word' id='word_1_19' title='bbox 2037 379 2254 434; x_wconf 89' lang='lat' dir='ltr'><strong>Daniele</strong></span> <span class='ocrx_word' id='word_1_20' title='bbox 2285 387 2393 434; x_wconf 88' lang='lat' dir='ltr'><strong>tres</strong></span> <span class='ocrx_word' id='word_1_21' title='bbox 2420 394 2618 448; x_wconf 90' lang='lat' dir='ltr'><strong>pueros</strong></span> <span class='ocrx_word' id='word_1_22' title='bbox 2652 378 2706 432; x_wconf 90' lang='lat' dir='ltr'><strong>in</strong></span> <span class='ocrx_word' id='word_1_23' title='bbox 2734 376 2836 432; x_wconf 83' lang='lat' dir='ltr'><strong>ﬁde</strong></span> <span class='ocrx_word' id='word_1_24' title='bbox 2855 374 3035 461; x_wconf 44' lang='lat' dir='ltr'><strong>.l&#39;ortes</strong></span> <span class='ocrx_word' id='word_1_25' title='bbox 3064 386 3116 432; x_wconf 90' lang='lat' dir='ltr'><strong>et</strong></span> <span class='ocrx_word' id='word_1_26' title='bbox 3145 375 3200 432; x_wconf 90' lang='lat' dir='ltr'><strong>in</strong></span> <span class='ocrx_word' id='word_1_27' title='bbox 3236 376 3466 445; x_wconf 70' lang='lat' dir='ltr'><strong>captivi-</strong></span> 
     </span>
    </p>
   </div>
   <div class='ocr_carea' id='block_1_5' title="bbox 183 470 1782 539">
    <p class='ocr_par' dir='ltr' id='par_1_5' title="bbox 183 470 1782 539">
     <span class='ocr_line' id='line_1_5' title="bbox 183 470 1782 539; baseline 0.003 -15"><span class='ocrx_word' id='word_1_28' title='bbox 183 470 409 524; x_wconf 74' lang='lat' dir='ltr'><strong>iterum</strong></span> <span class='ocrx_word' id='word_1_29' title='bbox 440 480 604 539; x_wconf 84' lang='lat' dir='ltr'><strong>atque.</strong></span> <span class='ocrx_word' id='word_1_30' title='bbox 634 470 832 529; x_wconf 79' lang='lat' dir='ltr'><strong>iterum</strong></span> <span class='ocrx_word' id='word_1_31' title='bbox 875 473 1048 526; x_wconf 80' lang='lat' dir='ltr'><strong>utimr</strong></span> <span class='ocrx_word' id='word_1_32' title='bbox 1091 472 1234 526; x_wconf 91' lang='lat' dir='ltr'><strong>idem</strong></span> <span class='ocrx_word' id='word_1_33' title='bbox 1280 472 1596 533; x_wconf 87' lang='lat' dir='ltr'><strong>Dionvsius.</strong></span> <span class='ocrx_word' id='word_1_34' title='bbox 1643 471 1782 528; x_wconf 85' lang='lat' dir='ltr'><strong>Iluic</strong></span> 
     </span>
    </p>
   </div>
   <div class='ocr_carea' id='block_1_6' title="bbox 182 561 1784 636">
    <p class='ocr_par' dir='ltr' id='par_1_6' title="bbox 182 561 1784 636">
     <span class='ocr_line' id='line_1_6' title="bbox 182 561 1784 636; baseline 0.001 -17"><span class='ocrx_word' id='word_1_35' title='bbox 182 563 469 632; x_wconf 79' lang='lat' dir='ltr'><strong>episcopo</strong></span> <span class='ocrx_word' id='word_1_36' title='bbox 506 561 875 618; x_wconf 82' lang='lat' dir='ltr'><strong>Alexandrino</strong></span> <span class='ocrx_word' id='word_1_37' title='bbox 907 564 1200 636; x_wconf 82' lang='grc' dir='ltr'>σύγχρονος</span> <span class='ocrx_word' id='word_1_38' title='bbox 1227 564 1523 634; x_wconf 81' lang='lat' dir='ltr'><strong>Gregorius</strong></span> <span class='ocrx_word' id='word_1_39' title='bbox 1565 564 1784 619; x_wconf 83' lang='lat' dir='ltr'><strong>Neocae-</strong></span> 
     </span>
    </p>
   </div>
   <div class='ocr_carea' id='block_1_7' title="bbox 184 653 1783 728">
    <p class='ocr_par' dir='ltr' id='par_1_7' title="bbox 184 653 1783 728">
     <span class='ocr_line' id='line_1_7' title="bbox 184 653 1783 728; baseline 0.001 -20"><span class='ocrx_word' id='word_1_40' title='bbox 184 653 472 709; x_wconf 83' lang='lat' dir='ltr'><strong>sariensis</strong></span> <span class='ocrx_word' id='word_1_41' title='bbox 498 655 612 724; x_wconf 87' lang='grc'>(21)</span> <span class='ocrx_word' id='word_1_42' title='bbox 645 671 658 706; x_wconf 93' lang='lat'>:</span> <span class='ocrx_word' id='word_1_43' title='bbox 695 655 865 727; x_wconf 84' lang='grc' dir='ltr'>Τριὰς</span> <span class='ocrx_word' id='word_1_44' title='bbox 895 657 1095 718; x_wconf 86' lang='grc' dir='ltr'>τελεία,</span> <span class='ocrx_word' id='word_1_45' title='bbox 1131 657 1265 728; x_wconf 78' lang='grc' dir='ltr'>δόξῃ</span> <span class='ocrx_word' id='word_1_46' title='bbox 1291 657 1385 710; x_wconf 76' lang='grc' dir='ltr'>καὶ</span> <span class='ocrx_word' id='word_1_47' title='bbox 1406 657 1670 728; x_wconf 79' lang='grc' dir='ltr'><strong>ἁῖδιότητι</strong></span> <span class='ocrx_word' id='word_1_48' title='bbox 1691 657 1783 713; x_wconf 76' lang='grc' dir='ltr'>καὶ</span> 
     </span>
    </p>
   </div>
   <div class='ocr_carea' id='block_1_8' title="bbox 180 743 1779 819">
    <p class='ocr_par' dir='ltr' id='par_1_8' title="bbox 180 743 1779 819">
     <span class='ocr_line' id='line_1_8' title="bbox 180 743 1779 819; baseline 0.002 -22"><span class='ocrx_word' id='word_1_49' title='bbox 180 743 477 816; x_wconf 78' lang='grc' dir='ltr'><strong>βασιλείᾳ,</strong></span> <span class='ocrx_word' id='word_1_50' title='bbox 518 745 591 816; x_wconf 82' lang='grc' dir='ltr'>μὴ</span> <span class='ocrx_word' id='word_1_51' title='bbox 627 747 974 819; x_wconf 77' lang='grc' dir='ltr'>μεριζομὲνη,</span> <span class='ocrx_word' id='word_1_52' title='bbox 1004 765 1058 800; x_wconf 89' lang='grc' dir='ltr'>κ.</span> <span class='ocrx_word' id='word_1_53' title='bbox 1093 766 1144 801; x_wconf 84' lang='grc' dir='ltr'>τ.</span> <span class='ocrx_word' id='word_1_54' title='bbox 1179 749 1230 801; x_wconf 87' lang='grc' dir='ltr'>λ.</span> <span class='ocrx_word' id='word_1_55' title='bbox 1270 748 1504 801; x_wconf 77' lang='lat' dir='ltr'><strong>Trinitas</strong></span> <span class='ocrx_word' id='word_1_56' title='bbox 1529 749 1779 818; x_wconf 80' lang='lat' dir='ltr'><strong>perfecta,</strong></span> 
     </span>
    </p>
   </div>
   <div class='ocr_carea' id='block_1_9' title="bbox 182 837 1780 909">
    <p class='ocr_par' dir='ltr' id='par_1_9' title="bbox 182 837 1780 909">
     <span class='ocr_line' id='line_1_9' title="bbox 182 837 1780 909; baseline 0.004 -20"><span class='ocrx_word' id='word_1_57' title='bbox 182 853 325 905; x_wconf 58' lang='lat' dir='ltr'><strong>Qua:</strong></span> <span class='ocrx_word' id='word_1_58' title='bbox 347 837 518 907; x_wconf 83' lang='lat' dir='ltr'><strong>gloria</strong></span> <span class='ocrx_word' id='word_1_59' title='bbox 554 847 602 891; x_wconf 87' lang='lat' dir='ltr'><strong>et</strong></span> <span class='ocrx_word' id='word_1_60' title='bbox 635 841 932 893; x_wconf 68' lang='lat' dir='ltr'><strong>aeternitate</strong></span> <span class='ocrx_word' id='word_1_61' title='bbox 957 857 1018 892; x_wconf 90' lang='lat' dir='ltr'><strong>ac</strong></span> <span class='ocrx_word' id='word_1_62' title='bbox 1046 857 1202 909; x_wconf 80' lang='lat' dir='ltr'><strong>regno</strong></span> <span class='ocrx_word' id='word_1_63' title='bbox 1231 857 1333 894; x_wconf 80' lang='lat' dir='ltr'><strong>non</strong></span> <span class='ocrx_word' id='word_1_64' title='bbox 1365 841 1644 908; x_wconf 77' lang='lat' dir='ltr'><strong>dividitur,</strong></span> <span class='ocrx_word' id='word_1_65' title='bbox 1671 851 1780 896; x_wconf 86' lang='lat' dir='ltr'><strong>etc.</strong></span> 
     </span>
    </p>
   </div>
   <div class='ocr_carea' id='block_1_10' title="bbox 181 928 1781 1004">
    <p class='ocr_par' dir='ltr' id='par_1_10' title="bbox 181 928 1781 1004">
     <span class='ocr_line' id='line_1_10' title="bbox 181 928 1781 1004; baseline 0.001 -20"><span class='ocrx_word' id='word_1_66' title='bbox 181 928 468 1000; x_wconf 81' lang='lat' dir='ltr'><strong>Origenes</strong></span> <span class='ocrx_word' id='word_1_67' title='bbox 495 939 724 1000; x_wconf 89' lang='lat' dir='ltr'><strong>utroque</strong></span> <span class='ocrx_word' id='word_1_68' title='bbox 762 933 1041 1001; x_wconf 77' lang='lat' dir='ltr'><strong>antiquior</strong></span> <span class='ocrx_word' id='word_1_69' title='bbox 1071 933 1184 1003; x_wconf 89' lang='grc'>(22)</span> <span class='ocrx_word' id='word_1_70' title='bbox 1212 952 1225 988; x_wconf 92' lang='lat'>:</span> <span class='ocrx_word' id='word_1_71' title='bbox 1253 935 1403 1002; x_wconf 82' lang='grc' dir='ltr'>Τάχα</span> <span class='ocrx_word' id='word_1_72' title='bbox 1425 933 1535 1004; x_wconf 78' lang='grc' dir='ltr'>γὰρ</span> <span class='ocrx_word' id='word_1_73' title='bbox 1553 934 1644 988; x_wconf 81' lang='grc' dir='ltr'>καί</span> <span class='ocrx_word' id='word_1_74' title='bbox 1672 947 1781 986; x_wconf 82' lang='grc' dir='ltr'>τισι</span> 
     </span>
    </p>
   </div>
   <div class='ocr_carea' id='block_1_11' title="bbox 177 1022 1780 1096">
    <p class='ocr_par' dir='ltr' id='par_1_11' title="bbox 177 1022 1780 1096">
     <span class='ocr_line' id='line_1_11' title="bbox 177 1022 1780 1096; baseline 0 -19"><span class='ocrx_word' id='word_1_75' title='bbox 177 1022 314 1077; x_wconf 66' lang='grc' dir='ltr'><strong>τῶν</strong></span> <span class='ocrx_word' id='word_1_76' title='bbox 349 1023 634 1094; x_wconf 77' lang='grc' dir='ltr'><strong>μακαρίων</strong></span> <span class='ocrx_word' id='word_1_77' title='bbox 663 1023 964 1095; x_wconf 82' lang='grc' dir='ltr'><strong>δυνάμεων,</strong></span> <span class='ocrx_word' id='word_1_78' title='bbox 998 1025 1610 1096; x_wconf 74' lang='grc' dir='ltr'>καὶέπαναϐεϐηκυιῶν,</span> <span class='ocrx_word' id='word_1_79' title='bbox 1650 1042 1780 1093; x_wconf 66' lang='grc' dir='ltr'>συγσ</span> 
     </span>
    </p>
   </div>
   <div class='ocr_carea' id='block_1_12' title="bbox 182 1115 1782 1189">
    <p class='ocr_par' dir='ltr' id='par_1_12' title="bbox 182 1115 1782 1189">
     <span class='ocr_line' id='line_1_12' title="bbox 182 1115 1782 1189; baseline 0.003 -24"><span class='ocrx_word' id='word_1_80' title='bbox 182 1115 384 1185; x_wconf 73' lang='grc' dir='ltr'>κρίσει</span> <span class='ocrx_word' id='word_1_81' title='bbox 423 1116 533 1168; x_wconf 84' lang='grc' dir='ltr'><strong>τῶν</strong></span> <span class='ocrx_word' id='word_1_82' title='bbox 585 1115 793 1170; x_wconf 86' lang='grc' dir='ltr'>πολλῶν</span> <span class='ocrx_word' id='word_1_83' title='bbox 829 1117 1102 1187; x_wconf 84' lang='grc' dir='ltr'>γενητῶν,</span> <span class='ocrx_word' id='word_1_84' title='bbox 1134 1118 1200 1171; x_wconf 79' lang='grc' dir='ltr'>τὰ</span> <span class='ocrx_word' id='word_1_85' title='bbox 1234 1118 1384 1171; x_wconf 83' lang='grc' dir='ltr'>κάτω</span> <span class='ocrx_word' id='word_1_86' title='bbox 1411 1118 1509 1188; x_wconf 84' lang='grc' dir='ltr'><strong>τῆς</strong></span> <span class='ocrx_word' id='word_1_87' title='bbox 1550 1117 1782 1189; x_wconf 80' lang='grc' dir='ltr'><strong>ἀρχικῆς</strong></span> 
     </span>
    </p>
   </div>
   <div class='ocr_carea' id='block_1_13' title="bbox 183 1206 1780 1281">
    <p class='ocr_par' dir='ltr' id='par_1_13' title="bbox 183 1206 1780 1281">
     <span class='ocr_line' id='line_1_13' title="bbox 183 1206 1780 1281; baseline 0.002 -20"><span class='ocrx_word' id='word_1_88' title='bbox 183 1207 455 1276; x_wconf 81' lang='grc' dir='ltr'><strong>Τριάδος,</strong></span> <span class='ocrx_word' id='word_1_89' title='bbox 489 1207 644 1276; x_wconf 86' lang='grc' dir='ltr'>λόγον</span> <span class='ocrx_word' id='word_1_90' title='bbox 667 1206 778 1277; x_wconf 78' lang='grc' dir='ltr'><strong>ἔχει</strong></span> <span class='ocrx_word' id='word_1_91' title='bbox 798 1208 918 1272; x_wconf 80' lang='grc' dir='ltr'>ὅλος</span> <span class='ocrx_word' id='word_1_92' title='bbox 936 1212 964 1262; x_wconf 84' lang='grc' dir='ltr'>ὁ</span> <span class='ocrx_word' id='word_1_93' title='bbox 993 1209 1226 1273; x_wconf 79' lang='grc' dir='ltr'>ἐνεστὼς</span> <span class='ocrx_word' id='word_1_94' title='bbox 1255 1210 1388 1264; x_wconf 76' lang='grc' dir='ltr'>αἰὼν</span> <span class='ocrx_word' id='word_1_95' title='bbox 1413 1210 1487 1274; x_wconf 85' lang='grc' dir='ltr'>ὡς</span> <span class='ocrx_word' id='word_1_96' title='bbox 1522 1210 1656 1281; x_wconf 86' lang='grc' dir='ltr'>πρὸς</span> <span class='ocrx_word' id='word_1_97' title='bbox 1683 1209 1780 1281; x_wconf 80' lang='grc' dir='ltr'>τὴν</span> 
     </span>
    </p>
   </div>
   <div class='ocr_carea' id='block_1_14' title="bbox 181 1294 1780 1370">
    <p class='ocr_par' dir='ltr' id='par_1_14' title="bbox 181 1294 1780 1370">
     <span class='ocr_line' id='line_1_14' title="bbox 181 1294 1780 1370; baseline 0.005 -24"><span class='ocrx_word' id='word_1_98' title='bbox 181 1294 347 1364; x_wconf 72' lang='grc' dir='ltr'>ζωὴν</span> <span class='ocrx_word' id='word_1_99' title='bbox 378 1295 577 1359; x_wconf 78' lang='grc' dir='ltr'>αὐτῶν,</span> <span class='ocrx_word' id='word_1_100' title='bbox 607 1296 664 1349; x_wconf 87' lang='grc' dir='ltr'>ὂν</span> <span class='ocrx_word' id='word_1_101' title='bbox 693 1297 850 1365; x_wconf 81' lang='grc' dir='ltr'>λόγον</span> <span class='ocrx_word' id='word_1_102' title='bbox 877 1297 988 1368; x_wconf 81' lang='grc' dir='ltr'><strong>ἔχει</strong></span> <span class='ocrx_word' id='word_1_103' title='bbox 1030 1301 1062 1369; x_wconf 86' lang='grc' dir='ltr'>ἡ</span> <span class='ocrx_word' id='word_1_104' title='bbox 1106 1301 1233 1370; x_wconf 87' lang='grc' dir='ltr'>παρ’</span> <span class='ocrx_word' id='word_1_105' title='bbox 1265 1297 1568 1370; x_wconf 82' lang='grc' dir='ltr'>ἀνθρώποις</span> <span class='ocrx_word' id='word_1_106' title='bbox 1599 1298 1780 1369; x_wconf 81' lang='grc' dir='ltr'>ἡμέρα</span> 
     </span>
    </p>
   </div>
   <div class='ocr_carea' id='block_1_15' title="bbox 182 1383 1780 1459">
    <p class='ocr_par' dir='ltr' id='par_1_15' title="bbox 182 1383 1780 1459">
     <span class='ocr_line' id='line_1_15' title="bbox 182 1383 1780 1459; baseline 0.002 -23"><span class='ocrx_word' id='word_1_107' title='bbox 182 1383 340 1454; x_wconf 83' lang='grc' dir='ltr'>πρὸς</span> <span class='ocrx_word' id='word_1_108' title='bbox 371 1385 490 1438; x_wconf 81' lang='grc' dir='ltr'>ὅλον</span> <span class='ocrx_word' id='word_1_109' title='bbox 520 1385 610 1438; x_wconf 83' lang='grc' dir='ltr'>τὸν</span> <span class='ocrx_word' id='word_1_110' title='bbox 643 1385 865 1439; x_wconf 84' lang='grc' dir='ltr'>δυνατὸν</span> <span class='ocrx_word' id='word_1_111' title='bbox 898 1387 1170 1458; x_wconf 83' lang='grc' dir='ltr'><strong>ἀνθρώπῳ</strong></span> <span class='ocrx_word' id='word_1_112' title='bbox 1203 1387 1300 1458; x_wconf 79' lang='grc' dir='ltr'><strong>ζῇν</strong></span> <span class='ocrx_word' id='word_1_113' title='bbox 1347 1388 1554 1459; x_wconf 88' lang='grc' dir='ltr'>χρόνον.</span> <span class='ocrx_word' id='word_1_114' title='bbox 1600 1386 1780 1457; x_wconf 80' lang='lat' dir='ltr'><strong>Siqui-</strong></span> 
     </span>
    </p>
   </div>
   <div class='ocr_carea' id='block_1_16' title="bbox 180 1473 1777 1546">
    <p class='ocr_par' dir='ltr' id='par_1_16' title="bbox 180 1473 1777 1546">
     <span class='ocr_line' id='line_1_16' title="bbox 180 1473 1777 1546; baseline 0.003 -20"><span class='ocrx_word' id='word_1_115' title='bbox 180 1473 319 1526; x_wconf 86' lang='lat' dir='ltr'><strong>dem</strong></span> <span class='ocrx_word' id='word_1_116' title='bbox 345 1491 575 1542; x_wconf 63' lang='lat' dir='ltr'><strong>praesens</strong></span> <span class='ocrx_word' id='word_1_117' title='bbox 597 1486 727 1530; x_wconf 67' lang='lat' dir='ltr'><strong>tetas</strong></span> <span class='ocrx_word' id='word_1_118' title='bbox 744 1478 981 1532; x_wconf 87' lang='lat' dir='ltr'><strong>eamdem</strong></span> <span class='ocrx_word' id='word_1_119' title='bbox 998 1479 1224 1546; x_wconf 78' lang='lat' dir='ltr'><strong>fortasse</strong></span> <span class='ocrx_word' id='word_1_120' title='bbox 1253 1479 1511 1530; x_wconf 80' lang='lat' dir='ltr'><strong>rationem</strong></span> <span class='ocrx_word' id='word_1_121' title='bbox 1533 1476 1685 1530; x_wconf 84' lang='lat' dir='ltr'><strong><em>habet</em></strong></span> <span class='ocrx_word' id='word_1_122' title='bbox 1708 1478 1777 1530; x_wconf 91' lang='lat' dir='ltr'><strong>ad</strong></span> 
     </span>
    </p>
   </div>
   <div class='ocr_carea' id='block_1_17' title="bbox 179 1564 1777 1638">
    <p class='ocr_par' dir='ltr' id='par_1_17' title="bbox 179 1564 1777 1638">
     <span class='ocr_line' id='line_1_17' title="bbox 179 1564 1777 1638; baseline 0.004 -24"><span class='ocrx_word' id='word_1_123' title='bbox 179 1564 362 1621; x_wconf 72' lang='lat' dir='ltr'><strong>vitam</strong></span> <span class='ocrx_word' id='word_1_124' title='bbox 387 1564 658 1620; x_wconf 87' lang='lat' dir='ltr'><strong>beatarum</strong></span> <span class='ocrx_word' id='word_1_125' title='bbox 688 1567 1040 1638; x_wconf 83' lang='lat' dir='ltr'><strong>quarumdam</strong></span> <span class='ocrx_word' id='word_1_126' title='bbox 1066 1577 1422 1636; x_wconf 82' lang='lat' dir='ltr'><strong>potestatum,</strong></span> <span class='ocrx_word' id='word_1_127' title='bbox 1447 1584 1662 1638; x_wconf 74' lang='lat' dir='ltr'><strong>qumque</strong></span> <span class='ocrx_word' id='word_1_128' title='bbox 1690 1584 1777 1637; x_wconf 85' lang='lat' dir='ltr'><strong>ge-</strong></span> 
     </span>
    </p>
   </div>
   <div class='ocr_carea' id='block_1_18' title="bbox 181 1656 1772 1728">
    <p class='ocr_par' dir='ltr' id='par_1_18' title="bbox 181 1656 1772 1728">
     <span class='ocr_line' id='line_1_18' title="bbox 181 1656 1772 1728; baseline 0.004 -22"><span class='ocrx_word' id='word_1_129' title='bbox 181 1656 326 1709; x_wconf 83' lang='lat' dir='ltr'><strong>nitis</strong></span> <span class='ocrx_word' id='word_1_130' title='bbox 359 1658 716 1727; x_wconf 83' lang='lat' dir='ltr'><strong>compluribus</strong></span> <span class='ocrx_word' id='word_1_131' title='bbox 766 1661 994 1726; x_wconf 71' lang='lat' dir='ltr'><strong>collataz,</strong></span> <span class='ocrx_word' id='word_1_132' title='bbox 1049 1661 1344 1728; x_wconf 83' lang='lat' dir='ltr'><strong>superiores</strong></span> <span class='ocrx_word' id='word_1_133' title='bbox 1375 1660 1455 1714; x_wconf 79' lang='lat' dir='ltr'><strong>liis</strong></span> <span class='ocrx_word' id='word_1_134' title='bbox 1497 1671 1772 1714; x_wconf 88' lang='lat' dir='ltr'><strong>evaserunt</strong></span> 
     </span>
    </p>
   </div>
   <div class='ocr_carea' id='block_1_19' title="bbox 1889 472 3462 537">
    <p class='ocr_par' dir='ltr' id='par_1_19' title="bbox 1889 472 3462 537">
     <span class='ocr_line' id='line_1_19' title="bbox 1889 472 3462 537; baseline -0.002 -11"><span class='ocrx_word' id='word_1_135' title='bbox 1889 481 1997 528; x_wconf 88' lang='lat' dir='ltr'><strong>tate</strong></span> <span class='ocrx_word' id='word_1_136' title='bbox 2011 473 2269 536; x_wconf 89' lang='lat' dir='ltr'><strong>victores,</strong></span> <span class='ocrx_word' id='word_1_137' title='bbox 2295 474 2485 526; x_wconf 88' lang='lat' dir='ltr'><strong>horam</strong></span> <span class='ocrx_word' id='word_1_138' title='bbox 2513 472 2750 536; x_wconf 77' lang='lat' dir='ltr'><strong>tertiam,</strong></span> <span class='ocrx_word' id='word_1_139' title='bbox 2771 481 3217 536; x_wconf 78' lang='lat' dir='ltr'><strong>sextatn,nouam</strong></span> <span class='ocrx_word' id='word_1_140' title='bbox 3239 488 3253 537; x_wconf 89' lang='lat'><strong>;</strong></span> <span class='ocrx_word' id='word_1_141' title='bbox 3274 485 3462 524; x_wconf 87' lang='lat' dir='ltr'><strong>sacra-</strong></span> 
     </span>
    </p>
   </div>
   <div class='ocr_carea' id='block_1_20' title="bbox 1887 563 3462 633">
    <p class='ocr_par' dir='ltr' id='par_1_20' title="bbox 1887 563 3462 633">
     <span class='ocr_line' id='line_1_20' title="bbox 1887 563 3462 633; baseline -0.005 -10"><span class='ocrx_word' id='word_1_142' title='bbox 1887 577 2072 624; x_wconf 89' lang='lat' dir='ltr'><strong>mento</strong></span> <span class='ocrx_word' id='word_1_143' title='bbox 2093 566 2299 621; x_wconf 84' lang='lat' dir='ltr'><strong>scilicet</strong></span> <span class='ocrx_word' id='word_1_144' title='bbox 2329 564 2636 624; x_wconf 85' lang='lat' dir='ltr'><strong>Trinitatis,</strong></span> <span class='ocrx_word' id='word_1_145' title='bbox 2661 579 2781 633; x_wconf 69' lang='lat' dir='ltr'><strong>quae</strong></span> <span class='ocrx_word' id='word_1_146' title='bbox 2815 564 2868 616; x_wconf 91' lang='lat' dir='ltr'><strong>in</strong></span> <span class='ocrx_word' id='word_1_147' title='bbox 2911 563 3227 628; x_wconf 90' lang='lat' dir='ltr'><strong>novissimis</strong></span> <span class='ocrx_word' id='word_1_148' title='bbox 3256 574 3462 632; x_wconf 82' lang='lat' dir='ltr'><strong>tempo-</strong></span> 
     </span>
    </p>
   </div>
   <div class='ocr_carea' id='block_1_21' title="bbox 1885 651 3460 722">
    <p class='ocr_par' dir='ltr' id='par_1_21' title="bbox 1885 651 3460 722">
     <span class='ocr_line' id='line_1_21' title="bbox 1885 651 3460 722; baseline -0.004 -9"><span class='ocrx_word' id='word_1_149' title='bbox 1885 659 2037 713; x_wconf 89' lang='lat' dir='ltr'><strong>ribus</strong></span> <span class='ocrx_word' id='word_1_150' title='bbox 2066 656 2403 710; x_wconf 77' lang='lat' dir='ltr'><strong>manifestari</strong></span> <span class='ocrx_word' id='word_1_151' title='bbox 2432 655 2683 709; x_wconf 84' lang='lat' dir='ltr'><strong>habebat.</strong></span> <span class='ocrx_word' id='word_1_152' title='bbox 2723 672 2741 705; x_wconf 77' lang='grc' dir='ltr'><strong>ι</strong></span> <span class='ocrx_word' id='word_1_153' title='bbox 2775 653 2985 722; x_wconf 85' lang='lat' dir='ltr'><strong>Quibus</strong></span> <span class='ocrx_word' id='word_1_154' title='bbox 3014 651 3233 708; x_wconf 78' lang='lat' dir='ltr'><strong>demum</strong></span> <span class='ocrx_word' id='word_1_155' title='bbox 3263 651 3460 706; x_wconf 82' lang='lat' dir='ltr'><strong>addere</strong></span> 
     </span>
    </p>
   </div>
   <div class='ocr_carea' id='block_1_22' title="bbox 1884 743 3460 804">
    <p class='ocr_par' dir='ltr' id='par_1_22' title="bbox 1884 743 3460 804">
     <span class='ocr_line' id='line_1_22' title="bbox 1884 743 3460 804; baseline -0.004 0"><span class='ocrx_word' id='word_1_156' title='bbox 1884 751 2018 804; x_wconf 89' lang='lat' dir='ltr'><strong>libet</strong></span> <span class='ocrx_word' id='word_1_157' title='bbox 2062 749 2209 802; x_wconf 89' lang='lat' dir='ltr'><strong>aliud</strong></span> <span class='ocrx_word' id='word_1_158' title='bbox 2251 747 2458 801; x_wconf 86' lang='lat' dir='ltr'><strong>illustre</strong></span> <span class='ocrx_word' id='word_1_159' title='bbox 2506 745 2879 800; x_wconf 89' lang='lat' dir='ltr'><strong>testimonium</strong></span> <span class='ocrx_word' id='word_1_160' title='bbox 2922 759 2988 798; x_wconf 80' lang='lat' dir='ltr'><strong>ex</strong></span> <span class='ocrx_word' id='word_1_161' title='bbox 3028 743 3179 798; x_wconf 81' lang='lat' dir='ltr'><strong>Actis</strong></span> <span class='ocrx_word' id='word_1_162' title='bbox 3228 743 3460 798; x_wconf 87' lang='lat' dir='ltr'><strong>sinceris</strong></span> 
     </span>
    </p>
   </div>
   <div class='ocr_carea' id='block_1_23' title="bbox 1885 834 3456 908">
    <p class='ocr_par' dir='ltr' id='par_1_23' title="bbox 1885 834 3456 908">
     <span class='ocr_line' id='line_1_23' title="bbox 1885 834 3456 908; baseline -0.004 -14"><span class='ocrx_word' id='word_1_163' title='bbox 1885 849 2202 895; x_wconf 88' lang='lat' dir='ltr'><strong>sanctorum</strong></span> <span class='ocrx_word' id='word_1_164' title='bbox 2227 847 2525 908; x_wconf 75' lang='lat' dir='ltr'><strong>martyrum</strong></span> <span class='ocrx_word' id='word_1_165' title='bbox 2559 835 2872 899; x_wconf 88' lang='lat' dir='ltr'><strong>Fructuosi,</strong></span> <span class='ocrx_word' id='word_1_166' title='bbox 2893 834 3120 905; x_wconf 84' lang='lat' dir='ltr'><strong>Augurii</strong></span> <span class='ocrx_word' id='word_1_167' title='bbox 3141 843 3195 888; x_wconf 90' lang='lat' dir='ltr'><strong>et</strong></span> <span class='ocrx_word' id='word_1_168' title='bbox 3221 834 3456 904; x_wconf 79' lang='lat' dir='ltr'><strong>Eulogii,</strong></span> 
     </span>
    </p>
   </div>
   <div class='ocr_carea' id='block_1_24' title="bbox 1883 925 3458 1002">
    <p class='ocr_par' dir='ltr' id='par_1_24' title="bbox 1883 925 3458 1002">
     <span class='ocr_line' id='line_1_24' title="bbox 1883 925 3458 1002; baseline -0.004 -15"><span class='ocrx_word' id='word_1_169' title='bbox 1883 947 1999 987; x_wconf 68' lang='lat' dir='ltr'><strong>aevo</strong></span> <span class='ocrx_word' id='word_1_170' title='bbox 2039 929 2298 1002; x_wconf 87' lang='lat' dir='ltr'><strong>Cypriani</strong></span> <span class='ocrx_word' id='word_1_171' title='bbox 2336 929 2615 984; x_wconf 62' lang='lat' dir='ltr'><strong>memoriae</strong></span> <span class='ocrx_word' id='word_1_172' title='bbox 2650 928 2882 982; x_wconf 85' lang='lat' dir='ltr'><strong>traditis.</strong></span> <span class='ocrx_word' id='word_1_173' title='bbox 2918 925 3010 981; x_wconf 82' lang='lat' dir='ltr'><strong>Sic</strong></span> <span class='ocrx_word' id='word_1_174' title='bbox 3034 936 3214 989; x_wconf 80' lang='lat' dir='ltr'><strong>autem</strong></span> <span class='ocrx_word' id='word_1_175' title='bbox 3256 941 3314 981; x_wconf 85' lang='lat' dir='ltr'><strong>se</strong></span> <span class='ocrx_word' id='word_1_176' title='bbox 3355 926 3458 980; x_wconf 81' lang='lat' dir='ltr'><strong>ba-</strong></span> 
     </span>
    </p>
   </div>
   <div class='ocr_carea' id='block_1_25' title="bbox 1883 1018 3456 1095">
    <p class='ocr_par' dir='ltr' id='par_1_25' title="bbox 1883 1018 3456 1095">
     <span class='ocr_line' id='line_1_25' title="bbox 1883 1018 3456 1095; baseline -0.006 -16"><span class='ocrx_word' id='word_1_177' title='bbox 1883 1025 1974 1079; x_wconf 91' lang='lat' dir='ltr'><strong>bet</strong></span> <span class='ocrx_word' id='word_1_178' title='bbox 1999 1024 2113 1095; x_wconf 86' lang='grc'>(29)</span> <span class='ocrx_word' id='word_1_179' title='bbox 2144 1040 2157 1074; x_wconf 90' lang='lat'>:</span> <span class='ocrx_word' id='word_1_180' title='bbox 2196 1042 2214 1073; x_wconf 77' lang='grc' dir='ltr'><strong>ι</strong></span> <span class='ocrx_word' id='word_1_181' title='bbox 2251 1022 2469 1076; x_wconf 85' lang='lat' dir='ltr'><strong>Similes</strong></span> <span class='ocrx_word' id='word_1_182' title='bbox 2498 1021 2743 1086; x_wconf 61' lang='lat' dir='ltr'><strong>Ananiae,</strong></span> <span class='ocrx_word' id='word_1_183' title='bbox 2775 1019 2984 1073; x_wconf 65' lang='lat' dir='ltr'><strong>Azariae</strong></span> <span class='ocrx_word' id='word_1_184' title='bbox 3027 1027 3080 1074; x_wconf 89' lang='lat' dir='ltr'><strong>et</strong></span> <span class='ocrx_word' id='word_1_185' title='bbox 3121 1018 3327 1073; x_wconf 87' lang='lat' dir='ltr'><strong>Misaeli</strong></span> <span class='ocrx_word' id='word_1_186' title='bbox 3358 1033 3456 1071; x_wconf 87' lang='lat' dir='ltr'><strong>cx-</strong></span> 
     </span>
    </p>
   </div>
   <div class='ocr_carea' id='block_1_26' title="bbox 1883 1102 3458 1182">
    <p class='ocr_par' dir='ltr' id='par_1_26' title="bbox 1883 1102 3458 1182">
     <span class='ocr_line' id='line_1_26' title="bbox 1883 1102 3458 1182; baseline -0.008 -11"><span class='ocrx_word' id='word_1_187' title='bbox 1883 1117 2158 1182; x_wconf 87' lang='lat' dir='ltr'><strong>stiterunt,</strong></span> <span class='ocrx_word' id='word_1_188' title='bbox 2197 1123 2256 1168; x_wconf 94' lang='lat' dir='ltr'><strong>ut</strong></span> <span class='ocrx_word' id='word_1_189' title='bbox 2298 1115 2463 1168; x_wconf 91' lang='lat' dir='ltr'><strong>etiam</strong></span> <span class='ocrx_word' id='word_1_190' title='bbox 2496 1114 2551 1167; x_wconf 93' lang='lat' dir='ltr'><strong>in</strong></span> <span class='ocrx_word' id='word_1_191' title='bbox 2590 1113 2697 1167; x_wconf 90' lang='lat' dir='ltr'><strong>illis</strong></span> <span class='ocrx_word' id='word_1_192' title='bbox 2733 1109 2974 1166; x_wconf 83' lang='lat' dir='ltr'><strong>Trinitas</strong></span> <span class='ocrx_word' id='word_1_193' title='bbox 2999 1111 3179 1164; x_wconf 89' lang='lat' dir='ltr'><strong>divina</strong></span> <span class='ocrx_word' id='word_1_194' title='bbox 3207 1102 3458 1164; x_wconf 72' lang='lat' dir='ltr'><strong>cernere-</strong></span> 
     </span>
    </p>
   </div>
   <div class='ocr_carea' id='block_1_27' title="bbox 1882 1216 2057 1262">
    <p class='ocr_par' dir='ltr' id='par_1_27' title="bbox 1882 1216 2057 1262">
     <span class='ocr_line' id='line_1_27' title="bbox 1882 1216 2057 1262; baseline -0.017 0"><span class='ocrx_word' id='word_1_195' title='bbox 1882 1216 1991 1262; x_wconf 88' lang='lat' dir='ltr'><strong>tur.</strong></span> <span class='ocrx_word' id='word_1_196' title='bbox 2039 1229 2057 1259; x_wconf 74' lang='grc' dir='ltr'><strong><em>ι</em></strong></span> 
     </span>
    </p>
   </div>
   <div class='ocr_carea' id='block_1_28' title="bbox 1957 1294 3453 1370">
    <p class='ocr_par' dir='ltr' id='par_1_28' title="bbox 1957 1294 3453 1370">
     <span class='ocr_line' id='line_1_28' title="bbox 1957 1294 3453 1370; baseline -0.003 -17"><span class='ocrx_word' id='word_1_197' title='bbox 1957 1300 2133 1355; x_wconf 83' lang='lat' dir='ltr'><strong>Habes</strong></span> <span class='ocrx_word' id='word_1_198' title='bbox 2166 1301 2331 1370; x_wconf 82' lang='lat' dir='ltr'><strong>igitur</strong></span> <span class='ocrx_word' id='word_1_199' title='bbox 2368 1308 2480 1352; x_wconf 91' lang='lat' dir='ltr'><strong>tum</strong></span> <span class='ocrx_word' id='word_1_200' title='bbox 2514 1298 2753 1364; x_wconf 63' lang='lat' dir='ltr'><strong>Graecos,</strong></span> <span class='ocrx_word' id='word_1_201' title='bbox 2789 1306 2903 1350; x_wconf 93' lang='lat' dir='ltr'><strong>tum</strong></span> <span class='ocrx_word' id='word_1_202' title='bbox 2933 1295 3155 1350; x_wconf 88' lang='lat' dir='ltr'><strong>Latinos</strong></span> <span class='ocrx_word' id='word_1_203' title='bbox 3195 1294 3453 1350; x_wconf 66' lang='lat' dir='ltr'><strong>Ecclesiae</strong></span> 
     </span>
    </p>
   </div>
   <div class='ocr_carea' id='block_1_29' title="bbox 1881 1389 3452 1464">
    <p class='ocr_par' dir='ltr' id='par_1_29' title="bbox 1881 1389 3452 1464">
     <span class='ocr_line' id='line_1_29' title="bbox 1881 1389 3452 1464; baseline -0.003 -18"><span class='ocrx_word' id='word_1_204' title='bbox 1881 1392 2070 1448; x_wconf 87' lang='lat' dir='ltr'><strong>Patres</strong></span> <span class='ocrx_word' id='word_1_205' title='bbox 2094 1393 2294 1462; x_wconf 89' lang='lat' dir='ltr'><strong>quibus</strong></span> <span class='ocrx_word' id='word_1_206' title='bbox 2323 1391 2536 1464; x_wconf 85' lang='grc' dir='ltr'><strong>τριάδος</strong></span> <span class='ocrx_word' id='word_1_207' title='bbox 2560 1390 2884 1444; x_wconf 84' lang='lat' dir='ltr'><strong>vocabulum</strong></span> <span class='ocrx_word' id='word_1_208' title='bbox 2925 1390 3036 1457; x_wconf 85' lang='lat' dir='ltr'><strong>jam</strong></span> <span class='ocrx_word' id='word_1_209' title='bbox 3068 1389 3192 1442; x_wconf 90' lang='lat' dir='ltr'><strong>inde</strong></span> <span class='ocrx_word' id='word_1_210' title='bbox 3226 1404 3255 1442; x_wconf 89' lang='lat' dir='ltr'><strong>a</strong></span> <span class='ocrx_word' id='word_1_211' title='bbox 3281 1403 3452 1442; x_wconf 62' lang='lat' dir='ltr'><strong>saecu-</strong></span> 
     </span>
    </p>
   </div>
   <div class='ocr_carea' id='block_1_30' title="bbox 1883 1479 3452 1551">
    <p class='ocr_par' dir='ltr' id='par_1_30' title="bbox 1883 1479 3452 1551">
     <span class='ocr_line' id='line_1_30' title="bbox 1883 1479 3452 1551; baseline -0.001 -14"><span class='ocrx_word' id='word_1_212' title='bbox 1883 1484 1935 1538; x_wconf 94' lang='lat' dir='ltr'><strong>lo</strong></span> <span class='ocrx_word' id='word_1_213' title='bbox 1953 1500 1988 1537; x_wconf 92' lang='grc' dir='ltr'><strong>ιι</strong></span> <span class='ocrx_word' id='word_1_214' title='bbox 2006 1484 2306 1546; x_wconf 81' lang='lat' dir='ltr'><strong>desinente,</strong></span> <span class='ocrx_word' id='word_1_215' title='bbox 2325 1482 2644 1551; x_wconf 86' lang='lat' dir='ltr'><strong>usurpatum</strong></span> <span class='ocrx_word' id='word_1_216' title='bbox 2661 1481 3011 1550; x_wconf 88' lang='lat' dir='ltr'><strong>comperitur.</strong></span> <span class='ocrx_word' id='word_1_217' title='bbox 3028 1479 3181 1546; x_wconf 80' lang='lat' dir='ltr'><strong>Quod</strong></span> <span class='ocrx_word' id='word_1_218' title='bbox 3201 1481 3243 1534; x_wconf 88' lang='lat' dir='ltr'><strong>si</strong></span> <span class='ocrx_word' id='word_1_219' title='bbox 3269 1480 3452 1536; x_wconf 88' lang='lat' dir='ltr'><strong>adhuc</strong></span> 
     </span>
    </p>
   </div>
   <div class='ocr_carea' id='block_1_31' title="bbox 1882 1573 3442 1644">
    <p class='ocr_par' dir='ltr' id='par_1_31' title="bbox 1882 1573 3442 1644">
     <span class='ocr_line' id='line_1_31' title="bbox 1882 1573 3442 1644; baseline -0.003 -13"><span class='ocrx_word' id='word_1_220' title='bbox 1882 1573 2572 1644; x_wconf 86' lang='lat' dir='ltr'><strong>superarentvetustiorum</strong></span> <span class='ocrx_word' id='word_1_221' title='bbox 2589 1574 2914 1642; x_wconf 89' lang='lat' dir='ltr'><strong>scriptorum</strong></span> <span class='ocrx_word' id='word_1_222' title='bbox 2933 1581 3308 1637; x_wconf 88' lang='lat' dir='ltr'><strong>monumenta,</strong></span> <span class='ocrx_word' id='word_1_223' title='bbox 3329 1588 3442 1626; x_wconf 89' lang='lat' dir='ltr'><strong>non</strong></span> 
     </span>
    </p>
   </div>
   <div class='ocr_carea' id='block_1_32' title="bbox 1881 1663 3450 1736">
    <p class='ocr_par' dir='ltr' id='par_1_32' title="bbox 1881 1663 3450 1736">
     <span class='ocr_line' id='line_1_32' title="bbox 1881 1663 3450 1736; baseline -0.003 -15"><span class='ocrx_word' id='word_1_224' title='bbox 1881 1666 2244 1736; x_wconf 88' lang='lat' dir='ltr'><strong>adTheophili</strong></span> <span class='ocrx_word' id='word_1_225' title='bbox 2262 1666 2435 1719; x_wconf 90' lang='lat' dir='ltr'><strong>solum</strong></span> <span class='ocrx_word' id='word_1_226' title='bbox 2458 1673 2551 1718; x_wconf 86' lang='lat' dir='ltr'><strong>aut</strong></span> <span class='ocrx_word' id='word_1_227' title='bbox 2572 1663 2888 1718; x_wconf 85' lang='lat' dir='ltr'><strong>Tertulliani</strong></span> <span class='ocrx_word' id='word_1_228' title='bbox 2909 1673 3144 1728; x_wconf 82' lang='lat' dir='ltr'><strong>aetatem,</strong></span> <span class='ocrx_word' id='word_1_229' title='bbox 3173 1665 3265 1718; x_wconf 87' lang='lat' dir='ltr'><strong>sed</strong></span> <span class='ocrx_word' id='word_1_230' title='bbox 3285 1663 3450 1725; x_wconf 79' lang='lat' dir='ltr'><strong>altius</strong></span> 
     </span>
    </p>
   </div>
   <div class='ocr_carea' id='block_1_33' title="bbox 177 1749 1753 1832">
    <p class='ocr_par' dir='ltr' id='par_1_33' title="bbox 177 1749 1753 1819">
     <span class='ocr_line' id='line_1_33' title="bbox 177 1749 1753 1819; baseline 0.003 -18"><span class='ocrx_word' id='word_1_231' title='bbox 177 1764 315 1818; x_wconf 64' lang='lat' dir='ltr'><strong>(Luce</strong></span> <span class='ocrx_word' id='word_1_232' title='bbox 355 1749 500 1819; x_wconf 80' lang='lat' dir='ltr'><strong>infra</strong></span> <span class='ocrx_word' id='word_1_233' title='bbox 537 1767 712 1804; x_wconf 87' lang='lat' dir='ltr'><strong>rerum</strong></span> <span class='ocrx_word' id='word_1_234' title='bbox 747 1755 982 1807; x_wconf 87' lang='lat' dir='ltr'><strong>omnium</strong></span> <span class='ocrx_word' id='word_1_235' title='bbox 1015 1755 1417 1808; x_wconf 86' lang='lat' dir='ltr'><strong>moderatricem</strong></span> <span class='ocrx_word' id='word_1_236' title='bbox 1457 1753 1753 1807; x_wconf 88' lang='lat' dir='ltr'><strong>Trinitaten</strong></span> 
     </span>
    </p>
   </div>
   <div class='ocr_carea' id='block_1_34' title="bbox 1871 1749 3456 1832">
    <p class='ocr_par' dir='ltr' id='par_1_34' title="bbox 1873 1754 3456 1832">
     <span class='ocr_line' id='line_1_34' title="bbox 1873 1754 3456 1832; baseline -0.004 -19"><span class='ocrx_word' id='word_1_237' title='bbox 1873 1759 2034 1813; x_wconf 89' lang='lat' dir='ltr'><strong>etiam</strong></span> <span class='ocrx_word' id='word_1_238' title='bbox 2054 1758 2374 1828; x_wconf 86' lang='lat' dir='ltr'><strong>assurgendi</strong></span> <span class='ocrx_word' id='word_1_239' title='bbox 2401 1757 2560 1811; x_wconf 90' lang='lat' dir='ltr'><strong>nobis</strong></span> <span class='ocrx_word' id='word_1_240' title='bbox 2596 1756 2830 1810; x_wconf 81' lang='lat' dir='ltr'><strong>fortasse</strong></span> <span class='ocrx_word' id='word_1_241' title='bbox 2859 1754 3089 1810; x_wconf 81' lang='lat' dir='ltr'><strong>facultas</strong></span> <span class='ocrx_word' id='word_1_242' title='bbox 3113 1764 3456 1832; x_wconf 62' lang='lat' dir='ltr'><strong>suppeteret,</strong></span> 
     </span>
    </p>
   </div>
   <div class='ocr_carea' id='block_1_35' title="bbox 176 1841 1770 1913">
    <p class='ocr_par' dir='ltr' id='par_1_35' title="bbox 176 1841 1770 1913">
     <span class='ocr_line' id='line_1_35' title="bbox 176 1841 1770 1913; baseline 0.004 -22"><span class='ocrx_word' id='word_1_243' title='bbox 176 1841 372 1909; x_wconf 77' lang='lat' dir='ltr'><strong>posita</strong></span> <span class='ocrx_word' id='word_1_244' title='bbox 402 1853 523 1895; x_wconf 88' lang='lat' dir='ltr'><strong>sunt</strong></span> <span class='ocrx_word' id='word_1_245' title='bbox 548 1859 567 1906; x_wconf 90' lang='lat'><strong><em>;</em></strong></span> <span class='ocrx_word' id='word_1_246' title='bbox 599 1860 758 1913; x_wconf 87' lang='lat' dir='ltr'><strong>quam</strong></span> <span class='ocrx_word' id='word_1_247' title='bbox 785 1845 1030 1899; x_wconf 77' lang='lat' dir='ltr'><strong>humana:</strong></span> <span class='ocrx_word' id='word_1_248' title='bbox 1059 1847 1180 1900; x_wconf 75' lang='lat' dir='ltr'><strong>vita:</strong></span> <span class='ocrx_word' id='word_1_249' title='bbox 1199 1847 1308 1900; x_wconf 86' lang='lat' dir='ltr'><strong>dies</strong></span> <span class='ocrx_word' id='word_1_250' title='bbox 1338 1846 1406 1899; x_wconf 90' lang='lat' dir='ltr'><strong>ad</strong></span> <span class='ocrx_word' id='word_1_251' title='bbox 1439 1854 1607 1899; x_wconf 90' lang='lat' dir='ltr'><strong>totum</strong></span> <span class='ocrx_word' id='word_1_252' title='bbox 1640 1854 1770 1900; x_wconf 89' lang='lat' dir='ltr'><strong>tem-</strong></span> 
     </span>
    </p>
   </div>
   <div class='ocr_carea' id='block_1_36' title="bbox 176 1931 1773 2008">
    <p class='ocr_par' dir='ltr' id='par_1_36' title="bbox 176 1931 1773 2008">
     <span class='ocr_line' id='line_1_36' title="bbox 176 1931 1773 2008; baseline 0.008 -28"><span class='ocrx_word' id='word_1_253' title='bbox 176 1945 292 1996; x_wconf 78' lang='lat' dir='ltr'><strong>pus</strong></span> <span class='ocrx_word' id='word_1_254' title='bbox 321 1931 584 1985; x_wconf 86' lang='lat' dir='ltr'><strong>rationem</strong></span> <span class='ocrx_word' id='word_1_255' title='bbox 620 1933 773 1988; x_wconf 82' lang='lat' dir='ltr'><strong>habet</strong></span> <span class='ocrx_word' id='word_1_256' title='bbox 800 1976 815 2002; x_wconf 93' lang='lat'><strong>,</strong></span> <span class='ocrx_word' id='word_1_257' title='bbox 858 1936 927 1989; x_wconf 90' lang='lat' dir='ltr'><strong>ad</strong></span> <span class='ocrx_word' id='word_1_258' title='bbox 959 1937 1098 2007; x_wconf 86' lang='lat' dir='ltr'><strong>quod</strong></span> <span class='ocrx_word' id='word_1_259' title='bbox 1125 1937 1351 1992; x_wconf 84' lang='lat' dir='ltr'><strong>hominis</strong></span> <span class='ocrx_word' id='word_1_260' title='bbox 1389 1938 1500 1990; x_wconf 75' lang='lat' dir='ltr'><strong>vita</strong></span> <span class='ocrx_word' id='word_1_261' title='bbox 1528 1938 1773 2008; x_wconf 83' lang='lat' dir='ltr'><strong>progredi</strong></span> 
     </span>
    </p>
   </div>
   <div class='ocr_carea' id='block_1_37' title="bbox 181 2022 1769 2098">
    <p class='ocr_par' dir='ltr' id='par_1_37' title="bbox 181 2022 1769 2098">
     <span class='ocr_line' id='line_1_37' title="bbox 181 2022 1769 2098; baseline 0.007 -26"><span class='ocrx_word' id='word_1_262' title='bbox 181 2030 390 2087; x_wconf 82' lang='lat' dir='ltr'><strong>potest.</strong></span> <span class='ocrx_word' id='word_1_263' title='bbox 426 2022 613 2094; x_wconf 82' lang='lat' dir='ltr'><strong>Neque</strong></span> <span class='ocrx_word' id='word_1_264' title='bbox 639 2025 727 2081; x_wconf 89' lang='lat' dir='ltr'><strong>hic</strong></span> <span class='ocrx_word' id='word_1_265' title='bbox 768 2027 941 2082; x_wconf 91' lang='lat' dir='ltr'><strong>solum</strong></span> <span class='ocrx_word' id='word_1_266' title='bbox 963 2068 979 2094; x_wconf 93' lang='lat'><strong>,</strong></span> <span class='ocrx_word' id='word_1_267' title='bbox 1016 2029 1111 2083; x_wconf 88' lang='lat' dir='ltr'><strong>sed</strong></span> <span class='ocrx_word' id='word_1_268' title='bbox 1155 2029 1288 2083; x_wconf 88' lang='lat' dir='ltr'><strong>alibi</strong></span> <span class='ocrx_word' id='word_1_269' title='bbox 1327 2044 1546 2098; x_wconf 90' lang='lat' dir='ltr'><strong>quoque</strong></span> <span class='ocrx_word' id='word_1_270' title='bbox 1580 2043 1769 2083; x_wconf 90' lang='lat' dir='ltr'><strong>vocem</strong></span> 
     </span>
    </p>
   </div>
   <div class='ocr_carea' id='block_1_38' title="bbox 175 2113 1771 2192">
    <p class='ocr_par' dir='ltr' id='par_1_38' title="bbox 175 2113 1771 2192">
     <span class='ocr_line' id='line_1_38' title="bbox 175 2113 1771 2192; baseline 0.005 -26"><span class='ocrx_word' id='word_1_271' title='bbox 175 2113 441 2173; x_wconf 84' lang='lat' dir='ltr'><strong>eantdem</strong></span> <span class='ocrx_word' id='word_1_272' title='bbox 469 2117 538 2169; x_wconf 90' lang='lat' dir='ltr'><strong>ab</strong></span> <span class='ocrx_word' id='word_1_273' title='bbox 569 2131 635 2170; x_wconf 93' lang='lat' dir='ltr'><strong>eo</strong></span> <span class='ocrx_word' id='word_1_274' title='bbox 678 2118 910 2173; x_wconf 88' lang='lat' dir='ltr'><strong>subinde</strong></span> <span class='ocrx_word' id='word_1_275' title='bbox 934 2128 1254 2188; x_wconf 87' lang='lat' dir='ltr'><strong>usurpatam</strong></span> <span class='ocrx_word' id='word_1_276' title='bbox 1287 2120 1473 2174; x_wconf 88' lang='lat' dir='ltr'><strong>videas</strong></span> <span class='ocrx_word' id='word_1_277' title='bbox 1507 2119 1640 2192; x_wconf 89' lang='grc'>(25).</span> <span class='ocrx_word' id='word_1_278' title='bbox 1667 2117 1771 2174; x_wconf 83' lang='lat' dir='ltr'><strong>Ve-</strong></span> 
     </span>
    </p>
   </div>
   <div class='ocr_carea' id='block_1_39' title="bbox 177 2205 1765 2280">
    <p class='ocr_par' dir='ltr' id='par_1_39' title="bbox 177 2205 1765 2280">
     <span class='ocr_line' id='line_1_39' title="bbox 177 2205 1765 2280; baseline 0.006 -25"><span class='ocrx_word' id='word_1_279' title='bbox 177 2205 389 2266; x_wconf 58' lang='lat' dir='ltr'><strong>tustior</strong></span> <span class='ocrx_word' id='word_1_280' title='bbox 415 2207 594 2261; x_wconf 88' lang='lat' dir='ltr'><strong>adhuc</strong></span> <span class='ocrx_word' id='word_1_281' title='bbox 626 2205 860 2280; x_wconf 79' lang='lat' dir='ltr'><strong>Origene</strong></span> <span class='ocrx_word' id='word_1_282' title='bbox 898 2210 1149 2266; x_wconf 81' lang='lat' dir='ltr'><strong>Clemens</strong></span> <span class='ocrx_word' id='word_1_283' title='bbox 1175 2211 1579 2267; x_wconf 83' lang='lat' dir='ltr'><strong>Alexandrinus</strong></span> <span class='ocrx_word' id='word_1_284' title='bbox 1602 2211 1714 2279; x_wconf 74' lang='grc'>(24)</span> <span class='ocrx_word' id='word_1_285' title='bbox 1753 2230 1765 2265; x_wconf 94' lang='lat'>:</span> 
     </span>
    </p>
   </div>
   <div class='ocr_carea' id='block_1_40' title="bbox 176 2300 1769 2378">
    <p class='ocr_par' dir='ltr' id='par_1_40' title="bbox 176 2300 1769 2378">
     <span class='ocr_line' id='line_1_40' title="bbox 176 2300 1769 2378; baseline 0.003 -24"><span class='ocrx_word' id='word_1_286' title='bbox 176 2301 307 2354; x_wconf 75' lang='grc' dir='ltr'><strong>Οὐκ</strong></span> <span class='ocrx_word' id='word_1_287' title='bbox 340 2300 514 2364; x_wconf 82' lang='grc' dir='ltr'>ἄλλως</span> <span class='ocrx_word' id='word_1_288' title='bbox 542 2302 716 2372; x_wconf 81' lang='grc' dir='ltr'>ἔγωγε</span> <span class='ocrx_word' id='word_1_289' title='bbox 748 2304 1011 2369; x_wconf 78' lang='grc' dir='ltr'>ἐξακούω,</span> <span class='ocrx_word' id='word_1_290' title='bbox 1042 2306 1074 2376; x_wconf 86' lang='grc' dir='ltr'>ἢ</span> <span class='ocrx_word' id='word_1_291' title='bbox 1110 2306 1210 2376; x_wconf 82' lang='grc' dir='ltr'><strong>τὴν</strong></span> <span class='ocrx_word' id='word_1_292' title='bbox 1239 2306 1399 2374; x_wconf 80' lang='grc' dir='ltr'>ἁγίαν</span> <span class='ocrx_word' id='word_1_293' title='bbox 1431 2306 1636 2378; x_wconf 80' lang='grc' dir='ltr'>Τριάδα</span> <span class='ocrx_word' id='word_1_294' title='bbox 1666 2323 1769 2377; x_wconf 87' lang='grc' dir='ltr'><strong>μη-</strong></span> 
     </span>
    </p>
   </div>
   <div class='ocr_carea' id='block_1_41' title="bbox 174 2392 1768 2468">
    <p class='ocr_par' dir='ltr' id='par_1_41' title="bbox 174 2392 1768 2468">
     <span class='ocr_line' id='line_1_41' title="bbox 174 2392 1768 2468; baseline 0.004 -22"><span class='ocrx_word' id='word_1_295' title='bbox 174 2392 433 2446; x_wconf 76' lang='grc' dir='ltr'>νύεσθαι·</span> <span class='ocrx_word' id='word_1_296' title='bbox 469 2394 651 2466; x_wconf 81' lang='grc' dir='ltr'>τρίτον</span> <span class='ocrx_word' id='word_1_297' title='bbox 685 2395 784 2468; x_wconf 81' lang='grc' dir='ltr'>μὲν</span> <span class='ocrx_word' id='word_1_298' title='bbox 803 2397 911 2468; x_wconf 80' lang='grc' dir='ltr'>γὰρ</span> <span class='ocrx_word' id='word_1_299' title='bbox 942 2394 1100 2461; x_wconf 73' lang='grc' dir='ltr'>εἶναι,</span> <span class='ocrx_word' id='word_1_300' title='bbox 1135 2398 1196 2450; x_wconf 84' lang='grc' dir='ltr'>τὸ</span> <span class='ocrx_word' id='word_1_301' title='bbox 1217 2398 1369 2466; x_wconf 77' lang='grc' dir='ltr'>ἅγιον</span> <span class='ocrx_word' id='word_1_302' title='bbox 1403 2397 1646 2468; x_wconf 64' lang='grc' dir='ltr'>Πνεῦμω</span> <span class='ocrx_word' id='word_1_303' title='bbox 1676 2400 1768 2453; x_wconf 84' lang='grc' dir='ltr'>τὸν</span> 
     </span>
    </p>
   </div>
   <div class='ocr_carea' id='block_1_42' title="bbox 175 2484 1767 2560">
    <p class='ocr_par' dir='ltr' id='par_1_42' title="bbox 175 2484 1767 2560">
     <span class='ocr_line' id='line_1_42' title="bbox 175 2484 1767 2560; baseline 0.002 -22"><span class='ocrx_word' id='word_1_304' title='bbox 175 2485 319 2538; x_wconf 80' lang='grc' dir='ltr'>Υἱδν</span> <span class='ocrx_word' id='word_1_305' title='bbox 346 2486 424 2549; x_wconf 82' lang='grc' dir='ltr'><strong>δὲ,</strong></span> <span class='ocrx_word' id='word_1_306' title='bbox 458 2486 729 2558; x_wconf 82' lang='grc' dir='ltr'>δεύτερον,</span> <span class='ocrx_word' id='word_1_307' title='bbox 763 2489 829 2541; x_wconf 85' lang='grc' dir='ltr'><strong>δι’</strong></span> <span class='ocrx_word' id='word_1_308' title='bbox 859 2484 918 2543; x_wconf 73' lang='grc' dir='ltr'>οὗ</span> <span class='ocrx_word' id='word_1_309' title='bbox 949 2491 1126 2542; x_wconf 84' lang='grc' dir='ltr'>πάντα</span> <span class='ocrx_word' id='word_1_310' title='bbox 1151 2488 1367 2556; x_wconf 76' lang='grc' dir='ltr'>ἐγένετο</span> <span class='ocrx_word' id='word_1_311' title='bbox 1400 2489 1540 2542; x_wconf 83' lang='grc' dir='ltr'>κατὰ</span> <span class='ocrx_word' id='word_1_312' title='bbox 1574 2488 1767 2560; x_wconf 81' lang='grc' dir='ltr'>βούλη-</span> 
     </span>
    </p>
   </div>
   <div class='ocr_carea' id='block_1_43' title="bbox 175 2578 1768 2652">
    <p class='ocr_par' dir='ltr' id='par_1_43' title="bbox 175 2578 1768 2652">
     <span class='ocr_line' id='line_1_43' title="bbox 175 2578 1768 2652; baseline 0.003 -22"><span class='ocrx_word' id='word_1_313' title='bbox 175 2595 275 2630; x_wconf 79' lang='grc' dir='ltr'><strong>σιν</strong></span> <span class='ocrx_word' id='word_1_314' title='bbox 299 2578 396 2632; x_wconf 82' lang='grc' dir='ltr'><strong>τοῦ</strong></span> <span class='ocrx_word' id='word_1_315' title='bbox 418 2579 650 2652; x_wconf 84' lang='grc' dir='ltr'><strong>Πατρός.</strong></span> <span class='ocrx_word' id='word_1_316' title='bbox 677 2580 935 2652; x_wconf 86' lang='lat' dir='ltr'><strong>Equidem</strong></span> <span class='ocrx_word' id='word_1_317' title='bbox 963 2582 1067 2636; x_wconf 89' lang='lat' dir='ltr'><strong>ista</strong></span> <span class='ocrx_word' id='word_1_318' title='bbox 1085 2598 1186 2635; x_wconf 88' lang='lat' dir='ltr'><strong>non</strong></span> <span class='ocrx_word' id='word_1_319' title='bbox 1213 2580 1314 2634; x_wconf 85' lang='lat' dir='ltr'><strong>nisi</strong></span> <span class='ocrx_word' id='word_1_320' title='bbox 1337 2581 1401 2634; x_wconf 89' lang='lat' dir='ltr'><strong>de</strong></span> <span class='ocrx_word' id='word_1_321' title='bbox 1430 2591 1615 2634; x_wconf 89' lang='lat' dir='ltr'><strong>sancta</strong></span> <span class='ocrx_word' id='word_1_322' title='bbox 1649 2579 1768 2634; x_wconf 89' lang='lat' dir='ltr'><strong>Tri-</strong></span> 
     </span>
    </p>
   </div>
   <div class='ocr_carea' id='block_1_44' title="bbox 175 2670 1766 2743">
    <p class='ocr_par' dir='ltr' id='par_1_44' title="bbox 175 2670 1766 2743">
     <span class='ocr_line' id='line_1_44' title="bbox 175 2670 1766 2743; baseline 0.001 -21"><span class='ocrx_word' id='word_1_323' title='bbox 175 2670 361 2723; x_wconf 84' lang='lat' dir='ltr'><strong>nitate</strong></span> <span class='ocrx_word' id='word_1_324' title='bbox 403 2672 607 2740; x_wconf 87' lang='lat' dir='ltr'><strong>accipio</strong></span> <span class='ocrx_word' id='word_1_325' title='bbox 639 2687 656 2724; x_wconf 91' lang='lat'><em>:</em></span> <span class='ocrx_word' id='word_1_326' title='bbox 705 2682 754 2725; x_wconf 84' lang='lat' dir='ltr'><strong>et</strong></span> <span class='ocrx_word' id='word_1_327' title='bbox 789 2674 935 2726; x_wconf 85' lang='lat' dir='ltr'><strong>tertii</strong></span> <span class='ocrx_word' id='word_1_328' title='bbox 979 2675 1191 2743; x_wconf 83' lang='lat' dir='ltr'><strong>quidem</strong></span> <span class='ocrx_word' id='word_1_329' title='bbox 1226 2673 1468 2736; x_wconf 89' lang='lat' dir='ltr'><strong>nomine,</strong></span> <span class='ocrx_word' id='word_1_330' title='bbox 1503 2670 1766 2740; x_wconf 83' lang='lat' dir='ltr'><strong>Spiritum</strong></span> 
     </span>
    </p>
   </div>
   <div class='ocr_carea' id='block_1_45' title="bbox 171 2761 1766 2831">
    <p class='ocr_par' dir='ltr' id='par_1_45' title="bbox 171 2761 1766 2831">
     <span class='ocr_line' id='line_1_45' title="bbox 171 2761 1766 2831; baseline 0.002 -20"><span class='ocrx_word' id='word_1_331' title='bbox 171 2771 460 2824; x_wconf 75' lang='lat' dir='ltr'><strong>sanctum;</strong></span> <span class='ocrx_word' id='word_1_332' title='bbox 489 2762 706 2815; x_wconf 87' lang='lat' dir='ltr'><strong>secundi</strong></span> <span class='ocrx_word' id='word_1_333' title='bbox 734 2778 871 2826; x_wconf 88' lang='lat' dir='ltr'><strong>vero,</strong></span> <span class='ocrx_word' id='word_1_334' title='bbox 902 2761 1104 2814; x_wconf 88' lang='lat' dir='ltr'><strong>Filium</strong></span> <span class='ocrx_word' id='word_1_335' title='bbox 1134 2761 1390 2831; x_wconf 81' lang='lat' dir='ltr'><strong>intelligo,</strong></span> <span class='ocrx_word' id='word_1_336' title='bbox 1419 2778 1509 2830; x_wconf 90' lang='lat' dir='ltr'><strong>per</strong></span> <span class='ocrx_word' id='word_1_337' title='bbox 1530 2777 1682 2830; x_wconf 84' lang='lat' dir='ltr'><strong>quem</strong></span> <span class='ocrx_word' id='word_1_338' title='bbox 1702 2777 1766 2814; x_wconf 80' lang='lat' dir='ltr'><strong>ea:</strong></span> 
     </span>
    </p>
   </div>
   <div class='ocr_carea' id='block_1_46' title="bbox 172 2851 1765 2922">
    <p class='ocr_par' dir='ltr' id='par_1_46' title="bbox 172 2851 1765 2922">
     <span class='ocr_line' id='line_1_46' title="bbox 172 2851 1765 2922; baseline 0.001 -17"><span class='ocrx_word' id='word_1_339' title='bbox 172 2851 371 2906; x_wconf 82' lang='lat' dir='ltr'><strong>Patris</strong></span> <span class='ocrx_word' id='word_1_340' title='bbox 390 2852 657 2907; x_wconf 86' lang='lat' dir='ltr'><strong>voluntate</strong></span> <span class='ocrx_word' id='word_1_341' title='bbox 679 2857 822 2922; x_wconf 77' lang='lat' dir='ltr'><strong>[acta</strong></span> <span class='ocrx_word' id='word_1_342' title='bbox 841 2863 962 2907; x_wconf 86' lang='lat' dir='ltr'><strong>sunt</strong></span> <span class='ocrx_word' id='word_1_343' title='bbox 982 2855 1179 2906; x_wconf 84' lang='lat' dir='ltr'><strong>omnia.</strong></span> <span class='ocrx_word' id='word_1_344' title='bbox 1203 2853 1600 2907; x_wconf 88' lang='lat' dir='ltr'><strong>Clementinum</strong></span> <span class='ocrx_word' id='word_1_345' title='bbox 1619 2853 1765 2907; x_wconf 90' lang='lat' dir='ltr'><strong>hunc</strong></span> 
     </span>
    </p>
   </div>
   <div class='ocr_carea' id='block_1_47' title="bbox 173 2942 1764 3015">
    <p class='ocr_par' dir='ltr' id='par_1_47' title="bbox 173 2942 1764 3015">
     <span class='ocr_line' id='line_1_47' title="bbox 173 2942 1764 3015; baseline 0.002 -19"><span class='ocrx_word' id='word_1_346' title='bbox 173 2942 370 2997; x_wconf 88' lang='lat' dir='ltr'><strong>locum</strong></span> <span class='ocrx_word' id='word_1_347' title='bbox 412 2945 705 3014; x_wconf 85' lang='lat' dir='ltr'><strong>exscripsit</strong></span> <span class='ocrx_word' id='word_1_348' title='bbox 746 2946 873 3000; x_wconf 86' lang='lat' dir='ltr'><strong>item</strong></span> <span class='ocrx_word' id='word_1_349' title='bbox 914 2944 1187 2999; x_wconf 87' lang='lat' dir='ltr'><strong>Eusebius</strong></span> <span class='ocrx_word' id='word_1_350' title='bbox 1215 2944 1351 3015; x_wconf 82' lang='grc'>(25).</span> <span class='ocrx_word' id='word_1_351' title='bbox 1396 2943 1492 2999; x_wconf 82' lang='lat' dir='ltr'><strong>llis</strong></span> <span class='ocrx_word' id='word_1_352' title='bbox 1526 2944 1764 3014; x_wconf 90' lang='lat' dir='ltr'><strong>denique</strong></span> 
     </span>
    </p>
   </div>
   <div class='ocr_carea' id='block_1_48' title="bbox 169 3035 1760 3108">
    <p class='ocr_par' dir='ltr' id='par_1_48' title="bbox 169 3035 1760 3108">
     <span class='ocr_line' id='line_1_48' title="bbox 169 3035 1760 3108; baseline -0.001 -19"><span class='ocrx_word' id='word_1_353' title='bbox 169 3037 411 3090; x_wconf 83' lang='lat' dir='ltr'><strong>accedat</strong></span> <span class='ocrx_word' id='word_1_354' title='bbox 442 3035 781 3107; x_wconf 87' lang='lat' dir='ltr'><strong>Theophilus</strong></span> <span class='ocrx_word' id='word_1_355' title='bbox 801 3038 1198 3103; x_wconf 86' lang='lat' dir='ltr'><strong>Antiochenus,</strong></span> <span class='ocrx_word' id='word_1_356' title='bbox 1227 3038 1318 3108; x_wconf 92' lang='lat' dir='ltr'><strong>qui</strong></span> <span class='ocrx_word' id='word_1_357' title='bbox 1348 3045 1576 3092; x_wconf 54' lang='lat' dir='ltr'><strong>ca‘teros</strong></span> <span class='ocrx_word' id='word_1_358' title='bbox 1604 3045 1760 3090; x_wconf 62' lang='lat' dir='ltr'><strong>aetate</strong></span> 
     </span>
    </p>
   </div>
   <div class='ocr_carea' id='block_1_49' title="bbox 172 3126 1759 3202">
    <p class='ocr_par' dir='ltr' id='par_1_49' title="bbox 172 3126 1759 3202">
     <span class='ocr_line' id='line_1_49' title="bbox 172 3126 1759 3202; baseline -0.001 -22"><span class='ocrx_word' id='word_1_359' title='bbox 172 3128 358 3184; x_wconf 79' lang='lat' dir='ltr'><strong>anteit</strong></span> <span class='ocrx_word' id='word_1_360' title='bbox 384 3129 498 3198; x_wconf 85' lang='grc'>(26)</span> <span class='ocrx_word' id='word_1_361' title='bbox 533 3146 545 3181; x_wconf 90' lang='lat'><strong>:</strong></span> <span class='ocrx_word' id='word_1_362' title='bbox 590 3129 862 3194; x_wconf 82' lang='grc' dir='ltr'><strong>Ὡσαύτως</strong></span> <span class='ocrx_word' id='word_1_363' title='bbox 879 3131 973 3182; x_wconf 70' lang='grc' dir='ltr'>καὶ</span> <span class='ocrx_word' id='word_1_364' title='bbox 1002 3130 1057 3182; x_wconf 83' lang='grc' dir='ltr'>αἱ</span> <span class='ocrx_word' id='word_1_365' title='bbox 1075 3132 1222 3202; x_wconf 78' lang='grc' dir='ltr'>τρεῖς</span> <span class='ocrx_word' id='word_1_366' title='bbox 1241 3129 1446 3200; x_wconf 78' lang='grc' dir='ltr'>ἡμέραι</span> <span class='ocrx_word' id='word_1_367' title='bbox 1468 3127 1623 3200; x_wconf 82' lang='grc' dir='ltr'>[πρὸ]</span> <span class='ocrx_word' id='word_1_368' title='bbox 1650 3126 1759 3180; x_wconf 83' lang='grc' dir='ltr'>τῶν</span> 
     </span>
    </p>
   </div>
   <div class='ocr_carea' id='block_1_50' title="bbox 171 3221 1761 3297">
    <p class='ocr_par' dir='ltr' id='par_1_50' title="bbox 171 3221 1761 3297">
     <span class='ocr_line' id='line_1_50' title="bbox 171 3221 1761 3297; baseline -0.003 -20"><span class='ocrx_word' id='word_1_369' title='bbox 171 3227 490 3297; x_wconf 61' lang='grc' dir='ltr'>(εωστήρων</span> <span class='ocrx_word' id='word_1_370' title='bbox 533 3225 827 3290; x_wconf 87' lang='grc' dir='ltr'>γεγονυῖαι,</span> <span class='ocrx_word' id='word_1_371' title='bbox 875 3222 1036 3276; x_wconf 78' lang='grc' dir='ltr'>τύποι</span> <span class='ocrx_word' id='word_1_372' title='bbox 1073 3224 1208 3276; x_wconf 76' lang='grc' dir='ltr'>εἰσὶν</span> <span class='ocrx_word' id='word_1_373' title='bbox 1247 3222 1346 3291; x_wconf 84' lang='grc' dir='ltr'><strong>τῆς</strong></span> <span class='ocrx_word' id='word_1_374' title='bbox 1379 3221 1623 3294; x_wconf 85' lang='grc' dir='ltr'><strong>Τριάδος,</strong></span> <span class='ocrx_word' id='word_1_375' title='bbox 1668 3221 1761 3273; x_wconf 81' lang='grc' dir='ltr'><strong>τοῦ</strong></span> 
     </span>
    </p>
   </div>
   <div class='ocr_carea' id='block_1_51' title="bbox 170 3311 1757 3385">
    <p class='ocr_par' dir='ltr' id='par_1_51' title="bbox 170 3311 1757 3385">
     <span class='ocr_line' id='line_1_51' title="bbox 170 3311 1757 3385; baseline 0 -19"><span class='ocrx_word' id='word_1_376' title='bbox 170 3311 340 3376; x_wconf 77' lang='grc' dir='ltr'>Θεοῦ,</span> <span class='ocrx_word' id='word_1_377' title='bbox 374 3312 469 3365; x_wconf 76' lang='grc' dir='ltr'>καὶ</span> <span class='ocrx_word' id='word_1_378' title='bbox 511 3313 605 3366; x_wconf 76' lang='grc' dir='ltr'><strong>τοῦ</strong></span> <span class='ocrx_word' id='word_1_379' title='bbox 646 3314 818 3383; x_wconf 89' lang='grc' dir='ltr'>Λόγου</span> <span class='ocrx_word' id='word_1_380' title='bbox 850 3314 1033 3380; x_wconf 73' lang='grc' dir='ltr'>αὑτοῦ,</span> <span class='ocrx_word' id='word_1_381' title='bbox 1075 3317 1167 3368; x_wconf 74' lang='grc' dir='ltr'>καὶ</span> <span class='ocrx_word' id='word_1_382' title='bbox 1206 3315 1306 3385; x_wconf 81' lang='grc' dir='ltr'><strong>τῆς</strong></span> <span class='ocrx_word' id='word_1_383' title='bbox 1343 3315 1541 3383; x_wconf 74' lang='grc' dir='ltr'>Σοφίας</span> <span class='ocrx_word' id='word_1_384' title='bbox 1573 3313 1757 3366; x_wconf 77' lang='grc' dir='ltr'>αὐτοῦ.</span> 
     </span>
    </p>
   </div>
   <div class='ocr_carea' id='block_1_52' title="bbox 171 3402 1756 3478">
    <p class='ocr_par' dir='ltr' id='par_1_52' title="bbox 171 3402 1756 3478">
     <span class='ocr_line' id='line_1_52' title="bbox 171 3402 1756 3478; baseline 0.001 -20"><span class='ocrx_word' id='word_1_385' title='bbox 171 3402 450 3463; x_wconf 70' lang='lat' dir='ltr'><strong>Similiter</strong></span> <span class='ocrx_word' id='word_1_386' title='bbox 477 3416 578 3460; x_wconf 83' lang='lat' dir='ltr'><strong>tres</strong></span> <span class='ocrx_word' id='word_1_387' title='bbox 613 3407 695 3460; x_wconf 85' lang='lat' dir='ltr'><strong>illi</strong></span> <span class='ocrx_word' id='word_1_388' title='bbox 741 3409 851 3461; x_wconf 85' lang='lat' dir='ltr'><strong>dies</strong></span> <span class='ocrx_word' id='word_1_389' title='bbox 883 3409 972 3478; x_wconf 85' lang='lat' dir='ltr'><strong>qui</strong></span> <span class='ocrx_word' id='word_1_390' title='bbox 1010 3418 1133 3462; x_wconf 88' lang='lat' dir='ltr'><strong>ante</strong></span> <span class='ocrx_word' id='word_1_391' title='bbox 1160 3409 1450 3461; x_wconf 83' lang='lat' dir='ltr'><strong>luminaria</strong></span> <span class='ocrx_word' id='word_1_392' title='bbox 1504 3408 1718 3477; x_wconf 76' lang='lat' dir='ltr'><strong>fuerunt</strong></span> <span class='ocrx_word' id='word_1_393' title='bbox 1742 3449 1756 3472; x_wconf 93' lang='lat'><strong>,</strong></span> 
     </span>
    </p>
   </div>
   <div class='ocr_carea' id='block_1_53' title="bbox 170 3497 1758 3570">
    <p class='ocr_par' dir='ltr' id='par_1_53' title="bbox 170 3497 1758 3570">
     <span class='ocr_line' id='line_1_53' title="bbox 170 3497 1758 3570; baseline 0.003 -22"><span class='ocrx_word' id='word_1_394' title='bbox 170 3498 360 3566; x_wconf 86' lang='lat' dir='ltr'><strong>imago</strong></span> <span class='ocrx_word' id='word_1_395' title='bbox 380 3506 502 3553; x_wconf 71' lang='lat' dir='ltr'><strong>sunt</strong></span> <span class='ocrx_word' id='word_1_396' title='bbox 537 3497 848 3564; x_wconf 83' lang='lat' dir='ltr'><strong>Trinitatis;</strong></span> <span class='ocrx_word' id='word_1_397' title='bbox 883 3501 1014 3567; x_wconf 89' lang='lat' dir='ltr'><strong>Dei,</strong></span> <span class='ocrx_word' id='word_1_398' title='bbox 1045 3501 1159 3570; x_wconf 89' lang='lat' dir='ltr'><strong>ejus</strong></span> <span class='ocrx_word' id='word_1_399' title='bbox 1199 3500 1370 3564; x_wconf 82' lang='lat' dir='ltr'><strong>Verbi,</strong></span> <span class='ocrx_word' id='word_1_400' title='bbox 1402 3500 1615 3569; x_wconf 85' lang='lat' dir='ltr'><strong>ejusque</strong></span> <span class='ocrx_word' id='word_1_401' title='bbox 1654 3499 1758 3553; x_wconf 90' lang='lat' dir='ltr'><strong>Sa-</strong></span> 
     </span>
    </p>
   </div>
   <div class='ocr_carea' id='block_1_54' title="bbox 170 3589 826 3659">
    <p class='ocr_par' dir='ltr' id='par_1_54' title="bbox 170 3589 826 3659">
     <span class='ocr_line' id='line_1_54' title="bbox 170 3589 826 3659; baseline -0.006 -13"><span class='ocrx_word' id='word_1_402' title='bbox 170 3589 418 3659; x_wconf 70' lang='lat' dir='ltr'><strong>pientiae.</strong></span> <span class='ocrx_word' id='word_1_403' title='bbox 819 3597 826 3604; x_wconf 87' lang='lat'>&#39;</span> 
     </span>
    </p>
   </div>
   <div class='ocr_carea' id='block_1_55' title="bbox 253 3679 1756 3755">
    <p class='ocr_par' dir='ltr' id='par_1_55' title="bbox 253 3679 1756 3755">
     <span class='ocr_line' id='line_1_55' title="bbox 253 3679 1756 3755; baseline 0.006 -24"><span class='ocrx_word' id='word_1_404' title='bbox 253 3679 396 3746; x_wconf 87' lang='lat' dir='ltr'><strong>Quid</strong></span> <span class='ocrx_word' id='word_1_405' title='bbox 426 3697 556 3736; x_wconf 87' lang='lat' dir='ltr'><strong>vero</strong></span> <span class='ocrx_word' id='word_1_406' title='bbox 585 3682 836 3752; x_wconf 89' lang='lat' dir='ltr'><strong>prohibet</strong></span> <span class='ocrx_word' id='word_1_407' title='bbox 855 3685 984 3754; x_wconf 89' lang='lat' dir='ltr'><strong>quin</strong></span> <span class='ocrx_word' id='word_1_408' title='bbox 1012 3683 1267 3740; x_wconf 74' lang='lat' dir='ltr'><strong>Ecclesia:</strong></span> <span class='ocrx_word' id='word_1_409' title='bbox 1294 3684 1492 3739; x_wconf 73' lang='lat' dir='ltr'><strong>Crzeca:</strong></span> <span class='ocrx_word' id='word_1_410' title='bbox 1523 3686 1756 3755; x_wconf 70' lang='lat' dir='ltr'><strong>scripto—</strong></span> 
     </span>
    </p>
   </div>
   <div class='ocr_carea' id='block_1_56' title="bbox 171 3772 1755 3840">
    <p class='ocr_par' dir='ltr' id='par_1_56' title="bbox 171 3772 1755 3840">
     <span class='ocr_line' id='line_1_56' title="bbox 171 3772 1755 3840; baseline 0.003 -16"><span class='ocrx_word' id='word_1_411' title='bbox 171 3772 338 3827; x_wconf 85' lang='lat' dir='ltr'><strong>ribus</strong></span> <span class='ocrx_word' id='word_1_412' title='bbox 387 3773 651 3828; x_wconf 79' lang='lat' dir='ltr'><strong>hactenus</strong></span> <span class='ocrx_word' id='word_1_413' title='bbox 698 3776 1013 3840; x_wconf 89' lang='lat' dir='ltr'><strong>recensitis,</strong></span> <span class='ocrx_word' id='word_1_414' title='bbox 1053 3776 1193 3830; x_wconf 86' lang='lat' dir='ltr'><strong>duos</strong></span> <span class='ocrx_word' id='word_1_415' title='bbox 1232 3776 1394 3829; x_wconf 91' lang='lat' dir='ltr'><strong>etiam</strong></span> <span class='ocrx_word' id='word_1_416' title='bbox 1435 3775 1755 3830; x_wconf 90' lang='lat' dir='ltr'><strong>Latinorum</strong></span> 
     </span>
    </p>
   </div>
   <div class='ocr_carea' id='block_1_57' title="bbox 171 3861 1757 3938">
    <p class='ocr_par' dir='ltr' id='par_1_57' title="bbox 171 3861 1757 3938">
     <span class='ocr_line' id='line_1_57' title="bbox 171 3861 1757 3938; baseline 0.003 -22"><span class='ocrx_word' id='word_1_417' title='bbox 171 3861 409 3919; x_wconf 83' lang='lat' dir='ltr'><strong>Patrum</strong></span> <span class='ocrx_word' id='word_1_418' title='bbox 461 3867 867 3922; x_wconf 88' lang='lat' dir='ltr'><strong>vetustissimos</strong></span> <span class='ocrx_word' id='word_1_419' title='bbox 917 3868 1332 3938; x_wconf 84' lang='lat' dir='ltr'><strong>atljungamtts?</strong></span> <span class='ocrx_word' id='word_1_420' title='bbox 1385 3866 1757 3924; x_wconf 87' lang='lat' dir='ltr'><strong>Tertullianus</strong></span> 
     </span>
    </p>
   </div>
   <div class='ocr_carea' id='block_1_58' title="bbox 171 3954 1758 4028">
    <p class='ocr_par' dir='ltr' id='par_1_58' title="bbox 171 3954 1758 4028">
     <span class='ocr_line' id='line_1_58' title="bbox 171 3954 1758 4028; baseline 0.004 -21"><span class='ocrx_word' id='word_1_421' title='bbox 171 3954 294 4024; x_wconf 82' lang='grc'>(27)</span> <span class='ocrx_word' id='word_1_422' title='bbox 324 3970 338 4006; x_wconf 89' lang='lat'><strong>:</strong></span> <span class='ocrx_word' id='word_1_423' title='bbox 372 3974 391 4007; x_wconf 72' lang='grc' dir='ltr'><strong>ι</strong></span> <span class='ocrx_word' id='word_1_424' title='bbox 429 3957 786 4012; x_wconf 87' lang='lat' dir='ltr'><strong>Custodiatur</strong></span> <span class='ocrx_word' id='word_1_425' title='bbox 825 3961 1144 4014; x_wconf 71' lang='lat' dir='ltr'><strong>teconomite</strong></span> <span class='ocrx_word' id='word_1_426' title='bbox 1183 3968 1607 4025; x_wconf 88' lang='lat' dir='ltr'><strong>sacramentum,</strong></span> <span class='ocrx_word' id='word_1_427' title='bbox 1636 3973 1758 4028; x_wconf 68' lang='lat' dir='ltr'><strong>qua:</strong></span> 
     </span>
    </p>
   </div>
   <div class='ocr_carea' id='block_1_59' title="bbox 171 4049 1758 4121">
    <p class='ocr_par' dir='ltr' id='par_1_59' title="bbox 171 4049 1758 4121">
     <span class='ocr_line' id='line_1_59' title="bbox 171 4049 1758 4121; baseline 0.002 -18"><span class='ocrx_word' id='word_1_428' title='bbox 171 4049 445 4104; x_wconf 82' lang='lat' dir='ltr'><strong>unitatem</strong></span> <span class='ocrx_word' id='word_1_429' title='bbox 474 4051 528 4104; x_wconf 93' lang='lat' dir='ltr'><strong>in</strong></span> <span class='ocrx_word' id='word_1_430' title='bbox 559 4049 880 4106; x_wconf 87' lang='lat' dir='ltr'><strong>Trinitatem</strong></span> <span class='ocrx_word' id='word_1_431' title='bbox 913 4051 1174 4120; x_wconf 90' lang='lat' dir='ltr'><strong>disponit,</strong></span> <span class='ocrx_word' id='word_1_432' title='bbox 1208 4060 1319 4106; x_wconf 91' lang='lat' dir='ltr'><strong>tres</strong></span> <span class='ocrx_word' id='word_1_433' title='bbox 1346 4051 1606 4121; x_wconf 84' lang='lat' dir='ltr'><strong>dirigens,</strong></span> <span class='ocrx_word' id='word_1_434' title='bbox 1653 4049 1758 4106; x_wconf 88' lang='lat' dir='ltr'><strong>Pa-</strong></span> 
     </span>
    </p>
   </div>
   <div class='ocr_carea' id='block_1_60' title="bbox 169 4139 1758 4210">
    <p class='ocr_par' dir='ltr' id='par_1_60' title="bbox 169 4139 1758 4210">
     <span class='ocr_line' id='line_1_60' title="bbox 169 4139 1758 4210; baseline 0.003 -18"><span class='ocrx_word' id='word_1_435' title='bbox 169 4147 318 4200; x_wconf 78' lang='lat' dir='ltr'><strong>trem</strong></span> <span class='ocrx_word' id='word_1_436' title='bbox 347 4150 402 4194; x_wconf 90' lang='lat' dir='ltr'><strong>et</strong></span> <span class='ocrx_word' id='word_1_437' title='bbox 428 4139 625 4194; x_wconf 88' lang='lat' dir='ltr'><strong>Filium</strong></span> <span class='ocrx_word' id='word_1_438' title='bbox 648 4151 702 4194; x_wconf 90' lang='lat' dir='ltr'><strong>et</strong></span> <span class='ocrx_word' id='word_1_439' title='bbox 733 4139 992 4210; x_wconf 89' lang='lat' dir='ltr'><strong>Spiritum</strong></span> <span class='ocrx_word' id='word_1_440' title='bbox 1026 4151 1346 4196; x_wconf 88' lang='lat' dir='ltr'><strong>sanctum...</strong></span> <span class='ocrx_word' id='word_1_441' title='bbox 1380 4139 1677 4196; x_wconf 90' lang='lat' dir='ltr'><strong>Numerum</strong></span> <span class='ocrx_word' id='word_1_442' title='bbox 1703 4150 1758 4196; x_wconf 90' lang='lat' dir='ltr'><strong>et</strong></span> 
     </span>
    </p>
   </div>
   <div class='ocr_carea' id='block_1_61' title="bbox 169 4231 1757 4301">
    <p class='ocr_par' dir='ltr' id='par_1_61' title="bbox 169 4231 1757 4301">
     <span class='ocr_line' id='line_1_61' title="bbox 169 4231 1757 4301; baseline 0.001 -16"><span class='ocrx_word' id='word_1_443' title='bbox 169 4231 590 4301; x_wconf 85' lang='lat' dir='ltr'><strong>dispositionem</strong></span> <span class='ocrx_word' id='word_1_444' title='bbox 661 4232 976 4297; x_wconf 83' lang='lat' dir='ltr'><strong>Trinitatis,</strong></span> <span class='ocrx_word' id='word_1_445' title='bbox 1037 4233 1360 4288; x_wconf 89' lang='lat' dir='ltr'><strong>divisionem</strong></span> <span class='ocrx_word' id='word_1_446' title='bbox 1415 4239 1757 4301; x_wconf 63' lang='lat' dir='ltr'><strong>prtesumunt</strong></span> 
     </span>
    </p>
   </div>
   <div class='ocr_carea' id='block_1_62' title="bbox 169 4321 1752 4392">
    <p class='ocr_par' dir='ltr' id='par_1_62' title="bbox 169 4321 1752 4392">
     <span class='ocr_line' id='line_1_62' title="bbox 169 4321 1752 4392; baseline 0.001 -19"><span class='ocrx_word' id='word_1_447' title='bbox 169 4321 408 4380; x_wconf 78' lang='lat' dir='ltr'><strong>unitatis</strong></span> <span class='ocrx_word' id='word_1_448' title='bbox 453 4342 464 4376; x_wconf 89' lang='lat'>:</span> <span class='ocrx_word' id='word_1_449' title='bbox 508 4321 730 4392; x_wconf 87' lang='lat' dir='ltr'><strong>quando</strong></span> <span class='ocrx_word' id='word_1_450' title='bbox 755 4321 935 4376; x_wconf 90' lang='lat' dir='ltr'><strong>unitas</strong></span> <span class='ocrx_word' id='word_1_451' title='bbox 961 4338 1027 4376; x_wconf 82' lang='lat' dir='ltr'><strong>ex</strong></span> <span class='ocrx_word' id='word_1_452' title='bbox 1049 4323 1336 4392; x_wconf 88' lang='lat' dir='ltr'><strong>semetipsa</strong></span> <span class='ocrx_word' id='word_1_453' title='bbox 1360 4323 1614 4377; x_wconf 89' lang='lat' dir='ltr'><strong>derivans</strong></span> <span class='ocrx_word' id='word_1_454' title='bbox 1631 4322 1718 4375; x_wconf 87' lang='lat' dir='ltr'><strong>&#39;l‘ri</strong></span> <span class='ocrx_word' id='word_1_455' title='bbox 1739 4352 1752 4363; x_wconf 71' lang='grc' dir='ltr'><strong>ε</strong></span> 
     </span>
    </p>
   </div>
   <div class='ocr_carea' id='block_1_63' title="bbox 1875 1849 3388 1921">
    <p class='ocr_par' dir='ltr' id='par_1_63' title="bbox 1875 1849 3388 1921">
     <span class='ocr_line' id='line_1_63' title="bbox 1875 1849 3388 1921; baseline -0.003 -16"><span class='ocrx_word' id='word_1_456' title='bbox 1875 1851 1941 1905; x_wconf 82' lang='lat' dir='ltr'><strong>ad</strong></span> <span class='ocrx_word' id='word_1_457' title='bbox 1970 1852 2331 1921; x_wconf 88' lang='lat' dir='ltr'><strong>antiquiorem</strong></span> <span class='ocrx_word' id='word_1_458' title='bbox 2365 1850 2608 1920; x_wconf 85' lang='lat' dir='ltr'><strong>ejusdem</strong></span> <span class='ocrx_word' id='word_1_459' title='bbox 2642 1850 2790 1902; x_wconf 80' lang='lat' dir='ltr'><strong>vocis</strong></span> <span class='ocrx_word' id='word_1_460' title='bbox 2823 1865 2981 1903; x_wconf 88' lang='lat' dir='ltr'><strong>usum</strong></span> <span class='ocrx_word' id='word_1_461' title='bbox 3009 1849 3388 1906; x_wconf 86' lang='lat' dir='ltr'><strong>asserendum.</strong></span> 
     </span>
    </p>
   </div>
   <div class='ocr_carea' id='block_1_64' title="bbox 1950 1939 3462 2011">
    <p class='ocr_par' dir='ltr' id='par_1_64' title="bbox 1950 1939 3462 2011">
     <span class='ocr_line' id='line_1_64' title="bbox 1950 1939 3462 2011; baseline -0.001 -17"><span class='ocrx_word' id='word_1_462' title='bbox 1950 1939 2034 1995; x_wconf 81' lang='lat' dir='ltr'><strong>Vl.</strong></span> <span class='ocrx_word' id='word_1_463' title='bbox 2089 1940 2209 1995; x_wconf 86' lang='lat' dir='ltr'><strong>Jam</strong></span> <span class='ocrx_word' id='word_1_464' title='bbox 2283 1957 2411 1994; x_wconf 87' lang='lat' dir='ltr'><strong>vero</strong></span> <span class='ocrx_word' id='word_1_465' title='bbox 2485 1941 2549 1994; x_wconf 87' lang='lat' dir='ltr'><strong>ad</strong></span> <span class='ocrx_word' id='word_1_466' title='bbox 2605 1941 2776 1996; x_wconf 83' lang='lat' dir='ltr'><strong>Graeci</strong></span> <span class='ocrx_word' id='word_1_467' title='bbox 2835 1949 3014 1995; x_wconf 76' lang='lat' dir='ltr'><strong>textus</strong></span> <span class='ocrx_word' id='word_1_468' title='bbox 3081 1941 3462 2011; x_wconf 37' lang='lat' dir='ltr'><strong>integritatem,</strong></span> 
     </span>
    </p>
   </div>
   <div class='ocr_carea' id='block_1_65' title="bbox 1873 2030 3447 2102">
    <p class='ocr_par' dir='ltr' id='par_1_65' title="bbox 1873 2030 3447 2102">
     <span class='ocr_line' id='line_1_65' title="bbox 1873 2030 3447 2102; baseline -0.003 -15"><span class='ocrx_word' id='word_1_469' title='bbox 1873 2033 2246 2096; x_wconf 89' lang='lat' dir='ltr'><strong>astruendam,</strong></span> <span class='ocrx_word' id='word_1_470' title='bbox 2279 2031 2411 2086; x_wconf 90' lang='lat' dir='ltr'><strong>illud</strong></span> <span class='ocrx_word' id='word_1_471' title='bbox 2437 2047 2653 2102; x_wconf 86' lang='lat' dir='ltr'><strong>quoque</strong></span> <span class='ocrx_word' id='word_1_472' title='bbox 2693 2030 3014 2098; x_wconf 82' lang='lat' dir='ltr'><strong>objectionis</strong></span> <span class='ocrx_word' id='word_1_473' title='bbox 3045 2046 3216 2100; x_wconf 85' lang='lat' dir='ltr'><strong>genus</strong></span> <span class='ocrx_word' id='word_1_474' title='bbox 3243 2046 3447 2100; x_wconf 79' lang='lat' dir='ltr'><strong>expen-</strong></span> 
     </span>
    </p>
   </div>
   <div class='ocr_carea' id='block_1_66' title="bbox 1871 2121 3444 2194">
    <p class='ocr_par' dir='ltr' id='par_1_66' title="bbox 1871 2121 3444 2194">
     <span class='ocr_line' id='line_1_66' title="bbox 1871 2121 3444 2194; baseline 0 -14"><span class='ocrx_word' id='word_1_475' title='bbox 1871 2127 1998 2181; x_wconf 89' lang='lat' dir='ltr'><strong>dere</strong></span> <span class='ocrx_word' id='word_1_476' title='bbox 2029 2127 2254 2193; x_wconf 88' lang='lat' dir='ltr'><strong>interest</strong></span> <span class='ocrx_word' id='word_1_477' title='bbox 2291 2125 2436 2194; x_wconf 89' lang='lat' dir='ltr'><strong>quod</strong></span> <span class='ocrx_word' id='word_1_478' title='bbox 2475 2141 2540 2178; x_wconf 84' lang='lat' dir='ltr'><strong>ex</strong></span> <span class='ocrx_word' id='word_1_479' title='bbox 2575 2123 2752 2178; x_wconf 87' lang='lat' dir='ltr'><strong>verbis</strong></span> <span class='ocrx_word' id='word_1_480' title='bbox 2791 2123 2894 2176; x_wconf 91' lang='lat' dir='ltr'><strong>sub</strong></span> <span class='ocrx_word' id='word_1_481' title='bbox 2932 2123 3146 2176; x_wconf 88' lang='lat' dir='ltr'><strong>initium</strong></span> <span class='ocrx_word' id='word_1_482' title='bbox 3190 2121 3444 2192; x_wconf 58' lang='lat' dir='ltr'><strong>Epistolas</strong></span> 
     </span>
    </p>
   </div>
   <div class='ocr_carea' id='block_1_67' title="bbox 1871 2214 3459 2287">
    <p class='ocr_par' dir='ltr' id='par_1_67' title="bbox 1871 2214 3459 2287">
     <span class='ocr_line' id='line_1_67' title="bbox 1871 2214 3459 2287; baseline -0.004 -15"><span class='ocrx_word' id='word_1_483' title='bbox 1871 2218 2180 2272; x_wconf 87' lang='lat' dir='ltr'><strong>constitutis</strong></span> <span class='ocrx_word' id='word_1_484' title='bbox 2213 2218 2494 2287; x_wconf 89' lang='lat' dir='ltr'><strong>repetitur,</strong></span> <span class='ocrx_word' id='word_1_485' title='bbox 2533 2225 2696 2286; x_wconf 91' lang='lat' dir='ltr'><strong>prout</strong></span> <span class='ocrx_word' id='word_1_486' title='bbox 2727 2224 2948 2270; x_wconf 81' lang='lat' dir='ltr'><strong>exstant</strong></span> <span class='ocrx_word' id='word_1_487' title='bbox 2985 2216 3040 2268; x_wconf 92' lang='lat' dir='ltr'><strong>in</strong></span> <span class='ocrx_word' id='word_1_488' title='bbox 3073 2216 3324 2269; x_wconf 83' lang='lat' dir='ltr'><strong>versione</strong></span> <span class='ocrx_word' id='word_1_489' title='bbox 3347 2214 3459 2268; x_wconf 58' lang='lat' dir='ltr'><strong>Li--</strong></span> 
     </span>
    </p>
   </div>
   <div class='ocr_carea' id='block_1_68' title="bbox 1869 2302 3443 2377">
    <p class='ocr_par' dir='ltr' id='par_1_68' title="bbox 1869 2302 3443 2377">
     <span class='ocr_line' id='line_1_68' title="bbox 1869 2302 3443 2377; baseline -0.003 -16"><span class='ocrx_word' id='word_1_490' title='bbox 1869 2308 2196 2377; x_wconf 90' lang='lat' dir='ltr'><strong>pomaniana</strong></span> <span class='ocrx_word' id='word_1_491' title='bbox 2219 2323 2340 2376; x_wconf 68' lang='lat' dir='ltr'><strong>qua:</strong></span> <span class='ocrx_word' id='word_1_492' title='bbox 2379 2306 2467 2360; x_wconf 88' lang='lat' dir='ltr'><strong>hic</strong></span> <span class='ocrx_word' id='word_1_493' title='bbox 2496 2305 2806 2371; x_wconf 79' lang='lat' dir='ltr'><strong>exhibetur,</strong></span> <span class='ocrx_word' id='word_1_494' title='bbox 2846 2303 2937 2358; x_wconf 82' lang='lat' dir='ltr'><strong>tibi</strong></span> <span class='ocrx_word' id='word_1_495' title='bbox 2977 2302 3045 2357; x_wconf 88' lang='lat' dir='ltr'><strong>de</strong></span> <span class='ocrx_word' id='word_1_496' title='bbox 3072 2304 3244 2358; x_wconf 86' lang='lat' dir='ltr'><strong>sancti</strong></span> <span class='ocrx_word' id='word_1_497' title='bbox 3274 2302 3443 2374; x_wconf 89' lang='lat' dir='ltr'><strong>Spiri-</strong></span> 
     </span>
    </p>
   </div>
   <div class='ocr_carea' id='block_1_69' title="bbox 1871 2394 3444 2466">
    <p class='ocr_par' dir='ltr' id='par_1_69' title="bbox 1871 2394 3444 2466">
     <span class='ocr_line' id='line_1_69' title="bbox 1871 2394 3444 2466; baseline -0.002 -14"><span class='ocrx_word' id='word_1_498' title='bbox 1871 2409 1958 2452; x_wconf 93' lang='lat' dir='ltr'><strong>tus</strong></span> <span class='ocrx_word' id='word_1_499' title='bbox 1982 2397 2330 2466; x_wconf 87' lang='lat' dir='ltr'><strong>processione</strong></span> <span class='ocrx_word' id='word_1_500' title='bbox 2366 2395 2639 2466; x_wconf 84' lang='lat' dir='ltr'><strong>professio</strong></span> <span class='ocrx_word' id='word_1_501' title='bbox 2677 2395 3013 2452; x_wconf 91' lang='lat' dir='ltr'><strong>enuntiatur.</strong></span> <span class='ocrx_word' id='word_1_502' title='bbox 3045 2394 3248 2449; x_wconf 88' lang='lat' dir='ltr'><strong>Locum</strong></span> <span class='ocrx_word' id='word_1_503' title='bbox 3280 2410 3444 2464; x_wconf 74' lang='lat' dir='ltr'><strong>supe-</strong></span> 
     </span>
    </p>
   </div>
   <div class='ocr_carea' id='block_1_70' title="bbox 1867 2485 3460 2559">
    <p class='ocr_par' dir='ltr' id='par_1_70' title="bbox 1867 2485 3460 2559">
     <span class='ocr_line' id='line_1_70' title="bbox 1867 2485 3460 2559; baseline -0.005 -15"><span class='ocrx_word' id='word_1_504' title='bbox 1867 2489 2031 2559; x_wconf 82' lang='lat' dir='ltr'><strong>rius§</strong></span> <span class='ocrx_word' id='word_1_505' title='bbox 2059 2489 2094 2542; x_wconf 92' lang='grc'><strong>2</strong></span> <span class='ocrx_word' id='word_1_506' title='bbox 2125 2490 2473 2559; x_wconf 84' lang='lat' dir='ltr'><strong>protulimus.</strong></span> <span class='ocrx_word' id='word_1_507' title='bbox 2500 2487 2728 2558; x_wconf 84' lang='lat' dir='ltr'><strong>Magnus</strong></span> <span class='ocrx_word' id='word_1_508' title='bbox 2743 2487 2960 2556; x_wconf 90' lang='lat' dir='ltr'><strong>quidem</strong></span> <span class='ocrx_word' id='word_1_509' title='bbox 2985 2486 3254 2540; x_wconf 89' lang='lat' dir='ltr'><strong>Baronius</strong></span> <span class='ocrx_word' id='word_1_510' title='bbox 3274 2485 3460 2540; x_wconf 64' lang='lat' dir='ltr'><strong>baud-.</strong></span> 
     </span>
    </p>
   </div>
   <div class='ocr_carea' id='block_1_71' title="bbox 1867 2577 3460 2652">
    <p class='ocr_par' dir='ltr' id='par_1_71' title="bbox 1867 2577 3460 2652">
     <span class='ocr_line' id='line_1_71' title="bbox 1867 2577 3460 2652; baseline -0.003 -17"><span class='ocrx_word' id='word_1_511' title='bbox 1867 2597 2142 2652; x_wconf 91' lang='lat' dir='ltr'><strong>quaquam</strong></span> <span class='ocrx_word' id='word_1_512' title='bbox 2173 2597 2284 2634; x_wconf 90' lang='lat' dir='ltr'><strong>rem</strong></span> <span class='ocrx_word' id='word_1_513' title='bbox 2313 2595 2416 2635; x_wconf 91' lang='lat' dir='ltr'><strong>acu</strong></span> <span class='ocrx_word' id='word_1_514' title='bbox 2441 2581 2684 2651; x_wconf 83' lang='lat' dir='ltr'><strong>tetigisse</strong></span> <span class='ocrx_word' id='word_1_515' title='bbox 2709 2579 2943 2642; x_wconf 84' lang='lat' dir='ltr'><strong>videtur,</strong></span> <span class='ocrx_word' id='word_1_516' title='bbox 2974 2577 3363 2646; x_wconf 86' lang='lat' dir='ltr'><strong>dum_conjecit</strong></span> <span class='ocrx_word' id='word_1_517' title='bbox 3382 2577 3460 2640; x_wconf 82' lang='lat' dir='ltr'><strong>in_</strong></span> 
     </span>
    </p>
   </div>
   <div class='ocr_carea' id='block_1_72' title="bbox 1869 2669 3440 2746">
    <p class='ocr_par' dir='ltr' id='par_1_72' title="bbox 1869 2669 3440 2746">
     <span class='ocr_line' id='line_1_72' title="bbox 1869 2669 3440 2746; baseline -0.002 -19"><span class='ocrx_word' id='word_1_518' title='bbox 1869 2673 1981 2743; x_wconf 82' lang='lat'><strong>(50)</strong></span> <span class='ocrx_word' id='word_1_519' title='bbox 2013 2675 2158 2728; x_wconf 91' lang='lat' dir='ltr'><strong>illam</strong></span> <span class='ocrx_word' id='word_1_520' title='bbox 2183 2674 2488 2729; x_wconf 90' lang='lat' dir='ltr'><strong>versionem</strong></span> <span class='ocrx_word' id='word_1_521' title='bbox 2517 2673 2878 2732; x_wconf 67' lang='lat' dir='ltr'><strong>Grmcismum</strong></span> <span class='ocrx_word' id='word_1_522' title='bbox 2910 2671 3196 2746; x_wconf 80' lang='lat' dir='ltr'><strong>irrepsisse</strong></span> <span class='ocrx_word' id='word_1_523' title='bbox 3223 2669 3290 2725; x_wconf 91' lang='lat' dir='ltr'><strong>de</strong></span> <span class='ocrx_word' id='word_1_524' title='bbox 3315 2669 3440 2739; x_wconf 77' lang='lat' dir='ltr'><strong>Spi-</strong></span> 
     </span>
    </p>
   </div>
   <div class='ocr_carea' id='block_1_73' title="bbox 1867 2761 3448 2834">
    <p class='ocr_par' dir='ltr' id='par_1_73' title="bbox 1867 2761 3448 2834">
     <span class='ocr_line' id='line_1_73' title="bbox 1867 2761 3448 2834; baseline -0.006 -13"><span class='ocrx_word' id='word_1_525' title='bbox 1867 2768 1975 2821; x_wconf 85' lang='lat' dir='ltr'><strong>ritu</strong></span> <span class='ocrx_word' id='word_1_526' title='bbox 2009 2774 2218 2829; x_wconf 87' lang='lat' dir='ltr'><strong>sancto,</strong></span> <span class='ocrx_word' id='word_1_527' title='bbox 2256 2767 2563 2834; x_wconf 86' lang='lat' dir='ltr'><strong>procedente</strong></span> <span class='ocrx_word' id='word_1_528' title='bbox 2591 2781 2656 2818; x_wconf 66' lang='lat' dir='ltr'><strong>es</strong></span> <span class='ocrx_word' id='word_1_529' title='bbox 2682 2763 2845 2818; x_wconf 88' lang='lat' dir='ltr'><strong>Patre</strong></span> <span class='ocrx_word' id='word_1_530' title='bbox 2871 2772 2920 2816; x_wconf 89' lang='lat' dir='ltr'><strong>et</strong></span> <span class='ocrx_word' id='word_1_531' title='bbox 2953 2780 3012 2817; x_wconf 77' lang='lat' dir='ltr'><strong>in</strong></span> <span class='ocrx_word' id='word_1_532' title='bbox 3048 2761 3192 2824; x_wconf 81' lang='lat' dir='ltr'><strong>Filio</strong></span> <span class='ocrx_word' id='word_1_533' title='bbox 3228 2778 3448 2831; x_wconf 37' lang='lat' dir='ltr'><strong>pernm:</strong></span> 
     </span>
    </p>
   </div>
   <div class='ocr_carea' id='block_1_74' title="bbox 1865 2855 3439 2928">
    <p class='ocr_par' dir='ltr' id='par_1_74' title="bbox 1865 2855 3439 2928">
     <span class='ocr_line' id='line_1_74' title="bbox 1865 2855 3439 2928; baseline -0.003 -16"><span class='ocrx_word' id='word_1_534' title='bbox 1865 2868 2050 2923; x_wconf 87' lang='lat' dir='ltr'><strong>nente;</strong></span> <span class='ocrx_word' id='word_1_535' title='bbox 2079 2859 2324 2928; x_wconf 88' lang='lat' dir='ltr'><strong>adeoque</strong></span> <span class='ocrx_word' id='word_1_536' title='bbox 2365 2856 2414 2912; x_wconf 89' lang='lat' dir='ltr'><strong>ei</strong></span> <span class='ocrx_word' id='word_1_537' title='bbox 2455 2856 2846 2927; x_wconf 69' lang='lat' dir='ltr'><strong>prazferendam</strong></span> <span class='ocrx_word' id='word_1_538' title='bbox 2880 2871 3001 2911; x_wconf 90' lang='lat' dir='ltr'><strong>esse</strong></span> <span class='ocrx_word' id='word_1_539' title='bbox 3042 2855 3439 2911; x_wconf 74' lang='lat' dir='ltr'><strong>Mombritianae</strong></span> 
     </span>
    </p>
   </div>
   <div class='ocr_carea' id='block_1_75' title="bbox 1864 2949 3456 3020">
    <p class='ocr_par' dir='ltr' id='par_1_75' title="bbox 1864 2949 3456 3020">
     <span class='ocr_line' id='line_1_75' title="bbox 1864 2949 3456 3020; baseline -0.002 -14"><span class='ocrx_word' id='word_1_540' title='bbox 1864 2951 2120 3007; x_wconf 85' lang='lat' dir='ltr'><strong>editionis</strong></span> <span class='ocrx_word' id='word_1_541' title='bbox 2169 2950 2491 3018; x_wconf 55' lang='lat' dir='ltr'><strong>lectionem,</strong></span> <span class='ocrx_word' id='word_1_542' title='bbox 2526 2966 2631 3020; x_wconf 91' lang='lat' dir='ltr'><strong>qua</strong></span> <span class='ocrx_word' id='word_1_543' title='bbox 2682 2949 2902 3010; x_wconf 83' lang='lat' dir='ltr'><strong>eﬂ‘ertur</strong></span> <span class='ocrx_word' id='word_1_544' title='bbox 2941 2949 3176 3019; x_wconf 90' lang='lat' dir='ltr'><strong>Spiritus</strong></span> <span class='ocrx_word' id='word_1_545' title='bbox 3215 2956 3456 3003; x_wconf 81' lang='lat' dir='ltr'><strong>sanctus.</strong></span> 
     </span>
    </p>
   </div>
   <div class='ocr_carea' id='block_1_76' title="bbox 1863 3039 3435 3110">
    <p class='ocr_par' dir='ltr' id='par_1_76' title="bbox 1863 3039 3435 3110">
     <span class='ocr_line' id='line_1_76' title="bbox 1863 3039 3435 3110; baseline -0.004 -13"><span class='ocrx_word' id='word_1_546' title='bbox 1863 3044 2140 3110; x_wconf 84' lang='lat' dir='ltr'><strong>procedere</strong></span> <span class='ocrx_word' id='word_1_547' title='bbox 2179 3060 2249 3106; x_wconf 63' lang='lat' dir='ltr'><strong>ex.</strong></span> <span class='ocrx_word' id='word_1_548' title='bbox 2270 3042 2435 3098; x_wconf 87' lang='lat' dir='ltr'><strong>Patre</strong></span> <span class='ocrx_word' id='word_1_549' title='bbox 2463 3053 2511 3098; x_wconf 88' lang='lat' dir='ltr'><strong>et</strong></span> <span class='ocrx_word' id='word_1_550' title='bbox 2547 3041 2710 3096; x_wconf 85' lang='lat' dir='ltr'><strong>Filio.</strong></span> <span class='ocrx_word' id='word_1_551' title='bbox 2737 3040 2936 3095; x_wconf 80' lang='lat' dir='ltr'><strong>Verum</strong></span> <span class='ocrx_word' id='word_1_552' title='bbox 2968 3041 3108 3094; x_wconf 88' lang='lat' dir='ltr'><strong>hanc</strong></span> <span class='ocrx_word' id='word_1_553' title='bbox 3131 3039 3183 3092; x_wconf 89' lang='lat' dir='ltr'><strong>in</strong></span> <span class='ocrx_word' id='word_1_554' title='bbox 3215 3045 3435 3093; x_wconf 57' lang='lat' dir='ltr'><strong>senten‘</strong></span> 
     </span>
    </p>
   </div>
   <div class='ocr_carea' id='block_1_77' title="bbox 1865 3129 3435 3208">
    <p class='ocr_par' dir='ltr' id='par_1_77' title="bbox 1865 3129 3435 3208">
     <span class='ocr_line' id='line_1_77' title="bbox 1865 3129 3435 3208; baseline -0.005 -18"><span class='ocrx_word' id='word_1_555' title='bbox 1865 3137 1996 3190; x_wconf 84' lang='lat' dir='ltr'><strong>tiam</strong></span> <span class='ocrx_word' id='word_1_556' title='bbox 2029 3134 2272 3208; x_wconf 80' lang='lat' dir='ltr'><strong>profecto</strong></span> <span class='ocrx_word' id='word_1_557' title='bbox 2312 3150 2421 3189; x_wconf 90' lang='lat' dir='ltr'><strong>non</strong></span> <span class='ocrx_word' id='word_1_558' title='bbox 2462 3133 2836 3189; x_wconf 89' lang='lat' dir='ltr'><strong>descendisset</strong></span> <span class='ocrx_word' id='word_1_559' title='bbox 2867 3131 3102 3185; x_wconf 82' lang='lat' dir='ltr'><strong>eximius</strong></span> <span class='ocrx_word' id='word_1_560' title='bbox 3141 3129 3435 3183; x_wconf 88' lang='lat' dir='ltr'><strong>Annalium</strong></span> 
     </span>
    </p>
   </div>
   <div class='ocr_carea' id='block_1_78' title="bbox 1864 3219 3437 3295">
    <p class='ocr_par' dir='ltr' id='par_1_78' title="bbox 1864 3219 3437 3295">
     <span class='ocr_line' id='line_1_78' title="bbox 1864 3219 3437 3295; baseline -0.007 -12"><span class='ocrx_word' id='word_1_561' title='bbox 1864 3228 2362 3284; x_wconf 90' lang='lat' dir='ltr'><strong>ecclesiasticorum</strong></span> <span class='ocrx_word' id='word_1_562' title='bbox 2409 3241 2638 3295; x_wconf 88' lang='lat' dir='ltr'><strong>parens,</strong></span> <span class='ocrx_word' id='word_1_563' title='bbox 2677 3224 2720 3279; x_wconf 93' lang='lat' dir='ltr'><strong>si</strong></span> <span class='ocrx_word' id='word_1_564' title='bbox 2746 3223 2919 3278; x_wconf 83' lang='lat' dir='ltr'><strong>oculis</strong></span> <span class='ocrx_word' id='word_1_565' title='bbox 2963 3223 3197 3276; x_wconf 89' lang='lat' dir='ltr'><strong>lustrare</strong></span> <span class='ocrx_word' id='word_1_566' title='bbox 3233 3220 3336 3290; x_wconf 91' lang='lat' dir='ltr'><strong>ipsi</strong></span> <span class='ocrx_word' id='word_1_567' title='bbox 3366 3219 3437 3283; x_wconf 45' lang='lat' dir='ltr'><strong>li:</strong></span> 
     </span>
    </p>
   </div>
   <div class='ocr_carea' id='block_1_79' title="bbox 1863 3316 3450 3388">
    <p class='ocr_par' dir='ltr' id='par_1_79' title="bbox 1863 3316 3450 3388">
     <span class='ocr_line' id='line_1_79' title="bbox 1863 3316 3450 3388; baseline -0.006 -10"><span class='ocrx_word' id='word_1_568' title='bbox 1863 3323 2068 3379; x_wconf 89' lang='lat' dir='ltr'><strong>cuisset</strong></span> <span class='ocrx_word' id='word_1_569' title='bbox 2099 3323 2209 3380; x_wconf 91' lang='lat' dir='ltr'><strong>duo</strong></span> <span class='ocrx_word' id='word_1_570' title='bbox 2253 3321 2342 3375; x_wconf 91' lang='lat' dir='ltr'><strong>illa</strong></span> <span class='ocrx_word' id='word_1_571' title='bbox 2389 3335 2620 3387; x_wconf 89' lang='lat' dir='ltr'><strong>quorum</strong></span> <span class='ocrx_word' id='word_1_572' title='bbox 2646 3334 2811 3388; x_wconf 90' lang='lat' dir='ltr'><strong>supra</strong></span> <span class='ocrx_word' id='word_1_573' title='bbox 2855 3318 3207 3372; x_wconf 89' lang='lat' dir='ltr'><strong>meminimus</strong></span> <span class='ocrx_word' id='word_1_574' title='bbox 3242 3316 3450 3379; x_wconf 61' lang='lat' dir='ltr'><strong>Crates,</strong></span> 
     </span>
    </p>
   </div>
   <div class='ocr_carea' id='block_1_80' title="bbox 1863 3407 3437 3484">
    <p class='ocr_par' dir='ltr' id='par_1_80' title="bbox 1863 3407 3437 3484">
     <span class='ocr_line' id='line_1_80' title="bbox 1863 3407 3437 3484; baseline -0.006 -16"><span class='ocrx_word' id='word_1_575' title='bbox 1863 3413 2228 3482; x_wconf 81' lang='lat' dir='ltr'><strong>exemplaria,</strong></span> <span class='ocrx_word' id='word_1_576' title='bbox 2271 3409 2815 3484; x_wconf 13' lang='lat' dir='ltr'><strong>H‘untingdonianum</strong></span> <span class='ocrx_word' id='word_1_577' title='bbox 2862 3417 2914 3462; x_wconf 91' lang='lat' dir='ltr'><strong>et</strong></span> <span class='ocrx_word' id='word_1_578' title='bbox 2956 3407 3437 3475; x_wconf 73' lang='lat' dir='ltr'><strong>Nanianum,qute</strong></span> 
     </span>
    </p>
   </div>
   <div class='ocr_carea' id='block_1_81' title="bbox 1861 3487 3433 3572">
    <p class='ocr_par' dir='ltr' id='par_1_81' title="bbox 1861 3487 3433 3572">
     <span class='ocr_line' id='line_1_81' title="bbox 1861 3487 3433 3572; baseline -0.005 -14"><span class='ocrx_word' id='word_1_579' title='bbox 1861 3505 1966 3560; x_wconf 88' lang='lat' dir='ltr'><strong>hoc</strong></span> <span class='ocrx_word' id='word_1_580' title='bbox 1987 3487 2091 3558; x_wconf 75' lang='lat' dir='ltr'><strong>loCi</strong></span> <span class='ocrx_word' id='word_1_581' title='bbox 2121 3511 2380 3572; x_wconf 88' lang='lat' dir='ltr'><strong>corrupta</strong></span> <span class='ocrx_word' id='word_1_582' title='bbox 2416 3511 2470 3556; x_wconf 92' lang='lat' dir='ltr'><strong>et</strong></span> <span class='ocrx_word' id='word_1_583' title='bbox 2490 3501 2776 3565; x_wconf 89' lang='lat' dir='ltr'><strong>vitiata,ut</strong></span> <span class='ocrx_word' id='word_1_584' title='bbox 2802 3514 3135 3563; x_wconf 83' lang='lat' dir='ltr'><strong>asseramus,</strong></span> <span class='ocrx_word' id='word_1_585' title='bbox 3169 3497 3317 3550; x_wconf 91' lang='lat' dir='ltr'><strong>nulla</strong></span> <span class='ocrx_word' id='word_1_586' title='bbox 3335 3513 3433 3551; x_wconf 85' lang='lat' dir='ltr'><strong>no-</strong></span> 
     </span>
    </p>
   </div>
   <div class='ocr_carea' id='block_1_82' title="bbox 1859 3587 3445 3663">
    <p class='ocr_par' dir='ltr' id='par_1_82' title="bbox 1859 3587 3445 3663">
     <span class='ocr_line' id='line_1_82' title="bbox 1859 3587 3445 3663; baseline -0.005 -15"><span class='ocrx_word' id='word_1_587' title='bbox 1859 3594 1946 3650; x_wconf 85' lang='lat' dir='ltr'><strong>bis</strong></span> <span class='ocrx_word' id='word_1_588' title='bbox 1975 3594 2116 3648; x_wconf 85' lang='lat' dir='ltr'><strong>ratio</strong></span> <span class='ocrx_word' id='word_1_589' title='bbox 2147 3593 2404 3663; x_wconf 89' lang='lat' dir='ltr'><strong>suppetit.</strong></span> <span class='ocrx_word' id='word_1_590' title='bbox 2440 3592 2611 3646; x_wconf 90' lang='lat' dir='ltr'><strong>Porro</strong></span> <span class='ocrx_word' id='word_1_591' title='bbox 2650 3598 2947 3659; x_wconf 91' lang='lat' dir='ltr'><strong>utrumque</strong></span> <span class='ocrx_word' id='word_1_592' title='bbox 2983 3589 3126 3644; x_wconf 86' lang='lat' dir='ltr'><strong>istud</strong></span> <span class='ocrx_word' id='word_1_593' title='bbox 3154 3587 3445 3658; x_wconf 78' lang='lat' dir='ltr'><strong>exemplar</strong></span> 
     </span>
    </p>
   </div>
   <div class='ocr_carea' id='block_1_83' title="bbox 1859 3678 3430 3753">
    <p class='ocr_par' dir='ltr' id='par_1_83' title="bbox 1859 3678 3430 3753">
     <span class='ocr_line' id='line_1_83' title="bbox 1859 3678 3430 3753; baseline -0.002 -17"><span class='ocrx_word' id='word_1_594' title='bbox 1859 3683 2307 3753; x_wconf 83' lang='lat' dir='ltr'><strong>Lipomanianam</strong></span> <span class='ocrx_word' id='word_1_595' title='bbox 2333 3682 2615 3736; x_wconf 81' lang='lat' dir='ltr'><strong>lectionem</strong></span> <span class='ocrx_word' id='word_1_596' title='bbox 2649 3681 2847 3744; x_wconf 86' lang='lat' dir='ltr'><strong>ﬁrmat,</strong></span> <span class='ocrx_word' id='word_1_597' title='bbox 2872 3681 3134 3736; x_wconf 83' lang='lat' dir='ltr'><strong>exhibens</strong></span> <span class='ocrx_word' id='word_1_598' title='bbox 3166 3678 3430 3750; x_wconf 86' lang='lat' dir='ltr'><strong>Spiritum</strong></span> 
     </span>
    </p>
   </div>
   <div class='ocr_carea' id='block_1_84' title="bbox 1859 3770 3434 3851">
    <p class='ocr_par' dir='ltr' id='par_1_84' title="bbox 1859 3770 3434 3851">
     <span class='ocr_line' id='line_1_84' title="bbox 1859 3770 3434 3851; baseline -0.006 -19"><span class='ocrx_word' id='word_1_599' title='bbox 1859 3785 2133 3840; x_wconf 84' lang='lat' dir='ltr'><strong>sanctum,</strong></span> <span class='ocrx_word' id='word_1_600' title='bbox 2167 3774 2594 3851; x_wconf 79' lang='grc' dir='ltr'>ἐκπορευόμενον</span> <span class='ocrx_word' id='word_1_601' title='bbox 2620 3775 2685 3825; x_wconf 81' lang='grc' dir='ltr'>ὲκ</span> <span class='ocrx_word' id='word_1_602' title='bbox 2712 3773 2942 3851; x_wconf 72' lang='grc' dir='ltr'>Πατρός,</span> <span class='ocrx_word' id='word_1_603' title='bbox 2970 3772 3061 3825; x_wconf 77' lang='grc' dir='ltr'><strong>καὶ</strong></span> <span class='ocrx_word' id='word_1_604' title='bbox 3087 3775 3144 3825; x_wconf 81' lang='grc' dir='ltr'>ὲν</span> <span class='ocrx_word' id='word_1_605' title='bbox 3171 3770 3286 3842; x_wconf 82' lang='grc' dir='ltr'><strong>Υῑῷ</strong></span> <span class='ocrx_word' id='word_1_606' title='bbox 3317 3771 3434 3824; x_wconf 63' lang='grc' dir='ltr'><strong>διας</strong></span> 
     </span>
    </p>
   </div>
   <div class='ocr_carea' id='block_1_85' title="bbox 1861 3849 3430 3943">
    <p class='ocr_par' dir='ltr' id='par_1_85' title="bbox 1861 3849 3430 3943">
     <span class='ocr_line' id='line_1_85' title="bbox 1861 3849 3430 3943; baseline -0.004 -22"><span class='ocrx_word' id='word_1_607' title='bbox 1861 3868 2042 3943; x_wconf 80' lang='grc' dir='ltr'>μένον.</span> <span class='ocrx_word' id='word_1_608' title='bbox 2080 3866 2236 3934; x_wconf 84' lang='lat' dir='ltr'><strong>Quod</strong></span> <span class='ocrx_word' id='word_1_609' title='bbox 2265 3867 2310 3921; x_wconf 89' lang='lat' dir='ltr'><strong>si</strong></span> <span class='ocrx_word' id='word_1_610' title='bbox 2339 3849 2735 3922; x_wconf 73' lang='lat' dir='ltr'><strong>Momhritianae</strong></span> <span class='ocrx_word' id='word_1_611' title='bbox 2760 3849 2977 3918; x_wconf 82' lang='lat' dir='ltr'><strong>lectioni</strong></span> <span class='ocrx_word' id='word_1_612' title='bbox 3001 3873 3430 3923; x_wconf 78' lang='lat' dir='ltr'><strong>vetustaexem-</strong></span> 
     </span>
    </p>
   </div>
   <div class='ocr_carea' id='block_1_86' title="bbox 1857 3942 3426 4030">
    <p class='ocr_par' dir='ltr' id='par_1_86' title="bbox 1857 3942 3426 4030">
     <span class='ocr_line' id='line_1_86' title="bbox 1857 3942 3426 4030; baseline -0.004 -16"><span class='ocrx_word' id='word_1_613' title='bbox 1857 3942 2051 4030; x_wconf 86' lang='lat' dir='ltr'><strong>plaria,</strong></span> <span class='ocrx_word' id='word_1_614' title='bbox 2087 3959 2278 4013; x_wconf 87' lang='lat' dir='ltr'><strong>eodem</strong></span> <span class='ocrx_word' id='word_1_615' title='bbox 2307 3957 2544 4012; x_wconf 85' lang='lat' dir='ltr'><strong>Baronio</strong></span> <span class='ocrx_word' id='word_1_616' title='bbox 2575 3965 2735 4019; x_wconf 90' lang='lat' dir='ltr'><strong>teste,</strong></span> <span class='ocrx_word' id='word_1_617' title='bbox 2771 3956 3164 4024; x_wconf 87' lang='lat' dir='ltr'><strong>astipulantur,</strong></span> <span class='ocrx_word' id='word_1_618' title='bbox 3189 3970 3299 4010; x_wconf 91' lang='lat' dir='ltr'><strong>non</strong></span> <span class='ocrx_word' id='word_1_619' title='bbox 3327 3955 3426 4009; x_wconf 68' lang='lat' dir='ltr'><strong>de~</strong></span> 
     </span>
    </p>
   </div>
   <div class='ocr_carea' id='block_1_87' title="bbox 1857 4043 3425 4117">
    <p class='ocr_par' dir='ltr' id='par_1_87' title="bbox 1857 4043 3425 4117">
     <span class='ocr_line' id='line_1_87' title="bbox 1857 4043 3425 4117; baseline -0.005 -12"><span class='ocrx_word' id='word_1_620' title='bbox 1857 4059 1985 4105; x_wconf 90' lang='lat' dir='ltr'><strong>sunt</strong></span> <span class='ocrx_word' id='word_1_621' title='bbox 2021 4063 2182 4111; x_wconf 89' lang='lat' dir='ltr'><strong>sane,</strong></span> <span class='ocrx_word' id='word_1_622' title='bbox 2221 4047 2423 4117; x_wconf 81' lang='lat' dir='ltr'><strong>quibus</strong></span> <span class='ocrx_word' id='word_1_623' title='bbox 2465 4055 2518 4100; x_wconf 90' lang='lat' dir='ltr'><strong>et</strong></span> <span class='ocrx_word' id='word_1_624' title='bbox 2561 4045 2951 4113; x_wconf 82' lang='lat' dir='ltr'><strong>Lipomaniana</strong></span> <span class='ocrx_word' id='word_1_625' title='bbox 2999 4044 3282 4097; x_wconf 86' lang='lat' dir='ltr'><strong>innitatur.</strong></span> <span class='ocrx_word' id='word_1_626' title='bbox 3313 4043 3425 4097; x_wconf 78' lang='lat' dir='ltr'><strong>Ex-</strong></span> 
     </span>
    </p>
   </div>
   <div class='ocr_carea' id='block_1_88' title="bbox 1857 4137 3427 4208">
    <p class='ocr_par' dir='ltr' id='par_1_88' title="bbox 1857 4137 3427 4208">
     <span class='ocr_line' id='line_1_88' title="bbox 1857 4137 3427 4208; baseline -0.003 -12"><span class='ocrx_word' id='word_1_627' title='bbox 1857 4149 1966 4197; x_wconf 85' lang='lat' dir='ltr'><strong>stat</strong></span> <span class='ocrx_word' id='word_1_628' title='bbox 1988 4141 2270 4196; x_wconf 85' lang='lat' dir='ltr'><strong>enimvero</strong></span> <span class='ocrx_word' id='word_1_629' title='bbox 2298 4140 2352 4193; x_wconf 92' lang='lat' dir='ltr'><strong>in</strong></span> <span class='ocrx_word' id='word_1_630' title='bbox 2379 4149 2566 4202; x_wconf 84' lang='lat' dir='ltr'><strong>nostra</strong></span> <span class='ocrx_word' id='word_1_631' title='bbox 2591 4137 2918 4193; x_wconf 90' lang='lat' dir='ltr'><strong>bibliotheca</strong></span> <span class='ocrx_word' id='word_1_632' title='bbox 2946 4137 3058 4208; x_wconf 90' lang='grc'>(51)</span> <span class='ocrx_word' id='word_1_633' title='bbox 3090 4137 3322 4208; x_wconf 88' lang='lat' dir='ltr'><strong>insignis</strong></span> <span class='ocrx_word' id='word_1_634' title='bbox 3339 4154 3427 4194; x_wconf 79' lang='lat' dir='ltr'><strong>co-</strong></span> 
     </span>
    </p>
   </div>
   <div class='ocr_carea' id='block_1_89' title="bbox 1855 4228 3426 4300">
    <p class='ocr_par' dir='ltr' id='par_1_89' title="bbox 1855 4228 3426 4300">
     <span class='ocr_line' id='line_1_89' title="bbox 1855 4228 3426 4300; baseline -0.002 -15"><span class='ocrx_word' id='word_1_635' title='bbox 1855 4231 1960 4286; x_wconf 82' lang='lat' dir='ltr'><strong>dex</strong></span> <span class='ocrx_word' id='word_1_636' title='bbox 1989 4232 2460 4297; x_wconf 88' lang='lat' dir='ltr'><strong>membranaceus,</strong></span> <span class='ocrx_word' id='word_1_637' title='bbox 2479 4228 2882 4300; x_wconf 84' lang='lat' dir='ltr'><strong>elegantissime</strong></span> <span class='ocrx_word' id='word_1_638' title='bbox 2913 4228 3238 4297; x_wconf 88' lang='lat' dir='ltr'><strong>descriptus,</strong></span> <span class='ocrx_word' id='word_1_639' title='bbox 3261 4237 3426 4298; x_wconf 84' lang='lat' dir='ltr'><strong>atque</strong></span> 
     </span>
    </p>
   </div>
   <div class='ocr_carea' id='block_1_90' title="bbox 1855 4322 3426 4394">
    <p class='ocr_par' dir='ltr' id='par_1_90' title="bbox 1855 4322 3426 4394">
     <span class='ocr_line' id='line_1_90' title="bbox 1855 4322 3426 4394; baseline -0.003 -15"><span class='ocrx_word' id='word_1_640' title='bbox 1855 4341 1992 4379; x_wconf 90' lang='lat' dir='ltr'><strong>auro</strong></span> <span class='ocrx_word' id='word_1_641' title='bbox 2029 4324 2362 4394; x_wconf 88' lang='lat' dir='ltr'><strong>picturisque</strong></span> <span class='ocrx_word' id='word_1_642' title='bbox 2395 4323 2600 4377; x_wconf 81' lang='lat' dir='ltr'><strong>aﬂ‘abre</strong></span> <span class='ocrx_word' id='word_1_643' title='bbox 2635 4322 2919 4377; x_wconf 90' lang='lat' dir='ltr'><strong>delineatis</strong></span> <span class='ocrx_word' id='word_1_644' title='bbox 2956 4328 3287 4376; x_wconf 85' lang='lat' dir='ltr'><strong>exornatus:</strong></span> <span class='ocrx_word' id='word_1_645' title='bbox 3313 4331 3426 4375; x_wconf 84' lang='lat' dir='ltr'><strong>est-</strong></span> 
     </span>
    </p>
   </div>
   <div class='ocr_carea' id='block_1_91' title="bbox 169 4412 3435 4489">
    <p class='ocr_par' dir='ltr' id='par_1_91' title="bbox 169 4412 3435 4489">
     <span class='ocr_line' id='line_1_91' title="bbox 169 4412 3435 4489; baseline 0 -22"><span class='ocrx_word' id='word_1_646' title='bbox 169 4415 427 4480; x_wconf 82' lang='lat' dir='ltr'><strong>nitatem,</strong></span> <span class='ocrx_word' id='word_1_647' title='bbox 458 4430 569 4468; x_wconf 88' lang='lat' dir='ltr'><strong>non</strong></span> <span class='ocrx_word' id='word_1_648' title='bbox 601 4415 916 4469; x_wconf 87' lang='lat' dir='ltr'><strong>destruatur</strong></span> <span class='ocrx_word' id='word_1_649' title='bbox 931 4415 1001 4469; x_wconf 89' lang='lat' dir='ltr'><strong>ab</strong></span> <span class='ocrx_word' id='word_1_650' title='bbox 1023 4414 1245 4480; x_wconf 90' lang='lat' dir='ltr'><strong>illa,sed</strong></span> <span class='ocrx_word' id='word_1_651' title='bbox 1265 4413 1697 4468; x_wconf 87' lang='lat' dir='ltr'><strong>administretur.</strong></span> <span class='ocrx_word' id='word_1_652' title='bbox 1726 4433 1744 4465; x_wconf 73' lang='grc' dir='ltr'><strong>ι</strong></span> <span class='ocrx_word' id='word_1_653' title='bbox 1783 4432 1826 4486; x_wconf 78' lang='grc' dir='ltr'>ι)</span> <span class='ocrx_word' id='word_1_654' title='bbox 1855 4433 1960 4489; x_wconf 91' lang='lat' dir='ltr'><strong>que</strong></span> <span class='ocrx_word' id='word_1_655' title='bbox 1985 4416 2320 4480; x_wconf 84' lang='lat' dir='ltr'><strong>Breviarium</strong></span> <span class='ocrx_word' id='word_1_656' title='bbox 2360 4415 2646 4469; x_wconf 86' lang='lat' dir='ltr'><strong>secundum</strong></span> <span class='ocrx_word' id='word_1_657' title='bbox 2695 4414 3121 4467; x_wconf 81' lang='lat' dir='ltr'><strong>consuetudinem</strong></span> <span class='ocrx_word' id='word_1_658' title='bbox 3172 4412 3435 4488; x_wconf 52' lang='lat' dir='ltr'><strong>Romanas</strong></span> 
     </span>
    </p>
   </div>
   <div class='ocr_carea' id='block_1_92' title="bbox 167 4509 1748 4580">
    <p class='ocr_par' dir='ltr' id='par_1_92' title="bbox 167 4509 1748 4580">
     <span class='ocr_line' id='line_1_92' title="bbox 167 4509 1748 4580; baseline -0.003 -14"><span class='ocrx_word' id='word_1_659' title='bbox 167 4510 482 4580; x_wconf 74' lang='lat' dir='ltr'><strong>Paucisque</strong></span> <span class='ocrx_word' id='word_1_660' title='bbox 529 4510 870 4580; x_wconf 88' lang='lat' dir='ltr'><strong>interjectis:</strong></span> <span class='ocrx_word' id='word_1_661' title='bbox 907 4529 926 4562; x_wconf 80' lang='lat' dir='ltr'><strong>t</strong></span> <span class='ocrx_word' id='word_1_662' title='bbox 969 4509 1210 4564; x_wconf 89' lang='lat' dir='ltr'><strong>Trinitas</strong></span> <span class='ocrx_word' id='word_1_663' title='bbox 1254 4525 1348 4579; x_wconf 90' lang='lat' dir='ltr'><strong>per</strong></span> <span class='ocrx_word' id='word_1_664' title='bbox 1380 4517 1664 4564; x_wconf 86' lang='lat' dir='ltr'><strong>consertos</strong></span> <span class='ocrx_word' id='word_1_665' title='bbox 1693 4517 1748 4562; x_wconf 92' lang='lat' dir='ltr'><strong>et</strong></span> 
     </span>
    </p>
   </div>
   <div class='ocr_carea' id='block_1_93' title="bbox 167 4600 1749 4673">
    <p class='ocr_par' dir='ltr' id='par_1_93' title="bbox 167 4600 1749 4673">
     <span class='ocr_line' id='line_1_93' title="bbox 167 4600 1749 4673; baseline -0.003 -15"><span class='ocrx_word' id='word_1_666' title='bbox 167 4619 454 4658; x_wconf 83' lang='lat' dir='ltr'><strong>connexos</strong></span> <span class='ocrx_word' id='word_1_667' title='bbox 480 4603 682 4673; x_wconf 86' lang='lat' dir='ltr'><strong>gradus</strong></span> <span class='ocrx_word' id='word_1_668' title='bbox 721 4618 750 4656; x_wconf 89' lang='lat' dir='ltr'><strong>a</strong></span> <span class='ocrx_word' id='word_1_669' title='bbox 783 4601 946 4657; x_wconf 89' lang='lat' dir='ltr'><strong>Patre</strong></span> <span class='ocrx_word' id='word_1_670' title='bbox 974 4601 1298 4668; x_wconf 86' lang='lat' dir='ltr'><strong>decurrens,</strong></span> <span class='ocrx_word' id='word_1_671' title='bbox 1326 4609 1380 4656; x_wconf 88' lang='lat' dir='ltr'><strong>et</strong></span> <span class='ocrx_word' id='word_1_672' title='bbox 1415 4600 1749 4655; x_wconf 73' lang='lat' dir='ltr'><strong>monarcbite</strong></span> 
     </span>
    </p>
   </div>
   <div class='ocr_carea' id='block_1_94' title="bbox 171 4689 1746 4763">
    <p class='ocr_par' dir='ltr' id='par_1_94' title="bbox 171 4689 1746 4763">
     <span class='ocr_line' id='line_1_94' title="bbox 171 4689 1746 4763; baseline -0.003 -15"><span class='ocrx_word' id='word_1_673' title='bbox 171 4695 314 4748; x_wconf 88' lang='lat' dir='ltr'><strong>nihil</strong></span> <span class='ocrx_word' id='word_1_674' title='bbox 345 4693 628 4763; x_wconf 91' lang='lat' dir='ltr'><strong>obstrepit,</strong></span> <span class='ocrx_word' id='word_1_675' title='bbox 653 4703 706 4748; x_wconf 89' lang='lat' dir='ltr'><strong>et</strong></span> <span class='ocrx_word' id='word_1_676' title='bbox 733 4692 1054 4748; x_wconf 69' lang='lat' dir='ltr'><strong>meonomiae</strong></span> <span class='ocrx_word' id='word_1_677' title='bbox 1092 4700 1293 4747; x_wconf 87' lang='lat' dir='ltr'><strong>statum</strong></span> <span class='ocrx_word' id='word_1_678' title='bbox 1325 4692 1576 4761; x_wconf 85' lang='lat' dir='ltr'><strong>protegit.</strong></span> <span class='ocrx_word' id='word_1_679' title='bbox 1611 4709 1629 4742; x_wconf 84' lang='grc'>›</span> <span class='ocrx_word' id='word_1_680' title='bbox 1666 4689 1746 4744; x_wconf 86' lang='grc' dir='ltr'><strong>Εη</strong></span> 
     </span>
    </p>
   </div>
   <div class='ocr_carea' id='block_1_95' title="bbox 166 4782 1742 4852">
    <p class='ocr_par' dir='ltr' id='par_1_95' title="bbox 166 4782 1742 4852">
     <span class='ocr_line' id='line_1_95' title="bbox 166 4782 1742 4852; baseline 0.001 -14"><span class='ocrx_word' id='word_1_681' title='bbox 166 4788 406 4839; x_wconf 78' lang='lat' dir='ltr'><strong>alterum</strong></span> <span class='ocrx_word' id='word_1_682' title='bbox 438 4783 692 4840; x_wconf 69' lang='lat' dir='ltr'><strong>Ecclesiae</strong></span> <span class='ocrx_word' id='word_1_683' title='bbox 714 4783 984 4839; x_wconf 65' lang='lat' dir='ltr'><strong>Africana:</strong></span> <span class='ocrx_word' id='word_1_684' title='bbox 1006 4785 1211 4850; x_wconf 90' lang='lat' dir='ltr'><strong>lumen,</strong></span> <span class='ocrx_word' id='word_1_685' title='bbox 1248 4782 1554 4852; x_wconf 80' lang='lat' dir='ltr'><strong>Cyprianus</strong></span> <span class='ocrx_word' id='word_1_686' title='bbox 1584 4782 1695 4851; x_wconf 90' lang='grc'>(28)</span> <span class='ocrx_word' id='word_1_687' title='bbox 1729 4800 1742 4839; x_wconf 89' lang='lat'><strong>:</strong></span> 
     </span>
    </p>
   </div>
   <div class='ocr_carea' id='block_1_96' title="bbox 171 4874 1746 4931">
    <p class='ocr_par' dir='ltr' id='par_1_96' title="bbox 171 4874 1746 4931">
     <span class='ocr_line' id='line_1_96' title="bbox 171 4874 1746 4931; baseline 0.001 -2"><span class='ocrx_word' id='word_1_688' title='bbox 171 4895 195 4929; x_wconf 72' lang='grc' dir='ltr'><strong>ι</strong></span> <span class='ocrx_word' id='word_1_689' title='bbox 235 4876 295 4930; x_wconf 84' lang='lat' dir='ltr'><strong>ln</strong></span> <span class='ocrx_word' id='word_1_690' title='bbox 318 4875 662 4930; x_wconf 88' lang='lat' dir='ltr'><strong>orationibus</strong></span> <span class='ocrx_word' id='word_1_691' title='bbox 705 4875 1044 4930; x_wconf 89' lang='lat' dir='ltr'><strong>celebrandis</strong></span> <span class='ocrx_word' id='word_1_692' title='bbox 1090 4875 1399 4930; x_wconf 90' lang='lat' dir='ltr'><strong>invenimus</strong></span> <span class='ocrx_word' id='word_1_693' title='bbox 1424 4874 1746 4931; x_wconf 88' lang='lat' dir='ltr'><strong>observasse</strong></span> 
     </span>
    </p>
   </div>
   <div class='ocr_carea' id='block_1_97' title="bbox 244 5005 1741 5079">
    <p class='ocr_par' dir='ltr' id='par_1_97' title="bbox 244 5005 1741 5079">
     <span class='ocr_line' id='line_1_97' title="bbox 244 5005 1741 5079; baseline -0.001 -16"><span class='ocrx_word' id='word_1_694' title='bbox 244 5009 359 5079; x_wconf 78' lang='grc'>(20)</span> <span class='ocrx_word' id='word_1_695' title='bbox 388 5009 555 5065; x_wconf 91' lang='lat' dir='ltr'><strong>Basil.</strong></span> <span class='ocrx_word' id='word_1_696' title='bbox 581 5009 673 5063; x_wconf 88' lang='lat' dir='ltr'><strong>lib.</strong></span> <span class='ocrx_word' id='word_1_697' title='bbox 707 5009 780 5062; x_wconf 89' lang='lat' dir='ltr'><strong>De</strong></span> <span class='ocrx_word' id='word_1_698' title='bbox 799 5007 941 5079; x_wconf 86' lang='lat' dir='ltr'><strong>Spir.</strong></span> <span class='ocrx_word' id='word_1_699' title='bbox 959 5008 1180 5078; x_wconf 90' lang='lat' dir='ltr'><strong>S.,cap.</strong></span> <span class='ocrx_word' id='word_1_700' title='bbox 1203 5005 1454 5077; x_wconf 51' lang='lat' dir='ltr'><strong>29.,0pp.</strong></span> <span class='ocrx_word' id='word_1_701' title='bbox 1484 5015 1620 5064; x_wconf 90' lang='lat' dir='ltr'><strong>tom.</strong></span> <span class='ocrx_word' id='word_1_702' title='bbox 1647 5011 1741 5076; x_wconf 83' lang='lat' dir='ltr'><strong>ill,</strong></span> 
     </span>
    </p>
   </div>
   <div class='ocr_carea' id='block_1_98' title="bbox 167 5079 742 5154">
    <p class='ocr_par' dir='ltr' id='par_1_98' title="bbox 167 5079 742 5154">
     <span class='ocr_line' id='line_1_98' title="bbox 167 5079 742 5154; baseline -0.003 -18"><span class='ocrx_word' id='word_1_703' title='bbox 167 5100 223 5154; x_wconf 88' lang='lat' dir='ltr'><strong>p.</strong></span> <span class='ocrx_word' id='word_1_704' title='bbox 260 5081 352 5154; x_wconf 67' lang='grc'><strong>01,</strong></span> <span class='ocrx_word' id='word_1_705' title='bbox 375 5082 506 5154; x_wconf 70' lang='lat' dir='ltr'><strong>edit.</strong></span> <span class='ocrx_word' id='word_1_706' title='bbox 533 5079 742 5154; x_wconf 90' lang='lat' dir='ltr'><strong>n_o_viss.</strong></span> 
     </span>
    </p>
   </div>
   <div class='ocr_carea' id='block_1_99' title="bbox 241 5148 1310 5220">
    <p class='ocr_par' dir='ltr' id='par_1_99' title="bbox 241 5148 1310 5220">
     <span class='ocr_line' id='line_1_99' title="bbox 241 5148 1310 5220; baseline -0.002 -16"><span class='ocrx_word' id='word_1_707' title='bbox 241 5152 356 5217; x_wconf 81' lang='grc'>(21)</span> <span class='ocrx_word' id='word_1_708' title='bbox 377 5149 539 5220; x_wconf 87' lang='lat' dir='ltr'><strong>Greg.</strong></span> <span class='ocrx_word' id='word_1_709' title='bbox 565 5149 754 5220; x_wconf 78' lang='lat' dir='ltr'><strong>Neoc.,</strong></span> <span class='ocrx_word' id='word_1_710' title='bbox 787 5149 989 5219; x_wconf 72' lang='lat' dir='ltr'><strong>Expos.</strong></span> <span class='ocrx_word' id='word_1_711' title='bbox 1025 5148 1142 5220; x_wconf 45' lang='grc' dir='ltr'><strong>βάς,</strong></span> <span class='ocrx_word' id='word_1_712' title='bbox 1169 5163 1224 5217; x_wconf 88' lang='lat' dir='ltr'><strong>p.</strong></span> <span class='ocrx_word' id='word_1_713' title='bbox 1259 5149 1310 5202; x_wconf 89' lang='grc'>1.</span> 
     </span>
    </p>
   </div>
   <div class='ocr_carea' id='block_1_100' title="bbox 240 5218 1739 5291">
    <p class='ocr_par' dir='ltr' id='par_1_100' title="bbox 240 5218 1739 5291">
     <span class='ocr_line' id='line_1_100' title="bbox 240 5218 1739 5291; baseline 0 -17"><span class='ocrx_word' id='word_1_714' title='bbox 240 5220 356 5291; x_wconf 78' lang='grc'>(22)</span> <span class='ocrx_word' id='word_1_715' title='bbox 388 5218 632 5289; x_wconf 76' lang='lat' dir='ltr'><strong>Origen.,</strong></span> <span class='ocrx_word' id='word_1_716' title='bbox 669 5218 961 5274; x_wconf 85' lang='lat' dir='ltr'><strong>Comment.</strong></span> <span class='ocrx_word' id='word_1_717' title='bbox 995 5218 1048 5272; x_wconf 82' lang='lat' dir='ltr'><strong>in</strong></span> <span class='ocrx_word' id='word_1_718' title='bbox 1086 5218 1276 5291; x_wconf 66' lang='lat' dir='ltr'><strong>Matth.</strong></span> <span class='ocrx_word' id='word_1_719' title='bbox 1299 5258 1315 5284; x_wconf 91' lang='lat'><strong>,</strong></span> <span class='ocrx_word' id='word_1_720' title='bbox 1356 5228 1507 5281; x_wconf 75' lang='lat' dir='ltr'><strong>tom.</strong></span> <span class='ocrx_word' id='word_1_721' title='bbox 1552 5233 1644 5286; x_wconf 83' lang='lat' dir='ltr'><strong>xv,</strong></span> <span class='ocrx_word' id='word_1_722' title='bbox 1684 5237 1739 5274; x_wconf 94' lang='lat' dir='ltr'><strong>n.</strong></span> 
     </span>
    </p>
   </div>
   <div class='ocr_carea' id='block_1_101' title="bbox 168 5288 1215 5358">
    <p class='ocr_par' dir='ltr' id='par_1_101' title="bbox 168 5288 1215 5358">
     <span class='ocr_line' id='line_1_101' title="bbox 168 5288 1215 5358; baseline -0.005 -12"><span class='ocrx_word' id='word_1_723' title='bbox 168 5288 262 5351; x_wconf 76' lang='lat'><strong>51,</strong></span> <span class='ocrx_word' id='word_1_724' title='bbox 296 5292 427 5343; x_wconf 88' lang='lat' dir='ltr'><strong>edit.</strong></span> <span class='ocrx_word' id='word_1_725' title='bbox 457 5288 691 5354; x_wconf 83' lang='lat' dir='ltr'><strong>noviss.,</strong></span> <span class='ocrx_word' id='word_1_726' title='bbox 717 5299 849 5344; x_wconf 89' lang='lat' dir='ltr'><strong>tom.</strong></span> <span class='ocrx_word' id='word_1_727' title='bbox 883 5305 969 5353; x_wconf 83' lang='grc' dir='ltr'>ιιι,</span> <span class='ocrx_word' id='word_1_728' title='bbox 1006 5305 1056 5358; x_wconf 93' lang='lat' dir='ltr'><strong>p.</strong></span> <span class='ocrx_word' id='word_1_729' title='bbox 1091 5288 1215 5342; x_wconf 83' lang='lat'><strong>698.</strong></span> 
     </span>
    </p>
   </div>
   <div class='ocr_carea' id='block_1_102' title="bbox 244 5359 1741 5430">
    <p class='ocr_par' dir='ltr' id='par_1_102' title="bbox 244 5359 1741 5430">
     <span class='ocr_line' id='line_1_102' title="bbox 244 5359 1741 5430; baseline 0.001 -18"><span class='ocrx_word' id='word_1_730' title='bbox 244 5362 358 5430; x_wconf 68' lang='lat'><strong>(2’5)</strong></span> <span class='ocrx_word' id='word_1_731' title='bbox 391 5361 561 5430; x_wconf 88' lang='lat' dir='ltr'><strong>Idem,</strong></span> <span class='ocrx_word' id='word_1_732' title='bbox 613 5361 759 5412; x_wconf 90' lang='lat' dir='ltr'><strong>hom.</strong></span> <span class='ocrx_word' id='word_1_733' title='bbox 808 5361 919 5413; x_wconf 86' lang='lat' dir='ltr'><strong>9in</strong></span> <span class='ocrx_word' id='word_1_734' title='bbox 952 5359 1148 5423; x_wconf 65' lang='lat' dir='ltr'><strong>Exod,</strong></span> <span class='ocrx_word' id='word_1_735' title='bbox 1185 5375 1238 5414; x_wconf 86' lang='grc' dir='ltr'>ιι.</span> <span class='ocrx_word' id='word_1_736' title='bbox 1277 5360 1329 5424; x_wconf 84' lang='grc'>5,</span> <span class='ocrx_word' id='word_1_737' title='bbox 1381 5361 1532 5430; x_wconf 86' lang='lat' dir='ltr'><strong>hom.</strong></span> <span class='ocrx_word' id='word_1_738' title='bbox 1575 5361 1633 5414; x_wconf 84' lang='grc'><strong>11</strong></span> <span class='ocrx_word' id='word_1_739' title='bbox 1686 5361 1741 5414; x_wconf 89' lang='lat' dir='ltr'><strong>in</strong></span> 
     </span>
    </p>
   </div>
   <div class='ocr_carea' id='block_1_103' title="bbox 171 5429 1737 5499">
    <p class='ocr_par' dir='ltr' id='par_1_103' title="bbox 171 5429 1737 5499">
     <span class='ocr_line' id='line_1_103' title="bbox 171 5429 1737 5499; baseline -0.001 -13"><span class='ocrx_word' id='word_1_740' title='bbox 171 5429 346 5486; x_wconf 82' lang='lat' dir='ltr'><strong>Num.</strong></span> <span class='ocrx_word' id='word_1_741' title='bbox 376 5447 432 5483; x_wconf 93' lang='lat' dir='ltr'><strong>n.</strong></span> <span class='ocrx_word' id='word_1_742' title='bbox 452 5429 506 5494; x_wconf 83' lang='lat'><strong>8,</strong></span> <span class='ocrx_word' id='word_1_743' title='bbox 532 5431 588 5487; x_wconf 86' lang='lat' dir='ltr'><strong>in</strong></span> <span class='ocrx_word' id='word_1_744' title='bbox 627 5431 763 5499; x_wconf 89' lang='lat' dir='ltr'><strong>psal.</strong></span> <span class='ocrx_word' id='word_1_745' title='bbox 788 5446 968 5493; x_wconf 77' lang='lat' dir='ltr'><strong>cxuv,</strong></span> <span class='ocrx_word' id='word_1_746' title='bbox 994 5441 1046 5483; x_wconf 91' lang='lat' dir='ltr'><strong>et</strong></span> <span class='ocrx_word' id='word_1_747' title='bbox 1068 5430 1161 5482; x_wconf 92' lang='lat' dir='ltr'><strong>lib.</strong></span> <span class='ocrx_word' id='word_1_748' title='bbox 1188 5444 1279 5493; x_wconf 76' lang='lat' dir='ltr'><strong>tu,</strong></span> <span class='ocrx_word' id='word_1_749' title='bbox 1300 5432 1352 5482; x_wconf 89' lang='lat' dir='ltr'><strong>in</strong></span> <span class='ocrx_word' id='word_1_750' title='bbox 1372 5429 1527 5484; x_wconf 88' lang='lat' dir='ltr'><strong>Cant.</strong></span> <span class='ocrx_word' id='word_1_751' title='bbox 1548 5440 1690 5483; x_wconf 90' lang='lat' dir='ltr'><strong>cant.</strong></span> <span class='ocrx_word' id='word_1_752' title='bbox 1725 5473 1737 5484; x_wconf 93' lang='lat'><strong>.</strong></span> 
     </span>
    </p>
   </div>
   <div class='ocr_carea' id='block_1_104' title="bbox 169 5499 1737 5624">
    <p class='ocr_par' dir='ltr' id='par_1_104' title="bbox 169 5499 1737 5624">
     <span class='ocr_line' id='line_1_104' title="bbox 169 5499 1737 5624; baseline 0 -70"><span class='ocrx_word' id='word_1_753' title='bbox 169 5503 455 5624; x_wconf 42' lang='lat' dir='ltr'><strong>V’id8.‘0pp.</strong></span> <span class='ocrx_word' id='word_1_754' title='bbox 501 5510 633 5554; x_wconf 89' lang='lat' dir='ltr'><strong>tom.</strong></span> <span class='ocrx_word' id='word_1_755' title='bbox 670 5515 738 5565; x_wconf 89' lang='grc' dir='ltr'>ιι,</span> <span class='ocrx_word' id='word_1_756' title='bbox 772 5517 822 5570; x_wconf 83' lang='grc' dir='ltr'>ρ.</span> <span class='ocrx_word' id='word_1_757' title='bbox 866 5500 989 5566; x_wconf 70' lang='grc'>165,</span> <span class='ocrx_word' id='word_1_758' title='bbox 1032 5499 1157 5564; x_wconf 86' lang='grc'>510,</span> <span class='ocrx_word' id='word_1_759' title='bbox 1191 5500 1326 5564; x_wconf 77' lang='grc'>845,</span> <span class='ocrx_word' id='word_1_760' title='bbox 1371 5511 1424 5553; x_wconf 89' lang='lat' dir='ltr'><strong>et</strong></span> <span class='ocrx_word' id='word_1_761' title='bbox 1460 5510 1590 5555; x_wconf 93' lang='lat' dir='ltr'><strong>tom.</strong></span> <span class='ocrx_word' id='word_1_762' title='bbox 1655 5518 1737 5567; x_wconf 92' lang='grc' dir='ltr'>ιιι,</span> 
     </span>
     <span class='ocr_line' id='line_1_105' title="bbox 169 5591 350 5624; baseline 0 0"><span class='ocrx_word' id='word_1_763' title='bbox 169 5591 220 5624; x_wconf 83' lang='grc' dir='ltr'>ῐ).</span> <span class='ocrx_word' id='word_1_764' title='bbox 268 5605 306 5624; x_wconf 46' lang='grc' dir='ltr'><strong>ηι</strong></span> <span class='ocrx_word' id='word_1_765' title='bbox 336 5609 350 5624; x_wconf 57' lang='grc' dir='ltr'><strong>θ</strong></span> 
     </span>
    </p>
   </div>
   <div class='ocr_carea' id='block_1_105' title="bbox 169 5591 1734 5768">
    <p class='ocr_par' dir='ltr' id='par_1_105' title="bbox 169 5591 1734 5768">
     <span class='ocr_line' id='line_1_106' title="bbox 169 5591 1734 5768; baseline 0.001 -72"><span class='ocrx_word' id='word_1_766' title='bbox 385 5641 558 5698; x_wconf 80' lang='lat' dir='ltr'><strong>Clem.</strong></span> <span class='ocrx_word' id='word_1_767' title='bbox 584 5641 687 5705; x_wconf 79' lang='lat' dir='ltr'><strong>AL,</strong></span> <span class='ocrx_word' id='word_1_768' title='bbox 721 5639 943 5706; x_wconf 88' lang='lat' dir='ltr'><strong>Strom.,</strong></span> <span class='ocrx_word' id='word_1_769' title='bbox 976 5640 1069 5695; x_wconf 90' lang='lat' dir='ltr'><strong>lib.</strong></span> <span class='ocrx_word' id='word_1_770' title='bbox 1096 5656 1146 5707; x_wconf 58' lang='grc' dir='ltr'><strong>κ’,</strong></span> <span class='ocrx_word' id='word_1_771' title='bbox 1174 5657 1224 5712; x_wconf 90' lang='lat' dir='ltr'><strong>p.</strong></span> <span class='ocrx_word' id='word_1_772' title='bbox 1244 5641 1376 5711; x_wconf 88' lang='grc'>710,</span> <span class='ocrx_word' id='word_1_773' title='bbox 1399 5643 1526 5698; x_wconf 81' lang='lat' dir='ltr'><strong>edit.</strong></span> <span class='ocrx_word' id='word_1_774' title='bbox 1560 5642 1734 5701; x_wconf 81' lang='lat' dir='ltr'><strong>Oxon.</strong></span> 
     </span>
    </p>
   </div>
   <div class='ocr_carea' id='block_1_106' title="bbox 1851 4505 3428 4576">
    <p class='ocr_par' dir='ltr' id='par_1_106' title="bbox 1851 4505 3428 4576">
     <span class='ocr_line' id='line_1_107' title="bbox 1851 4505 3428 4576; baseline -0.003 -13"><span class='ocrx_word' id='word_1_775' title='bbox 1851 4511 2031 4572; x_wconf 71' lang='lat' dir='ltr'><strong>curiaz.</strong></span> <span class='ocrx_word' id='word_1_776' title='bbox 2082 4508 2140 4562; x_wconf 86' lang='lat' dir='ltr'><strong>In</strong></span> <span class='ocrx_word' id='word_1_777' title='bbox 2191 4525 2254 4563; x_wconf 88' lang='lat' dir='ltr'><strong>eo</strong></span> <span class='ocrx_word' id='word_1_778' title='bbox 2287 4517 2470 4562; x_wconf 88' lang='lat' dir='ltr'><strong>autem</strong></span> <span class='ocrx_word' id='word_1_779' title='bbox 2521 4515 2646 4576; x_wconf 85' lang='lat' dir='ltr'><strong>post</strong></span> <span class='ocrx_word' id='word_1_780' title='bbox 2695 4507 2957 4566; x_wconf 86' lang='lat' dir='ltr'><strong>medium.</strong></span> <span class='ocrx_word' id='word_1_781' title='bbox 3001 4507 3090 4560; x_wconf 77' lang='lat' dir='ltr'><strong>tibi</strong></span> <span class='ocrx_word' id='word_1_782' title='bbox 3153 4505 3428 4575; x_wconf 65' lang='lat' dir='ltr'><strong>incipiunt,</strong></span> 
     </span>
    </p>
   </div>
   <div class='ocr_carea' id='block_1_107' title="bbox 1849 4597 3419 4670">
    <p class='ocr_par' dir='ltr' id='par_1_107' title="bbox 1849 4597 3419 4670">
     <span class='ocr_line' id='line_1_108' title="bbox 1849 4597 3419 4670; baseline -0.003 -16"><span class='ocrx_word' id='word_1_783' title='bbox 1849 4601 2165 4670; x_wconf 80' lang='lat' dir='ltr'><strong>festivitates</strong></span> <span class='ocrx_word' id='word_1_784' title='bbox 2205 4610 2541 4662; x_wconf 87' lang='lat' dir='ltr'><strong>sanctorum,</strong></span> <span class='ocrx_word' id='word_1_785' title='bbox 2577 4601 2629 4652; x_wconf 91' lang='lat' dir='ltr'><strong>in</strong></span> <span class='ocrx_word' id='word_1_786' title='bbox 2662 4597 2802 4652; x_wconf 86' lang='lat' dir='ltr'><strong>festo</strong></span> <span class='ocrx_word' id='word_1_787' title='bbox 2839 4598 2894 4650; x_wconf 84' lang='lat' dir='ltr'><strong>S.</strong></span> <span class='ocrx_word' id='word_1_788' title='bbox 2923 4597 3152 4651; x_wconf 66' lang='lat' dir='ltr'><strong>Andreae</strong></span> <span class='ocrx_word' id='word_1_789' title='bbox 3187 4598 3419 4666; x_wconf 89' lang='lat' dir='ltr'><strong>apostoli</strong></span> 
     </span>
    </p>
   </div>
   <div class='ocr_carea' id='block_1_108' title="bbox 1847 4689 3436 4760">
    <p class='ocr_par' dir='ltr' id='par_1_108' title="bbox 1847 4689 3436 4760">
     <span class='ocr_line' id='line_1_109' title="bbox 1847 4689 3436 4760; baseline -0.004 -12"><span class='ocrx_word' id='word_1_790' title='bbox 1847 4709 1940 4748; x_wconf 83' lang='lat' dir='ltr'><strong>sex</strong></span> <span class='ocrx_word' id='word_1_791' title='bbox 1967 4694 2227 4748; x_wconf 88' lang='lat' dir='ltr'><strong>lectiones</strong></span> <span class='ocrx_word' id='word_1_792' title='bbox 2255 4693 2540 4757; x_wconf 89' lang='lat' dir='ltr'><strong>habentur,</strong></span> <span class='ocrx_word' id='word_1_793' title='bbox 2578 4706 2642 4746; x_wconf 87' lang='lat' dir='ltr'><strong>ex</strong></span> <span class='ocrx_word' id='word_1_794' title='bbox 2662 4690 2902 4760; x_wconf 89' lang='lat' dir='ltr'><strong>Epistola</strong></span> <span class='ocrx_word' id='word_1_795' title='bbox 2930 4689 3186 4745; x_wconf 66' lang='lat' dir='ltr'><strong>Ecclesiae</strong></span> <span class='ocrx_word' id='word_1_796' title='bbox 3214 4690 3436 4744; x_wconf 72' lang='lat' dir='ltr'><strong>Achai-‘</strong></span> 
     </span>
    </p>
   </div>
   <div class='ocr_carea' id='block_1_109' title="bbox 1845 4783 3433 4853">
    <p class='ocr_par' dir='ltr' id='par_1_109' title="bbox 1845 4783 3433 4853">
     <span class='ocr_line' id='line_1_110' title="bbox 1845 4783 3433 4853; baseline -0.002 -12"><span class='ocrx_word' id='word_1_797' title='bbox 1845 4801 1924 4841; x_wconf 83' lang='lat' dir='ltr'><strong>cae</strong></span> <span class='ocrx_word' id='word_1_798' title='bbox 1953 4787 2284 4840; x_wconf 89' lang='lat' dir='ltr'><strong>verbotenus</strong></span> <span class='ocrx_word' id='word_1_799' title='bbox 2320 4784 2647 4853; x_wconf 70' lang='lat' dir='ltr'><strong>desumpta-2;</strong></span> <span class='ocrx_word' id='word_1_800' title='bbox 2681 4785 2736 4838; x_wconf 92' lang='lat' dir='ltr'><strong>in</strong></span> <span class='ocrx_word' id='word_1_801' title='bbox 2768 4799 3000 4852; x_wconf 91' lang='lat' dir='ltr'><strong>quarum</strong></span> <span class='ocrx_word' id='word_1_802' title='bbox 3027 4783 3224 4853; x_wconf 89' lang='lat' dir='ltr'><strong>prima,</strong></span> <span class='ocrx_word' id='word_1_803' title='bbox 3257 4783 3433 4838; x_wconf 86' lang='lat' dir='ltr'><strong>lectio.</strong></span> 
     </span>
    </p>
   </div>
   <div class='ocr_carea' id='block_1_110' title="bbox 1843 4866 2516 4948">
    <p class='ocr_par' dir='ltr' id='par_1_110' title="bbox 1843 4866 2516 4948">
     <span class='ocr_line' id='line_1_111' title="bbox 1843 4866 2516 4948; baseline -0.004 -16"><span class='ocrx_word' id='word_1_804' title='bbox 1843 4866 2233 4948; x_wconf 86' lang='lat' dir='ltr'><strong>Lipomaniana</strong></span> <span class='ocrx_word' id='word_1_805' title='bbox 2261 4875 2516 4932; x_wconf 84' lang='lat' dir='ltr'><strong>occurrit.</strong></span> 
     </span>
    </p>
   </div>
   <div class='ocr_carea' id='block_1_111' title="bbox 1842 5012 3420 5138">
    <p class='ocr_par' dir='ltr' id='par_1_111' title="bbox 1842 5012 3420 5138">
     <span class='ocr_line' id='line_1_112' title="bbox 1842 5012 3420 5138; baseline 0.001 -71"><span class='ocrx_word' id='word_1_806' title='bbox 1842 5015 2029 5138; x_wconf 69' lang='lat'><strong>67(525)</strong></span> <span class='ocrx_word' id='word_1_807' title='bbox 2060 5013 2284 5080; x_wconf 66' lang='lat' dir='ltr'><strong>Euseb,</strong></span> <span class='ocrx_word' id='word_1_808' title='bbox 2314 5012 2492 5082; x_wconf 69' lang='lat' dir='ltr'><strong>Praep.</strong></span> <span class='ocrx_word' id='word_1_809' title='bbox 2527 5029 2712 5083; x_wconf 83' lang='lat' dir='ltr'><strong>evang.</strong></span> <span class='ocrx_word' id='word_1_810' title='bbox 2735 5054 2750 5077; x_wconf 95' lang='lat'><strong>,</strong></span> <span class='ocrx_word' id='word_1_811' title='bbox 2776 5013 2872 5069; x_wconf 88' lang='lat' dir='ltr'><strong>lib.</strong></span> <span class='ocrx_word' id='word_1_812' title='bbox 2912 5031 3034 5081; x_wconf 79' lang='lat' dir='ltr'><strong>xm,</strong></span> <span class='ocrx_word' id='word_1_813' title='bbox 3059 5029 3178 5085; x_wconf 90' lang='lat' dir='ltr'><strong>cap.</strong></span> <span class='ocrx_word' id='word_1_814' title='bbox 3219 5016 3286 5069; x_wconf 79' lang='grc'><strong>15</strong></span> <span class='ocrx_word' id='word_1_815' title='bbox 3313 5057 3329 5081; x_wconf 95' lang='grc'>,</span> <span class='ocrx_word' id='word_1_816' title='bbox 3368 5033 3420 5084; x_wconf 87' lang='lat' dir='ltr'><strong>p.</strong></span> 
     </span>
    </p>
   </div>
   <div class='ocr_carea' id='block_1_112' title="bbox 1914 5153 3047 5224">
    <p class='ocr_par' dir='ltr' id='par_1_112' title="bbox 1914 5153 3047 5224">
     <span class='ocr_line' id='line_1_113' title="bbox 1914 5153 3047 5224; baseline 0.003 -16"><span class='ocrx_word' id='word_1_817' title='bbox 1914 5155 2026 5224; x_wconf 87' lang='grc'>(26)</span> <span class='ocrx_word' id='word_1_818' title='bbox 2059 5154 2328 5223; x_wconf 88' lang='lat' dir='ltr'><strong>Theoph.,</strong></span> <span class='ocrx_word' id='word_1_819' title='bbox 2356 5154 2424 5207; x_wconf 90' lang='lat' dir='ltr'><strong>ad</strong></span> <span class='ocrx_word' id='word_1_820' title='bbox 2451 5153 2653 5224; x_wconf 69' lang='lat' dir='ltr'><strong>Autol.,</strong></span> <span class='ocrx_word' id='word_1_821' title='bbox 2686 5153 2782 5208; x_wconf 86' lang='lat' dir='ltr'><strong>lib.</strong></span> <span class='ocrx_word' id='word_1_822' title='bbox 2817 5172 2878 5222; x_wconf 89' lang='lat' dir='ltr'><strong>tt,</strong></span> <span class='ocrx_word' id='word_1_823' title='bbox 2911 5156 3047 5224; x_wconf 77' lang='lat' dir='ltr'><strong>§i5.</strong></span> 
     </span>
    </p>
   </div>
   <div class='ocr_carea' id='block_1_113' title="bbox 1912 5223 3126 5296">
    <p class='ocr_par' dir='ltr' id='par_1_113' title="bbox 1912 5223 3126 5296">
     <span class='ocr_line' id='line_1_114' title="bbox 1912 5223 3126 5296; baseline 0.002 -18"><span class='ocrx_word' id='word_1_824' title='bbox 1912 5223 2025 5296; x_wconf 88' lang='grc'>(27)</span> <span class='ocrx_word' id='word_1_825' title='bbox 2059 5224 2448 5296; x_wconf 34' lang='grc' dir='ltr'><strong>Τθιῑιιιιτηαάιι.</strong></span> <span class='ocrx_word' id='word_1_826' title='bbox 2483 5223 2682 5296; x_wconf 56' lang='lat' dir='ltr'><strong>Prata,</strong></span> <span class='ocrx_word' id='word_1_827' title='bbox 2711 5240 2868 5296; x_wconf 84' lang='lat' dir='ltr'><strong>capp.</strong></span> <span class='ocrx_word' id='word_1_828' title='bbox 2901 5223 2957 5292; x_wconf 83' lang='grc'><strong>2,</strong></span> <span class='ocrx_word' id='word_1_829' title='bbox 2991 5228 3045 5291; x_wconf 86' lang='grc'>5,</span> <span class='ocrx_word' id='word_1_830' title='bbox 3071 5227 3126 5280; x_wconf 89' lang='grc'>8.</span> 
     </span>
    </p>
   </div>
   <div class='ocr_carea' id='block_1_114' title="bbox 1911 5293 3420 5376">
    <p class='ocr_par' dir='ltr' id='par_1_114' title="bbox 1911 5293 3420 5376">
     <span class='ocr_line' id='line_1_115' title="bbox 1911 5293 3420 5376; baseline 0 -26"><span class='ocrx_word' id='word_1_831' title='bbox 1911 5293 2025 5376; x_wconf 81' lang='grc'>(28)</span> <span class='ocrx_word' id='word_1_832' title='bbox 2058 5295 2246 5376; x_wconf 58' lang='lat' dir='ltr'><strong>Cypra,</strong></span> <span class='ocrx_word' id='word_1_833' title='bbox 2271 5294 2365 5347; x_wconf 91' lang='lat' dir='ltr'><strong>lib.</strong></span> <span class='ocrx_word' id='word_1_834' title='bbox 2388 5295 2466 5348; x_wconf 88' lang='lat' dir='ltr'><strong>De</strong></span> <span class='ocrx_word' id='word_1_835' title='bbox 2487 5304 2625 5347; x_wconf 92' lang='lat' dir='ltr'><strong>orat.</strong></span> <span class='ocrx_word' id='word_1_836' title='bbox 2650 5293 2832 5363; x_wconf 55' lang='lat' dir='ltr'><strong>Domf,</strong></span> <span class='ocrx_word' id='word_1_837' title='bbox 2868 5313 2992 5367; x_wconf 60' lang='lat' dir='ltr'><strong>pag.</strong></span> <span class='ocrx_word' id='word_1_838' title='bbox 3018 5298 3143 5363; x_wconf 76' lang='grc'>214,</span> <span class='ocrx_word' id='word_1_839' title='bbox 3166 5293 3292 5361; x_wconf 77' lang='grc'>215,</span> <span class='ocrx_word' id='word_1_840' title='bbox 3332 5298 3420 5351; x_wconf 88' lang='lat' dir='ltr'><strong>cd.</strong></span> 
     </span>
    </p>
   </div>
   <div class='ocr_carea' id='block_1_115' title="bbox 1839 5365 2240 5421">
    <p class='ocr_par' dir='ltr' id='par_1_115' title="bbox 1839 5365 2240 5421">
     <span class='ocr_line' id='line_1_116' title="bbox 1839 5365 2240 5421; baseline 0.002 -3"><span class='ocrx_word' id='word_1_841' title='bbox 1839 5365 2044 5421; x_wconf 87' lang='lat' dir='ltr'><strong>noviss.</strong></span> <span class='ocrx_word' id='word_1_842' title='bbox 2068 5365 2240 5419; x_wconf 86' lang='lat' dir='ltr'><strong>Paris.</strong></span> 
     </span>
    </p>
   </div>
   <div class='ocr_carea' id='block_1_116' title="bbox 1910 5435 3208 5506">
    <p class='ocr_par' dir='ltr' id='par_1_116' title="bbox 1910 5435 3208 5506">
     <span class='ocr_line' id='line_1_117' title="bbox 1910 5435 3208 5506; baseline 0.001 -17"><span class='ocrx_word' id='word_1_843' title='bbox 1910 5437 2025 5506; x_wconf 83' lang='grc'>(29)</span> <span class='ocrx_word' id='word_1_844' title='bbox 2069 5435 2342 5502; x_wconf 83' lang='lat' dir='ltr'><strong>Ruinart.,</strong></span> <span class='ocrx_word' id='word_1_845' title='bbox 2368 5436 2500 5506; x_wconf 75' lang='lat' dir='ltr'><strong>Acta</strong></span> <span class='ocrx_word' id='word_1_846' title='bbox 2525 5445 2771 5506; x_wconf 83' lang='lat' dir='ltr'><strong>martyr.,</strong></span> <span class='ocrx_word' id='word_1_847' title='bbox 2795 5453 2919 5506; x_wconf 84' lang='lat' dir='ltr'><strong>pag.</strong></span> <span class='ocrx_word' id='word_1_848' title='bbox 2943 5435 3066 5502; x_wconf 80' lang='grc'><strong>192,</strong></span> <span class='ocrx_word' id='word_1_849' title='bbox 3099 5436 3126 5506; x_wconf 83' lang='lat'>§</span> <span class='ocrx_word' id='word_1_850' title='bbox 3155 5437 3208 5490; x_wconf 66' lang='grc'>4.</span> 
     </span>
    </p>
   </div>
   <div class='ocr_carea' id='block_1_117' title="bbox 1911 5453 3252 5575">
    <p class='ocr_par' dir='ltr' id='par_1_117' title="bbox 1911 5453 3252 5575">
     <span class='ocr_line' id='line_1_118' title="bbox 1911 5453 3208 5506; baseline 0.001 -17"><span class='ocrx_word' id='word_1_851' title='bbox 1911 5453 2025 5506; x_wconf 61' lang='grc'>(23)</span> <span class='ocrx_word' id='word_1_852' title='bbox 2069 5453 2342 5502; x_wconf 69' lang='lat' dir='ltr'><strong>numam,</strong></span> <span class='ocrx_word' id='word_1_853' title='bbox 2368 5453 2500 5489; x_wconf 68' lang='lat' dir='ltr'><strong>acta</strong></span> <span class='ocrx_word' id='word_1_854' title='bbox 2525 5453 2771 5506; x_wconf 82' lang='lat' dir='ltr'><strong>martyr.,</strong></span> <span class='ocrx_word' id='word_1_855' title='bbox 2833 5453 2861 5490; x_wconf 91' lang='lat' dir='ltr'><strong>a</strong></span> <span class='ocrx_word' id='word_1_856' title='bbox 2905 5477 2919 5491; x_wconf 94' lang='lat'><strong>.</strong></span> <span class='ocrx_word' id='word_1_857' title='bbox 2943 5453 3066 5502; x_wconf 67' lang='lat' dir='ltr'><strong>tua,</strong></span> <span class='ocrx_word' id='word_1_858' title='bbox 3099 5453 3126 5506; x_wconf 60' lang='grc' dir='ltr'>θ</span> <span class='ocrx_word' id='word_1_859' title='bbox 3155 5453 3208 5490; x_wconf 72' lang='grc'>4.</span> 
     </span>
     <span class='ocr_line' id='line_1_119' title="bbox 1911 5453 3252 5575; baseline 0 -15"><span class='ocrx_word' id='word_1_860' title='bbox 1911 5506 2023 5575; x_wconf 87' lang='grc'>(50)</span> <span class='ocrx_word' id='word_1_861' title='bbox 2049 5506 2272 5567; x_wconf 83' lang='lat' dir='ltr'><strong>Baron..</strong></span> <span class='ocrx_word' id='word_1_862' title='bbox 2314 5506 2382 5560; x_wconf 92' lang='lat' dir='ltr'><strong>ad</strong></span> <span class='ocrx_word' id='word_1_863' title='bbox 2418 5505 2642 5575; x_wconf 80' lang='lat' dir='ltr'><strong>Martyr.</strong></span> <span class='ocrx_word' id='word_1_864' title='bbox 2672 5507 2725 5561; x_wconf 91' lang='lat' dir='ltr'><strong>d.</strong></span> <span class='ocrx_word' id='word_1_865' title='bbox 2753 5453 3013 5572; x_wconf 41' lang='lat'><strong>581%“,</strong></span> <span class='ocrx_word' id='word_1_866' title='bbox 3047 5518 3160 5562; x_wconf 92' lang='lat' dir='ltr'><strong>not.</strong></span> <span class='ocrx_word' id='word_1_867' title='bbox 3184 5507 3252 5560; x_wconf 85' lang='lat' dir='ltr'><strong>A.</strong></span> 
     </span>
    </p>
   </div>
   <div class='ocr_carea' id='block_1_118' title="bbox 1838 5575 3416 5702">
    <p class='ocr_par' dir='ltr' id='par_1_118' title="bbox 1838 5575 3416 5702">
     <span class='ocr_line' id='line_1_120' title="bbox 1838 5575 3416 5702; baseline -0.001 -70"><span class='ocrx_word' id='word_1_868' title='bbox 1838 5647 1878 5701; x_wconf 74' lang='grc' dir='ltr'><strong>Ε</strong></span> <span class='ocrx_word' id='word_1_869' title='bbox 1909 5578 2022 5702; x_wconf 52' lang='lat' dir='ltr'><strong>(Si)</strong></span> <span class='ocrx_word' id='word_1_870' title='bbox 2058 5577 2193 5632; x_wconf 85' lang='lat' dir='ltr'><strong>Bibl.</strong></span> <span class='ocrx_word' id='word_1_871' title='bbox 2223 5577 2327 5633; x_wconf 89' lang='lat' dir='ltr'><strong>PP.</strong></span> <span class='ocrx_word' id='word_1_872' title='bbox 2385 5577 2579 5648; x_wconf 87' lang='lat' dir='ltr'><strong>Congr.</strong></span> <span class='ocrx_word' id='word_1_873' title='bbox 2611 5577 2760 5634; x_wconf 88' lang='lat' dir='ltr'><strong>Orat.</strong></span> <span class='ocrx_word' id='word_1_874' title='bbox 2782 5577 2982 5646; x_wconf 85' lang='lat' dir='ltr'><strong>Venet.,</strong></span> <span class='ocrx_word' id='word_1_875' title='bbox 3009 5577 3144 5647; x_wconf 88' lang='lat' dir='ltr'><strong>plut.</strong></span> <span class='ocrx_word' id='word_1_876' title='bbox 3178 5575 3244 5641; x_wconf 82' lang='lat' dir='ltr'><strong>V,</strong></span> <span class='ocrx_word' id='word_1_877' title='bbox 3287 5585 3416 5641; x_wconf 74' lang='lat' dir='ltr'><strong>tt0t.,_</strong></span> 
     </span>
    </p>
   </div>
  </div>
