3838 6218
136 325 160 377 1
173 323 298 377 209

831 317 1169 380 EPISTOLA
1208 317 1295 374 DE
1338 316 1702 374 MARTYRIO
1740 319 1799 375 S.
1833 317 2241 374 ANDREE.—-
2267 317 2628 374 PROGEMIA.

3258 314 3396 371 1210

135 443 198 494 iu
226 439 458 509 regione
487 436 826 493 Osrhoenica
850 439 1024 509 posita
1049 454 1190 508 quae,
1220 446 1359 493 teste
1378 436 1559 491 Plinio
1591 438 1725 510 (46),
1756 467 1803 523 Α
1836 436 2068 490 vocavit.
2108 455 2127 488 ι
2173 434 2393 492 Justino
2446 437 2689 491 concinit
2747 434 2987 502 Plinius,
3038 434 3182 504 apud
3233 450 3397 505 quem

140 532 445 601 quondam
476 530 766 585 Antiochia
817 530 1122 594 dicebatur,
1158 539 1321 598 atque
1351 545 1379 583 a
1416 528 1567 584 fonte
1598 545 1727 599 per-

137 626 356 681 lucidis
393 624 555 679 undis
606 624 717 679 illic
758 623 978 688 fluente,
1018 622 1364 677 Callirrhoe:
1419 636 1730 689 nomenque

134 715 379 771 Edessa:
400 715 633 770 inditum
652 714 827 770 eidem
844 714 1011 771 fuisse
1031 716 1353 785 perhibetur
1367 731 1397 768 a
1416 713 1729 767 Macedoni-

136 809 259 863 bus
271 819 561 877 postquam
577 807 944 863 abAlexandri
961 807 1031 861 M.
1050 808 1385 877 temporibus
1399 816 1523 861 sunt
1537 807 1623 860 illa
1641 820 1731 875 po-

139 902 261 955 titi.
282 899 399 955 Non
416 902 677 971 estigitur
692 917 788 955 cur
807 900 860 954 in
880 901 1131 954 ultimum
1152 901 1415 954 orientem
1434 915 1556 954 cum
1576 898 1733 951 Blon-

138 993 299 1047 dello
324 992 717 1065 transmigrare
740 1007 1034 1062 cogamur,
1071 1004 1131 1045 ut
1178 992 1471 1061 Sophronii
1503 990 1727 1060 Egeam

142 1081 564 1137 Edessenorum
599 1098 777 1153 regem
822 1082 1146 1136 invisamus.
1182 1081 1455 1137 Discimus
1486 1082 1631 1135 enim
1662 1096 1730 1134 ex

138 1173 349 1229 Tacito
380 1175 490 1243 (47)
551 1175 815 1229 Achaiam
850 1185 903 1229 et
934 1173 1307 1229 Macedoniam
1338 1174 1570 1243 imperio
1604 1188 1731 1243 pro-

131 1267 433 1322 consulari
460 1266 630 1322 fuisse
663 1267 957 1336 subiectas.
996 1266 1132 1321 Hinc
1156 1267 1340 1336 itaque
1369 1266 1557 1319 mirari
1586 1265 1731 1318 haud

137 1358 567 1429 subitAEgeam,
600 1358 692 1428 qui
724 1358 899 1412 fertur
927 1358 1224 1428 proconsul
1250 1358 1490 1421 Achaiae,
1519 1357 1730 1411 censeri

133 1460 197 1505 et
231 1448 455 1504 Edessa:
484 1448 849 1503 Macedonicae
878 1464 1089 1519 regem;
1110 1449 1353 1518 adeoque
1372 1447 1443 1501 ab
1472 1448 1575 1502 hac
1599 1448 1732 1501 urbe

138 1543 485 1613 digressum,
514 1540 705 1596 Patras
746 1541 973 1597 Achazas
1004 1542 1334 1611 perrexisse,
1375 1549 1439 1595 ut
1482 1540 1733 1610 perhibet

137 1636 398 1705 Epistola
428 1645 636 1689 nostra.
668 1635 1020 1690 Proconsulis
1056 1650 1293 1704 namque
1321 1634 1478 1690 sedes
1528 1632 1732 1688 Edessa

136 1730 389 1784 fortasse
448 1728 616 1782 fuerit
683 1743 915 1798 eamque
977 1728 1281 1796 respexerit
1340 1724 1727 1796 Sophronius;

1831 527 2069 582 occurrit
2092 527 2208 597 (51)
2234 543 2246 579 :
2287 546 2306 579 ι
2341 527 2597 597 oppidum
2623 524 2781 597 Ege,
2815 525 2872 580 in
2900 541 3011 597 quo
3038 540 3157 581 mos
3183 525 3399 596 sepeliri

1829 634 1983 689 reges
2018 638 2036 671 ι
2074 617 2452 675 Macedonum.
2504 618 2766 673 Edessam
2812 618 2997 690 itaque
3046 617 3313 672 habemus
3343 617 3398 670 in

1830 708 2144 765 Macedonia
2192 712 2375 778 sitam,
2431 710 2799 780 primitusque
2846 719 3096 766 vocatam
3146 709 3398 779 Egeam.

1830 801 1964 868 Quae
1991 803 2209 872 quidem
2242 803 2395 867 urbs,
2429 800 2629 858 Vossio
2651 812 2903 857 monente
2926 802 3063 873 (52),
3113 802 3395 872 scriptori-

1830 889 1933 943 bus
1962 888 2164 945 Grzecis
2193 890 2396 945 dicitur
2443 892 2630 961 Αἰγαὶ,
2674 890 2873 961 Αἱγαία
2903 901 2957 948 et
2980 891 3177 961 Αἵγεια
3210 910 3225 947 :
3258 892 3403 946 unde

1832 983 2041 1037 ὲθνικόν
2066 993 2150 1038 est
2173 985 2491 1055 Αἰγαιὰτης,
2521 986 2605 1039 vel
2629 986 2939 1055 Αἰγειάτης.
2973 985 3099 1040 Haec
3120 1000 3251 1041 vero
3273 986 3404 1041 dum

1830 1075 2036 1141 recolo,
2065 1076 2231 1130 variae
2260 1076 2394 1129 mihi
2424 1077 2664 1131 suborta:
2696 1078 3059 1147 suspiciones.
3086 1075 3225 1131 Cum
3254 1078 3402 1131 enim

1832 1167 2077 1219 noverim
2100 1166 2378 1236 proprium
2402 1167 2752 1235 proconsulis
2772 1182 2970 1222 nomen
3005 1168 3108 1222 sub
3133 1182 3243 1237 quo
3278 1182 3405 1236 pas-

1832 1274 1928 1313 sus
1947 1258 2263 1328 perhibetur
2284 1260 2341 1315 S.
2369 1261 2636 1328 Andreas,
2654 1260 3018 1316 diversimode
3047 1261 3187 1330 apud
3221 1259 3406 1317 Eccle-

1833 1350 1928 1406 siae
1996 1351 2293 1420 scriptores
2357 1352 2581 1418 efferri;
2664 1353 2787 1407 aliis
2864 1367 3103 1422 namque
3175 1361 3404 1407 vocatur

1830 1442 2033 1511 Αἰγέας
2058 1444 2194 1513 (55),
2227 1444 2349 1499 aliis
2379 1459 2507 1498 vero
2534 1444 2834 1515 Αἱγαιάτης
2858 1444 3153 1515 (54);(ιυίίί
3182 1444 3402 1498 demum

1831 1549 1894 1589 ea
1916 1535 1982 1588 de
2008 1535 2270 1591 varietate
2298 1537 2607 1607 augurabar
2628 1537 2810 1591 dicere
2839 1537 3005 1591 lubet.
3037 1536 3406 1607 Sophronium

1836 1626 2119 1694 nimirum,
2164 1629 2280 1683 sive
2315 1630 2640 1699 scriptorem
2677 1630 3029 1684 vetustiorem
3060 1644 3223 1701 quem
3262 1631 3409 1700 ipse—

1833 1728 1943 1773 met
1999 1728 2221 1775 secutus
2280 1720 2468 1785 fuerit,
2520 1722 2745 1775 nomine
2799 1721 3142 1792 proconsulis
3185 1720 3410 1791 preprio

138 1821 406 1876 Ecclesia
436 1836 571 1875 vero
609 1819 845 1874 Achaica
886 1821 939 1873 in
973 1820 1237 1889 Epistola,
1269 1835 1376 1874 non
1409 1820 1556 1875 sedis
1606 1817 1731 1888 qui-

1839 1810 2141 1879 praaterito,
2201 1812 2519 1882 hujusmodi
2572 1814 2776 1880 verba,
2834 1814 2939 1867 ὑπὸ
2988 1813 3084 1867 τοῦ
3148 1813 3411 1884 βασιλέως

140 1916 278 1970 dem
308 1916 513 1981 locum,
544 1914 637 1968 sed
668 1928 869 1967 munus
898 1928 1007 1982 quo
1045 1922 1097 1965 et
1130 1914 1181 1966 in
1211 1911 1430 1967 Achaia:
1450 1908 1730 1981 provincia

138 2008 483 2077 fungebatur
511 2008 832 2077 proconsul,
865 2006 1176 2060 attenderit.

215 2096 409 2167 Neque
444 2112 571 2152 vero
595 2097 720 2165 quis
747 2104 895 2165 putet
939 2096 1103 2149 anxio
1128 2094 1313 2148 animo
1338 2108 1439 2148 nos
1467 2107 1590 2147 esse
1636 2098 1732 2145 aut

142 2193 411 2257 sollicito,
437 2191 581 2260 quod
609 2190 833 2260 Egeam
866 2188 1087 2260 βασιλέα
1111 2186 1453 2257 Sophronius
1476 2186 1727 2253 appellet.

144 2282 311 2337 llaud
348 2284 493 2337 enim
526 2299 633 2337 una
658 2299 780 2338 esse
824 2283 988 2351 hujus
1021 2281 1171 2335 vocis
1220 2278 1550 2347 signiﬁcatio
1580 2292 1732 2330 com-

142 2376 403 2445 peritur;
431 2391 605 2444 neque
633 2376 723 2429 illa
754 2376 972 2430 demum
1002 2375 1304 2427 abutuntur
1334 2370 1537 2425 vetusti
1588 2369 1730 2424 scri-

147 2480 366 2537 ptores,
433 2485 543 2537 quo
578 2486 749 2538 regem
806 2478 1127 2523 constanter
1180 2467 1487 2535 exprimere
1539 2465 1728 2527 velint,

143 2570 210 2613 ut
252 2576 319 2614 ex
367 2560 609 2629 antiquis
658 2560 1088 2631 Lexicographis
1134 2560 1326 2627 liquet.
1377 2556 1726 2627 Hesychius:

144 2652 432 2715 Βασιλεῖς,
462 2653 511 2704 οἱ
545 2652 822 2705 δικασταί·
861 2651 1012 2722 παρὰ
1045 2651 1339 2722 Ἡροδότῳ,
1380 2651 1432 2702 οἱ
1449 2646 1733 2712 ,ϐασιλεῖς

142 2742 498 2812 παράνομον
516 2743 879 2812 ἐργαζομένῳ
891 2744 1353 2812 ἐναντιούμενοι.
1372 2740 1451 2795 Ad
1470 2755 1630 2809 quem
1653 2738 1733 2791 lo-

146 2849 282 2888 cum
318 2834 471 2902 plura
509 2834 722 2887 erudite
757 2832 996 2889 Joannes
1040 2834 1244 2888 Alberti
1289 2832 1424 2904 (48).
1462 2830 1732 2884 Phavori-

149 2942 263 2980 nus
291 2927 419 2979 item
456 2947 470 2981 :
505 2926 776 2998 Βασιλῆας
817 2928 965 2996 λέγει
1023 2928 1264 2990 Ἠσίοδος
1304 2927 1431 2988 τοὺς
1475 2923 1733 2986 δικαστὰς

144 3019 398 3082 καὶτοὺς
440 3021 723 3090 ἄρχοντας.
756 3020 908 3074 Οὕτω
933 3021 1041 3091 γὰρ
1073 3022 1266 3083 αὐτοὺς
1285 3019 1511 3073 ἐκάλουν
1542 3019 1591 3070 οἱ
1628 3033 1735 3071 πα-

140 3113 316 3178 λαιοὶ,
357 3113 433 3176 ὡς
486 3113 751 3184 ὐμηρός’
798 3113 949 3166 Ἀλλ’
974 3112 1106 3180 ἢτοι
1137 3111 1443 3179 βασιλῆες
1493 3107 1733 3178 Ἀχαιῶν
1758 3152 1801 3209 C

142 3206 390 3259 εισικαὶ
436 3205 631 3260 ἄλλοι.
686 3206 818 3271 Quze
864 3206 1081 3275 quidem
1146 3204 1363 3260 Homeri
1417 3204 1580 3257 verba
1616 3201 1727 3272 (49)

146 3296 277 3351 loco
301 3297 369 3351 de
409 3312 518 3366 quo
564 3297 778 3367 agimus
797 3340 811 3362 ,
853 3298 988 3351 mire
1016 3297 1287 3365 quadrare
1315 3310 1478 3349 nemo
1511 3310 1619 3348 non
1647 3294 1732 3347 vi-

152 3389 271 3444 det.
323 3387 581 3443 Eamdeni
615 3390 667 3443 in
700 3389 1029 3444 sententiam
1069 3387 1390 3442 Maussacns
1412 3402 1632 3456 quoque
1664 3387 1731 3440 ad

149 3484 645 3554 Harpocrationem
671 3499 724 3537 v.
748 3480 1012 3553 Βασιλικὴ
1048 3482 1331 3553 διαδρομή,
1374 3497 1542 3536 unum
1568 3498 1598 3536 e
1630 3499 1732 3537 no-

150 3591 275 3630 vem
337 3574 748 3645 magistratibus
804 3573 1230 3627 Atheniensibus
1279 3573 1504 3642 βασιλέα
1562 3572 1734 3628 fuisse

152 3678 435 3731 vocatum,
467 3668 707 3721 selatius
739 3666 1033 3720 docturum
1063 3669 1387 3734 promiserat
1417 3664 1731 3735 νν.Θεσμο-

153 3764 311 3815 Θέται
340 3771 392 3815 et
407 3760 759 3831 Πολέμαρχος
778 3798 791 3821 ,
822 3758 969 3827 quod
996 3766 1177 3810 tamen
1212 3756 1296 3809 sui
1337 3755 1561 3820 oblitus,
1590 3754 1733 3808 haud

151 3854 433 3925 prmstitit.
456 3851 593 3907 llinc
634 3868 763 3920 ergo
790 3850 997 3919 liquido
1029 3859 1252 3918 apparet
1280 3849 1551 3902 immerito
1579 3847 1733 3918 argui

156 3944 449 3998 Erasmum
476 3956 540 3995 eo
573 3941 816 4005 nomine,
846 3940 989 4009 quod
1020 3937 1240 4008 βασιλέα
1266 3936 1557 4008 Sophronii
1597 3955 1735 4007 pra:-

155 4036 353 4104 fectum
383 4032 696 4088 reddiderit.

231 4126 434 4182 Verum
469 4127 521 4179 in
557 4126 662 4179 isto
700 4123 1086 4194 Sophroniano
1109 4123 1231 4176 loco
1262 4122 1601 4178 enucleando
1629 4124 1734 4176 im-

156 4218 369 4272 morari
392 4217 573 4270 adbuc
604 4230 896 4284 parumper
928 4214 1110 4267 liceat.
1150 4210 1320 4267 Nobis
1354 4213 1614 4267 nimirum
1630 4212 1740 4266 dis-

144 4309 493 4365 cutientibus
570 4306 865 4376 Sophronii
922 4307 1107 4370 verba,
1163 4306 1337 4375 deque
1386 4304 1733 4360 Macedonica

158 4404 364 4457 Edessa
406 4402 497 4455 illa
538 4416 660 4455 esse
708 4399 1023 4469 accipienda
1070 4399 1239 4468 probe
1284 4398 1732 4466 intelligentibus,

1843 1902 2177 1974 Ἐδεσσηνῶν
2200 1946 2216 1971 ,
2253 1905 2630 1959 tantummodo
2670 1906 2866 1961 litteris
2909 1906 3086 1976 primo
3122 1905 3410 1961 tradidisse

1830 1997 2125 2067 putabam;
2164 2014 2325 2067 quem
2352 1999 2570 2068 quidem
2597 1999 2778 2053 locum
2804 2014 2873 2053 ne
2892 1998 3017 2068 quis
3046 1999 3318 2068 acciperet
3344 1998 3413 2053 de

1831 2087 2166 2144 Osrhoenica
2196 2089 2425 2155 Edessa,
2450 2092 2532 2146 vir
2564 2092 2764 2161 aliquis
2795 2092 3047 2146 eruditus
3072 2091 3280 2146 codicis
3308 2090 3413 2157 _So-

1835 2181 2125 2248 phroniani
2154 2196 2263 2235 orae
2318 2181 2565 2236 alleverit
2587 2192 2741 2236 vetus
2768 2182 2918 2236 urbis
2946 2197 3140 2236 nomen
3186 2180 3409 2250 Αἱγαία,

1833 2271 2069 2340 indeque
2092 2271 2386 2326 formatum
2416 2273 2616 2342 gentile
2632 2272 3205 2345 Αἰγαιάτηςηιιοιίιιη
3238 2287 3409 2326 unum

1833 2363 2135 2417 alterumve
2183 2373 2369 2433 postea
2417 2365 2675 2420 librarius
2710 2366 2965 2420 indoctus
2996 2380 3026 2420 e
3066 2372 3217 2419 textu
3261 2365 3411 2418 exci-

1832 2454 1980 2510 disse
2006 2457 2331 2526 conjiciens,
2372 2457 2619 2527 adeoque
2670 2458 2774 2527 ipsi
2827 2457 3178 2513 intexendum
3222 2456 3413 2512 existi—

1834 2560 2014 2611 mans,
2069 2548 2423 2618 exscripserit
2468 2564 2679 2618 suoque
2713 2549 3011 2619 exemplari
3059 2548 3405 2603 inseruerit:

1835 2646 1998 2708 atque
2038 2638 2111 2692 ita
2147 2640 2407 2708 deinceps
2456 2640 2605 2694 velut
2646 2640 2927 2709 proprium
2968 2638 3210 2710 praefecti
3259 2636 3411 2692 urbis

1837 2746 2034 2784 nomen
2089 2731 2361 2794 habitum,
2416 2748 2445 2786 a
2492 2733 2720 2801 reliquis
2758 2733 3017 2801 deinceps
3046 2730 3413 2800 scriptoribus

1835 2827 2007 2882 fuerit
2030 2828 2262 2883 subinde
2292 2841 2656 2899 usurpatum;
2691 2830 2833 2884 unde
2855 2831 3075 2884 tandem
3112 2830 3168 2884 in
3209 2836 3414 2884 nostra:

1835 2937 2053 2991 quoque
2090 2921 2343 2991 Epistola:
2371 2922 2622 2977 Achaicae
2656 2922 2986 2991 exemplaria
3016 2922 3333 2977 dimanarit.

1904 3014 1973 3066 At
1996 3014 2099 3068 hoc
2130 3014 2348 3068 demum
2379 3024 2462 3069 est
2489 3015 2770 3069 hariolari.
2794 3015 2929 3068 Illud
2961 3018 3146 3086 potius
3179 3013 3414 3071 fortasse

1835 3105 2154 3173 dicendum,
2203 3106 2431 3177 JEgeam
2484 3109 2703 3177 quidem
2767 3107 2940 3163 fuisse
3014 3117 3267 3163 vocatum
3316 3108 3413 3179 qui

1836 3197 2052 3255 Edessm
2083 3216 2148 3254 ac
2172 3200 2350 3254 Patris
2375 3201 2692 3271 prazfuerit;
2722 3211 3097 3256 verumtamen
3136 3217 3244 3256 non
3291 3201 3415 3257 ideo

1835 3295 2017 3349 statim
2051 3294 2275 3364 colligas
2315 3294 2470 3347 velim
2513 3295 2693 3364 ipsum
2724 3304 2884 3364 gente
2939 3293 3107 3349 fuisse
3137 3293 3410 3360 Graecum,

1835 3400 1945 3439 non
1980 3384 2326 3452 Romanum;
2365 3385 2609 3455 adeoque
2649 3385 2996 3455 proconsulis
3027 3393 3124 3438 aut
3166 3386 3414 3439 consulis

1834 3493 2035 3532 munus
2066 3478 2240 3532 eidem
2272 3478 2374 3531 rite
2403 3478 2641 3532 conferri
2666 3479 2808 3532 haud
2840 3478 3104 3549 potuisse.
3133 3477 3413 3532 Romanos

1834 3569 1979 3622 enim
2006 3570 2417 3639 quandoqucab
2442 3569 2670 3625 urbibus
2702 3579 2755 3625 et
2778 3571 2991 3640 populis
3014 3572 3235 3624 nomina
3260 3588 3416 3625 usur-

1834 3676 2027 3731 passe,
2082 3677 2258 3731 neque
2309 3664 2475 3716 etiam
2529 3678 2560 3717 a
2601 3664 3023 3732 cognominibus
3074 3662 3277 3719 Graecis
3309 3665 3414 3719 sibi

1835 3756 2665 3822 asciscendisabhorruisse,viri
2683 3757 2989 3812 doctissimi
3022 3755 3409 3826 Ursinus(55),

1835 3843 2143 3900 Panvinius
2170 3847 2282 3918 (56)
2314 3855 2368 3899 et
2397 3846 2653 3915 Sigonius
2684 3847 3042 3915 prodiderunt
3069 3866 3082 3901 :
3111 3848 3415 3916 utproinde

1835 3940 1903 3991 ab
1932 3936 2103 4007 Ai'gea
2135 3940 2249 3993 sive
2278 3939 2348 3993 ab
2375 3939 2645 4009 As‘geatis,
2678 3937 3154 3994 Macedonicorum
3182 3938 3416 3995 Edesse-

1835 4046 2033 4085 norum
2062 4032 2196 4087 urbe
2219 4048 2282 4086 ac
2306 4033 2532 4102 populo,
2560 4032 2762 4103 [Egeas
2781 4033 2907 4086 item
2938 4042 3122 4087 noster
3149 4033 3413 4101 appellari

1834 4124 2095 4191 potuerit.
2127 4122 2183 4178 Si
2220 4125 2343 4194 quis
2373 4140 2503 4179 vero
2531 4140 2654 4179 eum
2710 4125 2879 4180 fuisse
2910 4125 3122 4194 origine
3162 4124 3412 4179 Graecum

1834 4218 2166 4284 contendat;
2197 4218 2341 4287 quod
2373 4234 2505 4273 sane
2532 4218 2718 4273 fratris
2742 4218 2862 4288 ejus
2894 4232 3094 4271 nomen
3128 4218 3224 4287 qui
3260 4216 3415 4271 Stra-

1840 4310 2006 4363 tocles
2038 4309 2210 4374 audit,
2243 4311 2473 4365 suadere
2514 4310 2765 4376 videtur;
2799 4309 2945 4364 haud
2965 4309 3219 4379 equidem
3246 4324 3413 4378 repu-

1838 4401 2138 4472 gnaverim.
2191 4399 2377 4470 Neque
2432 4404 2579 4456 enim
2632 4403 2853 4457 demum
2902 4403 3144 4457 insolens
3194 4402 3412 4456 urbium

156 4493 303 4547 illud
334 4493 499 4546 etiam
533 4490 696 4561 Trogi
718 4490 965 4560 Pompeii
995 4490 1137 4560 apud
1185 4487 1463 4544 Justinum
1489 4488 1601 4559 (50)
1633 4504 1733 4560 op—
1767 4502 1811 4555 Ι)
1842 4494 2081 4563 regimen
2108 4503 2161 4549 et
2185 4494 2389 4551 Graecis
2413 4494 2703 4550 tradidisse
2721 4494 3097 4560 Romanos,ut
3124 4495 3412 4550 enummis

155 4598 398 4659 portune
429 4585 703 4639 succurrit
736 4600 751 4635 :
791 4603 808 4635 ι
841 4586 1108 4648 Caranus,
1140 4582 1335 4652 inquit,
1364 4597 1486 4635 cum
1540 4598 1737 4652 magna

159 4679 510 4735 multitudine
526 4677 861 4741 Graecorum,
883 4676 1036 4730 sedes
1056 4676 1108 4728 in
1135 4674 1448 4729 Macedonia
1474 4689 1737 4744 responso

156 4771 577 4840 oraculijussus
604 4784 869 4839 quaerere,
899 4783 1023 4821 cum
1059 4768 1112 4819 in
1137 4765 1440 4819 Emathiam
1473 4766 1733 4833 venisset,

154 4864 353 4919 urbem
384 4862 642 4917 Edessam
672 4862 980 4931 occupavit.
1022 4858 1173 4913 Hanc
1215 4868 1395 4913 autem
1445 4858 1636 4912 urbem
1665 4856 1735 4911 ob

160 4951 483 5010 memoriam
540 4955 816 5019 muneris,
854 4952 1089 5023 .Egcas;
1140 4952 1421 5027 pepulum,
1476 4949 1734 5020 Egeatas

233 5198 349 5264 (46)
391 5196 531 5250 Plin.
564 5195 735 5260 Hist.,
761 5198 860 5251 lib.
899 5212 972 5261 Iv,
1002 5212 1121 5266 cap.
1157 5196 1248 5251 24.

233 5268 348 5338 (47)
389 5267 563 5321 Tacit.
604 5268 923 5338 Αιιῃαιηιὶὶ).
960 5285 999 5338 ι,
1037 5264 1193 5338 capp.
1226 5267 1313 5332 76,
1343 5264 1433 5322 80.

234 5269 326 5337 (47
389 5269 563 5321 Tacit.
604 5269 923 5333 Annal.,lib.
960 5285 973 5322 ι
1037 5285 1096 5321 ea
1143 5283 1193 5336 p.
1226 5269 1313 5332 76,
1343 5269 1433 5322 80.

234 5269 349 5409 (48;
388 5339 512 5409 Alb.
560 5337 629 5409 ad
659 5336 913 5409 Hesych.,
940 5315 1075 5409 uim.
1106 5284 1147 5407 i,
1171 5353 1293 5408 pag.
1319 5338 1443 5393 699.

234 5406 352 5477 (49)
392 5406 550 5477 Hom.
586 5406 801 5477 Odyss”
834 5408 902 5475 A,
930 5408 1053 5463 594.

258 5477 350 5545 50)
389 5476 790 5546 Justin.Hist.,
814 5478 905 5531 lib.
942 5494 1038 5532 vn.
1071 5493 1191 5546 cap.
1224 5479 1275 5533 i.

258 5548 350 5618 51)
389 5546 532 5604 Plin.
562 5545 729 5611 Hist.,
763 5548 854 5602 lib.
892 5564 966 5609 ιν,
997 5564 1117 5617 cap.
1142 5545 1202 5602 ’9.

235 5618 351 5685 (52)
399 5618 554 5671 Voss.
601 5618 671 5670 ad
706 5618 893 5685 Pomp.
934 5618 1084 5685 Mel.,
1125 5619 1219 5673 lib.
1259 5636 1320 5685 lt,
1347 5636 1469 5692 cap.
1504 5622 1557 5684 5,
1600 5637 1725 5692 pag.

163 5690 289 5743 NO.
322 5690 450 5743 edit.
478 5689 530 5742 1.

200 5690 289 5753 40,
322 5690 450 5743 edit.
478 5690 530 5742 1.

232 5760 352 5827 (55)
393 5758 696 5830 Sophrou.,
734 5760 873 5830 apud
913 5758 1127 5815 Fabric.
1169 5760 1306 5819 Bibl.
1352 5763 1558 5830 eccles.,
1604 5778 1726 5832 pag.

1834 5337 2308 5411 Piseudo-Doroth.
2370 5342 2513 5410 apud
2557 5340 2752 5411 Cang.,

1834 5409 2220 5481 455;,Niceph.
2256 5409 2574 5476 Ηίδῑζειεί..
2601 5409 2697 5465 lib.
2736 5427 2798 5475 ll,
2829 5409 3063 5481 cap._'59.

1840 4588 2080 4655 antiquis
2120 4588 2289 4657 liquet
2320 4602 2335 4640 :
2366 4604 2395 4642 e
2439 4588 2640 4658 quibus
2680 4587 2944 4642 discimus
2986 4585 3099 4656 (57)
3171 4587 3413 4640 Aristar-

1839 4678 2000 4730 chum
2031 4675 2309 4742 Damonis,
2337 4677 2707 4731 Metrodorum
2739 4674 3020 4741 Meneclis,
3042 4671 3411 4729 Nicostratum

1838 4767 2137 4821 Callistrati
2168 4777 2221 4821 et
2244 4765 2629 4821 IEschrionem
2656 4765 2829 4835 Lysiae
2869 4764 3033 4829 filios,
3065 4761 3411 4816 Patrensium

1836 4868 2098 4929 praetores
2141 4858 2333 4914 fuisse.
2384 4859 2489 4925 Qui
2534 4875 2664 4930 ergo
2701 4867 2929 4928 przeerat
2973 4856 3191 4910 Edessa:
3225 4864 3412 4909 noster

1836 4951 2058 5023 IEgeas,
2112 4950 2401 5006 Patrarum
2436 4967 2658 5022 quoque
2707 4951 2997 5022 prazfectus
3051 4950 3237 5015 fuerit,
3297 4964 3409 5004 non

1832 5199 1960 5262 225,
1990 5200 2102 5255 alii.

1908 5271 2021 5335 (54)
2065 5269 2261 5324 Menol.
2327 5269 2495 5324 Grtec.
2552 5269 2752 5334 Basil.,
2792 5276 2950 5394 ἕπε.
3006 5283 3045 5335 1,
3104 5284 3225 5338 pag.
3264 5266 3405 5330 221;

1909 5339 2308 5395 eudo-Doroth.
2370 5342 2513 5409 apud
2557 5340 2752 5409 Cang.,
2837 5341 2989 5394 hron.
3038 5337 3255 5404 Paula,
3280 5352 3403 5409 pag.

1903 5479 2331 5551 (ὅδξηιῗξυῐδῑη.
2358 5481 2430 5535 De
2448 5481 2623 5551 famil.
2651 5482 2828 5547 Rom.,
2853 5497 2906 5534 v.
2930 5479 3207 5551 Pinarium
3236 5488 3404 5549 gent,

1836 5549 1966 5623 toni.
2000 5549 2089 5623 γι]
2125 5550 2274 5604 Thes.
2310 5549 2522 5623 Αῃιὶᾲᾳ.
2560 5551 2733 5617 Rom.,
2760 5566 2885 5621 pag.
2918 5550 3078 5623 1297.

1908 5621 2020 5691 (56)
2059 5620 2227 5675 Panv.
2266 5632 2321 5693 et
2366 5616 2556 5693 Sigon.
2602 5623 2680 5676 De
2722 5616 3088 5693 irem-.Afiom"
3139 5628 3274 5676 tom.
3326 5616 3402 5686 11,

1839 5690 2225 5763 ThemAntiqq.
2257 5690 2619 5763 Iiom.,‘pagg.
2640 5692 2766 5754 976,
2808 5691 2965 5763 1015.

1911 5762 2023 5833 (57)
2066 5761 2230 5818 llard.
2266 5762 2397 5832 Opp.
2443 5761 2644 5831 sam,
2670 5779 2789 5833 pag.
2826 5762 2947 5817 152.
