3838 6218
416 273 556 331 1³315

1236 270 1838 329 Ριιεειὶϊτειιθηωι
1888 268 1977 326 ΕΤ
2010 269 2462 328 DIACONORUM
2501 270 2781 328 ACHAIE

3528 274 3678 329 1216

411 390 659 457 otttisso,
695 391 1096 461 Vespasianum
1141 388 1465 458 simpliciter
1506 386 1680 441 fuisse
1713 396 1987 442 vocatum.
2019 391 2066 448 Α
2094 405 2300 456 χοντες,
2332 404 2432 443 sua
2468 389 2670 445 veritas
2712 398 2957 456 constet;
3000 387 3134 445 nihil
3166 403 3267 445 nos
3295 390 3461 460 cogit,
3494 399 3560 444 ut
3602 389 3673 443 ad

413 483 632 538 Interim
667 497 798 539 vero
818 484 992 537 donec
1023 482 1074 536 id
1106 492 1341 551 pra-stet.
1366 480 1756 549 Vespasianum
1782 490 1987 550 patrem

411 578 592 632 allatis
629 577 684 631 in
716 577 853 631 locis
878 576 1122 645 accipere
1150 575 1310 629 nobis
1348 590 1443 644 per
1470 575 1647 645 ipsum
1678 575 1855 628 liceat.

487 668 584 721 Vix
636 669 766 723 dum
814 669 928 723 haec
959 669 1318 734 scripseram,
1362 682 1487 721 cum
1522 667 1820 735 elegantem
1846 664 1990 719 Lau-

410 760 571 813 rentii
615 759 848 813 Pataroli
896 760 1181 828 epistolam
1231 759 1409 829 legere
1447 760 1671 829 contigit
1717 760 1852 829 (78),
1880 775 1987 829 qua

411 851 498 904 vir
527 853 779 907 eruditus
823 851 1101 922 singulare
1148 852 1423 906 nomisma
1468 852 1750 907 illustrans
1796 852 1990 921 hujus-

408 945 560 997 modi
644 943 1001 1013 inscriptione
1077 944 1397 1011 signatum,
1471 944 1989 998 ΟΥΕΣΠΛΣΙΛΝΟΣ

411 1035 804 1097 ΝΕΩΤΕΡΟΣ,
848 1033 971 1088 Tito
1014 1033 1330 1104 Vespasiani
1381 1036 1493 1089 lilio
1546 1037 1722 1105 ipsum
1768 1039 1983 1093 asserit.

410 1126 585 1179 Aliter
609 1137 790 1180 tamen
819 1136 1088 1181 statuerat
1127 1128 1485 1182 doctissimus
1527 1126 1862 1197 Ilarduinus,
1892 1132 1986 1201 qui

411 1218 623 1285 primus
670 1219 810 1273 idem
841 1220 1116 1273 nnmisnta
1146 1219 1387 1287 vulgavit
1412 1220 1562 1287 (79);
1609 1223 1827 1278 cautius
1858 1240 1987 1279 vero

412 1309 760 1372 Frmlichius,
791 1312 871 1363 vir
901 1311 952 1363 in
981 1327 1037 1365 re
1062 1314 1369 1366 nummaria
1395 1312 1552 1367 facile
1579 1314 1833 1383 princeps
1852 1316 1986 1385 {80).

411 1398 612 1453 Verum
665 1411 944 1469 utcunque
985 1402 1207 1455 detnum
1239 1417 1328 1456 res
1372 1418 1431 1456 se
1482 1402 1711 1468 habeat,
1763 1404 1987 1472 hujusce

408 1491 761 1544 munismatis
802 1491 1128 1544 auctoritate
1162 1504 1338 1559 neque
1381 1491 1708 1544 sententiam
1742 1502 1983 1545 nostram

407 1582 475 1638 de
519 1581 962 1637 Christianorum
1008 1594 1358 1652 persecutore
1410 1580 1744 1651 Vespasiano
1793 1584 1983 1650 everti,

408 1689 587 1742 neque
639 1674 944 1742 oppositam
1009 1672 1297 1727 Matnachii
1368 1676 1737 1743 conjecturam
1803 1675 1982 1731 fulciri

407 1780 570 1818 nemo
618 1781 725 1819 non
763 1765 953 1819 videt:
1002 1766 1271 1835 siquidem
1322 1766 1375 1818 in
1438 1768 1812 1821 monumentis
1862 1784 1985 1838 qua:

406 1858 731 1924 attulimus,
792 1858 974 1913 nullus
1034 1859 1321 1913 character
1372 1859 1631 1928 nullaque
1693 1860 1983 1928 peculiaris

406 1959 534 2003 nota
580 1949 938 2020 perhibetur,
998 1962 1057 2005 ut
1115 1951 1203 2005 hic
1264 1965 1395 2005 sane
1441 1966 1546 2006 vox
1590 1951 1984 2019 ΝΕΩἸἘΡΟΣ,

402 2042 564 2110 cujus
608 2042 660 2096 vi
700 2042 867 2095 alium
897 2058 927 2096 a
962 2041 1296 2111 Vespasiano
1339 2053 1494 2113 patre
1530 2059 1827 2114 agnoscere
1857 2044 1984 2114 jure

402 2148 688 2202 COgamur.

475 2226 578 2279 Sed
611 2242 738 2281 ecce
768 2227 864 2281 tibi
895 2227 1061 2281 alium
1098 2228 1307 2283 obicem
1332 2269 1347 2291 ,
1388 2229 1534 2283 hunc
1583 2227 1762 2298 ipsum
1798 2229 1979 2284 locum

398 2318 758 2387 attingcnlem
790 2318 858 2372 de
887 2335 997 2388 quo
1040 2320 1276 2388 agimus,
1325 2320 1469 2374 haud
1505 2336 1638 2374 sane
1666 2330 1983 2390 praetergre-

401 2410 678 2463 diendnm.
696 2410 966 2466 Observat
984 2413 1240 2465 nimirum
1269 2410 1636 2466 Florentinius
1660 2413 1795 2482 (81),
1817 2428 1979 2482 quem

397 2499 596 2554 deinde
637 2511 859 2556 secutus
888 2511 973 2556 cst
1015 2501 1397 2558 Tillemontius
1424 2502 1557 2572 (82),
1597 2503 1821 2572 Egeam
1855 2520 1981 2573 pro-

396 2592 684 2645 consulem
746 2592 818 2645 ita
870 2604 1120 2647 sanctum
1176 2596 1487 2663 apostolum
1546 2594 1718 2649 fuisse
1772 2595 1979 2649 allocu-

400 2688 515 2732 tum
541 2680 695 2749 (83):
736 2700 753 2732 ι
788 2680 867 2735 Tu
907 2699 965 2737 es
997 2686 1245 2740 Andreas
1270 2727 1284 2749 ,
1332 2684 1520 2755 qui....
1560 2686 1759 2740 suades
1802 2686 1980 2739 homi-

398 2772 561 2825 nibus
600 2774 1041 2841 superstitiosam
1071 2775 1217 2828 illam
1256 2786 1461 2831 sectam
1491 2792 1654 2846 quam
1688 2793 1860 2846 nuper
1885 2779 1979 2832 de-

399 2870 597 2915 tectam
633 2861 865 2915 Itomani
904 2864 1179 2933 principes
1221 2867 1572 2919 exterminari
1608 2866 1923 2935 jusserunt?
1951 2886 1972 2919 ο

402 2952 554 3007 linde
596 2954 713 3007 viro
761 2956 976 3008 erudito
1014 2958 1176 3010 verba
1232 2957 1318 3010 illa
1362 2958 1416 3010 in
1463 2974 1694 3012 numero
1731 2960 1977 3014 multitu-

2095 480 2386 535 Domitiani
2435 499 2610 553 usque
2660 494 2871 553 tempus
2916 498 3275 538 excurramus
3321 526 3333 537 .
3377 484 3489 538 imo
3536 498 3677 537 vero

2092 574 2228 626 nihil
2275 590 2374 628 nos
2419 576 2668 642 prohibet
2710 577 2841 645 quin
2873 575 3061 629 eadem
3097 575 3258 628 verba
3294 576 3407 630 sive
3439 574 3509 630 de
3559 572 3676 628 Ve-

2090 666 2349 734 spasiano
2387 667 2617 737 ejusque
2660 667 2786 721 filiis
2818 665 2942 720 Tito
2980 676 3035 721 et
3070 666 3380 721 Domitiano
3422 665 3676 733 accipia-

2092 776 2251 824 mus;
2288 776 2519 828 quorum
2555 760 2641 813 hic
2673 776 2846 830 usque
2875 762 2946 813 ab
2987 774 3132 813 anno
3166 759 3241 825 .69
3280 759 3515 828 imperio
3551 756 3678 812 Ce-

2089 865 2247 905 sarco
2277 864 2595 916 exornatus,
2631 853 2720 910 ille
2758 870 2887 909 vero
2921 870 3065 922 ann.,
3092 854 3151 907 7t
3207 850 3419 921 imperii
3450 850 3671 919 collega

2092 939 2267 995 fuerat
2291 946 2664 1011 renuntiatus;
2698 962 2945 1015 quosque
2975 953 3237 1015 pr:eterea
3262 942 3498 1012 jnnctim
3525 941 3675 994 inter

2090 1045 2470 1104 persecutores
2490 1054 2520 1091 a
2549 1035 2883 1092 Theodorito
2909 1037 3206 1092 recensitos
3232 1034 3489 1104 superius
3525 1033 3674 1087 vidi-

2089 1140 2213 1179 mus
2239 1143 2252 1178 :
2288 1126 2402 1180 sive
2432 1127 2542 1193 illa,
2569 1128 2714 1197 quod
2753 1128 2987 1183 fortasse
3014 1128 3186 1198 magis
3207 1127 3404 1197 placet,
3433 1125 3502 1179 de
3526 1137 3672 1194 pra-

2089 1216 2247 1272 fectis
2289 1218 2340 1272 in
2388 1220 2524 1273 urbe
2577 1220 2981 1287 intelligamus,
3022 1233 3254 1288 quorum
3291 1230 3511 1271 summa
3550 1224 3675 1269 erat

2088 1310 2403 1364 auctoritas.
2424 1310 2539 1376 Qua
2565 1312 2631 1364 de
2658 1328 2715 1365 re
2742 1312 2898 1365 locus
2920 1320 3100 1365 exstat
3132 1308 3363 1379 insignis
3386 1306 3535 1375 apud
3555 1305 3676 1360 Cle-

2088 1411 2322 1455 mentem
2351 1400 2656 1456 llontanum
2686 1402 2822 1472 (84),
2858 1404 2951 1473 qni
2974 1401 3205 1456 Paulum
3238 1400 3552 1469 apostolum
3577 1400 3675 1449 ἐπὶ

2087 1494 2195 1547 τῶν
2236 1496 2551 1566 ἡγουμένων
2600 1498 2863 1566 martyrio
2916 1495 3188 1550 sttblatum
3232 1493 3512 1547 memoria:
3555 1499 3673 1544 tra-

2086 1586 2260 1641 didit:
2300 1588 2420 1641 Iicet
2462 1604 2525 1643 ex
2561 1590 2789 1644 vetustis
2847 1586 3218 1641 monumentis
3239 1600 3364 1639 eum
3408 1583 3514 1638 sub
3560 1580 3671 1636 Ne-

2086 1692 2219 1731 rone
2270 1694 2490 1748 passum
2543 1690 2691 1734 certo
2742 1688 2977 1735 constet.
3035 1677 3220 1748 Neque
3267 1678 3429 1730 aliter
3470 1674 3531 1728 S.
3561 1672 3675 1743 Cy-

2086 1771 2310 1842 prianus
2336 1772 2447 1842 (85)
2477 1791 2489 1826 :
2528 1792 2546 1825 ‹
2579 1771 2738 1835 lluic,
2771 1771 2969 1840 inquit,
3016 1768 3388 1840 persecutioni
3422 1765 3673 1835 quotidie

2085 1864 2348 1919 insistunt
2402 1865 2639 1934 praefecti
2693 1865 2748 1918 in
2814 1865 2969 1928 mbe,
3004 1872 3065 1917 ut
3103 1861 3148 1915 si
3198 1861 3291 1931 qui
3340 1860 3448 1913 sibi
3495 1857 3671 1912 oblati

2085 1954 2307 2021 fuerint,
2344 1958 2868 2022 animadvertantur,
2901 1964 2955 2010 et
2997 1955 3142 2009 bona
3176 1969 3366 2009 eorum
3400 1952 3538 2007 ﬁsco
3572 1952 3674 2006 ad-

2079 2048 2407 2117 judicentur.
2442 2068 2461 2099 ι
2520 2048 2731 2115 Quibus
2776 2048 3001 2117 insuper
3046 2046 3250 2100 addere
3301 2046 3434 2099 libet
3472 2044 3673 2099 Dionis

2083 2139 2281 2198 verba.
2332 2140 2492 2207 digna
2549 2139 2708 2208 plane
2756 2153 2877 2207 qua:
2934 2136 2985 2189 in
3037 2133 3283 2189 eamdem
3334 2136 3669 2189 sententiam

2083 2230 2442 2298 pensitentur.
2476 2228 2567 2283 Sic
2594 2239 2777 2282 autem
2808 2227 2896 2282 ille
2923 2226 3037 2296 (86)
3074 2244 3089 2279 :
3122 2223 3277 2277 Οὕτω
3309 2224 3410 2294 μὲν
3442 2223 3507 2293 δὴ
3541 2223 3667 2274 τότε

2082 2320 2116 2389 ὴ
2148 2320 2254 2372 τῶν
2287 2321 2568 2391 Ῥωμαίων
2600 2319 2741 2391 ἁρχὴ
2780 2319 2873 2372 δύο
2911 2318 3336 2389 αὐτοκράτορσιν
3367 2316 3484 2385 ἅμα
3516 2314 3669 2366 ἐδού-

2081 2412 2241 2479 λωσε,
2264 2413 2473 2484 Νέρωνι
2504 2414 2599 2465 καὶ
2634 2413 2817 2482 Ἡλίῳ.
2846 2410 3033 2465 Viden'
3068 2409 3283 2463 Helium
3307 2409 3422 2463 sive
3446 2422 3667 2461 summa

2082 2514 2368 2573 potestate,
2404 2505 2519 2559 sive
2548 2505 2789 2558 nominis
2825 2502 3093 2573 dignitate
3130 2499 3332 2555 Neroni
3368 2511 3670 2566 compara—

2081 2597 2235 2649 tum?
2280 2595 2553 2661 Quorsum
2601 2613 2732 2649 vero
2762 2596 2912 2660 haec,
2949 2592 3206 2662 inquies?
3254 2589 3556 2653 Nimirum,
3611 2599 3671 2641 ut

2080 2690 2434 2755 evincamus,
2478 2704 2541 2743 ex
2608 2687 2864 2757 Epistolae
2915 2695 3116 2741 nostrae
3162 2684 3383 2746 verbis,
3434 2680 3669 2733 Romani

2078 2783 2337 2850 principes
2356 2782 2652 2849 jusserunt,
2688 2780 2867 2833 minus
2902 2787 3045 2832 recte
3093 2776 3273 2846 colligi
3305 2772 3585 2829 Neronem
3616 2782 3671 2826 et

2079 2873 2447 2928 Domitianum
2472 2874 2538 2928 iis
2562 2872 2872 2927 necessario
2892 2871 3181 2934 indicatos,
3201 2884 3325 2924 eum
3351 2877 3406 2921 et
3421 2864 3669 2936 praefecti

2080 2967 2233 3021 urbis
2267 2968 2321 3019 in
2357 2966 2550 3035 primis
2579 2962 2877 3034 significari
2912 2976 3076 3031 posse
3105 2960 3429 3024 videantur;
3456 2958 3558 3027 qui
3582 2958 3668 3011 vel

394 3044 541 3099 «linis
576 3044 798 3098 Noniani
835 3048 1119 3116 principes,
1156 3047 1523 3103 Domitianum
1557 3052 1829 3121 respicere
1858 3068 1975 3107 om-
2002 3068 2045 3130 ο
2077 3060 2146 3113 ab
2188 3074 2296 3113 uno
2348 3060 2675 3127 imperatore
2728 3056 2795 3109 de
2844 3053 3117 3108 vexandis
3150 3051 3485 3105 Christianis
3521 3050 3669 3103 latas

398 3139 529 3192 nino
558 3139 839 3203 videntur,
867 3142 961 3207 qni
1000 3142 1294 3196 secundam
1336 3151 1457 3211 post
1490 3141 1759 3198 Neronem
1787 3161 1973 3215 perse-

392 3230 671 3284 cutionem
715 3232 918 3286 movit:
954 3249 1189 3302 euntque
1236 3234 1379 3288 haud
1418 3236 1715 3291 verisimile
1750 3246 1972 3293 censeat

393 3322 463 3376 ad
495 3332 602 3376 tam
642 3324 942 3395 longrevam
972 3336 1187 3380 :etatem
1220 3330 1532 3396 pervenisse
1566 3342 1815 3385 sanetum
1841 3347 1973 3401 apo—

392 3415 629 3480 stolum,
660 3426 718 3470 ut
772 3418 1020 3471 sweulor
1067 3428 1327 3483 exeunte,
1380 3421 1484 3474 sub
1528 3436 1593 3475 eo
1641 3422 1972 3491 imperatore

393 3523 589 3578 passus
626 3510 998 3564 existimetur:
1029 3511 1153 3565 hinc
1174 3511 1426 3581 Epistolte
1443 3513 1697 3570 Ecclesiae
1722 3516 1972 3573 Achaica:

394 3601 767 3655 sinceritatem
841 3602 895 3654 in
969 3602 1195 3657 dubium
1258 3606 1549 3660 revocandi
1623 3609 1969 3663 occasionem

395 3702 597 3759 captat.
631 3692 700 3745 At
730 3692 918 3748 istba'e
949 3694 1167 3749 dentum
1196 3696 1433 3764 objectio
1467 3699 1600 3752 tanti
1629 3714 1735 3752 non
1773 3710 1877 3764 est,
1915 3713 1971 3755 ιιι

393 3782 673 3850 negotium
708 3782 865 3836 nobis
907 3782 1179 3840 facessere
1210 3789 1477 3842 videatur.
1512 3788 1633 3853 Quo
1667 3791 1811 3844 enim
1844 3808 1970 3845 ver-

392 3874 480 3929 bis
508 3876 613 3929 illis
645 3895 662 3925 ι
691 3873 921 3930 Romani
951 3878 1246 3948 principes,
1276 3898 1293 3930 ι
1322 3882 1436 3935 sive
1461 3895 1518 3937 ut
1548 3883 1602 3937 in
1634 3893 1782 3938 textu
1800 3885 1850 3937 oi.
1872 3885 1974 3955 ἄρ-

2077 3151 2225 3221 leges
2276 3148 2467 3202 edictis
2537 3149 2653 3202 suis
2709 3145 3048 3199 exsecutioni
3100 3143 3438 3197 mandandas
3514 3142 3668 3194 indi-

2076 3248 2285 3302 cerent,
2311 3240 2391 3293 vel
2421 3254 2591 3291 novas
2619 3238 2779 3290 etiam
2824 3235 3027 3289 ferendi
3056 3243 3381 3303 potestatem
3427 3232 3538 3287 sibi
3569 3247 3669 3286 su-

2077 3340 2307 3393 merent.
2329 3338 2387 3383 ut
2408 3330 2473 3382 de
2502 3328 2655 3383 llelio
2682 3336 3047 3396 compertum.
3077 3326 3283 3380 (latera
3311 3325 3670 3393 praeterimus

2077 3438 2201 3492 qua:
2244 3423 2380 3475 alias
2414 3431 2612 3491 prtesto
2661 3432 2845 3474 essent
2895 3421 2961 3474 ad
3016 3417 3343 3475 sententiam
3406 3429 3667 3471 nostram

2078 3514 2251 3582 magis
2299 3515 2580 3584 magisque
2611 3512 2995 3578 astruendam;
3040 3527 3107 3565 ne
3155 3509 3409 3563 videlicet
3446 3508 3670 3563 Tullia-

2076 3621 2205 3659 num
2250 3607 2377 3659 illud
2422 3606 2580 3659 nobis
2623 3606 2747 3675 jure
2798 3606 3037 3659 fortasse
3082 3606 3203 3674 quis
3236 3604 3463 3673 objiciat
3500 3604 3665 3674 (87):

2082 3720 2098 3750 ι
2132 3697 2312 3752 Utitur
2344 3700 2394 3750 in
2427 3715 2485 3753 re
2520 3713 2625 3750 non
2657 3697 2819 3751 dubia
2844 3698 3076 3751 testibus
3104 3713 3211 3750 non
3247 3697 3606 3751 necessariis.
3640 3715 3660 3746 ι

2074 3792 2140 3845 Et
2170 3793 2284 3846 haze
2314 3792 2534 3862 quidem
2572 3790 2639 3845 de
2674 3788 2933 3845 Ecclesia:
2961 3789 3212 3844 Achaica:
3243 3786 3491 3859 Epistola
3522 3790 3665 3843 satis

2080 3895 2265 3940 SUlIlO.

1650 4160 2382 4249 EXCEBPTUM

991 4347 1078 4405 Ex
1117 4344 1500 4406 Praefatione
1538 4342 1880 4404 clarissimi
1922 4342 2043 4403 viri
2076 4340 2481 4405 Constantini
2530 4344 3012 4405 TISCHENDORF.

1329 4512 1467 4567 (Acta
1490 4511 1821 4573 apostolorum
1843 4508 2142 4575 apocrypha,
2167 4510 2347 4573 Lipsiae
2373 4508 2509 4570 1851,
2536 4511 2687 4573 in-8.)

1077 4728 1165 4787 De
1191 4745 1351 4786 nova
1399 4728 1755 4786 recensione
1788 4736 2004 4787 textus
2057 4728 2357 4786 Actorum
2388 4724 2592 4783 sancti
2627 4724 2905 4785 Andrcce.

468 4906 650 4961 Fluxit
679 4907 839 4959 editio
868 4917 1047 4960 nostra
1069 4922 1132 4960 ea:
1159 4905 1362 4958 duobus
1390 4904 1725 4963 potissimum
1752 4902 2020 4957 codicibus
2054 4903 2251 4957 ercg's
2284 4897 2699 4954 Purisiensibus.
2733 4898 2882 4951 Alter
2907 4898 3019 4966 (qui
3051 4897 3203 4969 nobis
3236 4906 3314 4969 est
3336 4898 3415 4963 Α)
3450 4895 3644 4969 Regius

381 4989 501 5041 est,
558 4993 692 5028 nunc
748 4978 1066 5041 nationalis,
1121 4993 1267 5031 num.
1303 4968 1396 5028 88i
1426 5015 1441 5039 ,
1490 4973 1673 5028 swculi
1708 4974 2016 5039 undecimi,
2059 4974 2152 5029 fol.
2181 4972 2452 5030 282-291;
2486 4969 2621 5021 alter
2679 4970 2853 5035 (apud
2898 4985 2989 5021 nos
3037 4979 3114 5022 est
3152 4968 3223 5038 Β)
3274 4967 3641 5022 Coislint’anus

384 5064 535 5101 nam.
575 5048 693 5108 lii,
723 5064 859 5099 anno
892 5049 1032 5101 1545
1058 5048 1307 5115 scriptus,
1341 5046 1433 5115 fol.
1470 5045 1659 5097 57-“.

466 5118 582 5169 llur
608 5118 805 5169 accedi:
840 5120 1023 5171 tertius
1052 5110 1229 5186 (nobis
1262 5110 1437 5183 estC)
1467 5115 1630 5168 codex
1691 5112 2055 5186 Baroccianus
2097 5132 2240 5167 num.
2276 5113 2379 5167 180
2399 5153 2413 5175 ,
2443 5128 2593 5181 quem
2617 5124 2701 5186 et:
2731 5110 3109 5186 ll’oogiolgui
3134 5126 3196 5186 eo
3225 5110 3337 5161 solo
3388 5126 3519 5163 usus
3548 5119 3641 5186 est,

390 5187 683 5240 hausimus.
704 5188 913 5251 (Jtmnto
940 5180 1228 5256 rrro'opere
1257 5180 1495 5239 codicum
1514 5196 1815 5238 nostrorum
1845 5184 2228 5239 Parisiensium
2251 5196 2422 5237 textus
2451 5180 2740 5237 Uxoniensi
2771 5184 2938 5235 codici
2958 5180 3165 5251 Woogii
3187 5191 3421 5247 prwswt,
3448 5180 3643 5234 nemini

462 5365 576 5435 (78)
619 5365 766 5418 Diar.
807 5366 959 5418 crtul.
1005 5362 1158 5430 Ital.,
1203 5372 1333 5417 tom.
1383 5361 1635 5427 XXVIII,
1673 5378 1795 5433 pag.
1832 5361 1936 5416 510

390 5452 575 5575 soliti)
618 5504 806 5575 μοι-ιι..
841 5504 980 5558 Hist.
1008 5504 1144 5572 Aug.
1172 5504 1457 5575 interopp.
1491 5505 1609 5567 sel.,
1642 5520 1762 5575 pag.
1795 5502 1917 5557 7'55.

462 5573 574 5642 (80)
616 5574 778 5630 Frwl.
814 5578 975 5638 Qum.
1011 5585 1227 5626 tentant.
1265 5573 1547 5627 Dissertat.
1578 5573 1651 5628 de?
1679 5573 1844 5628 utilit.
1881 5576 1956 5627 rei

392 5661 588 5697 mentm.
621 5658 748 5709 vet.,
775 5660 896 5713 cap.
924 5645 977 5706 5,
1014 5659 1133 5711 pag.
1162 5645 1247 5697 15.

464 5714 1031 5773 (8|)Florent.l’etnst.
1055 5714 1219 5768 occid.
1243 5713 1389 5768 Eccl.
1416 5713 1666 5785 Μαι-19η,
1687 5731 1808 5786 pag.
1832 5715 1949 5770 119.

2140 5360 2254 5431 (82)
2296 5359 2534 5423 Tillem.,
2572 5359 2731 5413 Mém.
2759 5359 2912 5423 eccl.,
2938 5372 3071 5431 tom.
3111 5357 3153 5423 I,
3184 5374 3310 5430 pag.
3344 5358 3473 5413 591.

2138 5430 2251 5499 (85)
2294 5431 2465 5499 Epist.
2498 5431 2667 5499 presb.
2704 5432 2859 5495 Acin,
2885 5446 3003 5498 cap.
3034 5430 3088 5482 2.

2138 5442 2230 5499 (85
2294 5442 2465 5499 Epist.
2538 5442 2667 5485 resD.
2704 5442 2859 5495 Actu,
2885 5446 3003 5498 cap.
3034 5442 3088 5482 Ζ.

2135 5442 2251 5573 (84)
2288 5502 2461 5573 Clem.
2588 5500 2758 5573 Epist.
2795 5499 2823 5553 1
2848 5501 2917 5553 ad
2953 5500 3101 5573 Cor"
3133 5514 3253 5573 cap.
3276 5501 3343 5573 ξι.

2136 5569 2249 5642 (85)
2288 5571 2451 5643 Cypr.
2479 5574 2638 5641 epist.
2671 5572 2761 5634 80,
2790 5588 2913 5643 pag:
2938 5571 3067 5643 7238,
3100 5572 3233 5625 edit.
3264 5569 3446 5626 Oxon.
3477 5570 3634 5626 1683.

2136 5644 2248 5711 (86)
2291 5641 2389 5703 Dio
2415 5644 2508 5695 lib.
2544 5658 2697 5703 Lxut,
2734 5658 2855 5711 pag.
2888 5642 3009 5694 720.

2133 5714 2244 5783 (87)
2286 5712 2399 5771 Cic.
2429 5714 2504 5768 Dc
2532 5714 2687 5782 o/ﬁc.,
2724 5714 2820 5767 lib.
2849 5729 2907 5778 ll,
2935 5728 3054 5783 cap.
3082 5712 3136 5765 2.
