  <div class='ocr_page' id='page_1' title='image "/cluster/home/n/w/nwhite01/storage/ocr_20150623/2/nnc1.0114695790/706.png"; bbox 0 0 3838 6218; ppageno 0'>
   <div class='ocr_carea' id='block_1_1' title="bbox 142 312 288 371">
    <p class='ocr_par' dir='ltr' id='par_1_1' title="bbox 142 312 288 371">
     <span class='ocr_line' id='line_1_1' title="bbox 142 312 288 371; baseline 0.021 -3"><span class='ocrx_word' id='word_1_1' title='bbox 142 312 288 371; x_wconf 65' lang='grc' dir='ltr'>ίὲαίί</span> 
     </span>
    </p>
   </div>
   <div class='ocr_carea' id='block_1_2' title="bbox 1134 313 2452 371">
    <p class='ocr_par' dir='ltr' id='par_1_2' title="bbox 1134 313 2452 371">
     <span class='ocr_line' id='line_1_2' title="bbox 1134 313 2452 371; baseline 0 -2"><span class='ocrx_word' id='word_1_2' title='bbox 1134 314 1466 371; x_wconf 80' lang='lat' dir='ltr'>EPISTOLA</span> <span class='ocrx_word' id='word_1_3' title='bbox 1503 315 1590 370; x_wconf 89' lang='lat' dir='ltr'><strong>DE</strong></span> <span class='ocrx_word' id='word_1_4' title='bbox 1630 313 1987 369; x_wconf 76' lang='lat' dir='ltr'><strong>MARTYRIO</strong></span> <span class='ocrx_word' id='word_1_5' title='bbox 2028 314 2085 370; x_wconf 92' lang='lat' dir='ltr'><strong>S.</strong></span> <span class='ocrx_word' id='word_1_6' title='bbox 2128 313 2452 370; x_wconf 67' lang='lat' dir='ltr'><strong>ANDREJE.</strong></span> 
     </span>
    </p>
   </div>
   <div class='ocr_carea' id='block_1_3' title="bbox 3267 318 3400 374">
    <p class='ocr_par' dir='ltr' id='par_1_3' title="bbox 3267 318 3400 374">
     <span class='ocr_line' id='line_1_3' title="bbox 3267 318 3400 374; baseline -0.008 0"><span class='ocrx_word' id='word_1_7' title='bbox 3267 318 3400 374; x_wconf 67' lang='grc'>1212</span> 
     </span>
    </p>
   </div>
   <div class='ocr_carea' id='block_1_4' title="bbox 134 402 1712 501">
    <p class='ocr_par' dir='ltr' id='par_1_4' title="bbox 134 402 1712 501">
     <span class='ocr_line' id='line_1_4' title="bbox 134 402 1712 501; baseline 0.001 -20"><span class='ocrx_word' id='word_1_8' title='bbox 134 428 319 501; x_wconf 78' lang='grc' dir='ltr'>ἄνδρα</span> <span class='ocrx_word' id='word_1_9' title='bbox 366 402 549 481; x_wconf 59' lang='grc' dir='ltr'>ἔνθεον</span> <span class='ocrx_word' id='word_1_10' title='bbox 600 430 667 482; x_wconf 76' lang='grc'>⁷⁸.</span> <span class='ocrx_word' id='word_1_11' title='bbox 719 429 1001 500; x_wconf 85' lang='grc' dir='ltr'>Τέσσαρας</span> <span class='ocrx_word' id='word_1_12' title='bbox 1047 429 1258 501; x_wconf 82' lang='grc' dir='ltr'>ἡμέρας</span> <span class='ocrx_word' id='word_1_13' title='bbox 1286 431 1331 462; x_wconf 78' lang='grc' dir='ltr'>⁸ο</span> <span class='ocrx_word' id='word_1_14' title='bbox 1382 430 1712 501; x_wconf 70' lang='grc' dir='ltr'>κρεμάμενος</span> 
     </span>
    </p>
   </div>
   <div class='ocr_carea' id='block_1_5' title="bbox 1824 402 3396 501">
    <p class='ocr_par' dir='ltr' id='par_1_5' title="bbox 1832 430 3396 498">
     <span class='ocr_line' id='line_1_5' title="bbox 1832 430 3396 498; baseline 0.001 -12"><span class='ocrx_word' id='word_1_15' title='bbox 1832 432 2122 486; x_wconf 87' lang='lat' dir='ltr'><strong>comedens</strong></span> <span class='ocrx_word' id='word_1_16' title='bbox 2145 446 2245 487; x_wconf 91' lang='lat' dir='ltr'>nos</span> <span class='ocrx_word' id='word_1_17' title='bbox 2265 431 2551 487; x_wconf 89' lang='lat' dir='ltr'><strong>saturavit.</strong></span> <span class='ocrx_word' id='word_1_18' title='bbox 2576 430 2730 488; x_wconf 88' lang='lat' dir='ltr'><strong>Tolle</strong></span> <span class='ocrx_word' id='word_1_19' title='bbox 2753 431 2819 487; x_wconf 88' lang='lat' dir='ltr'>de</span> <span class='ocrx_word' id='word_1_20' title='bbox 2846 447 3011 488; x_wconf 85' lang='lat' dir='ltr'>cruce</span> <span class='ocrx_word' id='word_1_21' title='bbox 3032 431 3206 486; x_wconf 89' lang='lat' dir='ltr'><strong>virum</strong></span> <span class='ocrx_word' id='word_1_22' title='bbox 3230 432 3396 498; x_wconf 84' lang='lat' dir='ltr'><strong>hunc,</strong></span> 
     </span>
    </p>
   </div>
   <div class='ocr_carea' id='block_1_6' title="bbox 134 521 1721 593">
    <p class='ocr_par' dir='ltr' id='par_1_6' title="bbox 134 521 1721 593">
     <span class='ocr_line' id='line_1_6' title="bbox 134 521 1721 593; baseline -0.007 -8"><span class='ocrx_word' id='word_1_23' title='bbox 134 521 235 593; x_wconf 58' lang='grc' dir='ltr'>ξπ</span> <span class='ocrx_word' id='word_1_24' title='bbox 298 521 461 591; x_wconf 79' lang='grc' dir='ltr'>μηδὲν</span> <span class='ocrx_word' id='word_1_25' title='bbox 508 523 690 591; x_wconf 82' lang='grc' dir='ltr'>φαγὼν</span> <span class='ocrx_word' id='word_1_26' title='bbox 735 523 941 585; x_wconf 81' lang='grc' dir='ltr'>πάντας</span> <span class='ocrx_word' id='word_1_27' title='bbox 982 524 1126 593; x_wconf 79' lang='grc' dir='ltr'>ἡμᾶς</span> <span class='ocrx_word' id='word_1_28' title='bbox 1173 522 1484 592; x_wconf 81' lang='grc' dir='ltr'>ὲχόρτασεν’</span> <span class='ocrx_word' id='word_1_29' title='bbox 1528 522 1721 575; x_wconf 80' lang='grc' dir='ltr'>κάθελε</span> 
     </span>
    </p>
   </div>
   <div class='ocr_carea' id='block_1_7' title="bbox 131 612 1721 687">
    <p class='ocr_par' dir='ltr' id='par_1_7' title="bbox 131 612 1721 687">
     <span class='ocr_line' id='line_1_7' title="bbox 131 612 1721 687; baseline 0.001 -20"><span class='ocrx_word' id='word_1_30' title='bbox 131 612 235 667; x_wconf 82' lang='grc' dir='ltr'>τὸν</span> <span class='ocrx_word' id='word_1_31' title='bbox 258 613 427 683; x_wconf 77' lang='grc' dir='ltr'>ἄνδρα</span> <span class='ocrx_word' id='word_1_32' title='bbox 453 613 559 667; x_wconf 84' lang='grc' dir='ltr'>ἀπὸ</span> <span class='ocrx_word' id='word_1_33' title='bbox 590 615 682 668; x_wconf 90' lang='grc' dir='ltr'>τοῦ</span> <span class='ocrx_word' id='word_1_34' title='bbox 720 614 971 687; x_wconf 90' lang='grc' dir='ltr'>σταυροῦ,</span> <span class='ocrx_word' id='word_1_35' title='bbox 995 616 1089 668; x_wconf 76' lang='grc' dir='ltr'>καὶ</span> <span class='ocrx_word' id='word_1_36' title='bbox 1117 615 1315 677; x_wconf 84' lang='grc' dir='ltr'>πάντες</span> <span class='ocrx_word' id='word_1_37' title='bbox 1348 615 1721 685; x_wconf 81' lang='grc' dir='ltr'>φιλοσοφήσω-</span> 
     </span>
    </p>
   </div>
   <div class='ocr_carea' id='block_1_8' title="bbox 134 706 1724 779">
    <p class='ocr_par' dir='ltr' id='par_1_8' title="bbox 134 706 1724 779">
     <span class='ocr_line' id='line_1_8' title="bbox 134 706 1724 779; baseline 0 -20"><span class='ocrx_word' id='word_1_38' title='bbox 134 722 270 775; x_wconf 78' lang='grc' dir='ltr'>μενο</span> <span class='ocrx_word' id='word_1_39' title='bbox 300 706 460 761; x_wconf 83' lang='grc' dir='ltr'>λῦσον</span> <span class='ocrx_word' id='word_1_40' title='bbox 498 706 589 760; x_wconf 84' lang='grc' dir='ltr'>τὸν</span> <span class='ocrx_word' id='word_1_41' title='bbox 622 707 790 779; x_wconf 83' lang='grc' dir='ltr'>ἀνδρα</span> <span class='ocrx_word' id='word_1_42' title='bbox 809 709 877 773; x_wconf 68' lang='grc' dir='ltr'>εί,</span> <span class='ocrx_word' id='word_1_43' title='bbox 911 708 1005 760; x_wconf 75' lang='grc' dir='ltr'>καὶ</span> <span class='ocrx_word' id='word_1_44' title='bbox 1044 709 1302 778; x_wconf 77' lang='grc' dir='ltr'>πᾶσαὴ⁸²</span> <span class='ocrx_word' id='word_1_45' title='bbox 1351 708 1540 777; x_wconf 82' lang='grc' dir='ltr'>Ἀχαΐα</span> <span class='ocrx_word' id='word_1_46' title='bbox 1572 707 1724 778; x_wconf 80' lang='grc' dir='ltr'>ἐλεη-</span> 
     </span>
    </p>
   </div>
   <div class='ocr_carea' id='block_1_9' title="bbox 131 797 1722 868">
    <p class='ocr_par' dir='ltr' id='par_1_9' title="bbox 131 797 1722 868">
     <span class='ocr_line' id='line_1_9' title="bbox 131 797 1722 868; baseline 0.004 -21"><span class='ocrx_word' id='word_1_47' title='bbox 131 797 389 868; x_wconf 85' lang='grc' dir='ltr'>θήσεται·</span> <span class='ocrx_word' id='word_1_48' title='bbox 432 798 493 851; x_wconf 85' lang='grc' dir='ltr'>ού</span> <span class='ocrx_word' id='word_1_49' title='bbox 537 798 655 851; x_wconf 89' lang='grc' dir='ltr'>δέον</span> <span class='ocrx_word' id='word_1_50' title='bbox 703 799 850 852; x_wconf 79' lang='grc' dir='ltr'>ἐστὶν</span> <span class='ocrx_word' id='word_1_51' title='bbox 897 798 1059 852; x_wconf 77' lang='grc' dir='ltr'>αὐτὸν</span> <span class='ocrx_word' id='word_1_52' title='bbox 1108 799 1266 851; x_wconf 91' lang='grc' dir='ltr'>τοῦτο</span> <span class='ocrx_word' id='word_1_53' title='bbox 1307 798 1500 852; x_wconf 83' lang='grc' dir='ltr'>παθεῖν</span> <span class='ocrx_word' id='word_1_54' title='bbox 1542 799 1607 862; x_wconf 82' lang='grc'>⁸³,</span> <span class='ocrx_word' id='word_1_55' title='bbox 1642 800 1722 853; x_wconf 83' lang='grc' dir='ltr'>ὅτι</span> 
     </span>
    </p>
   </div>
   <div class='ocr_carea' id='block_1_10' title="bbox 130 890 1663 962">
    <p class='ocr_par' dir='ltr' id='par_1_10' title="bbox 130 890 1663 962">
     <span class='ocr_line' id='line_1_10' title="bbox 130 890 1663 962; baseline 0.001 -20"><span class='ocrx_word' id='word_1_56' title='bbox 130 891 488 961; x_wconf 85' lang='grc' dir='ltr'>κρεμάμενος</span> <span class='ocrx_word' id='word_1_57' title='bbox 507 890 553 921; x_wconf 69' lang='grc'>⁸⁸</span> <span class='ocrx_word' id='word_1_58' title='bbox 580 891 679 962; x_wconf 72' lang='grc' dir='ltr'>τὴν</span> <span class='ocrx_word' id='word_1_59' title='bbox 718 890 972 962; x_wconf 86' lang='grc' dir='ltr'>ἀλήθειαν</span> <span class='ocrx_word' id='word_1_60' title='bbox 1005 890 1293 962; x_wconf 81' lang='grc' dir='ltr'>κηρύττειν</span> <span class='ocrx_word' id='word_1_61' title='bbox 1324 892 1385 944; x_wconf 81' lang='grc' dir='ltr'>οὐ</span> <span class='ocrx_word' id='word_1_62' title='bbox 1412 891 1663 944; x_wconf 83' lang='grc' dir='ltr'>παύεται.</span> 
     </span>
    </p>
   </div>
   <div class='ocr_carea' id='block_1_11' title="bbox 184 981 1723 1053">
    <p class='ocr_par' dir='ltr' id='par_1_11' title="bbox 184 981 1723 1053">
     <span class='ocr_line' id='line_1_11' title="bbox 184 981 1723 1053; baseline 0.003 -21"><span class='ocrx_word' id='word_1_63' title='bbox 184 981 253 1019; x_wconf 56' lang='grc' dir='ltr'>ν⁸⁵</span> <span class='ocrx_word' id='word_1_64' title='bbox 301 981 387 1044; x_wconf 80' lang='grc' dir='ltr'>Ὠς</span> <span class='ocrx_word' id='word_1_65' title='bbox 411 981 466 1034; x_wconf 89' lang='grc' dir='ltr'>δὲ</span> <span class='ocrx_word' id='word_1_66' title='bbox 500 982 850 1052; x_wconf 82' lang='grc' dir='ltr'>παρήκουσεν</span> <span class='ocrx_word' id='word_1_67' title='bbox 879 985 908 1036; x_wconf 98' lang='lat'>6</span> <span class='ocrx_word' id='word_1_68' title='bbox 941 982 1267 1047; x_wconf 82' lang='grc' dir='ltr'>ἀνθύπατος,</span> <span class='ocrx_word' id='word_1_69' title='bbox 1302 982 1369 1035; x_wconf 85' lang='grc' dir='ltr'>τά</span> <span class='ocrx_word' id='word_1_70' title='bbox 1400 984 1498 1053; x_wconf 83' lang='grc' dir='ltr'>μὲν</span> <span class='ocrx_word' id='word_1_71' title='bbox 1529 982 1723 1053; x_wconf 87' lang='grc' dir='ltr'>πρῶτα</span> 
     </span>
    </p>
   </div>
   <div class='ocr_carea' id='block_1_12' title="bbox 124 1070 1721 1146">
    <p class='ocr_par' dir='ltr' id='par_1_12' title="bbox 124 1070 1721 1146">
     <span class='ocr_line' id='line_1_12' title="bbox 124 1070 1721 1146; baseline 0.004 -24"><span class='ocrx_word' id='word_1_72' title='bbox 124 1072 202 1140; x_wconf 81' lang='grc' dir='ltr'>τῇ</span> <span class='ocrx_word' id='word_1_73' title='bbox 239 1071 384 1141; x_wconf 75' lang='grc' dir='ltr'>χειρὶ</span> <span class='ocrx_word' id='word_1_74' title='bbox 416 1070 493 1140; x_wconf 86' lang='grc' dir='ltr'>τῷ</span> <span class='ocrx_word' id='word_1_75' title='bbox 533 1071 673 1142; x_wconf 75' lang='grc' dir='ltr'>ὄχλῳ</span> <span class='ocrx_word' id='word_1_76' title='bbox 710 1072 969 1127; x_wconf 79' lang='grc' dir='ltr'>διανεύων</span> <span class='ocrx_word' id='word_1_77' title='bbox 1020 1074 1113 1127; x_wconf 89' lang='grc' dir='ltr'>τοῦ</span> <span class='ocrx_word' id='word_1_78' title='bbox 1162 1075 1461 1146; x_wconf 86' lang='grc' dir='ltr'>ἀναχωρεῖν</span> <span class='ocrx_word' id='word_1_79' title='bbox 1504 1076 1721 1140; x_wconf 77' lang='grc' dir='ltr'>αὐτοὺς,</span> 
     </span>
    </p>
   </div>
   <div class='ocr_carea' id='block_1_13' title="bbox 127 1163 1729 1239">
    <p class='ocr_par' dir='ltr' id='par_1_13' title="bbox 127 1163 1729 1239">
     <span class='ocr_line' id='line_1_13' title="bbox 127 1163 1729 1239; baseline 0.003 -24"><span class='ocrx_word' id='word_1_80' title='bbox 127 1163 385 1234; x_wconf 75' lang='grc' dir='ltr'>ἐτόλμων</span> <span class='ocrx_word' id='word_1_81' title='bbox 421 1181 472 1217; x_wconf 88' lang='grc' dir='ltr'>τι</span> <span class='ocrx_word' id='word_1_82' title='bbox 511 1166 591 1228; x_wconf 77' lang='grc' dir='ltr'>εἰς</span> <span class='ocrx_word' id='word_1_83' title='bbox 624 1164 805 1231; x_wconf 81' lang='grc' dir='ltr'>αὑτὸν,</span> <span class='ocrx_word' id='word_1_84' title='bbox 857 1166 1008 1231; x_wconf 80' lang='grc' dir='ltr'>ὄντες</span> <span class='ocrx_word' id='word_1_85' title='bbox 1038 1166 1128 1220; x_wconf 85' lang='grc' dir='ltr'>τὸν</span> <span class='ocrx_word' id='word_1_86' title='bbox 1168 1167 1399 1239; x_wconf 86' lang='grc' dir='ltr'>ἀριθμὸν</span> <span class='ocrx_word' id='word_1_87' title='bbox 1427 1168 1502 1231; x_wconf 85' lang='grc' dir='ltr'>ὡς</span> <span class='ocrx_word' id='word_1_88' title='bbox 1534 1168 1729 1238; x_wconf 86' lang='grc' dir='ltr'>δισμύ-</span> 
     </span>
    </p>
   </div>
   <div class='ocr_carea' id='block_1_14' title="bbox 128 1253 1722 1330">
    <p class='ocr_par' dir='ltr' id='par_1_14' title="bbox 128 1253 1722 1330">
     <span class='ocr_line' id='line_1_14' title="bbox 128 1253 1722 1330; baseline 0.004 -25"><span class='ocrx_word' id='word_1_89' title='bbox 128 1271 266 1325; x_wconf 89' lang='grc' dir='ltr'>ριοι.</span> <span class='ocrx_word' id='word_1_90' title='bbox 306 1253 414 1318; x_wconf 79' lang='grc' dir='ltr'>Οὓς</span> <span class='ocrx_word' id='word_1_91' title='bbox 447 1254 781 1327; x_wconf 82' lang='grc' dir='ltr'>θεασάμενος</span> <span class='ocrx_word' id='word_1_92' title='bbox 810 1258 837 1309; x_wconf 88' lang='lat'>6</span> <span class='ocrx_word' id='word_1_93' title='bbox 868 1256 1173 1322; x_wconf 84' lang='grc' dir='ltr'>ἀνθύπατος</span> <span class='ocrx_word' id='word_1_94' title='bbox 1199 1258 1384 1330; x_wconf 81' lang='grc' dir='ltr'>τρόπῳ</span> <span class='ocrx_word' id='word_1_95' title='bbox 1411 1259 1515 1310; x_wconf 71' lang='grc' dir='ltr'>τινὶ</span> <span class='ocrx_word' id='word_1_96' title='bbox 1542 1261 1722 1329; x_wconf 82' lang='grc' dir='ltr'>ἐμμα-</span> 
     </span>
    </p>
   </div>
   <div class='ocr_carea' id='block_1_15' title="bbox 125 1342 1722 1416">
    <p class='ocr_par' dir='ltr' id='par_1_15' title="bbox 125 1342 1722 1416">
     <span class='ocr_line' id='line_1_15' title="bbox 125 1342 1722 1416; baseline 0.003 -23"><span class='ocrx_word' id='word_1_97' title='bbox 125 1344 248 1405; x_wconf 81' lang='grc' dir='ltr'>νεῖς</span> <span class='ocrx_word' id='word_1_98' title='bbox 268 1344 687 1414; x_wconf 82' lang='grc' dir='ltr'>γεγενημένους,</span> <span class='ocrx_word' id='word_1_99' title='bbox 711 1342 964 1409; x_wconf 86' lang='grc' dir='ltr'>δεδοικὼς</span> <span class='ocrx_word' id='word_1_100' title='bbox 988 1346 1060 1416; x_wconf 90' lang='grc' dir='ltr'>μή</span> <span class='ocrx_word' id='word_1_101' title='bbox 1100 1364 1153 1398; x_wconf 90' lang='grc' dir='ltr'>τι</span> <span class='ocrx_word' id='word_1_102' title='bbox 1174 1346 1346 1399; x_wconf 85' lang='grc' dir='ltr'>δεινὸν</span> <span class='ocrx_word' id='word_1_103' title='bbox 1382 1346 1567 1408; x_wconf 79' lang='grc' dir='ltr'>πάθοι,</span> <span class='ocrx_word' id='word_1_104' title='bbox 1591 1347 1722 1398; x_wconf 90' lang='grc' dir='ltr'>ἀνα-</span> 
     </span>
    </p>
   </div>
   <div class='ocr_carea' id='block_1_16' title="bbox 126 1432 1723 1507">
    <p class='ocr_par' dir='ltr' id='par_1_16' title="bbox 126 1432 1723 1507">
     <span class='ocr_line' id='line_1_16' title="bbox 126 1432 1723 1507; baseline 0.004 -23"><span class='ocrx_word' id='word_1_105' title='bbox 126 1432 273 1496; x_wconf 84' lang='grc' dir='ltr'>στὰς</span> <span class='ocrx_word' id='word_1_106' title='bbox 318 1434 424 1486; x_wconf 87' lang='grc' dir='ltr'>ἀπὸ</span> <span class='ocrx_word' id='word_1_107' title='bbox 463 1433 557 1488; x_wconf 88' lang='grc' dir='ltr'>τοῦ</span> <span class='ocrx_word' id='word_1_108' title='bbox 603 1435 847 1507; x_wconf 81' lang='grc' dir='ltr'>βήματος</span> <span class='ocrx_word' id='word_1_109' title='bbox 890 1438 1139 1489; x_wconf 79' lang='grc' dir='ltr'>συναπξει</span> <span class='ocrx_word' id='word_1_110' title='bbox 1190 1437 1285 1491; x_wconf 83' lang='grc' dir='ltr'>σὺν</span> <span class='ocrx_word' id='word_1_111' title='bbox 1336 1437 1540 1501; x_wconf 85' lang='grc' dir='ltr'>αὐτοῖς,</span> <span class='ocrx_word' id='word_1_112' title='bbox 1590 1437 1723 1490; x_wconf 81' lang='grc' dir='ltr'>ὑπο-</span> 
     </span>
    </p>
   </div>
   <div class='ocr_carea' id='block_1_17' title="bbox 125 1525 1726 1601">
    <p class='ocr_par' dir='ltr' id='par_1_17' title="bbox 125 1525 1726 1601">
     <span class='ocr_line' id='line_1_17' title="bbox 125 1525 1726 1601; baseline 0.001 -23"><span class='ocrx_word' id='word_1_113' title='bbox 125 1525 402 1596; x_wconf 86' lang='grc' dir='ltr'>σχόμενος</span> <span class='ocrx_word' id='word_1_114' title='bbox 448 1527 704 1584; x_wconf 85' lang='grc' dir='ltr'>ἀπολύειν</span> <span class='ocrx_word' id='word_1_115' title='bbox 756 1528 847 1582; x_wconf 84' lang='grc' dir='ltr'>τὸν</span> <span class='ocrx_word' id='word_1_116' title='bbox 902 1529 1171 1600; x_wconf 91' lang='grc' dir='ltr'>μακάριον</span> <span class='ocrx_word' id='word_1_117' title='bbox 1224 1529 1495 1601; x_wconf 79' lang='grc' dir='ltr'>Ἀνδρέαν.</span> <span class='ocrx_word' id='word_1_118' title='bbox 1529 1528 1726 1599; x_wconf 69' lang='grc' dir='ltr'>Ἕφθα⁸</span> 
     </span>
    </p>
   </div>
   <div class='ocr_carea' id='block_1_18' title="bbox 123 1615 1730 1696">
    <p class='ocr_par' dir='ltr' id='par_1_18' title="bbox 123 1615 1730 1696">
     <span class='ocr_line' id='line_1_18' title="bbox 123 1615 1730 1696; baseline 0.005 -25"><span class='ocrx_word' id='word_1_119' title='bbox 123 1637 233 1672; x_wconf 89' lang='grc' dir='ltr'>σαν</span> <span class='ocrx_word' id='word_1_120' title='bbox 280 1615 373 1673; x_wconf 78' lang='grc' dir='ltr'>οὖν</span> <span class='ocrx_word' id='word_1_121' title='bbox 412 1638 556 1685; x_wconf 89' lang='grc' dir='ltr'>τινες</span> <span class='ocrx_word' id='word_1_122' title='bbox 602 1621 680 1692; x_wconf 87' lang='grc' dir='ltr'>τῷ</span> <span class='ocrx_word' id='word_1_123' title='bbox 721 1622 1001 1693; x_wconf 86' lang='grc' dir='ltr'>ἀποστόλῳ</span> <span class='ocrx_word' id='word_1_124' title='bbox 1032 1622 1336 1695; x_wconf 80' lang='grc' dir='ltr'>δηλοῦντες,</span> <span class='ocrx_word' id='word_1_125' title='bbox 1379 1625 1473 1678; x_wconf 82' lang='grc' dir='ltr'>καὶ</span> <span class='ocrx_word' id='word_1_126' title='bbox 1518 1625 1617 1696; x_wconf 81' lang='grc' dir='ltr'>τὴν</span> <span class='ocrx_word' id='word_1_127' title='bbox 1651 1627 1730 1678; x_wconf 80' lang='grc' dir='ltr'>αἰ-</span> 
     </span>
    </p>
   </div>
   <div class='ocr_carea' id='block_1_19' title="bbox 119 1710 1377 1784">
    <p class='ocr_par' dir='ltr' id='par_1_19' title="bbox 119 1710 1377 1784">
     <span class='ocr_line' id='line_1_19' title="bbox 119 1710 1377 1784; baseline 0.005 -21"><span class='ocrx_word' id='word_1_128' title='bbox 119 1710 255 1764; x_wconf 82' lang='grc' dir='ltr'>τίαν</span> <span class='ocrx_word' id='word_1_129' title='bbox 278 1710 346 1763; x_wconf 82' lang='grc' dir='ltr'>δι’</span> <span class='ocrx_word' id='word_1_130' title='bbox 379 1712 445 1783; x_wconf 80' lang='grc' dir='ltr'>ἢν</span> <span class='ocrx_word' id='word_1_131' title='bbox 471 1711 563 1764; x_wconf 80' lang='grc' dir='ltr'>ἐπὶ</span> <span class='ocrx_word' id='word_1_132' title='bbox 582 1711 673 1763; x_wconf 88' lang='grc' dir='ltr'>τὸν</span> <span class='ocrx_word' id='word_1_133' title='bbox 699 1712 863 1766; x_wconf 89' lang='grc' dir='ltr'>τόπον</span> <span class='ocrx_word' id='word_1_134' title='bbox 888 1714 1276 1784; x_wconf 83' lang='grc' dir='ltr'>παραγίνονται</span> <span class='ocrx_word' id='word_1_135' title='bbox 1310 1715 1377 1770; x_wconf 76' lang='grc'>⁸⁸.</span> 
     </span>
    </p>
   </div>
   <div class='ocr_carea' id='block_1_20' title="bbox 1823 524 3401 595">
    <p class='ocr_par' dir='ltr' id='par_1_20' title="bbox 1823 524 3401 595">
     <span class='ocr_line' id='line_1_20' title="bbox 1823 524 3401 595; baseline 0.002 -17"><span class='ocrx_word' id='word_1_136' title='bbox 1823 532 1877 578; x_wconf 89' lang='lat' dir='ltr'>et</span> <span class='ocrx_word' id='word_1_137' title='bbox 1905 540 2097 579; x_wconf 83' lang='lat' dir='ltr'><strong>omnes</strong></span> <span class='ocrx_word' id='word_1_138' title='bbox 2137 526 2463 594; x_wconf 78' lang='lat' dir='ltr'>sapientiam</span> <span class='ocrx_word' id='word_1_139' title='bbox 2495 527 2913 595; x_wconf 84' lang='lat' dir='ltr'>amplectimur;</span> <span class='ocrx_word' id='word_1_140' title='bbox 2967 526 3116 580; x_wconf 90' lang='lat' dir='ltr'><strong>solve</strong></span> <span class='ocrx_word' id='word_1_141' title='bbox 3148 524 3319 589; x_wconf 87' lang='lat' dir='ltr'><strong>illum,</strong></span> <span class='ocrx_word' id='word_1_142' title='bbox 3345 542 3401 581; x_wconf 86' lang='lat' dir='ltr'>et</span> 
     </span>
    </p>
   </div>
   <div class='ocr_carea' id='block_1_21' title="bbox 1825 616 3397 686">
    <p class='ocr_par' dir='ltr' id='par_1_21' title="bbox 1825 616 3397 686">
     <span class='ocr_line' id='line_1_21' title="bbox 1825 616 3397 686; baseline 0.002 -18"><span class='ocrx_word' id='word_1_143' title='bbox 1825 616 2080 670; x_wconf 88' lang='lat' dir='ltr'><strong>universa</strong></span> <span class='ocrx_word' id='word_1_144' title='bbox 2109 616 2314 671; x_wconf 79' lang='lat' dir='ltr'><strong>Achaia</strong></span> <span class='ocrx_word' id='word_1_145' title='bbox 2376 617 2809 673; x_wconf 88' lang='lat' dir='ltr'><strong>misericordiam</strong></span> <span class='ocrx_word' id='word_1_146' title='bbox 2855 625 3243 686; x_wconf 83' lang='lat' dir='ltr'><strong>consequetur.</strong></span> <span class='ocrx_word' id='word_1_147' title='bbox 3279 616 3397 672; x_wconf 84' lang='lat' dir='ltr'>Non</span> 
     </span>
    </p>
   </div>
   <div class='ocr_carea' id='block_1_22' title="bbox 1823 708 3398 780">
    <p class='ocr_par' dir='ltr' id='par_1_22' title="bbox 1823 708 3398 780">
     <span class='ocr_line' id='line_1_22' title="bbox 1823 708 3398 780; baseline 0.001 -18"><span class='ocrx_word' id='word_1_148' title='bbox 1823 708 1982 762; x_wconf 89' lang='lat' dir='ltr'><strong>debet</strong></span> <span class='ocrx_word' id='word_1_149' title='bbox 2008 709 2135 762; x_wconf 88' lang='lat' dir='ltr'><strong>talia</strong></span> <span class='ocrx_word' id='word_1_150' title='bbox 2166 710 2277 778; x_wconf 87' lang='lat' dir='ltr'><strong>pati</strong></span> <span class='ocrx_word' id='word_1_151' title='bbox 2324 709 2411 764; x_wconf 92' lang='lat' dir='ltr'>vir</span> <span class='ocrx_word' id='word_1_152' title='bbox 2441 710 2534 780; x_wconf 93' lang='lat' dir='ltr'>qui</span> <span class='ocrx_word' id='word_1_153' title='bbox 2580 711 2633 764; x_wconf 92' lang='lat' dir='ltr'>in</span> <span class='ocrx_word' id='word_1_154' title='bbox 2663 725 2825 765; x_wconf 86' lang='lat' dir='ltr'><strong>cruce</strong></span> <span class='ocrx_word' id='word_1_155' title='bbox 2868 725 3171 779; x_wconf 89' lang='lat' dir='ltr'><strong>suspensus</strong></span> <span class='ocrx_word' id='word_1_156' title='bbox 3197 714 3398 765; x_wconf 59' lang='lat' dir='ltr'><strong>verita.</strong></span> 
     </span>
    </p>
   </div>
   <div class='ocr_carea' id='block_1_23' title="bbox 1827 802 2632 871">
    <p class='ocr_par' dir='ltr' id='par_1_23' title="bbox 1827 802 2632 871">
     <span class='ocr_line' id='line_1_23' title="bbox 1827 802 2632 871; baseline 0.006 -16"><span class='ocrx_word' id='word_1_157' title='bbox 1827 810 1932 856; x_wconf 91' lang='lat' dir='ltr'>tem</span> <span class='ocrx_word' id='word_1_158' title='bbox 1964 802 2261 871; x_wconf 62' lang='lat' dir='ltr'><strong>praedicare</strong></span> <span class='ocrx_word' id='word_1_159' title='bbox 2295 818 2400 857; x_wconf 91' lang='lat' dir='ltr'>non</span> <span class='ocrx_word' id='word_1_160' title='bbox 2438 812 2632 860; x_wconf 83' lang='lat' dir='ltr'><strong>cessat.</strong></span> 
     </span>
    </p>
   </div>
   <div class='ocr_carea' id='block_1_24' title="bbox 1908 981 3400 1055">
    <p class='ocr_par' dir='ltr' id='par_1_24' title="bbox 1908 981 3400 1055">
     <span class='ocr_line' id='line_1_24' title="bbox 1908 981 3400 1055; baseline 0.003 -21"><span class='ocrx_word' id='word_1_161' title='bbox 1908 981 2238 1037; x_wconf 88' lang='lat' dir='ltr'><strong>Proconsule</strong></span> <span class='ocrx_word' id='word_1_162' title='bbox 2301 995 2481 1037; x_wconf 88' lang='lat' dir='ltr'><strong>autem</strong></span> <span class='ocrx_word' id='word_1_163' title='bbox 2546 984 2672 1038; x_wconf 88' lang='lat' dir='ltr'><strong>talia</strong></span> <span class='ocrx_word' id='word_1_164' title='bbox 2750 984 3075 1055; x_wconf 86' lang='lat' dir='ltr'><strong>negligente.</strong></span> <span class='ocrx_word' id='word_1_165' title='bbox 3125 999 3400 1054; x_wconf 83' lang='lat' dir='ltr'><strong>manuque</strong></span> 
     </span>
    </p>
   </div>
   <div class='ocr_carea' id='block_1_25' title="bbox 1825 1072 3398 1143">
    <p class='ocr_par' dir='ltr' id='par_1_25' title="bbox 1825 1072 3398 1143">
     <span class='ocr_line' id='line_1_25' title="bbox 1825 1072 3398 1143; baseline 0.003 -20"><span class='ocrx_word' id='word_1_166' title='bbox 1825 1073 1998 1125; x_wconf 72' lang='lat' dir='ltr'><strong>turba:</strong></span> <span class='ocrx_word' id='word_1_167' title='bbox 2046 1072 2307 1126; x_wconf 88' lang='lat' dir='ltr'><strong>innuente</strong></span> <span class='ocrx_word' id='word_1_168' title='bbox 2336 1083 2394 1126; x_wconf 93' lang='lat' dir='ltr'>ut</span> <span class='ocrx_word' id='word_1_169' title='bbox 2424 1074 2749 1140; x_wconf 89' lang='lat' dir='ltr'><strong>discederet,</strong></span> <span class='ocrx_word' id='word_1_170' title='bbox 2780 1075 3132 1143; x_wconf 83' lang='lat' dir='ltr'><strong>grassabatur</strong></span> <span class='ocrx_word' id='word_1_171' title='bbox 3179 1076 3233 1128; x_wconf 90' lang='lat' dir='ltr'>in</span> <span class='ocrx_word' id='word_1_172' title='bbox 3273 1091 3398 1134; x_wconf 86' lang='lat' dir='ltr'>eum</span> 
     </span>
    </p>
   </div>
   <div class='ocr_carea' id='block_1_26' title="bbox 1824 1163 3399 1237">
    <p class='ocr_par' dir='ltr' id='par_1_26' title="bbox 1824 1163 3399 1237">
     <span class='ocr_line' id='line_1_26' title="bbox 1824 1163 3399 1237; baseline 0.003 -21"><span class='ocrx_word' id='word_1_173' title='bbox 1824 1163 2053 1217; x_wconf 76' lang='lat' dir='ltr'><strong>audacia</strong></span> <span class='ocrx_word' id='word_1_174' title='bbox 2103 1163 2495 1232; x_wconf 89' lang='lat' dir='ltr'><strong>multitudinis;</strong></span> <span class='ocrx_word' id='word_1_175' title='bbox 2530 1174 2687 1221; x_wconf 90' lang='lat' dir='ltr'><strong>erant</strong></span> <span class='ocrx_word' id='word_1_176' title='bbox 2714 1166 2857 1221; x_wconf 90' lang='lat' dir='ltr'><strong>enim</strong></span> <span class='ocrx_word' id='word_1_177' title='bbox 2884 1166 3074 1237; x_wconf 82' lang='lat' dir='ltr'><strong>viginti</strong></span> <span class='ocrx_word' id='word_1_178' title='bbox 3102 1168 3269 1221; x_wconf 83' lang='lat' dir='ltr'><strong>millia</strong></span> <span class='ocrx_word' id='word_1_179' title='bbox 3301 1168 3399 1220; x_wconf 80' lang='lat' dir='ltr'><strong>lio-</strong></span> 
     </span>
    </p>
   </div>
   <div class='ocr_carea' id='block_1_27' title="bbox 1825 1254 3399 1328">
    <p class='ocr_par' dir='ltr' id='par_1_27' title="bbox 1825 1254 3399 1328">
     <span class='ocr_line' id='line_1_27' title="bbox 1825 1254 3399 1328; baseline 0.003 -21"><span class='ocrx_word' id='word_1_180' title='bbox 1825 1255 2056 1309; x_wconf 89' lang='lat' dir='ltr'><strong>minum.</strong></span> <span class='ocrx_word' id='word_1_181' title='bbox 2102 1254 2251 1321; x_wconf 87' lang='lat' dir='ltr'><strong>Quos</strong></span> <span class='ocrx_word' id='word_1_182' title='bbox 2295 1257 2738 1313; x_wconf 79' lang='lat' dir='ltr'><strong>animadvertetis</strong></span> <span class='ocrx_word' id='word_1_183' title='bbox 2789 1259 3085 1328; x_wconf 89' lang='lat' dir='ltr'><strong>proconsul</strong></span> <span class='ocrx_word' id='word_1_184' title='bbox 3116 1260 3274 1327; x_wconf 84' lang='lat' dir='ltr'><strong>quasi</strong></span> <span class='ocrx_word' id='word_1_185' title='bbox 3309 1258 3399 1312; x_wconf 76' lang='lat' dir='ltr'>fu-</span> 
     </span>
    </p>
   </div>
   <div class='ocr_carea' id='block_1_28' title="bbox 1825 1347 3396 1420">
    <p class='ocr_par' dir='ltr' id='par_1_28' title="bbox 1825 1347 3396 1420">
     <span class='ocr_line' id='line_1_28' title="bbox 1825 1347 3396 1420; baseline 0.002 -20"><span class='ocrx_word' id='word_1_186' title='bbox 1825 1361 1950 1401; x_wconf 86' lang='lat' dir='ltr'><strong>rore</strong></span> <span class='ocrx_word' id='word_1_187' title='bbox 1998 1347 2357 1412; x_wconf 87' lang='lat' dir='ltr'><strong>insanientes,</strong></span> <span class='ocrx_word' id='word_1_188' title='bbox 2413 1349 2598 1403; x_wconf 89' lang='lat' dir='ltr'><strong>timuit</strong></span> <span class='ocrx_word' id='word_1_189' title='bbox 2656 1365 2723 1404; x_wconf 89' lang='lat' dir='ltr'>ne</span> <span class='ocrx_word' id='word_1_190' title='bbox 2748 1351 2879 1420; x_wconf 88' lang='lat' dir='ltr'><strong>quid</strong></span> <span class='ocrx_word' id='word_1_191' title='bbox 2916 1351 3045 1405; x_wconf 89' lang='lat' dir='ltr'><strong>mali</strong></span> <span class='ocrx_word' id='word_1_192' title='bbox 3099 1360 3396 1420; x_wconf 85' lang='lat' dir='ltr'><strong>pateretur,</strong></span> 
     </span>
    </p>
   </div>
   <div class='ocr_carea' id='block_1_29' title="bbox 1828 1436 3400 1511">
    <p class='ocr_par' dir='ltr' id='par_1_29' title="bbox 1828 1436 3400 1511">
     <span class='ocr_line' id='line_1_29' title="bbox 1828 1436 3400 1511; baseline 0.001 -20"><span class='ocrx_word' id='word_1_193' title='bbox 1828 1451 2168 1506; x_wconf 88' lang='lat' dir='ltr'><strong>surgensque</strong></span> <span class='ocrx_word' id='word_1_194' title='bbox 2216 1451 2247 1491; x_wconf 91' lang='lat' dir='ltr'>e</span> <span class='ocrx_word' id='word_1_195' title='bbox 2287 1436 2547 1491; x_wconf 87' lang='lat' dir='ltr'><strong>tribunali</strong></span> <span class='ocrx_word' id='word_1_196' title='bbox 2599 1438 3057 1511; x_wconf 4' lang='lat' dir='ltr'><strong>exivitgsequcns</strong></span> <span class='ocrx_word' id='word_1_197' title='bbox 3107 1440 3230 1494; x_wconf 88' lang='lat' dir='ltr'><strong>illos</strong></span> <span class='ocrx_word' id='word_1_198' title='bbox 3280 1456 3400 1508; x_wconf 87' lang='lat' dir='ltr'><strong>pro-</strong></span> 
     </span>
    </p>
   </div>
   <div class='ocr_carea' id='block_1_30' title="bbox 1826 1527 3400 1597">
    <p class='ocr_par' dir='ltr' id='par_1_30' title="bbox 1826 1527 3400 1597">
     <span class='ocr_line' id='line_1_30' title="bbox 1826 1527 3400 1597; baseline 0.002 -16"><span class='ocrx_word' id='word_1_199' title='bbox 1826 1528 1918 1581; x_wconf 87' lang='lat' dir='ltr'>mit</span> <span class='ocrx_word' id='word_1_200' title='bbox 1931 1542 2156 1597; x_wconf 85' lang='lat' dir='ltr'><strong>tensque</strong></span> <span class='ocrx_word' id='word_1_201' title='bbox 2172 1542 2231 1583; x_wconf 87' lang='lat' dir='ltr'>se</span> <span class='ocrx_word' id='word_1_202' title='bbox 2246 1527 2463 1582; x_wconf 87' lang='lat' dir='ltr'><strong>beatum</strong></span> <span class='ocrx_word' id='word_1_203' title='bbox 2481 1527 2754 1583; x_wconf 84' lang='lat' dir='ltr'><strong>Andream</strong></span> <span class='ocrx_word' id='word_1_204' title='bbox 2772 1530 3147 1585; x_wconf 87' lang='lat' dir='ltr'><strong>liberaturum.</strong></span> <span class='ocrx_word' id='word_1_205' title='bbox 3167 1528 3400 1596; x_wconf 86' lang='lat' dir='ltr'><strong>Quidam</strong></span> 
     </span>
    </p>
   </div>
   <div class='ocr_carea' id='block_1_31' title="bbox 1828 1608 3400 1690">
    <p class='ocr_par' dir='ltr' id='par_1_31' title="bbox 1828 1608 3400 1690">
     <span class='ocr_line' id='line_1_31' title="bbox 1828 1608 3400 1690; baseline 0.001 -19"><span class='ocrx_word' id='word_1_206' title='bbox 1828 1617 1994 1688; x_wconf 71' lang='lat' dir='ltr'><strong>igitur</strong></span> <span class='ocrx_word' id='word_1_207' title='bbox 2027 1627 2421 1688; x_wconf 69' lang='lat' dir='ltr'><strong>prazcurrentes</strong></span> <span class='ocrx_word' id='word_1_208' title='bbox 2468 1620 2535 1673; x_wconf 89' lang='lat' dir='ltr'>ad</span> <span class='ocrx_word' id='word_1_209' title='bbox 2575 1621 2886 1690; x_wconf 83' lang='lat' dir='ltr'><strong>apostolum</strong></span> <span class='ocrx_word' id='word_1_210' title='bbox 2929 1608 3218 1687; x_wconf 88' lang='lat' dir='ltr'><strong>venerunt,</strong></span> <span class='ocrx_word' id='word_1_211' title='bbox 3248 1635 3400 1674; x_wconf 82' lang='lat' dir='ltr'><strong>cau-</strong></span> 
     </span>
    </p>
   </div>
   <div class='ocr_carea' id='block_1_32' title="bbox 1828 1712 2771 1783">
    <p class='ocr_par' dir='ltr' id='par_1_32' title="bbox 1828 1712 2771 1783">
     <span class='ocr_line' id='line_1_32' title="bbox 1828 1712 2771 1783; baseline 0.002 -16"><span class='ocrx_word' id='word_1_212' title='bbox 1828 1728 1943 1767; x_wconf 92' lang='lat' dir='ltr'>sam</span> <span class='ocrx_word' id='word_1_213' title='bbox 1974 1712 2237 1767; x_wconf 77' lang='lat' dir='ltr'><strong>adventus</strong></span> <span class='ocrx_word' id='word_1_214' title='bbox 2267 1712 2351 1767; x_wconf 91' lang='lat' dir='ltr'>sui</span> <span class='ocrx_word' id='word_1_215' title='bbox 2380 1712 2771 1783; x_wconf 83' lang='lat' dir='ltr'><strong>signiﬁcantes.</strong></span> 
     </span>
    </p>
   </div>
   <div class='ocr_carea' id='block_1_33' title="bbox 198 1796 1712 1878">
    <p class='ocr_par' dir='ltr' id='par_1_33' title="bbox 198 1799 1712 1878">
     <span class='ocr_line' id='line_1_33' title="bbox 198 1799 1712 1878; baseline 0.003 -23"><span class='ocrx_word' id='word_1_216' title='bbox 198 1803 414 1866; x_wconf 83' lang='grc' dir='ltr'>Παντὸς</span> <span class='ocrx_word' id='word_1_217' title='bbox 445 1799 538 1857; x_wconf 80' lang='grc' dir='ltr'>οῦν</span> <span class='ocrx_word' id='word_1_218' title='bbox 576 1803 672 1857; x_wconf 87' lang='grc' dir='ltr'>τοῦ</span> <span class='ocrx_word' id='word_1_219' title='bbox 700 1804 858 1875; x_wconf 78' lang='grc' dir='ltr'>ὄχλου</span> <span class='ocrx_word' id='word_1_220' title='bbox 892 1806 1300 1877; x_wconf 83' lang='grc' dir='ltr'>ἀγαλλιωμένου</span> <span class='ocrx_word' id='word_1_221' title='bbox 1322 1807 1403 1860; x_wconf 84' lang='grc' dir='ltr'>ὅτι</span> <span class='ocrx_word' id='word_1_222' title='bbox 1434 1806 1665 1878; x_wconf 68' lang='grc' dir='ltr'>ἤμελλεν</span> <span class='ocrx_word' id='word_1_223' title='bbox 1694 1810 1712 1861; x_wconf 75' lang='grc' dir='ltr'>ἐ</span> 
     </span>
    </p>
   </div>
   <div class='ocr_carea' id='block_1_34' title="bbox 1824 1796 3400 1878">
    <p class='ocr_par' dir='ltr' id='par_1_34' title="bbox 1892 1802 3400 1876">
     <span class='ocr_line' id='line_1_34' title="bbox 1892 1802 3400 1876; baseline -0.001 -19"><span class='ocrx_word' id='word_1_224' title='bbox 1892 1802 2258 1859; x_wconf 81' lang='lat' dir='ltr'><strong>Exsultabant</strong></span> <span class='ocrx_word' id='word_1_225' title='bbox 2305 1804 2473 1876; x_wconf 84' lang='lat' dir='ltr'><strong>igitur</strong></span> <span class='ocrx_word' id='word_1_226' title='bbox 2522 1805 2695 1860; x_wconf 66' lang='lat' dir='ltr'><strong>turbae</strong></span> <span class='ocrx_word' id='word_1_227' title='bbox 2740 1806 2807 1860; x_wconf 94' lang='lat' dir='ltr'>de</span> <span class='ocrx_word' id='word_1_228' title='bbox 2845 1804 3027 1859; x_wconf 80' lang='lat' dir='ltr'><strong>futura</strong></span> <span class='ocrx_word' id='word_1_229' title='bbox 3080 1803 3400 1859; x_wconf 83' lang='lat' dir='ltr'><strong>liberatione</strong></span> 
     </span>
    </p>
   </div>
   <div class='ocr_carea' id='block_1_35' title="bbox 123 1896 1718 1970">
    <p class='ocr_par' dir='ltr' id='par_1_35' title="bbox 123 1896 1718 1970">
     <span class='ocr_line' id='line_1_35' title="bbox 123 1896 1718 1970; baseline 0.003 -22"><span class='ocrx_word' id='word_1_230' title='bbox 123 1896 405 1966; x_wconf 78' lang='grc' dir='ltr'>μακάριος</span> <span class='ocrx_word' id='word_1_231' title='bbox 444 1896 699 1968; x_wconf 77' lang='grc' dir='ltr'>Ἀνδρέας</span> <span class='ocrx_word' id='word_1_232' title='bbox 728 1898 1087 1962; x_wconf 90' lang='grc' dir='ltr'>ἀπολύεσθαι,</span> <span class='ocrx_word' id='word_1_233' title='bbox 1114 1899 1595 1970; x_wconf 64' lang='grc' dir='ltr'>πιαραγεναμένου⁴</span> <span class='ocrx_word' id='word_1_234' title='bbox 1624 1900 1718 1952; x_wconf 88' lang='grc' dir='ltr'>τοῦ</span> 
     </span>
    </p>
   </div>
   <div class='ocr_carea' id='block_1_36' title="bbox 120 1988 1719 2063">
    <p class='ocr_par' dir='ltr' id='par_1_36' title="bbox 120 1988 1719 2063">
     <span class='ocr_line' id='line_1_36' title="bbox 120 1988 1719 2063; baseline 0.004 -23"><span class='ocrx_word' id='word_1_235' title='bbox 120 1988 445 2041; x_wconf 80' lang='grc' dir='ltr'>ἀνθυπάτου</span> <span class='ocrx_word' id='word_1_236' title='bbox 483 1991 577 2043; x_wconf 73' lang='grc' dir='ltr'>καὶ</span> <span class='ocrx_word' id='word_1_237' title='bbox 613 1991 831 2044; x_wconf 83' lang='grc' dir='ltr'>πάντων</span> <span class='ocrx_word' id='word_1_238' title='bbox 858 1990 967 2043; x_wconf 85' lang='grc' dir='ltr'>τῶν</span> <span class='ocrx_word' id='word_1_239' title='bbox 1004 1991 1248 2060; x_wconf 79' lang='grc' dir='ltr'>ἀδελφῶν</span> <span class='ocrx_word' id='word_1_240' title='bbox 1279 1991 1574 2063; x_wconf 83' lang='grc' dir='ltr'>χαιρόντων</span> <span class='ocrx_word' id='word_1_241' title='bbox 1603 1994 1719 2063; x_wconf 79' lang='grc' dir='ltr'>ἅμα</span> 
     </span>
    </p>
   </div>
   <div class='ocr_carea' id='block_1_37' title="bbox 120 2081 1719 2155">
    <p class='ocr_par' dir='ltr' id='par_1_37' title="bbox 120 2081 1719 2155">
     <span class='ocr_line' id='line_1_37' title="bbox 120 2081 1719 2155; baseline 0.003 -22"><span class='ocrx_word' id='word_1_242' title='bbox 120 2084 195 2152; x_wconf 79' lang='grc' dir='ltr'>τῇ</span> <span class='ocrx_word' id='word_1_243' title='bbox 227 2081 564 2153; x_wconf 82' lang='grc' dir='ltr'>Μαξιμίλλῃ,</span> <span class='ocrx_word' id='word_1_244' title='bbox 607 2084 635 2135; x_wconf 79' lang='grc' dir='ltr'><strong>ὁ</strong></span> <span class='ocrx_word' id='word_1_245' title='bbox 667 2083 935 2155; x_wconf 87' lang='grc' dir='ltr'>μακάριος</span> <span class='ocrx_word' id='word_1_246' title='bbox 974 2082 1230 2155; x_wconf 82' lang='grc' dir='ltr'>Ἀνδρέας</span> <span class='ocrx_word' id='word_1_247' title='bbox 1261 2083 1437 2137; x_wconf 82' lang='grc' dir='ltr'>ταῦτα</span> <span class='ocrx_word' id='word_1_248' title='bbox 1480 2084 1719 2148; x_wconf 85' lang='grc' dir='ltr'>ἀκούσας</span> 
     </span>
    </p>
   </div>
   <div class='ocr_carea' id='block_1_38' title="bbox 119 2170 1719 2247">
    <p class='ocr_par' dir='ltr' id='par_1_38' title="bbox 119 2170 1719 2247">
     <span class='ocr_line' id='line_1_38' title="bbox 119 2170 1719 2247; baseline 0.002 -22"><span class='ocrx_word' id='word_1_249' title='bbox 119 2170 289 2227; x_wconf 76' lang='grc' dir='ltr'>εἶπεν</span> <span class='ocrx_word' id='word_1_250' title='bbox 321 2177 434 2237; x_wconf 91' lang='grc' dir='ltr'>τοῖς</span> <span class='ocrx_word' id='word_1_251' title='bbox 466 2174 807 2246; x_wconf 84' lang='grc' dir='ltr'>παρεστῶσιν</span> <span class='ocrx_word' id='word_1_252' title='bbox 845 2174 1111 2245; x_wconf 80' lang='grc' dir='ltr'>ἀδελφοῖς·</span> <span class='ocrx_word' id='word_1_253' title='bbox 1145 2176 1213 2229; x_wconf 85' lang='lat' dir='ltr'><strong>&quot;A</strong></span> <span class='ocrx_word' id='word_1_254' title='bbox 1242 2175 1323 2228; x_wconf 88' lang='grc' dir='ltr'>δεῖ</span> <span class='ocrx_word' id='word_1_255' title='bbox 1356 2193 1422 2247; x_wconf 87' lang='grc' dir='ltr'>με</span> <span class='ocrx_word' id='word_1_256' title='bbox 1458 2174 1594 2247; x_wconf 80' lang='grc' dir='ltr'>πρὸς</span> <span class='ocrx_word' id='word_1_257' title='bbox 1621 2177 1719 2228; x_wconf 83' lang='grc' dir='ltr'>αύ-</span> 
     </span>
    </p>
   </div>
   <div class='ocr_carea' id='block_1_39' title="bbox 115 2267 1718 2341">
    <p class='ocr_par' dir='ltr' id='par_1_39' title="bbox 115 2267 1718 2341">
     <span class='ocr_line' id='line_1_39' title="bbox 115 2267 1718 2341; baseline 0.002 -24"><span class='ocrx_word' id='word_1_258' title='bbox 115 2267 215 2320; x_wconf 80' lang='grc' dir='ltr'>τὸν</span> <span class='ocrx_word' id='word_1_259' title='bbox 244 2267 452 2330; x_wconf 76' lang='grc' dir='ltr'>εἰπεῖν,</span> <span class='ocrx_word' id='word_1_260' title='bbox 484 2267 808 2330; x_wconf 82' lang='grc' dir='ltr'>ἀναλύοντός</span> <span class='ocrx_word' id='word_1_261' title='bbox 850 2286 952 2338; x_wconf 87' lang='grc' dir='ltr'>μου</span> <span class='ocrx_word' id='word_1_262' title='bbox 985 2269 1122 2341; x_wconf 84' lang='grc' dir='ltr'>πρὸς</span> <span class='ocrx_word' id='word_1_263' title='bbox 1149 2268 1384 2340; x_wconf 86' lang='grc' dir='ltr'>Κύριον,</span> <span class='ocrx_word' id='word_1_264' title='bbox 1418 2268 1590 2321; x_wconf 89' lang='grc' dir='ltr'>ταῦτα</span> <span class='ocrx_word' id='word_1_265' title='bbox 1624 2270 1718 2322; x_wconf 78' lang='grc' dir='ltr'>καὶ</span> 
     </span>
    </p>
   </div>
   <div class='ocr_carea' id='block_1_40' title="bbox 118 2356 1714 2434">
    <p class='ocr_par' dir='ltr' id='par_1_40' title="bbox 118 2356 1714 2434">
     <span class='ocr_line' id='line_1_40' title="bbox 118 2356 1714 2434; baseline 0.003 -25"><span class='ocrx_word' id='word_1_266' title='bbox 118 2358 263 2429; x_wconf 65' lang='grc' dir='ltr'>ἐρῶ.</span> <span class='ocrx_word' id='word_1_267' title='bbox 298 2359 454 2422; x_wconf 82' lang='grc' dir='ltr'>Τίνος</span> <span class='ocrx_word' id='word_1_268' title='bbox 489 2360 648 2431; x_wconf 82' lang='grc' dir='ltr'>χάριν</span> <span class='ocrx_word' id='word_1_269' title='bbox 685 2359 847 2414; x_wconf 87' lang='grc' dir='ltr'>πάλιν</span> <span class='ocrx_word' id='word_1_270' title='bbox 887 2356 1021 2434; x_wconf 66' lang='grc' dir='ltr'>¹ἧκες</span> <span class='ocrx_word' id='word_1_271' title='bbox 1062 2362 1199 2432; x_wconf 77' lang='grc' dir='ltr'>πρὸς</span> <span class='ocrx_word' id='word_1_272' title='bbox 1243 2362 1410 2433; x_wconf 77' lang='grc' dir='ltr'>ἡμᾶς,</span> <span class='ocrx_word' id='word_1_273' title='bbox 1445 2362 1714 2429; x_wconf 84' lang='grc' dir='ltr'>Αίγεάτα;</span> 
     </span>
    </p>
   </div>
   <div class='ocr_carea' id='block_1_41' title="bbox 114 2451 1717 2524">
    <p class='ocr_par' dir='ltr' id='par_1_41' title="bbox 114 2451 1717 2524">
     <span class='ocr_line' id='line_1_41' title="bbox 114 2451 1717 2524; baseline 0.001 -20"><span class='ocrx_word' id='word_1_274' title='bbox 114 2453 271 2515; x_wconf 85' lang='grc' dir='ltr'>τίνος</span> <span class='ocrx_word' id='word_1_275' title='bbox 322 2451 507 2505; x_wconf 74' lang='grc' dir='ltr'>ἕνεκεν</span> <span class='ocrx_word' id='word_1_276' title='bbox 567 2452 844 2523; x_wconf 86' lang='grc' dir='ltr'>ἀλλότριος</span> <span class='ocrx_word' id='word_1_277' title='bbox 895 2453 1052 2523; x_wconf 86' lang='grc' dir='ltr'>ήμῶν</span> <span class='ocrx_word' id='word_1_278' title='bbox 1111 2453 1404 2524; x_wconf 80' lang='grc' dir='ltr'>προσέρχει</span> <span class='ocrx_word' id='word_1_279' title='bbox 1458 2455 1629 2522; x_wconf 79' lang='grc' dir='ltr'>ἡμῖν;</span> <span class='ocrx_word' id='word_1_280' title='bbox 1663 2453 1717 2505; x_wconf 89' lang='grc' dir='ltr'>τί</span> 
     </span>
    </p>
   </div>
   <div class='ocr_carea' id='block_1_42' title="bbox 117 2544 1715 2617">
    <p class='ocr_par' dir='ltr' id='par_1_42' title="bbox 117 2544 1715 2617">
     <span class='ocr_line' id='line_1_42' title="bbox 117 2544 1715 2617; baseline 0 -20"><span class='ocrx_word' id='word_1_281' title='bbox 117 2545 399 2616; x_wconf 70' lang='grc' dir='ltr'>τολμῆσαι</span> <span class='ocrx_word' id='word_1_282' title='bbox 439 2546 602 2599; x_wconf 84' lang='grc' dir='ltr'>πάλιν</span> <span class='ocrx_word' id='word_1_283' title='bbox 642 2546 828 2611; x_wconf 80' lang='grc' dir='ltr'>θέλων,</span> <span class='ocrx_word' id='word_1_284' title='bbox 857 2547 911 2599; x_wconf 91' lang='grc' dir='ltr'>τί</span> <span class='ocrx_word' id='word_1_285' title='bbox 942 2546 1337 2617; x_wconf 86' lang='grc' dir='ltr'>τεχνάσασθαι;</span> <span class='ocrx_word' id='word_1_286' title='bbox 1368 2547 1509 2599; x_wconf 75' lang='grc' dir='ltr'>εἰπέ.</span> <span class='ocrx_word' id='word_1_287' title='bbox 1544 2544 1715 2598; x_wconf 88' lang='grc' dir='ltr'>Λῦσαι</span> 
     </span>
    </p>
   </div>
   <div class='ocr_carea' id='block_1_43' title="bbox 115 2633 1715 2709">
    <p class='ocr_par' dir='ltr' id='par_1_43' title="bbox 115 2633 1715 2709">
     <span class='ocr_line' id='line_1_43' title="bbox 115 2633 1715 2709; baseline 0.001 -20"><span class='ocrx_word' id='word_1_288' title='bbox 115 2638 277 2708; x_wconf 73' lang='grc' dir='ltr'>ἡμᾶς</span> <span class='ocrx_word' id='word_1_289' title='bbox 319 2633 483 2708; x_wconf 78' lang='grc' dir='ltr'>ἦλθες</span> <span class='ocrx_word' id='word_1_290' title='bbox 526 2638 603 2701; x_wconf 86' lang='grc' dir='ltr'>ὡς</span> <span class='ocrx_word' id='word_1_291' title='bbox 642 2637 1043 2708; x_wconf 85' lang='grc' dir='ltr'>μετεγνωκώς;</span> <span class='ocrx_word' id='word_1_292' title='bbox 1083 2638 1192 2691; x_wconf 82' lang='grc' dir='ltr'>οὐδ’</span> <span class='ocrx_word' id='word_1_293' title='bbox 1226 2639 1290 2693; x_wconf 82' lang='grc' dir='ltr'>ἄν</span> <span class='ocrx_word' id='word_1_294' title='bbox 1330 2655 1413 2690; x_wconf 91' lang='grc' dir='ltr'>σοι</span> <span class='ocrx_word' id='word_1_295' title='bbox 1456 2637 1715 2709; x_wconf 85' lang='grc' dir='ltr'>συνθήσο-</span> 
     </span>
    </p>
   </div>
   <div class='ocr_carea' id='block_1_44' title="bbox 121 2729 1717 2801">
    <p class='ocr_par' dir='ltr' id='par_1_44' title="bbox 121 2729 1717 2801">
     <span class='ocr_line' id='line_1_44' title="bbox 121 2729 1717 2801; baseline -0.002 -17"><span class='ocrx_word' id='word_1_296' title='bbox 121 2747 249 2800; x_wconf 88' lang='grc' dir='ltr'>μαι,</span> <span class='ocrx_word' id='word_1_297' title='bbox 288 2730 364 2794; x_wconf 86' lang='grc' dir='ltr'>ὡς</span> <span class='ocrx_word' id='word_1_298' title='bbox 391 2730 609 2801; x_wconf 87' lang='grc' dir='ltr'>ἀληθῶς</span> <span class='ocrx_word' id='word_1_299' title='bbox 646 2748 739 2784; x_wconf 84' lang='grc' dir='ltr'>σου</span> <span class='ocrx_word' id='word_1_300' title='bbox 777 2731 1197 2801; x_wconf 88' lang='grc' dir='ltr'>μετεγνωκότος.</span> <span class='ocrx_word' id='word_1_301' title='bbox 1240 2729 1360 2783; x_wconf 79' lang='grc' dir='ltr'>Οὐδ’</span> <span class='ocrx_word' id='word_1_302' title='bbox 1410 2731 1474 2785; x_wconf 82' lang='grc' dir='ltr'>ἄν</span> <span class='ocrx_word' id='word_1_303' title='bbox 1509 2747 1592 2783; x_wconf 95' lang='grc' dir='ltr'>σοι</span> <span class='ocrx_word' id='word_1_304' title='bbox 1628 2746 1717 2782; x_wconf 92' lang='grc' dir='ltr'>πι-</span> 
     </span>
    </p>
   </div>
   <div class='ocr_carea' id='block_1_45' title="bbox 119 2821 1718 2895">
    <p class='ocr_par' dir='ltr' id='par_1_45' title="bbox 119 2821 1718 2895">
     <span class='ocr_line' id='line_1_45' title="bbox 119 2821 1718 2895; baseline -0.001 -21"><span class='ocrx_word' id='word_1_305' title='bbox 119 2822 359 2890; x_wconf 83' lang='grc' dir='ltr'>στεύσω,</span> <span class='ocrx_word' id='word_1_306' title='bbox 397 2823 526 2877; x_wconf 77' lang='grc' dir='ltr'>ἴδιόν</span> <span class='ocrx_word' id='word_1_307' title='bbox 551 2841 652 2895; x_wconf 91' lang='grc' dir='ltr'>μου</span> <span class='ocrx_word' id='word_1_308' title='bbox 688 2825 880 2878; x_wconf 86' lang='grc' dir='ltr'>σαυτὸν</span> <span class='ocrx_word' id='word_1_309' title='bbox 902 2824 1131 2892; x_wconf 84' lang='grc' dir='ltr'>λέγοντά</span> <span class='ocrx_word' id='word_1_310' title='bbox 1151 2841 1231 2877; x_wconf 91' lang='grc' dir='ltr'>σε.</span> <span class='ocrx_word' id='word_1_311' title='bbox 1257 2824 1420 2887; x_wconf 90' lang='grc' dir='ltr'>Λύεις</span> <span class='ocrx_word' id='word_1_312' title='bbox 1449 2823 1526 2890; x_wconf 85' lang='grc' dir='ltr'>δὲ,</span> <span class='ocrx_word' id='word_1_313' title='bbox 1555 2821 1718 2877; x_wconf 86' lang='grc' dir='ltr'>ἀνθύ-</span> 
     </span>
    </p>
   </div>
   <div class='ocr_carea' id='block_1_46' title="bbox 119 2906 1718 2985">
    <p class='ocr_par' dir='ltr' id='par_1_46' title="bbox 119 2906 1718 2985">
     <span class='ocr_line' id='line_1_46' title="bbox 119 2906 1718 2985; baseline 0.001 -22"><span class='ocrx_word' id='word_1_314' title='bbox 119 2928 289 2974; x_wconf 79' lang='grc' dir='ltr'>πατε,</span> <span class='ocrx_word' id='word_1_315' title='bbox 328 2912 418 2964; x_wconf 74' lang='grc' dir='ltr'>τὸν</span> <span class='ocrx_word' id='word_1_316' title='bbox 451 2912 701 2977; x_wconf 88' lang='grc' dir='ltr'>δεθέντα;</span> <span class='ocrx_word' id='word_1_317' title='bbox 740 2913 1019 2984; x_wconf 76' lang='grc' dir='ltr'>οὐδαμῶς⁸</span> <span class='ocrx_word' id='word_1_318' title='bbox 1049 2913 1158 2983; x_wconf 72' lang='grc' dir='ltr'>ἔχω</span> <span class='ocrx_word' id='word_1_319' title='bbox 1190 2912 1299 2985; x_wconf 88' lang='grc' dir='ltr'>γὰρ</span> <span class='ocrx_word' id='word_1_320' title='bbox 1341 2906 1385 2981; x_wconf 86' lang='grc' dir='ltr'>ᾦ</span> <span class='ocrx_word' id='word_1_321' title='bbox 1423 2912 1718 2983; x_wconf 88' lang='grc' dir='ltr'>συνέσομαι</span> 
     </span>
    </p>
   </div>
   <div class='ocr_carea' id='block_1_47' title="bbox 119 3000 1718 3085">
    <p class='ocr_par' dir='ltr' id='par_1_47' title="bbox 119 3000 1718 3085">
     <span class='ocr_line' id='line_1_47' title="bbox 119 3000 1718 3085; baseline 0.002 -28"><span class='ocrx_word' id='word_1_322' title='bbox 119 3004 616 3085; x_wconf 14' lang='grc' dir='ltr'>είςΫ-τίδμδ-ιηνεκὲς,</span> <span class='ocrx_word' id='word_1_323' title='bbox 649 3006 757 3077; x_wconf 73' lang='grc' dir='ltr'>ἔχω</span> <span class='ocrx_word' id='word_1_324' title='bbox 798 3000 841 3075; x_wconf 82' lang='grc' dir='ltr'>ᾧ</span> <span class='ocrx_word' id='word_1_325' title='bbox 875 3006 1374 3077; x_wconf 79' lang='grc' dir='ltr'>συμπολιτεύσομαι</span> <span class='ocrx_word' id='word_1_326' title='bbox 1413 3007 1494 3068; x_wconf 78' lang='grc' dir='ltr'>εἰς</span> <span class='ocrx_word' id='word_1_327' title='bbox 1532 3006 1718 3077; x_wconf 86' lang='grc' dir='ltr'>ἀναρι-</span> 
     </span>
    </p>
   </div>
   <div class='ocr_carea' id='block_1_48' title="bbox 119 3076 1719 3169">
    <p class='ocr_par' dir='ltr' id='par_1_48' title="bbox 119 3076 1719 3169">
     <span class='ocr_line' id='line_1_48' title="bbox 119 3076 1719 3169; baseline 0.003 -22"><span class='ocrx_word' id='word_1_328' title='bbox 119 3076 611 3166; x_wconf 50' lang='lat' dir='ltr'><strong>eaEan‘azava;</strong></span> <span class='ocrx_word' id='word_1_329' title='bbox 632 3115 646 3128; x_wconf 74' lang='grc' dir='ltr'><strong><em>ο</em></strong></span> <span class='ocrx_word' id='word_1_330' title='bbox 680 3076 816 3169; x_wconf 81' lang='grc' dir='ltr'>πρὸς</span> <span class='ocrx_word' id='word_1_331' title='bbox 850 3076 1055 3151; x_wconf 77' lang='grc' dir='ltr'>ἐκεῖνον</span> <span class='ocrx_word' id='word_1_332' title='bbox 1092 3076 1309 3169; x_wconf 83' lang='grc' dir='ltr'>ἄπειμι,</span> <span class='ocrx_word' id='word_1_333' title='bbox 1343 3098 1481 3169; x_wconf 81' lang='grc' dir='ltr'>πρὸς</span> <span class='ocrx_word' id='word_1_334' title='bbox 1512 3076 1719 3152; x_wconf 76' lang='grc' dir='ltr'>ἐκεῖνον</span> 
     </span>
    </p>
   </div>
   <div class='ocr_carea' id='block_1_49' title="bbox 118 3186 1720 3260">
    <p class='ocr_par' dir='ltr' id='par_1_49' title="bbox 118 3186 1720 3260">
     <span class='ocr_line' id='line_1_49' title="bbox 118 3186 1720 3260; baseline 0.004 -23"><span class='ocrx_word' id='word_1_335' title='bbox 118 3186 439 3259; x_wconf 80' lang='grc' dir='ltr'>ἐπείγομαι,</span> <span class='ocrx_word' id='word_1_336' title='bbox 478 3187 570 3240; x_wconf 84' lang='grc' dir='ltr'>τὸν</span> <span class='ocrx_word' id='word_1_337' title='bbox 600 3188 695 3242; x_wconf 56' lang='grc' dir='ltr'>καί⁸</span> <span class='ocrx_word' id='word_1_338' title='bbox 726 3189 785 3241; x_wconf 89' lang='grc' dir='ltr'>σέ</span> <span class='ocrx_word' id='word_1_339' title='bbox 822 3206 911 3257; x_wconf 87' lang='grc' dir='ltr'>μοι</span> <span class='ocrx_word' id='word_1_340' title='bbox 945 3189 1309 3259; x_wconf 80' lang='grc' dir='ltr'>γνωρίσαντα,</span> <span class='ocrx_word' id='word_1_341' title='bbox 1340 3189 1429 3242; x_wconf 83' lang='grc' dir='ltr'>τὸν</span> <span class='ocrx_word' id='word_1_342' title='bbox 1460 3190 1720 3260; x_wconf 79' lang='grc' dir='ltr'>εἰρηκότα</span> 
     </span>
    </p>
   </div>
   <div class='ocr_carea' id='block_1_50' title="bbox 120 3280 1721 3353">
    <p class='ocr_par' dir='ltr' id='par_1_50' title="bbox 120 3280 1721 3353">
     <span class='ocr_line' id='line_1_50' title="bbox 120 3280 1721 3353; baseline 0.002 -23"><span class='ocrx_word' id='word_1_343' title='bbox 120 3295 239 3347; x_wconf 77' lang='grc' dir='ltr'>μοι·</span> <span class='ocrx_word' id='word_1_344' title='bbox 272 3280 362 3350; x_wconf 83' lang='grc' dir='ltr'>Μή</span> <span class='ocrx_word' id='word_1_345' title='bbox 390 3297 449 3332; x_wconf 90' lang='grc' dir='ltr'>σε</span> <span class='ocrx_word' id='word_1_346' title='bbox 483 3280 783 3353; x_wconf 77' lang='grc' dir='ltr'>ὲκφοδείτω</span> <span class='ocrx_word' id='word_1_347' title='bbox 812 3282 841 3334; x_wconf 88' lang='grc' dir='ltr'><strong>ὁ</strong></span> <span class='ocrx_word' id='word_1_348' title='bbox 865 3281 1284 3351; x_wconf 58' lang='grc' dir='ltr'>δεινὸςῇκεῖνος</span> <span class='ocrx_word' id='word_1_349' title='bbox 1309 3282 1383 3352; x_wconf 87' lang='grc' dir='ltr'>μή</span> <span class='ocrx_word' id='word_1_350' title='bbox 1410 3299 1469 3334; x_wconf 91' lang='grc' dir='ltr'>σε</span> <span class='ocrx_word' id='word_1_351' title='bbox 1498 3285 1721 3353; x_wconf 85' lang='grc' dir='ltr'>κρατεῖν</span> 
     </span>
    </p>
   </div>
   <div class='ocr_carea' id='block_1_51' title="bbox 118 3369 1722 3446">
    <p class='ocr_par' dir='ltr' id='par_1_51' title="bbox 118 3369 1722 3446">
     <span class='ocr_line' id='line_1_51' title="bbox 118 3369 1722 3446; baseline 0.004 -24"><span class='ocrx_word' id='word_1_352' title='bbox 118 3369 393 3441; x_wconf 78' lang='grc' dir='ltr'>νομιζέτω</span> <span class='ocrx_word' id='word_1_353' title='bbox 430 3371 561 3443; x_wconf 76' lang='grc' dir='ltr'>ἐμὸν</span> <span class='ocrx_word' id='word_1_354' title='bbox 586 3373 712 3426; x_wconf 80' lang='grc' dir='ltr'>ὄντα</span> <span class='ocrx_word' id='word_1_355' title='bbox 732 3390 744 3402; x_wconf 89' lang='grc'><strong>·</strong></span> <span class='ocrx_word' id='word_1_356' title='bbox 773 3373 965 3444; x_wconf 79' lang='grc' dir='ltr'>ἐχθρός</span> <span class='ocrx_word' id='word_1_357' title='bbox 994 3390 1085 3425; x_wconf 86' lang='grc' dir='ltr'>σου</span> <span class='ocrx_word' id='word_1_358' title='bbox 1108 3372 1216 3446; x_wconf 85' lang='grc' dir='ltr'>γάρ</span> <span class='ocrx_word' id='word_1_359' title='bbox 1239 3375 1405 3426; x_wconf 84' lang='grc' dir='ltr'>ἐστιν.</span> <span class='ocrx_word' id='word_1_360' title='bbox 1425 3373 1722 3444; x_wconf 79' lang='grc' dir='ltr'>Τοιγαροῦν</span> 
     </span>
    </p>
   </div>
   <div class='ocr_carea' id='block_1_52' title="bbox 118 3464 1721 3537">
    <p class='ocr_par' dir='ltr' id='par_1_52' title="bbox 118 3464 1721 3537">
     <span class='ocr_line' id='line_1_52' title="bbox 118 3464 1721 3537; baseline 0 -20"><span class='ocrx_word' id='word_1_361' title='bbox 118 3465 381 3534; x_wconf 78' lang='grc' dir='ltr'>ἐπιγνούς</span> <span class='ocrx_word' id='word_1_362' title='bbox 411 3483 470 3518; x_wconf 90' lang='grc' dir='ltr'>σε</span> <span class='ocrx_word' id='word_1_363' title='bbox 499 3465 587 3519; x_wconf 87' lang='grc' dir='ltr'>διά</span> <span class='ocrx_word' id='word_1_364' title='bbox 616 3464 711 3518; x_wconf 87' lang='grc' dir='ltr'>τοῦ</span> <span class='ocrx_word' id='word_1_365' title='bbox 753 3464 1144 3537; x_wconf 64' lang='grc' dir='ltr'>ἐπιτρέψαντός</span> <span class='ocrx_word' id='word_1_366' title='bbox 1174 3482 1261 3535; x_wconf 89' lang='grc' dir='ltr'>μοι</span> <span class='ocrx_word' id='word_1_367' title='bbox 1302 3464 1721 3534; x_wconf 87' lang='grc' dir='ltr'>ἀπαλλάσσομαί</span> 
     </span>
    </p>
   </div>
   <div class='ocr_carea' id='block_1_53' title="bbox 120 3554 1719 3640">
    <p class='ocr_par' dir='ltr' id='par_1_53' title="bbox 120 3554 1719 3640">
     <span class='ocr_line' id='line_1_53' title="bbox 120 3554 1719 3640; baseline 0.001 -33"><span class='ocrx_word' id='word_1_368' title='bbox 120 3572 239 3610; x_wconf 85' lang='grc' dir='ltr'>σου.</span> <span class='ocrx_word' id='word_1_369' title='bbox 266 3558 328 3609; x_wconf 78' lang='grc' dir='ltr'>Εἰ</span> <span class='ocrx_word' id='word_1_370' title='bbox 348 3557 404 3609; x_wconf 86' lang='grc' dir='ltr'>δὲ</span> <span class='ocrx_word' id='word_1_371' title='bbox 434 3557 526 3611; x_wconf 75' lang='grc' dir='ltr'>καὶ</span> <span class='ocrx_word' id='word_1_372' title='bbox 558 3557 737 3627; x_wconf 89' lang='grc' dir='ltr'>βούλει</span> <span class='ocrx_word' id='word_1_373' title='bbox 757 3555 1046 3609; x_wconf 88' lang='grc' dir='ltr'>πιστεῦσαι</span> <span class='ocrx_word' id='word_1_374' title='bbox 1074 3554 1410 3640; x_wconf 55' lang='grc' dir='ltr'>τιξὲριστῷ,</span> <span class='ocrx_word' id='word_1_375' title='bbox 1442 3556 1719 3627; x_wconf 77' lang='grc' dir='ltr'>ἀνεῳχθῆ-</span> 
     </span>
    </p>
   </div>
   <div class='ocr_carea' id='block_1_54' title="bbox 120 3647 1716 3719">
    <p class='ocr_par' dir='ltr' id='par_1_54' title="bbox 120 3647 1716 3719">
     <span class='ocr_line' id='line_1_54' title="bbox 120 3647 1716 3719; baseline -0.001 -18"><span class='ocrx_word' id='word_1_376' title='bbox 120 3649 285 3702; x_wconf 77' lang='grc' dir='ltr'>σεταί</span> <span class='ocrx_word' id='word_1_377' title='bbox 315 3666 418 3713; x_wconf 85' lang='grc' dir='ltr'>σοι,</span> <span class='ocrx_word' id='word_1_378' title='bbox 453 3648 636 3713; x_wconf 87' lang='grc' dir='ltr'>καθὼς</span> <span class='ocrx_word' id='word_1_379' title='bbox 662 3649 982 3719; x_wconf 82' lang='grc' dir='ltr'>ὑπεσχόμην</span> <span class='ocrx_word' id='word_1_380' title='bbox 1004 3665 1105 3712; x_wconf 90' lang='grc' dir='ltr'>σοι,</span> <span class='ocrx_word' id='word_1_381' title='bbox 1142 3647 1261 3710; x_wconf 85' lang='grc' dir='ltr'>ὁδὸς</span> <span class='ocrx_word' id='word_1_382' title='bbox 1298 3648 1716 3718; x_wconf 84' lang='grc' dir='ltr'>συγχωρήσεως·</span> 
     </span>
    </p>
   </div>
   <div class='ocr_carea' id='block_1_55' title="bbox 120 3735 1719 3814">
    <p class='ocr_par' dir='ltr' id='par_1_55' title="bbox 120 3735 1719 3814">
     <span class='ocr_line' id='line_1_55' title="bbox 120 3735 1719 3814; baseline -0.001 -19"><span class='ocrx_word' id='word_1_383' title='bbox 120 3738 250 3796; x_wconf 84' lang='grc' dir='ltr'>εἰδὲ</span> <span class='ocrx_word' id='word_1_384' title='bbox 272 3743 408 3814; x_wconf 84' lang='grc' dir='ltr'>πρὸς</span> <span class='ocrx_word' id='word_1_385' title='bbox 427 3743 488 3795; x_wconf 86' lang='grc' dir='ltr'>τὸ</span> <span class='ocrx_word' id='word_1_386' title='bbox 506 3742 665 3795; x_wconf 86' lang='grc' dir='ltr'>λῦσαί</span> <span class='ocrx_word' id='word_1_387' title='bbox 692 3759 759 3813; x_wconf 89' lang='grc' dir='ltr'>με</span> <span class='ocrx_word' id='word_1_388' title='bbox 782 3742 942 3813; x_wconf 87' lang='grc' dir='ltr'>μόνον</span> <span class='ocrx_word' id='word_1_389' title='bbox 960 3735 1243 3813; x_wconf 72' lang='grc' dir='ltr'>ἐλήλυθας,</span> <span class='ocrx_word' id='word_1_390' title='bbox 1276 3738 1387 3809; x_wconf 76' lang='grc' dir='ltr'>ἐγὼ</span> <span class='ocrx_word' id='word_1_391' title='bbox 1410 3739 1505 3793; x_wconf 89' lang='grc' dir='ltr'>τοῦ</span> <span class='ocrx_word' id='word_1_392' title='bbox 1531 3740 1719 3794; x_wconf 78' lang='grc' dir='ltr'>λοιποῦ</span> 
     </span>
    </p>
   </div>
   <div class='ocr_carea' id='block_1_56' title="bbox 119 3831 1719 3905">
    <p class='ocr_par' dir='ltr' id='par_1_56' title="bbox 119 3831 1719 3905">
     <span class='ocr_line' id='line_1_56' title="bbox 119 3831 1719 3905; baseline -0.002 -19"><span class='ocrx_word' id='word_1_393' title='bbox 119 3836 187 3887; x_wconf 82' lang='grc' dir='ltr'>ὲκ</span> <span class='ocrx_word' id='word_1_394' title='bbox 200 3832 295 3886; x_wconf 86' lang='grc' dir='ltr'>τοῦ</span> <span class='ocrx_word' id='word_1_395' title='bbox 326 3833 557 3905; x_wconf 87' lang='grc' dir='ltr'>σταυροῦ</span> <span class='ocrx_word' id='word_1_396' title='bbox 582 3833 771 3886; x_wconf 88' lang='grc' dir='ltr'>τούτου</span> <span class='ocrx_word' id='word_1_397' title='bbox 794 3832 901 3898; x_wconf 83' lang='grc' dir='ltr'>ζῶν</span> <span class='ocrx_word' id='word_1_398' title='bbox 917 3834 973 3886; x_wconf 77' lang='grc' dir='ltr'>ἐν</span> <span class='ocrx_word' id='word_1_399' title='bbox 993 3832 1072 3903; x_wconf 83' lang='grc' dir='ltr'>τῷ</span> <span class='ocrx_word' id='word_1_400' title='bbox 1093 3831 1300 3903; x_wconf 83' lang='grc' dir='ltr'>σώματι</span> <span class='ocrx_word' id='word_1_401' title='bbox 1333 3832 1719 3904; x_wconf 87' lang='grc' dir='ltr'>κατενεχθῆναι</span> 
     </span>
    </p>
   </div>
   <div class='ocr_carea' id='block_1_57' title="bbox 118 3920 1722 3995">
    <p class='ocr_par' dir='ltr' id='par_1_57' title="bbox 118 3920 1722 3995">
     <span class='ocr_line' id='line_1_57' title="bbox 118 3920 1722 3995; baseline -0.002 -18"><span class='ocrx_word' id='word_1_402' title='bbox 118 3927 184 3978; x_wconf 85' lang='grc' dir='ltr'>ού</span> <span class='ocrx_word' id='word_1_403' title='bbox 208 3924 529 3995; x_wconf 86' lang='grc' dir='ltr'>δυνήσομαι.</span> <span class='ocrx_word' id='word_1_404' title='bbox 570 3922 709 3993; x_wconf 85' lang='grc' dir='ltr'>Ἐγὼ</span> <span class='ocrx_word' id='word_1_405' title='bbox 742 3922 853 3994; x_wconf 83' lang='grc' dir='ltr'>γὰρ</span> <span class='ocrx_word' id='word_1_406' title='bbox 875 3923 970 3975; x_wconf 70' lang='grc' dir='ltr'>καὶ</span> <span class='ocrx_word' id='word_1_407' title='bbox 992 3924 1040 3975; x_wconf 83' lang='grc' dir='ltr'>οἱ</span> <span class='ocrx_word' id='word_1_408' title='bbox 1076 3924 1361 3991; x_wconf 87' lang='grc' dir='ltr'>συγγενεῖς</span> <span class='ocrx_word' id='word_1_409' title='bbox 1396 3939 1496 3993; x_wconf 89' lang='grc' dir='ltr'>μου</span> <span class='ocrx_word' id='word_1_410' title='bbox 1529 3921 1621 3973; x_wconf 77' lang='grc' dir='ltr'>ἐπὶ</span> <span class='ocrx_word' id='word_1_411' title='bbox 1651 3920 1722 3974; x_wconf 74' lang='grc' dir='ltr'>τὰ</span> 
     </span>
    </p>
   </div>
   <div class='ocr_carea' id='block_1_58' title="bbox 120 4006 1720 4087">
    <p class='ocr_par' dir='ltr' id='par_1_58' title="bbox 120 4006 1720 4087">
     <span class='ocr_line' id='line_1_58' title="bbox 120 4006 1720 4087; baseline -0.004 -19"><span class='ocrx_word' id='word_1_412' title='bbox 120 4016 372 4087; x_wconf 77' lang='grc' dir='ltr'>ἡμέτερα</span> <span class='ocrx_word' id='word_1_413' title='bbox 420 4014 787 4086; x_wconf 73' lang='grc' dir='ltr'>ἐπειγόμεθα,</span> <span class='ocrx_word' id='word_1_414' title='bbox 836 4011 1034 4076; x_wconf 71' lang='grc' dir='ltr'>ἐῶντες</span> <span class='ocrx_word' id='word_1_415' title='bbox 1082 4013 1141 4065; x_wconf 80' lang='grc' dir='ltr'>σὲ</span> <span class='ocrx_word' id='word_1_416' title='bbox 1175 4008 1313 4065; x_wconf 79' lang='grc' dir='ltr'>εἶναι</span> <span class='ocrx_word' id='word_1_417' title='bbox 1362 4012 1500 4082; x_wconf 83' lang='grc' dir='ltr'>ὅπερ</span> <span class='ocrx_word' id='word_1_418' title='bbox 1548 4006 1720 4065; x_wconf 77' lang='grc' dir='ltr'>εἶκαὶ</span> 
     </span>
    </p>
   </div>
   <div class='ocr_carea' id='block_1_59' title="bbox 119 4099 1720 4176">
    <p class='ocr_par' dir='ltr' id='par_1_59' title="bbox 119 4099 1720 4176">
     <span class='ocr_line' id='line_1_59' title="bbox 119 4099 1720 4176; baseline -0.001 -20"><span class='ocrx_word' id='word_1_419' title='bbox 119 4104 149 4156; x_wconf 84' lang='grc' dir='ltr'>ὃ</span> <span class='ocrx_word' id='word_1_420' title='bbox 182 4103 260 4176; x_wconf 80' lang='grc' dir='ltr'>μὴ</span> <span class='ocrx_word' id='word_1_421' title='bbox 305 4104 596 4157; x_wconf 72' lang='grc' dir='ltr'>ἐπίστασαι</span> <span class='ocrx_word' id='word_1_422' title='bbox 628 4104 791 4166; x_wconf 75' lang='grc' dir='ltr'>αὐτὸς</span> <span class='ocrx_word' id='word_1_423' title='bbox 824 4103 954 4174; x_wconf 75' lang='grc' dir='ltr'>περὶ</span> <span class='ocrx_word' id='word_1_424' title='bbox 999 4100 1251 4155; x_wconf 89' lang='grc' dir='ltr'>σεαυτοῦ.</span> <span class='ocrx_word' id='word_1_425' title='bbox 1290 4101 1434 4171; x_wconf 85' lang='grc' dir='ltr'>Ἤδη</span> <span class='ocrx_word' id='word_1_426' title='bbox 1468 4099 1577 4172; x_wconf 83' lang='grc' dir='ltr'>γὰρ</span> <span class='ocrx_word' id='word_1_427' title='bbox 1626 4102 1720 4154; x_wconf 82' lang='grc' dir='ltr'>τὸν</span> 
     </span>
    </p>
   </div>
   <div class='ocr_carea' id='block_1_60' title="bbox 123 4192 1719 4268">
    <p class='ocr_par' dir='ltr' id='par_1_60' title="bbox 123 4192 1719 4268">
     <span class='ocr_line' id='line_1_60' title="bbox 123 4192 1719 4268; baseline -0.002 -20"><span class='ocrx_word' id='word_1_428' title='bbox 123 4195 352 4266; x_wconf 79' lang='grc' dir='ltr'>βασιλέα</span> <span class='ocrx_word' id='word_1_429' title='bbox 388 4213 489 4266; x_wconf 88' lang='grc' dir='ltr'>μου</span> <span class='ocrx_word' id='word_1_430' title='bbox 525 4195 658 4268; x_wconf 86' lang='grc' dir='ltr'>ὁρῶ,</span> <span class='ocrx_word' id='word_1_431' title='bbox 709 4195 809 4266; x_wconf 72' lang='grc' dir='ltr'>ἤδη</span> <span class='ocrx_word' id='word_1_432' title='bbox 847 4193 1158 4266; x_wconf 87' lang='grc' dir='ltr'>προσκυνῶ,</span> <span class='ocrx_word' id='word_1_433' title='bbox 1194 4194 1295 4264; x_wconf 72' lang='grc' dir='ltr'>ήδη</span> <span class='ocrx_word' id='word_1_434' title='bbox 1342 4192 1570 4247; x_wconf 83' lang='grc' dir='ltr'>ἐνώπιον</span> <span class='ocrx_word' id='word_1_435' title='bbox 1621 4194 1719 4245; x_wconf 85' lang='grc' dir='ltr'>αὑ-</span> 
     </span>
    </p>
   </div>
   <div class='ocr_carea' id='block_1_61' title="bbox 1822 1896 3401 1967">
    <p class='ocr_par' dir='ltr' id='par_1_61' title="bbox 1822 1896 3401 1967">
     <span class='ocr_line' id='line_1_61' title="bbox 1822 1896 3401 1967; baseline -0.001 -17"><span class='ocrx_word' id='word_1_436' title='bbox 1822 1896 1964 1951; x_wconf 84' lang='lat' dir='ltr'><strong>beati</strong></span> <span class='ocrx_word' id='word_1_437' title='bbox 2012 1896 2295 1964; x_wconf 64' lang='lat' dir='ltr'><strong>Andreae;</strong></span> <span class='ocrx_word' id='word_1_438' title='bbox 2359 1897 2684 1952; x_wconf 86' lang='lat' dir='ltr'><strong>adveniente</strong></span> <span class='ocrx_word' id='word_1_439' title='bbox 2729 1907 2909 1952; x_wconf 87' lang='lat' dir='ltr'><strong>autem</strong></span> <span class='ocrx_word' id='word_1_440' title='bbox 2962 1897 3289 1967; x_wconf 90' lang='lat' dir='ltr'><strong>proconsule</strong></span> <span class='ocrx_word' id='word_1_441' title='bbox 3346 1904 3401 1949; x_wconf 89' lang='lat' dir='ltr'>et</span> 
     </span>
    </p>
   </div>
   <div class='ocr_carea' id='block_1_62' title="bbox 1819 1988 3398 2060">
    <p class='ocr_par' dir='ltr' id='par_1_62' title="bbox 1819 1988 3398 2060">
     <span class='ocr_line' id='line_1_62' title="bbox 1819 1988 3398 2060; baseline 0.001 -17"><span class='ocrx_word' id='word_1_442' title='bbox 1819 1989 2076 2045; x_wconf 91' lang='lat' dir='ltr'><strong>omnibus</strong></span> <span class='ocrx_word' id='word_1_443' title='bbox 2131 1988 2393 2045; x_wconf 80' lang='lat' dir='ltr'><strong>fratribus</strong></span> <span class='ocrx_word' id='word_1_444' title='bbox 2457 2006 2583 2046; x_wconf 90' lang='lat' dir='ltr'>cum</span> <span class='ocrx_word' id='word_1_445' title='bbox 2646 1991 2948 2045; x_wconf 83' lang='lat' dir='ltr'><strong>Maximilla</strong></span> <span class='ocrx_word' id='word_1_446' title='bbox 3018 1991 3398 2060; x_wconf 75' lang='lat' dir='ltr'><strong>gaudentibus.</strong></span> 
     </span>
    </p>
   </div>
   <div class='ocr_carea' id='block_1_63' title="bbox 1818 2080 3401 2146">
    <p class='ocr_par' dir='ltr' id='par_1_63' title="bbox 1818 2080 3401 2146">
     <span class='ocr_line' id='line_1_63' title="bbox 1818 2080 3401 2146; baseline -0.002 -9"><span class='ocrx_word' id='word_1_447' title='bbox 1818 2096 1943 2137; x_wconf 93' lang='lat' dir='ltr'>cum</span> <span class='ocrx_word' id='word_1_448' title='bbox 1969 2080 2084 2136; x_wconf 69' lang='lat' dir='ltr'>hmc</span> <span class='ocrx_word' id='word_1_449' title='bbox 2104 2083 2552 2139; x_wconf 76' lang='lat' dir='ltr'><strong>audissetbeatus</strong></span> <span class='ocrx_word' id='word_1_450' title='bbox 2577 2082 2846 2146; x_wconf 86' lang='lat' dir='ltr'><strong>Andreas,</strong></span> <span class='ocrx_word' id='word_1_451' title='bbox 2878 2082 3140 2138; x_wconf 81' lang='lat' dir='ltr'><strong>fratribus</strong></span> <span class='ocrx_word' id='word_1_452' title='bbox 3167 2081 3401 2136; x_wconf 84' lang='lat' dir='ltr'><strong>astanti-</strong></span> 
     </span>
    </p>
   </div>
   <div class='ocr_carea' id='block_1_64' title="bbox 1818 2174 3399 2245">
    <p class='ocr_par' dir='ltr' id='par_1_64' title="bbox 1818 2174 3399 2245">
     <span class='ocr_line' id='line_1_64' title="bbox 1818 2174 3399 2245; baseline -0.001 -15"><span class='ocrx_word' id='word_1_453' title='bbox 1818 2176 1922 2241; x_wconf 81' lang='lat' dir='ltr'>bus</span> <span class='ocrx_word' id='word_1_454' title='bbox 1950 2174 2302 2242; x_wconf 71' lang='lat' dir='ltr'><strong>dixit;Quod</strong></span> <span class='ocrx_word' id='word_1_455' title='bbox 2350 2185 2564 2245; x_wconf 88' lang='lat' dir='ltr'><strong>oportet</strong></span> <span class='ocrx_word' id='word_1_456' title='bbox 2612 2190 2700 2229; x_wconf 90' lang='lat' dir='ltr'>me</span> <span class='ocrx_word' id='word_1_457' title='bbox 2744 2175 2819 2228; x_wconf 89' lang='lat' dir='ltr'><strong>illi</strong></span> <span class='ocrx_word' id='word_1_458' title='bbox 2865 2174 3067 2238; x_wconf 83' lang='lat' dir='ltr'><strong>dicere,</strong></span> <span class='ocrx_word' id='word_1_459' title='bbox 3106 2174 3399 2229; x_wconf 84' lang='lat' dir='ltr'><strong>abeuntem</strong></span> 
     </span>
    </p>
   </div>
   <div class='ocr_carea' id='block_1_65' title="bbox 1818 2266 3401 2334">
    <p class='ocr_par' dir='ltr' id='par_1_65' title="bbox 1818 2266 3401 2334">
     <span class='ocr_line' id='line_1_65' title="bbox 1818 2266 3401 2334; baseline -0.001 -12"><span class='ocrx_word' id='word_1_460' title='bbox 1818 2268 1885 2322; x_wconf 90' lang='lat' dir='ltr'>ad</span> <span class='ocrx_word' id='word_1_461' title='bbox 1911 2266 2224 2333; x_wconf 90' lang='lat' dir='ltr'><strong>Dominum,</strong></span> <span class='ocrx_word' id='word_1_462' title='bbox 2251 2268 2355 2322; x_wconf 88' lang='lat' dir='ltr'>hoc</span> <span class='ocrx_word' id='word_1_463' title='bbox 2378 2267 2580 2325; x_wconf 89' lang='lat' dir='ltr'><strong>dicam.</strong></span> <span class='ocrx_word' id='word_1_464' title='bbox 2616 2266 2984 2334; x_wconf 88' lang='lat' dir='ltr'><strong>Quamobrem</strong></span> <span class='ocrx_word' id='word_1_465' title='bbox 3016 2267 3212 2321; x_wconf 85' lang='lat' dir='ltr'><strong>iterum</strong></span> <span class='ocrx_word' id='word_1_466' title='bbox 3247 2266 3401 2320; x_wconf 83' lang='lat' dir='ltr'><strong>venis</strong></span> 
     </span>
    </p>
   </div>
   <div class='ocr_carea' id='block_1_66' title="bbox 1818 2359 3401 2431">
    <p class='ocr_par' dir='ltr' id='par_1_66' title="bbox 1818 2359 3401 2431">
     <span class='ocr_line' id='line_1_66' title="bbox 1818 2359 3401 2431; baseline -0.001 -16"><span class='ocrx_word' id='word_1_467' title='bbox 1818 2360 1885 2415; x_wconf 86' lang='lat' dir='ltr'>ad</span> <span class='ocrx_word' id='word_1_468' title='bbox 1921 2377 2045 2426; x_wconf 88' lang='lat' dir='ltr'><strong>nos,</strong></span> <span class='ocrx_word' id='word_1_469' title='bbox 2074 2359 2369 2431; x_wconf 62' lang='lat' dir='ltr'><strong>Egeates?</strong></span> <span class='ocrx_word' id='word_1_470' title='bbox 2396 2360 2477 2415; x_wconf 90' lang='lat' dir='ltr'>Ad</span> <span class='ocrx_word' id='word_1_471' title='bbox 2511 2360 2664 2430; x_wconf 89' lang='lat' dir='ltr'><strong>quid,</strong></span> <span class='ocrx_word' id='word_1_472' title='bbox 2719 2370 2775 2413; x_wconf 92' lang='lat' dir='ltr'>tu</span> <span class='ocrx_word' id='word_1_473' title='bbox 2810 2375 2841 2413; x_wconf 90' lang='lat' dir='ltr'>a</span> <span class='ocrx_word' id='word_1_474' title='bbox 2873 2359 3032 2414; x_wconf 91' lang='lat' dir='ltr'><strong>nobis</strong></span> <span class='ocrx_word' id='word_1_475' title='bbox 3064 2359 3299 2422; x_wconf 88' lang='lat' dir='ltr'><strong>alienus,</strong></span> <span class='ocrx_word' id='word_1_476' title='bbox 3331 2359 3401 2413; x_wconf 88' lang='lat' dir='ltr'>ad</span> 
     </span>
    </p>
   </div>
   <div class='ocr_carea' id='block_1_67' title="bbox 1819 2451 3402 2523">
    <p class='ocr_par' dir='ltr' id='par_1_67' title="bbox 1819 2451 3402 2523">
     <span class='ocr_line' id='line_1_67' title="bbox 1819 2451 3402 2523; baseline -0.003 -15"><span class='ocrx_word' id='word_1_477' title='bbox 1819 2470 1919 2509; x_wconf 90' lang='lat' dir='ltr'>nos</span> <span class='ocrx_word' id='word_1_478' title='bbox 1950 2454 2207 2509; x_wconf 86' lang='lat' dir='ltr'><strong>accedis?</strong></span> <span class='ocrx_word' id='word_1_479' title='bbox 2239 2453 2371 2523; x_wconf 91' lang='lat' dir='ltr'><strong>quid</strong></span> <span class='ocrx_word' id='word_1_480' title='bbox 2400 2454 2529 2508; x_wconf 91' lang='lat' dir='ltr'><strong>novi</strong></span> <span class='ocrx_word' id='word_1_481' title='bbox 2571 2468 2831 2519; x_wconf 89' lang='lat' dir='ltr'><strong>ausurus,</strong></span> <span class='ocrx_word' id='word_1_482' title='bbox 2861 2452 2993 2521; x_wconf 88' lang='lat' dir='ltr'><strong>quid</strong></span> <span class='ocrx_word' id='word_1_483' title='bbox 3053 2451 3402 2505; x_wconf 87' lang='lat' dir='ltr'><strong>machinatu-</strong></span> 
     </span>
    </p>
   </div>
   <div class='ocr_carea' id='block_1_68' title="bbox 1819 2543 3400 2614">
    <p class='ocr_par' dir='ltr' id='par_1_68' title="bbox 1819 2543 3400 2614">
     <span class='ocr_line' id='line_1_68' title="bbox 1819 2543 3400 2614; baseline -0.001 -16"><span class='ocrx_word' id='word_1_484' title='bbox 1819 2547 1949 2600; x_wconf 89' lang='lat' dir='ltr'><strong>rus?</strong></span> <span class='ocrx_word' id='word_1_485' title='bbox 1982 2544 2099 2600; x_wconf 90' lang='lat' dir='ltr'><strong>Dic.</strong></span> <span class='ocrx_word' id='word_1_486' title='bbox 2132 2543 2369 2599; x_wconf 81' lang='lat' dir='ltr'><strong>Venisne</strong></span> <span class='ocrx_word' id='word_1_487' title='bbox 2414 2545 2628 2601; x_wconf 87' lang='lat' dir='ltr'><strong>solvere</strong></span> <span class='ocrx_word' id='word_1_488' title='bbox 2678 2560 2779 2599; x_wconf 88' lang='lat' dir='ltr'>nos</span> <span class='ocrx_word' id='word_1_489' title='bbox 2825 2544 2981 2614; x_wconf 88' lang='lat' dir='ltr'><strong>quasi</strong></span> <span class='ocrx_word' id='word_1_490' title='bbox 3034 2544 3400 2613; x_wconf 88' lang='lat' dir='ltr'><strong>resipiscens?</strong></span> 
     </span>
    </p>
   </div>
   <div class='ocr_carea' id='block_1_69' title="bbox 1818 2636 3398 2705">
    <p class='ocr_par' dir='ltr' id='par_1_69' title="bbox 1818 2636 3398 2705">
     <span class='ocr_line' id='line_1_69' title="bbox 1818 2636 3398 2705; baseline -0.001 -16"><span class='ocrx_word' id='word_1_491' title='bbox 1818 2650 2001 2705; x_wconf 29' lang='lat' dir='ltr'><strong>neque.</strong></span> <span class='ocrx_word' id='word_1_492' title='bbox 2028 2636 2109 2690; x_wconf 88' lang='lat' dir='ltr'>sic</span> <span class='ocrx_word' id='word_1_493' title='bbox 2149 2636 2245 2690; x_wconf 90' lang='lat' dir='ltr'><strong>tibi</strong></span> <span class='ocrx_word' id='word_1_494' title='bbox 2281 2636 2650 2701; x_wconf 87' lang='lat' dir='ltr'><strong>eonciliabor,</strong></span> <span class='ocrx_word' id='word_1_495' title='bbox 2696 2651 2794 2690; x_wconf 89' lang='lat' dir='ltr'>ceu</span> <span class='ocrx_word' id='word_1_496' title='bbox 2834 2636 3047 2691; x_wconf 90' lang='lat' dir='ltr'><strong>sincere</strong></span> <span class='ocrx_word' id='word_1_497' title='bbox 3086 2636 3398 2705; x_wconf 73' lang='lat' dir='ltr'><strong>ptenitenti;</strong></span> 
     </span>
    </p>
   </div>
   <div class='ocr_carea' id='block_1_70' title="bbox 1819 2726 3399 2794">
    <p class='ocr_par' dir='ltr' id='par_1_70' title="bbox 1819 2726 3399 2794">
     <span class='ocr_line' id='line_1_70' title="bbox 1819 2726 3399 2794; baseline -0.001 -14"><span class='ocrx_word' id='word_1_498' title='bbox 1819 2742 1928 2781; x_wconf 92' lang='lat' dir='ltr'>non</span> <span class='ocrx_word' id='word_1_499' title='bbox 1976 2727 2073 2782; x_wconf 92' lang='lat' dir='ltr'><strong>tibi</strong></span> <span class='ocrx_word' id='word_1_500' title='bbox 2126 2726 2426 2794; x_wconf 82' lang='lat' dir='ltr'><strong>crederem,</strong></span> <span class='ocrx_word' id='word_1_501' title='bbox 2470 2727 2685 2782; x_wconf 86' lang='lat' dir='ltr'><strong>etiamsi</strong></span> <span class='ocrx_word' id='word_1_502' title='bbox 2728 2737 2780 2781; x_wconf 93' lang='lat' dir='ltr'>te</span> <span class='ocrx_word' id='word_1_503' title='bbox 2816 2727 2951 2780; x_wconf 88' lang='lat' dir='ltr'><strong>mihi</strong></span> <span class='ocrx_word' id='word_1_504' title='bbox 2999 2726 3399 2781; x_wconf 86' lang='lat' dir='ltr'><strong>amicissimum</strong></span> 
     </span>
    </p>
   </div>
   <div class='ocr_carea' id='block_1_71' title="bbox 1818 2817 3400 2890">
    <p class='ocr_par' dir='ltr' id='par_1_71' title="bbox 1818 2817 3400 2890">
     <span class='ocr_line' id='line_1_71' title="bbox 1818 2817 3400 2890; baseline 0.001 -17"><span class='ocrx_word' id='word_1_505' title='bbox 1818 2819 2050 2875; x_wconf 86' lang='lat' dir='ltr'><strong>diceres.</strong></span> <span class='ocrx_word' id='word_1_506' title='bbox 2080 2817 2223 2873; x_wconf 88' lang='lat' dir='ltr'>Num</span> <span class='ocrx_word' id='word_1_507' title='bbox 2251 2835 2339 2874; x_wconf 88' lang='lat' dir='ltr'>me</span> <span class='ocrx_word' id='word_1_508' title='bbox 2363 2820 2604 2875; x_wconf 86' lang='lat' dir='ltr'><strong>vinctum</strong></span> <span class='ocrx_word' id='word_1_509' title='bbox 2637 2819 2827 2885; x_wconf 89' lang='lat' dir='ltr'><strong>solvis,</strong></span> <span class='ocrx_word' id='word_1_510' title='bbox 2863 2833 2895 2873; x_wconf 90' lang='grc' dir='ltr'>ο</span> <span class='ocrx_word' id='word_1_511' title='bbox 2921 2818 3257 2890; x_wconf 80' lang='lat' dir='ltr'><strong>proconsul?</strong></span> <span class='ocrx_word' id='word_1_512' title='bbox 3296 2818 3400 2874; x_wconf 86' lang='lat' dir='ltr'><strong>mi-</strong></span> 
     </span>
    </p>
   </div>
   <div class='ocr_carea' id='block_1_72' title="bbox 1818 2911 3402 2983">
    <p class='ocr_par' dir='ltr' id='par_1_72' title="bbox 1818 2911 3402 2983">
     <span class='ocr_line' id='line_1_72' title="bbox 1818 2911 3402 2983; baseline -0.001 -18"><span class='ocrx_word' id='word_1_513' title='bbox 1818 2912 1985 2966; x_wconf 86' lang='lat' dir='ltr'><strong>nime.</strong></span> <span class='ocrx_word' id='word_1_514' title='bbox 2016 2911 2200 2967; x_wconf 84' lang='lat' dir='ltr'><strong>Habeo</strong></span> <span class='ocrx_word' id='word_1_515' title='bbox 2227 2912 2374 2967; x_wconf 84' lang='lat' dir='ltr'><strong>enim</strong></span> <span class='ocrx_word' id='word_1_516' title='bbox 2405 2928 2532 2967; x_wconf 85' lang='lat' dir='ltr'>eum</span> <span class='ocrx_word' id='word_1_517' title='bbox 2571 2927 2682 2983; x_wconf 86' lang='lat' dir='ltr'><strong>quo</strong></span> <span class='ocrx_word' id='word_1_518' title='bbox 2710 2926 2804 2967; x_wconf 89' lang='lat' dir='ltr'>ero</span> <span class='ocrx_word' id='word_1_519' title='bbox 2849 2912 2904 2967; x_wconf 93' lang='lat' dir='ltr'>in</span> <span class='ocrx_word' id='word_1_520' title='bbox 2928 2921 3275 2982; x_wconf 85' lang='lat' dir='ltr'><strong>perpetuum,</strong></span> <span class='ocrx_word' id='word_1_521' title='bbox 3304 2913 3402 2965; x_wconf 79' lang='lat' dir='ltr'><strong>lia-</strong></span> 
     </span>
    </p>
   </div>
   <div class='ocr_carea' id='block_1_73' title="bbox 1820 3004 3398 3077">
    <p class='ocr_par' dir='ltr' id='par_1_73' title="bbox 1820 3004 3398 3077">
     <span class='ocr_line' id='line_1_73' title="bbox 1820 3004 3398 3077; baseline -0.002 -17"><span class='ocrx_word' id='word_1_522' title='bbox 1820 3007 1923 3061; x_wconf 88' lang='lat' dir='ltr'>beo</span> <span class='ocrx_word' id='word_1_523' title='bbox 1950 3022 2076 3063; x_wconf 88' lang='lat' dir='ltr'>cum</span> <span class='ocrx_word' id='word_1_524' title='bbox 2102 3021 2212 3077; x_wconf 90' lang='lat' dir='ltr'>quo</span> <span class='ocrx_word' id='word_1_525' title='bbox 2246 3006 2617 3060; x_wconf 87' lang='lat' dir='ltr'><strong>conversabor</strong></span> <span class='ocrx_word' id='word_1_526' title='bbox 2657 3020 2753 3074; x_wconf 83' lang='lat' dir='ltr'>per</span> <span class='ocrx_word' id='word_1_527' title='bbox 2796 3004 3010 3058; x_wconf 80' lang='lat' dir='ltr'><strong>inﬁnita</strong></span> <span class='ocrx_word' id='word_1_528' title='bbox 3050 3005 3271 3059; x_wconf 68' lang='lat' dir='ltr'><strong>saecula.</strong></span> <span class='ocrx_word' id='word_1_529' title='bbox 3317 3004 3398 3057; x_wconf 83' lang='lat' dir='ltr'>Ad</span> 
     </span>
    </p>
   </div>
   <div class='ocr_carea' id='block_1_74' title="bbox 1823 3096 3399 3167">
    <p class='ocr_par' dir='ltr' id='par_1_74' title="bbox 1823 3096 3399 3167">
     <span class='ocr_line' id='line_1_74' title="bbox 1823 3096 3399 3167; baseline -0.003 -16"><span class='ocrx_word' id='word_1_530' title='bbox 1823 3097 1976 3153; x_wconf 86' lang='lat' dir='ltr'><strong>illum</strong></span> <span class='ocrx_word' id='word_1_531' title='bbox 2006 3098 2169 3162; x_wconf 88' lang='lat' dir='ltr'><strong>vado,</strong></span> <span class='ocrx_word' id='word_1_532' title='bbox 2217 3097 2284 3152; x_wconf 89' lang='lat' dir='ltr'>ad</span> <span class='ocrx_word' id='word_1_533' title='bbox 2327 3098 2479 3152; x_wconf 91' lang='lat' dir='ltr'><strong>illum</strong></span> <span class='ocrx_word' id='word_1_534' title='bbox 2511 3111 2767 3167; x_wconf 86' lang='lat' dir='ltr'><strong>propero,</strong></span> <span class='ocrx_word' id='word_1_535' title='bbox 2799 3096 2893 3166; x_wconf 90' lang='lat' dir='ltr'><strong>qui</strong></span> <span class='ocrx_word' id='word_1_536' title='bbox 2935 3107 2988 3150; x_wconf 90' lang='lat' dir='ltr'>te</span> <span class='ocrx_word' id='word_1_537' title='bbox 3030 3096 3164 3149; x_wconf 82' lang='lat' dir='ltr'><strong>milii</strong></span> <span class='ocrx_word' id='word_1_538' title='bbox 3209 3104 3399 3149; x_wconf 85' lang='lat' dir='ltr'><strong>notum</strong></span> 
     </span>
    </p>
   </div>
   <div class='ocr_carea' id='block_1_75' title="bbox 1825 3184 3403 3260">
    <p class='ocr_par' dir='ltr' id='par_1_75' title="bbox 1825 3184 3403 3260">
     <span class='ocr_line' id='line_1_75' title="bbox 1825 3184 3403 3260; baseline -0.002 -16"><span class='ocrx_word' id='word_1_539' title='bbox 1825 3189 1972 3257; x_wconf 80' lang='lat' dir='ltr'><strong>fecit,</strong></span> <span class='ocrx_word' id='word_1_540' title='bbox 2013 3190 2108 3260; x_wconf 94' lang='lat' dir='ltr'><strong>qui</strong></span> <span class='ocrx_word' id='word_1_541' title='bbox 2153 3189 2286 3244; x_wconf 85' lang='lat' dir='ltr'><strong>mihi</strong></span> <span class='ocrx_word' id='word_1_542' title='bbox 2323 3188 2461 3243; x_wconf 81' lang='lat' dir='ltr'><strong>dixit</strong></span> <span class='ocrx_word' id='word_1_543' title='bbox 2491 3202 2506 3240; x_wconf 90' lang='lat'><strong>:</strong></span> <span class='ocrx_word' id='word_1_544' title='bbox 2540 3185 2686 3241; x_wconf 88' lang='lat' dir='ltr'><strong>Nihil</strong></span> <span class='ocrx_word' id='word_1_545' title='bbox 2733 3196 2785 3242; x_wconf 90' lang='lat' dir='ltr'>te</span> <span class='ocrx_word' id='word_1_546' title='bbox 2825 3195 3098 3241; x_wconf 69' lang='lat' dir='ltr'><strong>exterreat</strong></span> <span class='ocrx_word' id='word_1_547' title='bbox 3130 3184 3281 3241; x_wconf 79' lang='lat' dir='ltr'><strong>ferus</strong></span> <span class='ocrx_word' id='word_1_548' title='bbox 3313 3187 3403 3241; x_wconf 85' lang='lat' dir='ltr'><strong>ille</strong></span> 
     </span>
    </p>
   </div>
   <div class='ocr_carea' id='block_1_76' title="bbox 1824 3278 3399 3350">
    <p class='ocr_par' dir='ltr' id='par_1_76' title="bbox 1824 3278 3399 3350">
     <span class='ocr_line' id='line_1_76' title="bbox 1824 3278 3399 3350; baseline -0.004 -14"><span class='ocrx_word' id='word_1_549' title='bbox 1824 3284 2023 3349; x_wconf 85' lang='lat' dir='ltr'><strong>homo;</strong></span> <span class='ocrx_word' id='word_1_550' title='bbox 2061 3298 2171 3337; x_wconf 92' lang='lat' dir='ltr'>non</span> <span class='ocrx_word' id='word_1_551' title='bbox 2199 3283 2385 3337; x_wconf 87' lang='lat' dir='ltr'><strong>credat</strong></span> <span class='ocrx_word' id='word_1_552' title='bbox 2413 3290 2464 3335; x_wconf 81' lang='lat' dir='ltr'>te</span> <span class='ocrx_word' id='word_1_553' title='bbox 2489 3280 2584 3350; x_wconf 87' lang='lat' dir='ltr'><strong>qui</strong></span> <span class='ocrx_word' id='word_1_554' title='bbox 2619 3294 2774 3333; x_wconf 88' lang='lat' dir='ltr'><strong>meus</strong></span> <span class='ocrx_word' id='word_1_555' title='bbox 2804 3293 2884 3345; x_wconf 91' lang='lat' dir='ltr'>es,</span> <span class='ocrx_word' id='word_1_556' title='bbox 2919 3294 2949 3331; x_wconf 89' lang='lat' dir='ltr'>a</span> <span class='ocrx_word' id='word_1_557' title='bbox 2968 3294 3027 3333; x_wconf 90' lang='lat' dir='ltr'>se</span> <span class='ocrx_word' id='word_1_558' title='bbox 3048 3278 3399 3343; x_wconf 90' lang='lat' dir='ltr'><strong>vincendum;</strong></span> 
     </span>
    </p>
   </div>
   <div class='ocr_carea' id='block_1_77' title="bbox 1824 3371 3400 3441">
    <p class='ocr_par' dir='ltr' id='par_1_77' title="bbox 1824 3371 3400 3441">
     <span class='ocr_line' id='line_1_77' title="bbox 1824 3371 3400 3441; baseline -0.003 -12"><span class='ocrx_word' id='word_1_559' title='bbox 1824 3375 1920 3430; x_wconf 89' lang='lat' dir='ltr'><strong>tibi</strong></span> <span class='ocrx_word' id='word_1_560' title='bbox 1948 3377 2094 3431; x_wconf 88' lang='lat' dir='ltr'><strong>enim</strong></span> <span class='ocrx_word' id='word_1_561' title='bbox 2143 3375 2482 3429; x_wconf 84' lang='lat' dir='ltr'><strong>inimicatur.</strong></span> <span class='ocrx_word' id='word_1_562' title='bbox 2542 3371 2617 3427; x_wconf 91' lang='lat' dir='ltr'><strong>Te</strong></span> <span class='ocrx_word' id='word_1_563' title='bbox 2672 3372 2837 3441; x_wconf 86' lang='lat' dir='ltr'><strong>igitur</strong></span> <span class='ocrx_word' id='word_1_564' title='bbox 2867 3386 2962 3441; x_wconf 91' lang='lat' dir='ltr'>per</span> <span class='ocrx_word' id='word_1_565' title='bbox 2991 3371 3145 3423; x_wconf 87' lang='lat' dir='ltr'><strong>illum</strong></span> <span class='ocrx_word' id='word_1_566' title='bbox 3194 3385 3400 3441; x_wconf 83' lang='lat' dir='ltr'><strong>cogno-</strong></span> 
     </span>
    </p>
   </div>
   <div class='ocr_carea' id='block_1_78' title="bbox 1823 3460 3402 3535">
    <p class='ocr_par' dir='ltr' id='par_1_78' title="bbox 1823 3460 3402 3535">
     <span class='ocr_line' id='line_1_78' title="bbox 1823 3460 3402 3535; baseline -0.004 -13"><span class='ocrx_word' id='word_1_567' title='bbox 1823 3482 2003 3532; x_wconf 91' lang='lat' dir='ltr'><strong>scens,</strong></span> <span class='ocrx_word' id='word_1_568' title='bbox 2045 3475 2195 3521; x_wconf 88' lang='lat' dir='ltr'><strong>tuam</strong></span> <span class='ocrx_word' id='word_1_569' title='bbox 2245 3473 2571 3535; x_wconf 85' lang='lat' dir='ltr'><strong>potestatem</strong></span> <span class='ocrx_word' id='word_1_570' title='bbox 2617 3462 2838 3531; x_wconf 77' lang='lat' dir='ltr'><strong>ell‘ugio.</strong></span> <span class='ocrx_word' id='word_1_571' title='bbox 2873 3460 2929 3515; x_wconf 90' lang='lat' dir='ltr'><strong>Si</strong></span> <span class='ocrx_word' id='word_1_572' title='bbox 2973 3471 3150 3516; x_wconf 89' lang='lat' dir='ltr'><strong>tamen</strong></span> <span class='ocrx_word' id='word_1_573' title='bbox 3181 3460 3402 3516; x_wconf 87' lang='lat' dir='ltr'><strong>Christo</strong></span> 
     </span>
    </p>
   </div>
   <div class='ocr_carea' id='block_1_79' title="bbox 1822 3555 3399 3628">
    <p class='ocr_par' dir='ltr' id='par_1_79' title="bbox 1822 3555 3399 3628">
     <span class='ocr_line' id='line_1_79' title="bbox 1822 3555 3399 3628; baseline -0.004 -15"><span class='ocrx_word' id='word_1_574' title='bbox 1822 3560 2043 3614; x_wconf 91' lang='lat' dir='ltr'><strong>credere</strong></span> <span class='ocrx_word' id='word_1_575' title='bbox 2071 3558 2224 3625; x_wconf 87' lang='lat' dir='ltr'><strong>velis,</strong></span> <span class='ocrx_word' id='word_1_576' title='bbox 2255 3565 2403 3628; x_wconf 89' lang='lat' dir='ltr'><strong>patet</strong></span> <span class='ocrx_word' id='word_1_577' title='bbox 2445 3556 2737 3621; x_wconf 90' lang='lat' dir='ltr'><strong>tibi,sicut</strong></span> <span class='ocrx_word' id='word_1_578' title='bbox 2776 3555 2889 3624; x_wconf 88' lang='lat' dir='ltr'><strong>jam</strong></span> <span class='ocrx_word' id='word_1_579' title='bbox 2932 3555 3209 3625; x_wconf 89' lang='lat' dir='ltr'><strong>pollicitus</strong></span> <span class='ocrx_word' id='word_1_580' title='bbox 3253 3570 3399 3621; x_wconf 91' lang='lat' dir='ltr'><strong>sum,</strong></span> 
     </span>
    </p>
   </div>
   <div class='ocr_carea' id='block_1_80' title="bbox 1822 3646 3403 3705">
    <p class='ocr_par' dir='ltr' id='par_1_80' title="bbox 1822 3646 3403 3705">
     <span class='ocr_line' id='line_1_80' title="bbox 1822 3646 3403 3705; baseline -0.001 -1"><span class='ocrx_word' id='word_1_581' title='bbox 1822 3649 2213 3705; x_wconf 63' lang='lat' dir='ltr'><strong>misericordiae</strong></span> <span class='ocrx_word' id='word_1_582' title='bbox 2258 3649 2366 3703; x_wconf 90' lang='lat' dir='ltr'><strong>via.</strong></span> <span class='ocrx_word' id='word_1_583' title='bbox 2414 3646 2473 3701; x_wconf 89' lang='lat' dir='ltr'><strong>Si</strong></span> <span class='ocrx_word' id='word_1_584' title='bbox 2520 3657 2703 3701; x_wconf 88' lang='lat' dir='ltr'><strong>autem</strong></span> <span class='ocrx_word' id='word_1_585' title='bbox 2751 3647 2875 3701; x_wconf 89' lang='lat' dir='ltr'><strong>ideo</strong></span> <span class='ocrx_word' id='word_1_586' title='bbox 2913 3647 3087 3702; x_wconf 91' lang='lat' dir='ltr'><strong>solum</strong></span> <span class='ocrx_word' id='word_1_587' title='bbox 3113 3646 3309 3701; x_wconf 87' lang='lat' dir='ltr'><strong>venisti</strong></span> <span class='ocrx_word' id='word_1_588' title='bbox 3343 3656 3403 3702; x_wconf 87' lang='lat' dir='ltr'>ut</span> 
     </span>
    </p>
   </div>
   <div class='ocr_carea' id='block_1_81' title="bbox 1822 3739 3401 3808">
    <p class='ocr_par' dir='ltr' id='par_1_81' title="bbox 1822 3739 3401 3808">
     <span class='ocr_line' id='line_1_81' title="bbox 1822 3739 3401 3808; baseline -0.003 -11"><span class='ocrx_word' id='word_1_589' title='bbox 1822 3759 1911 3797; x_wconf 88' lang='lat' dir='ltr'>me</span> <span class='ocrx_word' id='word_1_590' title='bbox 1936 3742 2197 3808; x_wconf 85' lang='lat' dir='ltr'><strong>solveres,</strong></span> <span class='ocrx_word' id='word_1_591' title='bbox 2230 3749 2281 3796; x_wconf 89' lang='lat' dir='ltr'>te</span> <span class='ocrx_word' id='word_1_592' title='bbox 2310 3742 2452 3796; x_wconf 91' lang='lat' dir='ltr'><strong>scire</strong></span> <span class='ocrx_word' id='word_1_593' title='bbox 2478 3741 2639 3795; x_wconf 91' lang='lat' dir='ltr'><strong>velim</strong></span> <span class='ocrx_word' id='word_1_594' title='bbox 2672 3756 2759 3795; x_wconf 92' lang='lat' dir='ltr'>me</span> <span class='ocrx_word' id='word_1_595' title='bbox 2792 3755 2859 3794; x_wconf 75' lang='lat' dir='ltr'>ex</span> <span class='ocrx_word' id='word_1_596' title='bbox 2888 3740 2991 3795; x_wconf 84' lang='lat' dir='ltr'>hac</span> <span class='ocrx_word' id='word_1_597' title='bbox 3018 3754 3181 3795; x_wconf 91' lang='lat' dir='ltr'><strong>cruce</strong></span> <span class='ocrx_word' id='word_1_598' title='bbox 3211 3739 3401 3792; x_wconf 75' lang='lat' dir='ltr'><strong>viven-</strong></span> 
     </span>
    </p>
   </div>
   <div class='ocr_carea' id='block_1_82' title="bbox 1822 3831 3402 3903">
    <p class='ocr_par' dir='ltr' id='par_1_82' title="bbox 1822 3831 3402 3903">
     <span class='ocr_line' id='line_1_82' title="bbox 1822 3831 3402 3903; baseline -0.004 -14"><span class='ocrx_word' id='word_1_599' title='bbox 1822 3842 1933 3889; x_wconf 90' lang='lat' dir='ltr'>tem</span> <span class='ocrx_word' id='word_1_600' title='bbox 1978 3834 2033 3888; x_wconf 91' lang='lat' dir='ltr'>in</span> <span class='ocrx_word' id='word_1_601' title='bbox 2065 3847 2297 3902; x_wconf 90' lang='lat' dir='ltr'><strong>corpore</strong></span> <span class='ocrx_word' id='word_1_602' title='bbox 2327 3832 2441 3887; x_wconf 88' lang='lat' dir='ltr'><strong>tolli</strong></span> <span class='ocrx_word' id='word_1_603' title='bbox 2479 3847 2589 3887; x_wconf 90' lang='lat' dir='ltr'>non</span> <span class='ocrx_word' id='word_1_604' title='bbox 2624 3848 2806 3903; x_wconf 90' lang='lat' dir='ltr'><strong>posse.</strong></span> <span class='ocrx_word' id='word_1_605' title='bbox 2841 3831 2956 3901; x_wconf 85' lang='lat' dir='ltr'><strong>Ego</strong></span> <span class='ocrx_word' id='word_1_606' title='bbox 2999 3832 3147 3886; x_wconf 90' lang='lat' dir='ltr'><strong>enim</strong></span> <span class='ocrx_word' id='word_1_607' title='bbox 3185 3840 3238 3885; x_wconf 91' lang='lat' dir='ltr'>et</span> <span class='ocrx_word' id='word_1_608' title='bbox 3269 3845 3402 3900; x_wconf 88' lang='lat' dir='ltr'><strong>pro-</strong></span> 
     </span>
    </p>
   </div>
   <div class='ocr_carea' id='block_1_83' title="bbox 1823 3923 3405 3995">
    <p class='ocr_par' dir='ltr' id='par_1_83' title="bbox 1823 3923 3405 3995">
     <span class='ocr_line' id='line_1_83' title="bbox 1823 3923 3405 3995; baseline -0.002 -16"><span class='ocrx_word' id='word_1_609' title='bbox 1823 3924 1958 3979; x_wconf 79' lang='lat' dir='ltr'><strong>ximi</strong></span> <span class='ocrx_word' id='word_1_610' title='bbox 1990 3924 2097 3979; x_wconf 90' lang='lat' dir='ltr'>mei</span> <span class='ocrx_word' id='word_1_611' title='bbox 2137 3926 2205 3979; x_wconf 86' lang='lat' dir='ltr'>ad</span> <span class='ocrx_word' id='word_1_612' title='bbox 2236 3925 2473 3995; x_wconf 88' lang='lat' dir='ltr'><strong>patriam</strong></span> <span class='ocrx_word' id='word_1_613' title='bbox 2521 3933 2765 3979; x_wconf 84' lang='lat' dir='ltr'><strong>nostram</strong></span> <span class='ocrx_word' id='word_1_614' title='bbox 2815 3923 3164 3985; x_wconf 87' lang='lat' dir='ltr'><strong>festinamus,</strong></span> <span class='ocrx_word' id='word_1_615' title='bbox 3197 3933 3249 3977; x_wconf 91' lang='lat' dir='ltr'>te</span> <span class='ocrx_word' id='word_1_616' title='bbox 3279 3938 3405 3977; x_wconf 88' lang='lat' dir='ltr'><strong>esse</strong></span> 
     </span>
    </p>
   </div>
   <div class='ocr_carea' id='block_1_84' title="bbox 1820 4012 3397 4087">
    <p class='ocr_par' dir='ltr' id='par_1_84' title="bbox 1820 4012 3397 4087">
     <span class='ocr_line' id='line_1_84' title="bbox 1820 4012 3397 4087; baseline -0.003 -16"><span class='ocrx_word' id='word_1_617' title='bbox 1820 4018 2063 4072; x_wconf 83' lang='lat' dir='ltr'><strong>sinentes</strong></span> <span class='ocrx_word' id='word_1_618' title='bbox 2100 4018 2246 4087; x_wconf 88' lang='lat' dir='ltr'><strong>quod</strong></span> <span class='ocrx_word' id='word_1_619' title='bbox 2280 4033 2362 4083; x_wconf 90' lang='lat' dir='ltr'>es,</span> <span class='ocrx_word' id='word_1_620' title='bbox 2430 4018 2577 4073; x_wconf 88' lang='lat' dir='ltr'><strong>circa</strong></span> <span class='ocrx_word' id='word_1_621' title='bbox 2625 4018 2861 4086; x_wconf 91' lang='lat' dir='ltr'><strong>teipsum</strong></span> <span class='ocrx_word' id='word_1_622' title='bbox 2909 4016 3223 4070; x_wconf 82' lang='lat' dir='ltr'><strong>caecutiens.</strong></span> <span class='ocrx_word' id='word_1_623' title='bbox 3275 4012 3397 4067; x_wconf 87' lang='lat' dir='ltr'><strong>Jam</strong></span> 
     </span>
    </p>
   </div>
   <div class='ocr_carea' id='block_1_85' title="bbox 1821 4105 3401 4179">
    <p class='ocr_par' dir='ltr' id='par_1_85' title="bbox 1821 4105 3401 4179">
     <span class='ocr_line' id='line_1_85' title="bbox 1821 4105 3401 4179; baseline -0.003 -16"><span class='ocrx_word' id='word_1_624' title='bbox 1821 4108 1968 4163; x_wconf 90' lang='lat' dir='ltr'><strong>enim</strong></span> <span class='ocrx_word' id='word_1_625' title='bbox 2008 4124 2190 4179; x_wconf 81' lang='lat' dir='ltr'><strong>regem</strong></span> <span class='ocrx_word' id='word_1_626' title='bbox 2224 4125 2407 4164; x_wconf 90' lang='lat' dir='ltr'><strong>meum</strong></span> <span class='ocrx_word' id='word_1_627' title='bbox 2450 4111 2629 4173; x_wconf 89' lang='lat' dir='ltr'><strong>video,</strong></span> <span class='ocrx_word' id='word_1_628' title='bbox 2657 4110 2771 4179; x_wconf 88' lang='lat' dir='ltr'><strong>jam</strong></span> <span class='ocrx_word' id='word_1_629' title='bbox 2802 4108 2997 4172; x_wconf 84' lang='lat' dir='ltr'><strong>adoro,</strong></span> <span class='ocrx_word' id='word_1_630' title='bbox 3037 4106 3152 4176; x_wconf 85' lang='lat' dir='ltr'><strong>jam</strong></span> <span class='ocrx_word' id='word_1_631' title='bbox 3184 4105 3237 4159; x_wconf 91' lang='lat' dir='ltr'>in</span> <span class='ocrx_word' id='word_1_632' title='bbox 3264 4122 3401 4160; x_wconf 92' lang='lat' dir='ltr'><strong>con-</strong></span> 
     </span>
    </p>
   </div>
   <div class='ocr_carea' id='block_1_86' title="bbox 1823 4195 3403 4270">
    <p class='ocr_par' dir='ltr' id='par_1_86' title="bbox 1823 4195 3403 4270">
     <span class='ocr_line' id='line_1_86' title="bbox 1823 4195 3403 4270; baseline -0.004 -15"><span class='ocrx_word' id='word_1_633' title='bbox 1823 4209 2011 4270; x_wconf 82' lang='lat' dir='ltr'><strong>spectu</strong></span> <span class='ocrx_word' id='word_1_634' title='bbox 2042 4201 2163 4270; x_wconf 87' lang='lat' dir='ltr'><strong>ejus</strong></span> <span class='ocrx_word' id='word_1_635' title='bbox 2203 4201 2421 4268; x_wconf 89' lang='lat' dir='ltr'><strong>adsum,</strong></span> <span class='ocrx_word' id='word_1_636' title='bbox 2457 4202 2549 4256; x_wconf 92' lang='lat' dir='ltr'>ubi</span> <span class='ocrx_word' id='word_1_637' title='bbox 2589 4204 2863 4256; x_wconf 83' lang='lat' dir='ltr'><strong>exsistunt</strong></span> <span class='ocrx_word' id='word_1_638' title='bbox 2891 4198 3207 4268; x_wconf 83' lang='lat' dir='ltr'><strong>angelorum</strong></span> <span class='ocrx_word' id='word_1_639' title='bbox 3248 4195 3403 4250; x_wconf 91' lang='lat' dir='ltr'><strong>chori</strong></span> 
     </span>
    </p>
   </div>
   <div class='ocr_carea' id='block_1_87' title="bbox 120 4284 1712 4360">
    <p class='ocr_par' dir='ltr' id='par_1_87' title="bbox 120 4284 1712 4357">
     <span class='ocr_line' id='line_1_87' title="bbox 120 4284 1712 4357; baseline -0.001 -18"><span class='ocrx_word' id='word_1_640' title='bbox 120 4287 218 4340; x_wconf 88' lang='grc' dir='ltr'>τοῦ</span> <span class='ocrx_word' id='word_1_641' title='bbox 267 4288 643 4357; x_wconf 82' lang='grc' dir='ltr'>παρίσταμαι,</span> <span class='ocrx_word' id='word_1_642' title='bbox 692 4285 821 4340; x_wconf 74' lang='grc' dir='ltr'>ἔνθα</span> <span class='ocrx_word' id='word_1_643' title='bbox 858 4286 997 4339; x_wconf 78' lang='grc' dir='ltr'>εἰσὶν</span> <span class='ocrx_word' id='word_1_644' title='bbox 1031 4287 1086 4338; x_wconf 83' lang='grc' dir='ltr'>αἱ</span> <span class='ocrx_word' id='word_1_645' title='bbox 1128 4284 1239 4338; x_wconf 85' lang='grc' dir='ltr'>τῶν</span> <span class='ocrx_word' id='word_1_646' title='bbox 1298 4284 1544 4354; x_wconf 88' lang='grc' dir='ltr'>ἀγγέλων</span> <span class='ocrx_word' id='word_1_647' title='bbox 1588 4285 1712 4354; x_wconf 86' lang='grc' dir='ltr'>ὁμό-</span> 
     </span>
    </p>
   </div>
   <div class='ocr_carea' id='block_1_88' title="bbox 1824 4284 3405 4360">
    <p class='ocr_par' dir='ltr' id='par_1_88' title="bbox 1824 4288 3405 4360">
     <span class='ocr_line' id='line_1_88' title="bbox 1824 4288 3405 4360; baseline -0.003 -17"><span class='ocrx_word' id='word_1_648' title='bbox 1824 4290 2139 4355; x_wconf 88' lang='lat' dir='ltr'><strong>unanimes,</strong></span> <span class='ocrx_word' id='word_1_649' title='bbox 2168 4290 2260 4344; x_wconf 92' lang='lat' dir='ltr'>ubi</span> <span class='ocrx_word' id='word_1_650' title='bbox 2295 4291 2412 4360; x_wconf 82' lang='lat' dir='ltr'><strong>ipse</strong></span> <span class='ocrx_word' id='word_1_651' title='bbox 2457 4292 2607 4345; x_wconf 92' lang='lat' dir='ltr'><strong>solus</strong></span> <span class='ocrx_word' id='word_1_652' title='bbox 2648 4303 2937 4359; x_wconf 89' lang='lat' dir='ltr'><strong>supremus</strong></span> <span class='ocrx_word' id='word_1_653' title='bbox 2964 4288 3286 4341; x_wconf 90' lang='lat' dir='ltr'><strong>Dominator</strong></span> <span class='ocrx_word' id='word_1_654' title='bbox 3315 4301 3405 4339; x_wconf 87' lang='lat' dir='ltr'><strong>re-</strong></span> 
     </span>
    </p>
   </div>
   <div class='ocr_carea' id='block_1_89' title="bbox 120 4376 1712 4450">
    <p class='ocr_par' dir='ltr' id='par_1_89' title="bbox 120 4376 1712 4449">
     <span class='ocr_line' id='line_1_89' title="bbox 120 4376 1712 4449; baseline -0.003 -16"><span class='ocrx_word' id='word_1_655' title='bbox 120 4397 289 4447; x_wconf 78' lang='grc' dir='ltr'>νοιαι,</span> <span class='ocrx_word' id='word_1_656' title='bbox 352 4379 481 4433; x_wconf 77' lang='grc' dir='ltr'>ἔνθα</span> <span class='ocrx_word' id='word_1_657' title='bbox 531 4379 693 4442; x_wconf 83' lang='grc' dir='ltr'>αὐτὸς</span> <span class='ocrx_word' id='word_1_658' title='bbox 742 4381 772 4431; x_wconf 90' lang='grc' dir='ltr'>ὁ</span> <span class='ocrx_word' id='word_1_659' title='bbox 812 4380 972 4449; x_wconf 89' lang='grc' dir='ltr'>μόνος</span> <span class='ocrx_word' id='word_1_660' title='bbox 1020 4378 1377 4449; x_wconf 76' lang='grc' dir='ltr'>αὐτοκράτωρ</span> <span class='ocrx_word' id='word_1_661' title='bbox 1413 4376 1712 4447; x_wconf 86' lang='grc' dir='ltr'>βασιλεύει,</span> 
     </span>
    </p>
   </div>
   <div class='ocr_carea' id='block_1_90' title="bbox 1824 4376 3399 4450">
    <p class='ocr_par' dir='ltr' id='par_1_90' title="bbox 1824 4378 3399 4450">
     <span class='ocr_line' id='line_1_90' title="bbox 1824 4378 3399 4450; baseline -0.004 -16"><span class='ocrx_word' id='word_1_662' title='bbox 1824 4389 1973 4450; x_wconf 84' lang='lat' dir='ltr'><strong>gnat,</strong></span> <span class='ocrx_word' id='word_1_663' title='bbox 2016 4381 2110 4435; x_wconf 90' lang='lat' dir='ltr'>ubi</span> <span class='ocrx_word' id='word_1_664' title='bbox 2154 4380 2248 4435; x_wconf 79' lang='lat' dir='ltr'>lux</span> <span class='ocrx_word' id='word_1_665' title='bbox 2289 4390 2373 4435; x_wconf 89' lang='lat' dir='ltr'>est</span> <span class='ocrx_word' id='word_1_666' title='bbox 2402 4382 2521 4436; x_wconf 90' lang='lat' dir='ltr'><strong>sine</strong></span> <span class='ocrx_word' id='word_1_667' title='bbox 2563 4391 2743 4447; x_wconf 90' lang='lat' dir='ltr'><strong>nocte,</strong></span> <span class='ocrx_word' id='word_1_668' title='bbox 2783 4380 2873 4434; x_wconf 89' lang='lat' dir='ltr'>ubi</span> <span class='ocrx_word' id='word_1_669' title='bbox 2916 4378 3079 4433; x_wconf 81' lang='lat' dir='ltr'><strong>ﬂores</strong></span> <span class='ocrx_word' id='word_1_670' title='bbox 3117 4392 3399 4446; x_wconf 86' lang='lat' dir='ltr'><strong>nunquam</strong></span> 
     </span>
    </p>
   </div>
   <div class='ocr_carea' id='block_1_91' title="bbox 120 4468 1712 4542">
    <p class='ocr_par' dir='ltr' id='par_1_91' title="bbox 120 4468 1711 4542">
     <span class='ocr_line' id='line_1_91' title="bbox 120 4468 1711 4542; baseline -0.001 -18"><span class='ocrx_word' id='word_1_671' title='bbox 120 4470 254 4524; x_wconf 61' lang='grc' dir='ltr'>ἔνθα</span> <span class='ocrx_word' id='word_1_672' title='bbox 279 4471 340 4523; x_wconf 84' lang='grc' dir='ltr'>τὸ</span> <span class='ocrx_word' id='word_1_673' title='bbox 373 4470 487 4540; x_wconf 83' lang='grc' dir='ltr'>φῶς</span> <span class='ocrx_word' id='word_1_674' title='bbox 520 4471 649 4525; x_wconf 83' lang='grc' dir='ltr'>ἄνευ</span> <span class='ocrx_word' id='word_1_675' title='bbox 681 4471 875 4533; x_wconf 83' lang='grc' dir='ltr'>νυκτὸς</span> <span class='ocrx_word' id='word_1_676' title='bbox 906 4472 1162 4542; x_wconf 82' lang='grc' dir='ltr'>ὑπάρχει,</span> <span class='ocrx_word' id='word_1_677' title='bbox 1196 4468 1326 4522; x_wconf 77' lang='grc' dir='ltr'>ἔνθα</span> <span class='ocrx_word' id='word_1_678' title='bbox 1354 4468 1424 4521; x_wconf 90' lang='grc' dir='ltr'>τά</span> <span class='ocrx_word' id='word_1_679' title='bbox 1454 4468 1588 4540; x_wconf 82' lang='grc' dir='ltr'>ἀνθη</span> <span class='ocrx_word' id='word_1_680' title='bbox 1616 4470 1711 4522; x_wconf 85' lang='grc' dir='ltr'>ού-</span> 
     </span>
    </p>
   </div>
   <div class='ocr_carea' id='block_1_92' title="bbox 1824 4468 3399 4542">
    <p class='ocr_par' dir='ltr' id='par_1_92' title="bbox 1824 4472 3399 4542">
     <span class='ocr_line' id='line_1_92' title="bbox 1824 4472 3399 4542; baseline -0.001 -18"><span class='ocrx_word' id='word_1_681' title='bbox 1824 4481 2192 4539; x_wconf 87' lang='lat' dir='ltr'><strong>marcescunt,</strong></span> <span class='ocrx_word' id='word_1_682' title='bbox 2238 4472 2331 4526; x_wconf 88' lang='lat' dir='ltr'>ubi</span> <span class='ocrx_word' id='word_1_683' title='bbox 2374 4472 2533 4527; x_wconf 90' lang='lat' dir='ltr'><strong>dolor</strong></span> <span class='ocrx_word' id='word_1_684' title='bbox 2588 4487 2803 4542; x_wconf 89' lang='lat' dir='ltr'><strong>semper</strong></span> <span class='ocrx_word' id='word_1_685' title='bbox 2856 4472 3162 4542; x_wconf 84' lang='lat' dir='ltr'><strong>ignoratur,</strong></span> <span class='ocrx_word' id='word_1_686' title='bbox 3221 4484 3399 4538; x_wconf 84' lang='lat' dir='ltr'><strong>neque</strong></span> 
     </span>
    </p>
   </div>
   <div class='ocr_carea' id='block_1_93' title="bbox 118 4560 1712 4635">
    <p class='ocr_par' dir='ltr' id='par_1_93' title="bbox 118 4560 1712 4635">
     <span class='ocr_line' id='line_1_93' title="bbox 118 4560 1712 4635; baseline -0.002 -18"><span class='ocrx_word' id='word_1_687' title='bbox 118 4563 314 4617; x_wconf 85' lang='grc' dir='ltr'>δέποτε</span> <span class='ocrx_word' id='word_1_688' title='bbox 353 4563 740 4635; x_wconf 85' lang='grc' dir='ltr'>μαραίνονται,</span> <span class='ocrx_word' id='word_1_689' title='bbox 786 4562 914 4617; x_wconf 80' lang='grc' dir='ltr'>ἔνθα</span> <span class='ocrx_word' id='word_1_690' title='bbox 959 4561 1121 4634; x_wconf 86' lang='grc' dir='ltr'>ὀδύνη</span> <span class='ocrx_word' id='word_1_691' title='bbox 1162 4562 1418 4615; x_wconf 74' lang='grc' dir='ltr'>οὐδέποτε</span> <span class='ocrx_word' id='word_1_692' title='bbox 1452 4560 1712 4630; x_wconf 85' lang='grc' dir='ltr'>γινώσκε-</span> 
     </span>
    </p>
   </div>
   <div class='ocr_carea' id='block_1_94' title="bbox 1824 4560 3399 4635">
    <p class='ocr_par' dir='ltr' id='par_1_94' title="bbox 1824 4564 3399 4634">
     <span class='ocr_line' id='line_1_94' title="bbox 1824 4564 3399 4634; baseline 0 -17"><span class='ocrx_word' id='word_1_693' title='bbox 1824 4564 2002 4634; x_wconf 89' lang='lat' dir='ltr'><strong>ipsum</strong></span> <span class='ocrx_word' id='word_1_694' title='bbox 2048 4564 2301 4622; x_wconf 76' lang='lat' dir='ltr'><strong>mceroris</strong></span> <span class='ocrx_word' id='word_1_695' title='bbox 2332 4566 2554 4621; x_wconf 88' lang='lat' dir='ltr'><strong>auditur</strong></span> <span class='ocrx_word' id='word_1_696' title='bbox 2584 4581 2808 4633; x_wconf 89' lang='lat' dir='ltr'><strong>nomen,</strong></span> <span class='ocrx_word' id='word_1_697' title='bbox 2838 4566 2932 4621; x_wconf 89' lang='lat' dir='ltr'>ubi</span> <span class='ocrx_word' id='word_1_698' title='bbox 2976 4565 3166 4620; x_wconf 68' lang='lat' dir='ltr'><strong>laetitia</strong></span> <span class='ocrx_word' id='word_1_699' title='bbox 3205 4571 3260 4619; x_wconf 86' lang='lat' dir='ltr'>et</span> <span class='ocrx_word' id='word_1_700' title='bbox 3297 4579 3399 4619; x_wconf 76' lang='lat' dir='ltr'>ex-</span> 
     </span>
    </p>
   </div>
   <div class='ocr_carea' id='block_1_95' title="bbox 1433 4718 2111 4777">
    <p class='ocr_par' dir='ltr' id='par_1_95' title="bbox 1433 4718 2111 4777">
     <span class='ocr_line' id='line_1_95' title="bbox 1433 4718 2111 4777; baseline 0 -2"><span class='ocrx_word' id='word_1_701' title='bbox 1433 4720 1666 4777; x_wconf 65' lang='grc' dir='ltr'>νΑιιιιλΕ</span> <span class='ocrx_word' id='word_1_702' title='bbox 1702 4718 2111 4776; x_wconf 78' lang='lat' dir='ltr'>LECTIONES.</span> 
     </span>
    </p>
   </div>
   <div class='ocr_carea' id='block_1_96' title="bbox 242 4833 2216 4919">
    <p class='ocr_par' dir='ltr' id='par_1_96' title="bbox 242 4833 2216 4919">
     <span class='ocr_line' id='line_1_96' title="bbox 242 4833 2216 4919; baseline -0.002 -30"><span class='ocrx_word' id='word_1_703' title='bbox 242 4836 290 4869; x_wconf 72' lang='grc'>⁷³</span> <span class='ocrx_word' id='word_1_704' title='bbox 326 4835 541 4919; x_wconf 29' lang='grc' dir='ltr'>ἔγθῇεονε</span> <span class='ocrx_word' id='word_1_705' title='bbox 584 4835 643 4919; x_wconf 61' lang='grc' dir='ltr'>ΙξΔ</span> <span class='ocrx_word' id='word_1_706' title='bbox 676 4836 798 4919; x_wconf 53' lang='lat' dir='ltr'><strong>add.</strong></span> <span class='ocrx_word' id='word_1_707' title='bbox 867 4837 941 4919; x_wconf 81' lang='grc' dir='ltr'>μὴ</span> <span class='ocrx_word' id='word_1_708' title='bbox 991 4836 1224 4919; x_wconf 44' lang='grc' dir='ltr'>ἀνελεῖς,</span> <span class='ocrx_word' id='word_1_709' title='bbox 1254 4835 1454 4919; x_wconf 52' lang='grc' dir='ltr'>ἅνδραῇ</span> <span class='ocrx_word' id='word_1_710' title='bbox 1483 4834 1703 4919; x_wconf 35' lang='grc' dir='ltr'>εὐθσεβῆ.</span> <span class='ocrx_word' id='word_1_711' title='bbox 1740 4835 1827 4914; x_wconf 38' lang='grc' dir='ltr'>ηθο</span> <span class='ocrx_word' id='word_1_712' title='bbox 1857 4833 2216 4919; x_wconf 14' lang='grc' dir='ltr'>Βντέσσαρσιιν</span> 
     </span>
    </p>
   </div>
   <div class='ocr_carea' id='block_1_97' title="bbox 120 4903 3402 5044">
    <p class='ocr_par' dir='ltr' id='par_1_97' title="bbox 120 4903 3402 5044">
     <span class='ocr_line' id='line_1_97' title="bbox 120 4903 3396 5025; baseline -0.001 -63"><span class='ocrx_word' id='word_1_713' title='bbox 120 4922 303 5009; x_wconf 55' lang='lat' dir='ltr'><strong>nsque</strong></span> <span class='ocrx_word' id='word_1_714' title='bbox 336 4907 526 4979; x_wconf 82' lang='grc' dir='ltr'>ἄνδρα.</span> <span class='ocrx_word' id='word_1_715' title='bbox 597 4907 643 4938; x_wconf 83' lang='grc'>⁸²</span> <span class='ocrx_word' id='word_1_716' title='bbox 678 4903 889 4992; x_wconf 57' lang='grc' dir='ltr'>πᾶσανὴ</span> <span class='ocrx_word' id='word_1_717' title='bbox 930 4903 941 4960; x_wconf 82' lang='grc' dir='ltr'>Ξ</span> <span class='ocrx_word' id='word_1_718' title='bbox 1054 4924 1164 4990; x_wconf 75' lang='lat' dir='ltr'>om.</span> <span class='ocrx_word' id='word_1_719' title='bbox 1202 4909 1256 4977; x_wconf 81' lang='grc' dir='ltr'>ἡ.</span> <span class='ocrx_word' id='word_1_720' title='bbox 1333 4903 1379 4937; x_wconf 70' lang='grc'>⁸³</span> <span class='ocrx_word' id='word_1_721' title='bbox 1414 4905 1454 4956; x_wconf 88' lang='grc' dir='ltr'>Β</span> <span class='ocrx_word' id='word_1_722' title='bbox 1490 4904 1640 4973; x_wconf 82' lang='grc' dir='ltr'>αὐτῷ</span> <span class='ocrx_word' id='word_1_723' title='bbox 1674 4903 1833 4956; x_wconf 73' lang='grc' dir='ltr'>τοῦτο</span> <span class='ocrx_word' id='word_1_724' title='bbox 1888 4903 2110 4986; x_wconf 39' lang='grc' dir='ltr'>παθεῖν,</span> <span class='ocrx_word' id='word_1_725' title='bbox 2162 4905 2217 4983; x_wconf 51' lang='grc' dir='ltr'>ἐκ</span> <span class='ocrx_word' id='word_1_726' title='bbox 2246 4903 2719 5025; x_wconf 51' lang='grc' dir='ltr'>ἰξκρεμάμμενος.</span> <span class='ocrx_word' id='word_1_727' title='bbox 2754 4905 2830 4959; x_wconf 84' lang='lat' dir='ltr'><strong>Ita</strong></span> <span class='ocrx_word' id='word_1_728' title='bbox 2864 4906 3183 4974; x_wconf 86' lang='lat' dir='ltr'><strong>plerumque</strong></span> <span class='ocrx_word' id='word_1_729' title='bbox 3215 4903 3396 4959; x_wconf 77' lang='lat' dir='ltr'><strong>habet.</strong></span> 
     </span>
     <span class='ocr_line' id='line_1_98' title="bbox 231 4972 3402 5044; baseline -0 -15"><span class='ocrx_word' id='word_1_730' title='bbox 231 4978 303 5039; x_wconf 84' lang='grc' dir='ltr'>Ως</span> <span class='ocrx_word' id='word_1_731' title='bbox 324 4977 381 5029; x_wconf 84' lang='grc' dir='ltr'>δέ</span> <span class='ocrx_word' id='word_1_732' title='bbox 409 4993 581 5044; x_wconf 83' lang='lat' dir='ltr'><strong>usque</strong></span> <span class='ocrx_word' id='word_1_733' title='bbox 603 4978 791 5031; x_wconf 83' lang='lat' dir='ltr'><strong>ultima</strong></span> <span class='ocrx_word' id='word_1_734' title='bbox 815 4994 943 5029; x_wconf 87' lang='grc' dir='ltr'>οταν</span> <span class='ocrx_word' id='word_1_735' title='bbox 973 4995 1033 5030; x_wconf 88' lang='grc' dir='ltr'>ου</span> <span class='ocrx_word' id='word_1_736' title='bbox 1055 4976 1282 5028; x_wconf 79' lang='grc' dir='ltr'>δύνασαι</span> <span class='ocrx_word' id='word_1_737' title='bbox 1311 4992 1375 5027; x_wconf 81' lang='lat' dir='ltr'><strong>ex</strong></span> <span class='ocrx_word' id='word_1_738' title='bbox 1392 4974 1500 5029; x_wconf 90' lang='lat' dir='ltr'><strong>AB.</strong></span> <span class='ocrx_word' id='word_1_739' title='bbox 1586 4975 1632 5006; x_wconf 74' lang='grc'>⁸⁸</span> <span class='ocrx_word' id='word_1_740' title='bbox 1654 4972 1711 5026; x_wconf 86' lang='lat' dir='ltr'><strong>In</strong></span> <span class='ocrx_word' id='word_1_741' title='bbox 1738 4972 1827 5028; x_wconf 87' lang='lat' dir='ltr'>CD</span> <span class='ocrx_word' id='word_1_742' title='bbox 1850 4990 1974 5027; x_wconf 92' lang='lat' dir='ltr'>cum</span> <span class='ocrx_word' id='word_1_743' title='bbox 2008 4976 2281 5043; x_wconf 77' lang='lat' dir='ltr'><strong>prioribus</strong></span> <span class='ocrx_word' id='word_1_744' title='bbox 2329 4977 2348 5026; x_wconf 74' lang='grc' dir='ltr'>ί</span> <span class='ocrx_word' id='word_1_745' title='bbox 2374 4992 2400 5036; x_wconf 88' lang='grc' dir='ltr'>ς</span> <span class='ocrx_word' id='word_1_746' title='bbox 2432 4979 2489 5028; x_wconf 85' lang='grc' dir='ltr'>οὲ</span> <span class='ocrx_word' id='word_1_747' title='bbox 2522 5013 2536 5027; x_wconf 96' lang='grc'>.</span> <span class='ocrx_word' id='word_1_748' title='bbox 2560 5015 2573 5026; x_wconf 93' lang='grc'>.</span> <span class='ocrx_word' id='word_1_749' title='bbox 2596 5014 2609 5027; x_wconf 94' lang='grc'>.</span> <span class='ocrx_word' id='word_1_750' title='bbox 2648 4975 3040 5044; x_wconf 89' lang='grc' dir='ltr'>παραγίνονται</span> <span class='ocrx_word' id='word_1_751' title='bbox 3067 4974 3255 5029; x_wconf 81' lang='lat' dir='ltr'><strong>confer</strong></span> <span class='ocrx_word' id='word_1_752' title='bbox 3279 4990 3402 5044; x_wconf 68' lang='lat' dir='ltr'><strong>quae</strong></span> 
     </span>
    </p>
   </div>
   <div class='ocr_carea' id='block_1_98' title="bbox 122 4994 3402 5126">
    <p class='ocr_par' dir='ltr' id='par_1_98' title="bbox 122 4994 3402 5126">
     <span class='ocr_line' id='line_1_99' title="bbox 122 4994 3402 5047; baseline -0 -18"><span class='ocrx_word' id='word_1_753' title='bbox 122 4994 167 5009; x_wconf 76' lang='grc' dir='ltr'>ὐ</span> <span class='ocrx_word' id='word_1_754' title='bbox 220 4994 303 5039; x_wconf 76' lang='grc' dir='ltr'>υς</span> <span class='ocrx_word' id='word_1_755' title='bbox 324 4994 381 5029; x_wconf 92' lang='grc' dir='ltr'>οε</span> <span class='ocrx_word' id='word_1_756' title='bbox 409 4994 581 5047; x_wconf 86' lang='lat' dir='ltr'><strong>usque</strong></span> <span class='ocrx_word' id='word_1_757' title='bbox 603 4994 791 5031; x_wconf 82' lang='lat' dir='ltr'><strong>unima</strong></span> <span class='ocrx_word' id='word_1_758' title='bbox 815 4994 943 5029; x_wconf 86' lang='grc' dir='ltr'>οταν</span> <span class='ocrx_word' id='word_1_759' title='bbox 973 4995 1033 5030; x_wconf 88' lang='grc' dir='ltr'>ου</span> <span class='ocrx_word' id='word_1_760' title='bbox 1055 4994 1282 5028; x_wconf 86' lang='grc' dir='ltr'>ουνασαι</span> <span class='ocrx_word' id='word_1_761' title='bbox 1311 4994 1375 5027; x_wconf 83' lang='lat' dir='ltr'>ex</span> <span class='ocrx_word' id='word_1_762' title='bbox 1392 4994 1500 5029; x_wconf 73' lang='lat' dir='ltr'><strong>At).</strong></span> <span class='ocrx_word' id='word_1_763' title='bbox 1586 4994 1632 5006; x_wconf 80' lang='grc' dir='ltr'>υν</span> <span class='ocrx_word' id='word_1_764' title='bbox 1654 4994 1711 5026; x_wconf 83' lang='lat' dir='ltr'><strong>1n</strong></span> <span class='ocrx_word' id='word_1_765' title='bbox 1738 4994 1827 5028; x_wconf 68' lang='grc' dir='ltr'>υυ</span> <span class='ocrx_word' id='word_1_766' title='bbox 1850 4994 1974 5027; x_wconf 86' lang='lat' dir='ltr'>cum</span> <span class='ocrx_word' id='word_1_767' title='bbox 2008 4994 2281 5043; x_wconf 81' lang='lat' dir='ltr'><strong>prioriuns</strong></span> <span class='ocrx_word' id='word_1_768' title='bbox 2329 4994 2400 5036; x_wconf 76' lang='grc' dir='ltr'>υς</span> <span class='ocrx_word' id='word_1_769' title='bbox 2432 4994 2489 5028; x_wconf 90' lang='grc' dir='ltr'>οε</span> <span class='ocrx_word' id='word_1_770' title='bbox 2522 5013 2536 5027; x_wconf 96' lang='grc'>.</span> <span class='ocrx_word' id='word_1_771' title='bbox 2560 5015 2573 5026; x_wconf 94' lang='grc'>.</span> <span class='ocrx_word' id='word_1_772' title='bbox 2596 5014 2609 5027; x_wconf 95' lang='grc'>.</span> <span class='ocrx_word' id='word_1_773' title='bbox 2648 4994 3040 5046; x_wconf 88' lang='grc' dir='ltr'>παραγινονται</span> <span class='ocrx_word' id='word_1_774' title='bbox 3067 4994 3255 5029; x_wconf 73' lang='lat' dir='ltr'><strong>corner</strong></span> <span class='ocrx_word' id='word_1_775' title='bbox 3279 4994 3402 5044; x_wconf 69' lang='lat' dir='ltr'><strong>quae</strong></span> 
     </span>
     <span class='ocr_line' id='line_1_100' title="bbox 122 5044 3402 5126; baseline -0.001 -25"><span class='ocrx_word' id='word_1_776' title='bbox 122 5048 220 5101; x_wconf 89' lang='lat' dir='ltr'><strong>illa</strong></span> <span class='ocrx_word' id='word_1_777' title='bbox 228 5065 258 5126; x_wconf 84' lang='lat'>_:</span> <span class='ocrx_word' id='word_1_778' title='bbox 305 5047 596 5126; x_wconf 70' lang='grc' dir='ltr'>κηρύττων</span> <span class='ocrx_word' id='word_1_779' title='bbox 628 5049 689 5100; x_wconf 75' lang='grc' dir='ltr'>οὐ</span> <span class='ocrx_word' id='word_1_780' title='bbox 722 5047 975 5126; x_wconf 57' lang='grc' dir='ltr'>παύεται,</span> <span class='ocrx_word' id='word_1_781' title='bbox 1000 5048 1297 5126; x_wconf 65' lang='lat' dir='ltr'><strong>excipiunt.</strong></span> <span class='ocrx_word' id='word_1_782' title='bbox 1328 5045 1663 5126; x_wconf 61' lang='lat' dir='ltr'><strong>Suntautem</strong></span> <span class='ocrx_word' id='word_1_783' title='bbox 1704 5045 1817 5126; x_wconf 44' lang='lat' dir='ltr'><strong>llaec</strong></span> <span class='ocrx_word' id='word_1_784' title='bbox 1844 5063 1856 5097; x_wconf 85' lang='lat'><strong>:</strong></span> <span class='ocrx_word' id='word_1_785' title='bbox 1883 5044 2253 5126; x_wconf 47' lang='grc' dir='ltr'>Τότε-Αἰγέας</span> <span class='ocrx_word' id='word_1_786' title='bbox 2287 5045 2544 5126; x_wconf 57' lang='grc' dir='ltr'>φοϐηθεὶς</span> <span class='ocrx_word' id='word_1_787' title='bbox 2582 5045 3138 5126; x_wconf 35' lang='grc' dir='ltr'>τὸνλλαὸνιὺπέσχετο</span> <span class='ocrx_word' id='word_1_788' title='bbox 3170 5062 3402 5126; x_wconf 44' lang='lat' dir='ltr'><strong>notaeve-</strong></span> 
     </span>
    </p>
   </div>
   <div class='ocr_carea' id='block_1_99' title="bbox 122 5106 3403 5189">
    <p class='ocr_par' dir='ltr' id='par_1_99' title="bbox 122 5106 3403 5189">
     <span class='ocr_line' id='line_1_101' title="bbox 122 5106 3403 5189; baseline -0.001 -20"><span class='ocrx_word' id='word_1_789' title='bbox 122 5120 280 5189; x_wconf 76' lang='grc' dir='ltr'>γκεῖν</span> <span class='ocrx_word' id='word_1_790' title='bbox 312 5106 472 5170; x_wconf 72' lang='grc' dir='ltr'>αύτὸν</span> <span class='ocrx_word' id='word_1_791' title='bbox 504 5116 597 5170; x_wconf 90' lang='grc' dir='ltr'>τοῦ</span> <span class='ocrx_word' id='word_1_792' title='bbox 647 5118 882 5189; x_wconf 87' lang='grc' dir='ltr'>σταυροῦ</span> <span class='ocrx_word' id='word_1_793' title='bbox 910 5106 1228 5189; x_wconf 47' lang='lat' dir='ltr'><strong>(codex-ct?)</strong></span> <span class='ocrx_word' id='word_1_794' title='bbox 1264 5114 1535 5189; x_wconf 82' lang='grc' dir='ltr'>σταυρῷ),</span> <span class='ocrx_word' id='word_1_795' title='bbox 1573 5115 1689 5185; x_wconf 76' lang='grc' dir='ltr'>ἅμα</span> <span class='ocrx_word' id='word_1_796' title='bbox 1716 5114 1793 5189; x_wconf 65' lang='grc' dir='ltr'>δὲΔ</span> <span class='ocrx_word' id='word_1_797' title='bbox 1817 5114 1910 5166; x_wconf 90' lang='grc' dir='ltr'>τοῦ</span> <span class='ocrx_word' id='word_1_798' title='bbox 1945 5106 2933 5189; x_wconf 15' lang='grc' dir='ltr'>ἄρξασθαι.⁷αύτὸν’πορεύεσθαιγ(εἰρ;</span> <span class='ocrx_word' id='word_1_799' title='bbox 2970 5106 3206 5189; x_wconf 60' lang='lat' dir='ltr'><strong>vitiose).</strong></span> <span class='ocrx_word' id='word_1_800' title='bbox 3255 5106 3403 5168; x_wconf 77' lang='lat' dir='ltr'><strong>Tunc</strong></span> 
     </span>
    </p>
   </div>
   <div class='ocr_carea' id='block_1_100' title="bbox 122 5185 3402 5257">
    <p class='ocr_par' dir='ltr' id='par_1_100' title="bbox 122 5185 3402 5257">
     <span class='ocr_line' id='line_1_102' title="bbox 122 5185 3402 5257; baseline -0 -17"><span class='ocrx_word' id='word_1_801' title='bbox 122 5185 377 5257; x_wconf 59' lang='lat' dir='ltr'><strong>)Egeates</strong></span> <span class='ocrx_word' id='word_1_802' title='bbox 425 5204 702 5257; x_wconf 75' lang='lat' dir='ltr'><strong>pavescens</strong></span> <span class='ocrx_word' id='word_1_803' title='bbox 756 5185 1010 5257; x_wconf 74' lang='lat' dir='ltr'><strong>populum</strong></span> <span class='ocrx_word' id='word_1_804' title='bbox 1032 5196 1091 5257; x_wconf 62' lang='lat' dir='ltr'>et</span> <span class='ocrx_word' id='word_1_805' title='bbox 1135 5185 1462 5255; x_wconf 75' lang='lat' dir='ltr'><strong>promittens</strong></span> <span class='ocrx_word' id='word_1_806' title='bbox 1488 5185 1545 5238; x_wconf 83' lang='lat' dir='ltr'>se</span> <span class='ocrx_word' id='word_1_807' title='bbox 1601 5202 1717 5237; x_wconf 84' lang='lat' dir='ltr'>eum</span> <span class='ocrx_word' id='word_1_808' title='bbox 1759 5185 2013 5257; x_wconf 70' lang='lat' dir='ltr'><strong>deponere</strong></span> <span class='ocrx_word' id='word_1_809' title='bbox 2058 5185 2220 5238; x_wconf 84' lang='lat' dir='ltr'><strong>simul</strong></span> <span class='ocrx_word' id='word_1_810' title='bbox 2261 5188 2413 5253; x_wconf 76' lang='lat' dir='ltr'><strong>coepit</strong></span> <span class='ocrx_word' id='word_1_811' title='bbox 2442 5185 2536 5257; x_wconf 77' lang='lat' dir='ltr'><strong>ire.</strong></span> <span class='ocrx_word' id='word_1_812' title='bbox 2574 5187 2732 5255; x_wconf 88' lang='lat' dir='ltr'><strong>Apud</strong></span> <span class='ocrx_word' id='word_1_813' title='bbox 2763 5185 2991 5257; x_wconf 80' lang='lat' dir='ltr'><strong>Abdiam</strong></span> <span class='ocrx_word' id='word_1_814' title='bbox 3030 5186 3061 5238; x_wconf 92' lang='lat' dir='ltr'>l.</span> <span class='ocrx_word' id='word_1_815' title='bbox 3097 5186 3156 5249; x_wconf 89' lang='lat' dir='ltr'><strong>I.,</strong></span> <span class='ocrx_word' id='word_1_816' title='bbox 3180 5186 3402 5239; x_wconf 88' lang='lat' dir='ltr'><strong>ineunte</strong></span> 
     </span>
    </p>
   </div>
   <div class='ocr_carea' id='block_1_101' title="bbox 122 5254 3400 5326">
    <p class='ocr_par' dir='ltr' id='par_1_101' title="bbox 122 5254 3400 5326">
     <span class='ocr_line' id='line_1_103' title="bbox 122 5254 3400 5326; baseline -0.001 -15"><span class='ocrx_word' id='word_1_817' title='bbox 122 5254 371 5326; x_wconf 71' lang='lat' dir='ltr'><strong>sectione</strong></span> <span class='ocrx_word' id='word_1_818' title='bbox 413 5254 582 5321; x_wconf 81' lang='lat' dir='ltr'><strong>XLII,</strong></span> <span class='ocrx_word' id='word_1_819' title='bbox 616 5254 952 5313; x_wconf 23' lang='lat' dir='ltr'><strong>confer‘hzec</strong></span> <span class='ocrx_word' id='word_1_820' title='bbox 980 5274 992 5309; x_wconf 92' lang='lat'>:</span> <span class='ocrx_word' id='word_1_821' title='bbox 1022 5254 1442 5310; x_wconf 27' lang='lat' dir='ltr'><strong>His&#39;commotus</strong></span> <span class='ocrx_word' id='word_1_822' title='bbox 1486 5255 1799 5325; x_wconf 83' lang='lat' dir='ltr'><strong>proconsul,</strong></span> <span class='ocrx_word' id='word_1_823' title='bbox 1834 5271 1951 5307; x_wconf 85' lang='lat' dir='ltr'>cum</span> <span class='ocrx_word' id='word_1_824' title='bbox 1978 5263 2029 5308; x_wconf 83' lang='lat' dir='ltr'>et</span> <span class='ocrx_word' id='word_1_825' title='bbox 2058 5257 2228 5308; x_wconf 82' lang='lat' dir='ltr'><strong>minas</strong></span> <span class='ocrx_word' id='word_1_826' title='bbox 2269 5254 2647 5326; x_wconf 67' lang='lat' dir='ltr'><strong>actumultmn</strong></span> <span class='ocrx_word' id='word_1_827' title='bbox 2675 5256 2854 5326; x_wconf 78' lang='lat' dir='ltr'><strong>pepuli</strong></span> <span class='ocrx_word' id='word_1_828' title='bbox 2888 5265 3400 5326; x_wconf 74' lang='lat' dir='ltr'><strong>ntetuerel,surgens</strong></span> 
     </span>
    </p>
   </div>
   <div class='ocr_carea' id='block_1_102' title="bbox 123 5324 3403 5397">
    <p class='ocr_par' dir='ltr' id='par_1_102' title="bbox 123 5324 3403 5397">
     <span class='ocr_line' id='line_1_104' title="bbox 123 5324 3403 5397; baseline -0.001 -18"><span class='ocrx_word' id='word_1_829' title='bbox 123 5327 201 5380; x_wconf 19' lang='lat' dir='ltr'>de.</span> <span class='ocrx_word' id='word_1_830' title='bbox 226 5325 485 5381; x_wconf 77' lang='lat' dir='ltr'><strong>tribunali</strong></span> <span class='ocrx_word' id='word_1_831' title='bbox 526 5330 796 5380; x_wconf 84' lang='lat' dir='ltr'><strong>Andream</strong></span> <span class='ocrx_word' id='word_1_832' title='bbox 827 5329 1025 5382; x_wconf 84' lang='lat' dir='ltr'><strong>solvere</strong></span> <span class='ocrx_word' id='word_1_833' title='bbox 1062 5326 1364 5397; x_wconf 82' lang='lat' dir='ltr'><strong>cogitabat:</strong></span> <span class='ocrx_word' id='word_1_834' title='bbox 1407 5324 1774 5396; x_wconf 77' lang='lat' dir='ltr'><strong>prefectusque</strong></span> <span class='ocrx_word' id='word_1_835' title='bbox 1803 5326 1871 5377; x_wconf 78' lang='lat' dir='ltr'>ad</span> <span class='ocrx_word' id='word_1_836' title='bbox 1905 5326 2078 5397; x_wconf 87' lang='lat' dir='ltr'><strong>locum</strong></span> <span class='ocrx_word' id='word_1_837' title='bbox 2103 5328 2296 5391; x_wconf 82' lang='lat' dir='ltr'><strong>crucis,</strong></span> <span class='ocrx_word' id='word_1_838' title='bbox 2330 5324 2451 5379; x_wconf 84' lang='lat' dir='ltr'><strong>lwto</strong></span> <span class='ocrx_word' id='word_1_839' title='bbox 2480 5324 2839 5396; x_wconf 31' lang='lat' dir='ltr'><strong>populo&#39;qaod</strong></span> <span class='ocrx_word' id='word_1_840' title='bbox 2866 5326 3101 5397; x_wconf 79' lang='lat' dir='ltr'><strong>famulus</strong></span> <span class='ocrx_word' id='word_1_841' title='bbox 3137 5325 3248 5397; x_wconf 63' lang='lat' dir='ltr'><strong>Dei</strong></span> <span class='ocrx_word' id='word_1_842' title='bbox 3269 5324 3403 5397; x_wconf 75' lang='lat' dir='ltr'><strong>libe-</strong></span> 
     </span>
    </p>
   </div>
   <div class='ocr_carea' id='block_1_103' title="bbox 126 5393 3402 5467">
    <p class='ocr_par' dir='ltr' id='par_1_103' title="bbox 126 5393 3402 5467">
     <span class='ocr_line' id='line_1_105' title="bbox 126 5393 3402 5467; baseline -0.001 -17"><span class='ocrx_word' id='word_1_843' title='bbox 126 5406 347 5451; x_wconf 80' lang='lat' dir='ltr'><strong>raretur</strong></span> <span class='ocrx_word' id='word_1_844' title='bbox 371 5406 423 5451; x_wconf 88' lang='lat' dir='ltr'>et</span> <span class='ocrx_word' id='word_1_845' title='bbox 448 5398 726 5467; x_wconf 71' lang='lat' dir='ltr'><strong>frequenti</strong></span> <span class='ocrx_word' id='word_1_846' title='bbox 753 5399 1058 5462; x_wconf 78' lang='lat' dir='ltr'><strong>comitante,</strong></span> <span class='ocrx_word' id='word_1_847' title='bbox 1079 5393 1249 5450; x_wconf 66' lang='lat' dir='ltr'><strong>tristis</strong></span> <span class='ocrx_word' id='word_1_848' title='bbox 1279 5406 1330 5467; x_wconf 83' lang='lat' dir='ltr'>et</span> <span class='ocrx_word' id='word_1_849' title='bbox 1369 5393 1515 5467; x_wconf 73' lang='lat' dir='ltr'><strong>facta</strong></span> <span class='ocrx_word' id='word_1_850' title='bbox 1548 5393 1800 5467; x_wconf 76' lang='lat' dir='ltr'><strong>pcenitens</strong></span> <span class='ocrx_word' id='word_1_851' title='bbox 1835 5396 2061 5467; x_wconf 70' lang='lat' dir='ltr'><strong>Andrete</strong></span> <span class='ocrx_word' id='word_1_852' title='bbox 2088 5412 2338 5467; x_wconf 77' lang='lat' dir='ltr'><strong>suspenso</strong></span> <span class='ocrx_word' id='word_1_853' title='bbox 2366 5393 2846 5467; x_wconf 81' lang='lat' dir='ltr'><strong>appropinquabat.</strong></span> <span class='ocrx_word' id='word_1_854' title='bbox 2866 5393 2969 5457; x_wconf 56' lang='grc' dir='ltr'>““Ως</span> <span class='ocrx_word' id='word_1_855' title='bbox 3001 5395 3057 5448; x_wconf 87' lang='grc' dir='ltr'>δὲ</span> <span class='ocrx_word' id='word_1_856' title='bbox 3076 5435 3088 5448; x_wconf 95' lang='grc'>.</span> <span class='ocrx_word' id='word_1_857' title='bbox 3114 5434 3128 5448; x_wconf 97' lang='grc'>.</span> <span class='ocrx_word' id='word_1_858' title='bbox 3151 5436 3164 5449; x_wconf 95' lang='grc'>.</span> <span class='ocrx_word' id='word_1_859' title='bbox 3196 5393 3265 5467; x_wconf 78' lang='grc' dir='ltr'>τὰ</span> <span class='ocrx_word' id='word_1_860' title='bbox 3299 5394 3402 5463; x_wconf 80' lang='grc' dir='ltr'>μὲν</span> 
     </span>
    </p>
   </div>
   <div class='ocr_carea' id='block_1_104' title="bbox 124 5463 3403 5608">
    <p class='ocr_par' dir='ltr' id='par_1_104' title="bbox 124 5463 3403 5608">
     <span class='ocr_line' id='line_1_106' title="bbox 124 5463 3403 5549; baseline -0.002 -29"><span class='ocrx_word' id='word_1_861' title='bbox 124 5467 320 5539; x_wconf 85' lang='grc' dir='ltr'>πρῶτα</span> <span class='ocrx_word' id='word_1_862' title='bbox 353 5467 421 5537; x_wconf 79' lang='grc' dir='ltr'>(Α</span> <span class='ocrx_word' id='word_1_863' title='bbox 455 5463 505 5521; x_wconf 82' lang='grc' dir='ltr'>τ.</span> <span class='ocrx_word' id='word_1_864' title='bbox 647 5485 743 5538; x_wconf 91' lang='grc' dir='ltr'>πρ.</span> <span class='ocrx_word' id='word_1_865' title='bbox 781 5478 902 5547; x_wconf 53' lang='lat' dir='ltr'><strong>post</strong></span> <span class='ocrx_word' id='word_1_866' title='bbox 944 5470 1032 5531; x_wconf 76' lang='grc' dir='ltr'>Ὠς</span> <span class='ocrx_word' id='word_1_867' title='bbox 1062 5466 1298 5549; x_wconf 64' lang='grc' dir='ltr'>δέροη.)</span> <span class='ocrx_word' id='word_1_868' title='bbox 1328 5506 1341 5519; x_wconf 94' lang='grc'>.</span> <span class='ocrx_word' id='word_1_869' title='bbox 1366 5463 1381 5519; x_wconf 66' lang='grc' dir='ltr'>ζ</span> <span class='ocrx_word' id='word_1_870' title='bbox 1405 5506 1417 5519; x_wconf 94' lang='grc'>.</span> <span class='ocrx_word' id='word_1_871' title='bbox 1449 5466 1527 5536; x_wconf 86' lang='grc' dir='ltr'>τῷ</span> <span class='ocrx_word' id='word_1_872' title='bbox 1550 5466 1787 5537; x_wconf 77' lang='grc' dir='ltr'>δχλῳ(Α</span> <span class='ocrx_word' id='word_1_873' title='bbox 1816 5481 1924 5519; x_wconf 88' lang='lat' dir='ltr'>om.</span> <span class='ocrx_word' id='word_1_874' title='bbox 1954 5483 2001 5518; x_wconf 89' lang='grc' dir='ltr'>τ.</span> <span class='ocrx_word' id='word_1_875' title='bbox 2037 5465 2110 5534; x_wconf 78' lang='grc' dir='ltr'>ὅ.)</span> <span class='ocrx_word' id='word_1_876' title='bbox 2141 5463 2281 5520; x_wconf 83' lang='grc' dir='ltr'>διαν.</span> <span class='ocrx_word' id='word_1_877' title='bbox 2315 5484 2365 5519; x_wconf 89' lang='grc' dir='ltr'>τ.</span> <span class='ocrx_word' id='word_1_878' title='bbox 2402 5463 2570 5536; x_wconf 85' lang='grc' dir='ltr'>ἀναχ.</span> <span class='ocrx_word' id='word_1_879' title='bbox 2601 5463 2725 5520; x_wconf 74' lang='grc' dir='ltr'>αὐτ.</span> <span class='ocrx_word' id='word_1_880' title='bbox 2757 5468 2823 5537; x_wconf 81' lang='grc' dir='ltr'>(Α</span> <span class='ocrx_word' id='word_1_881' title='bbox 2873 5467 3011 5519; x_wconf 80' lang='grc' dir='ltr'>διαν.</span> <span class='ocrx_word' id='word_1_882' title='bbox 3053 5463 3403 5549; x_wconf 70' lang='grc' dir='ltr'>ἀνεχώρησεν</span> 
     </span>
     <span class='ocr_line' id='line_1_107' title="bbox 124 5534 3401 5608; baseline -0.001 -19"><span class='ocrx_word' id='word_1_883' title='bbox 124 5539 218 5591; x_wconf 84' lang='grc' dir='ltr'>τὸν</span> <span class='ocrx_word' id='word_1_884' title='bbox 251 5537 407 5607; x_wconf 78' lang='grc' dir='ltr'>ὄχλον</span> <span class='ocrx_word' id='word_1_885' title='bbox 428 5555 442 5568; x_wconf 72' lang='grc'><strong><em>⁸</em></strong></span> <span class='ocrx_word' id='word_1_886' title='bbox 477 5548 531 5592; x_wconf 90' lang='lat' dir='ltr'>et</span> <span class='ocrx_word' id='word_1_887' title='bbox 561 5539 683 5592; x_wconf 91' lang='lat' dir='ltr'><strong>add.</strong></span> <span class='ocrx_word' id='word_1_888' title='bbox 722 5538 893 5608; x_wconf 70' lang='grc' dir='ltr'>θύμου</span> <span class='ocrx_word' id='word_1_889' title='bbox 928 5539 1036 5607; x_wconf 82' lang='grc' dir='ltr'>γάρ</span> <span class='ocrx_word' id='word_1_890' title='bbox 1081 5537 1431 5608; x_wconf 79' lang='grc' dir='ltr'>πλησθέντες)</span> <span class='ocrx_word' id='word_1_891' title='bbox 1451 5578 1462 5591; x_wconf 95' lang='grc'>.</span> <span class='ocrx_word' id='word_1_892' title='bbox 1486 5576 1500 5590; x_wconf 95' lang='grc'>.</span> <span class='ocrx_word' id='word_1_893' title='bbox 1522 5575 1537 5589; x_wconf 93' lang='grc'>.</span> <span class='ocrx_word' id='word_1_894' title='bbox 1576 5538 1659 5608; x_wconf 85' lang='grc' dir='ltr'>εἰς</span> <span class='ocrx_word' id='word_1_895' title='bbox 1682 5534 1954 5608; x_wconf 19' lang='grc' dir='ltr'>Δαύτόνλ(Β</span> <span class='ocrx_word' id='word_1_896' title='bbox 1987 5536 2112 5608; x_wconf 79' lang='lat' dir='ltr'><strong>add.</strong></span> <span class='ocrx_word' id='word_1_897' title='bbox 2144 5536 2406 5608; x_wconf 75' lang='grc' dir='ltr'>πρᾶξαι).</span> <span class='ocrx_word' id='word_1_898' title='bbox 2429 5575 2444 5590; x_wconf 94' lang='grc'>.</span> <span class='ocrx_word' id='word_1_899' title='bbox 2468 5577 2481 5589; x_wconf 93' lang='grc'>.</span> <span class='ocrx_word' id='word_1_900' title='bbox 2507 5538 2584 5608; x_wconf 79' lang='grc' dir='ltr'>ὡς</span> <span class='ocrx_word' id='word_1_901' title='bbox 2612 5537 2675 5608; x_wconf 80' lang='grc' dir='ltr'>(Β</span> <span class='ocrx_word' id='word_1_902' title='bbox 2706 5537 2857 5608; x_wconf 74' lang='grc' dir='ltr'>ὡσεὶ)</span> <span class='ocrx_word' id='word_1_903' title='bbox 2880 5576 2893 5590; x_wconf 90' lang='grc'>.</span> <span class='ocrx_word' id='word_1_904' title='bbox 2916 5574 2932 5588; x_wconf 95' lang='grc'>.</span> <span class='ocrx_word' id='word_1_905' title='bbox 2988 5551 3401 5608; x_wconf 9' lang='grc' dir='ltr'>,γεγενημένους</span> 
     </span>
    </p>
   </div>
   <div class='ocr_carea' id='block_1_105' title="bbox 121 5554 3399 5730">
    <p class='ocr_par' dir='ltr' id='par_1_105' title="bbox 121 5554 3399 5730">
     <span class='ocr_line' id='line_1_108' title="bbox 121 5554 3399 5658; baseline -0.001 -69"><span class='ocrx_word' id='word_1_906' title='bbox 121 5554 218 5591; x_wconf 89' lang='grc' dir='ltr'>τον</span> <span class='ocrx_word' id='word_1_907' title='bbox 251 5554 407 5607; x_wconf 79' lang='grc' dir='ltr'>οχλον</span> <span class='ocrx_word' id='word_1_908' title='bbox 428 5555 442 5568; x_wconf 75' lang='grc' dir='ltr'><strong>ο</strong></span> <span class='ocrx_word' id='word_1_909' title='bbox 477 5554 531 5592; x_wconf 90' lang='lat' dir='ltr'>et</span> <span class='ocrx_word' id='word_1_910' title='bbox 561 5554 683 5592; x_wconf 87' lang='lat' dir='ltr'><strong>auu.</strong></span> <span class='ocrx_word' id='word_1_911' title='bbox 722 5554 893 5608; x_wconf 77' lang='grc' dir='ltr'>υυμου</span> <span class='ocrx_word' id='word_1_912' title='bbox 928 5556 1036 5607; x_wconf 84' lang='grc' dir='ltr'>γαρ</span> <span class='ocrx_word' id='word_1_913' title='bbox 1081 5554 1431 5658; x_wconf 47' lang='grc' dir='ltr'>πληῖσυεντες)</span> <span class='ocrx_word' id='word_1_914' title='bbox 1451 5578 1462 5591; x_wconf 95' lang='grc'>.</span> <span class='ocrx_word' id='word_1_915' title='bbox 1486 5576 1500 5590; x_wconf 95' lang='grc'>.</span> <span class='ocrx_word' id='word_1_916' title='bbox 1522 5575 1537 5589; x_wconf 93' lang='grc'>.</span> <span class='ocrx_word' id='word_1_917' title='bbox 1576 5554 1658 5599; x_wconf 90' lang='grc' dir='ltr'>εις</span> <span class='ocrx_word' id='word_1_918' title='bbox 1698 5554 1855 5588; x_wconf 85' lang='grc' dir='ltr'>αυτον</span> <span class='ocrx_word' id='word_1_919' title='bbox 1892 5554 1954 5604; x_wconf 71' lang='grc' dir='ltr'>μ)</span> <span class='ocrx_word' id='word_1_920' title='bbox 1987 5554 2112 5589; x_wconf 86' lang='lat' dir='ltr'><strong>anu.</strong></span> <span class='ocrx_word' id='word_1_921' title='bbox 2144 5554 2369 5607; x_wconf 75' lang='grc' dir='ltr'>πραςαι)</span> <span class='ocrx_word' id='word_1_922' title='bbox 2393 5576 2406 5589; x_wconf 93' lang='grc'>.</span> <span class='ocrx_word' id='word_1_923' title='bbox 2429 5575 2444 5590; x_wconf 95' lang='grc'>.</span> <span class='ocrx_word' id='word_1_924' title='bbox 2468 5577 2481 5589; x_wconf 94' lang='grc'>.</span> <span class='ocrx_word' id='word_1_925' title='bbox 2509 5556 2584 5601; x_wconf 88' lang='grc' dir='ltr'>ως</span> <span class='ocrx_word' id='word_1_926' title='bbox 2612 5554 2675 5608; x_wconf 69' lang='grc' dir='ltr'>μ)</span> <span class='ocrx_word' id='word_1_927' title='bbox 2706 5554 2857 5608; x_wconf 83' lang='grc' dir='ltr'>ωσει)</span> <span class='ocrx_word' id='word_1_928' title='bbox 2880 5576 2893 5590; x_wconf 90' lang='grc'>.</span> <span class='ocrx_word' id='word_1_929' title='bbox 2916 5574 2932 5588; x_wconf 95' lang='grc'>.</span> <span class='ocrx_word' id='word_1_930' title='bbox 3002 5554 3399 5605; x_wconf 76' lang='grc' dir='ltr'>γεγενημένους</span> 
     </span>
     <span class='ocr_line' id='line_1_109' title="bbox 127 5604 3396 5730; baseline -0.002 -70"><span class='ocrx_word' id='word_1_931' title='bbox 127 5609 192 5689; x_wconf 77' lang='lat' dir='ltr'>(_A</span> <span class='ocrx_word' id='word_1_932' title='bbox 238 5608 689 5691; x_wconf 71' lang='grc' dir='ltr'>γενομένους)</span> <span class='ocrx_word' id='word_1_933' title='bbox 731 5608 900 5662; x_wconf 67' lang='grc' dir='ltr'>δεινὸν</span> <span class='ocrx_word' id='word_1_934' title='bbox 960 5608 1121 5663; x_wconf 71' lang='grc' dir='ltr'>πάθοι</span> <span class='ocrx_word' id='word_1_935' title='bbox 1157 5614 1190 5730; x_wconf 38' lang='grc' dir='ltr'><strong>ἓ</strong></span> <span class='ocrx_word' id='word_1_936' title='bbox 1253 5605 1761 5689; x_wconf 51' lang='grc' dir='ltr'>δεινότερονπάθῃ)</span> <span class='ocrx_word' id='word_1_937' title='bbox 1788 5646 1802 5671; x_wconf 88' lang='grc'>,</span> <span class='ocrx_word' id='word_1_938' title='bbox 1858 5606 1941 5658; x_wconf 88' lang='grc' dir='ltr'>ἀν.</span> <span class='ocrx_word' id='word_1_939' title='bbox 2001 5606 2108 5693; x_wconf 66' lang='grc' dir='ltr'>ἀπδ</span> <span class='ocrx_word' id='word_1_940' title='bbox 2140 5606 2203 5675; x_wconf 77' lang='grc' dir='ltr'>(Α</span> <span class='ocrx_word' id='word_1_941' title='bbox 2227 5608 2361 5675; x_wconf 86' lang='lat' dir='ltr'><strong>om.)</strong></span> <span class='ocrx_word' id='word_1_942' title='bbox 2410 5624 2460 5660; x_wconf 92' lang='grc' dir='ltr'>τ.</span> <span class='ocrx_word' id='word_1_943' title='bbox 2496 5607 2545 5677; x_wconf 87' lang='grc' dir='ltr'>β.</span> <span class='ocrx_word' id='word_1_944' title='bbox 2580 5626 2777 5694; x_wconf 65' lang='grc' dir='ltr'>συναπ.</span> <span class='ocrx_word' id='word_1_945' title='bbox 2814 5606 3061 5686; x_wconf 36' lang='grc' dir='ltr'>σ’δνῌαὺτ.</span> <span class='ocrx_word' id='word_1_946' title='bbox 3091 5604 3159 5675; x_wconf 87' lang='lat' dir='ltr'><strong>(A</strong></span> <span class='ocrx_word' id='word_1_947' title='bbox 3189 5622 3238 5657; x_wconf 92' lang='grc' dir='ltr'>σ.</span> <span class='ocrx_word' id='word_1_948' title='bbox 3272 5605 3396 5681; x_wconf 55' lang='lat' dir='ltr'><strong>agn.</strong></span> 
     </span>
     <span class='ocr_line' id='line_1_110' title="bbox 128 5669 3399 5730; baseline -0.001 0"><span class='ocrx_word' id='word_1_949' title='bbox 128 5678 485 5730; x_wconf 75' lang='grc' dir='ltr'>εποοευετοὶ..</span> <span class='ocrx_word' id='word_1_950' title='bbox 514 5680 708 5730; x_wconf 81' lang='grc' dir='ltr'>ὐποσν.</span> <span class='ocrx_word' id='word_1_951' title='bbox 753 5679 818 5730; x_wconf 76' lang='grc' dir='ltr'>(Α</span> <span class='ocrx_word' id='word_1_952' title='bbox 853 5680 978 5730; x_wconf 88' lang='lat' dir='ltr'><strong>add.</strong></span> <span class='ocrx_word' id='word_1_953' title='bbox 1023 5678 1157 5730; x_wconf 89' lang='grc' dir='ltr'>καθε</span> <span class='ocrx_word' id='word_1_954' title='bbox 1193 5680 1271 5729; x_wconf 77' lang='grc' dir='ltr'>εῖν</span> <span class='ocrx_word' id='word_1_955' title='bbox 1309 5678 1497 5730; x_wconf 67' lang='grc' dir='ltr'>ἤγουν)</span> <span class='ocrx_word' id='word_1_956' title='bbox 1558 5677 1715 5730; x_wconf 87' lang='grc' dir='ltr'>απολ.</span> <span class='ocrx_word' id='word_1_957' title='bbox 1761 5675 1828 5730; x_wconf 84' lang='grc' dir='ltr'>(Α</span> <span class='ocrx_word' id='word_1_958' title='bbox 1884 5676 2007 5730; x_wconf 85' lang='lat' dir='ltr'><strong>add.</strong></span> <span class='ocrx_word' id='word_1_959' title='bbox 2048 5677 2250 5730; x_wconf 77' lang='grc' dir='ltr'>αυτοῖς)</span> <span class='ocrx_word' id='word_1_960' title='bbox 2283 5677 2375 5730; x_wconf 82' lang='grc' dir='ltr'>τὸν</span> <span class='ocrx_word' id='word_1_961' title='bbox 2401 5717 2449 5730; x_wconf 93' lang='grc'>..</span> <span class='ocrx_word' id='word_1_962' title='bbox 2474 5718 2485 5730; x_wconf 92' lang='grc'>.</span> <span class='ocrx_word' id='word_1_963' title='bbox 2547 5697 2638 5730; x_wconf 89' lang='grc' dir='ltr'>ουν</span> <span class='ocrx_word' id='word_1_964' title='bbox 2669 5696 2812 5730; x_wconf 78' lang='grc' dir='ltr'>τινες</span> <span class='ocrx_word' id='word_1_965' title='bbox 2871 5695 2949 5730; x_wconf 80' lang='grc' dir='ltr'>τω</span> <span class='ocrx_word' id='word_1_966' title='bbox 3000 5677 3062 5730; x_wconf 79' lang='grc' dir='ltr'>(Α</span> <span class='ocrx_word' id='word_1_967' title='bbox 3102 5669 3196 5730; x_wconf 79' lang='grc' dir='ltr'>οὖν</span> <span class='ocrx_word' id='word_1_968' title='bbox 3242 5690 3399 5728; x_wconf 75' lang='grc' dir='ltr'>τουτο</span> 
     </span>
    </p>
   </div>
   <div class='ocr_carea' id='block_1_106' title="bbox 128 5675 2485 5821">
    <p class='ocr_par' dir='ltr' id='par_1_106' title="bbox 128 5675 2485 5821">
     <span class='ocr_line' id='line_1_111' title="bbox 128 5675 2485 5821; baseline 0.001 -91"><span class='ocrx_word' id='word_1_969' title='bbox 128 5675 485 5760; x_wconf 66' lang='grc' dir='ltr'>ἐπορεύετο),</span> <span class='ocrx_word' id='word_1_970' title='bbox 514 5675 708 5748; x_wconf 82' lang='grc' dir='ltr'>ὑποσχ.</span> <span class='ocrx_word' id='word_1_971' title='bbox 753 5679 978 5821; x_wconf 48' lang='grc' dir='ltr'>ἒΑτιόιΙ.</span> <span class='ocrx_word' id='word_1_972' title='bbox 1023 5675 1271 5733; x_wconf 78' lang='grc' dir='ltr'>καθελεῖν</span> <span class='ocrx_word' id='word_1_973' title='bbox 1309 5675 1497 5747; x_wconf 75' lang='grc' dir='ltr'>ἦγουν)</span> <span class='ocrx_word' id='word_1_974' title='bbox 1558 5675 1738 5730; x_wconf 70' lang='grc' dir='ltr'>ἀπολῖ</span> <span class='ocrx_word' id='word_1_975' title='bbox 1761 5675 1828 5760; x_wconf 63' lang='grc' dir='ltr'>(Α</span> <span class='ocrx_word' id='word_1_976' title='bbox 1884 5676 2007 5730; x_wconf 82' lang='lat' dir='ltr'><strong>add.</strong></span> <span class='ocrx_word' id='word_1_977' title='bbox 2048 5677 2250 5746; x_wconf 84' lang='grc' dir='ltr'>αὐτοῖς)</span> <span class='ocrx_word' id='word_1_978' title='bbox 2283 5677 2375 5730; x_wconf 82' lang='grc' dir='ltr'>τὸν</span> <span class='ocrx_word' id='word_1_979' title='bbox 2401 5717 2449 5732; x_wconf 90' lang='grc'>..</span> <span class='ocrx_word' id='word_1_980' title='bbox 2474 5718 2485 5731; x_wconf 92' lang='grc'>.</span> 
     </span>
     <span class='ocr_line' id='line_1_112' title="bbox 130 5746 2364 5821; baseline 0 -19"><span class='ocrx_word' id='word_1_981' title='bbox 130 5749 281 5820; x_wconf 79' lang='grc' dir='ltr'>αὺτῳ</span> <span class='ocrx_word' id='word_1_982' title='bbox 321 5750 454 5821; x_wconf 84' lang='grc' dir='ltr'>τῳ).</span> <span class='ocrx_word' id='word_1_983' title='bbox 478 5790 491 5804; x_wconf 95' lang='grc'>.</span> <span class='ocrx_word' id='word_1_984' title='bbox 515 5790 526 5803; x_wconf 91' lang='grc'>.</span> <span class='ocrx_word' id='word_1_985' title='bbox 559 5750 625 5805; x_wconf 71' lang='grc' dir='ltr'>δι’</span> <span class='ocrx_word' id='word_1_986' title='bbox 655 5750 721 5819; x_wconf 83' lang='grc' dir='ltr'>ἢν</span> <span class='ocrx_word' id='word_1_987' title='bbox 782 5756 819 5808; x_wconf 62' lang='grc' dir='ltr'><strong>Δ</strong></span> <span class='ocrx_word' id='word_1_988' title='bbox 855 5749 985 5805; x_wconf 79' lang='lat' dir='ltr'><strong>add.</strong></span> <span class='ocrx_word' id='word_1_989' title='bbox 1014 5753 1042 5805; x_wconf 87' lang='lat'>6</span> <span class='ocrx_word' id='word_1_990' title='bbox 1092 5747 1420 5821; x_wconf 82' lang='grc' dir='ltr'>ἀνθύπατος)</span> <span class='ocrx_word' id='word_1_991' title='bbox 1444 5790 1454 5803; x_wconf 93' lang='grc'>.</span> <span class='ocrx_word' id='word_1_992' title='bbox 1480 5787 1492 5803; x_wconf 93' lang='grc'>.</span> <span class='ocrx_word' id='word_1_993' title='bbox 1517 5787 1530 5802; x_wconf 91' lang='grc'>.</span> <span class='ocrx_word' id='word_1_994' title='bbox 1575 5764 1967 5819; x_wconf 84' lang='grc' dir='ltr'>παραγινονται</span> <span class='ocrx_word' id='word_1_995' title='bbox 2000 5746 2364 5821; x_wconf 73' lang='grc' dir='ltr'>(Λ-ιγίνεται).</span> 
     </span>
    </p>
   </div>
   <div class='ocr_carea' id='block_1_107' title="bbox 782 5746 2364 5821">
    <p class='ocr_par' dir='ltr' id='par_1_107' title="bbox 782 5746 2364 5821">
     <span class='ocr_line' id='line_1_113' title="bbox 782 5746 2364 5821; baseline -0.001 -18"><span class='ocrx_word' id='word_1_996' title='bbox 782 5756 819 5808; x_wconf 63' lang='grc' dir='ltr'><strong>Δ</strong></span> <span class='ocrx_word' id='word_1_997' title='bbox 855 5749 985 5805; x_wconf 79' lang='lat' dir='ltr'><strong>add.</strong></span> <span class='ocrx_word' id='word_1_998' title='bbox 1014 5753 1042 5805; x_wconf 87' lang='lat'>6</span> <span class='ocrx_word' id='word_1_999' title='bbox 1092 5746 1420 5821; x_wconf 82' lang='grc' dir='ltr'>ἀνθύπατος)</span> <span class='ocrx_word' id='word_1_1000' title='bbox 1444 5790 1454 5803; x_wconf 93' lang='grc'>.</span> <span class='ocrx_word' id='word_1_1001' title='bbox 1480 5787 1492 5803; x_wconf 93' lang='grc'>.</span> <span class='ocrx_word' id='word_1_1002' title='bbox 1517 5787 1530 5802; x_wconf 91' lang='grc'>.</span> <span class='ocrx_word' id='word_1_1003' title='bbox 1575 5746 1967 5819; x_wconf 83' lang='grc' dir='ltr'>παραγίνονται</span> <span class='ocrx_word' id='word_1_1004' title='bbox 2000 5746 2364 5821; x_wconf 73' lang='grc' dir='ltr'>(Λ-ιγίνεται).</span> 
     </span>
    </p>
   </div>
   <div class='ocr_carea' id='block_1_108' title="bbox 2266 4832 3400 4905">
    <p class='ocr_par' dir='ltr' id='par_1_108' title="bbox 2266 4832 3400 4905">
     <span class='ocr_line' id='line_1_114' title="bbox 2266 4832 3400 4905; baseline 0 -20"><span class='ocrx_word' id='word_1_1005' title='bbox 2266 4833 2520 4905; x_wconf 81' lang='grc' dir='ltr'>ἡμέραις.</span> <span class='ocrx_word' id='word_1_1006' title='bbox 2602 4834 2644 4867; x_wconf 80' lang='grc'>⁸¹</span> <span class='ocrx_word' id='word_1_1007' title='bbox 2680 4834 2722 4887; x_wconf 91' lang='grc' dir='ltr'>Β</span> <span class='ocrx_word' id='word_1_1008' title='bbox 2755 4851 2864 4889; x_wconf 90' lang='lat' dir='ltr'>om.</span> <span class='ocrx_word' id='word_1_1009' title='bbox 2900 4834 3008 4887; x_wconf 81' lang='grc' dir='ltr'>ἀπὸ</span> <span class='ocrx_word' id='word_1_1010' title='bbox 3034 4832 3128 4886; x_wconf 87' lang='grc' dir='ltr'>τοῦ</span> <span class='ocrx_word' id='word_1_1011' title='bbox 3163 4832 3400 4905; x_wconf 88' lang='grc' dir='ltr'>σταυροῦ</span> 
     </span>
    </p>
   </div>
   <div class='ocr_carea' id='block_1_109' title="bbox 600 5669 3406 5747">
    <p class='ocr_par' dir='ltr' id='par_1_109' title="bbox 600 5669 3406 5747">
     <span class='ocr_line' id='line_1_115' title="bbox 600 5669 3406 5747; baseline -0.002 -15"><span class='ocrx_word' id='word_1_1012' title='bbox 600 5695 708 5747; x_wconf 65' lang='grc' dir='ltr'>οσχ.</span> <span class='ocrx_word' id='word_1_1013' title='bbox 753 5679 978 5747; x_wconf 77' lang='lat' dir='ltr'><strong>(Aadd.</strong></span> <span class='ocrx_word' id='word_1_1014' title='bbox 1023 5669 1271 5733; x_wconf 81' lang='grc' dir='ltr'>καθελεῖν</span> <span class='ocrx_word' id='word_1_1015' title='bbox 1309 5669 1497 5747; x_wconf 72' lang='grc' dir='ltr'>ἤγουν)</span> <span class='ocrx_word' id='word_1_1016' title='bbox 1558 5669 1828 5747; x_wconf 77' lang='grc' dir='ltr'>ἀπολ.”’(Α</span> <span class='ocrx_word' id='word_1_1017' title='bbox 1884 5676 2007 5730; x_wconf 85' lang='lat' dir='ltr'><strong>add.</strong></span> <span class='ocrx_word' id='word_1_1018' title='bbox 2040 5669 2250 5747; x_wconf 82' lang='grc' dir='ltr'>αὐτοῖς)</span> <span class='ocrx_word' id='word_1_1019' title='bbox 2283 5669 2375 5730; x_wconf 79' lang='grc' dir='ltr'>τὸν</span> <span class='ocrx_word' id='word_1_1020' title='bbox 2401 5717 2449 5732; x_wconf 90' lang='grc'>..</span> <span class='ocrx_word' id='word_1_1021' title='bbox 2474 5669 2508 5731; x_wconf 73' lang='grc'>.’</span> <span class='ocrx_word' id='word_1_1022' title='bbox 2547 5676 2638 5734; x_wconf 83' lang='grc' dir='ltr'>οὖν</span> <span class='ocrx_word' id='word_1_1023' title='bbox 2669 5696 2812 5742; x_wconf 86' lang='grc' dir='ltr'>τινες</span> <span class='ocrx_word' id='word_1_1024' title='bbox 2871 5677 2949 5747; x_wconf 80' lang='grc' dir='ltr'>τῷ</span> <span class='ocrx_word' id='word_1_1025' title='bbox 3000 5677 3062 5747; x_wconf 85' lang='lat' dir='ltr'><strong>(A</strong></span> <span class='ocrx_word' id='word_1_1026' title='bbox 3101 5669 3196 5731; x_wconf 77' lang='grc' dir='ltr'>οὖν</span> <span class='ocrx_word' id='word_1_1027' title='bbox 3242 5673 3406 5728; x_wconf 72' lang='grc' dir='ltr'>τοῦτο</span> 
     </span>
    </p>
   </div>
   <div class='ocr_carea' id='block_1_110' title="bbox 130 5748 721 5821">
    <p class='ocr_par' dir='ltr' id='par_1_110' title="bbox 130 5748 721 5821">
     <span class='ocr_line' id='line_1_116' title="bbox 130 5748 721 5821; baseline 0.002 -19"><span class='ocrx_word' id='word_1_1028' title='bbox 130 5748 281 5820; x_wconf 81' lang='grc' dir='ltr'>αὐτῷ</span> <span class='ocrx_word' id='word_1_1029' title='bbox 321 5749 419 5821; x_wconf 80' lang='grc' dir='ltr'>τῷ)</span> <span class='ocrx_word' id='word_1_1030' title='bbox 442 5789 454 5804; x_wconf 95' lang='grc'>.</span> <span class='ocrx_word' id='word_1_1031' title='bbox 478 5790 491 5804; x_wconf 95' lang='grc'>.</span> <span class='ocrx_word' id='word_1_1032' title='bbox 515 5790 526 5803; x_wconf 91' lang='grc'>.</span> <span class='ocrx_word' id='word_1_1033' title='bbox 559 5750 625 5805; x_wconf 71' lang='grc' dir='ltr'>δι’</span> <span class='ocrx_word' id='word_1_1034' title='bbox 655 5750 721 5819; x_wconf 85' lang='grc' dir='ltr'>ἢν</span> 
     </span>
    </p>
   </div>
  </div>
