3838 6218
448 340 583 395 1279

1884 333 2107 389 ADDEN
2118 333 2227 389 DA.

3566 333 3725 389 1280

442 452 1048 520 αὕτούς.Ἐξεταζέσοω
1092 451 1159 504 δὲ
1204 449 1457 519 ἀκριϐῶς
1504 453 1537 504 ό
1584 451 1801 519 τρόπος
1849 453 1944 504 καὶ
1987 453 2015 503 ὁ
2043 468 2090 524 Α
2118 451 2286 506 Παῦλ.
2322 450 2701 518 διατάσσομεν
2731 448 3064 521 ἐργάζεσθαι
3114 449 3257 515 τοὺς
3303 448 3500 515 λαοὺς
3542 449 3726 501 πέντε

443 549 579 619 βίος,
612 549 706 601 καὶ
736 548 787 599 εί
815 545 991 598 δοῦλοί
1021 547 1159 597 εισιν
1191 544 1224 613 ἢ
1263 542 1552 614 ἐλεύθεροι.
1627 542 1681 595 ‘2.
1724 543 1832 597 Καὶ
1857 543 1950 596 ἐὰν

440 658 531 706 τις
561 639 763 701 δοῦλος,
800 635 1093 709 ἐρωτάσθω
1131 638 1163 689 ό
1195 634 1500 701 δεσπότης
1531 633 1695 688 αὑτοῦ
1728 635 1776 687 εί
1812 652 2018 704 μαρτυ-

444 735 530 804 ρεῖ
586 730 765 800 αὐτῷ’
814 732 863 782 εί
908 728 965 781 δὲ
1020 726 1115 798 μὴ,
1164 726 1566 793 ἀποϐαλέσθω,
1595 727 1701 790 ἓως
1747 726 1812 778 ἂν
1845 726 2018 789 ἄξιον

440 822 662 878 ἑαυτὸν
694 819 935 892 ἐπιδείξῃ
962 817 1039 888 τῷ
1071 817 1338 890 δεσπότῃ·
1378 819 1427 871 εί
1467 817 1523 870 δὲ
1550 819 1815 887 μαρτυρεῖ
1847 814 2014 885 αὐτῷ,

442 912 839 989 προσδεχέσθω.
871 911 1136 965 Έθνικοῦ
1186 910 1421 977 οἰκέτης
1466 907 1798 963 διδασκέσθω
1836 907 2018 978 εὐαρε-

442 1011 589 1062 στεῖν
620 1008 695 1077 τῷ
724 1005 977 1078 δεσπότῃ,
1004 1004 1092 1057 ἶνα
1126 1003 1198 1074 μὴ
1228 1000 1625 1074 βλασφημεῖται
1658 1004 1686 1055 ό
1710 1000 1885 1069 λόγος.
1960 1000 2013 1054 '5.

442 1100 506 1154 Εί
543 1100 640 1171 μὲν
671 1096 763 1152 οὖν
792 1098 905 1168 ἔχει
937 1099 1171 1166 γυναῖκα
1205 1095 1239 1165 ἢ
1282 1096 1315 1164 ή
1356 1094 1492 1164 γυνὴ
1538 1092 1727 1163 ἀνδρα,
1772 1091 2017 1146 διδασκέ-
2120 1139 2135 1152 ,
2174 1136 2187 1149 ,
2228 1136 2242 1150 .

442 1195 658 1248 σθωσαν
708 1189 992 1264 ἀρκεῖσθαι
1036 1189 1276 1250 ἐαυτοῖς’
1312 1188 1362 1239 εί
1402 1185 1459 1238 δέ
1490 1184 1693 1253 ἀγαμοί
1726 1184 1853 1245 εἰσι,
1892 1200 2017 1252 μαν-

441 1283 750 1337 θανέτωσαν
784 1279 858 1351 μὴ
887 1276 1190 1349 πορνευειν,
1212 1274 1345 1328 ἀλλά
1364 1277 1562 1344 γαμεῖν
1591 1277 1647 1326 ἐν
1680 1272 1847 1344 νόμῳ.
1878 1273 1941 1325 Et
1960 1272 2017 1325 δὲ

440 1376 469 1428 ὁ
502 1374 767 1443 δεσπότης
797 1369 961 1424 αὑτοῦ
1001 1370 1189 1430 πιστὸς
1215 1366 1289 1419 ὣν
1323 1366 1415 1420 καὶ
1449 1364 1601 1428 εἰδὼς
1628 1366 1707 1418 ὃτι
1742 1363 2013 1436 πορνεύει,

440 1466 502 1519 οὐ
527 1465 740 1519 δίδωσιν
779 1462 929 1533 αὺτῷ
969 1462 1201 1529 γυναῖκα
1231 1458 1264 1529 ἢ
1296 1460 1363 1529 τῇ
1397 1458 1617 1525 γυναικὶ
1656 1456 1844 1527 ἀνδρα,
1884 1457 2018 1523 ἀφο-

444 1558 817 1631 ριζέσθωσαν.
893 1554 946 1607 4.
1000 1553 1124 1606 Ἐάν
1170 1552 1331 1621 (Cot.
1374 1549 1503 1605 add.
1534 1549 1631 1620 δέ)
1679 1566 1763 1611 τις
1788 1547 2017 1617 δαίμονα

441 1651 562 1721 ἔχῃ,
591 1645 924 1701 διδασκέσθω
960 1644 1057 1715 μὲν
1092 1644 1191 1713 τὴν
1215 1641 1513 1705 εὐσέϐειαν,
1544 1640 1619 1711 μὴ
1643 1638 2019 1711 προσδεχέσθω

439 1742 496 1795 δὲ
538 1742 617 1803 εἰς
649 1738 932 1793 κοινωνίαν
977 1737 1106 1807 πρὶν
1140 1735 1206 1788 ἂν
1240 1733 1571 1805 καθαρισθῇ·
1614 1734 1663 1785 εί
1697 1732 1755 1785 δέ
1792 1730 2017 1793 Θάνατος

440 1832 778 1899 κατεπείγει,
819 1825 1218 1899 προσδεχέσθω.
1296 1825 1347 1879 5.
1389 1823 1457 1876 EI
1502 1840 1587 1887 τις
1631 1821 2015 1892 πορνοϐοσκὸς,

440 1926 475 1996 ἢ
512 1922 807 1977 παυσάσθω
836 1921 987 1991 (Col.
1018 1920 1141 1974 add.
1171 1917 1286 1988 τοῦ)
1317 1915 1715 1989 μαστροπεύειν
1742 1915 1776 1986 ἦ
1805 1915 2017 1968 ἀποϐα-

442 2018 640 2073 λέσωυ
674 2020 1017 2085 (sequuntur
1040 2012 1194 2083 plura
1227 2010 1370 2080 apud
1394 2009 1568 2079 Cot.).
1608 2008 1727 2061 Τῶν
1760 2008 1853 2059 ἐπὶ
1887 2024 2023 2077 σκη-

439 2110 539 2179 νῆς
571 2108 666 2161 ἐάν
697 2124 781 2170 τις
814 2104 1041 2177 προσείη
1073 2103 1233 2173 (sic)
1263 2102 1397 2174 ἀνὴρ
1432 2101 1465 2171 ἢ
1515 2100 1651 2172 γυνὴ
1682 2101 1715 2172 ἢ
1744 2099 1957 2170 ἡνίοχος
1984 2096 2018 2169 ἢ

443 2199 750 2272 μονομάχος
798 2198 831 2269 ἢ
888 2195 1265 2267 σταδιοδρόμος
1296 2195 1328 2265 ἢ
1360 2191 1755 2263 λουδεμπιστὴς
1811 2190 2016 2262 (codex

440 2292 631 2363 -στῆς)
666 2291 698 2360 ἢ
728 2288 1025 2357 ὀλυμπικὸς
1061 2288 1093 2358 ἢ
1126 2285 1393 2357 χοραύλης
1434 2284 1467 2353 ἢ
1516 2280 1834 2353 κιθαριστὴς
1864 2280 2017 2349 (seq.

442 2385 550 2439 alia
583 2382 726 2453 apud
753 2380 912 2451 Cot.)
944 2380 977 2451 ἢ
1010 2381 1277 2446 αὔλησιν
1314 2374 1772 2445 ἐπιδεικνύμενος,
1807 2372 1841 2441 ἢ
1882 2389 2021 2424 παυ-

442 2475 728 2531 σάσθωσαν
768 2474 801 2543 ῆ
847 2470 1348 2526 ἀπῶαλέσθωσαν.
1390 2468 1443 2522 6.
1483 2465 1824 2538 Στρατιώτης
1854 2481 2020 2533 προσ-

444 2568 539 2623 ιὼν
568 2564 901 2622 διδασκέσθω
930 2563 1005 2634 μὴ
1041 2563 1272 2627 ἀδικεῖν,
1327 2562 1399 2633 μὴ
1435 2561 1805 2628 συκοφαντεῖν,
1831 2559 2018 2627 ἀρκεῖ-

444 2659 568 2713 σθαι
595 2659 651 2711 δὲ
672 2661 783 2721 τοῖς
809 2655 1106 2725 διδομένοις
1127 2653 1377 2723 ὀψωνίοις
1396 2670 1410 2684 ο
1443 2650 1761 2721 πειθόμενος
1791 2648 2018 2721 προσδε-

442 2745 643 2817 χέσθω,
676 2742 971 2811 ἀντιλέγων
998 2742 1055 2795 δέ
1084 2741 1480 2795 άποϐαλέσθω.
1499 2739 1903 2811 Ἀρρητοποιὺς,
1934 2738 2020 2791 κί-

441 2837 638 2899 ναιδος,
676 2834 828 2905 βλὰξ,
866 2835 1057 2904 μάγος,
1079 2832 1440 2902 όχλαγωγὸς,
1467 2830 1763 2896 ἐπαοιδός,
1796 2830 2016 2896 λῶταξ,

441 2927 801 3000 περιάμματα
835 2923 1024 2987 ποιῶν,
1051 2923 1354 2992 οίωνιστὴς,
1387 2920 1859 2992 συμϐολοδείκτης,
1885 2919 2021 2974 παλ-

446 3016 564 3090 μῶν
597 3016 889 3089 ἑρμηνεὺς,
921 3013 1319 3083 φυλαττόμενος
1373 3014 1429 3065 ἐν
1482 3011 1800 3081 συναντήσει
1842 3009 2020 3074 λωδάς

444 3109 569 3181 (sic)
601 3108 774 3178 ὅψεων
805 3106 839 3178 ἢ
875 3105 1107 3176 ποδῶνῆ
1136 3104 1361 3176 ὀρνίθων
1392 3102 1425 3175 ἢ
1461 3102 1641 3171 γαλῶν
1677 3101 1711 3173 ἦ
1746 3104 2018 3173 ἐπιφωνή-

445 3216 584 3255 σεων
614 3197 647 3271 ἢ
678 3196 1157 3270 παρακροαμάτων
1188 3191 1549 3265 συμόολικῶν,
1584 3193 1760 3263 χρόνῳ
1789 3192 2015 3263 δοκιμα-
2042 3204 2086 3263 c

444 3292 756 3359 ζέσθωσανο
812 3288 1163 3350 δυσέκνιπτος
1212 3324 1227 3339 .
1265 3324 1279 3339 .
1313 3325 1327 3340 .
1381 3284 1883 3339 άπῶαλέσθωσαν.
1959 3283 2015 3337 7.

443 3384 702 3456 Παλλακὴ
738 3422 752 3437 .
779 3422 793 3435 .
822 3422 837 3436 .
870 3378 1247 3435 ἀποϐαλέσθω
1283 3417 1296 3431 .
1325 3418 1339 3431 .
1369 3418 1381 3432 .
1418 3381 1467 3432 εἰ
1498 3379 1595 3448 μὲν
1626 3376 1816 3445 δούλη
1846 3377 2019 3432 ἐστίν

448 3518 463 3532 .
504 3517 519 3532 .
558 3516 573 3531 .
604 3477 654 3530 ει
681 3476 738 3530 δέ
770 3472 1056 3542 ἐλευθέρα,
1080 3472 1325 3541 γαμείτω
1351 3509 1363 3523 .
1403 3509 1417 3523 .
1457 3508 1471 3523 .
1505 3472 1533 3523 ὁ
1567 3470 1696 3540 (pro
1723 3469 1801 3539 εἰ)
1827 3468 1884 3521 δὲ
1918 3467 2015 3539 μὴ,

444 3568 845 3623 ἀποϐᾱδῑέσθω.
916 3564 968 3619 8.
1024 3562 1353 3634 Ἑλληνικοῖς
1406 3603 1419 3614 .
1455 3602 1468 3617 .
1508 3601 1522 3615 .
1580 3560 2014 3633 μετατιθέσθωῆ

444 3659 824 3714 ἀποϐαλέσθω
858 3696 872 3710 .
904 3695 917 3709 .
949 3694 962 3711 .
1006 3653 1426 3727 ἱπποδρομικοῖς
1456 3655 1685 3726 ἀγῶσιν
1730 3695 1744 3707 .
1777 3694 1788 3707 .
1819 3694 1831 3707 .
1882 3653 2017 3707 ἀπο-

444 3750 735 3805 ϐαλέσθω.
812 3748 864 3802 9.
908 3748 966 3802 Ὀ
998 3747 1203 3818 μέλλων
1238 3784 1253 3800 .
1276 3785 1291 3799 .
1313 3786 1326 3799 .
1355 3746 1565 3800 εὔνοιαν
1596 3746 1785 3817 (codex
1808 3744 2013 3816 ἄνοιαν)

443 3844 545 3915 ἔχῃ
577 3842 717 3912 (Col.
746 3840 870 3894 add.
905 3838 1033 3909 περὶ
1056 3836 1116 3890 τὸ
1141 3836 1394 3908 πρᾶγμα)
1428 3876 1441 3889 .
1477 3876 1490 3890 .
1530 3876 1545 3891 .
1624 3836 1708 3891 10.
1753 3874 1767 3888 .
1801 3874 1818 3890 .
1854 3873 1868 3888 .
1896 3834 2014 3891 λαῖ-

444 3935 539 3999 κὸς
566 3934 670 4004 εἴη.
749 3932 836 3987 11.
876 3931 993 3996 Πᾶς
1024 3930 1211 3994 πιστὸς
1245 3970 1259 3984 .
1285 3967 1301 3983 .
1327 3969 1340 3982 .
1366 3930 1473 4001 πρὸ
1503 3928 1596 3983 τοῦ
1623 3929 1684 3982 τὸ
1710 3927 1871 4001 ἔργον
1896 3927 2016 3997 χεῖ-

438 4041 554 4093 ρον
603 4022 908 4077 ἐπιτελέσαι
962 4060 977 4074 .
1014 4059 1029 4074 .
1067 4061 1082 4075 .
1133 4022 1181 4074 εί
1226 4020 1282 4074 δέ
1314 4037 1396 4084 τις
1427 4022 1609 4089 λόγος
1642 4018 2017 4091 κατηχήσεως

446 4117 688 4187 γίνεται,
724 4115 1215 4187 προτιμησάτωσαν
1247 4153 1260 4165 .
1300 4154 1312 4165 .
1354 4154 1367 4166 .
1414 4113 1712 4178 εὐσεϐείας.
1791 4113 1879 4167 ιε.
1917 4116 2018 4168 Πι-

446 4207 592 4274 στὸς
625 4207 657 4279 ἢ
692 4206 857 4279 πιστὴ
881 4248 893 4261 .
933 4245 947 4259 .
988 4249 1000 4261 .
1034 4206 1338 4269 ἐπιστολαῖς
1365 4204 1735 4275 διετάξαμεν.

516 4299 838 4371 Inscriptum
894 4306 978 4354 est
1034 4300 1240 4371 Πέτρου
1298 4298 1393 4352 καὶ
1443 4298 1655 4352 Παύλου
1696 4298 1805 4353 τῶν
1843 4298 2013 4367 ἁγίων

444 4387 755 4442 ἀποστόλων
780 4385 1017 4451 διάταξις
1041 4386 1171 4454 (67).

2116 542 2349 612 ἡμέρας,
2386 542 2543 594 σάὸὅ.
2572 540 2629 594 δὲ
2667 558 2723 596 κ.
2756 558 2881 611 κυρ.
2920 537 3331 611 σχολαζέτωσαν
3374 539 3539 611 (Col.
3583 540 3723 595 add.

2118 636 2215 707 ἐν)
2261 638 2327 706 τῇ
2372 634 2637 707 ἐκκλησίᾳ
2672 674 2686 687 .
2719 676 2733 689 .
2765 674 2778 687 .
2826 636 3115 706 δημιουργ.
3150 635 3377 702 τρόπον
3405 634 3557 705 ἔχειν
3601 676 3618 689 .
3658 675 3673 687 .
3706 676 3719 687 .

2114 727 2168 782 2.
2210 728 2322 799 Τὴν
2353 767 2367 779 .
2404 766 2417 779 .
2458 768 2471 779 .
2502 729 2531 780 ὁ
2566 728 2924 798 συγχωρήσας
2972 724 3135 795 (Cot.
3164 725 3290 781 add.
3325 726 3403 797 ἢ)
3449 728 3553 780 καὶ
3589 727 3725 779 ἁνα-

2118 821 2322 891 στήσας
2361 861 2373 872 .
2411 858 2426 873 .
2460 860 2472 872 .
2509 819 2817 890 πνεύματος
2853 817 2952 889 τὴν
2976 817 3258 873 δοθεῖσαν
3311 855 3328 872 .
3364 856 3380 871 .
3418 857 3435 871 .
3482 820 3543 871 ἐν
3572 818 3718 888 αὐτῇ

2116 914 2262 984 (Cot.
2292 914 2416 969 add.
2444 913 2563 986 τὴν)
2598 913 3003 986 ἀπροσδόκητον
3028 912 3189 983 χάριν
3214 910 3340 977 τοῖς
3368 911 3719 978 ἀνθρώποις

2115 1005 2395 1061 δεδόσθαι
2431 1048 2444 1060 .
2475 1044 2491 1061 .
2521 1046 2532 1058 .
2568 1005 2725 1074 λόγον
2756 1004 2898 1076 (σοι.
2938 1004 3063 1059 add.
3112 1001 3321 1075 Ἰησοῦν
3346 1002 3619 1072 Χριστὸν)
3652 1004 3717 1053 ἐκ

2282 1097 2382 1168 τὴν
2435 1096 2545 1150 τῶν
2597 1096 2782 1165 ἁγίων
2828 1096 3161 1164 θεοφανίων
3210 1093 3404 1165 ἑορτὴν
3458 1133 3474 1147 .
3514 1133 3528 1146 .
3558 1131 3577 1148 .
3657 1094 3711 1147 5.

2120 1189 2231 1254 Τάς
2264 1189 2482 1261 ἡμέρας
2515 1228 2528 1240 .
2562 1227 2579 1244 .
2619 1226 2633 1240 .
2673 1184 2912 1257 ἠξίωσαν
2940 1186 3134 1257 ἁγίου.

2184 1323 2425 1389 xxxw,
2455 1324 2481 1378 ι
2516 1323 2647 1396 (68).
2687 1322 2867 1395 noxa;
2899 1323 3043 1376 ἐπιτ.
3076 1322 3297 1391 ὄρθρως
3326 1318 3535 1389 πρώτη
3564 1317 3714 1389 ἄρα.

2114 1415 2275 1488 τρίτῃ
2315 1432 2378 1469 τε
2407 1415 2501 1469 καὶ
2531 1417 2666 1489 ἐκτῃ
2709 1434 2763 1468 κ.
2810 1418 2919 1469 ἐνν.
2960 1414 3054 1468 καὶ
3086 1414 3333 1482 ἑσπέρας
3364 1413 3459 1465 καὶ
3490 1411 3719 1465 ἀλεκτο-

2118 1509 2672 1581 ροφωνίκς.”ορθρου
2722 1509 2820 1581 μὲν
2871 1507 3037 1581 (σοι.
3074 1505 3201 1563 add.
3229 1501 3717 1576 εὐχαριστοῦντες)

2115 1597 2198 1649 ὃτι
2226 1599 2315 1667 ἐφ.
2343 1600 2489 1669 ἡμᾶς
2520 1599 2681 1669 (Οοι.
2714 1600 2861 1671 ὑμῖν,
2892 1613 3005 1653 non
3027 1596 3153 1667 Ue.)
3185 1637 3201 1653 .
3238 1635 3254 1648 .
3293 1635 3308 1650 .
3340 1594 3564 1648 νύκταν
3598 1633 3614 1645 .
3652 1635 3665 1645 .
3700 1634 3720 1648 .

2115 1685 2197 1741 δτι
2230 1690 2289 1743 ἐν
2317 1688 2472 1759 αὐτῇ
2501 1692 2809 1760 ἀπόφασιν
2830 1690 2951 1746 ἀπὸ
2982 1689 3210 1743 Πιλάτου
3235 1686 3428 1741 ἔλαϐεν
3457 1686 3718 1755 ὁΚὺριος

2122 1820 2135 1834 .
2168 1818 2183 1833 .
2222 1819 2235 1833 .
2284 1781 2601 1853 ἐσταυρώθη
2635 1785 2668 1836 ό
2696 1783 2981 1851 Χριστόςο
3020 1780 3219 1853 ὲννάτῃ
3252 1778 3413 1849 (Cot.
3451 1777 3586 1832 add.
3618 1777 3717 1846 δέ)

2119 1869 2200 1924 ὅτι
2232 1871 2410 1925 πάντα
2439 1873 2732 1943 ἐκεκίνητο
2778 1912 2793 1926 .
2831 1911 2845 1925 .
2882 1910 2898 1928 .
2941 1872 3027 1941 ἐφ’
3060 1872 3324 1939 ἑσπέρας
3366 1870 3425 1924 δὲ
3474 1870 3601 1939 εὖχ.
3632 1871 3716 1922 ὅτι

2120 1961 2252 2031 ἡμῖν
2284 1960 2427 2031 (Cot.
2460 1961 2609 2031 ὑμῖν,
2638 1959 2738 2017 Ue.
2767 1960 2903 2031 om.)
2922 1960 3144 2015 ἔδωκεν
3174 1958 3527 2014 ἀνάπαυσιν
3556 1955 3713 2027 (Cot.

2119 2052 2244 2106 add.
2277 2051 2424 2123 τῶν)
2458 2052 2842 2125 καθημερινῶν
2898 2092 2910 2105 .
2939 2089 2956 2107 .
2984 2094 2999 2108 .
3048 2050 3160 2120 τῆς
3205 2050 3529 2122 παρουσίας
3587 2088 3604 2101 .
3645 2086 3659 2100 .
3696 2086 3711 2099 .

2116 2144 2173 2199 2.
2214 2146 2277 2199 El
2313 2145 2387 2217 μὴ
2422 2185 2437 2200 .
2478 2187 2491 2201 .
2524 2186 2537 2197 .
2572 2145 2873 2214 προσιέναι
2918 2182 2936 2199 .
2965 2182 2982 2198 .
3016 2182 3033 2198 .
3078 2142 3353 2213 φευκτέος
3385 2179 3399 2194 .
3435 2180 3451 2193 .
3483 2179 3497 2194 .
3531 2140 3715 2203 οὕτως

2118 2236 2219 2291 καὶ
2247 2238 2297 2289 οἱ
2331 2239 2545 2305 ἐναγεῖς
2587 2236 2907 2308 μιαίνουσιν.
2982 2236 3035 2291 3.
3087 2237 3151 2289 EI
3196 2235 3265 2289 δὲ
3306 2236 3444 2307 μήτε
3475 2235 3533 2286 ἐν
3568 2232 3715 2303 οἴκῳ

2119 2327 2239 2397 ἅμα
2274 2330 2409 2401 μήτε
2442 2331 2499 2382 ἐν
2526 2329 2679 2382 ἐκκλ.
2712 2327 2859 2401 (Cot.
2890 2328 3014 2383 add.
3049 2325 3522 2398 πναθροισθῆναι)
3552 2325 3715 2379 δυνα-

2117 2421 2229 2485 τὸν,
2270 2421 2502 2484 ἕκαστος
2543 2420 2705 2489 (Col.
2743 2420 2871 2479 add.
2906 2419 3058 2491 παρ’)
3093 2418 3269 2489 ἐαυτῷ
3298 2418 3555 2488 ψαλλέτω
3586 2457 3603 2471 .
3644 2458 3658 2470 .
3694 2458 3711 2471 .

2120 2512 2216 2568 ἐάν
2246 2506 2347 2569 ὦσι
2382 2513 2479 2585 (ita
2505 2521 2650 2569 recte
2681 2514 2846 2569 etiam
2878 2514 2975 2570 Ue.
3007 2521 3198 2569 contra
3229 2512 3348 2567 (ἔοι.
3376 2512 3508 2584 εἰσί)
3540 2512 3712 2581 φησὶν

2119 2605 2149 2656 ὁ
2177 2605 2381 2677 Κύριος
2422 2605 2593 2677 (item
2622 2605 2745 2671 Ue.,
2770 2606 2892 2662 Cot.
2928 2606 3065 2678 om.)
3115 2644 3129 2659 .
3163 2647 3177 2661 .
3206 2645 3221 2659 .
3296 2603 3349 2658 4.
3410 2646 3426 2659 .
3456 2642 3475 2658 .
3512 2642 3528 2656 .
3587 2603 3711 2657 κατ’

2119 2692 2226 2752 οῐκ.
2263 2699 2646 2770 προσευχέσθω
2671 2699 2762 2771 (ab
2789 2700 2893 2754 hoc
2919 2715 3180 2771 προσευχ.
3213 2699 3393 2755 scriba
3422 2696 3713 2753 transiluit

2121 2790 2189 2845 ad
2244 2791 2517 2860 alterum)
2557 2828 2575 2845 .
2610 2832 2625 2847 .
2663 2830 2678 2845 .
2766 2791 2820 2846 5.
2859 2829 2874 2844 .
2906 2829 2920 2844 .
2958 2832 2973 2845 .
3002 2790 3209 2855 δούλοις
3240 2792 3351 2862 (ita
3389 2798 3546 2845 recte
3582 2788 3708 2853 Ue.,

2120 2878 2242 2934 Cot.
2276 2878 2472 2951 δοῦλοι)
2506 2919 2521 2933 .
2549 2919 2564 2934 .
2600 2919 2614 2935 .
2646 2880 3151 2937 ἀποϐαλέσθωσαν.
3182 2878 3303 2935 1am
3332 2881 3592 2951 sequitur
3616 2894 3711 2934 ca-

2120 2978 2218 3041 put
2240 2987 2375 3038 xm,
2404 2972 2555 3027 nullo
2572 2973 2731 3027 titulo
2760 2981 2857 3027 aut
2880 2981 3011 3029 nota
3043 2973 3385 3044 interposita.
3404 2974 3711 3027 Ἑπιτελεί-

2122 3062 2233 3117 σθω
2256 3063 2397 3134 (Cot.
2426 3063 2551 3119 add.
2581 3064 2657 3136 δὲ)
2684 3065 2842 3137 τρίτα
2875 3104 2890 3120 .
2908 3104 2923 3121 .
2944 3104 2960 3121 .
2992 3067 3050 3121 ἐν
3079 3066 3252 3137 ψαλμ.
3270 3066 3416 3136 (Cot.
3448 3067 3583 3125 add.
3614 3068 3711 3122 καὶ

2120 3152 2475 3226 ἀναγνώσεσι)
2508 3154 2601 3207 καὶ
2627 3157 2955 3226 προσευχαῖς
2984 3194 3000 3209 .
3027 3194 3040 3207 .
3070 3193 3086 3208 .
3110 3156 3203 3209 καὶ
3227 3158 3561 3225 τριαιοστὰ
3594 3197 3612 3213 .
3644 3199 3659 3210 .
3688 3198 3703 3214 .

2119 3245 2213 3299 ὑπ.
2251 3244 2440 3316 μνείας
2472 3244 2672 3302 αὐτῶν
2704 3246 2929 3303 διδόσθω
2951 3249 3016 3302 ἐκ
3039 3266 3089 3303 τ.
3125 3246 3219 3302 ὑπ.
3252 3248 3461 3317 αὐτοῖς
3492 3251 3578 3316 εἰς
3614 3254 3707 3309 ἀν.

2118 3335 2337 3390 αὐτῶν.

2198 3471 2381 3538 XLIII,
2411 3472 2595 3541 XLIV,
2628 3476 2681 3531 1.
2739 3475 2831 3530 Ἔν
2880 3474 2938 3530 δὲ
2977 3478 3097 3541 ταῖς
3126 3475 3390 3547 μνήμαις
3427 3518 3443 3533 .
3472 3513 3494 3534 ο
3524 3519 3541 3534 .
3580 3495 3707 3550 πρε-

2119 3565 2371 3639 σϐύτεροι
2393 3568 2505 3637 γὰρ
2534 3606 2549 3621 .
2576 3605 2595 3623 .
2631 3609 2644 3624 .
2675 3568 2822 3638 λέγει
2843 3570 2955 3642 γὰρ
2976 3608 2991 3625 .
3021 3609 3037 3624 .
3070 3609 3085 3624 .
3119 3565 3260 3624 οἶνον
3288 3571 3436 3642 (Cm.
3470 3572 3603 3627 add.
3627 3574 3703 3642 δὲ)

2123 3652 2199 3723 μὴ
2228 3690 2244 3706 .
2279 3692 2293 3705 .
2327 3693 2342 3707 .
2381 3654 2441 3706 οὐ
2476 3653 2629 3725 (Cot.
2663 3656 2788 3712 add.
2827 3658 2939 3730 μὴ)
2982 3658 3241 3713 δύνωνται
3270 3699 3285 3713 .
3317 3700 3333 3715 .
3367 3700 3385 3715 .
3424 3663 3569 3732 μετὰ
3601 3664 3705 3717 τὸν

2120 3745 2251 3800 Θεὸν
2305 3788 2321 3805 .
2360 3786 2373 3801 .
2412 3787 2426 3801 .
2482 3748 2595 3821 οὑξ»
2629 3750 2716 3805 ἵνα
2764 3751 2842 3823 μὴ
2885 3753 3139 3808 πίωσιν·
3172 3754 3307 3819 ὅλως
3334 3755 3447 3829 γάρ
3471 3759 3576 3811 οὐκ
3607 3760 3701 3831 (ita

2119 3840 2282 3895 etiam
2317 3837 2442 3906 Ue.,
2473 3839 2595 3898 Cot.
2627 3843 2757 3915 καί)
2790 3883 2805 3898 .
2835 3884 2851 3898 .
2879 3887 2894 3902 .
2926 3846 3001 3919 μὴ
3032 3848 3233 3901 πίνειν
3259 3845 3403 3903 οἶνον
3437 3852 3523 3914 εἰς
3578 3892 3597 3906 .
3630 3892 3645 3905 .
3684 3892 3699 3906 .

2120 3930 2228 3985 τοῦ
2261 3931 2514 4003 μεθύσου.
2588 3934 2645 3988 2.
2685 3976 2698 3989 .
2735 3976 2748 3990 .
2786 3976 2800 3990 .
2843 3937 2905 3991 τὸ
2943 3938 3114 4009 ὄνομα
3144 3940 3350 4013 Κυρίου
3396 3943 3506 3997 τοῦ
3554 3945 3698 3998 Θεοῦ

2122 4018 2278 4094 ἡμῶν
2318 4024 2449 4094 Ἰησ.
2479 4026 2583 4097 Χρ.
2643 4067 2657 4080 .
2687 4068 2701 4082 .
2738 4068 2751 4081 .
2796 4029 2984 4102 εἴρηκε
3015 4031 3131 4085 Τίνι
3172 4072 3186 4086 .
3220 4072 3233 4086 .
3271 4073 3287 4086 .
3320 4032 3382 4085 οὐ
3422 4034 3535 4087 τῶν
3567 4053 3700 4103 χρο-

2120 4111 2227 4174 mf.
2260 4114 2318 4166 ἐν
2345 4116 2475 4185 οῖνῳ
2500 4117 2595 4170 καὶ
2624 4123 3146 4177 κατασκοπούντων
3174 4141 3235 4178 π.
3262 4142 3325 4179 π.
3358 4126 3473 4193 γίν.
3534 4126 3692 4181 XLV.

2167 4248 2180 4260 .
2215 4248 2229 4261 .
2283 4210 2616 4277 προσίενται
2662 4252 2675 4265 .
2709 4253 2721 4265 .
2753 4253 2767 4266 .
2824 4215 2909 4284 ἐφ’
2954 4217 3163 4281 ἐαυτοῖς
3217 4258 3232 4271 .
3262 4258 3276 4271 .
3311 4259 3325 4271 .
3407 4216 3598 4283 XLVI,
3644 4223 3692 4275 1.

2125 4298 2305 4352 Τοῦτο
2332 4300 2389 4353 δέ
2418 4304 2568 4373 κοινῇ
2602 4302 2751 4357 πᾶσι
2787 4344 2801 4357 .
2830 4345 2841 4357 .
2864 4347 2880 4357 .
2910 4308 2976 4377 τῇ
3006 4308 3153 4379 αὐτῷ
3180 4308 3395 4383 δοθείσῃ
3422 4310 3576 4375 τάξει
3607 4354 3619 4365 .
3640 4353 3653 4366 .
3678 4353 3690 4366 .

2116 4389 2145 4440 ό
2182 4389 2392 4444 ἀκούων
2422 4394 2530 4464 γὰρ
2572 4394 2745 4464 ὑμῶν,
2780 4396 2945 4467 φησὶν
2968 4400 2997 4451 ὁ
3022 4399 3245 4472 Κύριος,
3281 4402 3417 4472 ἐμοῦ
3454 4442 3469 4457 .
3505 4444 3518 4457 .
3554 4444 3569 4457 .
3599 4404 3688 4457 καί

518 4481 756 4546 XXXIII,
786 4480 838 4535 1.
891 4478 1031 4549 Ἐγὼ
1091 4478 1297 4549 Πέτρος
1351 4478 1445 4533 καὶ
1493 4480 1653 4551 (Cot.
1703 4479 1825 4535 add.
1876 4479 2009 4550 ἐγὼ)

2129 4483 2143 4535 ι
2168 4482 2267 4554 ἐμὲ
2295 4482 2525 4551 ἀθετῶν,
2553 4493 2661 4543 etc.

2013 4729 2149 4816 ΙΙ.

1104 4870 1313 4932 νοτία)
1350 4868 1686 4933 Lectiones
1715 4870 1794 4933 ad
1826 4871 2172 4957 Clementis
2200 4873 2516 4939 Homilies
2560 4883 2622 4941 et
2654 4877 3019 4958 Epitomen.

486 5104 1104 5195 gIntet:_Yit:o§_doetos
1135 5116 1354 5195 constat
1393 5108 1689 5195 Clementis
1737 5110 1966 5195 Romani
1998 5132 2119 5187 qua:
2162 5116 2811 5195 fer_l_tntur_Hpmiliai_-um
2857 5120 3550 5195 quolantumhh‘ucusque
3592 5142 3680 5182 co-

445 5174 603 5270 nicitis-
651 5176 1113 5270 iis:gentos“effata.I
1145 5178 1297 5270 A_lter
1326 5180 1775 5270 fgitl’agisiﬂus,
1824 5184 1890 5270 ad
1917 5174 2077 5270 tinent
2120 5189 2365 5270 mutilus3
2398 5188 2752 5270 de‘sinenSHin
2784 5174 2955 5270 verba
2978 5174 3559 5268 ΗοῆιίἶξῂΧῖῖῗίξ-ἶγ
3590 5174 3678 5270 iit;

443 5246 605 5299 ὁπότε
786 5246 873 5300 ed.
902 5245 1135 5303 Dressel.
1172 5264 1293 5329 pag.
1326 5250 1618 5376 583',”122.
1643 5252 1721 5306 Eo
1758 5244 1875 5308 Solo
1916 5258 2194 5311 nitebatur
2233 5244 2402 5312 editio
2444 5260 2699 5315 Cotelerii
2737 5268 2790 5317 et

446 5316 763 5376 apostoltms
785 5331 923 5376 opus
955 5317 1297 5374 emendatius
1320 5328 1536 5376 reneth
1585 5323 1779 5376 ‘lerici.
1812 5324 1935 5376 item
1968 5343 2173 5376 nunera
2209 5328 2538 5376 thwngleri
2564 5330 2748 5376 editio.
2778 5331 2790 5376 t

446 5316 763 5398 apostoiieis
785 5331 923 5396 opus
955 5316 1297 5398 emendatius
1320 5322 1536 5398 repetiit

2837 5263 2930 5330 qui
2972 5271 3143 5336 totum
3185 5265 3305 5333 ejus
3345 5266 3415 5319 de
3445 5263 3677 5336 pati-ibus'

1623 5324 1779 5402 erigi,
1812 5324 1942 5402 itetn
1968 5343 2174 5396 nupera
2209 5328 2539 5402 Schwegleri
2557 5330 2750 5402 editio.
2776 5324 3098 5402 Nil-perrime
3119 5324 3302 5388 autem
3334 5324 3477 5390 alte}
3506 5353 3679 5394 acces-

446 5384 536 5452 sit,
566 5384 962 5441 Ottobonianus
992 5385 1307 5456 Vaticanus,
1339 5384 1408 5445 at}
1436 5390 1661 5447 Alberto
1690 5384 1905 5449 Dressel
1932 5384 2204 5465 inventus,
2251 5408 2306 5453 et
2342 5384 2489 5454 anno
2512 5400 2651 5456 1855
2682 5384 2751 5456 ad
2778 5384 2979 5459 natat};
2994 5384 3675 5463 'iib'nitiihﬁni'éﬁiti'étﬁ

508 5541 944 5625 ίὸἵῌξῐόκίηῃιε
974 5543 1250 5625 ιίιιιίιιελη
1284 5546 1465 5625 tabuta
1502 5546 1708 5625 (πίναξ)
1738 5560 1822 5607 est.
1845 5563 1860 5603 :
1887 5551 2016 5625 περὶ

443 5613 535 5665 τοῦ
560 5613 843 5683 φυλάττειν
868 5614 1092 5669 ἕκαστον
1123 5614 1272 5681 τάξιν
1302 5618 1395 5670 καὶ
1419 5613 1779 5689 λειτουργίαν.

2190 5554 2305 5627 (68)
2328 5555 2487 5612 Nulla
2509 5557 2684 5614 textui
2710 5557 2999 5631 inscriptio
3023 5561 3315 5631 praeposita
3351 5568 3460 5620 est.

508 5766 524 5786 ‘
546 5766 633 5818 Hae
655 5773 770 5821 sunt
788 5771 915 5832 apud
939 5784 1026 5823 nos
1049 5772 1331 5823 numerales
1354 5777 1484 5824 nota
1508 5776 1639 5838 typis
1657 5776 1998 5841 grandioribus
2022 5791 2274 5843 expressae
2295 5794 2408 5843 qua:
2432 5784 2593 5833 textui
2619 5783 3041 5836 intermiscentur.
3084 5784 3221 5836 Ευιτ.
3250 5785 3406 5835 Pan.

2162 5897 2295 5916 ..θ-’δ’

2088 5915 2136 5925 ..σ-
