3838 6218
370 279 506 339 1281

1816 282 2041 339 ADDEN
2051 284 2159 341 DA.

3489 281 3643 337 1288

366 394 522 452 Ἐπεὶ
551 395 657 469 γάρ
682 395 778 452 νῦν
809 398 908 469 τῆς
934 398 1097 453 αὒτοῦ
1123 399 1431 472 βουλήσεως
1467 402 1708 473 κήρυκες
1745 383 1941 467 ὲξαπέ-
1972 409 2019 464 Α
2043 404 2166 457 οὐδὲ
2208 402 2391 459 ἔσται·
2433 404 2526 459 καὶ
2570 405 2656 458 ἵνα
2693 403 2767 476 μὴ
2810 403 2874 457 τὸ
2928 403 3047 458 κατ’
3079 397 3217 466 εἶδος
3253 400 3416 468 λέγω,
3452 400 3647 456 ταῦτά

368 487 659 561 στάλησαν,
703 491 764 543 ού
794 493 1186 564 γραμματικὴν
1229 494 1689 564 ἐπαγγελλόμενοι
1729 496 1944 566 τέχνην,

364 580 499 633 ἀλλά
546 581 657 652 (90)
714 582 903 646 ἁπλοῖς
947 586 1040 637 καὶ
1078 584 1445 657 ἀπανούργοις
1482 587 1661 656 λόγοις
1697 586 1805 658 (91)
1849 587 1948 658 τὴν

365 672 529 727 αὑτοῦ
561 673 811 744 βούλησιν
842 676 1207 743 ἐκφαίνοντες,
1238 678 1314 741 ὡς
1354 678 1530 733 πάντα
1568 678 1679 747 (92)
1718 682 1857 733 νοεῖν
1882 679 1949 732 τά

366 764 656 835 λεγόμενα,
681 768 773 820 καί
798 768 858 820 ού
899 768 1034 837 μετά
1062 768 1230 834 ἒξεώς
1264 787 1407 833 τινος
1445 771 1729 842 φθονερᾶς,
1778 771 1946 842 παρέ-

364 872 482 926 χειν
535 860 700 913 πᾶσιν
744 861 943 931 ἑαυτὴν
999 863 1073 933 μὴ
1128 860 1457 933 βουλομένης
1509 862 1664 933 (95)·
1711 863 1947 934 πάρεστε

367 946 523 1016 ὑμεῖς
552 949 685 1019 πρὸς
712 949 771 1003 τὸ
802 950 909 1019 (94)
943 950 1016 1022 μὴ
1045 954 1184 1005 νοεῖν
1207 953 1267 1005 τὺ
1297 953 1424 1023 ὑμῖν
1457 953 1731 1024 συμφέρον
1762 953 1855 1006 ἐπὶ
1879 956 1944 1025 τῇ

366 1038 605 1111 ὑμετέρᾳ
630 1039 799 1112 βλάϐῃ
825 1043 991 1109 γελᾶν
1014 1042 1112 1114 τὴν
1135 1045 1215 1107 είς
1239 1044 1356 1115 τὴν,
1377 1052 1485 1099 etc.

438 1125 635 1182 IIomil.
670 1128 708 1193 1,
743 1130 827 1184 12.
866 1131 956 1184 (in.
992 1132 1087 1203 (cf.
1110 1134 1196 1187 ed.
1226 1132 1409 1188 Dress.
1441 1150 1562 1205 pag.
1600 1134 1715 1206 56.)
1737 1134 1945 1189 ’Λδικοι

365 1220 459 1273 καὶ
499 1219 807 1289 θεοστυγεῖς
838 1225 931 1278 καὶ
968 1226 1060 1278 τὸν
1105 1226 1343 1290 σώζοντα
1386 1228 1644 1297 λογισμὸν
1682 1228 1762 1291 εἰς
1814 1229 1944 1282 ἀπι-

366 1310 547 1363 στείαν
577 1311 685 1380 (95)
722 1314 1155 1384 ἀπαοχολοῦντες
1174 1316 1305 1385 (96).
1336 1318 1458 1382 Πῶς
1491 1318 1818 1390 συγγνώμης
1854 1338 1947 1372 τυο

365 1404 481 1471 χεῖν
534 1402 848 1474 δυνήσεσθε,
898 1407 989 1460 τὸν
1043 1407 1141 1479 τὴν
1196 1408 1447 1480 θειότητα
1497 1411 1605 1482 (97)
1669 1412 1762 1464 τοῦ
1807 1409 1943 1464 Θεοῦ

364 1496 833 1566 ὶπαγγελλόμενον
881 1499 1008 1567 ύμῖν
1050 1500 1221 1555 εἰπεῖν
1264 1500 1591 1571 ὑϐρίζοντες,
1636 1503 1731 1555 καὶ
1770 1500 1945 1555 ταῦτα

365 1585 647 1656 ἄνθρωπον
679 1586 784 1657 [ὃν]
816 1588 926 1657 (98)
971 1589 1155 1661 ἐχρῆν,
1196 1591 1242 1642 εί
1288 1592 1381 1644 καὶ
1423 1591 1589 1663 μηδὲν
1626 1591 1823 1663 ἀληθὲς
1858 1592 1945 1645 λέ-

365 1694 529 1745 γοντα
569 1678 701 1749 (99),
751 1678 885 1751 [διὰ]
920 1680 1017 1751 τὴν
1052 1680 1262 1753 ἀγαθὴν
1298 1682 1462 1737 αὐτοῦ
1504 1684 1639 1755 πρὸς
1675 1685 1824 1755 ἡμᾶς
1863 1683 1939 1757 (1)

364 1767 726 1833 ἀποδέξασθαι
759 1771 1071 1841 προαίρεσιν
1105 1772 1202 1841 (2).

443 1880 640 1936 11011111.
670 1880 712 1945 1,
742 1882 825 1935 14.
855 1881 962 1953 (cf.
998 1884 1085 1938 cd.
1121 1884 1308 1939 Dress.
1346 1900 1400 1954 p.
1428 1886 1555 1955 57.)
1584 1886 1736 1956 Τάχα
1762 1886 1820 1940 δὲ
1853 1890 1948 1941 καὶ

370 1972 675 2040 συνοικήσω
698 1972 826 2041 ὑμῖν
853 1973 942 2026 τὸν
967 1973 1144 2027 πάντα
1177 1990 1276 2042 μου
1306 1975 1404 2043 τῆς
1433 1973 1575 2045 ζωῆς
1606 1976 1793 2046 χρόνον
1835 1976 1942 2047 (5)·

364 2060 527 2124 αὐτὸς
563 2060 638 2131 (4)
667 2062 840 2115 ταῦτα
869 2062 1107 2127 ἀκούσας
1132 2064 1480 2134 ἀπεκρίνατο·
1504 2067 1573 2119 Σὺ
1600 2069 1647 2119 εί
1679 2067 1775 2137 μὲν
1809 2069 1948 2120 ἱστο-

369 2154 532 2225 ρῆσαι
569 2154 637 2206 τὰ
682 2155 928 2226 ήμέτερα
972 2156 1065 2207 καὶ
1116 2156 1304 2225 μαθεῖν
1340 2157 1399 2209 τὸ
1449 2159 1724 2230 συμφέρον
1750 2159 1944 2223 θέλεις,

368 2244 598 2315 ἐξαυτῆς
633 2264 722 2316 μοι
754 2246 897 2317 (cod.
940 2252 1027 2317 με)
1064 2249 1435 2318 σύμπλευσον·
1465 2253 1512 2302 εί
1550 2250 1607 2303 δὲ
1633 2252 1692 2303 ού
1719 2251 1792 2321 (5)
1822 2251 1946 2322 βού-

366 2335 449 2388 λει
484 2336 579 2406 (6),
613 2336 783 2390 ἐλθὼν
812 2339 1038 2408 ἐπιστῆς
1070 2340 1235 2410 ήμῖν;
1264 2339 1374 2408 ἐγὼ
1402 2340 1507 2412 γὰρ
1537 2340 1721 2413 αὔριον
1752 2342 1949 2413 πορεύ-

370 2444 550 2498 σωμαι
580 2430 657 2499 (7)
685 2430 779 2482 ἐπὶ
806 2430 874 2482 τά
912 2430 1171 2499 ἐμαυτοῦ.
1206 2432 1317 2484 Καὶ
1344 2431 1406 2502 δὴ
1434 2432 1785 2505 ἀδυσώπητον
1823 2432 1946 2488 ἰδὼν

368 2520 625 2588 συνῆλθον
648 2520 795 2592 αὐτῷ
821 2522 978 2594 μέχρι
1004 2524 1096 2577 τοῦ
1128 2523 1365 2594 λιμένος,
1383 2533 1488 2579 etc.

437 2612 636 2667 IIomiI.
669 2612 824 2678 1,17.
861 2614 956 2686 (cf.
983 2615 1072 2669 ed.
1120 2614 1305 2671 Dress.
1345 2632 1465 2686 pag.
1511 2615 1625 2686 40.)
1656 2617 1765 2669 Καὶ
1793 2619 1859 2684 εἰ,
1894 2619 1946 2671 τί

367 2704 499 2757 ποτέ
518 2707 666 2759 ἐστιν
688 2705 893 2761 δίκαιον
926 2708 1021 2760 καὶ
1042 2707 1272 2777 ἀρέσκον
1301 2706 1374 2778 (8)
1402 2707 1521 2778 Θεῷ
1540 2726 1553 2739 υ
1584 2710 1677 2762 καὶ
1706 2711 1753 2761 εί
1786 2711 1946 2779 γέγο-

368 2813 456 2849 νεν
486 2797 514 2848 6
548 2796 752 2868 κόσμος
797 2798 893 2869 (9),
936 2799 1032 2853 καὶ
1060 2799 1149 2851 διὰ
1176 2800 1226 2851 τί
1249 2801 1437 2869 γέγονε
1461 2818 1473 2830 ·
1508 2801 1601 2854 καὶ
1632 2802 1677 2854 εί
1700 2803 1760 2855 οὐ
1788 2803 1947 2874 λυθή-

370 2902 541 2951 σεται,
568 2889 662 2942 καὶ
697 2890 747 2942 εί
785 2889 1108 2961 λυθήσεται·
1160 2892 1252 2944 καὶ¹
1296 2892 1344 2943 εί
1392 2891 1651 2963 κρείττων
1697 2893 1867 2960 ἔσται,
1907 2895 1944 2967 ἢ

463 3107 555 3165 90)
590 3108 711 3162 Cot.
743 3117 799 3163 et
832 3107 923 3163 Dr.
960 3110 1103 3165 ἀλλ’.

465 3177 554 3259 91)
587 3181 798 3259 Λόγοις
823 3196 836 3208 ·
863 3179 938 3233 ita
967 3196 1093 3235 cum
1138 3177 1540 3242 Ottoboniano;
1577 3179 1718 3249 apud
1767 3180 1942 3237 Cotel.

370 3257 634 3303 omissum
664 3257 768 3304 est.

440 3319 552 3389 (92)
588 3317 707 3374 Cot.
763 3318 936 3372 πάντα
983 3318 1291 3373 ὁντινανοῦν
1338 3318 1449 3389 τὸνᾲ
1474 3318 1804 3382 ἀκούσαντα,
1854 3319 1942 3373 Dr.

372 3387 540 3441 πάνθ”
569 3389 845 3442 ὁντιναοῦν
881 3388 1213 3453 ἀκούσαντα,
1260 3391 1387 3443 item
1412 3387 1553 3458 Epit.
1596 3390 1770 3442 πάντα
1808 3390 1947 3444 όντι-

371 3458 532 3511 ναοῦν
565 3458 655 3513 τὸν
693 3459 827 3512 ἀκού
835 3476 1025 3514 σαντα.

446 3528 555 3598 (95)
588 3527 666 3582 lta
700 3544 823 3583 cum
855 3526 982 3585 Par.
1010 3536 1064 3584 et
1092 3527 1277 3585 Ottob.
1314 3528 1475 3599 cujus
1508 3528 1563 3583 in
1596 3532 1843 3603 margine
1863 3540 1949 3586 est

374 3596 706 3668 βουλόμενοι.
863 3667 866 3668 ν
1119 3667 1132 3668 7

408 3615 703 3652 ουλοιιενοι.

444 3667 554 3741 (94)
585 3667 753 3741 μηρὸς
799 3667 869 3720 τό
920 3681 1044 3722 cum
1102 3667 1405 3736 Cotelerio;
1466 3668 1559 3725 Dr.
1620 3686 1744 3726 cum
1801 3671 1944 3741 Epit.

373 3739 511 3809 πρὸς

448 3808 558 3876 (95)
590 3805 711 3862 Cot.
738 3812 793 3861 et
824 3805 919 3861 Dr.
954 3807 1233 3863 ἀπιστίαν.

448 3810 537 3876 (95
590 3810 711 3862 Cot.
738 3812 793 3861 et
824 3810 919 3861 Dr.
954 3810 1233 3863 ἀπιστίαν.

446 3810 561 3958 (96)
596 3877 673 3930 Ita
702 3886 761 3931 ut
792 3892 991 3948 supra;
1021 3878 1143 3935 Cot.
1176 3893 1307 3935 vero
1338 3888 1392 3935 et
1429 3878 1522 3935 Dr.
1570 3895 1765 3937 rursus
1807 3881 1945 3934 ἀπο-

373 3949 707 4018 σχολοῦντες.

445 4018 556 4092 (97)
595 4017 671 4092 ita
698 4031 824 4092 cum
854 4015 1255 4092 Ottoboniano;
1289 4018 1464 4092 Cotel.
1496 4017 1750 4092 θεότητα.

446 4089 557 4225 (98)
595 4090 706 4141 ’ον
742 4090 796 4141 111
832 4096 1021 4142 nostro
1048 4089 1169 4143 cod.
1201 4091 1463 4145 omissum
1487 4098 1592 4144 est.

468 4158 558 4221 99)
614 4157 691 4211 Ita
736 4173 861 4211 cum
910 4158 1312 4225 Ottoboniano;
1365 4160 1539 4215 Cotel.

468 4158 558 4231 9A9)
605 4157 691 4231 Ita
736 4173 861 4231 cum
910 4158 1312 4231 Ottoboniano;
1365 4160 1539 4215 Cotel.
1592 4161 1942 4231 ἀληθεύοντα.

376 4228 513 4283 Illud
536 4228 623 4283 διά
639 4229 791 4297 quod
822 4230 1088 4297 sequitur,
1120 4246 1221 4285 nec
1257 4229 1312 4283 in
1343 4240 1532 4285 nostro
1581 4228 1691 4287 ncc'
1715 4234 1771 4287 in
1818 4234 1946 4289 reli-

376 4244 513 4283 luuu
536 4244 791 4351 Ora-anon
822 4244 950 4297 sequ

374 4300 511 4371 quis
537 4298 637 4371 cod
687 4340 707 4371 ._
735 4299 950 4371 legitur.

446 4369 523 4438 (1)
561 4369 732 4440 Cotel.
767 4366 822 4423 et
856 4366 947 4440 Dr.
984 4367 1121 4440 πρὸς
1150 4368 1314 4440 ὑμᾶς.

448 4440 526 4508 (2)
577 4438 707 4510 Haec
754 4439 938 4510 omnia
988 4438 1147 4510 longe
1192 4438 1360 4493 aliter
1408 4438 1656 4510 Epitome
1709 4441 1875 4497 habet
1926 4460 1940 4496 :

378 4500 634 4584 Extrema
663 4508 745 4584 sic
778 4527 789 4562 :
914 4500 1532 4584 paydﬁg_dt§:x£_atg,_3u
1563 4513 1730 4584 μέχρι
1752 4512 1944 4584 φθόνου
1976 4500 2020 4555 Ῑ)

380 4580 583 4652 (φόνου)
609 4577 1004 4652 κινδυνεύουσιν
1025 4580 1071 4631 οἱ
1101 4577 1192 4652 τοῦ
1222 4579 1354 4652 Θεοῦ
1380 4577 1747 4652 κήρυκεςζκαὶ
1765 4577 1945 4636 ’ταῦτα

377 4649 620 4722 ὑπὲξ-τῷν
652 4652 731 4711 εἰς
766 4649 1035 4722 σωτηρίαν
1056 4648 1401 4722 καλουμένων
1434 4648 1662 4722 ἀνδρῶν,

452 4718 875 4792 (3)4Sicucodex
907 4718 1126 4792 hoster,
1158 4718 1340 4792 addita
1384 4728 1511 4792 ngta
1536 4718 1616 4775 "in
1664 4723 1942 4792 margine:

378 4806 471 4859 γρ.
499 4790 629 4864 βίον.
660 4790 781 4844 Cot.
816 4798 869 4864 et
904 4788 995 4864 Dr.
1031 4789 1161 4864 βίον,
1197 4790 1291 4842 sed
1317 4805 1381 4843 ex
1409 4790 1550 4859 Epit.
1578 4790 1764 4864 χρόνον
1789 4788 1947 4848 assu-

379 4858 637 4913 mendum
660 4876 781 4913 esse
810 4859 921 4927 jam
960 4858 1210 4913 Davisius
1233 4858 1537 4918 monuerat.

473 4930 527 4991 4)
553 4931 671 4983 (lot.
704 4938 757 4984 et
788 4928 879 4983 Dr.
913 4929 940 4980 6
968 4929 1023 4981 δέ
1054 4945 1151 4991 pro
1175 4929 1353 4991 αὑτός.

473 4930 507 4982 4
553 4931 671 4983 (lot.
704 4938 757 4984 et
788 4930 879 4983 Dr.
913 4930 940 4980 6
968 4930 1023 4981 δέ
1093 4945 1151 4983 ro
1175 4930 1353 4991 αὑτός.

452 4930 527 5131 (5)
559 4999 680 5052 Cot.
706 5006 760 5051 et
788 4999 878 5053 Dr.
920 5000 1013 5079 μή.
1050 4946 1177 5053 IIem
1212 4998 1456 5067 Epitome
1481 4999 1618 5058 XIII.

478 5069 531 5131 6)
578 5068 619 5121 Α
664 5069 838 5131 βούλει
882 5084 1063 5131 priore
1103 5069 1167 5122 ad
1208 5068 1385 5131 βούλει
1426 5073 1618 5125 alterul

478 5069 531 5137 6)
578 5068 619 5121 Α
663 5069 857 5139 βούλει
882 5068 1063 5138 priere
1103 5069 1167 5122 ad
1208 5068 1385 5139 βούλει
1426 5073 1654 5125 alterum
1693 5071 1951 5127 librarius

383 5139 745 5193 transilivisse
777 5138 1010 5203 videtur,
1049 5140 1095 5194 si
1143 5138 1390 5195 videmus
1442 5149 1648 5195 textum
1694 5142 1952 5197 Cotclerii

383 5217 437 5293 et
472 5209 743 5293 Dresselii.
767 5208 845 5262 Ibi
880 5209 1023 5293 e‘ni'm
1062 5211 1309 5293 sequitur
1339 5210 1444 5293 τ,τά
1467 5212 1599 5293 ἄλλα
1632 5216 1835 5293 σημεῖα
1856 5214 1953 5293 τῇς

384 5278 796 5417 ρᾶἒήὲξώὲο
837 5280 929 5332 καὶ
953 5272 1026 5334 ὧν
1061 5272 1234 5342 θέλεις
1274 5280 1384 5349 ἐγώ
1416 5298 1496 5334 σοι
1532 5272 1772 5353 σήμερον
1820 5272 1953 5353 ἐρῶ,

408 5367 471 5402 να
500 5367 587 5402 οτε
620 5366 814 5402 βούλει.

455 5420 531 5490 (7)
559 5422 603 5473 Ω
630 5418 1063 5490 suprascriptum
1096 5418 1261 5475 habet
1288 5436 1337 5475 ο.
1373 5419 1493 5476 Cot.
1553 5430 1608 5476 et
1635 5421 1709 5477 Dr
1760 5421 1955 5496 πορεύ-

385 5508 567 5543 σομαι.

453 5544 530 5635 (8)
565 5557 1107 5635 Kal-dpéUxOKUIOD
1148 5569 1372 5615 accentu
1412 5564 1527 5633 ipse
1558 5562 1793 5635 codex):
1830 5563 1951 5620 Cot.

385 5639 439 5689 et
464 5630 555 5684 Dr.
575 5630 623 5700 fi)
664 5631 893 5700 ἀρέσκον
919 5629 1033 5697 (Dr.
1065 5631 1300 5700 άρεσκ.).
1432 5629 1449 5633 ’
1619 5644 1623 5652 '

479 5702 531 5767 9)
559 5698 676 5770 Cpt.
708 5707 762 5752 et
790 5698 885 5770 Dr1
913 5698 1113 5767 γέγονε
1141 5699 1342 5770 κόσμος

479 5702 531 5767 9)
559 5702 676 5753 Cot.
708 5707 762 5752 et
791 5702 878 5751 Dr.
913 5702 1103 5767 γέγονε
1141 5702 1342 5770 κόσμος

457 5702 569 5841 (10)
602 5767 674 5821 Ita
704 5785 825 5823 cum
853 5766 1256 5836 Ottoboniano;
1286 5770 1454 5827 Paria.
1490 5788 1598 5828 om.
1635 5790 1712 5826 τε.

2048 514 2107 551 τε
2134 496 2243 567 (10)
2287 498 2381 550 καὶ
2407 497 2475 550 τά
2523 498 2733 561 τούτοις
2773 498 3013 568 ἑπόμενα
3042 496 3234 567 μαθεῖν
3261 495 3456 566 ήθελον
3491 495 3641 564 (11).

2059 587 2117 639 '0
2161 587 2219 641 δὲ
2262 588 2468 660 Πέτρος
2510 588 2621 659 (12)
2670 588 2805 660 πρὸς
2846 588 3019 642 ταῦτα
3059 586 3640 659 ἀπεκρίνατοοΣυντό-

2050 694 2165 748 μως
2196 695 2298 743 σοι,
2333 673 2379 733 ὧ
2407 680 2608 751 Κλήμη
2642 680 2774 749 (15),
2806 679 2904 751 τὴν
2933 679 3042 734 τῶν
3082 679 3252 733 ὄντων
3283 679 3490 749 γνῶσιν
3524 695 3643 730 πα-

2049 767 2305 840 ρέξομαι’
2358 770 2453 824 καὶ
2492 770 2562 823 τὰ
2602 770 2697 825 νῦν
2745 770 2978 840 ἐξαυτῆς
3024 769 3274 827 ἄκουσον.
3331 767 3522 822 XVIII.
3568 768 3641 820 Ἦ

2045 861 2140 913 τοῦ
2164 861 2298 914 Θεοῦ
2317 860 2478 933 βουλὴ
2503 864 2560 917 ὲν
2575 863 2757 934 ἀδήλῳ
2774 862 2966 932 γέγονε
2983 863 3123 916 κατὰ
3146 863 3373 924 πολλοὺς
3391 860 3639 932 τρόπους

2044 956 2159 1016 τοῖς
2189 953 2494 1026 ἀνθρώποις
2520 954 2653 1025 (14).
2690 954 2772 1008 Τά
2798 954 2894 1025 μὲν
2926 955 3119 1026 πρῶτα
3139 954 3225 1008 διὰ
3254 954 3315 1006 τὺ
3343 951 3636 1024 κρατηθῆ-

2045 1060 2133 1097 ναι
2154 1044 2350 1107 αὐτοὺς
2388 1044 2496 1115 (15)
2536 1046 2813 1117 εἰσαγωγῇ
2856 1047 3021 1116 κακῇ,
3057 1046 3349 1116 συντροφία
3391 1045 3633 1114 τωνηρᾷ,

2047 1132 2303 1203 συνηθείᾳ
2330 1133 2500 1205 δεινῇ,
2525 1134 2709 1205 ὁμιλίᾳ
2727 1133 2787 1187 οὐ
2818 1132 2977 1203 καλῇ,
3010 1132 3272 1204 προλήψει
3312 1132 3413 1183 οὐκ
3451 1129 3589 1199 ὀρθῇ
3615 1143 3631 1157 ·

2044 1227 2136 1279 καὶ
2166 1226 2275 1298 (16)
2318 1225 2407 1279 διὰ
2447 1224 2618 1280 ταῦτα
2659 1225 2857 1296 πλάνη,
2890 1224 3082 1277 ἔπειτα
3109 1222 3223 1292 (17)
3245 1221 3471 1291 ἀφοϐία,
3494 1221 3635 1272 ἀπι-

2046 1319 2189 1381 στία,
2204 1317 2448 1390 πορνεία,
2468 1318 2816 1390 φιλαργυρία,
2842 1316 3113 1381 κενοδοξία
3138 1316 3233 1369 καὶ
3250 1315 3386 1367 ἄλλα
3400 1312 3643 1366 τοιαῦτα

2044 1411 2187 1465 κακά
2218 1412 2382 1483 μυρία
2412 1410 2545 1482 (18).

2115 1501 2317 1557 liomil.
2348 1501 2487 1567 11,1,
2526 1501 2620 1574 (cf.
2645 1502 2733 1558 ed.
2762 1501 2949 1559 Dress.
2980 1518 3105 1574 pag.
3142 1502 3257 1572 45-.)
3285 1502 3395 1554 Καὶ
3438 1498 3637 1570 μαθὼν

2041 1594 2133 1648 τὸν
2162 1594 2367 1667 Πέτρον
2393 1595 2731 1667 ἐγρηγορότα
2766 1595 2860 1648 καὶ
2896 1597 3009 1658 τοῖς
3047 1593 3263 1649 συνοῦσι
3295 1594 3421 1663 περὶ
3444 1592 3639 1644 θεολο-

2044 1688 2169 1757 γίας
2199 1688 2308 1759 (19)
2334 1688 2737 1759 διαλεγόμενον,
2764 1688 2813 1741 οἳ
2832 1683 2972 1758 ἦσαν
3003 1687 3135 1740 δέκα
3165 1688 3258 1740 καὶ
3292 1685 3352 1751 ἐξ
3386 1684 3519 1753 (20),
3553 1676 3638 1736 ὧν

1974 1750 2016 1806 Β
2045 1750 2239 1834 καιτά
2262 1750 2510 1851 ὀνόματα.
2524 1750 2635 1851 (21)
2654 1750 2877 1851 ὲκθῆναι
2907 1779 3313 1848 ὲόουλευσάμην
3332 1750 3513 1847 (22)...
3535 1772 3640 1829 καὶ

2048 1871 2293 1943 Λάζαρος
2314 1874 2343 1925 6
2374 1873 2569 1943 ἱερεὺς,
2591 1872 2649 1925 ὃν
2675 1870 2969 1939 ἀνέστησεν
2994 1871 3057 1922 ὲκ
3089 1869 3296 1940 νεκρῶν
3325 1872 3641 1939 τετραήμε·

2049 1980 2139 2035 ρον
2168 1966 2196 2016 6
2219 1962 2421 2035 Κύριος
2444 1962 2602 2034 ἡμῶν
2635 1963 2845 2035 Ἰησοῦς
2874 1964 2902 2014 6
2928 1960 3159 2032 Χριστός
3182 1961 3316 2028 (25).

2118 2055 2316 2109 Homil.
2349 2053 2413 2119 11,
2446 2055 2509 2109 21
2548 2071 2632 2125 sq.
2662 2056 2756 2126 (cf.
2780 2056 2868 2110 ed.
2894 2054 3080 2111 Dress.
3118 2071 3172 2126 p.
3201 2055 3315 2124 57.)
3356 2056 3417 2107 Οἱ
3454 2053 3511 2107 δὲ
3535 2053 3637 2109 τὸν

2046 2146 2178 2200 Θεὸν
2240 2147 2646 2217 μαρτυράμενοι
2704 2145 2869 2216 μηδὲν
2936 2144 3241 2215 ψεύσασθαι
3303 2144 3632 2211 ἐξετίθεντο.

2046 2229 2147 2289 Ὧν
2173 2235 2284 2307 (24)
2311 2236 2521 2307 πρῶτος
2548 2238 2577 2289 6
2613 2236 2842 2300 Ἀκύλας
2866 2236 3066 2307 ἤρξατο
3092 2237 3267 2304 λέγειν
3289 2236 3482 2299 οὕτως.

2118 2329 2315 2383 11011111.
2348 2329 2411 2394 II,
2447 2329 2537 2382 27.
2565 2328 2661 2399 (cf.
2691 2329 2780 2384 ed.
2812 2327 3001 2383 Dress.
3037 2344 3159 2399 pag.
3181 2328 3502 2399 62.)Ταῦτα
3530 2327 3631 2381 τοῦ

2061 2421 2260 2475 Ἀκύλα
2328 2420 2594 2484 εἰπόντος,
2628 2422 2657 2472 6
2710 2419 2937 2489 ἁδελφὸς
2996 2419 3159 2472 αὐτοῦ
3212 2420 3460 2488 Νικήτης
3494 2419 3626 2489 ἔφη·

2061 2514 2378 2582 ’Λναγκαῖόν
2410 2514 2578 2576 ἐστιν,
2610 2512 2807 2581 ἀδελφὲ
2836 2512 2993 2583 ἡμῶν
3024 2512 3222 2583 Κλήμη
3248 2511 3384 2579 (25),
3416 2511 3484 2563 τὰ
3524 2527 3636 2565 παι

2048 2606 2401 2678 ραλειφθέντα
2428 2604 2507 2675 τῷ
2543 2604 2741 2675 Ἀκύλᾳ
2772 2606 2871 2675 ἐμὲ
2904 2604 3213 2674 ὑπομνῆσαι
3234 2603 3369 2673 (26).

2117 2697 2317 2753 11011111.
2358 2696 2445 2761 Ill,
2477 2696 2564 2752 40.
2616 2696 2709 2767 (cf.
2753 2696 2841 2751 ed.
2875 2694 3059 2750 Dress.
3094 2711 3148 2766 p.
3190 2694 3332 2765 100.)
3354 2695 3420 2747 Εἰ
3449 2693 3506 2746 δὲ
3536 2693 3647 2762 ὑφ’·

2047 2789 2237 2859 ἑτέρας
2274 2788 2573 2858 δυνάμεως,
2603 2787 2861 2858 ζητητέον
2895 2788 2988 2841 καὶ
3031 2788 3195 2841 παντὶ
3232 2787 3410 2839 σθένει
3439 2787 3634 2851 ἐξετα-

2047 2881 2201 2935 στέον
2232 2880 2371 2952 (ipse
2397 2880 2520 2935 cod.
2550 2879 2916 2946 ὲξετασθαῖον,
2944 2880 3039 2935 sed
3065 2882 3158 2935 καὶ
3186 2897 3246 2935 π.
3283 2880 3366 2933 σθ.
3412 2880 3494 2946 ἐξ.
3538 2894 3632 2935 se-

2142 3104 2227 3173 11)
2260 3103 2331 3158 Ita
2356 3119 2478 3157 cum
2510 3102 2817 3172 Epit.;Cot.
2840 3102 3006 3173 etADr.
3036 3102 3225 3173 μαθεῖν
3248 3100 3401 3155 εἶπον
3423 3099 3627 3173 θέλειν.

2144 3170 2230 3244 12)
2257 3173 2460 3229 Nomen
2485 3170 2631 3245 nep
2642 3192 2703 3238 ος
2726 3175 2867 3243 apud
2887 3171 3010 3245 Qot.
3036 3170 3091 3228 et
3115 3173 3204 3227 Dr.
3225 3173 3398 3228 deest.
3421 3170 3511 3226 Cf.
3528 3188 3630 3226 va—

2050 3245 2253 3299 riantes
2287 3246 2547 3298 lectiones
2583 3244 2647 3297 ad
2683 3246 2825 3313 Epit.
2862 3244 2927 3297 16
2963 3251 3197 3313 notatas.

2119 3315 2231 3378 (15)
2262 3314 2337 3367 Ita
2367 3331 2490 3368 cum
2520 3307 2799 3384 Epitome;
2826 3314 2949 3367 (ἔοι.
2975 3325 3030 3368 et
3058 3313 3147 3384 Dr.
3178 3307 3223 3365 ὦ
3256 3313 3513 3384 Κλήμης.

2119 3384 2230 3452 (14)
2265 3385 2393 3450 Τοῖς
2410 3382 2741 3452 ἀνθρώποις
2764 3399 2777 3413 ·
2815 3384 2890 3437 ita
2920 3399 3044 3438 cum
3081 3382 3327 3453 Epitome
3348 3382 3526 3450 ἔασι.
3572 3390 3635 3440 et

2048 3453 2138 3509 Dr.
2172 3455 2452 3508 omittunt.

2119 3524 2231 3594 (15)
2266 3524 2343 3579 Ita
2381 3539 2576 3579 rursus
2611 3539 2735 3579 cum
2763 3522 3034 3593 Epitome,
3089 3522 3194 3578 nisi
3236 3520 3383 3594 quod
3431 3521 3635 3591 πρῶτα

2046 3594 2148 3715 μέν
2186 3610 2285 3663 pro
2314 3595 2381 3647 τά
2414 3612 2470 3683 μ.
2504 3612 2599 3717 rx).
2634 3594 2812 3676 habet.
2837 3594 2959 3673 Cot.
2995 3608 3126 3648 vero
3159 3602 3212 3647 ct
3242 3593 3333 3674 Dr.
3363 3594 3635 3675 omittunt

2082 3666 2135 3717 ιά
2163 3665 2222 3717 τὸ
2246 3682 2336 3717 κο.
2370 3683 2494 3717 αυτ.
2578 3676 2705 3717 tque
2745 3665 2835 3717 ille
2862 3664 3081 3717 quidem
3125 3670 3300 3717 οτι-1111
3342 3663 3629 3717 εισαγωγὴ

2082 3666 2135 3717 ιά
2163 3665 2222 3717 τὸ
2246 3682 2336 3736 κρ.
2370 3663 2494 3718 αύτ.
2528 3663 2705 3736 Atque
2745 3664 3081 3736 illequidem
3125 3665 3316 3736 pergit_
3342 3663 3629 3736 εἰσαγωγὴ

2047 3736 2191 3803 κακή
2247 3732 2422 3805 usque
2481 3732 2748 3805 πρόληψις
2798 3732 2897 3788 οὐκ
2945 3733 3112 3803 όρθής
3140 3735 3193 3786 111
3218 3732 3340 3787 cod.
3366 3748 3502 3805 vero
3528 3732 3629 3787 0t?

2047 3803 2348 3859 toboniauo
2375 3803 2620 3873 pergitur
2645 3803 2936 3875 ἐἰσαγωγῇ
2959 3806 3111 3875 κακῇ
3152 3803 3479 3875 συντροφίας
3530 3821 3641 3875 ποπ

2045 3876 2236 4014 ἔηὲἓς,
2275 3861 2532 3947 συνῆθείξι
2570 3876 2746 3945 δεινῇ,
2781 3861 2979 3945 όμ.”ού
3017 3861 3177 3946 καλῇ,
3223 3861 3495 3945 πράλῆψέι
3527 3873 3631 3925 οὐκ

2079 3961 2108 4014 ρ
2152 3985 2199 4014 .·
3121 4012 3146 4014 _
3333 4013 3339 4014 ,

2119 3998 2233 4084 (1'6)
2267 4015 2382 4068 Kal
2405 4029 2528 4069 cum
2564 4014 2811 4084 Epitome
2831 4033 2847 4081 ;
2881 4014 3004 4069 Cot.
3035 4012 3213 4084 et_Dr.
3238 4013 3521 4084 omittunt.

2119 4082 2232 4155 (17)
2271 4088 2518 4143 ’Ἔπειτα
2570 4082 2695 4140 cum
2741 4084 3034 4155 Epitome;
3086 4082 3209 4137 Cot.
3236 4092 3293 4137 et
3332 4082 3425 4137 Dr.
3462 4084 3628 4137 omit-

2045 4164 2186 4210 tum.

2117 4225 2229 4295 (18)
2263 4224 2383 4279 Cot.
2418 4233 2472 4279 et
2510 4223 2603 4279 Dr.
2643 4242 2771 4295 μυρ.
2804 4225 2971 4295 κακά.
3008 4223 3254 4292 Epitome
3284 4238 3436 4284 vero.
3472 4231 3629 4293 post-

2045 4294 2217 4364 quam
2248 4310 2349 4365 pro
2377 4294 2731 4365 nominatiris
2765 4294 2942 4363 πλάνη
2991 4296 3214 4363 ἀφοόία,
3244 4302 3376 4365 etc,
3410 4295 3629 4365 dativos

2045 4360 2687 4437 Ιὶοῠυίξπλάνῃίάᾧοϐίᾳ,
2708 4373 2838 4429 etc.,
2862 4360 3085 4435 pergit:
3114 4367 3210 4417 καὶ
3232 4364 3413 4427 ἄλλοις
3443 4363 3626 4417 τοιού-

2046 4452 2179 4498 τοις,
2209 4436 2244 4488 ἃ
2273 4434 2336 4506 δῂ
2368 4434 2640 4506 καθάπερ.

2133 4505 2244 4575 (19)
2302 4502 2380 4559 Ita
2428 4521 2555 4560 cum
2589 4502 3029 4573 'Ottoboniano;
3078 4503 3258 4560 Paris.
3291 4502 3623 4566 θεοσεϐείας,

2047 4576 2194 4643 quod
2241 4576 2295 4629 in
2360 4577 2534 4630 nostri
2580 4576 2789 4630 codicis
2835 4576 3083 4643 margine
3138 4576 3193 4628 in
3229 4576 3376 4627 hunc
3405 4575 3628 4627 modum

2046 4642 2342 4699 ascribitur
2398 4662 2411 4696 :
2461 4663 2550 4714 γρ.
2597 4647 2692 4701 καὶ
2740 4642 3068 4710 θεοσεϐείας.
3118 4646 3296 4699 Etiam
3339 4642 3487 4715 Epit.
3537 4643 3627 4697 20.

2047 4715 2351 4769 θεοσεϐείας
2372 4724 2576 4769 tuetur.

2081 4732 2351 4778 εοσεοειας
2372 4732 2576 4771 tuetur.

2048 4857 2082 4909 ἀ
2120 4786 2381 4910 (ξθζόϐοι.
2414 4797 2469 4841 et
2495 4787 2589 4843 Dr.
2612 4784 2879 4841 omittunt
2911 4785 3026 4839 καί.
3046 4784 3187 4859 Epit.
3216 4783 3516 4837 ἑκκαίδεκα
3541 4783 3630 4837 τὸν

2093 4872 2141 4910 οι
2184 4876 2221 4910 υ.
2254 4875 2302 4910 ν.

2126 4875 2302 4910 ιυιιον.

2093 4872 2384 4996 ρὲᾓοέοι.
2418 4933 2472 4981 et
2500 4925 2595 4982 Dr.
2620 4928 2828 4982 addunt
2853 4926 2928 4996 ᾡς
2967 4925 3194 4978 ἕκαστον
3236 4922 3447 4994 (Ottob.
3500 4924 3630 4978 ἑκά·
3686 4973 3701 4989 ,

2051 4997 2198 5068 στου)
2217 4995 2360 5068 ἑξῆς
2392 4997 2581 5068 χρόνου
2611 4996 2815 5068 μαθών.
2850 4995 2987 5068 Tum
3014 4996 3463 5068 iideniéxﬁa'ivat.

2124 5060 2232 5137 (22)
2273 5060 2493 5122 Pro-his
2523 5060 2770 5139 Epilome
2802 5087 2815 5123 :
2847 5060 2922 5121 ὦν
2957 5068 3051 5119 καὶ
3073 5066 3141 5120 τὰ
3165 5066 3246 5119 όν.
3278 5070 3388 5120 είσι
3435 5064 3627 5119 ταῦτα.

2050 5138 2337 5207 Ζακχαῖος,
2372 5145 2477 5192 etc.

2126 5204 2235 5277 (25)
2269 5207 2392 5261 Haec
2417 5206 2709 5264 admodum
2737 5207 3072 5262 conveniunt
3101 5221 3226 5259 cum
3256 5204 3512 5277 Epitome
3538 5204 3628 5277 20,

2052 5277 2159 5349 nisi
2187 5275 2331 5345 quod
2358 5281 2385 5332 ὁ
2407 5287 2534 5333 ante
2563 5279 2793 5349 Χριστός
2817 5278 3021 5333 omittit
3039 5321 3053 5343 ,
3107 5278 3227 5330 (Σοί.
3269 5275 3403 5331 vero
3435 5284 3493 5330 et
3536 5275 3628 5330 Dr.

2054 5348 2395 5435 adlgég'gp‘oc
2425 5350 2559 5435 n‘i‘hi‘l
2582 5350 2788 5435 addunt
2815 5349 3089 5435 μετεξετᾼοὶ
3121 5349 3305 5435 ἱερεῖς.

2127 5418 2238 5489 (24)
2272 5413 2383 5473 ’Ὧν
2408 5436 2420 5448 ·
2454 5419 2575 5474 Cot.
2608 5428 2662 5473 et
2684 5420 2777 5474 Dr.
2805 5413 2900 5482 ὧς.
2933 5413 3198 5489 Cancrum
3230 5420 3300 5473 ab
3324 5418 3417 5473 his
3444 5415 3631 5489 Epito—

2056 5487 2144 5543 me
2197 5487 2331 5543 satis
2379 5490 2578 5552 diﬂert,
2635 5490 2797 5544 habet
2855 5492 2999 5543 enim
3039 5487 3323 5541 οίδὲτ.0.
3372 5507 3435 5557 μ.
3471 5487 3629 5557 μηδὲν

2057 5559 2415 5629 παρεκκλῖναι
2442 5562 2541 5630 τῆς
2563 5560 2837 5630 ἀληθείας,
2869 5558 3009 5611 οὕτω
3030 5558 3096 5611 τὰ
3124 5560 3246 5611 κατ’
3277 5559 3445 5615 αὐτὴν
3468 5558 3605 5624 tam;

2058 5629 2227 5682 θεντο.
2257 5630 2349 5682 καὶ
2377 5631 2607 5683 πρῶτος.
2639 5640 2745 5683 etc.

2091 5647 2227 5682 εντο.
2257 5646 2349 5682 και
2377 5648 2607 5694 πρώτος,
2639 5646 2745 5684 etc.

2130 5648 2227 5682 no.
2257 5648 2349 5682 και
2377 5648 2607 5701 πρώτος,
2639 5648 2745 5684 etc.

2130 5700 2243 5772 (25)
2278 5700 2457 5772 (Iudex
2488 5701 2704 5772 Κλήμη.
2736 5701 2856 5755 Cot.
2894 5710 2948 5756 et
2975 5700 3067 5757 Dr.
3097 5699 3357 5772 Κλήμης.

2130 5770 2241 5841 (2⁸1)
2271 5770 2355 5825 CI.
2390 5771 2456 5824 ad
2486 5770 2771 5842 haeelipit.
2802 5772 2890 5826 28.
