3838 6218
180 295 322 353 1295

1633 294 1976 351 ADDENDA.

3284 302 3426 375 739:

178 410 418 481 μεγάλου
448 410 649 482 ταύρου
672 404 823 466 εἶπεν
843 411 998 482 λόγον
1025 413 1104 475 εἰς
1130 410 1189 464 τὸ
1212 410 1370 465 ὠτίον
1396 409 1748 481 αὑτοῠ,(1706
1778 422 1824 477 Α
1919 412 2028 465 Καὶ
2052 412 2082 464 6
2108 412 2288 482 Σίμων
2334 412 2525 485 φησίν·
2557 414 2620 467 Ei
2649 413 2954 486 πρόγνωσιν
2987 406 3131 485 εἶχεν
3168 413 3279 486 (70)
3307 453 3326 472 .
3355 454 3372 471 .
3403 454 3421 473 .

174 504 285 574 μιᾷ
337 498 431 557 οὖν
483 502 592 559 τῶν
645 505 868 576 ἡμερῶν
917 502 1317 576 προστάξαντος
1362 501 1455 554 τοῦ
1512 502 1752 573 Σίμωνος

169 594 409 666 ἀχθῆναι
461 595 610 666 αὑτῷ
654 595 855 667 ταῦρον
903 594 1256 666 παμμεγέθη,
1284 593 1543 665 ἐλάλησεν
1582 594 1662 656 εἰς
1691 592 1754 646 τὸ

166 680 269 749 ὥς
299 685 510 757 αὑτοῦ),
540 688 636 741 καὶ
668 688 1008 760 παραχρῆμα
1038 686 1198 758 (1706
1230 686 1526 757 παρευθὺς)
1560 684 1751 756 τέθνη-

174 795 273 831 κεν
298 780 328 832 6
360 778 579 851 ταῦρος.
598 780 655 832 Ὁ
683 779 742 833 δὲ
769 780 974 851 Πέτρος
1003 778 1296 851 εὐξάμενος
1322 776 1416 831 καὶ
1446 778 1755 848 ἀναστήσας

170 869 361 933 αὐτὸν,
393 871 595 935 πάντες
630 871 828 941 μᾶλλον
850 870 1179 942 ἐθαύμαζον,
1200 870 1449 940 λέγοντες
1470 885 1483 897 ’
1519 868 1591 922 Τὸ
1622 866 1756 932 ζωο-

170 962 405 1031 γονῆσαι
437 963 577 1035 ὑπὲρ
608 963 702 1016 τοῦ
733 961 1042 1017 θανατῶσαι
1071 962 1253 1034 μεῖζόν
1283 962 1400 1015 ἐστι
1431 960 1591 1032 (1706
1624 960 1751 1016 add.

169 1053 262 1125 :6)
283 1053 489 1126 θαῦμα.
514 1057 626 1110 Καὶ
660 1056 842 1127 μέντοι
871 1055 965 1109 καί¹
997 1055 1134 1109 ἀλλα
1161 1058 1364 1127 σημεῖα
1383 1054 1551 1107 πολλὰ
1580 1053 1757 1126 ἐποίη-

176 1164 302 1212 σαν,
338 1149 433 1202 καὶ
458 1149 647 1217 λόγους
690 1148 1047 1218 δογματικοὺς
1076 1147 1341 1219 ἐλάλησαν
1371 1147 1633 1201 ἀπέναντι
1664 1146 1757 1200 ἀλ-

171 1240 375 1311 λήλων,
402 1241 463 1294 οὑ
497 1242 653 1311 μόνον
681 1242 740 1294 ἐν
765 1240 972 1315 Ῥώμῃ,
996 1241 1128 1296 ἀλλά
1156 1241 1250 1295 καὶ
1276 1242 1337 1295 ἐν
1367 1239 1536 1313 Συρία
1562 1238 1756 1311 πρότε-

176 1349 295 1404 ρον,
326 1331 486 1388 ἅτινα
510 1331 758 1402 Κλήμης
782 1336 816 1388 ό
850 1333 1130 1404 Ῥωμαῖος
1162 1333 1257 1387 καὶ
1286 1333 1555 1403 πάνσοφός
1582 1349 1640 1385 τε
1664 1332 1757 1385 καὶ

178 1423 433 1496 μαθητὴς
466 1424 675 1495 Πέτρου
706 1424 883 1496 (1706
908 1426 1003 1479 καὶ
1028 1424 1193 1479 πάνσ.
1230 1424 1358 1496 μαθ.
1388 1424 1632 1496 Πέτρου)
1664 1424 1756 1477 καὶ

177 1517 518 1587 συνέκδημος
550 1517 1144 1589 ἐπεξεργαστικώτερον
1172 1517 1348 1588 (-1706
1376 1514 1755 1588 ἐπεργαστικ.)

173 1608 579 1681 διηγησάμενος
610 1610 769 1681 (1706
796 1610 1168 1683 διηγούμενος)
1198 1610 1368 1675 οὓτως
1392 1609 1518 1681 ἐφη.

249 1701 358 1754 Τοῦ
404 1702 513 1773 γὰρ
556 1702 762 1774 Πέτρου
794 1702 907 1772 (67)
940 1702 1070 1755 ποτέ
1102 1702 1442 1765 διδάσκοντος
1488 1700 1580 1755 ἐπὶ
1623 1696 1754 1754 λαοῦ

175 1794 312 1866 περὶ
352 1792 448 1847 τοῦ
498 1792 659 1864 μόνου
700 1792 857 1859 Θεοῦ,
886 1796 915 1848 6
946 1794 1126 1865 Σίμων
1158 1794 1317 1865 (1706
1347 1793 1452 1848 Τοῦ
1490 1793 1756 1865 μακαρίου

175 1886 277 1941 Πέ.
311 1885 407 1939 τοῦ
433 1886 728 1940 ἀποστόλου
749 1886 1091 1950 διδάσκοντος
1114 1886 1205 1940 τὸν
1226 1887 1355 1940 λαὸν
1385 1885 1636 1940 σέϐεσθαι
1664 1886 1758 1938 καί⁹

179 1980 508 2049 προσκυνεῖν
557 1977 648 2030 τὸν
690 1979 781 2032 ἐπὶ
817 1978 1033 2031 πάντων
1067 1977 1225 2048 μόνον
1256 1977 1507 2049 ἀληθινὸν
1539 1977 1693 2041 Θεὸν,
1726 1977 1755 2028 6

174 2070 332 2142 Σίμ.)
362 2070 467 2136 ἔξω
484 2071 578 2125 τοῦ
607 2070 761 2142 ὄχλου
792 2070 887 2143 βοῇ
914 2071 1125 2143 μεγάλῃ
1146 2071 1486 2144 χρησάμενος
1506 2070 1642 2142 πρὸς
1666 2070 1757 2123 τὸν

174 2161 386 2234 Πέτρον
406 2158 576 2215 εἷπεψ
597 2161 759 2231 (1706
787 2162 892 2229 ἔξω
916 2180 968 2217 τ.
997 2161 1298 2233 ὅχλ.ἐστὼς
1330 2162 1544 2234 ἐϐόησε·
1570 2162 1657 2233 Τί)
1689 2160 1755 2213 Τί

171 2255 505 2326 ψευδόμενος
534 2256 748 2309 ἀπατᾶν
774 2255 945 2319 θέλεις
963 2255 1054 2309 τὸν
1077 2254 1404 2327 παρεστῶτα
1428 2270 1510 2307 σοι
1541 2252 1755 2325 ἰδιώτην

170 2347 356 2418 ὄχλον,
386 2349 588 2402 πείθων
614 2348 776 2402 αὑτὸν
808 2348 962 2412 θεοὺς
993 2350 1128 2419 μήτε
1159 2348 1397 2418 νομίζειν
1429 2348 1565 2418 μήτε
1593 2341 1752 2407 εἶναι,

173 2440 383 2512 καίπερ
415 2439 524 2493 τῶν
557 2443 685 2511 παρ’
724 2439 990 2511 Ἑϐραίοις
1014 2438 1207 2509 βίϐλων
1232 2438 1500 2507 λεγουσῶν
1529 2436 1755 2499 πολλοὺς
1858 2464 1873 2477 ο
1907 2464 1921 2477 ο
1956 2463 1970 2477 ο

173 2530 335 2595 θεοὺς
373 2528 545 2596 εἷναι;
577 2531 723 2603 Πλὴν
753 2524 848 2584 οὖν
881 2532 1008 2602 περὶ
1035 2524 1095 2583 οὗ
1117 2529 1250 2600 ἔφης
1276 2527 1625 2593 Θεοῦ,δείξας
1646 2525 1756 2595 ἐγὼ

176 2625 259 2695 μὴ
293 2618 624 2677 αὑτὸνεῖναι
648 2624 737 2676 τὸν
764 2622 1034 2676 ἀνώτατον
1057 2622 1151 2675 καὶ
1177 2620 1575 2691 παντοδύναμον
1598 2619 1751 2683 Θεὸν,

176 2716 318 2771 καθὸ
366 2715 747 2789 ἀπρόγνωστός
794 2718 911 2768 ἐστι
954 2713 1047 2768 καὶ
1089 2713 1283 2783 ἀτελὴς
1318 2712 1412 2764 καὶ
1444 2710 1627 2782 ἐνδεὴς
1660 2710 1755 2764 καὶ

173 2809 280 2861 οὑκ
303 2808 524 2876 ἀγαθὸς,
554 2808 646 2860 καὶ
667 2806 877 2869 πολλοῖς
894 2803 1246 2875 ὑποκείμενος
1272 2802 1469 2856 πάθεσι
1493 2800 1631 2854 κατά
1657 2801 1754 2872 τὴν

177 2900 451 2971 ὑμετέραν
482 2900 721 2970 γραφὴν,
759 2897 943 2969 ἔτερος
977 2897 1190 2957 πάντως
1223 2893 1593 2965 περιλείπεται
1623 2910 1754 2965 προ-

174 2990 498 3059 γνωστικὸς,
546 2990 769 3055 τέλειος,
823 2986 1092 3059 ἀνενδεὴς,
1138 2986 1360 3056 ἀγαθὸς,
1411 2985 1506 3039 καὶ
1557 2986 1755 3049 παντὸς

1852 504 1962 557 Καὶ
1991 506 2019 556 6
2041 504 2246 576 Πέτρος
2277 504 2448 575 (1706
2477 505 2603 561 add.
2622 502 2812 579 εἶπεν)
2848 547 2861 560 .
2900 547 2913 560 .
2944 547 2958 560 .
3008 506 3142 579 φησί
3173 508 3307 578 πρὸς
3334 507 3425 562 τὸν

1854 597 2013 667 (1706
2042 598 2176 669 φησί
2205 597 2493 670 τῷ)Ἀ6ρ.·
2522 599 2806 653 Γινώσκων
2835 598 3071 669 γίνωσκε
3104 640 3117 652 .
3141 638 3155 652 .
3185 639 3197 652 .
3231 599 3428 653 δουλώ-

1856 706 2036 743 σουσιν
2064 688 2210 759 αὑτῷ
2238 688 2349 759 (ita
2378 688 2542 742 etiam
2572 686 2743 757 1706)
2771 687 2868 759 ἔτη
2901 694 2945 757 γ’
2974 686 3138 758 (1706
3162 687 3269 761 τγ¹)
3301 727 3316 742 .
3357 728 3371 741 .
3408 728 3423 743 .

1853 782 2361 854 ἀποστραφήσονται
2388 773 2489 834 ὧδε
2522 779 2654 851 (71).
2689 778 2855 832 Οὔπω
2879 778 2986 851 γὰρ
3008 780 3429 852 ἀναπεπλήρων-

1853 891 1943 927 ται
1980 875 2036 927 αἱ
2079 873 2339 944 ἁμαρτίαι
2365 873 2473 925 τῶν
2511 871 2850 942 Ἀμορραίων
2873 872 2977 935 ἕως
3006 870 3101 925 τοῦ
3128 870 3244 924 νῦν.
3274 870 3430 925 Οὕτω

1854 965 1918 1036 δὴ
1948 964 2201 1036 καὶπρὸς
2232 963 2471 1018 Μωῦσέα
2510 962 2692 1033 φησίν*
2741 962 2871 1016 Ἰδοὺ
2890 963 2953 1016 σὺ
2989 963 3248 1033 κοιμᾶσαι
3293 962 3430 1033 μετά

1854 1056 1963 1110 τῶν
2007 1056 2257 1127 πατέρων
2302 1072 2416 1120 σου,
2450 1055 2545 1109 καὶ
2572 1051 2808 1115 ἀναστὰς
2835 1054 2863 1106 6
2892 1052 3019 1118 λαὸς
3045 1046 3199 1118 οὗτος
3229 1054 3431 1125 ἐκπορ-

1854 1150 2032 1203 νεὺσει
2060 1148 2234 1202 ὀπίσω
2266 1146 2402 1201 θεῶν
2428 1146 2722 1218 ἀλλοτρίων
2748 1146 2848 1216 τῆς
2877 1145 2981 1216 γῆς
3008 1147 3089 1208 εἰς
3127 1146 3196 1216 ἢν
3245 1147 3429 1198 εἰσπο-

1858 1242 2072 1315 ρεύεται
2088 1244 2219 1306 ἐκεῖ,
2238 1242 2332 1295 καὶ
2356 1238 2804 1310 ἐγκαταλείψουσί
2824 1256 2914 1309 με,
2945 1238 3429 1292 καὶδιασκεδάσου-

1858 1351 1940 1388 σιν
1963 1334 2062 1406 τὴν
2092 1333 2355 1404 διαθήκην
2392 1348 2493 1403 μου
2526 1330 2594 1401 ἢν
2626 1330 2879 1401 διεθέμην
2906 1328 3104 1392 αὑτοῖς.
3142 1329 3250 1382 Καὶ
3278 1327 3429 1398 ὀργι-

1858 1425 2124 1497 σθήσομαι
2152 1424 2307 1499 θυμῷ
2337 1423 2430 1477 καὶ
2463 1420 2772 1490 καταλείψω
2798 1419 2994 1483 αὑτοὺς
3025 1420 3119 1473 καί⁵
3162 1418 3429 1490 ἀποστρέ-

1853 1516 1941 1587 ψω
1964 1515 2341 1589 τὸ’πρόσωπόν
2369 1532 2468 1586 μου
2490 1516 2584 1568 ἀπ’
2607 1512 2805 1576 αὑτῶν,
2836 1512 2929 1565 κα)⁸
2962 1510 3112 1565 ἐσται
3141 1510 3429 1582 κατάὸρω-

1859 1627 1957 1681 μα,
1991 1611 2086 1663 καὶ
2112 1610 2435 1681 εὑρήσουσιν
2473 1605 2635 1661 αὑτὸν
2657 1602 2804 1658 κακὰ
2834 1602 3023 1657 πολλά.
3050 1598 3180 1657 Οἶδα
3201 1602 3310 1673 γὰρ
3330 1601 3433 1675 τὴν

1856 1700 2118 1772 πονηρίαν
2148 1698 2350 1762 αὐτῶν,
2386 1698 2485 1751 ὅσα
2514 1695 2755 1750 ποιοῦσιν
2785 1688 2888 1749 ὧδε
2920 1694 3157 1765 σήμερον
3194 1693 3301 1764 πρὸ
3332 1692 3431 1748 τοῦ

1856 1793 2163 1860 εἰσαγαγεῖν
2194 1808 2260 1862 με
2288 1790 2483 1853 αὑτοὺς
2511 1790 2590 1852 είς
2610 1789 2709 1860 τὴν
2729 1788 2830 1858 γῆν
2852 1787 2949 1858 τὴν
2969 1786 3176 1857 ἀγαθὴν
3203 1786 3269 1856 ἠν
3293 1785 3430 1856 ὤμο-

1858 1896 1927 1934 σα
1951 1882 2063 1943 τοῖς
2093 1879 2363 1950 πατράσιν
2403 1877 2582 1932 αὐτῶν
2626 1876 2828 1941 δοῦναι,
2874 1875 2978 1946 γῆν
3031 1876 3256 1947 ῥέουσαν
3286 1875 3430 1945 γάλα

1856 1972 1950 2026 καὶ
1984 1972 2124 2042 μέλι.
2150 1971 2263 2025 Καὶ
2292 1971 2554 2040 φαγόντες
2579 1970 2671 2024 καὶ
2700 1968 3101 2040 ἐμπλησθέντες
3118 1967 3431 2037 ἐγκαταλεί-

1808 2102 1813 2107 -
1853 2064 2013 2134 ψουσί
2044 2081 2131 2135 με.
2164 2063 2230 2116 Τί
2259 2062 2348 2127 δέ;
2387 2062 2507 2132 οὐχὶ
2537 2061 2631 2114 καὶ
2662 2060 2902 2132 Μωῦσῆς
2929 2058 3089 2130 (1706
3118 2058 3300 2130 Μωσ.)
3334 2098 3348 2112 .
3370 2098 3386 2113 .
3411 2098 3429 2114 .

1854 2154 1933 2215 εἰς
1964 2151 2034 2205 τά
2066 2152 2193 2223 ἔθνη
2226 2152 2402 2205 πάντα
2437 2149 2734 2223 διασπορὰν
2772 2190 2786 2203 .
2820 2189 2835 2203 .
2872 2189 2886 2202 .
2919 2151 2947 2202 ὁ
2981 2148 3037 2201 δὲ
3064 2149 3304 2220 Μωῦσῆς
3336 2148 3433 2203 καὶ

1853 2242 1904 2295 οἰ
1936 2240 1956 2312 (
1974 2240 2110 2295 1706
2137 2240 2283 2312 om.)
2316 2240 2464 2294 ἄλλοι
2492 2279 2507 2294 .
2542 2280 2557 2292 .
2596 2279 2612 2294 .
2643 2239 2971 2312 προῄδεισαν
3005 2237 3176 2308 (1706
3203 2239 3429 2310 προεγί-

1854 2332 2118 2403 νωσκον)·
2156 2332 2271 2396 πῶς
2305 2371 2320 2385 .
2358 2372 2372 2386 .
2407 2373 2420 2385 .
2452 2331 2523 2385 τὰ
2563 2332 2795 2402 ἐσόμενα
2829 2332 3005 2403 (1706
3028 2331 3098 2385 τὰ
3128 2332 3432 2403 μέλλοντα)

2013 2424 2108 2477 καὶ
2143 2423 2242 2493 μέν
2275 2422 2451 2492 (1706
2481 2421 2680 2492 μέντοι)
2718 2439 2782 2491 γε
2816 2422 2909 2475 καὶ
2937 2421 3017 2475 τό·
3062 2420 3347 2493 Ἐπείραζε
3374 2440 3427 2476 τ.

1868 2514 2018 2584 Ἀϐρ.
2051 2514 2142 2568 καὶ
2167 2514 2246 2566 τό⁸
2297 2511 2603 2584 ὐσφράνθη
2641 2514 2779 2581 ("et
2813 2511 2951 2567 1706
2981 2511 3179 2583 ὼσφρ.)
3214 2515 3307 2567 καὶ
3329 2514 3431 2567 ὅσα.

1852 2604 2094 2669 τοιαῦτα,
2122 2603 2604 2673 συγκαταϐατικῶς
2631 2602 2789 2675 (1706
2814 2603 3160 2676 σωματικῶς)
3188 2604 3275 2657 διά
3312 2644 3327 2658 .
3362 2643 3377 2657 .
3411 2644 3428 2659 .

1853 2700 1946 2771 Μὴ
1978 2699 2221 2769 φάγομαι
2253 2738 2267 2752 .
2302 2738 2315 2751 .
2354 2738 2368 2751 .
2402 2697 2628 2768 πίομαι;
2664 2696 2825 2752 Ὅθεν
2857 2700 2885 2751 6
2912 2695 2972 2761 ἐξ
2994 2696 3157 2750 αὑτοῦ
3183 2698 3342 2769 (1706
3371 2698 3432 2764 ἐξ

1856 2794 1978 2847 αὐτ.
2006 2791 2056 2862 6)
2090 2790 2196 2862 7:96
2231 2790 2341 2844 τῶν
2375 2831 2387 2843 .
2427 2829 2440 2843 .
2476 2828 2488 2842 .
2525 2790 2553 2842 6
2582 2788 2771 2861 Πατὴρ
2799 2790 2952 2861 ὑμῶν
2992 2791 3021 2843 6
3061 2791 3179 2862 οὑρ.
3216 2791 3298 2845 ὅτι
3337 2809 3428 2863 χρ.

1852 2873 2001 2936 τούτ.
2036 2883 2251 2937 πάντων
2285 2880 2463 2952 (1706
2494 2880 2735 2950 άπάντ.)
2770 2882 2899 2953 πρὶν
2942 2880 3103 2935 αὑτὸν
3133 2882 3431 2953 αίτήσησθε

1856 2974 2013 3046 (1706
2044 2972 2308 3044 -σασθαι).
2338 2974 2447 3027 Καὶ
2474 2974 2583 3036 τοῖς
2618 2972 2794 3044 (1706
2822 2971 2945 3027 add.
2982 2972 3091 3045 μὴ)
3123 2972 3432 3044 νομίζουσιν

176 3082 386 3146 πάθους
413 3081 955 3153 ἀπηλλαγμένος-,Ὃν
992 3079 1049 3132 δὲ
1080 3080 1143 3133 σὺ
1178 3079 1283 3149 φὴς
1305 3078 1630 3151 δημιουργὸν
1660 3079 1754 3132 καὶ
1782 3105 1823 3163 C
1857 3069 1938 3163 ὅτι
2072 3066 2247 3138 (1706
2265 3066 2431 3163 Αοηι.-)
2462 3065 2781 3163 πάντα-ζέέ
2815 3065 3082 3163 ἀποδώσει
3112 3065 3274 3163 (1706
3286 3065 3430 3163 fdd.

179 3176 468 3246 ὑπέρθεον,
502 3179 612 3239 τοῖς
647 3174 907 3238 ἐναντίοις
938 3173 1311 3245 ἀντικείμενος
1342 3172 1594 3243 ὑπάρχει.

251 3269 463 3322 Λύτίκα
492 3268 624 3337 γοῦν
655 3270 684 3320 6
716 3266 837 3320 καθ’
866 3266 1125 3337 ὁμοίωσιν
1156 3265 1265 3335 (68)
1295 3304 1308 3317 .
1340 3304 1353 3318 .
1382 3303 1395 3317 .
1427 3263 1642 3335 θανάτῳ
1663 3281 1760 3317 κα-

177 3359 527 3423 ταδικάζεται
582 3400 595 3413 .
631 3399 643 3412 .
682 3399 695 3412 .
743 3357 865 3411 ἐπεὶ
920 3357 995 3429 μὴ
1037 3356 1309 3426 πανταχοῦ
1347 3355 1530 3426 βλέπει
1572 3354 1665 3408 ἐπὶ
1690 3356 1756 3425 τῇ

177 3454 290 3507 τῶν
319 3453 565 3523 Σοδόμων
596 3452 963 3522 καταστροφῇ,
996 3449 1162 3518 λέγει·
1196 3448 1452 3513 Καταὸἀς
1480 3447 1679 3518 ὄψομαι
1710 3449 1759 3500 εἰ

179 3545 325 3600 κατά
356 3585 370 3599 .
406 3586 419 3598 .
455 3584 469 3597 .
511 3543 693 3597 καὶτὸ
720 3545 894 3595 εἰπεῖν
924 3540 1050 3611 περὶ
1076 3540 1171 3593 τοῦ
1218 3539 1386 3610 Ἀδὰμ
1418 3579 1433 3592 .
1467 3579 1481 3592 .
1516 3579 1530 3592 .
1564 3540 1759 3610 μήπως

182 3676 199 3689 .
234 3672 250 3689 .
287 3674 302 3685 .
340 3634 434 3687 καὶ
460 3636 646 3703 φαγὼν
675 3632 899 3703 ζήσεσαι
940 3633 1017 3693 εἰς
1052 3648 1103 3685 τ.
1130 3628 1322 3692 αἰῶνα,
1357 3629 1673 3698 ἀγνοοῦντος
1699 3646 1752 3682 κ.

178 3726 276 3794 φθ.
312 3726 427 3780 ἐστι
460 3723 962 3795 σύμϐολον.⁸Ὠσπερ
1013 3722 1106 3776 καὶ
1154 3722 1215 3775 τὸ
1259 3721 1591 3792 Ἐνεθυμήθη
1644 3760 1658 3774 .
1691 3758 1707 3773 .
1738 3759 1753 3774 ,

179 3819 277 3872 καί¹
321 3818 385 3876 τὸ
428 3815 734 3887 Ὀσφράνθη
772 3855 785 3868 .
820 3854 835 3869 .
864 3854 878 3868 .
926 3815 1020 3868 καὶ
1069 3812 1130 3867 τὸ
1160 3812 1310 3877 τέλος
1350 3811 1449 3883 τῆς
1475 3810 1642 3882 ὑπομ.
1680 3810 1755 3882 μὴ

179 3909 516 3981 προειδότος.

265 4003 324 4054 ’0
348 4001 405 4054 δὲ
434 4000 640 4071 Πέτρος
666 3997 769 4069 ἐφη
798 3997 934 4070 πρὸς
967 3995 1126 4049 αὑτόν
1154 3994 1313 4065 (1706
1339 4009 1432 4065 πρ.
1460 3989 1550 4045 τὸν
1579 3990 1755 4061 Σίμω-

178 4094 287 4166 va)‘
308 4094 371 4146 Εἰ
398 4092 592 4161 τυφλὸς
619 4130 632 4143 .
658 4130 672 4145 .
700 4130 712 4142 .
747 4089 866 4153 πῶς
892 4088 1262 4158 ἐντελλόμενος
1283 4088 1310 4138 6
1334 4084 1464 4147 Θεὸς
1487 4084 1753 4138 ἐδείκνυεν

177 4186 332 4257 αὑτῴ
362 4186 556 4253 λέγων·
573 4182 702 4235 Ἀπὸ
732 4181 787 4236 δέ
815 4182 907 4234 τοῦ
939 4180 1075 4253 [69])
1113 4220 1125 4233 .
1146 4220 1161 4233 .
1185 4221 1197 4232 .
1216 4178 1308 4231 καὶ
1331 4178 1359 4230 6
1381 4173 1601 4249 Πέτρος·
1630 4175 1753 4239 Πῶς

183 4321 195 4332 .
238 4319 252 4332 .
288 4318 302 4330 .
354 4272 498 4345 εἶχον
549 4273 856 4341 ἀνεωγότας
912 4312 925 4324 .
960 4311 974 4324 .
1010 4309 1029 4331 ._
1077 4269 1234 4339 δῆλον
1283 4265 1556 4321 ἐντεῦθεν⁸
1614 4264 1752 4319 εἶδεν

178 4372 197 4441 (
222 4367 360 4422 1706
391 4366 546 4436 δῆλον
565 4381 577 4393 ·
622 4360 842 4430 ἰδοῦσα)
893 4401 905 4413 .
944 4401 956 4413 .
989 4401 1001 4413 .
1045 4358 1137 4412 καὶ
1168 4357 1345 4425 (1706
1369 4355 1503 4425 οιιι.)
1551 4353 1750 4425 ὡραῖόν

176 4436 298 4514 ἐστι
322 4458 414 4511 τοῦ
448 4455 822 4510 κατανοεῖσθαι
863 4453 1020 4523 (1706
1046 4453 1285 4523 -νοῆσαι)
1318 4491 1332 4504 .
1367 4491 1381 4504 .
1415 4490 1428 4503 .
1459 4449 1553 4503 καὶ
1582 4449 1749 4503 ἔδωκε
1785 4446 1826 4500 D
1859 4455 1990 4508 μαγ.
2021 4456 2076 4492 κο
2112 4437 2233 4508 μεθ.
2263 4436 2374 4507 ὡς)
2416 4476 2431 4490 ο
2460 4476 2474 4489 -
2504 4477 2518 4489 -

178 4553 198 4621 (
226 4548 366 4603 1706
394 4548 521 4602 add.
555 4544 687 4616 καὶ)
716 4544 793 4615 τῷ
821 4544 974 4615 ἀνδρὶ
1014 4544 1183 4615 αὐτῆς
1223 4540 1339 4615 μετ’
1372 4541 1540 4611 αὐτῆς
1576 4540 1593 4609 (
1618 4539 1751 4594 1706

177 4657 291 4696 δηι.
341 4640 457 4711 μετ’
484 4638 651 4707 αὑτ.).
688 4637 751 4690 Εἰ
786 4632 880 4689 οὖν
918 4674 935 4689 .
969 4676 982 4689 .
1016 4675 1029 4688 .
1063 4634 1261 4704 γνῶσιν
1299 4628 1443 4703 εἶχον
1485 4630 1649 4685 καλοῦ
1694 4649 1752 4684 τε

177 4734 276 4786 καὶ
310 4730 501 4794 κακοῦ,
530 4729 650 4798 ὄψιν
682 4728 740 4781 δέ
776 4726 936 4799 (1706
960 4726 1053 4780 καὶ
1071 4726 1153 4781 ὅτι
1176 4725 1319 4795 ὄψιν)
1340 4725 1565 4778 ’ἑκαστον
1593 4722 1752 4793 (1706

174 4824 335 4894 -στα)
371 4864 383 4876 .
423 4864 435 4875 .
474 4862 486 4875 .
521 4820 721 4890 γνῶσιν
750 4819 1074 4891 ἀδιάφθορον
1104 4820 1374 4891 παρέσχεν
1414 4857 1426 4869 .
1460 4858 1474 4870 .
1510 4856 1522 4868 .
1550 4814 1751 4885 τυφλοῦ

173 4915 335 4985 δίκην
365 4913 527 4985 (1706
558 4912 665 4965 δίκ.
700 4909 882 4981 τυφλ.)
916 4948 929 4963 .
969 4949 984 4963 .
1017 4949 1030 4963 .
1060 4909 1239 4963 καὶτὸ
1272 4908 1431 4981 (1706
1457 4907 1578 4977 τὸν)
1609 4906 1749 4960 πάνυ

174 5005 453 5078 γνώριμον
487 5046 499 5057 .
534 5045 545 5056 .
586 5043 598 5055 .
627 5002 798 5065 οὕτως
833 5000 925 5056 οὖν
953 5002 1048 5056 καὶ
1073 5003 1101 5053 ὁ
1128 5000 1296 5072 ’Δδάμ
1325 5042 1341 5057 .
1372 5042 1387 5054 .
1424 5042 1437 5055 .
1469 5000 1750 5072 διεγέρθη-

176 5115 282 5152 σαν
314 5097 475 5169 (1706
503 5096 689 5167 διηγ.)-
721 5096 782 5148 τὸ
812 5095 940 5166 γὰρ·
972 5093 1239 5165 Διηνοίχθ.
1268 5093 1444 5147 αὑτῶν
1474 5094 1523 5147 οἱ
1552 5092 1748 5160 ὀφθαλ-

178 5193 272 5261 μοὶ
307 5231 321 5244 .
356 5232 370 5244 .
415 5231 428 5243 .
464 5188 827 5260 ἐγγενομένην
853 5186 1014 5259 (1706
1043 5189 1312 5259 ἐγγινομ,)
1348 5229 1360 5240 .
1388 5227 1400 5242 .
1429 5228 1443 5242 .
1478 5186 1748 5261 παρευθυς

174 5283 288 5353 γὰρ
319 5322 333 5336 .
370 5321 385 5336 .
427 5323 441 5336 .
475 5281 783 5351 πλήττεται.

251 5395 365 5527 (67)
399 5393 575 5475 (11⁵..οᾴ
606 5393 721 5447 haec
743 5388 943 5475 Hemi).
970 5392 1058 5455 ΙΙΙ,
1080 5390 1168 5447 58.
1475 5463 1486 5471 _

275 5465 364 5527 68)
394 5465 593 5527 lncnplt
622 5465 679 5517 h.
710 5464 747 5516 1.
772 5462 971 5517 Homll.
999 5462 1089 5525 ΙΙΙ,
1123 5463 1209 5517 59.
1249 5461 1486 5519 Convenl

275 5461 364 5533 68")
394 5464 593 5534 Incipit
622 5465 679 5517 h.
710 5464 747 5516 l.
772 5462 971 5517 Homil.
999 5462 1089 5525 ΙΙΙ,
1123 5463 1209 5534 59.
1249 5461 1517 5534 Convenit
1564 5473 1744 5534 autem

176 5537 294 5591 haec
316 5543 499 5590 textus
518 5533 654 5603 ’pars
676 5541 955 5603 tantopere
988 5548 1111 5587 cum
1157 5533 1386 5587 (ζεόνοηὶ
1421 5535 1559 5588 libro
1583 5533 1659 5591 ut"
1684 5551 1745 5589 ea

174 5614 391 5660 tantum
438 5605 748 5658 exscribere
786 5611 1005 5673 praestet
1051 5620 1170 5672 qum
1218 5604 1400 5673 aliquo
1437 5605 1600 5659 modo
1642 5606 1747 5661 dif-

178 5678 355 5731 forant
384 5675 468 5747 νει
499 5674 563 5727 ad
614 5673 994 5747 corrigendum
1030 5673 1385 5730 Homiliarum
1412 5682 1618 5733 textum
1656 5695 1749 5734 va-

178 5749 291 5802 |ere
311 5745 614 5802 videantur.

1860 3160 2005 3233 ὑμῖν)
2035 3162 2091 3215 ἐν
2126 3202 2139 3215 .
2162 3200 2206 3216 ..
2259 3159 2573 3232 διηγόρευεν
2616 3156 3023 3229 (1706-ρευσεν)
3046 3157 3074 3210 6
3109 3156 3242 3221 Θεὸς
3284 3150 3433 3220 ἕλεος

1859 3253 2031 3324 (1706
2060 3253 2178 3323 -ον)
2208 3252 2348 3306 θέλει
2385 3250 2543 3321 (1706
2576 3249 2764 3321 θέλων)
2798 3248 2891 3304 καὶ
2918 3248 2979 3302 οὑ
3012 3247 3222 3313 θυσίας.
3255 3248 3430 3320 (1706

1865 3346 1972 3400 -ίαν
1998 3352 2057 3398 ut
2082 3344 2317 3415 videtur)
2350 3383 2364 3396 .
2404 3382 2418 3397 .
2452 3383 2466 3396 .
2516 3342 2859 3414 οἰκτίρμονες
2891 3341 2967 3405 ὡς
2998 3343 3027 3395 6
3059 3341 3247 3414 Πατὴρ
3276 3340 3431 3412 ὑμῶν

1857 3436 1980 3507 (nec
2009 3434 2145 3490 1706
2177 3434 2301 3489 add.
2331 3434 2378 3504 6)
2406 3433 2672 3505 οὐράνιος.
2703 3431 2803 3486 Διά
2824 3432 2884 3487 δὲ
2914 3431 3042 3496 τοὺς
3064 3432 3234 3486 ἀπατ.
3271 3433 3433 3505 (1706

1857 3525 1982 3580 add.
2020 3525 2113 3579 καὶ
2146 3520 2663 3595 ὑπολαμϐάνοντας)
2700 3520 2927 3585 πολλοὺς
2978 3561 2993 3576 .
3024 3560 3036 3574 .
3066 3562 3080 3575 .
3131 3523 3217 3575 ἵνα
3266 3523 3431 3591 γινὼ-

1857 3633 2027 3671 σκωσι
2054 3616 2213 3687 (1706
2241 3614 2481 3686 -σκουσι)
2509 3615 2568 3667 σὲ
2600 3654 2614 3668 .
2634 3654 2647 3667 .
2675 3653 2690 3667 .
2723 3614 2861 3686 πρὸς
2883 3611 2975 3668 τὸν
3007 3614 3432 3686 ἐπερωτήσαντα

1858 3708 2017 3779 (1706
2039 3707 2222 3780 ἐρωτ.)
2255 3708 2391 3761 Ποία
2421 3705 2537 3759 ἐστὶ
2562 3705 2667 3778 πρὸ
2686 3704 2920 3775 (corrige
2938 3704 3190 3779 πρώτηῖ)
3215 3706 3433 3760 πάντων

1857 3801 2017 3873 (1706
2042 3802 2155 3854 ἐστ.
2188 3798 2401 3872 πρώτη,
2436 3799 2644 3854 omisso
2674 3796 2925 3865 πάντων)
2959 3797 3167 3869 ἐντολὴ,
3200 3798 3433 3870 ἀπεκρί-

1855 3891 1923 3962 θη
1954 3892 1971 3961 (
1997 3889 2134 3944 1706
2160 3889 2302 3961 ἐφη)
2344 3886 2542 3960 Πρώτη
2572 3888 2787 3942 πάντων
2820 3885 3006 3959 ἐντολή
3036 3889 3201 3941 ἐστιν·
3235 3887 3433 3942 ΙἌκουε

1868 3978 2102 4051 Ἰσραὴλ,
2132 3978 2335 4050 Κύριος
2372 4016 2387 4031 .
2411 4017 2424 4030 .
2449 4016 2462 4031 .
2499 4015 2514 4030 .

1938 4073 1995 4125 Ὀ
2026 4072 2083 4125 δὲ
2112 4070 2235 4142 Σίμ.
2269 4086 2385 4124 συν.
2419 4071 2502 4124 ὅτι
2542 4068 2748 4139 Πέτρος
2788 4066 2951 4121 αὑτὸν
2997 4066 3173 4139 (1706
3200 4067 3435 4139 ἐαυτδν)

1856 4161 2078 4229 συνάγει
2113 4160 2282 4230 (1706
2306 4159 2432 4215 add.
2457 4158 2549 4229 ἐν)
2576 4160 2695 4221 ταῖς
2728 4159 2965 4229 γραφαῖς
2993 4158 3075 4220 εἰς
3112 4196 3125 4209 .
3160 4196 3173 4209 .
3212 4195 3227 4210 .
3259 4156 3433 4222 οὕτως

1852 4250 1919 4326 ἦν
1944 4253 2310 4323 ἐξησκημένος
2343 4253 2401 4303 ἐν
2433 4253 2550 4315 ταῖς
2587 4250 2839 4322 μαγείαις
2869 4248 2964 4301 καὶ
3000 4246 3300 4318 μεθοδείαις
3331 4248 3430 4304 τοῦ

1852 4348 2085 4411 Σατανᾶ,
2116 4347 2191 4409 ὼς
2220 4344 2378 4417 (1706
2407 4345 2463 4397 ἐν
2496 4345 2615 4407 ταῖς
2643 4342 2974 4405 διαϐολικαῖς
3000 4340 3302 4413 ἐνεργείαις
3335 4341 3432 4395 καὶ

2567 4435 2751 4507 σχεδὸν
2794 4434 2888 4487 ἐπὶ
2924 4435 3045 4497 ταῖς
3082 4474 3095 4486 .
3131 4473 3144 4487 .
3179 4473 3193 4487 .
3235 4432 3429 4489 ἵπτατο

1855 4533 1949 4585 καὶ
1991 4532 2056 4584 ἐκ
2107 4570 2119 4585 .
2148 4570 2161 4583 .
2198 4570 2212 4584 .
2245 4529 2461 4599 δράκων
2487 4528 2695 4596 ἐγίνετο
2719 4527 2813 4581 καὶ
2836 4528 2918 4590 εἰς
2940 4525 3101 4598 ἕτερα
3124 4523 3237 4588 ζῶα
3266 4542 3429 4597 μετε-

1858 4623 2155 4696 μορφοῦτο·
2212 4622 2554 4693 διπρόσωπος
2607 4612 2814 4689 ἐγίνετο
2863 4619 2956 4673 καὶ
2989 4620 3068 4681 εἰς
3108 4616 3288 4689 (1706
3314 4632 3426 4673 om.

1853 4716 2016 4785 ἕτερα
2050 4714 2165 4779 ζῶα
2189 4729 2364 4783 usque
2388 4730 2441 4765 κ.
2469 4710 2569 4783 εἰς)
2606 4728 2695 4782 χρ.
2730 4709 3109 4781 μετεϐάλλετο-
3134 4708 3303 4780 θύρας
3335 4749 3349 4763 .
3375 4749 3388 4763 .
3408 4748 3425 4768 .

1854 4806 2036 4877 ἧνοιγε
2067 4806 2161 4860 καὶ
2191 4805 2386 4876 σιδηρᾶ
2419 4802 2580 4874 (1706
2608 4800 2863 4873 σιδήρων)
2897 4799 3072 4871 δεσμά
3101 4838 3115 4853 .
3144 4840 3158 4853 .
3194 4840 3208 4853 .
3242 4801 3431 4854 εἰδεῶν

1853 4894 2015 4967 (1706
2040 4894 2215 4967 ἰδεῶν)
2243 4894 2521 4966 παριστῶν
2548 4892 2706 4964 (1706
2727 4890 2984 4965 παρίστα)
3023 4931 3036 4944 .
3064 4930 3077 4944 .
3105 4930 3118 4943 .
3155 4891 3429 4961 φερόμενα

1853 4987 2013 5057 (1706
2033 4985 2310 5059 φέρεσθαι)
2345 5002 2441 5056 πρ.
2472 4984 2567 5037 ὑπ.
2596 4980 2767 5035 ἐποίει
2790 4980 3080 5051 βλέπεσθαι
3106 4979 3266 5051 (1706
3292 4981 3429 5049 om.)

1857 5117 1872 5130 .
1904 5117 1918 5130 .
1955 5118 1968 5130 .
1999 5076 2107 5130 τῶν
2138 5074 2476 5147 τεθνηκότων
2501 5113 2518 5128 .
2546 5112 2563 5128 .
2589 5111 2605 5126 .
2636 5071 2864 5134 πολλοὺς
2885 5070 2943 5125 δέ
2976 5071 3150 5142 γόητα
3178 5111 3191 5123 .
3220 5110 3233 5123 .
3263 5110 3277 5122 .
3308 5085 3428 5122 πει-

1857 5167 2134 5239 ρωμένους
2160 5164 2446 5231 διαλλάξας
2472 5204 2487 5218 .
2514 5203 2530 5218 .
2557 5203 2571 5217 .
2602 5162 2878 5236 διαφόροις
2903 5162 2997 5216 καὶ
3027 5160 3296 5225 δυσιάτοις
3325 5199 3338 5212 .
3369 5200 3381 5212 .

1851 5260 2074 5313 πλεῖστα
2132 5258 2291 5329 (1706
2341 5258 2468 5314 add.
2504 5255 2826 5327 εἰργάσατο)
2887 5255 3223 5327 καθυπουργ.
3276 5251 3425 5323 αὐτῷ

1921 5394 2035 5465 (69)
2059 5392 2144 5465 Cf.
2174 5393 2243 5448 ad
2284 5391 2762 5465 hmc_!10mi_l._ll!.
2788 5392 2876 5447 42.

1921 5462 2032 5533 (70)
2062 5464 2145 5519 Cf.
2174 5465 2241 5518 ad
2261 5465 2375 5518 haec
2405 5463 2563 5518 Hom.
2585 5462 2674 5527 ΙΙΙ,
2707 5463 2794 5516 42.

1921 5528 2036 5605 (71)
2073 5533 2366 5603 Sequentia
2389 5550 2563 5603 usque
2593 5534 2722 5605 dum
2757 5540 2843 5605 est
2869 5532 2935 5585 Τί
2970 5530 3059 5605 δέ;
3090 5531 3144 5605 i_n
3169 5528 3420 5605 (Ξθᾲεειιο

1850 5599 1961 5659 noh
2017 5599 2304 5675 leguritur;
2356 5599 2551 5659 desint
2597 5604 2760 5658 etiam
2814 5602 2868 5655 in
2917 5599 3040 5655 cod.
3091 5599 3413 5672 lmp.1706.

1852 5676 2078 5729 Prima:
2130 5674 2445 5729 οὔπω...τοῦ
2496 5674 2590 5727 νῦν
2637 5689 2759 5727 cum
2802 5670 3006 5725 Homil.‘
3045 5670 3079 5725 1.
3127 5671 3160 5724 1.
3213 5685 3416 5727 conve-

1852 5685 2078 5729 l’rima:
2130 5685 2445 5729 οῡπω...του
2496 5692 2590 5727 νυν
2637 5689 2759 5727 cum
2804 5685 3006 5725 nomn;
3045 5685 3079 5725 ι.
3127 5685 3160 5724 I.
3213 5685 3387 5727 conve

1852 5747 2032 5802 niunt.
2058 5744 2267 5801 Caetera
2288 5744 2359 5801 cf.
2403 5760 2528 5800 cum
2559 5743 2775 5800 Deuter.
2804 5742 2895 5808 51,
2930 5740 2992 5797 16
3019 5771 3044 5782 -
3068 5741 3159 5808 21,.
