3838 6218
405 295 542 352 1265

1841 291 2070 348 ADDEN
2079 291 2187 347 DA.

3521 279 3659 343 1296

400 415 562 483 (1706
590 413 790 487 αὐτῶν)
820 414 927 469 τῶν
958 416 1110 487 δαιμ.
1142 416 1427 489 εἰργάζετο
1457 415 1629 488 (1706
1654 414 1810 486 οπι.)·
1840 415 1970 469 κάν-
2001 422 2049 476 Α
2074 413 2184 467 τῶν
2227 412 2561 467 διδασκάλων
2592 409 3005 481 ἀγωνιζομένων
3043 409 3077 480 ἢ
3115 407 3466 479 θλιϐομένων,
3497 405 3575 469 ὡς
3600 408 3659 461 ἐν

395 508 587 563 τεῦθεν
638 509 700 562 οὺ
751 510 911 581 μόνον
944 511 1132 565 ἑαυτὸν
1168 512 1249 575 εἰς
1288 511 1482 583 ἐτέρας
1520 510 1732 585 μορφάς
1764 509 1975 579 ἀνθρώ-

400 618 518 655 πων
544 618 604 655 τε
638 602 733 656 καὶ
763 602 993 672 ἀλόγων,
1023 604 1099 669 ὡς
1139 604 1294 676 ἔφην,
1333 605 1815 676 μετεσχημάτιζεν,
1842 602 1977 657 ἀλλά

398 696 493 747 καὶ
522 695 615 759 οὒς
638 696 827 769 ήθελεν
860 697 1030 760 οὕτως
1064 697 1256 751 ἐποίει.
1276 697 1386 751 Kal
1414 696 1545 766 γοῦν
1576 736 1589 749 .
1630 738 1643 750 .
1682 737 1696 749 .
1732 695 1977 768 περιθεὶς

397 785 478 857 τῷ
532 787 745 859 μαθητῇ
795 788 1003 859 Πέτρου
1051 788 1277 859 Φαύστῳ
1304 788 1475 861 (1706
1501 788 1701 841 Φαύστ.
1735 786 1813 858 τῷ
1844 787 1973 858 μαθ.

402 880 522 950 Πέ.)
558 922 571 934 .
609 921 621 933 .
654 922 667 934 .
705 882 841 953 πρὸς
866 881 1070 954 Πέτρον
1099 882 1329 936 ἐνώπιον
1354 881 1509 953 ήμῶν
1546 880 1685 951 ἔχων
1715 880 1815 951 τὴν
1847 898 1978 951 μορ-

399 970 505 1043 φὴν
535 972 795 1043 Σίμωνος,
824 975 917 1028 καὶ
944 973 1120 1045 (1706
1147 989 1245 1045 pro
1277 974 1504 1027 ἐνώπιον
1536 988 1710 1043 usque
1740 972 1832 1025 καί
1874 972 1973 1026 ha-

399 1063 488 1118 bet
521 1063 805 1136 ἐδιώκετο)
840 1065 944 1118 ὑπὸ
982 1065 1197 1119 πάντων
1230 1065 1615 1135 ἀποσειόμενος
1663 1064 1758 1117 καὶ
1791 1062 1977 1134 μισού-

400 1174 559 1226 μενος
589 1156 748 1228 (1706
781 1172 891 1212 om.
932 1158 1091 1211 ἀποσ.
1125 1176 1177 1211 κ.
1215 1158 1354 1229 μισ.)
1388 1156 1475 1210 διά
1497 1174 1547 1210 τ.
1576 1158 1661 1210 ἀν.
1689 1155 1860 1209 εἰδέαν
1880 1154 1973 1207 τοῦ

398 1246 641 1318 Σίμωνος
665 1246 839 1318 (1706
868 1248 1008 1304 ἰδέαν
1036 1250 1103 1320 ἢν
1137 1250 1471 1321 περιέκειτο)
1500 1247 1776 1319 ἐμϐλέψας
1804 1245 1975 1317 (1706

396 1338 523 1394 add.
555 1339 633 1411 δὲ)
662 1342 690 1394 6
723 1342 821 1395 Πέ.
1017 1341 1139 1397 ἰδὼν
1173 1341 1334 1412 (1706
1359 1341 1485 1397 add.
1520 1340 1739 1410 τοῦτον)
1774 1338 1974 1391 λυπού-

399 1448 560 1501 μενον
594 1432 687 1486 καί
719 1433 947 1505 δάκρυσι
980 1434 1331 1505 συνεχόμενον
1361 1434 1464 1503 ἔφη
1503 1474 1515 1485 .
1553 1475 1565 1486 .
1596 1474 1608 1485 .
1652 1429 1974 1503 παραλλαγὴ

397 1522 417 1590 (
436 1520 571 1577 1706
607 1523 927 1596 ὑπαλλαγὴ)
963 1566 975 1577 .
1006 1566 1019 1579 .
1050 1566 1063 1577 .
1094 1526 1281 1594 γέγονε
1320 1524 1408 1579 διὰ
1445 1522 1855 1594 κακομηχανίας
1881 1520 1974 1574 καὶ

398 1614 691 1686 σατανικῆς
720 1616 962 1680 ἐπινοίας
992 1615 1085 1669 τοῦ
1118 1618 1311 1688 γόητος
1338 1614 1511 1685 (1706
1538 1629 1645 1669 om.
1678 1611 1768 1666 διὰ
1799 1625 1973 1681 usque

394 1704 664 1777 γόητος)·
721 1708 825 1762 ὑπὸ
865 1708 973 1781 γὰρ
1022 1708 1298 1779 Καίσαρος
1349 1707 1677 1778 ζητούμενος
1726 1745 1739 1758 .

2077 506 2199 567 ταῖς
2213 502 2450 575 Πράξεσι
2477 502 2586 556 τῶν
2612 501 2924 555 ἀποστόλων
2941 499 3249 571 γέγραπται
3269 500 3355 554 ὅτι
3378 498 3657 571 προσευχὴ

2075 590 2145 665 ἦν
2170 594 2389 665 ἐκτενης
2406 592 2671 665 γενομένη
2698 589 2858 661 (1706
2878 588 3084 660 γινομ.)
3104 587 3209 643 ὑπὺ
3231 587 3333 657 τῆς
3356 585 3656 655 ἐκκλησίας

2079 688 2216 760 ὑπὲρ
2237 688 2329 741 τοῦ
2358 688 2587 758 Πέτρου.
2604 687 2693 749 Ὦς
2714 680 2808 738 οὖν
2833 685 2892 737 ἐν
2914 681 3075 754 (1706
3090 680 3416 752 οω.)ἐκείνῃ
3431 682 3503 749 τῇ
3529 678 3655 749 ήμέ·

2082 796 2149 850 ρᾳ
2188 778 2283 833 τοῦ
2337 779 2605 833 σαϐϐάτου
2639 777 2936 847 γενομένης
2975 774 3078 846 τῆς
3110 772 3347 846 Χριστοῦ
3375 773 3537 844 νίκης
3562 770 3652 827 καὶ

2076 874 2174 943 τῆς
2226 871 2488 936 πτώσεως
2535 872 2630 927 τοῦ
2680 868 3021 943 ἀντιχρίστου
3052 865 3266 938 (codex
3292 864 3467 923 Coisl.
3504 866 3652 921 ἀντι-

2078 963 2356 1036 χρήστου)
2408 964 2669 1034 Σίμωνος,
2714 959 3058 1033 ἐπιφανεριῖις
3110 957 3234 1026 (ita
3262 956 3437 1021 i706;
3485 954 3650 1013 Cois].

2076 1056 2239 1128 -ροϊς)
2275 1054 2505 1109 σάϐϐασι
2539 1054 2601 1109 τὸ
2631 1054 2971 1126 μνημόσυνον
3002 1049 3347 1113 ἐκτελοῦντες
3392 1049 3651 1118 Ῥωμαῖοι

2075 1146 2391 1219 νηστεύουσι
2434 1149 2529 1201 καὶ
2566 1146 2813 1214 συνάξεις
2843 1144 3074 1217 φαιδρὰς
3098 1142 3333 1209 ποιοῦσι,
3367 1141 3533 1213 μέχρι
3559 1139 3652 1197 νῦν

2076 1238 2176 1309 τὴν
2206 1239 2502 1311 παράδοσιν
2528 1237 2743 1309 ἐκείνην
2770 1224 3142 1307 φυλάττοντες.
3178 1235 3290 1290 Kal
3318 1234 3430 1307 γάρ
3450 1234 3547 1289 καὶ
3568 1233 3650 1288 ἀλ-

2074 1329 2162 1384 λαι
2176 1332 2318 1395 τινὲς
2328 1330 2614 1402 ἐκκλησίαι
2634 1330 2867 1401 διάφορα
2887 1327 3394 1400 παραφυλάττουσιν
3416 1326 3541 1397 ἔθη,
3560 1342 3649 1381 κα-

2075 1422 2184 1487 θὼς
2225 1425 2274 1477 οἰ
2319 1423 2416 1487 τάς
2456 1421 2911 1493 ἐκκλησιαπικάς
2941 1419 3175 1491 ἱστορίας
3207 1415 3646 1491 [γραψάμενοιη

2075 1514 2467 1585 ἀνεγράψαντο.
2500 1513 2656 1586 Παρά
2685 1512 2918 1575 Σκύθαις
2952 1512 3049 1583 μὲν
3084 1509 3215 1583 γάρ,
3247 1510 3434 1581 φησὶν,
3465 1510 3523 1563 αἰ
3556 1509 3647 1562 πό-

2073 1607 2185 1670 λεις
2230 1608 2400 1660 πᾶσαι
2430 1606 2726 1659 ἐπίσκοπον
2754 1604 2966 1673 ἔχουσιν
3008 1602 3107 1661 ἕνα
3152 1600 3247 1655 καὶ
3278 1601 3458 1672 μόνον.
3490 1598 3649 1671 Παρὰ

1778 1746 1790 1757 .
1826 1746 1839 1757 .
1886 1704 1971 1756 ἵνα
2007 1762 2042 1769 _
2070 1698 2128 1751 δέ
2156 1698 2423 1768 Κυπρίοις
2450 1698 2544 1751 xal
2575 1696 2811 1769 Ἄραψιν
2858 1696 2952 1750 καὶ
2996 1696 3056 1747 ἐν
3106 1696 3226 1758 ταῖς
3261 1692 3478 1765 κώμαις
3511 1692 3650 1745 εἰσὶν

394 1762 710 1865 (17⁸06⁷³716.
738 1798 856 1869 τοῦ)
876 1762 1041 1869 “coax.
1076 1817 1129 1852 κ.
1162 1762 1341 1870 ἀᾷάίρ.
1359 1762 1471 1851 ’σου
1499 1762 1673 1869 (1706
1701 1796 1847 1867 om.)
1874 1794 1969 1848 λύ-
2005 1762 2045 1815 Β
2073 1762 2600 1860 ἐπίσκοποι.Ὥσπερ
2623 1762 2715 1842 οῦν
2734 1762 2834 1841 καὶ
2855 1786 3007 1859 παρά
3027 1789 3139 1851 τοῖς
3162 1787 3222 1841 ἐν
3240 1762 3451 1857 Φρυγίᾳ
3473 1785 3651 1841 Ναυα-

392 1904 502 1958 πην
533 1929 545 1941 .
585 1929 597 1941 .
631 1929 643 1941 .
677 1888 980 1945 λαοπλάνου
1009 1889 1168 1961 (1706
1196 1890 1321 1945 add.
1358 1890 1450 1943 καὶ
1490 1889 1683 1962 ἐχθροῦ
1708 1890 1808 1960 τῆς
1838 1886 1969 1956 ἀλη-

393 1978 577 2050 θείας)
604 1980 846 2051 Σίμωνος
893 2021 906 2034 .
940 2022 952 2034 .
987 2023 999 2034 .
1051 1980 1185 2035 ἰδίαν
1218 1998 1311 2034 σου
1361 1981 1534 2052 (1706
1562 1979 1709 2049 om.)
1744 1978 1969 2049 παρέξει

391 2067 553 2136 (1706
582 2067 706 2125 add.
742 2070 856 2141 σοι)
886 2071 1098 2142 τάχιον·
1130 2073 1265 2143 ὅπερ
1296 2071 1359 2144 δὴ
1386 2074 1477 2125 κα)¹
1511 2070 1683 2143 (1706
1709 2070 1835 2125 add.
1872 2071 1968 2123 σὺν

388 2158 468 2230 τῷ
491 2159 652 2233 λόγῳ)
684 2162 906 2232 γέγονεν
934 2163 1092 2233 (1706
1121 2165 1246 2221 add.
1283 2165 1495 2219 πάντων
1516 2163 1672 2234 ήμῶν
1701 2161 1966 2234 θεωρούν-

389 2248 551 2321 των).
579 2251 690 2305 Kal
718 2250 889 2305 ταῦτα
920 2253 1101 2324 μέντοι
1150 2296 1162 2307 .
1202 2296 1213 2307 .
1254 2295 1267 2307 .
1299 2252 1670 2325 γεγράφηκεν,
1700 2253 1776 2316 ὡς
1808 2252 1963 2323 ἔφην,

389 2340 620 2413 Κλήμης
662 2342 721 2396 ἐν
754 2344 924 2416 Συρίᾳ
952 2344 1125 2416 (1706
1148 2361 1256 2401 nm.
1294 2348 1341 2400 ἐ.
1378 2345 1547 2417 Συρ.)
1592 2344 1845 2417 λεχθῆναι
1872 2346 1966 2398 καὶ

385 2432 784 2504 διαπραχθῆναι
809 2434 969 2505 (1706
995 2436 1121 2491 add.
1150 2438 1207 2491 ἐν
1237 2438 1411 2509 Συρ.).

468 2525 559 2579 ἐν
592 2526 647 2582 δὲ
673 2529 739 2599 τῇ
782 2527 969 2601 Ῥώμῃ
1000 2528 1135 2600 μετά
1160 2528 1221 2582 τὸ
1253 2570 1264 2581 .
1304 2570 1315 2583 .
1348 2571 1360 2582 .
1397 2530 1472 2594 ὼς
1504 2530 1717 2602 εἴρηται
1751 2570 1763 2583 .
1803 2570 1816 2583 .
1849 2572 1860 2583 .
1890 2531 1961 2583 Σὺ

387 2618 523 2691 ἔφης
555 2661 567 2673 .
607 2660 620 2673 .
660 2660 674 2673 .
708 2621 803 2677 καὶ
828 2620 948 2673 ἰδὼν
982 2621 1145 2675 αὐτὸν
1172 2621 1375 2693 Πέτρος
1405 2661 1419 2674 .
1456 2662 1469 2675 .
1502 2663 1515 2675 .
1552 2622 1962 2675 ἀπέθανεν.Τοῦ

386 2708 441 2761 δέ
473 2709 669 2782 μιαροῦ
699 2710 862 2767 αὐτοῦ
899 2711 1144 2783 σώματος
1169 2712 1414 2777 τεθέντος
1446 2712 1575 2768 ἔνθα
1612 2714 1707 2769 καὶ
1744 2713 1963 2767 πέπτω-

388 2815 500 2860 κεν,
538 2798 741 2872 ἐκλήθη
769 2801 798 2855 6
824 2800 986 2864 τόπος
1016 2801 1199 2854 ἔκτοτε
1232 2800 1495 2872 Σιμώνιον
1528 2801 1703 2873 (1706
1732 2804 1760 2857 6
1790 2802 1847 2856 δὲ
1878 2802 1961 2855 τό-

385 2906 485 2953 πος
517 2889 701 2944 ἔκτοτε
734 2892 764 2945 6
792 2892 1082 2964 δεξάμενος
1114 2894 1277 2948 αὐτοῦ
1326 2894 1389 2946 τὸ
1432 2893 1658 2966 βέϐηλον
1695 2894 1789 2948 καὶ
1814 2912 1960 2967 παμ-

387 2982 581 3053 μίαρον
614 2983 772 3056 σῶμα
795 2984 997 3055 ἐκλήθη
1028 2985 1345 3056 Σιμώνιον).
1373 2986 1507 3057 Περὶ
1535 2978 1596 3039 οῦ
1625 2988 1719 3040 καὶ
1751 2988 1808 3040 ἐν
1842 2990 1961 3051 ταῖς

383 3072 767 3139 ἀποπολικαίς
804 3075 1108 3141 διατάξεσιν
1133 3076 1243 3148 (72)
1278 3078 1305 3131 6
1334 3077 1494 3141 αὐτὸς
1527 3076 1697 3148 (1706
1726 3080 1755 3132 6
1789 3077 1961 3149 μέγας
1986 3093 2035 3157 c

382 3164 696 3237 ἀπόστολος)
725 3166 930 3238 Πέτρος
961 3210 973 3222 .
1011 3211 1025 3223 .
1053 3210 1066 3222 .
1099 3168 1391 3222 ἐσκύλευσε
1425 3210 1438 3223 .
1466 3211 1478 3222 .
1508 3211 1521 3223 .
1549 3170 1841 3241 ἐμπειρίας
1870 3171 1962 3224 καὶ

383 3256 663 3328 ἐνεργείας
706 3298 718 3310 .
755 3299 768 3311 .
802 3299 814 3311 .
854 3258 1197 3330 διαστρέφειν
1231 3262 1321 3314 τὸν
1349 3260 1506 3329 λόγον
1539 3261 1699 3330 (1706
1729 3261 1882 3333 λαὸν)
1906 3280 1956 3315 τ.

383 3346 464 3400 θε.
504 3364 748 3423 συμπαρ.
782 3350 945 3423 (1706
977 3350 1102 3406 add.
1134 3352 1243 3423 μοι)
1282 3394 1294 3405 .
1322 3394 1335 3406 .
1365 3394 1377 3406 .
1410 3353 1678 3423 Ζαχκαίου
1711 3353 1804 3407 τοῦ
1834 3354 1961 3408 ποτὲ

379 3439 612 3495 τελώνου
639 3460 695 3499 κ.
716 3443 881 3515 Βαρν.
911 3444 1070 3516 (1706
1091 3444 1216 3499 add.
1243 3444 1337 3499 καὶ
1369 3445 1603 3517 Νικήτα)
1633 3444 1959 3511 καὶἋκύλα,

381 3529 628 3602 ἀδελφῶν
655 3535 993 3609 Κλήμεντος,
1020 3554 1071 3590 τ.
1102 3537 1272 3608 Ῥωμ.
1304 3537 1475 3608 (1706
1502 3537 1629 3593 add.
1661 3539 1961 3592 ἐπισκόπου

380 3643 439 3679 τε
470 3627 564 3681 xal
599 3628 846 3701 πολίτου)
901 3670 914 3683 .
950 3671 963 3683 .
996 3672 1009 3684 .
1062 3630 1361 3702 διαλεχθεὶς
1403 3630 1554 3702 αύτῷ
1598 3634 1677 3696 εἰς
1707 3632 1799 3687 τὸν
1831 3635 1959 3705 περὶ

380 3717 473 3771 τοῦ
502 3719 831 3787 Εὐαγγελίου
862 3720 1017 3790 λόγον
1048 3722 1144 3776 καὶ
1177 3722 1283 3775 τῶν
1309 3739 1475 3793 προφ.
1503 3724 1598 3777 καὶ
1645 3763 1657 3776 .
1698 3764 1711 3777 .
1743 3764 1756 3777 .
1796 3725 1959 3796 ⁴ἰλττή-

382 3826 481 3874 σας
515 3810 675 3881 (1706
700 3811 939 3884 ἤττησα)
968 3814 1089 3867 αύτ.
1124 3813 1236 3867 δυν.
1265 3815 1358 3868 τοῦ
1391 3815 1595 3887 Κυρίου
1630 3815 1648 3885 (
1666 3814 1803 3869 1706
1831 3814 1954 3870 add.

379 3901 537 3973 ήμῶν
580 3903 711 3974 Ἰησ.
742 3902 870 3977 Χρ.)
908 3906 1001 3958 καὶ
1044 3907 1126 3971 είς
1159 3907 1253 3975 ἀφ.
1288 3906 1609 3977 καταϐαλὼν
1638 3924 1767 3976 φυγ.
1801 3907 1961 3961 κατέ,

383 4010 576 4066 στησα,
603 3996 683 4060 εἰς
719 3994 816 4068 τὴν
865 3997 1095 4053 Ἰταλίαν
1127 4040 1141 4051 .
1171 4040 1185 4052 .
1214 4039 1232 4053 .
1261 3999 1489 4064 πολλοὺς
1513 3999 1832 4071 ἀνατρέπων
1858 4041 1871 4053 .
1902 4040 1915 4052 .
1942 4041 1954 4053 .

380 4083 449 4138 τά
473 4102 533 4137 τε
564 4084 691 4155 ἔθνη
719 4087 996 4141 ἐκστάνων
1029 4088 1189 4158 (1706
1219 4087 1531 4159 ἐξιστάνων)
1565 4131 1579 4145 .
1616 4131 1629 4143 .
1666 4132 1679 4143 .
1711 4091 1959 4161 ἐνεργείᾳ

382 4175 543 4243 (1706
574 4178 820 4251 -γείαις)·
856 4180 931 4244 ὡς
966 4180 1128 4251 (1706
1150 4182 1283 4251 om.)
1307 4184 1400 4237 καί
1432 4199 1560 4235 ποτε
1602 4223 1616 4236 .
1650 4223 1663 4235 .
1695 4223 1707 4235 .
1743 4182 1957 4236 πάντων

378 4263 436 4317 δὲ
465 4263 851 4337 θαυμαζόντων
880 4309 894 4324 .
935 4309 949 4323 .
984 4310 998 4323 .
1035 4270 1139 4324 ὑπὸ
1166 4270 1435 4339 δαιμόνων
1465 4271 1638 4339 (1706
1664 4271 1839 4341 -νίων)
1879 4272 1959 4334 εἰς

377 4356 505 4421 τοὺς
537 4356 696 4429 (1706
726 4359 861 4431 om.)
890 4360 1151 4431 οὐρανοὺς
1183 4402 1195 4413 .
1234 4402 1247 4413 .
1278 4401 1291 4415 .
1325 4363 1748 4434 ἐπιχορηγήσειν
1782 4359 1956 4431 (1706

2072 1883 2271 1943 τιανοϊς
2300 1881 2392 1933 καὶ
2421 1881 2812 1942 Μοντανισταῖς
2836 1878 2930 1934 καὶ
2957 1876 3111 1949 παρὰ
3137 1878 3235 1949 μὲν
3259 1880 3328 1948 τῇ
3352 1875 3649 1946 Ἐκκλησία

2082 1971 2299 2042 Ῥώμης
2325 1970 2464 2024 ἐπτά
2499 1972 2655 2042 μόνον
2683 1971 2917 2026 διάκονοι
2940 1972 3211 2041 γίνονται·
3241 1971 3394 2043 παρά
3428 1970 3485 2025 δὲ
3513 1972 3649 2023 πᾶσι

2069 2067 2180 2126 τοῖς
2215 2064 2392 2127 ἀλλοις
2427 2064 2714 2136 ἀδιάφορος
2741 2066 2770 2119 6
2793 2064 2997 2119 τούτων
3024 2064 3251 2137 ἀριθμός
3278 2065 3414 2121 ἐστι.
3446 2061 3556 2115 Kal
3590 2062 3649 2113 ἐν

2080 2155 2266 2229 Ῥώμῃ
2312 2157 2472 2211 πάλιν
2504 2155 2651 2223 ἅπαξ
2684 2159 2782 2229 μὲν
2810 2158 2971 2229 (1706
2994 2156 3127 2229 om.)
3156 2155 3249 2210 τοῦ
3277 2153 3529 2209 ἐνιαιντοῦ
3554 2154 3645 2207 λέ-

2067 2266 2220 2317 γεται
2263 2250 2323 2303 τὸ
2354 2250 2663 2323 ἀλληλούῖα,
2693 2255 2752 2305 ἐν
2776 2255 2843 2324 τῇ
2876 2249 3065 2325 πρώτῃ
3090 2249 3185 2304 τοῦ
3226 2249 3410 2318 πάσχα
3439 2247 3644 2319 ἡμέρᾳ,

2069 2341 2160 2394 καί
2198 2341 2371 2407 οὐδεὶς
2399 2344 2485 2396 ἐπ’
2517 2344 2812 2415 ἐκκλησίας
2839 2343 3077 2397 διδάσκει
3110 2343 3264 2407 ποτὲ,
3298 2342 3408 2395 οὐδ’
3430 2339 3593 2403 αὐτὸς
3614 2340 3646 2393 6

2066 2433 2380 2498 ἐπίσκοπος.
2400 2435 2487 2489 Ἐν
2538 2435 2595 2489 δὲ
2636 2435 3008 2507 Ἀλεξανδρείᾳ
3051 2435 3286 2489 διδάσκει
3332 2434 3431 2504 μὲν
3460 2432 3491 2487 6
3518 2431 3643 2486 ἐπί-

2068 2541 2267 2587 σκοπος
2293 2525 2379 2579 ἐπ’
2409 2525 2720 2596 ἐκκλησίας,
2760 2526 2866 2580 τῶν
2912 2527 2969 2580 δὲ
2998 2524 3342 2595 Εὐαγγελίων
3370 2524 3644 2592 ἀναγινω-

2067 2614 2343 2685 σκομένων
2366 2616 2467 2670 οὐκ
2497 2616 2777 2671 ἀνίσταται
2804 2615 2900 2671 τοῦ
2929 2616 3139 2687 θρόνου.
3170 2616 3280 2670 Kal
3311 2615 3409 2687 τὴν
3448 2630 3647 2669 τεσσα-

2067 2707 2334 2780 ρακοστὴν
2361 2708 2469 2763 τῶν
2498 2710 2760 2781 νηστειῶν
2786 2714 2835 2765 οἰ
2869 2714 2967 2783 μὲν
2999 2710 3297 2782 ἑϐδομάδας
3331 2709 3385 2775 ς’
3414 2707 3645 2781 νηστεύο

2062 2814 2230 2863 ουσιν,
2256 2799 2333 2863 ώς
2360 2802 2408 2853 οἰ
2439 2800 2607 2871 (1706
2636 2802 2773 2875 om.)
2805 2804 2863 2856 ἐν
2887 2804 2965 2874 τῷ
3007 2801 3282 2873 Ἰλλυρικῷ
3325 2801 3422 2855 καὶ
3464 2798 3644 2871 Λιϐύῃ

2063 2890 2157 2943 καὶ
2184 2890 2442 2963 Αἰγύπτῳ
2469 2893 2564 2948 καὶ
2591 2894 2741 2966 πάσῃ
2780 2897 2846 2966 τῇ
2874 2894 3021 2949 δύσει
3052 2896 3147 2948 καὶ
3174 2892 3504 2965 Παλαιστίνῃ
3524 2909 3538 2922 ·
3583 2894 3643 2946 ἐν

2060 2981 2117 3034 δὲ
2153 2980 2311 3051 (1706
2341 2982 2468 3037 add.
2491 2986 2578 3054 τῇ)
2609 2985 3173 3041 Κωνσταντινουπόλει
3202 2984 3295 3039 καὶ
3322 2983 3485 3055 πέριξ
3510 2984 3643 3055 ἄχρι

2062 3070 2313 3141 Φοινίκης
2343 3072 2643 3145 ἑϐδομάδας
2687 3075 2731 3139 ζ’
2773 3076 3149 3147 νηστεύουσιν·
3194 3075 3341 3131 ἄλλοι
3391 3076 3449 3130 δὲ
3491 3076 3645 3147 τρεῖς

2068 3160 2234 3230 μόνας
2262 3163 2478 3235 ἡμέρας
2511 3166 2569 3218 ἐν
2595 3166 2713 3229 ταῖς
2740 3165 2799 3233 ἓξ
2824 3167 2857 3237 ἢ
2891 3167 3031 3221 ἐπτά
3058 3168 3331 3239 σποράδην
3356 3167 3647 3237 νηστεύου-

2067 3267 2171 3315 σιν,
2202 3252 2378 3325 ἔτεροι
2404 3254 2461 3307 δὲ
2489 3258 2639 3326 τρεῖς
2666 3256 2964 3329 ἑϐδομάδας
2991 3260 3187 3331 ἐφεξῆς
3210 3260 3316 3331 πρὸ
3336 3258 3430 3314 τοῦ
3456 3259 3647 3330 πάσχα

2066 3341 2458 3398 συνάπτουσιν·
2505 3347 2684 3417 (1706
2732 3348 2887 3404 addit
2920 3351 3067 3405 ἄλλοι
3111 3353 3169 3407 δὲ
3216 3351 3434 3416 δύο,ὠς
3483 3354 3533 3405 οἱ
3578 3351 3649 3407 τὰ

2063 3434 2343 3489 Μοντανοῦ
2362 3437 2703 3511 φρονοῦντες)
2730 3440 2787 3493 ἔν
2817 3459 2925 3497 τισι
2950 3442 3006 3496 δὲ
3024 3443 3209 3498 πόλεσι
3237 3444 3338 3515 τῆς
3360 3444 3647 3513 Αἰγύπτου

2064 3525 2200 3596 πρὸς
2248 3527 2488 3600 ἑσπέραν
2536 3531 2894 3604 ἠριστηκότες
2951 3534 3060 3588 τῶν
3109 3535 3423 3608 μυστηρίων
3476 3553 3649 3607 μετα-

2063 3618 2415 3688 λαμϐάνουσι.
2444 3621 2555 3675 Kal
2597 3623 2769 3677 ταῦτα
2807 3627 2906 3696 μὲν
2947 3630 2977 3681 6
3024 3627 3321 3699 Σωκράτης
3354 3628 3470 3699 (75)
3498 3629 3647 3683 ἱστό-

2067 3726 2228 3781 ρησεν
2275 3712 2352 3777 ὡς
2404 3714 2550 3779 εἰκὸς
2597 3716 2720 3770 τότε
2772 3718 3146 3791 φυλαττόμενα
3192 3722 3401 3775 πάντα·
3450 3721 3551 3774 νῦν
3588 3722 3646 3776 δὲ

2063 3800 2284 3874 πλείστη
2331 3805 2425 3858 καί¹
2465 3805 2605 3861 κατά
2641 3808 2807 3879 μέρος
2839 3810 3107 3883 ἐναλλαγὴ
3127 3812 3352 3880 γέγονεν
3387 3814 3445 3866 ἐν
3475 3813 3646 3883 (1706

2061 3892 2196 3964 om.)
2223 3898 2334 3958 τοῖς
2362 3898 2672 3969 εἰρημένοις
2701 3900 2859 3970 (1706
2887 3903 3023 3975 om.)
3051 3903 3245 3958 ἔθεσιν.

2130 3982 2235 4040 Ista
2257 3989 2536 4059 excipiunt
2558 4005 2621 4045 ea
2648 4007 2769 4061 qua:
2801 3994 2945 4064 apud
2966 3994 3277 4051 Cedrenum
3304 3997 3490 4054 statim
3517 4006 3645 4069 post

2059 4078 2329 4151 ἐπίσημον
2387 4082 2581 4152 ἄγουσι
2617 4086 2873 4158 Ῥωμαῖοι
2910 4091 3086 4159 posita
3151 4100 3302 4158 sunt,
3330 4094 3398 4147 ad
3467 4093 3643 4149 histo-

2061 4170 2197 4224 riam
2257 4171 2325 4228 de
2390 4173 2613 4232 Simone
2667 4177 2825 4251 Mago
2870 4189 2925 4236 et
2971 4180 3136 4237 Petro
3190 4184 3548 4253 pertinentia.
3585 4187 3645 4239 ὐ

2062 4259 2241 4328 μέντοι
2294 4263 2486 4335 Νέρων
2546 4267 2783 4331 ἀκούσας
2837 4270 2920 4323 ὃτι
2969 4272 3296 4341 πεφόνευται
3318 4274 3504 4344 Σίμων
3539 4278 3645 4331 ὑπὸ

2060 4350 2287 4441 Πέτρου,
2315 4357 2407 4408 καὶ
2434 4357 2837 4429 ἀγανακτήσας,
2887 4362 3171 4417 ἐκέλευσεν
3194 4365 3358 4420 αὑτὸν
3394 4384 3645 4441 σταυρωο

376 4450 581 4520 -γεῐν)·
623 4449 731 4503 τῶν
762 4451 817 4505 δὲ
844 4429 1034 4523 ’δήμων
1061 4455 1255 4522 ἐπευφ.
1282 4429 1451 4506 αὐτὸν
1471 4429 1651 4525 (1706
1682 4429 1816 4523 om.)
1847 4492 1861 4505 .
1891 4492 1904 4505 .
1936 4492 1949 4504 .
1987 4429 2032 4484 Β
2060 4440 2235 4513 θῆναι.
2283 4446 2343 4499 '0
2401 4447 2458 4501 δὲ
2521 4450 2746 4523 Πέτρος,
2807 4454 3195 4523 παρακαλέσας
3243 4458 3337 4510 τὸν
3399 4429 3641 4532 ἔπαρχον

380 4541 621 4596 ἱκέτευον
657 4542 817 4614 (1706
841 4545 1054 4615 -τευσα)
1089 4585 1101 4597 .
1142 4585 1155 4597 .
1193 4586 1205 4597 .
1240 4546 1576 4617 καταρράξαι
1604 4545 1763 4617 (1706
1791 4561 1954 4598 κατα-

380 4632 527 4706 pag.)
554 4634 642 4687 τὸν
662 4635 941 4705 λυμαιῶνα
966 4636 1125 4708 (1706
1143 4636 1414 4708 λυμεῶνα)
1441 4637 1534 4691 καὶ
1556 4638 1653 4709 τὴν
1676 4638 1826 4708 ἰσχὺν
1846 4636 1954 4691 τῶν

377 4726 646 4796 δαιμόνων
678 4729 991 4801 περικόψαι.
1021 4731 1129 4783 Καὶ
1158 4731 1326 4800 (1706
1351 4732 1487 4800 om.)
1519 4731 1769 4794 ἀτενίσας
1794 4730 1953 4801 (1706

377 4817 504 4871 add.
535 4814 753 4890 06v)_'m;3
780 4820 906 4889 Σίμ.
941 4817 1113 4875 εἶπον·
1146 4822 1211 4877 Εἰ
1241 4864 1255 4876 .
1289 4864 1301 4875 .
1339 4862 1352 4876 .
1384 4822 1520 4894 μετὰ
1548 4823 1682 4893 ήχου
1716 4861 1727 4873 .
1764 4862 1777 4875 .
1814 4862 1827 4876 .
1859 4822 1954 4876 καὶ

379 4906 539 4979 (1706
583 4910 718 4979 om.)
746 4910 838 4964 τοῦ
863 4912 1019 4983 ὄχλου
1063 4955 1075 4966 .
1110 4954 1123 4967 .
1164 4954 1178 4967 .
1218 4914 1278 4968 ὃν
1312 4912 1470 4985 (1706
1498 4913 1623 4968 add.
1658 4916 1686 4968 6
1710 4914 1951 4985 Πέτρος)

379 5041 395 5056 .
433 5043 445 5053 .
487 5042 499 5055 .
535 5001 747 5073 ἀπέσϐη
779 5003 943 5073 (1706
976 5005 1308 5077 ἀπεσϐέσθη)
1350 5048 1362 5059 .
1399 5048 1412 5059 .
1451 5048 1463 5060 .
1499 5006 1711 5078 ἡμέραν
1738 5006 1952 5077 ἐκείνην

374 5092 470 5147 τοῦ
503 5133 518 5146 .
545 5134 559 5146 .
590 5135 603 5147 .
634 5095 682 5146 οἰ
723 5095 1004 5166 Ῥωμαῖοι.

447 5186 580 5252 Quae
615 5186 729 5256 jam
759 5199 1063 5258 sequuntur
1094 5189 1147 5243 in
1179 5190 1441 5244 Chronico
1472 5188 1688 5261 Georgii
1720 5187 1951 5243 Hamar—

379 5277 499 5341 toli,
539 5293 602 5333 ea
647 5278 789 5348 apud
830 5278 1141 5334 Cedrenum
1202 5297 1311 5335 non
1361 5282 1637 5353 leguntur.
1677 5281 1951 5336 Σάϐϐατόν

378 5370 486 5441 γάρ
516 5364 583 5440 ἦν
611 5372 669 5423 ἐν
696 5364 740 5439 ᾧ
772 5372 865 5424 καὶ
898 5374 1173 5446 προσευχὴ
1203 5374 1295 5427 καὶ
1322 5374 1544 5445 νηστεία
1570 5376 1683 5437 τοῖς
1721 5377 1946 5437 πιστοῖς.

381 5463 540 5527 ’Ἐθος
568 5462 676 5535 γὰρ
707 5460 775 5535 ἦν
820 5465 880 5518 τὸ
921 5466 1312 5537 προσεύχεσθαι
1348 5466 1443 5538 τὴν
1490 5467 1781 5539 ἐκκλησίαν
1812 5468 1949 5539 ὑπὲρ

450 5636 564 5710 (72)
593 5636 679 5710 gr.
722 5638 947 5695 Canam.
974 5652 1143 5710 apost.
1169 5642 1257 5707 Vl,
1287 5645 1336 5707 7,
1372 5647 1424 5709 8,
1455 5647 1505 5701 9.

448 5707 560 5779 (73)
592 5706 862 5766 Nonnulla
910 5706 1030 5784 qusi:
1062 5714 1167 5771 huc
1212 5706 1461 5786 speCtant
1503 5716 1621 5774 vide
1662 5719 1803 5791 apud
1849 5719 1950 5776 So-

2060 4535 2146 4588 ἵνα
2185 4538 2259 4609 μὴ
2300 4539 2479 4610 δρθιος
2510 4544 2796 4616 σταυρωθῇ
2825 4546 2902 4609 ὡς
2949 4547 2979 4599 6
3028 4547 3250 4619 Κύριος,
3281 4550 3429 4605 κατά
3464 4571 3642 4621 κεφα-

2059 4626 2158 4698 λῆς
2186 4632 2521 4705 ἐσταυρώθη,
2550 4636 2731 4701 καθὼς
2761 4636 2991 4707 ἠξίωσεν
3045 4641 3111 4694 ἐκ
3171 4641 3375 4712 πολλῆς
3421 4661 3641 4716 μετριο-

2060 4721 2350 4793 φροσύνης.
2380 4725 2536 4780 Μετὰ
2578 4727 2637 4782 δέ
2676 4746 2740 4796 γε
2771 4728 2870 4801 τὴν
2899 4731 3106 4803 Πέτρου
3147 4734 3404 4806 τελευτὴν
3453 4738 3518 4789 ἐν
3564 4736 3643 4810 τῷ

2057 4813 2292 4888 δευτέρῳ
2324 4817 2433 4871 ἔτει
2463 4818 2625 4890 (1706
2652 4836 2762 4876 om.
2793 4826 2852 4880 ἐν
2875 4843 2928 4881 τ.
2951 4825 3000 4880 δ.
3031 4826 3102 4897 ἔ.)
3129 4826 3312 4890 καθώς
3337 4846 3508 4900 φησιν
3535 4831 3641 4885 Εὐ-

2061 4908 2255 4973 σέϐιος,
2299 4911 2507 4977 Παῦλος
2549 4916 2578 4968 6
2608 4916 2903 4981 ἀπόστολος
2935 4918 3078 4975 κατά
3122 4921 3221 4990 μὲν
3266 4922 3369 4993 τὴν
3411 4923 3639 4996 πρώτην

2059 5001 2354 5072 ἀπολογίαν
2378 5005 2547 5061 ἐλθὼν
2573 5009 2680 5063 ἀπὸ
2706 5011 2807 5081 τῆς
2845 5012 3099 5076 Ἰουδαίας
3122 5013 3345 5083 δέσμιος
3377 5017 3474 5070 καὶ
3499 5019 3636 5072 ἀπο-

2058 5094 2426 5166 λογησάμενος
2450 5099 2662 5172 Νέρωνι
2690 5103 2783 5155 ἐπὶ
2813 5103 2915 5173 τὴν
2944 5103 3217 5159 διακονίαν
3230 5105 3326 5159 τοῦ
3346 5110 3637 5180 κηρύγμα-

2056 5204 2146 5250 τος
2188 5189 2386 5261 ἐστάλη
2431 5190 2607 5260 (1706
2638 5193 2977 5266 ἀπεστάλη).
3012 5196 3319 5250 Κάντεῦθεν
3348 5198 3428 5262 ὡς
3458 5201 3635 5254 ἔοικεν

2056 5279 2155 5343 τὰς
2184 5279 2292 5333 τῶν
2325 5282 2635 5338 ἀποστόλων
2663 5286 2900 5357 Πράξεις
2953 5288 3038 5340 ἐπ’
3063 5290 3268 5341 ἐκεῖνον
3310 5288 3405 5344 τὸν
3447 5294 3633 5363 χρόνον

2057 5374 2267 5435 Λουκᾶς
2297 5373 2653 5445 περιέγραψε,
2688 5378 2881 5447 μέχρις
2920 5379 3009 5431 ὅτε
3058 5379 3234 5450 (1706
3260 5381 3422 5453 ὅπου)
3473 5382 3634 5451 συνῆν

2008 5520 2013 5523 ν
2057 5466 2131 5536 τῷ
2163 5464 2384 5535 Παύλῳ·
2420 5467 2538 5520 καθ’
2563 5467 2621 5521 ὃν
2651 5468 2706 5522 δὲ
2743 5470 2932 5543 καιρὸν
2962 5472 3362 5545 ἐμαρτύρησεν,
3392 5475 3455 5529 οὖ
3503 5494 3633 5544 συμ-

2056 5657 2191 5702 crat.
2218 5646 2359 5704 Hist.
2389 5649 2513 5703 eccl.
2538 5666 2593 5711 ν,
2629 5649 2716 5703 2‘2.
2748 5647 2853 5703 Sed
2890 5664 2999 5703 non
3026 5664 3091 5704 cx
3116 5666 3225 5707 uno
3256 5659 3413 5707 certo
3448 5648 3631 5707 Socra-

2055 5720 2129 5775 tis
2157 5719 2277 5775 loco
2306 5719 2419 5774 haec
2450 5720 2633 5775 omnia
2658 5721 2929 5790 exscripta
2956 5730 3101 5777 sunt.
