3838 6218
188 296 330 352 1297

1647 293 1963 350 ADDENDA
1974 335 1988 349 .

3298 295 3439 379 5298

180 410 368 482 παρῆν
412 407 582 481 αὑτῷ,
612 407 708 463 τοῦ
736 406 1035 462 ἀποστόλου
1081 407 1268 479 σαφῶς
1296 408 1389 466 καὶ
1420 382 1575 465 τοῦτο
1604 407 1762 479 (1706

1866 410 1995 464 λαοῦ
2048 410 2143 465 καὶ
2192 410 2631 484 δικαιοσύνη.”ος
2664 410 2780 479 (ab
2824 408 2929 465 hac
2976 409 3104 467 inde
3152 424 3282 465 voce
3312 413 3438 469 cod.

181 517 241 554 κ.
272 518 323 554 τ.
359 499 516 572 σαφ.)
544 498 791 568 λέγοντος
819 499 902 552 ὃτι
928 496 1102 562 οὐδείς
1135 515 1225 571 μοι
1255 498 1314 552 ἐν
1340 500 1407 572 τῇ
1435 496 1627 573 πρώτῃ
1657 516 1761 569 μου

182 591 450 665 ἀπολογίᾳ
500 589 961 663 συμπαρεγένετο,
995 588 1132 644 ἀλλά
1174 588 1374 655 πάντες
1419 607 1487 661 με
1534 589 1762 658 ἐγκατέ-

181 685 371 740 λειπον
402 683 561 755 (1706
584 682 768 735 -λιπον
785 681 804 751 )
824 697 837 710 ·
870 678 946 752 μὴ
972 680 1152 743 αὑτοῖς
1178 678 1587 751 λογισθείη.Ἦν
1616 678 1762 748 (cor-

182 774 473 844 rigendum
490 772 725 837 videtur,
739 780 798 826 ut
813 770 955 842 apud
970 768 1275 825 Ccdrenum
1296 769 1502 825 editum
1519 776 1626 834 est,
1642 771 1762 840 τήν,

180 873 283 919 aut
314 865 421 921 a‘iio
459 863 623 925 modo
669 864 824 918 locus
868 860 1147 919 sanandus
1173 860 1297 934 est)
1336 860 1401 933 δὴ
1432 859 1569 932 πρὸς
1600 859 1765 931 Τιμό-

182 955 308 1010 θεον
345 955 602 1028 δευτέραν
632 955 919 1027 ἐπιστολὴν
953 954 1172 1027 δεσμοῖς
1208 952 1569 1024 κατεχόμενος
1596 951 1763 1022 έγραο

179 1049 310 1119 ψεν,
342 1048 476 1121 ὀμοῦ
509 1047 787 1119 σημαίνων
814 1048 916 1119 τήν
951 1064 1013 1100 τε
1054 1045 1324 1118 προτέραν
1358 1043 1506 1121 αὑτῷ
1538 1041 1765 1115 γενομὲη

180 1155 287 1208 νην
338 1136 636 1207 ἀπολογίαν
680 1136 818 1211 πρὸς
848 1136 1097 1209 Νέρωνα,
1131 1136 1189 1189 ὃν
1237 1135 1329 1188 καὶ
1378 1133 1563 1187 λέοντα
1592 1132 1680 1187 διά
1703 1130 1767 1187 τὸ

181 1228 552 1298 ἀπάνθρωπον
576 1228 671 1281 καὶ
698 1226 958 1299 θηριῶδες
988 1224 1082 1280 τοῦ
1110 1224 1314 1297 τρόπου
1345 1222 1524 1289 καλῶς
1550 1222 1766 1295 ὠνόμα-

184 1335 283 1372 σεο
336 1319 431 1372 καὶ
475 1316 573 1388 τὴν
607 1315 760 1389 παρά
794 1316 961 1381 πόδας
989 1315 1262 1371 τελείωσιν
1295 1314 1490 1383 ἐπάγει
1519 1312 1763 1383 φάσκωνο

196 1404 505 1482 Ἐῤῥύσθην
558 1410 623 1461 ἐκ
662 1408 926 1478 στόματος
956 1403 1367 1470 λέοντος.Ἀλλά
1417 1403 1511 1457 καὶ
1546 1403 1766 1475 ῥύσεταί

187 1517 261 1577 με
294 1499 498 1572 Κύριος
525 1498 634 1552 ἀπὸ
670 1497 872 1561 παντὸς
897 1495 1059 1569 ἔργου
1090 1492 1350 1567 πονηροῦ,
1383 1492 1479 1547 καὶ
1492 1491 1654 1547 σώσει
1686 1495 1766 1566 είς

180 1590 286 1661 τὴν
314 1579 590 1661 βασίλειαν
622 1586 784 1642 αὑτοῦ
817 1587 917 1658 τὴν
946 1586 1286 1657 ἐπουράνιον,
1322 1584 1679 1657 ὑπεμφαίνων
1706 1583 1766 1637 τὸ

183 1680 502 1751 παραυτίκα
546 1679 863 1752 μαρτύριον,
896 1677 924 1731 ὃ
962 1676 1411 1747 καισαφέστερον
1443 1676 1500 1729 ἐν
1528 1678 1594 1746 τῇ
1624 1676 1762 1751 αὑτῇ

1862 502 2000 562 1706
2026 503 2208 558 omnia
2238 502 2439 562 omittit
2480 517 2656 573 usque
2685 501 2851 558 verba
2897 501 3021 555 tua
3047 498 3140 556 οῦν
3165 502 3444 573 αἰδέσιμος

1862 595 1956 653 καὶ
1994 594 2309 668 σεϐάσμιος)
2325 612 2388 664 γε
2415 594 2667 667 μεγάλων
2694 595 2787 649 καὶ
2812 594 2971 648 θείων
2998 594 3241 666 όράσεων
3264 595 3445 662 ἀξιού-

1864 705 2021 761 μενος
2051 686 2293 759 ἑώρακέν
2317 704 2448 741 ποτε
2481 687 2773 759 προφανῶς
2804 686 2894 741 τὸν
2925 685 3167 749 διάϐολον
3195 688 3295 760 τήν
3321 692 3443 743 κατ’

1861 776 2025 832 αὑτοῦ
2052 775 2417 847 γενησομένην
2450 776 2645 849 μανίαν
2687 777 2783 831 καὶ
2817 776 3131 847 μιαιφονίαν
3162 776 3271 831 τῶν
3316 778 3445 833 Ἰου-

1861 870 2025 926 δαίων
2050 868 2374 925 ἀπειλοῦντα
2405 868 2551 941 (cod.
2581 867 2738 941 -λῶν)
2765 870 2823 922 ἐν
2852 867 3072 939 ἐξαισίῳ
3100 868 3195 923 καὶ
3221 869 3445 942 φοϐερός

1862 963 2007 1034 τάτῳ
2050 962 2311 1035 σχήματι,
2342 962 2471 1034 περὶ
2501 954 2562 1015 οῦ
2584 977 2750 1033 φησιν
2792 959 2932 1032 πρὸς
2980 960 3073 1016 τὸν
3113 959 3232 1015 Ἰὼϐ
3264 962 3379 1034 (74)
3413 964 3445 1017 ὀ

1863 1054 2012 1119 Θεὸς·
2053 1072 2073 1107 ι
2097 1054 2225 1113 Ἰδοὺ
2245 1054 2313 1127 δὴ
2340 1056 2373 1126 ή
2419 1055 2571 1126 ίσχὺς
2594 1051 2760 1109 αὑτοῦ
2790 1050 2878 1105 ἐπ’
2908 1050 3069 1123 ὀσφύϊ
3090 1069 3104 1083 ·
3136 1054 3169 1124 ή
3205 1052 3261 1108 δὲ
3285 1052 3445 1109 δύνα-

1866 1159 1958 1220 μις
1982 1140 2149 1201 αὑτοῦ
2193 1143 2282 1201 ἐπ’
2313 1142 2556 1213 ὀμφαλοῦ
2596 1141 3128 1216 γαστρός.Ἐστησεν
3159 1142 3325 1217 οὐράν
3367 1143 3445 1212 ὡς

1864 1234 2222 1307 κυπάρισσον,
2253 1233 2323 1294 τά
2348 1234 2406 1287 δὲ
2442 1233 2609 1305 νεῦρα
2640 1233 3089 1304 συμπέπλεκται·
3127 1235 3184 1289 αί
3213 1232 3446 1308 πλευραὶ

1864 1325 2028 1388 αὑτοῦ
2055 1326 2324 1398 χάλκειαι,
2355 1327 2389 1398 ή
2420 1326 2477 1380 δέ
2512 1324 2670 1399 ραχὶς
2701 1322 2867 1401 αὑτοῦ
2901 1325 3445 1398 σιδηρόχυτος.Τοῦτό

1864 1418 2014 1477 ἐστιν
2036 1419 2181 1492 ἀρχὴ
2214 1418 2531 1489 πλάσματος
2555 1416 2784 1489 Κυρίου,
2818 1416 3180 1491 πεποιημένον
3212 1418 3445 1488 ἐγκατα-

1866 1507 2157 1574 παίζεσθαι
2189 1509 2294 1564 ὑπὸ
2316 1509 2424 1563 τῶν
2446 1509 2696 1579 ἀγγέλων
2730 1509 2917 1565 αὑτοῦ.
2946 1508 3213 1567 Πέποιθεν
3259 1509 3319 1563 δέ
3360 1509 3444 1563 ὅτι

1865 1599 2226 1673 προσκρούσει
2257 1601 2529 1674 Ἰορδάνης
2559 1602 2638 1665 είς
2666 1601 2726 1656 τὸ
2754 1600 2927 1673 στόμα
2960 1600 3148 1665 αὑτοῦ,
3192 1598 3250 1654 ἐν
3279 1600 3336 1653 δέ
3366 1598 3446 1671 τῷ

1866 1691 2128 1765 ὀφθαλμῷ
2156 1692 2323 1747 αὑτοῦ
2356 1693 2564 1759 δέξεται
2595 1693 2778 1748 αὑτόν.
2809 1694 2924 1755 Πᾶν
2971 1693 3027 1749 δὲ
3073 1692 3284 1747 πλωτὸν
3316 1709 3444 1746 συν-

187 1770 587 1844 προσατορεὺει
607 1769 1022 1842 γραφπλέγωψ
1041 1766 1181 1837 Ἐγὼ
1200 1767 1309 1840 γὰρ
1326 1766 1425 1839 ἤδη
1452 1766 1765 1836 σπένδομαι,
1798 1776 1841 1832 Β
1868 1781 2020 1837 ελθὺν
2048 1784 2109 1836 οὑ
2137 1783 2212 1856 μὴ
2238 1784 2500 1853 ἐνέγκωσι
2536 1783 2742 1857 βύρσαν
2778 1784 2906 1856 μίαν
2937 1784 3106 1856 οὐρᾶς
3143 1782 3328 1847 αὑτοῦ,
3353 1784 3447 1837 καὶ

185 1863 286 1916 καί⁵
331 1862 360 1915 ὀ
392 1861 581 1936 καιρὸς
610 1862 708 1933 τῆς
753 1860 891 1934 ἐμῆς
935 1858 1242 1923 ἀναλύσεως
1275 1857 1769 1930 ἐφέστηκεν.’Δπο-

181 1954 559 2028 λογησάμενος
582 1953 761 2008 τοίνυν
782 1952 881 2027 τήν
902 1951 1121 2025 πρώτην
1148 1950 1465 2020 ἀπολογίαν,
1496 1951 1591 2004 καὶ
1611 1946 1765 2022 αὖθις

183 2048 283 2102 ἐπὶ
313 2049 414 2120 τὴν
439 2047 532 2101 τοῦ
566 2042 916 2121 κηρύγμᾶτος
950 2046 1221 2101 διακονίαν
1257 2044 1620 2115 στειλάμενος,
1647 2037 1765 2097 εἶτα

181 2139 350 2194 πάλιν
398 2139 461 2193 τὸ
508 2138 759 2211 δεύτερον
807 2135 1001 2201 ἐπιϐάς
1053 2138 1120 2207 τῇ
1161 2135 1348 2209 Ῥώμῃ
1389 2135 1628 2207 δέσμιος,
1670 2133 1766 2189 καὶ

175 2229 442 2297 ὡσαύτως
461 2230 671 2300 Νέρωνι
699 2227 1042 2299 παραδοθεὶς,
1057 2226 1149 2280 τὸν
1169 2226 1255 2280 διά
1278 2224 1463 2297 ξίφους
1494 2225 1590 2280 τοῦ
1622 2245 1763 2298 μαρ-

173 2322 370 2393 τυρίου
401 2320 662 2391 στέφανον
687 2319 1003 2389 ἀνεδήσατο,
1041 2317 1169 2390 μηνὶ
1193 2317 1390 2388 Ἰουνίῳ
1415 2317 1668 2371 κθ¹.Καο’
1698 2317 1764 2389 ἢν

176 2411 400 2483 ἡμέραν
424 2410 515 2463 καὶ
542 2409 750 2482 Πέτρος
774 2407 1113 2480 ἐσταυρώθη,
1143 2407 1392 2480 καθάπερ
1424 2407 1517 2462 καὶ
1537 2409 1762 2480 Μάρκος

178 2506 283 2558 καὶ
312 2505 523 2567 Λουκᾶς
546 2502 596 2556 oi
625 2501 1031 2572 εὑαγγελισταὶ,
1060 2501 1155 2555 καὶ
1171 2501 1426 2569 Ἰάκωϐος
1469 2502 1499 2556 ὀ
1540 2500 1764 2570 ἀδελφό-

178 2597 325 2661 θεος.
344 2597 401 2651 Ὀ
430 2593 524 2653 οὖν
554 2596 767 2659 Λουκᾶς
799 2593 892 2648 ἐπὶ
922 2592 1108 2658 ἐλαίας
1139 2592 1489 2665 καρποφόρου
1514 2609 1763 2663 σταυρω-

177 2687 323 2752 θεὶς,
356 2686 429 2760 μὴ
452 2685 837 2759 εὑρισκομένου
874 2683 1029 2752 ξύλου
1060 2682 1226 2757 ξηροῦ
1259 2684 1399 2757 πρὸς
1428 2682 1491 2738 τὸ
1511 2682 1763 2753 γενέσθαι

178 2781 419 2851 σταυρὸν
449 2782 508 2835 ἐν
536 2778 615 2851 τῷ
643 2778 813 2849 τόπῳ,
846 2775 1024 2831 λαϐὼν
1051 2792 1133 2841 τις
1155 2776 1216 2830 τὸ
1248 2775 1407 2848 σῶμα
1438 2776 1533 2831 καὶ
1560 2776 1762 2848 μεταξὺ

179 2872 396 2927 πολλῶν
431 2872 711 2945 μνημείων
744 2868 921 2940 θάψας
952 2868 1144 2939 ἄδηλον
1176 2870 1396 2943 ἐποίησε
1437 2868 1530 2924 τὸν
1572 2871 1760 2940 τάφον.

177 2965 307 3020 Τῶν
355 2965 413 3019 δέ
469 2962 724 3040 μαθητῶν
771 2959 1181 3032 ἀναζητούντων
1227 2960 1524 3033 μετέπειτα
1555 2961 1653 3016 καὶ
1687 2960 1764 3035 μὴ

175 3053 545 3126 εὑρισκόντων
572 3050 738 3107 αὑτοῦ
763 3049 855 3103 τὸν
882 3049 1049 3119 τάφον
1074 3047 1162 3103 διὰ
1182 3049 1244 3104 τὸ
1273 3049 1475 3121 πλῆθος
1495 3049 1604 3104 τῶν
1630 3067 1765 3124 μνη-

182 3119 394 3219 μάτων,
429 3144 525 3198 καὶ
554 3138 1008 3215 προσευξαμένων
1030 3140 1208 3195 αὑτῶν
1241 3119 1430 3213 (Coisl.
1461 3119 1762 3213 προσευξά-
1786 3119 1831 3178 C

183 3237 361 3306 μενοι)
390 3235 457 3305 τῇ
488 3232 642 3286 νυκτὶ
670 3230 829 3300 (1706
863 3228 990 3284 add.
1026 3228 1247 3302 ἐκείνῃ)
1280 3229 1569 3303 κουλούρια
1602 3230 1762 3303 (1706

179 3312 490 3398 κουλλούρ.)
534 3324 730 3403 βρέξας
774 3321 953 3397 (1706
985 3320 1246 3394 ἔϐρεξεν)
1288 3323 1317 3375 ό
1363 3321 1495 3385 Θεὸς
1542 3319 1763 3393 ἰατρικὰ

178 3418 370 3473 ἐπάνω
394 3417 489 3472 τοῦ
511 3417 705 3488 τάφου,
732 3414 974 3488 σύμϐολα
996 3414 1096 3485 τῆς
1127 3414 1434 3487 ἐπιστήμης
1456 3413 1643 3475 αὑτοῦ,
1669 3413 1763 3485 δῆ-

178 3511 274 3563 λον
307 3508 527 3583 ἐποίησε
552 3509 642 3563 τὸν
670 3508 839 3579 τάφον
873 3505 1032 3579 (1706
1060 3520 1161 3578 pro
1190 3504 1365 3577 δῆλον,
1404 3512 1537 3569 etc.,
1572 3505 1665 3563 καὶ
1697 3507 1763 3560 ἐκ

178 3600 374 3654 τούτου
420 3599 515 3655 τοῦ
564 3600 793 3673 σημείου
837 3599 1027 3670 γέγονε
1066 3596 1342 3671 γνώριμος
1382 3597 1412 3651 ὀ
1452 3597 1665 3668 τάφος)·
1699 3588 1760 3652 οῦ

178 3693 244 3746 τὸ
270 3692 519 3764 λείψανον
555 3693 931 3757 Κωνστάντιος
957 3691 1073 3758 υίὸς
1116 3689 1522 3747 Κωνσταντίνου
1565 3691 1764 3743 ἀνακο-

183 3785 353 3856 μίσας
405 3786 463 3839 ἐν
507 3784 1073 3839 Κωνσταντινουπόλει
1117 3783 1416 3856 κατέθηκεν
1449 3785 1506 3837 ἐν
1537 3782 1617 3855 τῷ
1648 3782 1761 3855 ναῷ

178 3878 291 3932 τῶν
322 3877 653 3943 ἀποστόλων,
687 3878 854 3949 ὅνπερ
885 3875 1233 3948 ᾠκοδόμησεν
1277 3876 1306 3931 ό
1356 3874 1538 3946 πατὴρ
1596 3875 1758 3930 αὑτοῦ

184 3969 360 4042 μέγας
390 3967 801 4033 Κωνσταντίνος
832 3971 849 4027 (
872 3968 976 4022 hoc
1006 3973 1235 4022 accentu
1256 3964 1298 4036 ).
1342 3963 1594 4020 Incidunt
1642 3965 1759 4021 haec

178 4070 424 4117 extrema
464 4061 517 4115 in
548 4059 636 4115 ed.
668 4059 901 4115 Ccdreni
942 4056 1122 4114 Paris.
1149 4073 1274 4131 pag.
1302 4056 1438 4123 212;
1475 4056 1528 4110 in
1562 4056 1759 4112 editio-

180 4155 270 4211 nis
298 4152 600 4208 Bonnensis
638 4168 759 4224 pag.
793 4152 915 4207 575.
943 4151 1073 4218 Qua:
1103 4166 1233 4206 vero
1264 4152 1320 4207 in
1353 4151 1542 4205 codice
1568 4150 1631 4204 de
1659 4149 1760 4205 Ja-

178 4244 310 4299 cobo
345 4245 493 4314 justo
526 4253 849 4316 sequuntur,
882 4260 945 4301 ea
974 4245 1255 4301 Cedrenus
1294 4244 1456 4315 paulo
1489 4252 1614 4299 ante
1650 4243 1755 4314 (cf.

178 4334 270 4390 ed.
308 4334 483 4391 Paris.
521 4353 574 4408 p.
610 4336 718 4391 205
764 4336 842 4404 C;
889 4334 978 4392 ed.
1016 4335 1192 4390 Bonn.
1228 4351 1349 4407 pag.
1383 4335 1525 4406 560)
1558 4335 1613 4389 in
1643 4350 1756 4389 rem

1866 1874 1939 1945 ἐμ
1974 1872 2093 1946 (sic
2120 1874 2331 1946 codex)
2361 1874 2567 1940 πλοίοις
2607 1875 2803 1929 ἁλιέων
2848 1874 3090 1946 κεφαλὴν
3131 1872 3319 1928 αὑτοῦ.
3349 1874 3445 1936 Τίς

1864 1965 2202 2039 ἀποκαλύψει
2236 1967 2523 2040 πρόσωπον
2544 1967 2810 2039 ἐνδύσεως
2831 1966 3034 2033 αὑτοῦ;
3069 1968 3149 2030 είς
3171 1966 3228 2021 δὲ
3253 1964 3445 2031 πτύειν

1864 2055 2110 2129 θώρακος
2138 2057 2303 2111 αὑτοῦ
2335 2057 2419 2124 τίς
2443 2056 2508 2112 ἂν
2548 2058 2817 2131 είσέλθοις
2858 2058 3034 2123 πύλας
3065 2058 3122 2113 δὲ
3152 2056 3445 2131 προσώπου

1863 2149 2028 2206 αὑτοῦ
2074 2150 2157 2215 τίς
2188 2149 2426 2217 ἀνοίξει;
2458 2149 2644 2223 κύκλῳ
2675 2150 2903 2206 ὀδόντων
2936 2149 3100 2206 αὑτοῦ
3148 2151 3332 2220 φόϐος.
3361 2150 3445 2205 Τά

1862 2241 1919 2298 δὲ
1942 2241 2145 2311 ἔγκατα
2176 2241 2341 2297 αὑτοῦ
2383 2241 2608 2306 ἀσπίδες
2640 2242 2876 2315 χαλκαῖ·
2913 2242 2974 2296 ἐν
3007 2240 3245 2314 πταρμῷ
3277 2238 3444 2295 αὑτοῦ

1862 2331 2260 2404 ἐπιφαύσκεται
2310 2332 2619 2405 (descripsi
2672 2333 2977 2405 ἐπιφάσκ.)
3024 2333 3258 2403 φέγγοςο
3290 2333 3340 2386 oi
3384 2332 3445 2385 δὲ

1862 2423 2129 2497 ὀφθαλμοὶ
2160 2423 2324 2479 αὑτοῦ
2365 2420 2503 2487 εἶδος
2548 2425 2848 2496 ἐωσφόρου,
2884 2426 2949 2478 ἐκ
2983 2424 3249 2496 στόματος
3279 2422 3443 2479 αὑτοῦ

1863 2516 2251 2587 ἐκπορεύονται
2293 2516 2576 2587 λαμπάδες
2607 2514 2914 2588 καιόμεναι,
2962 2517 3059 2570 καὶ
3102 2514 3445 2587 διαριπτοῦν-

1862 2625 1951 2665 ται
1981 2609 2211 2681 ἐσχάραι
2236 2609 2429 2685 πυρός.
2447 2610 2542 2662 Ἐκ
2577 2610 2869 2681 μυκτήρων
2894 2608 3059 2664 αὑτοῦ
3088 2607 3445 2680 ἐκπορεύεται

1863 2703 2069 2770 καπνὸς
2122 2703 2353 2775 καμίνου
2401 2703 2716 2775 καιομένης,
2751 2703 2847 2759 καὶ
2899 2703 3033 2774 πυρὶ⁹
3080 2702 3366 2775 ἀνθράκων
3408 2704 3445 2774 ή

1860 2793 2008 2866 ψυχὴ
2036 2794 2185 2859 (cod.
2212 2794 2319 2865 -χὶ)
2353 2794 2516 2849 αὐτοῦ
2550 2794 2684 2865 (75)’
2719 2793 2851 2864 φλὸξ
2881 2793 2938 2853 δὲ
2969 2795 3033 2849 ἐκ
3064 2794 3329 2865 στόματος
3345 2793 3447 2846 αὑι

1860 2883 1956 2939 τοῦ
1982 2883 2282 2955 ἐξέρχεται.
2300 2884 2389 2939 Ἐν
2407 2884 2464 2939 δέ
2494 2883 2574 2955 τῷ
2609 2884 2867 2957 τραχήλῳ
2893 2883 3170 2949 αὐλίζεται
3196 2883 3441 2955 δύναμις·

1862 2974 2171 3048 ἔμπροσθεν
2212 2975 2376 3031 αὑτοῦ
2409 2975 2590 3048 τρέχει
2629 2974 3141 3047 ἀπώλεια.Ἕστηκε
3170 2975 3231 3029 δέ
3257 2974 3447 3047 ὥσπερ
3492 2972 3495 2973 ⁷

1863 3066 2057 3138 ἄκμων
2102 3065 2388 3138 ἀνήλατος.
2421 3067 2547 3123 Ἐὰν
2592 3068 2995 3141 συναντήσωσιν
3037 3067 3189 3139 αὑτῷ
3231 3068 3445 3139 λόγχαι,

1861 3157 2018 3212 οὐθὲν
2065 3158 2130 3213 οὑ
2179 3158 2255 3230 μὴ
2300 3159 2631 3230 ποιήσωσινο
2668 3160 2870 3230 ἥγηται
2922 3158 3023 3229 μὲν
3066 3157 3176 3229 γὰρ
3232 3158 3448 3230 σίδηρον

1862 3250 2085 3323 ἄχυρον,
2120 3251 2320 3322 χαλκὸν
2362 3250 2419 3304 δὲ
2451 3249 2641 3323 ὥσπερ
2686 3250 2843 3318 ξύλον
2876 3251 3096 3322 σαθρόν.
3124 3250 3237 3305 Καὶ
3267 3250 3329 3307 οὐ
3370 3250 3447 3320 μὴ

1863 3342 2063 3414 τρώσει
2096 3342 2259 3397 αὑτὸν
2298 3341 2452 3409 τόξον
2484 3341 2767 3413 χάλκειον·
2800 3342 3001 3413 ἥγηται
3038 3340 3139 3412 μὲν
3183 3340 3444 3412 πετροϐό-

1863 3434 1954 3488 λον
1981 3434 2190 3506 χόρτον.
2210 3435 2297 3499 Ὦς
2338 3433 2560 3504 καλάμη
2588 3432 2646 3485 δὲ
2672 3431 3051 3504 λογισθείησαν
3082 3431 3283 3503 σφυραί
3302 3447 3319 3465 ο
3346 3448 3449 3485 κα-

1863 3525 2068 3596 ταγελᾷ
2101 3524 2199 3596 μὲν
2226 3522 2451 3596 σεισμοῦ
2482 3524 2787 3597 πυρφόρου.
2805 3524 2869 3577 Ἠ
2894 3523 2951 3577 δὲ
2981 3524 3237 3595 στρωμνὴ
3278 3520 3449 3578 αὑτοῦ

1863 3618 2130 3671 ὀϐελίσκοι
2176 3617 2335 3685 ὀξεῖς.
2357 3619 2597 3691 Ἥγηται
2647 3617 2749 3688 μὲν
2795 3616 2895 3689 τὴν
2943 3614 3215 3671 θάλασσαν
3258 3615 3451 3685 ὥσπερ

1865 3709 2234 3781 ἐξάλειπτρον,
2271 3709 2363 3762 τὸν
2403 3708 2461 3762 δέ
2506 3708 2775 3780 τάρταρον
2825 3708 2925 3779 τῆς
2975 3706 3211 3764 ἀϐύσσου
3259 3706 3449 3776 ὥσπερ

1865 3801 2230 3873 αἰχμάλωτον.
2264 3800 2379 3857 Οὐκ
2409 3798 2556 3854 ἐστιν
2586 3799 2681 3853 ἐπὶ
2709 3798 2811 3869 τῆς
2840 3798 2944 3868 γῆς
2972 3798 3159 3869 ὅμοιον
3191 3796 3360 3869 αὑτῷ.
3383 3798 3447 3851 Oi

1866 3893 1976 3965 γὰρ
2018 3892 2193 3952 δοῦλοι
2220 3890 2315 3945 τοῦ
2348 3890 2483 3944 Θεοῦ
2523 3888 2743 3959 ἄγγελοι
2789 3887 3049 3951 πολλάκις
3092 3885 3448 3957 ὀνομάζονται

1866 3985 1971 4039 ὑπὸ
1999 3985 2100 4054 τῆς
2138 3983 2288 4047 θείας
2313 3982 2534 4055 Γραφῆς
2565 3980 2654 4034 διά
2692 3978 2753 4033 τὸ
2780 3977 2999 4033 ἀκούειν
3031 3978 3228 4043 αὑτοὺς
3255 3977 3448 4047 λόγους

1865 4078 2018 4149 παρά
2048 4074 2183 4130 Θεοῦ
2216 4076 2310 4129 καὶ
2350 4072 2698 4142 ἀναγγέλλειν
2730 4074 2843 4136 τοῖς
2873 4070 3080 4135 λοιποῖς
3116 4068 3445 4142 ἀνθρώποις.

1862 4167 2002 4240 Φησὶ⁴
2046 4166 2155 4238 γὰρ
2190 4166 2445 4238 Ἔσδρας
2490 4162 2833 4220 Ἀπέστειλεν
2870 4163 2900 4214 ὀ
2934 4161 3065 4225 Θεὸς
3085 4161 3219 4234 πρὸς
3250 4161 3447 4224 αὑτοὺς

1863 4262 1989 4323 τοὺς
2011 4258 2229 4325 δούλους
2257 4257 2426 4311 αὑτοῦ
2452 4257 2576 4320 τοὺς
2607 4256 2893 4328 προφήτας
2912 4270 2925 4284 ·
2959 4254 3113 4307 αὐτοὶ
3158 4253 3215 4306 δὲ
3246 4253 3445 4325 ἐξεμυ-

1863 4352 2121 4425 κτήριζον
2164 4353 2292 4415 τοὺς
2337 4349 2604 4420 ἀγγέλους
2653 4346 3131 4412 αὑτοῦ.”Ωσαύτως
3173 4346 3268 4401 καὶ
3316 4347 3447 4418 περὶ

183 4444 341 4484 suam
365 4429 653 4494 convertit,
678 4429 949 4500 scriptura
977 4443 1119 4499 saepe
1144 4436 1371 4492 mutata,
1395 4427 1760 4497 omnibusque

1865 4444 1959 4499 τοῦ
1984 4443 2294 4516 προδρόμου
2327 4441 2475 4511 λέγει
2498 4441 2718 4513 Κύριος·
2740 4432 2908 4503 Οὗτός
2931 4440 3077 4492 ἐστιν
3102 4438 3231 4510 περὶ
3262 4430 3323 4491 οῦ
3351 4439 3445 4508 γέ-

180 4522 406 4583 omissis
435 4538 556 4593 qua:
580 4536 645 4577 ex
672 4520 794 4578 Jobi
824 4524 963 4581 libro
990 4524 1221 4594 aliisque
1251 4522 1572 4577 aﬂ‘eruntur.
1609 4518 1760 4576 Scri-

184 4626 281 4692 pta
317 4633 447 4672 vero
476 4624 605 4674 sunt
636 4617 689 4672 in
722 4616 985 4673 chronica
1010 4616 1158 4677 hunc
1187 4616 1240 4669 in
1275 4614 1497 4669 modum
1527 4632 1540 4668 :

229 4703 232 4706 ’
269 4712 326 4765 '0
358 4710 413 4764 δέ
445 4727 510 4779 γε
544 4708 723 4779 (1706
758 4708 968 4781 μέγας)
1013 4707 1266 4772 Ἰάκωϐος
1308 4706 1471 4775 ἁγνὸς
1503 4705 1765 4777 ὑπάρχων

181 4805 250 4858 ἐκ
294 4803 502 4867 κοιλίας
537 4801 741 4874 μητρὸς
779 4799 967 4865 αὑτοῦ,
1013 4795 1154 4854 οίνον
1189 4799 1286 4870 μὲν
1319 4799 1415 4852 καὶ
1448 4796 1641 4869 σίκερα
1665 4795 1765 4849 οὐκ

180 4898 339 4950 ἔπιεν
367 4895 489 4949 οὑδέ
519 4894 759 4967 ἔμψυχον
785 4892 1007 4963 ἔφαγεν,
1028 4891 1148 4946 οὑδέ
1183 4889 1447 4961 βαλανείῳ
1474 4889 1762 4961 ἐχρήσατο*

181 4989 254 5043 τά
289 4988 347 5043 δέ
372 4987 574 5056 γόνατα
605 4984 770 5041 αὑτοῦ
800 4983 1187 5054 ἀπεσκληκότα
1212 4982 1367 5053 δίκην
1399 4978 1643 5052 καμήλου
1675 4995 1766 5047 γε-

182 5080 406 5149 γόνασιν
439 5081 504 5131 ἐκ
540 5078 633 5132 τοῦ
672 5077 761 5131 ἀεὶ
801 5078 1071 5148 κάμπτειν
1115 5073 1208 5129 ἐπὶ
1248 5074 1378 5144 γόνυ
1411 5072 1505 5128 καὶ⁹
1540 5070 1621 5142 τῷ
1647 5069 1766 5142 Θεῷ

183 5168 699 5242 προσκυνεῖν.”06εν
726 5168 815 5223 διὰ
843 5166 940 5240 τὴν
969 5165 1269 5239 ὑπερϐολὴν
1296 5164 1396 5235 τῆς
1418 5162 1765 5232 δικαιοσύνης

184 5262 353 5317 αὑτοῦ
379 5263 473 5316 καὶ
498 5260 814 5332 θαυμαστῆς
847 5260 1117 5322 πολιτείας
1151 5257 1396 5313 ἐκαλεῖτο
1432 5256 1638 5318 δίκαιος
1670 5254 1765 5307 καὶ

184 5355 373 5419 όϐλίας
421 5353 539 5426 (ita
583 5353 777 5418 C0isl.,
805 5352 921 5406 όϐλ.
952 5351 1149 5422 1706),
1194 5351 1223 5404 ὃ
1263 5351 1379 5402 ἐστι
1410 5346 1640 5419 περιοχὴ
1672 5344 1763 5399 τοῦ

267 5530 493 5604 (74)(11.
544 5530 666 5604 Job.
720 5538 948 5604 cap.“
995 5539 1050 5584 et
1101 5544 1214 5604 τοι.
1259 5526 1464 5583 Textus
1550 5527 1763 5581 aronici

190 5600 541 5677 piurafhabet
566 5602 729 5677 digna
755 5600 1035 5677 notatione
1056 5600 1266 5677 critica.

264 5675 374 5743 (75)
406 5664 677 5727 Ιιαοοάεῖκ
711 5672 892 5734 habet,
917 5671 1330 5743 sed,utc‘|arum
1348 5666 1685 5743 c_st._vitio_sc.
1704 5664 1761 5723 In

192 5736 629 5802 lcitu'Vaticano
660 5744 890 5814 legitur:
927 5741 1219 5810 καιομένης
1265 5738 1397 5808 πυρὶ
1452 5736 1758 5808 ἀνθράκων,

1864 4551 2125 4608 γραπταν
2172 4532 2305 4586 Ἰδοὺ
2357 4531 2468 4601 ἐγὼ
2494 4529 2808 4585 ἀποστέλλω
2826 4529 2915 4583 τὸν
2940 4528 3169 4598 ἄγγελόν
3203 4546 3304 4600 μου
3341 4529 3447 4601 πρὸ

1864 4623 2154 4698 προσώπου
2184 4641 2299 4678 σου.
2335 4622 2446 4676 Καὶ
2471 4622 2534 4675 οὐ
2566 4621 2726 4694 μόνον
2757 4620 2980 4690 ἄγγελοι
3013 4620 3264 4690 λέγονται
3293 4622 3341 4675 οί
3370 4620 3447 4673 δί-

1864 4734 2030 4780 καιοι,
2064 4714 2201 4769 άλλά
2251 4713 2346 4769 καὶ
2394 4713 2528 4777 θεοὶ,
2558 4711 2698 4766 κατὰ
2719 4711 2810 4766 τὸν
2832 4711 3088 4780 λέγοντα’
3130 4710 3270 4780 Ἐγὼ
3294 4708 3442 4766 εἶπα·

1834 4797 1839 4802 ’
1863 4806 1987 4860 Θεοί
2019 4808 2140 4861 ἐστε
2168 4808 2263 4860 καὶ
2292 4806 2397 4860 υἱοὶ
2415 4805 2670 4875 Ὑψίστου
2697 4804 2915 4869 πάντες.
2935 4804 3084 4858 Ἐπεὶ
3108 4799 3200 4857 οῦν
3225 4804 3334 4877 (76)
3360 4807 3446 4858 αί-

1866 4896 2088 4967 δέσιμος
2116 4898 2211 4950 καὶ
2240 4896 2533 4967 σεϐάσμιος
2576 4896 2669 4949 καὶ
2696 4895 2900 4967 σφόδρα
2932 4895 3252 4967 περιϐόητος
3281 4896 3449 4968 ὑπῆρ-

1864 5004 1959 5057 χεν
2004 4990 2034 5042 ό
2081 4986 2363 5057 ίσάγγελος
2415 4986 2690 5050 Ἰάκωϐος,
2746 4985 2943 5055 ἑορτῆς
2992 4985 3294 5056 γενομένης
3350 4985 3445 5039 τοῦ

1866 5080 2058 5150 Πάσχα
2079 5082 2176 5134 καὶ
2206 5079 2415 5133 πολλῶν
2447 5078 2720 5151 μυριάδων
2751 5076 3113 5131 συνελθόντων
3145 5077 3204 5130 ἐν
3227 5076 3305 5148 τῷ
3332 5077 3445 5149 ναῷ

1864 5171 1973 5227 τῶν
2023 5172 2313 5236 Ἰουδαίων,
2348 5172 2442 5226 καί¹
2490 5170 2679 5225 τοῦτον
2730 5170 3125 5240 ἀνενέγκαντες
3181 5170 3229 5223 οί
3280 5170 3446 5242 ἱερεῖς

1867 5264 1945 5333 (in
1983 5264 2224 5333 margine
2248 5261 2617 5333 γραμματεῖς)
2650 5260 2742 5315 ἐπὶ
2765 5261 2827 5314 τὸ
2854 5259 3146 5332 πτερύγιον
3177 5254 3270 5312 τοῦ
3297 5260 3444 5331 ἱεροῦ

1864 5356 2214 5411 διασκεδάσαι
2254 5355 2566 5426 βουλόμενοι
2605 5353 2669 5406 τὸ
2714 5355 2973 5426 κήρυγμα
2999 5352 3256 5423 Χριστοῦ,
3290 5348 3445 5408 εἷπον

1864 5527 1899 5598 ἡ
1928 5525 2070 5598 ψυχὴ
2098 5524 2263 5598 αὑτοῦ
2288 5526 2571 5597 ἄνθρακες.

1938 5594 2170 5665 (76)“ΑΙ›
2206 5597 2291 5652 his
2324 5594 2449 5651 inde
2496 5612 2689 5650 rursus
2746 5610 2868 5648 cum
2915 5594 3142 5649 Coislin.
3175 5594 3282 5649 505
3333 5594 3440 5649 im-

1904 5684 1983 5721 cr.
2019 5668 2156 5720 1701i
2215 5668 2372 5732 facit;
2411 5669 2536 5719 item
2570 5667 2849 5720 (ledrcnus
2878 5673 3059 5719 textus
3092 5680 3283 5720 rursus
3308 5682 3439 5720 Cou-

1893 5738 2123 5794 ‘crcndus
2146 5747 2247 5803 est,
2285 5738 2356 5793 cf.
2390 5738 2474 5793 ed.
2510 5735 2682 5791 Paris.
2719 5753 2839 5807 pag.
2869 5735 2995 5790 “205.
3033 5735 3094 5789 D.
