3838 6218
424 321 443 373 Ι
456 321 561 375 “399

1876 316 2220 371 ADDENDA.

3532 316 3670 371 i500

420 442 632 513 μεγάλῃ
661 442 728 510 τῇ
762 442 929 511 φωνῇ·
950 438 1231 508 ’Ᾱξιοῦμέν
1258 455 1337 503 σε,
1361 437 1556 501 δίκαιε,
1578 439 1752 492 είπεῖν
1780 438 1858 509 τῷ
1883 439 1997 509 λαῷ
2031 464 2073 516 Α
2101 439 2286 491 τοῦτον
2315 438 2551 504 ἐδέξατο,
2580 437 2832 492 ἐκέλευσε
2865 437 2919 490 δὲ
2949 436 3151 507 μηδένα
3175 436 3404 507 ἔμτῠοδον
3429 436 3674 504 γίνεσθαι

416 533 503 585 ἵνα
537 532 611 603 μὴ
636 532 943 586 πλανῶνται
969 532 1144 585 όπίσω
1168 531 1259 584 τοῦ
1287 530 1580 601 λεγομένου
1606 531 1841 601 Χριστοῦ
1864 548 1876 561 ’
1913 532 1998 583 σοι

414 624 523 695 γάρ
557 624 754 687 πάντες
788 624 1105 695 πειθόμεθα,
1134 621 1492 691 γινώσκοντες
1540 639 1599 676 σε
1640 622 1845 676 δίκαιον
1870 622 2001 677 ὄντα

414 718 510 770 καὶ
552 715 1146 786 ἀπροσωπόληπτον.”υ
1182 714 1239 767 δὲ
1289 713 1608 785 ἀποκριθεὶς
1656 713 1792 784 ἔφη’
1829 714 1895 767 Τί
1931 730 1998 783 με

413 809 725 879 ἐπερωτᾶτε
751 808 879 878 περὶ
902 806 997 859 τοῦ
1031 805 1289 878 Χριστοῦ,
1327 807 1421 859 καὶ
1447 806 1608 870 αὐτὸς
1633 806 1916 871 καθέζεται
1940 807 1997 858 ἐν

411 902 563 971 δεξιᾷ
582 900 673 953 τοῦ
709 898 843 951 Θεοῦ
873 901 930 951 ἐν
959 897 1036 968 τῷ
1066 898 1298 968 ούρανῷ.
1320 899 1382 950 Οἱ
1401 898 1457 951 δὲ
1484 898 1789 969 παράνομοι
1815 898 1999 968 ἀρχιε-

414 995 526 1062 ρεῖς
557 992 649 1044 καὶ
680 992 960 1061 Φαρισαῖοι
987 989 1239 1061 ἔκραξανο
1262 986 1333 1042 Ὦ
1358 984 1403 1043 ὦ
1430 990 1448 1058 (
1471 990 1573 1043 hoc
1598 994 1871 1052 accentu)'
1902 991 1998 1042 καὶ

411 1083 440 1133 6
471 1081 677 1143 δίκαιος
700 1081 1000 1151 ἐπλανήθη.
1027 1080 1135 1132 Καὶ
1157 1075 1315 1132 εἶπαν
1343 1080 1480 1151 πρὸς
1502 1079 2000 1151 ἀλλήλους’Κακῶς

414 1173 749 1243 ἐποιήσαμεν
798 1171 1049 1240 τοιαύτην
1102 1170 1406 1241 μαρτυρίαν
1453 1170 1573 1223 καθ’
1607 1169 1815 1223 ἑαυτῶν
1856 1169 1999 1241 ὑπὲρ

412 1264 507 1317 τοῦ
568 1263 743 1335 Ἰησοῦ
800 1262 1190 1333 παρασχόντες.
1236 1261 1347 1315 Καὶ
1393 1260 1579 1313 πολλοὶ
1623 1262 1687 1313 ἐκ
1730 1260 1823 1313 τοῦ
1868 1259 1997 1313 λαοῦ

415 1356 745 1418 ἀκούσαντες
794 1354 1140 1406 ἐπίστευσαν.
1178 1353 1287 1405 Καὶ
1318 1352 1382 1420 δὴ
1420 1352 1679 1422 μανέντες
1720 1352 1770 1404 οἱ
1816 1351 1999 1419 ἐξάγι-

417 1459 531 1494 στοι
560 1442 653 1495 καὶ
686 1440 872 1494 τοῦτον
903 1457 1150 1512 κατακρη
1162 1440 1468 1511 μνίσαντες,
1500 1439 1687 1503 κλίνας
1705 1440 1776 1493 τά
1794 1442 1998 1509 γόνατα

417 1536 558 1607 ὑπὲρ
599 1534 778 1589 αὐτῶν
831 1534 1187 1605 προσηύχετο.
1239 1533 1348 1587 Καὶ
1386 1533 1751 1603 προσεγγίσας
1780 1550 1866 1597 τις
1889 1534 1997 1587 τῶν

417 1630 549 1683 υίῶν
590 1627 777 1698 Ῥιχάϐ
832 1627 927 1681 καὶ
978 1626 1219 1690 ἀκούσας
1266 1626 1433 1681 αὑτοῦ
1482 1626 1629 1695 λέγει
1685 1626 1895 1689 αὐτοῖς·
1930 1626 1996 1678 Τί

418 1722 648 1783 ποιεῖτε;
686 1719 743 1772 '0
774 1717 978 1780 δίκαιος
1018 1716 1216 1787 μᾶλλον
1244 1716 1384 1787 ὑπὲρ
1414 1715 1566 1785 ὑμῶν
1602 1713 1620 1785 (
1644 1715 1780 1769 1796
1802 1715 1995 1787 ήμῶν)

2099 532 2192 584 τοῦ
2227 533 2461 603 Χριστοῦ
2493 531 2570 603 τῷ
2614 530 2949 602 κηρύγματι,
2982 532 3075 584 καὶ
3108 531 3206 601 μέν
3227 546 3291 598 γε
3320 530 3415 581 καὶ
3446 528 3677 581 θάνατον

2100 623 2504 695 προσηπείλησε
2523 626 2637 687 τοῖς
2655 626 2979 694 κατηγορεῖν
3000 621 3238 693 τολμῶσι
3266 620 3362 674 τοῦ
3388 621 3679 694 κηρύγμα-

2097 731 2209 778 τος.
2239 714 2395 768 υῦτω
2425 715 2556 783 γοῦν
2586 718 2651 786 τῇ
2687 714 2807 785 θείᾳ
2851 712 3088 785 Χριστοῦ
3128 712 3356 781 δυνάμει
3395 710 3613 780 ἀθρόως
3645 711 3678 779 ή

2100 802 2361 876 σύμπασα
2400 807 2693 877 οἰκουμένη
2727 805 2827 875 τῆς
2860 806 3013 876 ἱερᾶς
3038 803 3163 873 (sic)
3200 803 3295 856 τοῦ
3320 802 3681 874 κηρύγματος

2097 897 2185 950 διὰ
2212 898 2310 967 τῆς
2341 899 2448 950 τῶν
2485 898 2796 952 ἀποστόλων
2819 896 3167 959 διδασκαλίας
3195 896 3575 966 πεπλήρωται.
3594 895 3683 958 Ἐξ

2098 983 2175 1043 ὧν
2206 990 2468 1044 Θαδδαίου
2502 994 2559 1043 ἐν
2604 991 2825 1060 Ἐδέσσῃ
2868 992 2934 1059 τῇ
2982 988 3133 1041 πόλει
3177 986 3547 1059 κηρύσσοντος
3592 985 3680 1038 τὸν

2098 1080 2253 1149 λόγον
2274 1080 2407 1151 (78),
2432 1082 2525 1135 καὶ
2547 1083 2575 1134 6
2598 1083 2775 1134 ἐκεῖσε
2806 1078 3392 1151 τοπάρχης,Ἀϐγαρος
3414 1076 3676 1147 τοῦνομα,

2097 1173 2256 1245 δεινῷ
2303 1172 2463 1227 πάθει
2497 1173 2856 1244 κατεχόμενος
2888 1173 2984 1226 καὶ
3023 1172 3397 1244 φθειρόμενος,
3434 1171 3680 1231 ἀκούσας

2098 1265 2159 1317 τὸ
2200 1264 2370 1335 ὄνομα
2410 1264 2645 1336 Χριστοῦ
2690 1264 2785 1317 καὶ
2811 1263 2911 1327 τάς
2934 1263 3189 1332 δυνάμεις
3232 1260 3543 1332 συμφώνως
3576 1259 3680 1313 ὑπὸ

2100 1356 2318 1411 πάντων
2360 1356 2827 1429 μαρτυρουμένας,
2864 1354 3047 1426 ίκέτης
3079 1354 3313 1425 Χριστοῦ
3359 1354 3450 1408 διὰ
3491 1371 3678 1425 γραμ-

2102 1449 2420 1519 ματηφόρου
2450 1448 2678 1515 γίνεται,
2705 1446 2871 1513 ἀξιῶν
2898 1447 2995 1517 τῆς
3026 1446 3182 1499 νόσου
3210 1448 3393 1515 τυχεῖν
3428 1445 3679 1499 ἀπαλλα-

2098 1537 2221 1609 γὴν.
2253 1537 2467 1608 γράψας
2511 1537 2601 1590 διά
2644 1553 2789 1599 τινος
2828 1536 3067 1589 Ἀνανίου
3095 1535 3435 1607 ταχυδρόμου
3464 1536 3548 1597 εἰς
3588 1536 3683 1587 Ἰε-

2099 1629 2376 1701 ρουσαλὴμ
2397 1629 2542 1682 τάδε·
2576 1648 2594 1679 ι
2624 1628 2899 1700 Ἀϐγαρος
2930 1628 3229 1699 τοπάρχης,
3264 1627 3439 1697 Ἰησοῦ
3474 1628 3682 1697 σωτῆρι

2097 1719 2287 1790 ἀγαθῷ
2308 1720 2629 1788 ἀναφανέντι
2651 1720 2709 1772 ἐν
2741 1717 3112 1790 Ἰερουσαλὴμ.
3137 1718 3682 1790 χαίρειν.Ἦκουσταί

416 1808 654 1879 εὔχεται.
690 1807 799 1860 Καὶ
847 1805 1070 1877 δραμών
1120 1824 1203 1870 τις
1257 1806 1497 1873 κναφεὺς
1527 1804 1727 1859 ἔδωκεν
1777 1806 1858 1867 είς
1898 1805 1997 1875 τὴν
2032 1801 2070 1855 Β
2101 1829 2190 1882 μοι
2230 1814 2360 1884 περὶ
2404 1811 2499 1865 σοῦ
2531 1813 2624 1865 καὶ
2656 1811 2765 1864 τῶν
2790 1812 2899 1864 σῶν
2928 1810 3169 1881 ἰαμάτων
3198 1811 3275 1873 ὡς
3303 1810 3432 1864 ἀνευ
3459 1810 3684 1881 φαρμά-

418 1901 657 1972 κεφαλὴν
704 1899 869 1953 αὑτοῦ
924 1900 1061 1970 μετά
1101 1900 1193 1953 τοῦ
1236 1899 1393 1965 ξύλου
1425 1902 1482 1953 ἐν
1512 1892 1557 1966 ᾧ
1587 1897 1655 1951 τά
1688 1897 1877 1967 ἱμάτια
1904 1899 1999 1950 ἐκ·

418 1994 594 2058 πιέζει
622 1992 783 2062 (1706
808 1990 951 2055 -ζειν
977 1992 1179 2061 εἴωθε),
1216 1992 1308 2046 καὶ
1337 1991 1681 2064 παραχρῆμα
1714 1989 1999 2061 ἐτελεύτη-

418 2102 509 2138 σεν
535 2087 563 2138 6
585 2084 808 2147 δίκαιος.
838 2083 1118 2152 Θάψαντες
1144 2083 1201 2136 δὲ
1234 2084 1398 2137 αὑτὸν
1439 2082 1590 2154 παρὰ
1623 2081 1700 2153 τῷ
1729 2082 1841 2153 ναῷ
1866 2083 2000 2152 ἀνή-

416 2194 606 2248 γειραν
656 2174 822 2229 αὑτοῦ
870 2174 965 2246 τὴν
1013 2174 1248 2246 στήληνο
1300 2173 1441 2246 μετά
1469 2174 1528 2227 δὲ
1561 2173 1660 2244 τὴν
1694 2173 2001 2246 μαρτυρίαν

417 2267 581 2321 αὐτοῦ
626 2266 776 2338 παρά
828 2266 991 2329 πόδας
1029 2265 1384 2337 Ἰερουσαλὴμ
1430 2265 1817 2336 πολιορκεῖται.
1864 2265 2002 2335 Φησὶ

417 2357 526 2428 γάρ
550 2355 870 2427 Ἰώσηππος·
896 2355 1078 2408 Ταῦτα
1104 2356 1160 2409 δὲ
1190 2354 1536 2427 συμϐέϐηκεν
1576 2354 1847 2417 Ἰουδαίοις
1879 2352 2000 2406 κατ’

418 2446 695 2518 ἐκδίκησιν
742 2444 999 2499 Ἰακώϐου
1045 2446 1140 2499 τοῦ
1188 2446 1419 2512 δικαίου,
1446 2446 1505 2509 ὃς
1532 2441 1599 2518 ἦν
1631 2444 1859 2514 ἀδελφὸς
1900 2445 2002 2515 Ἰη-

420 2538 515 2589 σοῦ
542 2536 635 2589 τοῦ
668 2536 960 2607 λεγομένου
996 2536 1265 2608 Χριστοῦ·
1302 2537 1486 2607 ἐπειδή
1521 2552 1627 2607 περ
1666 2534 2002 2589 δικαιότατον

419 2626 581 2680 αὐτὸν
614 2627 741 2679 δντα
782 2627 1024 2680 Ἰουδαῖοι
1056 2628 1405 2681 ἀπέκτειναν.
1434 2629 1498 2679 Oi
1530 2626 1639 2698 (77)
1666 2627 1842 2680 τοίνυν
1868 2626 2001 2679 ’1ου-

417 2714 557 2769 δαίοι
592 2715 728 2787 μετά
760 2717 859 2786 τὴν
886 2718 978 2770 τοῦ
1011 2718 1215 2789 Κυρίου
1250 2718 1405 2788 ἡμῶν
1430 2716 1694 2788 ἀνάληψιν
1720 2704 1999 2785 ἀπολέμη-

418 2820 501 2858 τοι
552 2805 646 2877 ἐτη
698 2813 749 2877 μ’
778 2806 1071 2877 διέμειναν,
1100 2806 1195 2860 τοῦ
1245 2806 1481 2879 Χριστοῦ
1527 2804 2001 2878 μακροθυμοῦντος

421 2896 515 2948 ἐπὶ
541 2899 606 2967 τῇ
638 2898 953 2969 παρανομίᾳ
985 2899 1078 2951 καὶ
1105 2897 1370 2969 θεομαχίᾳ
1398 2898 1597 2961 αὐτῶν,
1630 2898 1778 2960 ὅπως
1805 2912 2001 2964 γνωσι-

425 2990 764 3059 μαχήσαντες
790 2990 881 3042 ἐπὶ
900 2992 965 3060 τῇ
989 2989 1208 3061 τοιαύτῃ
1229 2988 1575 3061 πλημμελείᾳ
1598 2988 1823 3060 ίσχυράν
1847 2990 2000 3059 ποιή-

2099 1922 2211 1958 κων
2241 1905 2336 1958 καὶ
2370 1904 2608 1975 βατάνων
2646 1904 2751 1958 ὑπὸ
2781 1904 2876 1957 σοῦ
2914 1902 3232 1974 γινομένων.
3250 1903 3338 1965 Ὡς
3362 1901 3474 1973 γάρ
3500 1903 3684 1970 λόγος,

2097 1994 2332 2063 τυφλοὺς
2368 1994 2694 2047 ἀναϐλέπειν
2724 1996 2897 2057 ποιείς
2946 1994 3039 2046 καὶ
3073 1993 3281 2064 χωλοὺς
3333 1996 3680 2064 περιπατεῖν,

2097 2082 2192 2135 καὶ
2221 2082 2452 2155 λεπροὺς
2484 2083 2821 2155 καθαρίζεις,
2842 2084 2936 2137 καὶ
2952 2083 3236 2154 ἀκάθαρτα
3265 2083 3555 2153 πνεύματα
3587 2085 3681 2137 ἐκ-

2099 2171 2335 2237 ϐάλλεις,
2367 2174 2614 2237 καὶτοὺς
2650 2176 2709 2227 ἐν
2747 2175 3084 2245 μακρονοσίᾳ
3114 2174 3577 2245 βασανιζομένους
3600 2174 3661 2227 θε

2101 2263 2379 2336 ραπεύεις,
2398 2266 2492 2317 καὶ
2522 2265 2751 2335 νεκροὺς
2782 2265 3222 2336 ἐγείρεις.”Δπερ
3256 2264 3523 2329 ἀκούσας,
3544 2266 3685 2318 κατὰ

2100 2356 2225 2409 νοῦν
2266 2356 2469 2427 ἐθέμην
2508 2356 2618 2409 τῶν
2659 2356 2753 2409 δύο
2795 2356 2855 2408 τὸ
2894 2356 3113 2427 ἕτερον’
3144 2357 3177 2427 ἢ
3208 2358 3290 2409 ὅτι
3321 2358 3385 2411 σὺ
3420 2352 3471 2409 εἷ
3494 2359 3525 2410 6
3554 2356 3684 2418 Θεὸς

2100 2448 2195 2501 ἀπ’
2244 2448 2473 2520 ούρανοῦ
2522 2447 2784 2511 καταϐὰς,
2830 2447 2864 2518 ἢ
2912 2447 3039 2511 Υίὸς
3094 2448 3357 2517 ὑπάρχεις
3400 2448 3499 2500 τοῦ
3547 2447 3681 2501 Θεοῦ

2100 2540 2269 2594 ποιῶν
2296 2538 2489 2593 ταῦτα.
2521 2539 2619 2592 Διά
2658 2536 2817 2593 τοῦτο
2858 2536 2950 2593 οῦν
2993 2539 3210 2610 γράψας
3249 2538 3384 2603 ἀξιῶ
3416 2539 3595 2594 ἐλθεῖν
3625 2557 3682 2592 σε

2100 2632 2238 2704 πρὸς
2268 2648 2336 2702 με
2370 2634 2387 2699 (
2405 2632 2479 2684 ita
2506 2630 2677 2685 codex
2704 2630 2722 2700 )
2752 2631 2845 2685 καὶ
2870 2630 2932 2683 τὸ
2965 2629 3185 2699 συνέχον
3221 2646 3287 2699 με
3317 2628 3490 2692 πάθος
3526 2629 3685 2700 θερα-

2101 2723 2322 2776 πεῦσαι.
2347 2725 2456 2778 Καὶ
2480 2724 2589 2794 γὰρ
2621 2724 2831 2794 ἤκουσα
2858 2722 2939 2775 ὅτι
2969 2720 3471 2788 καταγογγύζουσίν
3506 2720 3682 2790 [σουη

2113 2816 2350 2869 Ἰουδαῖοι
2400 2817 2493 2869 καὶ
2528 2814 2805 2885 βούλονταί
2852 2832 2911 2867 σε
2956 2812 3236 2867 κακῶσαι·
3282 2812 3439 2877 πόλις
3489 2814 3549 2867 δέ
3596 2831 3683 2883 μοι

2103 2907 2405 2977 μικροτάτη
2435 2906 2601 2971 ἐστὶν,
2641 2906 2762 2976 ἥτις
2791 2904 3074 2975 ἐξαρκέσει
3094 2904 3451 2975 ἀμφοτέροις.
3481 2923 3501 2955 ι
3548 2905 3606 2957 ὐ
3630 2904 3682 2957 δέ

2101 2998 2304 3070 Κύριος
2332 3000 2600 3067 ἀναγνοὺς
2620 2997 2792 3050 ταῦτα
2822 2995 3147 3066 ἀντιγράφει
3171 2994 3308 3067 πρὸς
3332 2996 3502 3049 αὐτὸν
3522 2994 3679 3049 οῦτωσ

424 3098 622 3134 σωνται
668 3080 766 3152 τὴν
814 3081 1289 3151 μετάνοιανιὊθεν
1332 3081 1515 3144 αὐτοῖς
1558 3080 1766 3152 φοὸερὰ
1797 3082 1997 3150 σημεῖα
2026 3141 2065 3161 η
2108 3107 2125 3139 ι
2150 3088 2434 3161 Μακάριος
2460 3092 2488 3142 6
2514 3088 2806 3152 πιστεύσας
2832 3088 2889 3140 ἐν
2910 3087 3054 3158 ἐμοὶ,
3081 3086 3185 3141 κᾶν
3207 3087 3282 3157 μὴ
3315 3086 3567 3158 ἑώρακέν
3595 3104 3679 3157 με.

423 3171 731 3227 ἐπεδείκνυε
759 3172 857 3243 τὴν
886 3172 1183 3243 μέλλουσαν
1202 3171 1635 3242 καταλαμϐάνειν
1650 3171 1844 3233 αὐτοὺς
1861 3170 1999 3224 ἀλω-
2025 3170 2066 3197 ν
2102 3181 2237 3252 Περὶ
2260 3181 2316 3234 δὲ
2344 3175 2404 3235 οὗ
2433 3180 2676 3251 ἔγραψας
2704 3179 2875 3233 ὲλθεῖ»
2905 3195 2968 3249 με
2997 3178 3133 3250 πρὸς
3165 3177 3229 3230 σέ
3259 3177 3403 3247 (ita),
3426 3178 3549 3231 δέον
3572 3178 3683 3231 ἐστὶ

425 3279 512 3315 σιν
536 3262 935 3333 προμηνύοντα.
953 3264 1041 3316 Ἐν
1064 3263 1173 3334 γάρ
1198 3266 1263 3334 τῇ
1291 3263 1400 3317 τῶν
1430 3262 1655 3335 ἀζύμων
1681 3263 1841 3332 ἑορτῇ
1871 3261 1999 3332 περὶ

426 3353 576 3425 ὥραν
608 3355 804 3425 ἐνάτην
839 3355 939 3424 τῆς
972 3355 1164 3418 νυκτὸς
1193 3354 1445 3408 τοσοῦτον
1485 3358 1600 3425 φῶς
1624 3355 1716 3407 τὸν
1752 3353 1876 3407 ναὸν
1904 3352 2001 3405 καὶ

423 3446 516 3499 τὸν
553 3448 733 3517 βωμὸν
785 3447 1154 3519 περιέλαμψεν
1201 3448 1292 3501 ἐπὶ
1328 3448 1477 3520 ὤραν
1529 3448 1678 3519 μίαν,
1704 3448 1780 3511 ὡς
1824 3446 2001 3500 δοκεῖν

426 3526 642 3610 ἡμέραν
667 3541 938 3608 γενέσθαι.
975 3542 1128 3594 Μετὰ
1153 3541 1210 3594 δέ
1236 3541 1395 3595 τοῦτο
1433 3543 1604 3615 ἐφάνη
1632 3542 1830 3615 άστρον
1860 3539 2000 3611 ὑπὲρ

428 3630 525 3702 τὴν
554 3633 708 3685 πόλιν
738 3633 980 3704 ῥομφαίᾳ
1006 3633 1408 3704 παραπλήσιον.

499 3722 631 3788 Qua:
659 3724 800 3792 apud
835 3732 1046 3780 veteres
1070 3727 1133 3779 de
1160 3725 1391 3795 epistolis
1415 3725 1631 3796 Abgari,
1658 3725 1803 3796 regis
1827 3723 2001 3780 Edes-

429 3815 568 3879 seni,
598 3822 653 3870 et
678 3813 877 3869 Christi
908 3816 1457 3880 circumferebantur.
1485 3833 1549 3871 ea
1580 3831 1611 3870 α
1639 3816 1886 3873 Cedreno
1917 3833 2005 3872 re-

433 3907 539 3961 lata
587 3916 715 3960 sunt
747 3906 976 3961 historia
1021 3908 1225 3963 Christi
1265 3908 1535 3977 exposita.
1585 3907 1658 3962 cf.
1705 3908 1793 3965 ed.
1825 3906 2001 3962 Paris.

434 4013 555 4067 pag.
582 3997 719 4062 175;
746 3996 833 4053 ed.
865 3996 1039 4053 Bonn.
1069 4012 1191 4069 pag.
1216 3998 1344 4053 308.
1386 3997 1433 4051 Δ
1472 3998 1675 4067 quibus
1709 4012 1836 4052 cum
1867 3997 2005 4053 satis

431 4087 646 4143 diﬂ‘erat
676 4097 859 4145 textus
891 4089 1165 4153 chronici,
1201 4092 1365 4145 etiam
1407 4090 1553 4144 hunc
1582 4089 1861 4144 ascribere
1890 4088 2007 4158 pla-

431 4186 540 4241 cet.
587 4181 883 4249 praemissis
912 4181 981 4237 iis
1016 4196 1137 4251 quae
1173 4181 1361 4237 eadem
1392 4181 1673 4236 Cedrenus
1712 4180 1820 4234 alio
1864 4194 2007 4234 nexu

434 4268 545 4339 (cf.
581 4270 667 4324 ed.
700 4268 876 4325 Paris.
908 4287 1030 4341 pag.
1064 4270 1160 4325 191
1199 4270 1240 4323 D
1265 4288 1281 4338 ;
1308 4270 1397 4326 ed.
1436 4269 1609 4325 Bonn.
1634 4285 1756 4340 pag.
1792 4268 1926 4341 556)
1953 4276 2009 4323 et

436 4360 707 4431 scriptura
741 4363 943 4432 passim
977 4362 1261 4417 diﬂ‘crente
1296 4362 1365 4418 de
1393 4361 1598 4418 Tiberii
1628 4362 1775 4417 circa
1802 4360 2008 4417 Christi

2100 3274 2383 3346 πληρῶσαι
2422 3274 2597 3327 πάντα
2626 3271 2690 3326 δι’
2714 3272 2750 3326 ἀ
2781 3270 3094 3341 ἀπεστάλην
3136 3268 3401 3332 ἐνταῦθα,
3433 3272 3531 3324 καί
3562 3273 3683 3323 ἀνια-

2098 3369 2369 3443 ληφθῆναι
2396 3368 2531 3442 πρὸς
2563 3367 2653 3421 τὸν
2685 3363 3087 3421 ἀποστείλαντά
3111 3380 3201 3435 με.
3230 3364 3341 3416 Καὶ
3361 3363 3542 3427 οῦτως
3564 3364 3683 3416 ἀπο-

2103 3461 2272 3515 στελῶ
2314 3478 2395 3513 σοι
2430 3457 2549 3512 τινὰ
2577 3457 2701 3530 (sic)
2734 3456 2843 3509 τῶν
2884 3455 3140 3527 μαθητῶν
3185 3473 3308 3525 μου,
3343 3456 3441 3508 καὶ
3479 3455 3682 3509 ίάσεταί

2104 3569 2197 3606 σου
2230 3552 2291 3605 τὸ
2335 3552 2526 3614 πάθος,
2566 3550 2660 3603 καὶ
2694 3545 2839 3619 ζωὴν
2889 3549 2971 3600 σοὶ
3009 3548 3103 3601 καὶ
3131 3551 3244 3612 τοῖς
3276 3547 3372 3600 σὺν
3406 3548 3494 3600 σοὶ
3523 3546 3683 3618 παρέ-

2105 3642 2205 3709 ξει.
2233 3662 2251 3695 ι
2287 3641 2524 3705 Ταύταις
2547 3639 2640 3695 οῦν
2664 3642 2783 3705 ταῖς
2809 3638 3117 3702 ἐπιστολαῖς
3146 3637 3226 3691 ἐτι
3248 3637 3341 3691 καὶ
3366 3638 3548 3692 ταῦτα
3578 3655 3682 3690 συν-

2102 3738 2243 3809 ῆπτο
2270 3738 2335 3807 τῇ
2368 3735 2477 3788 τῶν
2507 3734 2691 3806 Σύρων
2718 3735 2889 3804 φωνῇ,
2921 3730 3181 3785 Θαδδαίου
3212 3729 3522 3801 πράξαντος
3554 3730 3682 3801 μετὰ

2103 3829 2201 3899 τὴν
2243 3827 2509 3899 ἀνάληψιν
2550 3826 2643 3880 τοῦ
2678 3825 2904 3897 Κυρίου.
2923 3824 2981 3877 Ὁ
3011 3824 3191 3876 τοίνυν
3222 3823 3501 3895 Ἀϐγαρος
3523 3822 3679 3877 ἀκού-

2109 3935 2207 3981 σας
2234 3917 2331 3990 την
2373 3914 2663 3985 ἐπιστολὴν
2686 3914 2892 3984 Κυρίου
2935 3912 3135 3983 μᾶλλον
3166 3914 3246 3975 είς
3280 3912 3447 3965 πόθον
3477 3912 3570 3965 καὶ
3598 3911 3679 3964 πί-

2109 4027 2225 4063 στιν
2264 4009 2471 4080 ἐξήφθη
2519 4006 2762 4078 μείζονα,
2798 4006 2892 4060 καὶ
2920 4005 3022 4059 κᾶν
3049 4007 3109 4058 ἐν
3132 4004 3301 4058 εἰκόνι
3334 4003 3431 4057 τὸν
3454 4004 3679 4077 Χριστὸδ

2115 4102 2274 4172 μόνον
2316 4100 2611 4155 θεάσασθαι
2634 4099 2753 4152 λίαν
2786 4098 3089 4169 ἐφιέμενος,
3119 4096 3441 4150 ἀποστέλλει
3481 4098 3681 4167 ζωγρά-

2111 4208 2230 4261 φον,
2264 4190 2405 4243 ὥστε
2434 4189 2496 4243 τὸ
2532 4190 2673 4243 θεῖον
2698 4184 2835 4252 εἶδος
2862 4187 3071 4241 ἐκείνου
3111 4187 3517 4258 διαχαράξαντα
3557 4187 3679 4259 πρὸς

2110 4284 2274 4336 αὑτὸν
2326 4282 2572 4353 κομίζειν
2608 4282 2684 4345 ὡς
2722 4282 2976 4350 τάχιστα.
3022 4280 3128 4334 Τοῦ
3176 4280 3233 4333 δὲ
3281 4280 3679 4351 διαμαρτῶντος

2112 4373 2235 4443 (sic)
2261 4373 2355 4427 τοῦ
2386 4372 2592 4426 σκοποῦ
2618 4371 2706 4425 διὰ
2727 4372 2824 4442 τὴν
2856 4370 3300 4442 ὑπερϐάλλουσαν
3339 4372 3439 4425 τοῦ

436 4455 695 4508 honorem
728 4454 911 4509 studio
935 4461 1143 4509 narrat.
1172 4455 1262 4507 Διὸ
1288 4455 1380 4507 καὶ¹
1409 4455 1638 4518 Πιλᾶτος
1669 4455 1793 4525 (hoc
1815 4469 2003 4509 accen-

2114 4482 2217 4517 που
2251 4463 2408 4537 χάριν
2429 4480 2486 4516 τε
2516 4463 2611 4516 καὶ
2628 4462 3010 4533 λαμπρότητα,
3036 4462 3196 4527 αὐτὸς
3220 4462 3300 4533 τῷ
3318 4464 3510 4533 οἰκείῳ
3534 4475 3663 4531 προσ

435 4556 491 4601 ιιι
529 4546 644 4616 ipse
676 4545 866 4615 codex)
893 4544 1046 4610 εἰδὼς
1081 4544 1242 4599 αὐτοῦ
1276 4545 1335 4598 τὸ
1369 4545 1659 4616 φιλάληθες
1687 4546 1780 4599 καὶ
1805 4544 2006 4614 φιλοδί-

436 4656 589 4692 καιον
630 4638 698 4691 τὰ
743 4639 1001 4709 τεράστια
1030 4636 1267 4709 Χριστοῦ
1307 4638 1484 4690 πάντα
1516 4636 1607 4691 καὶ
1632 4636 1701 4689 τά
1724 4636 1824 4706 τῆς
1850 4636 2007 4690 εύσε-

436 4729 586 4793 ϐείας
616 4728 779 4782 αὑτοῦ
824 4730 1066 4801 δόγματα
1096 4729 1162 4781 δι’
1189 4728 1454 4799 ἐπιτομῆς
1487 4729 1880 4782 ἀνεκοινώσατο
1910 4729 2009 4782 αὺ-

436 4822 535 4893 τῷ,
583 4822 763 4886 καθὼς
813 4824 1014 4894 ἱστορεῖ
1058 4820 1437 4894 Τερτυλιανὸς,
1476 4823 1505 4874 6
1543 4820 1651 4874 τῶν
1688 4821 2011 4892 Ῥωμαϊκῶν

439 4915 619 4985 νόμων
644 4916 979 4985 ἐπιστήμων,
1020 4916 1076 4968 ἐν
1103 4917 1168 4985 τῇ
1204 4912 1344 4984 ὑπὲρ
1371 4912 1476 4967 τῶν
1507 4912 1845 4985 Χριστιανῶν
1880 4914 2013 4967 ἀπο-

436 5006 615 5077 λογία,
642 5006 850 5072 διεξιὼν
874 5008 966 5059 καὶ
985 5008 1066 5060 ὅτι
1097 5006 1231 5076 μετά
1255 5004 1480 5058 θάνατον
1502 5004 1763 5058 ἀνεϐίωσε
1792 5004 1883 5057 καὶ
1910 5005 2009 5076 ἤδη

435 5098 591 5170 ποτὰ
622 5100 755 5151 πᾶσι
787 5098 919 5161 Θεὸς
966 5094 1105 5152 εἶναι
1147 5097 1482 5161 πιστεύεται,
1518 5097 1612 5152 καὶ
1652 5098 1733 5150 ὅτι
1766 5097 2013 5168 Τιϐέριος

438 5190 808 5259 καταπλαγεὶς
834 5191 1117 5263 ἀνήγγειλε
1159 5192 1335 5246 πάντα
1360 5192 1452 5244 ἐπὶ
1479 5190 1575 5261 τὴν
1608 5188 1931 5259 σύγκλητον.
1950 5189 2012 5241 Ἡ

440 5283 496 5336 δὲ
538 5283 598 5335 ού
636 5282 947 5353 προσήκατο
979 5281 1311 5354 πειθαρχεῖν,
1342 5283 1491 5355 νόμῳ
1535 5281 1747 5352 παλαιῷ
1782 5281 2015 5350 λέγουσα

444 5375 520 5446 μή
555 5374 816 5446 πρότερον
848 5372 1211 5428 θεοποιεῖσθαί
1243 5393 1365 5430 τινα
1389 5377 1436 5428 εί
1479 5376 1552 5445 μὴ
1575 5375 1741 5447 ψήφῳ
1787 5375 1880 5427 καὶ
1925 5374 2013 5426 δό-

439 5484 612 5538 γματι
666 5467 795 5538 παρ’
822 5465 988 5536 αὐτῆς
1039 5467 1413 5539 ἐγκριθείη.’0
1457 5467 1513 5520 δὲ
1565 5468 1654 5521 τὸν
1708 5467 1805 5538 μὲν
1854 5467 2016 5537 νόμον

470 5602 476 5609 .
513 5558 624 5627 (77)
656 5559 786 5623 Qua:
815 5558 883 5611 ah
911 5558 1014 5612 hoc
1045 5558 1169 5613 inde
1201 5559 1318 5613 loco
1345 5567 1671 5629 sequuntur.
1722 5557 1861 5627 apud
1908 5557 2017 5629 Ge-

441 5629 675 5699 drenuln
730 5628 1009 5699 excipiunt
1055 5645 1175 5683 eam
1202 5646 1386 5699 .rqualn
1427 5628 1601 5697 ’supra
1656 5629 1893 5682 vidimus
1952 5628 2017 5699 de

446 5704 590 5771 Luca
623 5697 1293 5771 historiam.Adesincutciu
1339 5701 1521 5757 verbis
1566 5702 1593 5753 ό
1636 5699 1811 5771 πατὴρ
1851 5697 2014 5753 αὐτοῦ

448 5769 619 5839 μέγας
646 5768 1067 5833 Κωνσταντίνος.
1765 5768 1793 5771 “’
1984 5781 2000 5789 '

2109 4555 2243 4627 ὡπῳ
2273 4557 2463 4627 ὀθόνην
2491 4554 2700 4617 ἐπιθεὶς
2732 4554 3097 4625 ἐναπομάττει
3122 4554 3184 4607 τὸ
3208 4556 3407 4608 ἑαυτοῦ
3439 4556 3674 4625 ὁμοίωμα

2110 4650 2203 4702 καὶ
2234 4648 2509 4719 ἐκπέμπει
2639 4646 2833 4718 ἐρῶντι
2866 4646 2927 4699 τὸ
2960 4647 3314 4716 ποθούμενον.
3354 4649 3470 4700 Καὶ
3511 4646 3674 4716 μέντοι

2111 4742 2203 4796 καὶ
2227 4742 2331 4813 πρὸ
2353 4740 2542 4794 τούτου
2568 4739 2729 4793 πάλιν
2753 4739 3031 4810 ἱστόρηται
3056 4739 3335 4803 ὡσαύτως,
3355 4741 3441 4792 ὅτι
3470 4756 3569 4808 περ
3593 4736 3673 4790 τοῦ

2111 4834 2319 4904 Κυρίου
2346 4833 2625 4903 τεχθέντος
2651 4834 2708 4885 ἐν
2726 4832 2992 4902 Βηθλεέμ,
3014 4834 3042 4886 6
3066 4832 3172 4885 τῶν
3194 4833 3421 4903 Περσῶν
3446 4832 3672 4902 βασιλεὺς

2112 4922 2285 4993 εὐφυῆ
2330 4922 2455 4975 τινὰ
2494 4922 2781 4993 ζωγράφον
2820 4921 3144 4991 ἐξέπεμψεν,
3167 4922 3226 4985 ὃς
3269 4924 3371 4993 τήν
3394 4940 3456 4975 τε
3481 4921 3568 4974 τοῦ
3597 4937 3673 4971 τε-

2113 5013 2331 5084 χθέντος
2359 5012 2453 5067 καὶ
2487 5012 2589 5081 τῆς
2610 5011 2876 5082 τεκούσης
2901 5011 3085 5065 εἰκόνα
3107 5010 3415 5080 διαγράψας
3442 5010 3573 5081 πρὸς
3592 5009 3674 5061 αύ-

2112 5104 2203 5156 τὸν
2232 5104 2458 5174 ἢγαγεν.
2500 5104 2565 5155 Εἰ
2602 5101 2660 5154 δὲ
2698 5102 2759 5154 ού
2799 5100 2977 5154 πάντα
3019 5100 3159 5154 κατά
3193 5101 3294 5171 τὴν
3322 5099 3672 5169 Εὑαγγελικὴν

2116 5194 2356 5264 ἱστορίαν
2397 5191 2829 5263 ἀναγέγραπται,
2869 5192 2930 5244 ού
2978 5191 3193 5253 πάντως
3233 5190 3387 5261 παρά
3418 5183 3670 5242 τοῦτοκαὶ

2115 5285 2337 5338 ἄπιστα.
2362 5284 2497 5337 Ούδέ
2535 5283 2644 5356 γάρ
2677 5284 2844 5339 τᾶλλα
2871 5287 3073 5353 σημεῖα
3091 5283 3127 5336 ἀ
3149 5282 3406 5351 ἐποίησεν
3425 5284 3455 5335 6
3490 5277 3668 5351 Ἰησοῦς

2116 5374 2424 5444 ἀθετητέον,
2449 5373 2619 5427 πολλά
2642 5390 2706 5442 γε
2728 5375 2856 5426 δντα
2888 5373 2965 5435 ὡς
2999 5372 3133 5442 μηδὲ
3157 5374 3354 5442 χωρεῖν
3378 5372 3471 5423 τὸν
3495 5370 3667 5436 κόσμον

2117 5464 2240 5518 καθ’
2274 5464 2331 5517 ἐν
2358 5465 2699 5535 γραφόμενα.

2190 5555 2311 5630 (⁸78)-
2336 5554 2461 5610 Haec
2485 5571 2667 5611 rerum
2705 5555 3024 5630 coniunctio
3053 5556 3286 5630 vulgati}:
3314 5562 3551 5630 velorum
3572 5558 3664 5602 trao

2119 5626 2315 5679 ditioni
2378 5641 2568 5695 parum
2614 5628 2894 5680 convenit.
2943 5625 3121 5695 Ipsum
3158 5624 3311 5679 enim
3363 5624 3660 5680 Tthdxum

2121 5696 2376 5755 Christus
2406 5696 2472 5752 ad
2499 5696 2776 5769 Abgnruui
2807 5698 3015 5769 legasse
3048 5697 3268 5752 dicitur.
