3838 6218
184 301 321 359 1501

1646 310 1988 367 ADDENIM.

3296 328 3442 385 1309.

212 467 3409 511 Mm

179 592 448 673 Aliquot
475 594 741 657 Joannis
771 596 1036 683 Henrici
1068 600 1289 683 Noun
1321 601 2273 683 conjecturae,emendationes,
2306 610 2751 675 adnutationes
2784 614 2852 676 in
2883 616 3117 680 incerti
3151 621 3437 683 auctoris

925 677 1286 756 epistolam,
1322 677 1468 761 quaé
1500 682 1575 743 ad
1608 683 1993 763 Diognetum
2029 677 2353 767 quendam
2387 690 2529 754 data
2563 700 2681 755 est.

248 939 401 997 lianc
430 942 716 1013 epistolam
763 944 849 1001 bis
885 946 1056 1003 edidit
1094 946 1143 1004 .l.
1175 949 1278 1005 Th.
1308 950 1369 1007 C.
1407 951 1570 1009 Otto:
1597 955 1743 1024 prius

1926 959 2049 1015 Col.
2087 961 2248 1028 1175,
2296 961 2335 1018 1.
2369 961 2441 1017 20
2476 966 2876 1021 emendandum
2926 979 3009 1024 est
3047 970 3278 1043 μάθημα
3323 990 3439 1026 τοι-

171 1048 298 1089 eam
338 1036 633 1106 publicavit
658 1037 711 1092 in
743 1039 899 1094 tertio
935 1039 1194 1111 Corporis
1237 1044 1567 1115 apologetar.
1594 1048 1752 1103 Chri-

170 1127 403 1183 Stianor.
428 1129 610 1184 saeculi
634 1132 856 1186 secundi
877 1133 1150 1188 volumine
1178 1150 1209 1189 a
1236 1136 1665 1205 p.156-907,ed.
1687 1138 1749 1194 ll.

170 1218 367 1274 Denuo
397 1235 514 1275 eam
546 1222 730 1278 nimiis
758 1232 810 1279 et
839 1224 1036 1293 szepius
1057 1235 1142 1280 sat
1170 1228 1485 1296 vulgaribus
1517 1231 1755 1300 explica-

170 1311 419 1369 tionibus
450 1312 774 1369 instructam
802 1316 973 1371 edidit
1007 1316 1156 1386 Lips.
1194 1319 1351 1375 1852.
1390 1319 1465 1375 De
1503 1338 1611 1392 qua
1640 1324 1753 1377 edi-

170 1403 324 1458 tione
350 1404 479 1475 quid
525 1407 865 1463 sentiendum
913 1410 1005 1475 sit,
1034 1412 1254 1466 uberius
1296 1414 1657 1483 explicuimus
1695 1418 1750 1470 in

168 1495 371 1551 Annal.
408 1495 663 1570 Theolog.
697 1498 1003 1557 Vindobon.
1055 1506 1162 1557 vol.
1197 1503 1285 1570 Vl,
1319 1507 1453 1562 fasc.
1488 1523 1528 1572 ι,
1558 1523 1612 1576 p.
1648 1508 1751 1562 150

170 1602 338 1658 seqq.

245 1699 364 1755 Col.
398 1701 555 1768 1168,
608 1704 643 1757 l.
676 1704 744 1759 21
795 1706 934 1761 mala
972 1716 1058 1763 est
1090 1706 1278 1780 Steph.
1321 1713 1633 1769 coniectura
1658 1716 1749 1769 τὸν

170 1792 401 1864 κόσμον.
431 1794 517 1850 Cf.
551 1796 794 1869 Krueger
817 1801 883 1855 ad
918 1799 1141 1872 Dionys.
1194 1803 1427 1860 Halicar.
1463 1806 1541 1859 De
1572 1824 1751 1879 comp.

168 1889 327 1943 verb.
363 1904 418 1959 p.
446 1891 550 1945 454
579 1909 732 1965 seqq.
764 1903 818 1951 et
844 1896 1015 1953 Kueh.
1037 1898 1131 1954 Gr.
1162 1899 1257 1955 Gr.
1298 1901 1326 1973 ς
1354 1902 1460 1959 454
1488 1904 1752 1962 Aumerk.

168 1988 215 2033 t.
246 1978 312 2045 ll,
341 1996 395 2050 p.
431 1983 554 2038 129.

246 2071 285 2125 1.
310 2072 381 2126 27
417 2073 644 2130 emenda
685 2093 697 2130 :
734 2077 1069 2151 ἀποδέχομαι
1106 2095 1204 2144 te;
1245 2096 1370 2137 nam
1398 2100 1463 2153 γε
1508 2084 1564 2139 li.
1598 2086 1637 2141 l.
1673 2088 1758 2143 ni-

167 2162 253 2217 hil
285 2164 593 2234 signiﬁcare
619 2178 815 2237 potest.
845 2170 910 2227 Et
938 2188 1062 2227 cum
1095 2190 1162 2228 ne
1188 2174 1345 2229 bruta
1391 2177 1611 2245 quidem
1662 2195 1757 2234 so-

166 2272 279 2312 nos
317 2259 450 2313 nihil
483 2260 850 2330 significantes
877 2265 1035 2320 edere
1063 2266 1346 2323 verissime
1374 2269 1575 2324 alicubi
1607 2270 1746 2328 God.

167 2349 521 2411 Hermannus
568 2354 783 2421 dixerit,
815 2375 873 2410 τε
906 2359 1314 2415 rescribendum
1350 2371 1455 2430 est,
1488 2365 1634 2434 quod
1662 2382 1747 2423 se-

167 2443 363 2512 quenti
391 2444 485 2497 καὶ
516 2447 860 2516 respondeat.

246 2533 379 2590 ibid.
417 2537 557 2591 male
588 2540 830 2594 nonnulli
865 2544 1028 2611 genit.
1067 2544 1226 2614 προθ.
1260 2545 1330 2600 ab
1361 2548 1563 2602 omissa
1604 2565 1748 2620 prte-

165 2639 290 2694 pos.
317 2625 479 2681 ἕνεκα
516 2640 763 2700 repetunt
792 2648 806 2685 :
834 2642 891 2686 tu
922 2634 993 2688 cf.
1026 2636 1194 2691 lexica
1222 2636 1275 2691 in
1309 2654 1361 2692 ν.
1389 2640 1743 2713 ἀποδέχομαι.

246 2718 282 2773 ι.
312 2718 381 2775 50
410 2721 476 2775 de
517 2721 594 2785 ὡς
626 2738 748 2778 cum
776 2725 974 2780 inlinit.
1011 2737 1324 2785 constructo
1353 2732 1423 2787 cf.
1461 2732 1653 2789 Winer
1691 2751 1744 2805 p.

164 2809 276 2864 376
304 2810 390 2866 ed.
431 2811 497 2868 ν.
526 2813 653 2870 Οιιο
679 2830 777 2885 pro
793 2816 858 2871 ἂν
882 2818 1111 2873 ἀκοῦσαί
1131 2838 1190 2873 σε
1218 2822 1435 2893 scripsit
1459 2826 1551 2879 τὸν
1578 2828 1748 2881 ἀκού-

166 2917 374 2966 σαντα;
411 2902 719 2959 ἀκούσαντα
745 2905 851 2960 iam
894 2908 1083 2978 Steph.
1114 2910 1369 2966 coniecit.
1406 2912 1538 2969 Dein
1567 2915 1747 2987 λυπη-

165 2993 330 3062 θῆναι
367 2992 722 3051 lloﬂ'mannus
750 3002 889 3067 apud
921 2999 1090 3056 l'lel‘el.
1120 3000 1239 3058 Pat.
1268 3019 1357 3073 ap.
1382 3020 1512 3070 xcn,
1537 3007 1622 3061 ed.
1651 3006 1743 3074 IV,

164 3101 322 3153 paena
354 3087 487 3156 a/ﬁci
512 3088 789 3145 transfert.

241 3197 361 3254 Col.
392 3199 550 3267 1169,
581 3199 615 3254 1.
651 3201 719 3256 18
749 3201 977 3258 ἕκαστον
1016 3205 1089 3261 ita
1120 3205 1318 3272 Btehl.,
1359 3208 1557 3277 Hefel.,
1595 3211 1742 3267 Otto.

238 3291 278 3345 l.
308 3292 376 3347 19
421 3290 552 3348 Post
597 3294 808 3366 ἑκάστῳ
850 3298 1118 3353 excidisse
1156 3300 1227 3354 ob
1273 3302 1737 3361 homoeoteleuton

162 3381 243 3446 ὡς
275 3381 312 3437 l.
341 3383 380 3437 l.
407 3386 666 3455 suspicati
700 3403 926 3456 sumus;
960 3390 1053 3445 sed
1103 3407 1210 3446 non
1240 3408 1377 3463 opus
1406 3403 1491 3471 est
1521 3412 1583 3452 ea
1614 3413 1742 3468 par-

163 3477 356 3533 ticula.

240 3571 278 3624 l.
313 3570 383 3624 28
410 3570 587 3625 τέλεον
611 3571 655 3625 δ’
684 3573 867 3637 αὐτοῖς
899 3573 1120 3630 restitue
1158 3590 1225 3630 ex
1263 3558 1422 3633 codd.
1450 3578 1671 3652 Argent.
1708 3595 1737 3636 a

162 3662 423 3718 Cunilzio
451 3665 505 3718 in
535 3662 751 3721 Ottonis
784 3682 941 3720 usum
971 3666 1185 3722 collato.

236 3757 275 3813 l.
309 3756 379 3812 55
416 3757 576 3830 vulgo
602 3759 743 3814 male
767 3759 1087 3831 ἀργυρέους.

238 3849 274 3903 1.
311 3847 381 3903 39
414 3850 590 3905 scribe
617 3870 629 3905 :
658 3867 741 3914 τις
770 3849 840 3905 cf.
873 3849 1048 3903 Kueh.
1078 3850 1112 3903 I.
1138 3852 1175 3907 l.
1211 3851 1271 3918 11,
1304 3869 1357 3924 p.
1385 3855 1475 3910 56.

231 3940 365 3997 Pen.
398 3943 592 3999 οὐκοῦν
626 3944 696 4001 cf.
726 3944 1238 4003 Kuehneriexcurs.
1275 3946 1341 4002 Ill
1387 3948 1454 4003 ad
1486 3948 1736 4019 Xenoph.

166 4033 505 4091 Memorabil.

237 4145 356 4201 Col.
385 4146 523 4200 11⁸12
570 4146 606 4200 ι.
631 4145 668 4200 2
693 4147 795 4203 κᾶν
827 4164 927 4220 pro
955 4152 1047 4205 καὶ
1077 4161 1222 4208 recte
1254 4165 1440 4225 apogr.
1480 4150 1641 4208 Beur.
1687 4163 1741 4210 et

163 4238 286 4293 cod.
319 4239 540 4308 Argent.

238 4332 276 4385 l.
312 4331 379 4385 12
403 4335 646 4403 φρονοῖεν
680 4333 745 4388 ἂν
772 4336 980 4392 coniec.
1022 4334 1244 4399 Ηοίῐιη..
1290 4336 1385 4392 sed
1443 4337 1739 4393 ἀνταπόδο-

162 4442 253 4479 τον
286 4425 341 4480 h.
369 4425 407 4480 l.
439 4440 562 4481 esse
591 4427 698 4482 iam
723 4429 857 4484 vidit
889 4429 1079 4500 Steph.
1115 4428 1456 4486 Glossemata
1499 4447 1620 4489 esse
1644 4435 1742 4485 καὶ

163 4525 289 4586 post
337 4517 512 4572 σέϐειν
554 4527 611 4576 et
646 4522 860 4590 φρονεῖν
904 4520 959 4577 b.
1002 4522 1039 4577 1.
1079 4522 1351 4591 diximus;
1388 4524 1472 4586 th;
1511 4539 1610 4594 pro
1658 4526 1739 4588 εἰς
1825 4581 1835 4585 _

164 4619 292 4665 ante
311 4610 430 4663 νεὸν
454 4611 686 4668 coniecit
708 4612 853 4670 Otto.

235 4701 272 4755 l.
302 4700 373 4756 26
396 4704 806 4760 emendavimus
848 4707 884 4760 l.
918 4706 953 4760 l.
984 4707 1092 4760 τῶν
1119 4707 1244 4775 τοῖς
1274 4708 1491 4778 κωφοῖς
1522 4707 1621 4780 τὴν
1643 4710 1739 4763 αὐ-

158 4797 261 4866 τὴν
280 4797 754 4868 ἐνδεικνυμένων
782 4817 839 4869 φ.
871 4800 990 4854 τῶν
1015 4800 1100 4869 μὴ
1118 4800 1469 4871 δυναμένων
1502 4803 1595 4871 (cf.
1617 4802 1736 4857 Wi-

159 4901 260 4941 ner
295 4902 350 4956 ρ.
388 4887 493 4941 256
535 4888 793 4943 Anmerlt.
823 4891 910 4945 ed.
944 4890 1033 4963 V.)
1068 4910 1113 4945 τ.
1150 4909 1199 4945 τ.
1230 4893 1731 4965 μεταλαμϐάνειν...

158 4978 243 5045 τῷ
271 4980 368 5050 (ita
402 4981 511 5035 iam
547 4980 759 5053 Steph.)
792 4982 868 5051 δὴ
901 4982 1030 5053 (hoc
1052 4993 1106 5038 et
1133 4982 1280 5055 Otto)
1308 4994 1415 5041 etc.

232 5070 269 5125 1.
307 5070 376 5125 50
417 5080 532 5142 tege
576 5070 712 5128 ἀλλὰ
748 5070 853 5143 μὴν
888 5073 949 5126 τό
971 5090 1035 5127 τε
1063 5090 1190 5145 περι
1227 5112 1240 5126 .
1278 5112 1292 5127 .
1326 5112 1343 5127 .

158 5164 283 5218 cod.
328 5163 574 5234 Argent.)
613 5163 919 5234 ἀξιαλόγου,
950 5168 1021 5220 οὐ
1051 5165 1216 5235 (quod
1256 5177 1472 5237 propter
1495 5168 1736 5221 homoeo-

157 5256 397 5311 teleuton
418 5255 689 5312 excidisse
720 5258 826 5311 iam
855 5257 988 5312 vidit
1008 5256 1293 5328 Stephan.)
1322 5258 1545 5330 νομίζω.
1576 5258 1730 5325 Quod

158 5346 205 5401 si
234 5348 321 5401 cui
351 5362 457 5403 non
483 5347 766 5417 placuerit,
789 5347 929 5417 leget
949 5346 1035 5417 μὴ
1065 5349 1207 5419 (qua:
1231 5359 1315 5404 est
1346 5349 1614 5419 particula
1644 5348 1732 5403 in-

158 5439 507 5507 terrogativa)
565 5439 684 5496 loco
717 5439 823 5510 μὴν
846 5448 898 5494 et
926 5450 1092 5509 ponet
1118 5450 1243 5511 post
1276 5440 1467 5512 μαθεῖν
1514 5441 1730 5511 signum

155 5531 620 5601 interroptionis.

225 5621 263 5674 l.
299 5621 368 5675 58
404 5622 659 5677 emendes
708 5620 866 5677 nobis
914 5621 1282 5693 praeeuntibus
1332 5622 1449 5687 πῶς
1497 5619 1612 5679 οὖν
1642 5622 1731 5678 θέ-

158 5731 249 5783 μις
282 5715 429 5779 catt;
462 5714 604 5787 quod
635 5724 689 5771 et
709 5714 961 5773 Ottoncm
995 5715 1295 5774 coniecisse
1326 5716 1589 5774 videmus.

1857 1052 2187 1119 oﬁt‘,:tam
2217 1057 2508 1122 excellens,
2524 1060 2822 1130 egregium,
2840 1063 3180 1130 praeclarum,
3214 1063 3266 1118 iu
3285 1064 3433 1134 quod

1856 1156 1911 1202 et
1935 1164 2037 1200 van
2071 1147 2275 1217 Hengel
2309 1149 2516 1205 incidit.

1928 1241 1965 1295 l.
1995 1240 2064 1295 5?.
2102 1240 2386 1297 verissima
2428 1253 2512 1299 est
2554 1244 2758 1302 Marani
2800 1248 3142 1316 coniectura;
3180 1249 3435 1322 ρει-(τίεί-

1855 1331 1985 1386 dum
2026 1342 2082 1387 et
2127 1334 2293 1390 nimis
2338 1334 2497 1407 longe
2531 1340 2821 1409 quaasitum
2862 1349 2946 1396 est
2974 1342 3119 1413 quod
3161 1340 3348 1399 Ottoni
3378 1345 3434 1401 in

1857 1438 2088 1485 mentem
2119 1431 2294 1486 venit.

1923 1537 2042 1597 Cui.
2082 1541 2233 1607 1176,
2263 1543 2299 1597 Ι.
2339 1542 2409 1598 55
2448 1544 2801 1609 πλεονάζουσι
2857 1545 2925 1602 de
2972 1545 3304 1601 Christianis
3350 1548 3435 1602 in-

1856 1641 2009 1688 terne
2034 1636 2428 1701 crescentibus,
2461 1637 2859 1703 sc.virtutibus,
2884 1640 3118 1708 explicat
3143 1638 3289 1694 Otto.

1928 1725 1964 1779 l.
1996 1726 2067 1780 15
2098 1727 2335 1795 ἀληθῶς
2364 1730 2507 1799 quod
2531 1739 2651 1799 post
2678 1729 2840 1794 αὐτὸς
2861 1733 3320 1802 typographorum
3346 1734 3430 1788 in-

1856 1817 2007 1872 curia
2035 1833 2101 1873 ex
2132 1818 2464 1875 editionibus
2488 1822 2712 1887 excidit,
2740 1838 2806 1877 ex
2837 1824 3028 1879 codice
3057 1825 3281 1895 Argeut.
3306 1824 3435 1881 Otto

1858 1911 1911 1964 in
1944 1919 2092 1966 textu
2124 1922 2269 1966 recte
2296 1915 2559 1982 reposuit.

1926 2002 1963 2056 l.
1993 2002 2063 2056 44
2102 2002 2323 2061 Rectius
2341 2004 2619 2073 ἐνίδρυσε
2635 2021 2790 2078 apog.
2810 2006 2970 2063 Beur.
2992 2016 3047 2063 et
3061 2006 3181 2063 cod.
3208 2007 3432 2080 Argent.

1856 2097 2135 2151 exhibent.

1926 2208 2041 2264 Col.
2071 2209 2227 2276 1177,
2254 2210 2291 2267 l.
2324 2212 2476 2266 15οὐ
2494 2211 2724 2282 μενοῦν
2752 2213 3021 2269 rescribas
3042 2229 3167 2269 cum
3191 2212 3429 2271 llel‘elee.

1784 2312 1826 2370 Β
1920 2302 1958 2357 l.
1994 2302 2060 2357 19
2090 2300 2221 2370 Quae
2249 2305 2705 2375 typographorum
2738 2307 2946 2360 incuria
2974 2307 3284 2361 exciderant
3312 2324 3434 2362 ver-

1849 2394 1918 2448 ba
1947 2409 1965 2448 .'
2000 2393 2212 2465 ἔπεμψε
2260 2425 2310 2436 -
2336 2396 2568 2462 διωκῶν,
2610 2407 2755 2452 recte
2783 2399 3009 2453 nuncin
3048 2398 3231 2453 sedem
3273 2414 3429 2454 suam

1848 2487 2099 2543 restituta
2134 2498 2282 2545 sunt.
2326 2489 2459 2546 Dein
2510 2491 2798 2563 κρινοῦντα
2849 2501 2992 2546 recte
3040 2492 3274 2548 coniecit
3314 2492 3433 2547 Ste-

1849 2580 2083 2650 phanus.
2127 2581 2249 2637 Mox
2277 2582 2691 2648 πλεονάζοντας,
2719 2584 2911 2638 eodem
2950 2584 3135 2650 modo,
3172 2594 3233 2639 ut
3264 2600 3431 2653 supra

1849 2674 1955 2730 col.
1976 2674 2138 2739 1176,
2165 2675 2203 2730 1.
2231 2676 2325 2737 55,
2340 2675 2612 2745 explicare
2634 2675 2803 2731 voluit
2832 2674 2981 2732 Otto.
3015 2675 3160 2730 Infra
3190 2676 3243 2731 in
3275 2677 3431 2731 initio

1850 2782 1972 2838 cap.
2002 2783 2102 2822 vm
2129 2766 2457 2833 ἀξιοπίστων
2492 2768 2700 2824 ironice
2730 2768 2938 2823 dictum
2966 2783 3088 2824 esse
3112 2778 3259 2823 recte
3285 2768 3433 2825 vide-

1848 2870 1978 2914 runt
2007 2859 2353 2930 interpretes.

1918 2985 2036 3040 Col.
2071 2985 2229 3049 1180,
2258 2985 2296 3039 l.
2334 2985 2368 3039 5
2404 2986 2499 3039 καὶ
2531 2986 2753 3057 ἀγανὸς
2783 2985 3073 3057 (=mitis)
3127 2986 3223 3041 καὶ
3269 2985 3425 3058 ἀόργ.

1848 3073 2238 3131 Hotl'mannum
2268 3076 2572 3132 coniecisse
2606 3075 2790 3132 Hefele
2815 3078 2884 3133 ad
2914 3079 2992 3133 hl.
3018 3079 3177 3134 dixit.

1917 3168 1954 3221 Ι.
1994 3166 2027 3221 8
2065 3167 2186 3222 loco
2213 3166 2279 3237 ἢν
2313 3165 2440 3221 Otto
2469 3168 2597 3223 velit
2620 3168 2825 3240 ταύτην
2856 3169 3118 3238 scriptum
3144 3185 3290 3225 esse.

1917 3260 1954 3314 l.
1992 3261 2065 3316 25
2101 3261 2517 3332 ἀπαγομένους
2549 3276 2616 3316 ex
2647 3262 2769 3317 cod.
2803 3261 3027 3333 Argent.
3059 3272 3207 3317 recte
3232 3264 3428 3319 rescri-

1845 3352 1954 3423 psit
1995 3350 2143 3418 Otto,
2179 3368 2304 3408 cum
2346 3362 2400 3409 et
2446 3352 2608 3409 Beur.
2641 3368 2832 3424 apogr.
2884 3352 3280 3425 ἀταλλομὲνους
3324 3355 3427 3410 ha-

1845 3445 1990 3500 beat.

1914 3540 1953 3594 l.
1991 3538 2063 3594 25
2099 3537 2192 3592 τὸν
2217 3537 2334 3592 νῦν
2366 3546 2513 3593 recte
2535 3536 2719 3593 Hefele
2746 3537 3050 3609 rescripsit.

1917 3632 1953 3687 l.
1989 3632 2059 3687 55
2096 3632 2306 3687 scribas
2338 3632 2646 3687 nobiscum.
2680 3670 2697 3686 .
2729 3670 2746 3685 .
2785 3631 3013 3703 δύναμιν
3054 3672 3068 3686 .
3103 3674 3117 3686 .
3154 3672 3167 3687 .
3195 3633 3318 3703 ὡς(
3358 3657 3417 3684 =

1844 3724 2128 3797 quoniam)
2153 3724 2253 3795 τῆς
2280 3723 2442 3778 ὑπεσ.
2473 3724 2585 3795 φιλ.
2616 3725 2715 3796 μία
2741 3725 2929 3796 ἀγάπη
2971 3726 3312 3795 (subiectum
3340 3734 3424 3781 est

1843 3819 1994 3872 verbi
2038 3816 2321 3888 ἐμίσησεν,
2373 3823 2476 3871 etc.
2504 3817 2522 3887 )
2558 3815 2654 3870 τοῦ
2684 3816 2734 3869 θ.
2768 3818 2869 3871 οὐκ
2899 3817 3043 3889 ὲμίσ.
3076 3820 3248 3889 ἡμᾶς,
3303 3819 3424 3871 οὐδὲ

1843 3907 1966 3972 ἀπ.,
2014 3907 2137 3961 οὐδέ
2179 3909 2299 3978 ὲμν.
2347 3905 2637 3966 (attendas
2681 3908 2748 3962 ad
2798 3908 3256 3981 polysyndeton),
3306 3910 3424 3964 ἀλλ’

1842 3999 2070 4071 tiu:qu
2103 4000 2316 4071 ἠνεσχ.,
2350 4000 2489 4054 ἑκὼν
2515 4001 2599 4055 vel
2632 3999 2831 4054 ἐθέλων
2884 4000 2992 4069 (cf.
3026 3998 3167 4056 Just.
3212 4000 3418 4072 Expos.

1842 4101 1976 4147 rect.
2013 4090 2105 4146 ηδ.
2135 4107 2186 4149 c.
2230 4092 2336 4158 11;
2385 4091 2543 4147 codd.
2588 4102 2642 4146 et
2687 4091 2809 4146 edd.
2851 4090 3045 4159 λέγων,
3070 4092 3231 4163 male)
3260 4092 3423 4155 αὐτὸς

1842 4183 2123 4255 (attendas
2149 4183 2215 4238 ad
2243 4182 2478 4238 subitam
2511 4181 2738 4237 subiecti
2767 4183 3121 4237 mutationem
3145 4183 3163 4251 )
3188 4200 3239 4236 τ.
3276 4184 3331 4255 ἡ.
3360 4185 3416 4245 ἀ.

1842 4276 2147 4342 ἀνεδέξατο·
2193 4276 2354 4340 αὐτὸς
2411 4277 2429 4347 (
2454 4275 2686 4333 fortasse
2714 4292 2780 4333 ex
2804 4278 3250 4334 antecedentibus
3277 4280 3419 4335 male

1844 4369 1931 4424 hic
1958 4368 2269 4439 repetitum)
2295 4368 2408 4434 τὸν,
2436 4379 2543 4424 etc.

1910 4492 2027 4547 Col.
2062 4492 2193 4547 1181
2225 4492 2261 4548 1.
2290 4492 2362 4547 20
2399 4493 2693 4563 ἐπίγνωσιν
2744 4496 2966 4565 πατρός
3022 4496 3044 4566 (
3074 4495 3178 4553 hoc
3222 4498 3412 4553 vocali.

1841 4582 2043 4642 habent
2076 4601 2263 4656 apogr.
2299 4586 2460 4642 Beur.
2487 4597 2541 4643 et
2572 4589 2693 4643 eod.
2727 4587 3073 4665 Argent.)p.'0
3098 4591 3227 4664 γὰρ,
3268 4602 3374 4647 etc.

1910 4677 1946 4731 l.
1979 4678 2049 4732 25
2085 4678 2153 4732 τά
2177 4680 2236 4732 ὲν
2263 4678 2340 4749 τῇ
2376 4680 2475 4750 τῇ,
2504 4681 2579 4736 ita
2612 4692 2884 4752 praeeunte
2911 4680 3122 4748 Bochl.,
3150 4685 3241 4753 qui
3275 4693 3330 4739 et
3356 4686 3414 4737 ὲν

1838 4769 1986 4841 αὐτῷ
2020 4770 2270 4838 coniecit,
2306 4781 2510 4828 textum
2545 4775 2947 4830 constituerunt
2978 4775 3102 4830 Otto
3128 4787 3180 4831 et
3208 4776 3410 4833 llefele.

1838 4860 1960 4915 Mox
2005 4876 2070 4916 ex
2104 4878 2292 4917 errore
2323 4865 2642 4935 typograph.
2676 4865 2854 4935 λόγιον
2885 4868 3006 4924 loco
3027 4868 3184 4939 λόγον
3212 4870 3266 4924 in
3296 4870 3412 4926 Ma-

1838 4955 1955 5008 rani
1983 4955 2275 5010 editionem
2305 4955 2614 5027 irrepserat,
2635 4960 2776 5029 quod
2812 4959 2928 5015 iure
2966 4972 3269 5018 correctum
3306 4974 3409 5019 est.

1381 5038 1593 5139 οὐδενὸς
1624 5075 1733 5144 (ita

1906 5049 1942 5102 l.
1974 5048 2044 5103 10
2083 5048 2202 5104 loco
2228 5051 2327 5104 ὅσα
2358 5050 2465 5105 iam
2490 5066 2633 5104 anno
2662 5051 2822 5117 1845,
2847 5068 2971 5107 eum
3003 5054 3237 5125 primum
3268 5054 3409 5109 hanc

1837 5141 2123 5211 epistolam
2164 5143 2504 5213 legissemus,
2537 5145 2626 5210 ὅς,
2659 5144 2697 5199 ἃ
2724 5148 3122 5203 emendandum
3171 5163 3293 5204 esse
3329 5148 3410 5203 vi-

1837 5232 2016 5287 dimus
2040 5251 2054 5299 ;
2083 5250 2249 5303 quam
2280 5236 2648 5290 coniecturam
2670 5235 2829 5291 nobis
2854 5238 3108 5308 praecepit
3131 5254 3234 5293 van
3263 5237 3409 5292 Hen-

1837 5322 1942 5391 εει,
1974 5325 2057 5377 vir
2078 5325 2237 5381 nobis
2270 5326 2589 5382 carissimus
2619 5336 2673 5382 et
2706 5327 2944 5382 maxime
2967 5328 3197 5382 amicus.
3235 5326 3406 5383 Verba

1832 5414 2007 5467 ταῦτα
2036 5416 2176 5469 ἐπιδ.
2211 5435 2270 5471 κ.
2320 5416 2534 5472 incuria
2575 5419 2897 5490 typograph.
2946 5418 3002 5473 in
3030 5418 3161 5473 edit.
3194 5416 3402 5473 Maran.

1832 5505 2033 5561 omissa
2061 5517 2205 5564 recte
2233 5509 2287 5563 in
2319 5510 2503 5565 sedem
2530 5525 2685 5565 suam
2720 5510 2969 5566 restituta
2995 5518 3140 5564 sunt.

1902 5622 2019 5676 Col.
2050 5623 2187 5677 1181
2218 5624 2254 5678 l.
2284 5624 2321 5678 2
2357 5625 2436 5691 εἰς
2461 5624 2527 5681 τὸ
2551 5624 2632 5695 (τὸ
2655 5624 2817 5681 habet
2838 5633 2981 5682 recte
3005 5624 3123 5680 cod.
3155 5622 3403 5697 Argent.)

1833 5714 1942 5785 πῦρ
1970 5715 2029 5769 τὸ
2058 5716 2294 5772 αἰώνιον.
