3838 6218
438 332 577 388 1503
1324 354 1329 359 ·
1915 323 1954 379 Α

2173 323 2260 378 )Ᾱ.
3561 326 3689 384 13111

508 454 546 509 Ι.
578 454 611 508 ι
647 466 770 507 cum
800 452 855 505 in
887 450 1073 506 codice
1092 449 1321 522 Argent.
1349 450 1559 520 aliquot
1588 449 1839 504 vocabuli
1875 450 2012 522 πρὸς
2041 456 2090 515 Α
2116 450 2277 506 sitam
2311 448 2415 502 ὑπό
2438 463 2500 501 τε
2522 446 2617 501 τοῦ
2644 444 2851 517 recepit
2870 444 2929 501 in
2949 452 3160 501 textum
3194 443 3401 500 llel’ele.
3427 444 3693 516 Denique.

438 544 662 614 vestigia
688 542 868 598 adhuc
893 551 1213 612 appareant,
1232 555 1377 598 recte.
1398 542 1523 598 Otto
1534 540 1597 595 τὺ
1613 541 1726 613 πῦρ
1745 540 1807 595 τὸ
1824 542 1954 611 πρό(

2192 542 2229 597 L
2261 541 2326 597 21
2369 539 2552 609 αΙρῶν
2570 539 2716 611 quod
2752 546 2808 593 et
2845 552 2953 593 nos
2984 538 3135 604 olim,
3162 552 3286 593 cum
3332 537 3498 593 Beur.
3531 551 3686 607 apog.

436 648 647 700 semper
672 632 725 685 in
755 640 905 686 textu
930 632 1237 686 collocavit.
2118 633 2263 709 ἐρῶν
2320 632 2622 697 exhiberet,
2669 630 3026 698 coniecimus,
3065 630 3195 687 Otto
3240 647 3465 702 quoque
3517 632 3693 685 conie-

512 726 549 778 l.
578 725 643 778 21
686 726 942 791 παλαιός
971 734 1021 777 ιη
1051 725 1171 780 cod.
1200 723 1424 795 Argeut.
1456 723 1695 780 exhibet.
2116 737 2270 782 clura
2298 732 2577 780 assecutus
2595 733 2698 787 est,
2725 723 2851 795 quia
2876 722 2988 795 ρῶν
3032 724 3086 778 in
3114 725 3234 778 cod.
3258 723 3483 793 Argent.
3512 722 3691 779 adhuc

509 816 546 871 l.
583 816 682 870 ult.
721 817 862 872 male
883 819 936 871 ot
955 816 1192 871 deletum
1222 817 1395 871 voluit
1422 815 1681 872 Maranus
1706 833 1722 870 :
1756 824 1813 873 tu
1838 825 2015 873 trans-
2116 833 2409 889 superesse
2437 826 2491 872 et
2509 818 2646 873 duas
2673 825 2882 873 tantum
2905 815 3116 872 litteras
3140 825 3265 871 ante
3291 816 3402 889 ρῶν
3427 816 3691 873 ennidas

436 912 604 977 teras,
629 910 827 981 quippe
852 909 945 979 qui
973 908 1098 963 facti
1125 909 1265 965 sitis.
1284 908 1459 964 Verba
1488 928 1501 963 :
1539 925 1712 977 παγκ.
1741 950 1759 963 .
1789 949 1805 965 .
1832 947 1849 961 .
1884 909 2011 963 eau-
2116 926 2240 967 esse
2275 910 2377 981 ipsi
2414 910 2721 965 nuntiatum
2753 918 2893 967 erat.

435 1004 547 1065 τοῖς
576 1016 687 1071 quo
717 1002 882 1056 modo
928 1000 1189 1064 ποικίλοις
1221 1018 1276 1057 κ.
1312 1000 1448 1055 Κεκ.
1494 999 1621 1055 lacti
1668 997 1778 1055 sint
1824 1008 1951 1055 oste:

2190 1001 2315 1058 Haec
2340 1018 2533 1072 pauca,
2561 1016 2684 1073 qua:
2728 1000 2797 1056 ah
2842 1002 3071 1057 honesto
3098 1010 3154 1058 et
3187 1000 3489 1058 rever-endo
3525 1001 3687 1057 huius

435 1090 590 1156 dum;
612 1104 737 1161 qua
752 1090 873 1144 duae
899 1089 1174 1156 sententia-
1194 1088 1540 1161 participales
1569 1104 1795 1145 causam
1824 1100 2009 1145 ostell-
2116 1090 2240 1151 libri
2265 1093 2474 1151 editore
2503 1094 2696 1165 rogati,
2722 1092 2849 1165 ipsi,
2870 1093 3150 1150 nonnullis
3189 1095 3247 1149 in
3299 1094 3415 1165 ipsa
3446 1093 3689 1149 editione

435 1182 592 1247 dunt,
629 1198 697 1238 ex
727 1198 835 1251 qua
880 1180 1013 1235 illud
1042 1182 1093 1235 οι
1135 1199 1250 1252 τεν.
1284 1222 1301 1237 .
1330 1221 1345 1235 .
1376 1222 1389 1235 .
1425 1200 1512 1253 τρ.
1550 1182 1829 1253 procedat.
1860 1180 1951 1236 L04

2164 1188 2377 1244 )rrectis
2396 1188 2448 1241 in
2468 1201 2697 1257 eamque
2716 1185 2937 1253 additis,
2957 1186 3314 1258 imprimenda
3336 1187 3680 1243 tradidimus.

434 1272 642 1343 τρυφῆς
672 1269 1053 1333 “offa-annum
1083 1272 1302 1344 τρύγης
1323 1273 1417 1345 (=
1443 1271 1677 1344 messis)
1709 1273 2009 1329 coniCCisse
2113 1282 2169 1337 in
2198 1295 2436 1350 praesens
2463 1279 2751 1334 sulliciant.
2777 1277 2913 1333 Nam
2960 1296 3071 1350 quo
3115 1282 3299 1335 minus
3330 1280 3486 1350 plura
3514 1294 3689 1333 eaaue

437 1364 603 1418 refert
627 1360 828 1418 llefele.
2112 1373 2368 1428 uberiora
2404 1387 2551 1428 nunc
2580 1372 2711 1428 dare
2737 1372 3032 1441 possimus,
3062 1372 3247 1429 multis
3289 1372 3413 1429 aliis
3452 1370 3687 1443 negotiis

507 1454 625 1511 Col.
648 1454 837 1512 11851.
861 1457 926 1513 17
956 1457 1388 1513 emendationem
1422 1473 1453 1513 a
1474 1457 1632 1513 nobis
1664 1455 1702 1512 l.
1729 1455 1767 1512 1.
1799 1467 2002 1528 propo-
2110 1458 2483 1531 prohibemur.

1666 3235 1843 3293 FINIS
1899 3235 2067 3292 TOMI
2119 3234 2436 3295 SECUNDI.

2268 5836 2349 5893 Ex
2389 5840 2531 5909 typis
2569 5835 2805 5904 IIGNE,
2842 5852 2910 5892 au
2949 5835 3460 5910 Petit-Montrouge.
