4042 6172
475 342 497 397 1
518 343 533 396 l
1575 334 2013 394 TERTUIJLIANI
2050 337 2071 393 (

2148 335 2314 395 ERUM
2350 336 2517 398 PARS
2554 338 2623 399 II.
3688 343 3744 409 1‘2

541 466 702 519 Porro
750 463 1048 519 communis
1094 472 1178 516 est
1224 462 1623 517 Catholicorum
1661 464 1927 517 sententia
1975 462 2077 518 hoc
2120 478 2259 533 opus
2296 464 2550 521 eximium
2597 483 2845 525 crescere
2888 471 3029 525 intra
3075 472 3346 529 haereseos
3376 484 3526 545 septa
3570 478 3751 547 nequi-

466 552 651 606 visse:
684 549 829 606 viros
857 549 1218 616 doctissimos,
1252 549 1725 619 amplissimosque
1767 565 2051 605 recenseas
2092 550 2249 606 velim
2298 551 2426 607 huic
2474 554 2715 625 Opinioni
2758 558 3133 630 suffragantes,
3166 562 3420 617 videlicet
3465 564 3748 620 Baronium

464 640 535 695 ad
564 655 781 693 annum
813 640 933 703 197,
969 653 1021 689 ο.
1064 638 1179 706 it),
1207 637 1607 694 Tillemontium
1638 638 1952 722 (Memoires
1985 656 2132 710 pour
2170 643 2349 697 servir
2376 642 2411 695 ὰ
2443 640 2726 703 l’Histoiro
2757 648 3196 722 ecclésr'astique,
3232 660 3265 715 t,
3299 652 3391 717 Ill,
3422 661 3545 707 note
3576 658 3607 706 6
3655 673 3753 709 sur

472 730 799 791 Tertullien,
836 743 887 795 p.
914 727 1015 781 300
1045 736 1097 779 et
1128 724 1290 795 suit.)
1316 740 1333 794 ι
1366 724 1430 783 D.
1462 726 1674 798 Remig.
1696 714 1983 783 Cellerium
2010 728 2273 795 (Histoire
2293 730 2387 788 des
2412 734 2652 789 auteurs
2682 714 3146 808 ecclesiastiques,
3180 714 3215 792 ἰ.
3242 738 3309 808 ll,
3462 742 3545 805 28,
3575 746 3673 792 art.
3698 743 3752 803 6,

463 834 515 883 p.
551 818 709 883 39:5);
742 813 938 883 Fleury
966 813 1232 884 (Histoire
1266 816 1702 885 ecclesiastique,
1735 823 1774 869 t.
1808 815 1877 883 Il,
1907 815 1997 869 liv.
2031 832 2082 872 ν.
2118 833 2172 884 n,
2199 819 2310 886 2s);
2343 817 2390 875 J.
2419 821 2482 872 Α.
2517 816 2733 875 Moehler
2767 800 3617 894 (Patr'ologie,oder'cltristiche
3638 800 3753 883 Lit;

460 904 950 975 terargescht'chte)
1014 905 1171 973 cujus
1224 913 1412 973 utpote
1454 904 1792 971 recentioris,
1836 920 1898 960 ac
1954 905 2182 975 proinde
2228 916 2550 963 czeteromm
2606 910 2819 979 plenius
2875 928 3066 968 sensus
3120 915 3398 969 referentis
3455 918 3616 970 verba
3668 917 3750 972 hic

455 990 676 1045 laudare
704 1004 811 1044 non
850 988 1055 1062 pigebit
1085 1006 1097 1045 :
1136 1008 1165 1040 α
1198 990 1270 1043 Ea
1299 998 1403 1055 est,
1448 990 1641 1060 inquit,
1674 980 1903 1060 hujusce
1950 990 2071 1044 libri
2122 1002 2292 1055 mens,
2324 1002 2389 1047 eo
2441 1008 2534 1064 per
2582 994 2849 1067 integrum
2893 999 3198 1054 contexitur
3228 1001 3408 1063 modo,
3441 1018 3545 1072 quo
3576 1011 3749 1071 pateat

455 1078 702 1134 catholici
732 1079 966 1134 auctoris
1018 1077 1321 1133 sinceritas.
1371 1078 1475 1133 Ubi
1523 1077 1665 1133 enim
1704 1078 1759 1131 in
1808 1079 2247 1135 Montanistarum
2298 1081 2493 1151 placita
2540 1093 2684 1139 totus
2712 1086 2880 1140 semel
2910 1087 3117 1154 abierit,
3157 1089 3437 1159 palamque
3466 1092 3531 1143 ab
3560 1090 3742 1145 Eccle-

454 1166 533 1219 sia
577 1166 905 1234 discesserit,
934 1167 1047 1236 jam
1104 1180 1211 1220 non
1254 1164 1493 1219 licuisset
1545 1180 1609 1220 eo
1659 1182 1839 1220 rerum
1887 1166 2285 1239 verberumque
2316 1170 2558 1238 pondere
2609 1182 2662 1226 et
2704 1171 3013 1243 integritate
3068 1191 3308 1230 asserere
3352 1176 3591 1247 palmare
3646 1178 3749 1233 hoc

451 1255 874 1327 praescriptionis
904 1264 1303 1327 argumentum,
1334 1271 1441 1325 quo
1470 1253 1723 1334 deinceps
1750 1270 1782 1307 a
1804 1255 2095 1311 Catholicis
2124 1256 2355 1334 ipsemet
2384 1258 2482 1312 fuit
2510 1259 2743 1331 agitatus
2774 1262 3133 1317 vehementer
3163 1280 3224 1319 ac
3255 1265 3557 1334 perfossus.
3597 1286 3619 1315 ιο

522 1345 747 1400 Eosdem
777 1343 1002 1413 insUper
1028 1343 1093 1397 ad
1124 1342 1179 1395 id
1209 1334 1551 1397 sentiendum
1582 1332 1775 1411 triplex
1804 1340 1949 1397 aliud
1989 1342 2166 1398 movet
2202 1332 2318 1399 I0
2346 1354 2725 1421 argumentum
2752 1365 2763 1402 :
2806 1353 2855 1403 l°
2887 1350 3015 1404 nihil
3047 1351 3102 1405 in
3151 1332 3269 1406 hoc
3298 1354 3430 1408 libro
3479 1354 3745 1409 contineri

444 1433 590 1505 quod
626 1440 866 1503 apertam
894 1431 1138 1486 redoleat
1166 1431 1443 1495 hmresim;
1479 1433 1534 1483 2°
1563 1428 1671 1485 imo
1718 1431 1864 1485 haud
1911 1431 2093 1485 dubiis
2121 1431 2326 1501 liquere
2372 1433 2543 1504 signis
2582 1434 2874 1491 Auctorem
2924 1438 3091 1492 fuisse
3140 1448 3263 1494 tunc
3302 1441 3573 1510 temporis
3624 1458 3745 1495 cum

441 1521 680 1576 Ecclesia
725 1522 965 1575 Romana
1004 1516 1383 1572 communione
1436 1518 1834 1586 consociatum;
1887 1522 1951 1597 3°_
1987 1518 2175 1603 nellibi
2227 1521 2307 1575 vel
2357 1520 2578 1575 minime
2625 1523 2693 1577 de
2742 1526 2973 1593 quodam
3028 1529 3341 1595 Artemone,
3402 1527 3744 1598 nequissimo

439 1611 812 1678 haeresiarcha,
860 1610 1070 1665 Christo
1118 1607 1447 1661 divinitatem
1492 1607 1857 1675 abjudicante,
1890 1606 2242 1663 meminisse:
2296 1611 2437 1664 unde
2486 1610 2685 1666 inferre
2733 1612 2878 1677 licet,
2929 1623 3053 1670 ante
3103 1617 3414 1672 Artemonis
3466 1626 3737 1689 tempora,

440 1714 503 1753 ac
532 1698 757 1768 proinde
785 1714 815 1751 a
840 1695 1167 1750 Tertulliano
1204 1694 1443 1748 nondum
1474 1694 1624 1763 lapso
1647 1694 1843 1749 librum
1870 1694 2038 1751 fuisse
2075 1697 2458 1766 conscriptum.

512 1788 639 1843 Htec
666 1796 719 1843 et
746 1786 829 1839 his
868 1783 1062 1839 similia
1108 1776 1304 1845 afferre
1349 1781 1547 1849 solent,
1580 1786 1678 1863 nec
1725 1788 1899 1839 tamen
1944 1786 2229 1841 camino‘de
2274 1784 2545 1859 planeque
2593 1801 2915 1860 Oppugnant
2967 1791 3252 1863 ipsiusmet
3279 1794 3603 1850 Tertulliani
3636 1804 3746 1851 tes-

437 1878 718 1931 timonium
762 1885 885 1944 post
931 1874 1143 1944 lapsum
1191 1868 1567 1937 asSeverantis,
1600 1856 1656 1927 in
1704 1873 1853 1927 libris
1902 1868 2159 1929 adversus
2211 1856 2557 1947 Marcionem,
2611 1856 2773 1933 hunc-
2804 1881 2871 1935 de
2913 1856 3445 1956 Pr-wscriptionibus
3495 1886 3741 1941 nondum

436 1964 601 2019 fuisse
629 1964 853 2026 editum,
886 1961 962 2016 uti
991 1960 1165 2014 fusius
1194 1958 1377 2015 videre
1406 1968 1487 2013 est
1526 1960 1579 2013 in
1607 1960 1985 2017 dissertatione
2013 1963 2083 2017 D.—
2112 1964 2347 2034 Lumper
2375 1964 2443 2018 ad
2472 1965 2695 2033 hujusce
2721 1967 2977 2023 editionis
3009 1970 3240 2025 frontem
3273 1972 3539 2041 apposita.

504 2055 668 2108 Detur
700 2051 865 2122 igitur
894 2064 1118 2104 necesse
1150 2057 1253 2113 est,
1288 2049 1570 2119 perpensis
1600 2050 1726 2105 hinc
1770 2052 1893 2105 inde
1936 2051 2240 2119 momentis,
2277 2052 2450 2106 media
2492 2053 2632 2107 inter
2678 2062 2963 2125 utramque
3011 2059 3332 2113 sententiam
3382 2060 3592 2128 semita,
3635 2078 3745 2131 qua

430 2150 546 2197 tuto
593 2148 783 2198 coeant
828 2137 1259 2207 conveniantque
1307 2135 1697 2205 dissentientes,
1741 2140 2000 2210 nobisque
2034 2141 2109 2193 ita
2151 2139 2397 2193 videntur
2426 2140 2676 2212 utrinque
2736 2142 2959 2211 impelli,
3012 2152 3068 2197 ut
3112 2146 3226 2214 jam
3272 2161 3381 2201 non
3429 2146 3744 2217 ambigatur

430 2233 534 2287 hoc
561 2247 697 2301 opus
727 2228 830 2283 alio
862 2227 1025 2281 fuisse
1053 2225 1423 2295 conscriptum
1451 2236 1714 2298 tempore,
1747 2228 1967 2298 alioque
1995 2227 2048 2281 in
2088 2230 2256 2282 lucem
2287 2228 2510 2284 editum.

499 2321 582 2376 Ac
609 2319 800 2390 primo,
840 2316 1229 2371 Tertullianum
1258 2315 1582 2371 amitramar
1611 2318 1756 2371 hunc
1802 2316 1993 2372 librum
2040 2316 2353 2387 cencepisse
2399 2314 2700 2387 primisque
2746 2318 2940 2373 tabulis
2986 2319 3295 2375 exaravisse
3323 2364 3338 2392 ,
3372 2338 3514 2387 cum,
3546 2322 3741 2377 Romae

427 2419 689 2479 versatus,
731 2408 834 2463 ﬁde
863 2405 1039 2462 adhuc
1077 2406 1291 2477 integer
1321 2422 1382 2461 ac
1411 2406 1577 2461 veluti
1619 2413 1759 2461 aestu
1805 2406 2010 2461 novitio
2040 2405 2191 2460 ferox
2240 2414 2294 2460 et
2338 2408 2678 2477 superbiens,
2720 2424 2911 2462 omnes
2965 2409 3200 2464 haereses
3246 2411 3485 2483 undique
3538 2413 3739 2469 Sedem

423 2496 790 2570 Apostolicam
828 2492 1070 2549 unanimi
1125 2493 1331 2563 impetu
1382 2491 1717 2563 obsidentes,
1750 2495 1815 2547 ad
1867 2492 2073 2548 Petram
2123 2510 2229 2549 uno
2280 2494 2579 2549 traditionis
2633 2494 2738 2551 ictu
2783 2494 2984 2564 allisas,
3040 2496 3411 2568 cnnspexerit;
3456 2515 3518 2553 ac
3569 2500 3737 2555 simul

420 2604 545 2643 cum
588 2584 811 2641 summis
844 2583 976 2639 viris
1021 2582 1113 2654 qui
1158 2581 1213 2635 in
1262 2581 1427 2652 Urbe,
1472 2582 1658 2638 eadem
1707 2586 2029 2655 tempestate
2076 2582 2362 2651 ﬂorebant,
2406 2583 2727 2639 necessitate
2772 2586 3117 2655 coniunctus,
3176 2603 3372 2657 nempe
3421 2588 3547 2643 eum
3600 2588 3737 2644 Caio

419 2677 755 2750 presbytero,
784 2673 1213 2745 Hippolytoque,
1247 2670 1551 2727 illustribus
1577 2689 1689 2744 prae
1718 2674 1923 2728 cunctis
1954 2673 2012 2727 S.
2045 2658 2234 2728 lrenaai
2290 2668 2379 2726 II
2427 2672 2729 2744 discipulis,
2782 2674 2848 2728 ab
2898 2673 3030 2746 ipsis
3082 2674 3213 2727 tanti
3260 2676 3504 2749 magistri
3556 2678 3733 2735 libros

419 2767 702 2837 acceperit,
732 2765 799 2818 ab
838 2763 1027 2818 iisdem
1072 2758 1525 2831 expeditissimam
1566 2760 1635 2817 ad
1665 2764 1947 2818 novatores
1993 2760 2260 2833 quoslibet
2307 2763 2511 2832 absque
2556 2763 2669 2818 acie
2719 2780 2817 2818 nec
2862 2764 3054 2835 pugna
3107 2764 3476 2832 debellandos,
3514 2766 3732 2819 tutissi-

418 2871 663 2926 mamque
718 2852 1058 2909 traditionum
1107 2859 1158 2905 et
1198 2851 1667 2921 przescriptionum
1716 2851 1882 2919 viam,
1933 2850 2285 2923 indagaverit,
2342 2851 2594 2919 tenuerit,
2654 2858 3041 2923 expertemque
3094 2852 3346 2907 habuerit
3405 2870 3417 2905 :
3480 2852 3728 2925 indeque

414 2947 626 3018 penitus
662 2943 717 2997 in
749 2949 927 2998 mente
957 2942 1060 2996 hoc
1088 2938 1309 2994 inﬁxum
1356 2939 1657 3011 reposuerit
1704 2938 2012 3007 consilium,
2048 2954 2215 2994 novos
2256 2954 2452 3010 nempe
2500 2939 2741 2994 veritatis
2786 2941 2970 2995 hostes
3019 2940 3085 2994 ad
3132 2940 3399 3010 judicium
3450 2940 3729 3012 rapiendi,

415 3050 637 3107 eosque,
670 3048 769 3090 nec
804 3047 859 3087 re
896 3044 1187 3101 perpensa,
1220 3044 1318 3084 nec
1361 3044 1523 3083 causa
1567 3026 1784 3101 agitata,
1817 3026 1869 3084 vi
1915 3026 2269 3099 quarumdam
2313 3029 2573 3083 duntaxat
2617 3028 3022 3099 exceptionum,
3067 3030 3134 3082 ab
3184 3027 3333 3083 omni
3383 3028 3476 3083 lite
3526 3031 3732 3101 expel-

411 3122 580 3190 lendi,
612 3122 1001 3191 damnatosque
1049 3116 1381 3173 remittendi.
1422 3115 1526 3187 (Cf.
1559 3118 1690 3172 Eus.
1746 3119 1886 3173 Hist.
1932 3117 2163 3184 Eccles.,
2197 3117 2237 3170 l.-
2287 3132 2349 3185 ιι,
2392 3132 2448 3171 c.
2475 3120 2530 3182 2,
2580 3133 2638 3187 p.
2670 3119 2772 3184 41;
2820 3117 3051 3171 Tertull.
3081 3117 3149 3172 de
3196 3119 3391 3187 Cultu,
3422 3118 3459 3173 l.
3493 3134 3536 3186 ι,
3571 3135 3626 3175 c.
3657 3124 3727 3187 6;

411 3212 469 3267 s.
500 3211 652 3266 Hier.
695 3212 785 3267 Vir
812 3210 1051 3273 illitam,
1082 3218 1134 3259 ο.
1166 3205 1284 3273 53).

479 3297 599 3364 Quo
628 3296 853 3353 consilio
876 3296 990 3364 jam
1018 3298 1156 3363 pene
1184 3298 1419 3362 peracto,
1452 3289 1535 3347 vel
1565 3292 1631 3344 ad
1662 3297 1860 3345 metam
1888 3297 2237 3361 properante,
2268 3290 2451 3359 subiit,
2485 3291 2595 3348 sive
2625 3306 2691 3346 ex
2713 3291 3036 3346 clericorum
3074 3291 3443 3345 Remanorum
3491 3291 3727 3365 invidia,

408 3387 525 3442 sive
562 3402 627 3439 ex
656 3380 944 3453 impotenti
972 3379 1221 3451 Septimii
1254 3378 1496 3451 ingenio,
1528 3378 1898 3448 acerrimoque
1926 3379 2025 3434 viri
2055 3378 2292 3434 Africani
2324 3380 2531 3447 animo,
2565 3378 2800 3451 lugenda
2838 3397 2969 3453 sane
3009 3379 3271 3450 procella,
3304 3395 3426 3449 qua:
3474 3395 3607 3435 eum
3660 3384 3732 3440 ab

406 3473 529 3529 navi
556 3452 818 3528 Ecclesia:
846 3478 901 3525 et
944 3476 1109 3539 portu
1155 3465 1281 3520 ﬁdei
1326 3464 1603 3522 catholicae
1642 3465 1696 3519 in
1740 3465 1915 3522 invios
1955 3466 2297 3521 Montanismi
2341 3468 2593 3539 scopulos
2644 3468 2901 3539 abripuit.
2950 3452 3223 3523 interdum
3274 3483 3402 3524 vero
3451 3472 3731 3527 remansit

402 3561 767 3618 Tertullianus
809 3556 1049 3612 veritatis
1092 3555 1428 3627 aliquatenus
1475 3552 1775 3609 indefessus
1819 3567 2075 3624 assertor,
2110 3568 2163 3612 et
2216 3560 2338 3613 eum
2378 3558 2493 3627 jam
2538 3556 2777 3612 ultimam
2821 3557 2994 3612 aetatis
3042 3571 3153 3610 sua:
3194 3567 3399 3626 partem
3444 3565 3621 3614 totam
3670 3561 3728 3614 in

400 3649 694 3709 certamina
740 3646 1093 3717 impenderet,
1127 3652 1235 3699 non
1280 3642 1489 3713 respuit
1536 3643 1831 3700 exantlatos
1877 3655 2033 3702 antea
2080 3646 2314 3717 labores,
2344 3664 2407 3704 ac
2458 3646 2514 3704 in
2562 3647 2737 3703 lucem
2785 3646 2963 3703 emisit
3007 3645 3328 3717 praeclarum
3378 3646 3509 3701 illud
3575 3649 3725 3704 Prae-

403 3738 717 3813 scriptionis
744 3733 1025 3791 catholicae
1055 3742 1486 3789 monumentum.
2970 3808 2975 3809 γ

473 3828 609 3883 Hinc
636 3825 794 3882 nobis
820 3823 990 3880 satius
1024 3823 1198 3880 visum
1235 3831 1316 3879 est
1358 3824 1459 3877 hoc
1495 3836 1635 3892 opus
1682 3821 1915 3879 medium
1962 3822 2105 3881 inter
2148 3826 2427 3895 catholici,-
2457 3824 2907 3893 montanistaaque
2952 3820 3267 3879 Tertulliani
3315 3820 3485 3877 libros
3539 3838 3724 3894 sepo-

402 3931 555 4044 nese,
596 3914 740 4042 ι’ἱιίῐίίι¹
778 3913 1031 4039 nimie-um
1076 3912 1222 3968 hunc
1266 3911 1335 3966 ad
1374 3918 1659 3981 utramque
1695 3910 1813 3980 ejus
1862 3912 2067 3984 ingenii
2115 3912 2336 3982 faciem,
2364 3913 2657 3985 ambasque
2704 3911 2828 3965 vitae
2874 3909 3046 3980 ipsius
3088 3914 3276 3980 partes
3320 3908 3603 3979 respicere
3654 3923 3726 3963 ac

402 4003 468 4044 eo
507 4003 594 4044 em
667 3996 778 4042 tuo
806 3999 907 4044 Der
932 3997 1104 4038 mere.

402 3997 594 4045 eadem
624 3997 778 4042 titulo
806 3997 1104 4055 pertinere.

1797 4150 2296 4227 Commentarius.

399 4359 590 4403 versus
620 4338 955 4396 Marcionem
1002 4334 1143 4389 libro
1193 4351 1208 4387 :
1263 4355 1285 4383 ι
1341 4332 1516 4403 Alius,
1549 4334 1747 4404 inquit,
1779 4333 1997 4389 libellus
2174 4334 2415 4390 Dubitari
2460 4348 2565 4388 non
2597 4341 2777 4404 potest
2813 4332 2946 4404 quin
2973 4330 3130 4404 illud,
3160 4330 3424 4404 adiret-sus
3455 4329 3719 4404 haereti-

398 4400 542 4470 huuc
584 4411 808 4483 gradum
854 4405 1162 4483 sustinebit,
1195 4404 1470 4483 adversus
1504 4400 1784 4483 haeretices
1830 4408 1993 4483 etiam
2101 4422 2211 4483 eos,
2264 4406 2328 4460 sit
2357 4420 2505 4483 .ver‘a
2757 4400 3032 4483 Auctoris,
3084 4400 3287 4483 quinia
3346 4400 3720 4483 conclusione

399 4469 770 4542 sinelr‘actatu
793 4469 1158 4533 doctrinarum
1188 4476 1562 4543 revinceudos,
1592 4477 1734 4547 quod
1763 4477 1867 4531 hoc
1886 4478 1993 4531 sint
2100 4469 2329 4547 huiusce
2357 4477 2475 4531 libri
2505 4478 2585 4531 sic
2614 4478 2771 4530 habet
2806 4492 2818 4529 :
2864 4490 2891 4522 α
2942 4469 3282 4547 Generaliter
3316 4476 3508 4547 actum
3541 4485 3657 4547 _est
3681 4492 3717 4531 a

398 4540 911 4627 depraescriptione
958 4548 1228 4627 nevitatis.
1249 4566 1280 4627 ρ
1326 4548 1475 4627 [Ergo
1516 4540 1850 4627 praescriptio
1888 4548 1991 4627 he;-
2099 4540 2257 4605 nobis
2288 4550 2547 4627 adversus
2596 4550 2828 4627 haereses
2852 4550 3061 4627 “omnes
3109 4540 3295 4627 certis,
3336 4549 3391 4621 et
3414 4541 3617 4612 iustis,
3657 4556 3717 4602 et

396 4610 1483 4693 retiEorumestpraescriptionovitatisfet
1514 4610 1850 4693 minusrecte
1879 4618 1992 4673 edi;
2100 4621 2416 4677 necessariis
2452 4612 2987 4693 praescriptionibus.
3038 4630 3082 4693 ’ξ
3133 4610 3310 4690 Locus
3357 4612 3480 4693 ipse
3531 4610 3706 4685 quem

397 4682 511 4754 tum
544 4682 817 4769 ihactenps
847 4691 995 4769 _fnit,
1021 4682 1101 4769 Ὧς
1136 4690 1668 4769 ρνωδενρρζὶοπίὺιιδ
1722 4691 1989 4769 edem-sus
2097 4693 2264 4748 refert
2313 4682 2573 4769 Rigaliius
2620 4682 2838 4769 eJlib.)
2871 4682 2994 4769 adv.
3031 4682 3197 4769 Mare.
3234 4682 3569 4769 inlgra'tjam:
3591 4705 3716 4745 suae

396 4752 707 4825 haereticos.
743 4766 817 4819 Ea
846 4752 1104 4835 loquendi
1132 4752 1304 4816 forma
1333 4752 1467 4814 dixit
1491 4762 1989 4834 praescriptionem
2096 4752 2407 4835 sententiae:
2431 4758 2585 4835 nobis
2613 4756 2772 4835 etiam
2804 4753 2942 4809 favet
2972 4770 3061 4835 τ’(
3108 4752 3266 4835 Alius
3297 4754 3524 4833 libellus
3556 4759 3719 4835 hunc

394 4824 811 4897 haereticorum,
852 4824 954 4904 qua
995 4832 1134 4901 juris
1181 4839 1447 4894 auctores,
1484 4824 1975 4906 praescriptionem
2093 4834 2318 4903 gradum
2365 4824 2651 4906 sustinebit
2697 4826 2959 4906 adversus
3006 4824 3310 4906 haereticos,
3359 4824 3532 4906 etiam
3585 4831 3715 4906 sine

392 4894 532 4974 ad“;
583 4894 1072 4980 ΡῨίλδῖδσι’ῖλνίίίὲπέηι
1114 4906 1249 4980 fori,
1283 4894 1781 4980 ,Ρηιβδοῗίριὸρηϐῖιη
1831 4909 1973 4980 terg-
2085 4894 2378 4980 {etractam
2408 4897 3199 4980 doctrinarum.revincendos,
3231 4894 3374 4964 quod
3428 4896 3541 4978 hoc
3589 4902 3714 4980 δίκῃ

386 4966 1557 5064 poris,‘prcescriptioncrn'reijjtdicatte:
1609 4976 1849 5064 1110.):-
1902 4976 1975 5027 De
2079 4973 2150 5064 dre
2221 4968 3034 5064 pras'eriptione‘.novitatismn
3095 4966 3508 5064 NequeAenim
3568 4971 3713 5054 dieit

388 5037 857 5127 ‘prwsériptienef
893 5044 1089 5099 Nescio
1141 5060 1208 5097 an
1260 5037 1362 5098 'hic
1417 5046 1690 5127 explicare
1742 5043 1969 5122 debeam
2079 5037 2775 5127 NosterzPrrescriptione
2796 5037 3355 5127 hwreticprumnsed,
3383 5045 3713 5115 prcescrip.

386 5108 533 5194 quod
581 5108 813 5194 ab‘aliis
852 5126 975 5194 ante
1018 5130 1119 5168 nos
1165 5131 1450 5194 excussum
1486 5108 1599 5166 'est.
1631 5113 1972 5194 Praescriptio
2083 5117 2264 5194 tione
2301 5108 2641 5194 novitatisl.
2704 5112 2968 5194 nd‘oersus
3024 5108 3346 5194 eradicas;
3398 5108 3709 5194 _|3ra:terea

386 5180 451 5251 ex
507 5208 607 5247 usu
662 5188 865 5243 forensi
911 5195 1216 5255 usurpatur,
1271 5185 1643 5258 sign.ncatque
1686 5180 1968 5258 refutatio-
2078 5189 2221 5256 quod
2255 5187 2451 5240 locutio
2486 5184 2839 5258 prmscriptio
2871 5180 3267 5258 haereticorum
3304 5180 3576 5258 ambigua
3612 5185 3704 5240 fo-

384 5249 508 5322 nem
552 5277 658 5333 qua
705 5276 795 5333 qui
847 5249 1171 5326 postulatur,
1207 5249 1520 5333 adversarii
1560 5249 1968 5333 iaccusetionem
2080 5249 2180 5333 ret,
2214 5267 2265 5311 et
2296 5249 2699 5333 habt-ri'melius
2716 5249 2901 5324 pOSset
2928 5253 2995 5304 de
3027 5249 3290 5333 hmreticis
3317 5249 3707 5333 prmSCribere

382 5320 604 5406 ἆίὲιῇἰιείί,
646 5320 737 5406 aut
774 5320 1001 5406 injeum‘
1037 5320 1311 5406 retorquet
1340 5327 1427 5406 ςνε
1462 5325 1673 5394 Ulpian.
1709 5326 1877 5406 D.__ad
1929 5328 1964 5380 Ι.
2078 5320 2335 5406 adversus
2366 5344 2464 5406 nos
2484 5320 2812 5391 volentibus,
2837 5320 3079 5393 quamde
3100 5321 3277 5401 nobis,
3310 5322 3527 5406 quibus
3547 5342 3707 5395 pre-

383 5392 602 5465 Jul'z'am'
626 5404 691 5458 de
721 5398 929 5468 adult.)
948 5399 1036 5453 Sic
1064 5392 1321 5470 frequens
1337 5392 1390 5470 in
1410 5392 1969 5466 jure'accusetionem

2103 5402 2318 5456 cribere
2345 5404 2604 5455 adversus
2644 5392 2999 5470 quoscunque
3048 5392 3365 5470 proprio_ju
3378 5410 3437 5447 re
3465 5392 3567 5450 fas
3589 5407 3697 5453 est.

380 5462 654 5551 ἀῖδίίεβνε,
690 5462 972 5551 exeiper'e,
1002 5462 1330 5551 producere.
1360 5462 1611 5551 Putarem
1633 5485 1850 5540 quoque
1883 5469 1969 5525 hic
2661 5462 2821 5524 'Enn.
2854 5462 2930 5522 8.75
2960 5466 3132 5535 Opere
3170 5477 3241 5518 nn
3272 5462 3540 5521 Gonncv.

377 5538 664 5622 legendum
721 5538 1017 5622 adv—emis—
1044 5540 1354 5604 haereticos,
1397 5550 1489 5595 aut
1546 5538 1801 5605 haereses,
1858 5555 1965 5595 non

378 5611 795 5679 hérctt'corum.
824 5628 897 5671 La
924 5611 1022 5669 Pa.

3472 5779 3670 5867 ἀ,

3610 5902 3621 5912 ’
3700 5884 3805 5987 (λδ
