4036 6172
327 307 391 364 25
1456 297 1655 360 LIBER
1693 298 1778 358 DE
1815 293 2468 361 PRMRIPHONIBUS.
3535 303 3605 362 26

339 437 413 484 est
433 427 477 464 δ’
500 445 518 479 :
554 427 816 495 θηρήια,
847 429 908 480 et
956 424 1285 488 invenietis,
1316 424 1534 494 quando
1581 425 1906 496 quaerendus
1937 439 1982 518 Α
2011 421 2252 493 jactabat
2267 436 2475 494 panem
2507 421 2780 491 ﬁliorum,
2801 421 3042 476 nondum
3073 440 3140 478 in
3165 441 3321 481 viam
3340 425 3392 462 '9
3417 430 3604 487 natio-

347 519 490 573 adhuc
512 526 647 577 erat,
676 515 768 585 qui
815 515 996 568 adhuc
1045 513 1262 586 agnitus
1305 527 1415 568 non
1466 519 1582 567 erat
1607 511 1677 570 δο.
1710 513 1774 568 Ει
1803 513 1906 569 hoc

353 617 564 678 quanttm
610 603 678 656 ad
723 601 974 667 Judteos;
1007 602 1073 654 ad
1118 601 1246 656 illos
1295 600 1440 656 enim
1481 601 1715 672 pertinet
1765 611 1908 658 totus

354 690 929 763 samosnggillationis
970 689 1146 757 istius,
1178 691 1270 760 qui
1321 689 1587 747 habebant
1613 689 1706 744 ubi
1752 707 1908 761 quaa-

352 792 480 838 rerent
493 781 798 836 Christum.
814 779 1049 845 Habent,
1065 778 1258 848 inquit,
1277 779 1493 850 Moysen
1515 784 1567 834 et
1587 781 1772 834 Etiam
1792 781 1909 851 (35)

347 872 464 939 (Lac.
505 885 659 938 xvi,
711 869 850 938 29),
899 869 954 921 id
1001 875 1082 922 est
1128 867 1307 940 legem
1358 876 1411 921 et
1458 869 1747 938 prophetas
1794 869 1907 938 (36)

337 960 578 1016 Christum
642 957 1037 1027 praedicantes,
1101 957 1399 1011 secundum
1462 957 1610 1026 quod
1672 966 1724 1011 et
1783 958 1909 1013 alibi

334 1049 488 1116 (Joan.
517 1061 581 1111 ν,
633 1046 770 1113 39):
821 1045 1202 1111 Scrutamini,
1237 1044 1429 1114 inquit,
1463 1044 1812 1116 Scripturas,
1843 1047 1907 1099 in

328 1138 502 1209 quibus
523 1137 775 1192 salutem
787 1133 1194 1206 speratis;illa:
1213 1135 1369 1188 enim
1386 1133 1453 1187 de
1462 1150 1553 1190 me
1567 1135 1906 1206 loquuntur.

329 1225 430 1280 Hoc
469 1224 511 1262 δι
561 1224 682 1290 erit,
709 1221 1009 1290 Ουιιιτε,
1040 1236 1112 1276 ετ
1157 1235 1515 1288 ωνεκικτιες
1550 1237 1675 1275 nam
1719 1231 1774 1276 et
1819 1237 1906 1277 se-

331 1314 533 1384 quentia
559 1313 608 1366 in
638 1311 862 1366 Iudaeos
887 1315 1199 1380 competere
1231 1309 1578 1364 manifestum
1609 1317 1694 1366 est
1725 1327 1738 1364 :
1772 1310 1907 1365 Pul-

334 1407 465 1466 sate,
497 1405 549 1455 et
582 1401 882 1472 aperietur
925 1397 1091 1454 vobis.
1123 1397 1294 1452 Judaei
1342 1406 1490 1452 retro
1533 1411 1706 1467 penes
1732 1398 1904 1452 Deum

335 1489 552 1554 fuerant;
578 1489 779 1544 dehinc
827 1486 987 1556 eiecti
1030 1488 1099 1540 ob
1148 1485 1364 1556 delicta,
1396 1495 1545 1541 extra
1571 1484 1744 1540 Deum
1783 1501 1906 1541 esse

336 1586 614 1648 cmperunt.
662 1575 925 1630 Nationes
968 1589 1102 1628 vero
1151 1590 1431 1645 nunquam
1488 1589 1656 1645 penes
1699 1575 1903 1641 Deum,

337 1667 444 1721 nisi
460 1664 807 1720 stillicidium
825 1663 893 1720 de
911 1662 1109 1728 situla,
1122 1666 1179 1718 et
1203 1664 1390 1734 pulvis
1411 1679 1485 1719 ex
1504 1678 1662 1727 area,
1681 1667 1738 1718 et
1766 1666 1906 1734 foris

343 1770 541 1824 semper
569 1755 697 1822 (Isa.
724 1769 812 1818 ιι,
842 1753 956 1820 15).
992 1751 1177 1821 Itaque
1224 1749 1338 1807 ευ
1367 1751 1459 1821 qui
1502 1751 1636 1806 foris
1665 1767 1902 1822 semper,

353 1843 606 1912 quomodo
645 1840 876 1911 pulsabit
925 1855 993 1896 eo
1034 1839 1127 1893 ubi
1167 1855 1442 1910 nunquam
1490 1839 1628 1895 fuit?
1657 1855 1822 1911 quam
1852 1840 1903 1878 ⁵2
1936 1824 1980 1902 Β

354 1930 562 1997 ianuam
587 1930 746 1993 novit,
774 1930 826 1982 in
851 1944 998 2000 quam
1050 1929 1101 1966 ‘3
1131 1944 1233 1984 nec
1261 1937 1531 1999 receptus,
1565 1943 1665 1984 nec
1695 1931 1903 1998 ejectus

353 2016 662 2087 aliquando?
688 2033 754 2071 an
805 2016 954 2088 63qui
999 2016 1100 2072 scit
1153 2032 1211 2071 se
1260 2015 1406 2071 intus
1457 2016 1626 2072 fuisse
1669 2026 1724 2072 et
1759 2016 1903 2072 foras

344 2113 513 2158 actum
538 2149 550 2169 ,
598 2105 643 2159 is
687 2105 860 2175 potius
897 2104 1132 2175 pulsabit
1189 2103 1240 2139 ⁸⁸
1285 2112 1337 2158 et
1383 2105 1578 2160 ostium
1626 2105 1776 2161 novit
1815 2105 1902 2159 56?

330 2193 514 2260 Etiam,
537 2209 749 2261 perna,
771 2209 843 2248 ετ
870 2209 1182 2249 Ασειριετιε
1201 2193 1251 2250 ei
1283 2194 1561 2265 competit,
1585 2195 1677 2264 qui
1700 2195 1904 2250 sciebat

326 2297 354 2334 ι
378 2298 478 2352 quo
525 2293 662 2338 esset
707 2283 999 2354 petendum
1021 2282 1092 2349 5",
1142 2299 1174 2337 a
1199 2298 1308 2356 quo
1355 2291 1409 2337 et
1443 2295 1558 2338 erat
1588 2282 1786 2354 aliquid
1817 2300 1903 2338 re-

321 2373 667 2440 promissum;
699 2388 730 2426 a
775 2374 888 2427 Deo
939 2373 1145 2427 scilicet
1191 2370 1484 2438 Abraham,
1526 2370 1676 2424 Isaac
1722 2380 1778 2427 et
1812 2373 1902 2425 Ja-

317 2459 446 2526 cob,
491 2475 650 2532 quem
715 2460 962 2515 nationes
1014 2474 1120 2514 non
1169 2458 1346 2530 magis
1394 2465 1696 2524 noverant,
1741 2475 1901 2530 quam

317 2546 470 2603 ullam
517 2549 996 2620 repromissionem
1046 2548 1184 2617 ejus.
1217 2549 1284 2604 Et
1327 2548 1452 2603 ideo
1501 2548 1566 2602 ad
1616 2547 1782 2603 Israel
1813 2548 1901 2603 lo-

305 2637 561 2708 quebatur
593 2654 609 2693 :
647 2640 767 2695 Non
797 2656 951 2706 sum,
984 2637 1156 2708 inquit
1189 2637 1411 2705 (Matth.
1446 2653 1508 2704 χ,
1550 2639 1662 2705 15),
1691 2639 1902 2695 missus

301 2726 409 2781 nisi
414 2726 489 2782 ad
507 2744 634 2784 oves
646 2728 902 2798 perditas
920 2727 1114 2783 domus
1126 2725 1303 2782 Israel
1317 2724 1384 2779 53.
1402 2724 1653 2779 Nondum
1666 2726 1899 2781 canibus

2014 532 2156 570 num
2185 514 2270 569 ire
2292 511 2581 566 mandabat
2622 512 2840 580 (Matth.
2864 527 3072 577 xxvm,
3102 515 3510 588 19);siquidem
3548 517 3602 572 in

2015 604 2122 658 ﬁne
2149 601 2427 674 praecepit,
2449 609 2508 654 ut
2534 601 2792 655 vaderent
2821 601 2886 654 ad
2915 601 3186 656 docendas
3206 612 3260 658 et
3276 603 3604 676 tinguendas

2015 693 2279 758 nationes,
2311 689 2648 746 consecuturi
2679 705 2800 745 mox
2843 689 3107 759 Spiritum
3147 701 3390 747 sanctum
3420 697 3602 750 Para-

2015 782 2250 846 cletum,
2267 778 2360 849 qui
2383 777 2502 833 illos
2521 778 2870 833 deducturus
2898 782 3041 834 esset
3071 780 3134 833 in
3155 796 3380 836 omnem
3403 785 3604 838 verita-

2017 873 2130 924 tem
2167 869 2349 935 (Joan.
2387 880 2507 928 xvi,
2545 867 2654 933 13).
2698 865 2761 917 Et
2809 865 2911 920 hoc
2958 881 3090 938 erga
3127 865 3252 920 illos
3295 865 3341 902 ⁷ο
3370 865 3495 921 fecit
3529 866 3600 926 ⁷1,

2013 957 2168 1027 Quod
2210 955 2254 1010 si
2311 954 2620 1010 nationibus
2656 953 2705 990 ⁷³
2743 954 2994 1014 destinati
3043 955 3335 1024 doctores,
3377 957 3604 1026 apostoli

2013 1045 2113 1118 ipsi
2173 1059 2383 1116 quoque
2437 1045 2713 1100 doctorem
2761 1044 3095 1100 consecuturi
3150 1054 3307 1100 erant
3360 1044 3604 1101 Paracle-

2012 1139 2148 1195 tum,
2181 1131 2348 1188 multo
2376 1130 2552 1203 magis
2599 1130 2813 1185 vacabit
2840 1129 2889 1168 ’⁷³
2928 1148 3057 1204 erga
3097 1147 3196 1188 nos
3225 1148 3488 1196 QUERITB
3528 1150 3604 1189 ΕΤ

2013 1233 2375 1289 ικνκκιετιε,
2421 1220 2619 1291 quibus
2657 1220 2800 1276 ultro
2848 1228 2963 1275 erat
3010 1222 3309 1276 obventura
3357 1220 3604 1277 doctrina

2014 1322 2110 1376 per
2137 1307 2426 1376 apostolos,
2460 1314 2514 1360 et
2540 1307 2673 1377 ipsis
2719 1309 2983 1379 apostolis
3016 1323 3114 1378 per
3150 1309 3409 1380 Spiritum
3441 1325 3600 1365 sauc-

2013 1402 2145 1450 tum.
2177 1393 2370 1450 Omnia
2409 1394 2626 1465 quidem
2674 1395 2815 1450 dicta
2863 1395 3080 1451 Domini
3127 1398 3383 1453 omnibus
3426 1399 3603 1468 posita

2011 1491 2156 1546 sunt,
2189 1499 2308 1552 quae
2336 1481 2384 1520 7’-
2434 1499 2533 1554 per
2560 1498 2721 1538 aures
2763 1483 3078 1540 Iudaeorum
3127 1486 3196 1540 ad
3243 1503 3344 1542 nos
3371 1487 3600 1542 transie-

2013 1579 2166 1641 runt;
2219 1570 2314 1625 sed
2363 1571 2618 1642 pleraque
2664 1570 2718 1625 in
2759 1588 3017 1643 personas
3055 1574 3256 1630 directa
3301 1577 3442 1644 (3'7),
3493 1591 3600 1631 non

2014 1659 2394 1731 preprietatem
2461 1659 2844 1716 admonitionis
2925 1661 3085 1718 nobis
3160 1661 3598 1730 constituerunt,

2015 1747 2111 1802 sed
2140 1747 2466 1819 exemplum.

2629 1880 2852 1938 CAPUT
2885 1881 2982 1936 IX.

2010 1996 2167 2055 Nobis
2206 2000 2418 2062 autem,
2451 1996 2548 2068 qui
2567 1997 2694 2067 jam
2722 1997 3085 2065 credidimus,
3120 1998 3279 2054 aliud
3304 2014 3418 2052 non
3448 2015 3596 2072 qua:-

2683 2083 2944 2139 rendam.

2080 2189 2224 2244 Cedo
2255 2204 2399 2245 nunc
2427 2197 2620 2259 sponte
2650 2190 2717 2244 de
2748 2191 2920 2264 gradu
2948 2191 3053 2246 isto
3087 2210 3098 2247 :
3123 2192 3380 2247 omnibus
3399 2193 3602 2248 dictum

2009 2279 2096 2345 sit,
2126 2292 2418 2348 quaerre,
2444 2293 2517 2332 ar
2539 2293 2892 2346 INVBNIB'I‘IS;
2919 2287 3093 2334 tamen
3122 2289 3174 2335 et
3195 2280 3284 2335 hic
3314 2281 3530 2350 expedit
3548 2279 3599 2316 ’³⁵

2010 2384 2170 2424 sensu
2201 2366 2250 2403 ⁷⁸
2279 2375 2486 2422 certare
2514 2365 2561 2403 ’⁸⁷
2600 2384 2720 2423 cum
2754 2369 3212 2438 interpretationis
3260 2370 3602 2442 gubernacu-

2010 2457 2064 2513 lo
2101 2457 2209 2525 (38)
2251 2458 2386 2528 (39).
2429 2453 2543 2512 εδ
2569 2457 2726 2512 Nulla
2753 2474 2856 2513 vox
2885 2459 3065 2514 divina
3093 2461 3208 2529 (40)
3236 2459 3307 2514 ita
3347 2459 3604 2516 dissoluta

2010 2553 2092 2602 est
2121 2552 2172 2600 ct
2209 2543 2405 2600 diffusa
2434 2555 2492 2600 ut
2523 2546 2685 2601 verba
2715 2554 2917 2602 tantum
2949 2546 3324 2615 defenduntur,
3365 2558 3416 2602 et
3465 2549 3601 2604 ratio

2009 2636 2295 2694 verborum
2326 2649 2432 2688 non
2461 2635 2834 2691 constituatur.
2859 2636 2964 2691 Sed
2987 2636 3042 2692 in
3065 2637 3252 2708 primis
3282 2638 3384 2692 hoc
3407 2652 3600 2708 prepo-

2011 2739 2080 2780 no
2113 2743 2127 2778 :
2159 2739 2325 2778 unum
2352 2723 2540 2794 utique
2585 2722 2634 2759 ⁷⁸
2662 2732 2714 2779 et
2743 2733 2950 2780 certum
2997 2726 3199 2798 aliquid
3243 2726 3359 2796 (41)
3388 2725 3603 2781 institu-

1686 2824 1877 2886 Variae
1910 2829 2216 2888 lectiones.

357 2901 407 2939 59
433 2904 816 2974 Meritoiergo
860 2911 986 2957 tunc
1029 2903 1231 2957 dictum
1259 2913 1338 2956 est
1367 2902 1523 2974 abest
1551 2919 1586 2958 a
1618 2903 1787 2960 Seml.
1821 2903 1871 2940 5°

1898 2903 2004 2972 Qui
2035 2904 2208 2958 adhuc
2264 2904 2477 2973 agnitus
2531 2920 2639 2960 non
2699 2913 2815 2962 erat
2871 2906 3025 2961 abest
3089 2923 3124 2961 a
3183 2906 3354 2962 Seml.
3406 2905 3454 2943 δι
3505 2906 3603 2963 Hic

295 2975 463 3030 Seml.
526 2974 582 3010 ⁵2
639 2973 922 3040 Quomodo
975 2976 1246 3028 Heu-man.
1302 2975 1352 3011 ⁸³
1407 2973 1525 3042 Qua
1584 2975 1750 3030 Seml.
1810 2975 1859 3012 ⁶⁸ι
1917 2980 2112 3029 Annon
2170 2977 2443 3030 Heuman.
2503 2973 2554 3012 ⁵⁵
2609 2976 2848 3031 Pulsavit
2912 2978 3092 3034 Venet.
3147 2976 3197 3014 66
3256 2979 3339 3032 Ad
3396 2977 3596 3032 ostium

323 3047 437 3099 uod
471 3043 636 3098 novit
674 3046 943 3098 Heuman.
972 3042 1018 3078 δ”
1079 3044 1125 3096 Α

1162 3059 1268 3113 quo
1305 3053 1445 3098 esset
1481 3046 1773 3114 petendum
1815 3046 1968 3100 abest
1999 3064 2034 3100 a
2063 3047 2233 3101 Seml.
2264 3045 2314 3080 ⁵³
2371 3046 2584 3100 Israelis
2642 3048 2812 3103 Seml.
2844 3046 2894 3082 59
2941 3047 3196 3102 Gentium
3258 3047 3341 3102 vel
3402 3051 3602 3105 inserit

325 3116 559 3170 emler.
613 3111 663 3147 ’⁷ο
721 3113 883 3191 Ergo.
920 3114 1007 3166 illo
1072 3111 1256 3168 Venet.
1312 3120 1431 3184 post
1482 3111 1648 3222 75%).;
1681 3131 1816 3186 ergo
1873 3116 1994 3170 illos
2050 3116 2280 3169 Semler.
2323 3115 2370 3150 ⁷1
2431 3117 2518 3169 Ita
2561 3117 2784 3180 Junius,
2817 3118 2925 3171 alii
2983 3119 3084 3187 leg.
3148 3117 3291 3172 facit.
3353 3117 3402 3155 73
3461 3120 3599 3188 Erga

326 3189 418 3222 Inc
468 3183 520 3222 ei
573 3191 722 3222 vat-nt
791 3199 881 3222 mn
924 3182 1233 3222 nntinnihnc
1274 3185 1508 3222 Πηηῃηη
1592 3189 1614 3218 3
1690 3188 1766 3222 Mn
1836 3187 2122 3222 "animum.
2158 3185 2264 3222 alii
2310 3183 2504 3222 nnlu-nl
2553 3188 2772 3222 vat-alni
2824 3186 2871 3222 1's
2910 3187 2992 3222 [In
3050 3189 3209 3222 Dnm’c
3265 3193 3387 3222 nnc!
3442 3191 3571 3222 Dnm

287 3187 418 3239 illos
465 3183 520 3236 si
573 3191 758 3247 vacat,
791 3182 883 3252 qui
924 3182 1233 3252 nationibus
1268 3182 1529 3241 Heilman.

1684 3183 1772 3241 Ita
1829 3187 2125 3251 Heuman;
2157 3185 2264 3256 alii
2302 3183 2505 3256 volunt
2553 3188 2793 3256 vacabat.
2824 3186 2871 3222 ’νε
2898 3187 2994 3256 νιεᾳ
3034 3183 3229 3242 Ῥανιέ.
3261 3193 3387 3256 post
3425 3183 3597 3251 Pam.

289 3271 413 3325 quae
444 3254 612 3309 abest
653 3270 688 3307 a
751 3251 934 3325 Venet.
995 3255 1114 3325 Κίρ.
1169 3251 1216 3290 ⁷⁵
1250 3256 1518 3325 Expendit
1580 3259 1768 3314 Venet.
1798 3255 1846 3292 τε
1900 3259 2106 3312 Sensus
2165 3255 2333 3311 Seml.
2395 3255 2572 3310 Paris.
2637 3254 2805 3310 Fran.
2856 3255 2903 3285 ⁷⁷
2959 3254 3131 3309 Certae
3189 3251 3368 3311 Paris.
3423 3259 3598 3314 Fran.

289 3324 336 3362 π
360 3327 578 3396 Itaque
609 3324 779 3380 Seml.
816 3325 954 3380 Jun.

1700 3398 2206 3463 Commentarius.

363 3505 482 3574 (35)
515 3504 831 3597 Ha‘bentet
859 3503 1072 3597 Moyse?
1105 3506 1180 3597 let
1206 3503 1420 3597 tiliam.
1452 3503 1627 3558 Etiam
1657 3505 1749 3597 hic
1764 3522 1896 3587 .am-
1929 3521 1972 3597 ο
2003 3511 2097 3597 Ἐς,
2117 3504 2162 3557 si
2194 3502 2535 3597 neceapedit
2555 3502 2608 3597 in
2639 3501 3001 3597 Christianum
3033 3503 3599 3597 clonvenire‘ordingm

293 3575 434 3646 plius
473 3574 612 3644 quid
663 3574 786 3646 legit
823 3589 982 3644 quam
1014 3575 1290 3646 ibabeatur
1339 3575 1494 3629 Lucae
1540 3591 1654 3642 xvr,
1686 3577 1778 3631 ubi
1809 3593 1898 3632 so-

295 3590 434 3646 pnus
473 3590 612 3644 quia
663 3590 786 3698 leétl
823 3590 982 3644 quam
1033 3590 1290 3628 naneatur
1339 3590 1494 3629 Lucae
1540 3591 1654 3642 xvr,
1686 3590 1778 3631 unt
1809 3593 1898 3632 so-

295 3649 404 3700 lum
440 3646 650 3718 legitur
687 3714 701 3718 Α
748 3659 890 3718 nece
930 3654 983 3698 et
1011 3645 1198 3718 Latine
1245 3663 1259 3697 :
1311 3646 1525 3718 Habent
1571 3648 1785 3718 Moysen
1842 3653 1898 3703 et

291 3717 628 3789 prophetas;
678 3714 1393 3789 fortassis_cogitans~,r_cum
1443 3717 1558 3771 huic
1610 3714 1894 3786 scriberet,

298 3785 454 3856 super
507 3785 855 3856 apparitione
901 3785 1063 3841 Hosis
1095 3795 1151 3840 et
1196 3787 1324 3840 Elite
1355 3787 1409 3840 in
1451 3797 1632 3844 monte
1661 3785 1895 3846 Thabor.

302 3858 438 3914 Pax.

369 3932 482 3997 (36)
519 3929 760 3992 Habent,
792 3929 998 3999 inquit,
1026 3928 1240 3998 Moysen
1261 3932 1316 3982 et
1346 3929 1552 3983 Etiam.
1579 3929 1677 3985 Hic
1697 3945 1901 3986 memo-

298 4000 375 4074 ria
402 3999 596 4074 fetelli_t
615 4007 913 4052 auctorem.
937 3999 1183 4055 Saluta.
1209 3999 1419 4055 Habent
1452 4001 1667 4071 Moysen
1689 4007 1744 4059 et
1772 4019 1900 4074 pro-

298 4069 527 4140 phetas.
555 4069 781 4140 Roma.

368 4139 910 4264 pleraque
929 4141 992 4192 in
1017 4155 1286 4210 personas
1303 4140 1540 4196 directa.
1562 4141 1894 4210 Judaaorum,

300 4220 533 4266 scilicet.
568 4220 688 4265 κιρ.

364 4282 484 4351 (38)
522 4282 663 4338 Cum
708 4283 1202 4351 interpretationis
1242 4281 1649 4352 gubernaculo.
1683 4283 1739 4338 ld
1789 4293 1892 4351 est,

296 4368 411 4408 cum
458 4353 708 4426 ratione,
761 4367 884 4426 cum
941 4352 1226 4420 disciplina
1275 4352 1536 4426 rationis,
1588 4371 1712 4426 qua:
1760 4371 1896 4410 sane

297 4439 504 4480 omnem
538 4423 1040 4492 interpretationem
1090 4426 1394 4492 gubernare
1443 4423 1629 4490 debet,
1663 4435 1716 4480 et
1747 4426 1800 4479 in
1832 4442 1895 4480 ea

299 4511 509 4565 semper
559 4509 814 4565 regnare.
863 4493 1014 4548 Hunc
1061 4494 1236 4565 locum
1269 4494 1465 4565 eodem
1501 4509 1664 4549 sensu
1695 4504 1893 4552 tracta-

297 4563 462 4620 νει·θί.
491 4563 745 4620 Irenieus
775 4564 866 4618 lib.
897 4577 956 4619 ιι.
991 4579 1113 4632 cap.
1146 4563 1235 4620 46.
1271 4563 1396 4618 mc.

360 4638 476 4707 (39)
509 4639 722 4692 Tamen
743 4638 798 4689 et
829 4635 918 4689 hic
936 4636 1156 4704 expetit
1175 4651 1392 4707 sensus,
1414 4639 1635 4692 certare
1651 4652 1784 4691 cum
1813 4637 1897 4691 in-

297 4705 730 4777 terpretationis
761 4705 1274 4778 gubernaculab'ic
1305 4706 1436 4770 edit,
1461 4708 1716 4778 princeps
1751 4724 1763 4763 :
1799 4713 1893 4763 sed

295 4779 520 4849 expedit
550 4791 662 4849 pro
698 4777 864 4849 verbo
906 4777 1126 4849 empetit
1171 4777 1371 4849 liabent
1409 4781 1494 4832 ed.
1527 4777 1715 4849 ultima
1745 4779 1893 4835 Rhe-

294 4845 414 4902 nani
464 4857 522 4903 et
554 4845 754 4916 prima
800 4845 1138 4916 Patrisiensis.
1173 4847 1431 4912 Praestent
1477 4848 1740 4904 editiones
1787 4851 1893 4903 Pa-

2007 3575 2101 3629 ﬁlii
2155 3574 2392 3646 prodigi.
2425 3575 2675 3646 Quodgsi
2725 3589 2824 3630 nec
2865 3575 2923 3646 in
2974 3575 3217 3630 Judaeum
3267 3577 3474 3646 integre
3507 3575 3601 3630 filii

2008 3644 2188 3716 imago
2219 3644 2513 3710 concurrit,
2547 3644 2615 3698 ad
2655 3645 2990 3716 pmpositum
3022 3646 3240 3701 Domini
3279 3644 3603 3716 simpliciter

2007 3715 2409 3788 interpretatio
2428 3715 2857 3786 gubernabitur.
2883 3738 2904 3763 ι
2929 3717 3092 3772 Porro
3113 3731 3235 3772 mox
3267 3715 3406 3773 inira
3417 3719 3600 3785 babes,

2003 3805 2182 3844 —ne.
2213 3789 2481 3856 Quaerite,
2516 3790 2571 3842 et
2592 3789 2913 3850 invenietis,
2937 3788 3061 3843 sine
3089 3788 3397 3859 disciplina
3425 3793 3601 3846 ratio-

2006 3861 2097 3914 nis
2127 3861 2600 3930 interpretentur.
2628 3859 2871 3930 Denique
2897 3873 3058 3912 voces
3086 3858 3158 3913 ita
3187 3858 3412 3930 eiponit
3438 3859 3492 3914 in
3522 3861 3602 3915 in-

2006 3930 2124 3985 dice
2154 3944 2252 3984 suo
2282 3929 2614 3983 Latinitatis
2663 3929 3061 3984 Tertullianece
3095 3929 3379 3994 Semle’rus,
3419 3949 3442 3982 α
3475 3948 3597 3985 cum

2007 4002 2228 4072 ratione,
2254 4015 2372 4072 cum
2405 3998 2944 4072 disciplinairationis,
2962 4015 3082 4070 quae
3098 4015 3309 4055 omnem
3332 4001 3596 4072 interpre-

2005 4071 2264 4197 gttionem
2282 4070 2587 4142 gubernare
2614 4069 2794 4136 debet,
2819 4078 2872 4123 et
2901 4069 2950 4123 in
2975 4069 3040 4124 ea
3061 4087 3273 4142 semper
3295 4069 3541 4143 regnare.
3568 4093 3591 4121 ι

2056 4157 2228 4196 ours.

2056 4157 2228 4196 OUTH.

2076 4213 2195 4281 (40)
2217 4212 2387 4284 Nulla
2425 4227 2534 4284 v0.2;
2569 4211 2798 4284 divina.
2829 4206 3273 4284 Similem'locum
3303 4213 3497 4284 allegat
3527 4215 3595 4268 ad

2005 4283 2300 4358 marginem
2348 4283 2638 4358 Quintinus
2665 4323 2680 4349 ,
2711 4281 2802 4352 qui
2853 4282 2902 4358 in
2959 4286 3193 4358 Decretis
3237 4281 3433 4340 citatur
3470 4300 3506 4351 l,
3539 4302 3596 4356 q.

2007 4360 2059 4421 t,
2091 4353 2152 4412 οῖ
2193 4355 2356 4408 Marc.
2406 4355 2526 4407 Non
2578 4363 2826 4424 putemus
2875 4353 2926 4406 in
2967 4353 3364 4421 Scripturarum
3418 4353 3600 4410 verbis

2004 4439 2126 4481 esse
2169 4424 2538 4494 Evangelium,
2572 4423 2674 4495 Sed,
2711 4423 2766 4477 in
2816 4439 3004 4490 sensu;
3039 4427 3247 4495 nonin
3289 4427 3598 4495 superﬁcie,

2003 4500 2099 4551 sed
2131 4497 2184 4550 in
2214 4493 2471 4560 medulla;
2507 4507 2617 4548 nou
2664 4493 2716 4547 in
2749 4509 3059 4549 sermonum
3089 4494 3252 4560 foliis,
3286 4493 3381 4551 sed
3417 4497 3471 4551 in
3503 4513 3596 4551 ra-

2005 4567 2125 4622 dice
2157 4566 2401 4623 rationis.
2431 4566 2566 4619 Plut.

2077 4639 2191 4705 (41)
2224 4639 2404 4694 Unum
2433 4637 2627 4708 utique
2673 4638 2739 4708 et
2767 4638 2987 4689 certum
3016 4633 3254 4704 aliquid.
3288 4635 3475 4708 Recte
3496 4635 3599 4708 hoc

2006 4707 2385 4776 interpretatur
2416 4705 2686 4776 Macareus
2713 4707 2780 4758 de
2830 4719 2932 4776 una
2971 4714 3165 4776 regula
3213 4720 3311 4756 seu
3342 4705 3596 4772 symbolo

2002 4771 2160 4839 ﬁdei,
2184 4777 2341 4844 cujus
2370 4774 2744 4845 unusquisque
2792 4771 3063 4845 articulus
3095 4790 3236 4845 unus
3285 4771 3385 4838 est,
3418 4786 3596 4830 certus

2003 4855 2059 4903 et
2087 4843 2489 4902 determinatus.
2519 4843 2707 4916 Neque
2739 4843 2879 4916 enim
2933 4843 3172 4898 Ecclesia
3221 4856 3344 4914 post
3368 4857 3596 4915 aposto-

296 4922 385 4972 ris.
432 4907 688 4974 secunda
731 4925 783 4990 et
843 4915 1092 4990 Franek._
1123 4936 1182 4990 «ιΔ
1219 4909 1395 4990 tamen
1442 4927 1496 4972 et
1559 4920 1644 4973 hic
1693 4922 1897 4990 expetit
1929 4907 1974 4982 ο
2007 4919 2087 4973 los
2116 4933 2313 4990 novum
2340 4917 2577 4990 aliquem
2608 4907 2729 4990 fidei
2775 4915 3056 4990 articulum
3085 4907 3414 4990 credendum
3460 4934 3593 4989 pro-

294 5005 478 5044 sensus
538 4994 711 5041 certe
763 4986 1217 5055 interpretationis
1263 4989 1728 5056 gubernaculum,
1763 4986 1794 5041 ἱ)
1847 5001 1898 5046 et

294 5065 692 5114 revocaverunt
731 5057 1200 5129 banc_lectionem
1253 5057 1439 5129 Lupus
1469 5068 1522 5112 et
1554 5062 1892 5118 Thomasius.

295 5130 423 5184 Nam
455 5129 717 5185 ediderat
749 5126 1033 5199 Rigaltius,
1069 5126 1352 5184 afferente
1380 5129 1510 5183 illud
1541 5148 1571 5186 e
1599 5133 1762 5187 veteri
1795 5147 1895 5186 suo

294 5203 475 5256 codice
527 5199 876 5270 \Vouvverio,
918 5217 940 5248 α
990 5200 1190 5270 Tamen
1236 5211 1290 5255 et
1333 5201 1423 5254 hic
1471 5202 1688 5270 expedit
1733 5218 1896 5256 sensu

295 5281 501 5349 certare
530 5268 1172 5349 cuminterpretationis
1203 5268 1590 5349 gubernaculo.
1631 5273 1895 5349 :_Prtetu-_

298 5341 444 5398 lerim
508 5357 636 5413 ego
678 5339 960 5413 lectionem
1017 5339 1402 5413 Rigaltianam,
1454 5342 1500 5397 si
1559 5342 1720 5398 modo
1779 5343 1898 5400 voci

300 5431 462 5469 sensu
492 5409 762 5479 particula
806 5409 871 5465 de
910 5409 1274 5480 praeponatur.
1305 5410 1387 5464 Ad
1414 5427 1605 5480 voces,
1636 5430 1769 5468 cum
1799 5416 1895 5468 in-

302 5482 734 5556 terpretationis
750 5480 1125 5556 gubernaculo
1154 5481 1300 5552 quod
1323 5482 1533 5556 attinet,
1550 5484 1748 5556 scribit
1778 5501 1900 5540 auo-

300 5551 460 5613 tor'in
493 5554 602 5608 lib.
635 5551 821 5607 suode
845 5551 1154 5619 Pudicitia,
1175 5551 1300 5624 cap.
1327 5553 1360 5606 9
1393 5568 1410 5606 :
1448 5572 1472 5601 α
1506 5554 1629 5610 Plus
1673 5564 1756 5612 est
1783 5556 1894 5630 igi-

2005 4989 2206 5058 posuit.
2241 4987 2352 5043 Etsi
2399 4985 2543 5040 enim
2591 4985 2784 5058 clarius
2829 4985 3147 5053 eXplicuerit
3195 4985 3473 5057 quosdam‘
3500 4991 3596 5046 ob-

2003 5057 2294 5137 scuriores,
2329 5058 2418 5130 qui
2470 5058 2538 5112 ob
2586 5057 2670 5111 sui
2701 5064 2791 5110 aut
2839 5058 3241 5137 obscuritatem,
3283 5068 3374 5113 aut
3415 5061 3592 5137 ambi-

2003 5131 2297 5213 guitatem,
2351 5141 2567 5213 possent
2602 5129 2992 5213 “contentionis
3058 5144 3394 5211 causaesse
3459 5131 3596 5184 inter

2004 5198 2209 5268 ﬁdeles,
2242 5213 2294 5256 et
2339 5198 2640 5254 distinxerit
2692 5199 2743 5252 in
2795 5198 2996 5268 plures,
3029 5200 3122 5269 qui
3172 5202 3322 5268 prius
3379 5202 3432 5255 in
3487 5217 3593 5254 uno

2003 5271 2243 5341 generali
2289 5271 2514 5325 articqu
2559 5270 3154 5341 comprehendebantur
3207 5289 3219 5324 :
3272 5287 3380 5341 non
3423 5287 3593 5340 prOp-

2011 5340 2158 5396 terea
2188 5342 2440 5396 censendi
2471 5352 2597 5396 sunt
2638 5342 2817 5408 plures
2852 5340 3024 5404 reipsa
3055 5341 3265 5395 articuli
3316 5340 3456 5404 ﬁdei,
3499 5341 3593 5394 sed

2003 5412 2343 5469 distinctione
2390 5420 2442 5468 et
2504 5411 2858 5482 explicatione
2921 5409 3412 5482 duntaxat.__Q_uod_
3447 5409 3590 5462 enim

2004 5493 2225 5559 veteres
2267 5484 2320 5559 in
2368 5479 2997 5559 genere—cognoverunt,
3033 5497 3134 5559 nos
3166 5479 3488 5559 distinctius
3537 5490 3592 5559 et

2002 5550 2402 5625 particulatim:
2447 5550 2726 5612 crescente
2765 5553 2820 5606 in
2867 5553 2984 5607 dies
3032 5550 3312 5606 hominum
3356 5550 3590 5617 (hereti-
