  <div class='ocr_page' id='page_1' title='image "/cluster/home/n/w/nwhite01/storage/ocr_20150623/2/hvd.32044096580329/021.png"; bbox 0 0 4036 6172; ppageno 0'>
   <div class='ocr_carea' id='block_1_1' title="bbox 484 345 3763 407">
    <p class='ocr_par' dir='ltr' id='par_1_1' title="bbox 484 345 3763 407">
     <span class='ocr_line' id='line_1_1' title="bbox 484 345 3763 407; baseline 0.001 -3"><span class='ocrx_word' id='word_1_1' title='bbox 484 346 548 404; x_wconf 88' lang='grc'><strong>31</strong></span> <span class='ocrx_word' id='word_1_2' title='bbox 1608 346 2049 407; x_wconf 74' lang='lat' dir='ltr'><strong>TERTULLIANI</strong></span> <span class='ocrx_word' id='word_1_3' title='bbox 2085 345 2353 407; x_wconf 77' lang='lat' dir='ltr'><strong>OPERUM</strong></span> <span class='ocrx_word' id='word_1_4' title='bbox 2391 347 2558 407; x_wconf 80' lang='lat' dir='ltr'><strong>PARS</strong></span> <span class='ocrx_word' id='word_1_5' title='bbox 2596 346 2663 405; x_wconf 90' lang='lat' dir='ltr'><strong>ll.</strong></span> <span class='ocrx_word' id='word_1_6' title='bbox 3694 349 3763 407; x_wconf 84' lang='lat'><strong>32</strong></span> 
     </span>
    </p>
   </div>
   <div class='ocr_carea' id='block_1_2' title="bbox 484 468 3761 569">
    <p class='ocr_par' dir='ltr' id='par_1_2' title="bbox 484 468 3761 569">
     <span class='ocr_line' id='line_1_2' title="bbox 484 468 3761 569; baseline 0.002 -46"><span class='ocrx_word' id='word_1_7' title='bbox 484 468 1112 569; x_wconf 35' lang='lat' dir='ltr'><strong>diturLun‘umnomnino</strong></span> <span class='ocrx_word' id='word_1_8' title='bbox 1156 469 1325 567; x_wconf 79' lang='lat' dir='ltr'><strong>Deum</strong></span> <span class='ocrx_word' id='word_1_9' title='bbox 1372 484 1512 569; x_wconf 77' lang='lat' dir='ltr'><strong>esse,</strong></span> <span class='ocrx_word' id='word_1_10' title='bbox 1542 487 1641 527; x_wconf 92' lang='lat' dir='ltr'><strong>nec</strong></span> <span class='ocrx_word' id='word_1_11' title='bbox 1686 472 1850 529; x_wconf 90' lang='lat' dir='ltr'><strong>alium</strong></span> <span class='ocrx_word' id='word_1_12' title='bbox 1879 482 2075 543; x_wconf 62' lang='lat' dir='ltr'><strong>praster</strong></span> <span class='ocrx_word' id='word_1_13' title='bbox 2106 492 2151 569; x_wconf 63' lang='grc' dir='ltr'><strong>Α</strong></span> <span class='ocrx_word' id='word_1_14' title='bbox 2183 472 2342 528; x_wconf 81' lang='lat' dir='ltr'><strong>frater</strong></span> <span class='ocrx_word' id='word_1_15' title='bbox 2386 473 2582 545; x_wconf 83' lang='lat' dir='ltr'><strong>aliquis</strong></span> <span class='ocrx_word' id='word_1_16' title='bbox 2612 474 2635 511; x_wconf 84' lang='grc'><strong>³</strong></span> <span class='ocrx_word' id='word_1_17' title='bbox 2662 473 2851 529; x_wconf 91' lang='lat' dir='ltr'><strong>doctor</strong></span> <span class='ocrx_word' id='word_1_18' title='bbox 2895 474 3070 545; x_wconf 90' lang='lat' dir='ltr'><strong>gratia</strong></span> <span class='ocrx_word' id='word_1_19' title='bbox 3108 473 3346 528; x_wconf 73' lang='lat' dir='ltr'><strong>scientiae</strong></span> <span class='ocrx_word' id='word_1_20' title='bbox 3374 474 3607 528; x_wconf 88' lang='lat' dir='ltr'><strong>donatus</strong></span> <span class='ocrx_word' id='word_1_21' title='bbox 3633 476 3761 543; x_wconf 89' lang='lat'>(60),</span> 
     </span>
    </p>
   </div>
   <div class='ocr_carea' id='block_1_3' title="bbox 485 557 2071 633">
    <p class='ocr_par' dir='ltr' id='par_1_3' title="bbox 485 557 2071 633">
     <span class='ocr_line' id='line_1_3' title="bbox 485 557 2071 633; baseline 0.003 -20"><span class='ocrx_word' id='word_1_22' title='bbox 485 558 677 613; x_wconf 91' lang='lat' dir='ltr'><strong>mundi</strong></span> <span class='ocrx_word' id='word_1_23' title='bbox 723 558 1098 625; x_wconf 82' lang='lat' dir='ltr'><strong>Conditorem;</strong></span> <span class='ocrx_word' id='word_1_24' title='bbox 1153 557 1248 629; x_wconf 88' lang='lat' dir='ltr'><strong>qui</strong></span> <span class='ocrx_word' id='word_1_25' title='bbox 1293 558 1543 615; x_wconf 88' lang='lat' dir='ltr'><strong>universa</strong></span> <span class='ocrx_word' id='word_1_26' title='bbox 1596 560 1662 614; x_wconf 91' lang='lat' dir='ltr'><strong>de</strong></span> <span class='ocrx_word' id='word_1_27' title='bbox 1719 562 1887 618; x_wconf 86' lang='lat' dir='ltr'><strong>nihilo</strong></span> <span class='ocrx_word' id='word_1_28' title='bbox 1943 579 2071 633; x_wconf 92' lang='lat' dir='ltr'><strong>pro-</strong></span> 
     </span>
    </p>
   </div>
   <div class='ocr_carea' id='block_1_4' title="bbox 484 646 2069 719">
    <p class='ocr_par' dir='ltr' id='par_1_4' title="bbox 484 646 2069 719">
     <span class='ocr_line' id='line_1_4' title="bbox 484 646 2069 719; baseline 0.004 -19"><span class='ocrx_word' id='word_1_29' title='bbox 484 646 720 714; x_wconf 85' lang='lat' dir='ltr'><strong>duxerit,</strong></span> <span class='ocrx_word' id='word_1_30' title='bbox 769 663 870 718; x_wconf 92' lang='lat' dir='ltr'><strong>per</strong></span> <span class='ocrx_word' id='word_1_31' title='bbox 918 647 1157 701; x_wconf 82' lang='lat' dir='ltr'><strong>Verbum</strong></span> <span class='ocrx_word' id='word_1_32' title='bbox 1205 663 1359 703; x_wconf 84' lang='lat' dir='ltr'><strong>suum</strong></span> <span class='ocrx_word' id='word_1_33' title='bbox 1405 650 1582 719; x_wconf 91' lang='lat' dir='ltr'><strong>primo</strong></span> <span class='ocrx_word' id='word_1_34' title='bbox 1621 651 1860 706; x_wconf 91' lang='lat' dir='ltr'><strong>omnium</strong></span> <span class='ocrx_word' id='word_1_35' title='bbox 1906 653 2069 707; x_wconf 87' lang='lat' dir='ltr'><strong>emis-</strong></span> 
     </span>
    </p>
   </div>
   <div class='ocr_carea' id='block_1_5' title="bbox 484 732 2069 808">
    <p class='ocr_par' dir='ltr' id='par_1_5' title="bbox 484 732 2069 808">
     <span class='ocr_line' id='line_1_5' title="bbox 484 732 2069 808; baseline 0.003 -20"><span class='ocrx_word' id='word_1_36' title='bbox 484 748 601 788; x_wconf 85' lang='lat' dir='ltr'><strong>sum</strong></span> <span class='ocrx_word' id='word_1_37' title='bbox 632 733 681 772; x_wconf 77' lang='lat'><strong>9&quot;</strong></span> <span class='ocrx_word' id='word_1_38' title='bbox 708 733 821 802; x_wconf 82' lang='lat'><strong>(55)</strong></span> <span class='ocrx_word' id='word_1_39' title='bbox 846 750 859 803; x_wconf 86' lang='lat'>;</span> <span class='ocrx_word' id='word_1_40' title='bbox 892 732 946 787; x_wconf 90' lang='lat' dir='ltr'>id</span> <span class='ocrx_word' id='word_1_41' title='bbox 973 732 1232 800; x_wconf 82' lang='lat' dir='ltr'><strong>Verbum,</strong></span> <span class='ocrx_word' id='word_1_42' title='bbox 1266 734 1456 788; x_wconf 89' lang='lat' dir='ltr'><strong>Filium</strong></span> <span class='ocrx_word' id='word_1_43' title='bbox 1501 736 1552 772; x_wconf 76' lang='lat'><strong><em>98</em></strong></span> <span class='ocrx_word' id='word_1_44' title='bbox 1581 738 1700 806; x_wconf 87' lang='lat' dir='ltr'><strong>ejus</strong></span> <span class='ocrx_word' id='word_1_45' title='bbox 1726 739 2069 808; x_wconf 88' lang='lat' dir='ltr'><strong>appellatum,</strong></span> 
     </span>
    </p>
   </div>
   <div class='ocr_carea' id='block_1_6' title="bbox 486 820 2068 897">
    <p class='ocr_par' dir='ltr' id='par_1_6' title="bbox 486 820 2068 897">
     <span class='ocr_line' id='line_1_6' title="bbox 486 820 2068 897; baseline 0.003 -21"><span class='ocrx_word' id='word_1_46' title='bbox 486 822 539 876; x_wconf 92' lang='lat' dir='ltr'><strong>in</strong></span> <span class='ocrx_word' id='word_1_47' title='bbox 572 820 787 876; x_wconf 88' lang='lat' dir='ltr'>nomine</span> <span class='ocrx_word' id='word_1_48' title='bbox 835 820 934 875; x_wconf 88' lang='lat' dir='ltr'><strong>Dei</strong></span> <span class='ocrx_word' id='word_1_49' title='bbox 980 821 1129 875; x_wconf 88' lang='lat' dir='ltr'><strong>varie</strong></span> <span class='ocrx_word' id='word_1_50' title='bbox 1167 822 1343 877; x_wconf 90' lang='lat' dir='ltr'><strong>visum</strong></span> <span class='ocrx_word' id='word_1_51' title='bbox 1390 840 1422 878; x_wconf 88' lang='lat' dir='ltr'><strong>a</strong></span> <span class='ocrx_word' id='word_1_52' title='bbox 1464 825 1802 894; x_wconf 89' lang='lat' dir='ltr'><strong>patriarchis,</strong></span> <span class='ocrx_word' id='word_1_53' title='bbox 1834 827 1888 881; x_wconf 89' lang='lat' dir='ltr'><strong>in</strong></span> <span class='ocrx_word' id='word_1_54' title='bbox 1936 844 2068 897; x_wconf 92' lang='lat' dir='ltr'><strong>pro-</strong></span> 
     </span>
    </p>
   </div>
   <div class='ocr_carea' id='block_1_7' title="bbox 483 910 2072 982">
    <p class='ocr_par' dir='ltr' id='par_1_7' title="bbox 483 910 2072 982">
     <span class='ocr_line' id='line_1_7' title="bbox 483 910 2072 982; baseline 0.006 -19"><span class='ocrx_word' id='word_1_55' title='bbox 483 910 662 981; x_wconf 88' lang='lat' dir='ltr'><strong>phetis</strong></span> <span class='ocrx_word' id='word_1_56' title='bbox 733 925 947 980; x_wconf 89' lang='lat' dir='ltr'><strong>semper</strong></span> <span class='ocrx_word' id='word_1_57' title='bbox 1020 910 1299 980; x_wconf 89' lang='lat' dir='ltr'><strong>auditum,</strong></span> <span class='ocrx_word' id='word_1_58' title='bbox 1370 921 1645 982; x_wconf 90' lang='lat' dir='ltr'><strong>postremo</strong></span> <span class='ocrx_word' id='word_1_59' title='bbox 1708 914 1941 970; x_wconf 89' lang='lat' dir='ltr'><strong>delatum</strong></span> <span class='ocrx_word' id='word_1_60' title='bbox 2008 933 2072 972; x_wconf 89' lang='lat' dir='ltr'><strong>ex</strong></span> 
     </span>
    </p>
   </div>
   <div class='ocr_carea' id='block_1_8' title="bbox 483 997 2071 1075">
    <p class='ocr_par' dir='ltr' id='par_1_8' title="bbox 483 997 2071 1075">
     <span class='ocr_line' id='line_1_8' title="bbox 483 997 2071 1075; baseline 0.004 -22"><span class='ocrx_word' id='word_1_61' title='bbox 483 997 687 1069; x_wconf 77' lang='lat' dir='ltr'><strong>Spiritu</strong></span> <span class='ocrx_word' id='word_1_62' title='bbox 718 999 886 1053; x_wconf 89' lang='lat' dir='ltr'><strong>Patris</strong></span> <span class='ocrx_word' id='word_1_63' title='bbox 932 999 1029 1055; x_wconf 85' lang='lat' dir='ltr'><strong>Dei</strong></span> <span class='ocrx_word' id='word_1_64' title='bbox 1070 1006 1122 1054; x_wconf 85' lang='lat' dir='ltr'><strong>et</strong></span> <span class='ocrx_word' id='word_1_65' title='bbox 1165 999 1361 1057; x_wconf 91' lang='lat' dir='ltr'><strong>virtute</strong></span> <span class='ocrx_word' id='word_1_66' title='bbox 1400 1001 1455 1056; x_wconf 91' lang='lat' dir='ltr'><strong>in</strong></span> <span class='ocrx_word' id='word_1_67' title='bbox 1505 1002 1784 1075; x_wconf 81' lang='lat' dir='ltr'>Virginem</span> <span class='ocrx_word' id='word_1_68' title='bbox 1831 1006 2071 1069; x_wconf 87' lang='lat' dir='ltr'><strong>Mariam,</strong></span> 
     </span>
    </p>
   </div>
   <div class='ocr_carea' id='block_1_9' title="bbox 483 1087 2073 1160">
    <p class='ocr_par' dir='ltr' id='par_1_9' title="bbox 483 1087 2073 1160">
     <span class='ocr_line' id='line_1_9' title="bbox 483 1087 2073 1160; baseline 0.005 -18"><span class='ocrx_word' id='word_1_69' title='bbox 483 1101 702 1142; x_wconf 81' lang='lat' dir='ltr'><strong>carnem</strong></span> <span class='ocrx_word' id='word_1_70' title='bbox 762 1087 961 1142; x_wconf 87' lang='lat' dir='ltr'><strong>factum</strong></span> <span class='ocrx_word' id='word_1_71' title='bbox 1026 1087 1082 1142; x_wconf 89' lang='lat' dir='ltr'><strong>in</strong></span> <span class='ocrx_word' id='word_1_72' title='bbox 1138 1096 1290 1144; x_wconf 80' lang='lat' dir='ltr'><strong>utero</strong></span> <span class='ocrx_word' id='word_1_73' title='bbox 1344 1092 1491 1160; x_wconf 86' lang='lat' dir='ltr'><strong>ejus,</strong></span> <span class='ocrx_word' id='word_1_74' title='bbox 1550 1100 1602 1147; x_wconf 92' lang='lat' dir='ltr'><strong>et</strong></span> <span class='ocrx_word' id='word_1_75' title='bbox 1657 1107 1724 1146; x_wconf 84' lang='lat' dir='ltr'><strong>ex</strong></span> <span class='ocrx_word' id='word_1_76' title='bbox 1778 1109 1839 1149; x_wconf 86' lang='lat' dir='ltr'><strong>ea</strong></span> <span class='ocrx_word' id='word_1_77' title='bbox 1888 1103 2073 1150; x_wconf 89' lang='lat' dir='ltr'><strong>natum</strong></span> 
     </span>
    </p>
   </div>
   <div class='ocr_carea' id='block_1_10' title="bbox 486 1174 2075 1252">
    <p class='ocr_par' dir='ltr' id='par_1_10' title="bbox 486 1174 2075 1252">
     <span class='ocr_line' id='line_1_10' title="bbox 486 1174 2075 1252; baseline 0.005 -24"><span class='ocrx_word' id='word_1_78' title='bbox 486 1175 664 1246; x_wconf 78' lang='lat' dir='ltr'><strong>egisse</strong></span> <span class='ocrx_word' id='word_1_79' title='bbox 690 1174 740 1212; x_wconf 75' lang='lat'><strong>99</strong></span> <span class='ocrx_word' id='word_1_80' title='bbox 779 1177 962 1232; x_wconf 85' lang='lat' dir='ltr'><strong>Jesnm</strong></span> <span class='ocrx_word' id='word_1_81' title='bbox 1012 1176 1281 1233; x_wconf 77' lang='lat' dir='ltr'><strong>Christum</strong></span> <span class='ocrx_word' id='word_1_82' title='bbox 1327 1180 1471 1249; x_wconf 75' lang='lat'>(56);</span> <span class='ocrx_word' id='word_1_83' title='bbox 1512 1180 1708 1236; x_wconf 79' lang='lat' dir='ltr'><strong>exinde</strong></span> <span class='ocrx_word' id='word_1_84' title='bbox 1751 1182 2075 1252; x_wconf 69' lang='lat' dir='ltr'><strong>praedicasse</strong></span> 
     </span>
    </p>
   </div>
   <div class='ocr_carea' id='block_1_11' title="bbox 482 1265 2072 1340">
    <p class='ocr_par' dir='ltr' id='par_1_11' title="bbox 482 1265 2072 1340">
     <span class='ocr_line' id='line_1_11' title="bbox 482 1265 2072 1340; baseline 0.003 -22"><span class='ocrx_word' id='word_1_85' title='bbox 482 1278 683 1319; x_wconf 89' lang='lat' dir='ltr'><strong>novam</strong></span> <span class='ocrx_word' id='word_1_86' title='bbox 730 1265 924 1336; x_wconf 84' lang='lat' dir='ltr'><strong>legem,</strong></span> <span class='ocrx_word' id='word_1_87' title='bbox 958 1274 1011 1321; x_wconf 93' lang='lat' dir='ltr'><strong>et</strong></span> <span class='ocrx_word' id='word_1_88' title='bbox 1056 1280 1249 1320; x_wconf 91' lang='lat' dir='ltr'><strong>novam</strong></span> <span class='ocrx_word' id='word_1_89' title='bbox 1297 1267 1714 1337; x_wconf 86' lang='lat' dir='ltr'><strong>promissionem</strong></span> <span class='ocrx_word' id='word_1_90' title='bbox 1761 1270 1911 1340; x_wconf 83' lang='lat' dir='ltr'><strong>regni</strong></span> <span class='ocrx_word' id='word_1_91' title='bbox 1957 1286 2072 1323; x_wconf 83' lang='lat' dir='ltr'><strong>coe-</strong></span> 
     </span>
    </p>
   </div>
   <div class='ocr_carea' id='block_1_12' title="bbox 485 1350 2075 1423">
    <p class='ocr_par' dir='ltr' id='par_1_12' title="bbox 485 1350 2075 1423">
     <span class='ocr_line' id='line_1_12' title="bbox 485 1350 2075 1423; baseline 0.004 -19"><span class='ocrx_word' id='word_1_92' title='bbox 485 1350 695 1419; x_wconf 83' lang='lat' dir='ltr'><strong>lorum;</strong></span> <span class='ocrx_word' id='word_1_93' title='bbox 759 1354 989 1409; x_wconf 86' lang='lat' dir='ltr'><strong>virtutes</strong></span> <span class='ocrx_word' id='word_1_94' title='bbox 1044 1354 1274 1420; x_wconf 83' lang='lat' dir='ltr'><strong>fecisse;</strong></span> <span class='ocrx_word' id='word_1_95' title='bbox 1332 1353 1496 1408; x_wconf 93' lang='lat' dir='ltr'><strong>ﬁxum</strong></span> <span class='ocrx_word' id='word_1_96' title='bbox 1553 1355 1720 1423; x_wconf 87' lang='lat' dir='ltr'><strong>cruci,</strong></span> <span class='ocrx_word' id='word_1_97' title='bbox 1778 1356 1933 1411; x_wconf 87' lang='lat' dir='ltr'><strong>tertia</strong></span> <span class='ocrx_word' id='word_1_98' title='bbox 1987 1356 2075 1411; x_wconf 91' lang='lat' dir='ltr'><strong>die</strong></span> 
     </span>
    </p>
   </div>
   <div class='ocr_carea' id='block_1_13' title="bbox 488 1441 2073 1512">
    <p class='ocr_par' dir='ltr' id='par_1_13' title="bbox 488 1441 2073 1512">
     <span class='ocr_line' id='line_1_13' title="bbox 488 1441 2073 1512; baseline 0.003 -16"><span class='ocrx_word' id='word_1_99' title='bbox 488 1442 884 1509; x_wconf 76' lang='lat' dir='ltr'><strong>resurrexisse;</strong></span> <span class='ocrx_word' id='word_1_100' title='bbox 916 1442 969 1496; x_wconf 93' lang='lat' dir='ltr'><strong>in</strong></span> <span class='ocrx_word' id='word_1_101' title='bbox 998 1443 1166 1498; x_wconf 79' lang='lat' dir='ltr'><strong>caelos</strong></span> <span class='ocrx_word' id='word_1_102' title='bbox 1202 1452 1446 1512; x_wconf 90' lang='lat' dir='ltr'><strong>ereptum</strong></span> <span class='ocrx_word' id='word_1_103' title='bbox 1479 1441 1682 1498; x_wconf 87' lang='lat' dir='ltr'><strong>sedisse</strong></span> <span class='ocrx_word' id='word_1_104' title='bbox 1710 1444 1776 1497; x_wconf 90' lang='lat' dir='ltr'><strong>ad</strong></span> <span class='ocrx_word' id='word_1_105' title='bbox 1806 1444 2073 1500; x_wconf 86' lang='lat' dir='ltr'><strong>dexteram</strong></span> 
     </span>
    </p>
   </div>
   <div class='ocr_carea' id='block_1_14' title="bbox 485 1529 2072 1603">
    <p class='ocr_par' dir='ltr' id='par_1_14' title="bbox 485 1529 2072 1603">
     <span class='ocr_line' id='line_1_14' title="bbox 485 1529 2072 1603; baseline 0.002 -19"><span class='ocrx_word' id='word_1_106' title='bbox 485 1530 659 1584; x_wconf 87' lang='lat' dir='ltr'><strong>Patris</strong></span> <span class='ocrx_word' id='word_1_107' title='bbox 704 1530 853 1599; x_wconf 77' lang='lat'><strong>(5&#39;7);</strong></span> <span class='ocrx_word' id='word_1_108' title='bbox 904 1530 1114 1584; x_wconf 87' lang='lat' dir='ltr'><strong>misisse</strong></span> <span class='ocrx_word' id='word_1_109' title='bbox 1151 1529 1405 1585; x_wconf 81' lang='lat' dir='ltr'><strong>vicariam</strong></span> <span class='ocrx_word' id='word_1_110' title='bbox 1464 1530 1571 1586; x_wconf 90' lang='lat' dir='ltr'><strong>vim</strong></span> <span class='ocrx_word' id='word_1_111' title='bbox 1613 1531 1843 1601; x_wconf 88' lang='lat' dir='ltr'><strong>Spiritus</strong></span> <span class='ocrx_word' id='word_1_112' title='bbox 1880 1534 2072 1603; x_wconf 81' lang='lat' dir='ltr'><strong>sancti,</strong></span> 
     </span>
    </p>
   </div>
   <div class='ocr_carea' id='block_1_15' title="bbox 486 1618 2072 1689">
    <p class='ocr_par' dir='ltr' id='par_1_15' title="bbox 486 1618 2072 1689">
     <span class='ocr_line' id='line_1_15' title="bbox 486 1618 2072 1689; baseline 0.004 -19"><span class='ocrx_word' id='word_1_113' title='bbox 486 1618 580 1689; x_wconf 91' lang='lat' dir='ltr'><strong>qui</strong></span> <span class='ocrx_word' id='word_1_114' title='bbox 634 1618 914 1673; x_wconf 86' lang='lat' dir='ltr'><strong>credentes</strong></span> <span class='ocrx_word' id='word_1_115' title='bbox 967 1624 1114 1688; x_wconf 88' lang='lat' dir='ltr'><strong>agat,</strong></span> <span class='ocrx_word' id='word_1_116' title='bbox 1166 1626 1451 1674; x_wconf 89' lang='lat' dir='ltr'><strong>venturum</strong></span> <span class='ocrx_word' id='word_1_117' title='bbox 1510 1633 1633 1674; x_wconf 89' lang='lat' dir='ltr'><strong>cum</strong></span> <span class='ocrx_word' id='word_1_118' title='bbox 1688 1619 1949 1684; x_wconf 78' lang='lat' dir='ltr'><strong>claritate,</strong></span> <span class='ocrx_word' id='word_1_119' title='bbox 2007 1621 2072 1676; x_wconf 91' lang='lat' dir='ltr'><strong>ad</strong></span> 
     </span>
    </p>
   </div>
   <div class='ocr_carea' id='block_1_16' title="bbox 484 1706 2072 1778">
    <p class='ocr_par' dir='ltr' id='par_1_16' title="bbox 484 1706 2072 1778">
     <span class='ocr_line' id='line_1_16' title="bbox 484 1706 2072 1778; baseline 0.003 -19"><span class='ocrx_word' id='word_1_120' title='bbox 484 1706 774 1761; x_wconf 88' lang='lat' dir='ltr'><strong>sumendos</strong></span> <span class='ocrx_word' id='word_1_121' title='bbox 804 1713 1024 1760; x_wconf 90' lang='lat' dir='ltr'><strong>sanctos</strong></span> <span class='ocrx_word' id='word_1_122' title='bbox 1064 1707 1118 1760; x_wconf 88' lang='lat' dir='ltr'><strong>in</strong></span> <span class='ocrx_word' id='word_1_123' title='bbox 1165 1706 1289 1761; x_wconf 63' lang='lat' dir='ltr'><strong>vitae</strong></span> <span class='ocrx_word' id='word_1_124' title='bbox 1326 1714 1539 1762; x_wconf 64' lang='lat' dir='ltr'><strong>aeternae</strong></span> <span class='ocrx_word' id='word_1_125' title='bbox 1587 1717 1641 1762; x_wconf 92' lang='lat' dir='ltr'><strong>et</strong></span> <span class='ocrx_word' id='word_1_126' title='bbox 1682 1709 2072 1778; x_wconf 88' lang='lat' dir='ltr'><strong>promissorum</strong></span> 
     </span>
    </p>
   </div>
   <div class='ocr_carea' id='block_1_17' title="bbox 484 1791 2076 1865">
    <p class='ocr_par' dir='ltr' id='par_1_17' title="bbox 484 1791 2076 1865">
     <span class='ocr_line' id='line_1_17' title="bbox 484 1791 2076 1865; baseline 0.003 -16"><span class='ocrx_word' id='word_1_127' title='bbox 484 1792 594 1849; x_wconf 59' lang='grc'><strong>37</strong></span> <span class='ocrx_word' id='word_1_128' title='bbox 627 1794 923 1850; x_wconf 72' lang='lat' dir='ltr'><strong>caelestium</strong></span> <span class='ocrx_word' id='word_1_129' title='bbox 948 1791 1202 1864; x_wconf 87' lang='lat' dir='ltr'><strong>fructum,</strong></span> <span class='ocrx_word' id='word_1_130' title='bbox 1222 1798 1275 1847; x_wconf 93' lang='lat' dir='ltr'><strong>et</strong></span> <span class='ocrx_word' id='word_1_131' title='bbox 1304 1792 1373 1847; x_wconf 89' lang='lat' dir='ltr'><strong>ad</strong></span> <span class='ocrx_word' id='word_1_132' title='bbox 1401 1794 1659 1864; x_wconf 87' lang='lat' dir='ltr'><strong>profanos</strong></span> <span class='ocrx_word' id='word_1_133' title='bbox 1684 1796 2076 1865; x_wconf 80' lang='lat' dir='ltr'><strong>adjudicandos</strong></span> 
     </span>
    </p>
   </div>
   <div class='ocr_carea' id='block_1_18' title="bbox 2181 560 3765 633">
    <p class='ocr_par' dir='ltr' id='par_1_18' title="bbox 2181 560 3765 633">
     <span class='ocr_line' id='line_1_18' title="bbox 2181 560 3765 633; baseline -0.001 -16"><span class='ocrx_word' id='word_1_134' title='bbox 2181 568 2263 617; x_wconf 87' lang='lat' dir='ltr'><strong>est</strong></span> <span class='ocrx_word' id='word_1_135' title='bbox 2309 560 2507 633; x_wconf 85' lang='lat' dir='ltr'><strong>aliquis</strong></span> <span class='ocrx_word' id='word_1_136' title='bbox 2554 563 2693 616; x_wconf 89' lang='lat' dir='ltr'><strong>inter</strong></span> <span class='ocrx_word' id='word_1_137' title='bbox 2745 561 3064 617; x_wconf 85' lang='lat' dir='ltr'><strong>exercitatos</strong></span> <span class='ocrx_word' id='word_1_138' title='bbox 3109 570 3473 628; x_wconf 84' lang='lat' dir='ltr'><strong>conversatus,</strong></span> <span class='ocrx_word' id='word_1_139' title='bbox 3519 562 3716 632; x_wconf 88' lang='lat' dir='ltr'><strong>aliquis</strong></span> <span class='ocrx_word' id='word_1_140' title='bbox 3744 565 3765 598; x_wconf 70' lang='grc' dir='ltr'><strong>ἰ</strong></span> 
     </span>
    </p>
   </div>
   <div class='ocr_carea' id='block_1_19' title="bbox 2184 649 3763 722">
    <p class='ocr_par' dir='ltr' id='par_1_19' title="bbox 2184 649 3763 722">
     <span class='ocr_line' id='line_1_19' title="bbox 2184 649 3763 722; baseline -0.001 -17"><span class='ocrx_word' id='word_1_141' title='bbox 2184 659 2377 715; x_wconf 90' lang='lat' dir='ltr'><strong>tecum,</strong></span> <span class='ocrx_word' id='word_1_142' title='bbox 2438 651 2706 706; x_wconf 86' lang='lat' dir='ltr'><strong>curiosius</strong></span> <span class='ocrx_word' id='word_1_143' title='bbox 2760 649 2785 686; x_wconf 82' lang='grc'>⁵</span> <span class='ocrx_word' id='word_1_144' title='bbox 2836 660 3032 717; x_wconf 89' lang='lat' dir='ltr'><strong>tamen,</strong></span> <span class='ocrx_word' id='word_1_145' title='bbox 3094 665 3337 722; x_wconf 63' lang='lat' dir='ltr'><strong>quaarens</strong></span> <span class='ocrx_word' id='word_1_146' title='bbox 3382 650 3519 719; x_wconf 81' lang='grc'>(61),</span> <span class='ocrx_word' id='word_1_147' title='bbox 3574 649 3763 705; x_wconf 91' lang='lat' dir='ltr'><strong>novis-</strong></span> 
     </span>
    </p>
   </div>
   <div class='ocr_carea' id='block_1_20' title="bbox 2183 739 3767 811">
    <p class='ocr_par' dir='ltr' id='par_1_20' title="bbox 2183 739 3767 811">
     <span class='ocr_line' id='line_1_20' title="bbox 2183 739 3767 811; baseline 0.001 -19"><span class='ocrx_word' id='word_1_148' title='bbox 2183 740 2316 794; x_wconf 92' lang='lat' dir='ltr'><strong>sime</strong></span> <span class='ocrx_word' id='word_1_149' title='bbox 2344 740 2483 810; x_wconf 88' lang='lat'><strong>(62),</strong></span> <span class='ocrx_word' id='word_1_150' title='bbox 2510 739 2763 811; x_wconf 83' lang='lat' dir='ltr'><strong>ignorare</strong></span> <span class='ocrx_word' id='word_1_151' title='bbox 2790 739 2982 793; x_wconf 88' lang='lat' dir='ltr'><strong>melius</strong></span> <span class='ocrx_word' id='word_1_152' title='bbox 3029 746 3127 802; x_wconf 89' lang='lat' dir='ltr'><strong>est,</strong></span> <span class='ocrx_word' id='word_1_153' title='bbox 3160 754 3225 792; x_wconf 92' lang='lat' dir='ltr'><strong>ne</strong></span> <span class='ocrx_word' id='word_1_154' title='bbox 3258 739 3401 809; x_wconf 91' lang='lat' dir='ltr'><strong>quod</strong></span> <span class='ocrx_word' id='word_1_155' title='bbox 3432 754 3539 791; x_wconf 92' lang='lat' dir='ltr'><strong>non</strong></span> <span class='ocrx_word' id='word_1_156' title='bbox 3570 739 3767 794; x_wconf 89' lang='lat' dir='ltr'><strong>debeas</strong></span> 
     </span>
    </p>
   </div>
   <div class='ocr_carea' id='block_1_21' title="bbox 2183 826 3768 899">
    <p class='ocr_par' dir='ltr' id='par_1_21' title="bbox 2183 826 3768 899">
     <span class='ocr_line' id='line_1_21' title="bbox 2183 826 3768 899; baseline 0.001 -16"><span class='ocrx_word' id='word_1_157' title='bbox 2183 828 2331 883; x_wconf 81' lang='lat' dir='ltr'><strong>noris</strong></span> <span class='ocrx_word' id='word_1_158' title='bbox 2355 870 2368 897; x_wconf 94' lang='lat'><strong>,</strong></span> <span class='ocrx_word' id='word_1_159' title='bbox 2402 828 2525 899; x_wconf 87' lang='lat' dir='ltr'><strong>quia</strong></span> <span class='ocrx_word' id='word_1_160' title='bbox 2574 828 2719 899; x_wconf 91' lang='lat' dir='ltr'><strong>quod</strong></span> <span class='ocrx_word' id='word_1_161' title='bbox 2747 827 2947 882; x_wconf 83' lang='lat' dir='ltr'><strong>debeas</strong></span> <span class='ocrx_word' id='word_1_162' title='bbox 2973 827 3113 881; x_wconf 79' lang='lat' dir='ltr'><strong>nosti</strong></span> <span class='ocrx_word' id='word_1_163' title='bbox 3162 828 3204 885; x_wconf 78' lang='grc' dir='ltr'><strong>δ.</strong></span> <span class='ocrx_word' id='word_1_164' title='bbox 3232 827 3410 892; x_wconf 84' lang='lat' dir='ltr'><strong>Fides,</strong></span> <span class='ocrx_word' id='word_1_165' title='bbox 3442 826 3639 897; x_wconf 86' lang='lat' dir='ltr'><strong>inquit,</strong></span> <span class='ocrx_word' id='word_1_166' title='bbox 3669 834 3768 884; x_wconf 90' lang='lat' dir='ltr'><strong>tua</strong></span> 
     </span>
    </p>
   </div>
   <div class='ocr_carea' id='block_1_22' title="bbox 2184 916 3767 986">
    <p class='ocr_par' dir='ltr' id='par_1_22' title="bbox 2184 916 3767 986">
     <span class='ocr_line' id='line_1_22' title="bbox 2184 916 3767 986; baseline 0.001 -15"><span class='ocrx_word' id='word_1_167' title='bbox 2184 921 2239 972; x_wconf 89' lang='lat' dir='ltr'><strong>te</strong></span> <span class='ocrx_word' id='word_1_168' title='bbox 2274 918 2494 973; x_wconf 83' lang='lat' dir='ltr'><strong>salvum</strong></span> <span class='ocrx_word' id='word_1_169' title='bbox 2539 918 2675 986; x_wconf 84' lang='lat' dir='ltr'><strong>fecit</strong></span> <span class='ocrx_word' id='word_1_170' title='bbox 2721 918 2869 985; x_wconf 88' lang='lat' dir='ltr'><strong>(Luc.</strong></span> <span class='ocrx_word' id='word_1_171' title='bbox 2922 930 3087 982; x_wconf 85' lang='lat' dir='ltr'><strong>xvm,</strong></span> <span class='ocrx_word' id='word_1_172' title='bbox 3136 916 3265 986; x_wconf 64' lang='lat'><strong>42);</strong></span> <span class='ocrx_word' id='word_1_173' title='bbox 3307 930 3415 969; x_wconf 93' lang='lat' dir='ltr'><strong>non</strong></span> <span class='ocrx_word' id='word_1_174' title='bbox 3463 916 3767 972; x_wconf 83' lang='lat' dir='ltr'><strong>exercitatio</strong></span> 
     </span>
    </p>
   </div>
   <div class='ocr_carea' id='block_1_23' title="bbox 2185 1003 3769 1075">
    <p class='ocr_par' dir='ltr' id='par_1_23' title="bbox 2185 1003 3769 1075">
     <span class='ocr_line' id='line_1_23' title="bbox 2185 1003 3769 1075; baseline -0.002 -17"><span class='ocrx_word' id='word_1_175' title='bbox 2185 1004 2608 1075; x_wconf 87' lang='lat' dir='ltr'><strong>Scripturarum.</strong></span> <span class='ocrx_word' id='word_1_176' title='bbox 2655 1003 2813 1059; x_wconf 88' lang='lat' dir='ltr'><strong>Fides</strong></span> <span class='ocrx_word' id='word_1_177' title='bbox 2858 1005 2911 1059; x_wconf 92' lang='lat' dir='ltr'><strong>in</strong></span> <span class='ocrx_word' id='word_1_178' title='bbox 2964 1004 3148 1075; x_wconf 79' lang='lat' dir='ltr'><strong>regula</strong></span> <span class='ocrx_word' id='word_1_179' title='bbox 3202 1003 3381 1073; x_wconf 90' lang='lat' dir='ltr'><strong>posita</strong></span> <span class='ocrx_word' id='word_1_180' title='bbox 3423 1012 3504 1057; x_wconf 91' lang='lat' dir='ltr'><strong>est</strong></span> <span class='ocrx_word' id='word_1_181' title='bbox 3543 1022 3557 1058; x_wconf 91' lang='lat'>:</span> <span class='ocrx_word' id='word_1_182' title='bbox 3607 1005 3769 1058; x_wconf 89' lang='lat' dir='ltr'><strong>habes</strong></span> 
     </span>
    </p>
   </div>
   <div class='ocr_carea' id='block_1_24' title="bbox 2185 1090 3771 1163">
    <p class='ocr_par' dir='ltr' id='par_1_24' title="bbox 2185 1090 3771 1163">
     <span class='ocr_line' id='line_1_24' title="bbox 2185 1090 3771 1163; baseline -0.001 -16"><span class='ocrx_word' id='word_1_183' title='bbox 2185 1094 2383 1163; x_wconf 89' lang='lat' dir='ltr'><strong>legem,</strong></span> <span class='ocrx_word' id='word_1_184' title='bbox 2416 1102 2469 1149; x_wconf 91' lang='lat' dir='ltr'><strong>et</strong></span> <span class='ocrx_word' id='word_1_185' title='bbox 2504 1092 2730 1148; x_wconf 90' lang='lat' dir='ltr'><strong>salutem</strong></span> <span class='ocrx_word' id='word_1_186' title='bbox 2776 1094 2843 1147; x_wconf 93' lang='lat' dir='ltr'><strong>de</strong></span> <span class='ocrx_word' id='word_1_187' title='bbox 2892 1093 3265 1148; x_wconf 88' lang='lat' dir='ltr'><strong>observatione</strong></span> <span class='ocrx_word' id='word_1_188' title='bbox 3322 1090 3454 1161; x_wconf 78' lang='lat' dir='ltr'><strong>legis</strong></span> <span class='ocrx_word' id='word_1_189' title='bbox 3504 1109 3519 1145; x_wconf 73' lang='grc' dir='ltr'>ε</span> <span class='ocrx_word' id='word_1_190' title='bbox 3568 1091 3771 1147; x_wconf 86' lang='lat' dir='ltr'><strong>exerci-</strong></span> 
     </span>
    </p>
   </div>
   <div class='ocr_carea' id='block_1_25' title="bbox 2186 1179 3769 1249">
    <p class='ocr_par' dir='ltr' id='par_1_25' title="bbox 2186 1179 3769 1249">
     <span class='ocr_line' id='line_1_25' title="bbox 2186 1179 3769 1249; baseline -0.001 -15"><span class='ocrx_word' id='word_1_191' title='bbox 2186 1181 2316 1235; x_wconf 87' lang='lat' dir='ltr'><strong>tatio</strong></span> <span class='ocrx_word' id='word_1_192' title='bbox 2343 1190 2520 1235; x_wconf 89' lang='lat' dir='ltr'><strong>autem</strong></span> <span class='ocrx_word' id='word_1_193' title='bbox 2569 1181 2623 1235; x_wconf 93' lang='lat' dir='ltr'><strong>in</strong></span> <span class='ocrx_word' id='word_1_194' title='bbox 2666 1180 2973 1235; x_wconf 86' lang='lat' dir='ltr'><strong>curiositate</strong></span> <span class='ocrx_word' id='word_1_195' title='bbox 3001 1180 3265 1243; x_wconf 90' lang='lat' dir='ltr'><strong>consistit,</strong></span> <span class='ocrx_word' id='word_1_196' title='bbox 3300 1179 3504 1233; x_wconf 87' lang='lat' dir='ltr'><strong>habens</strong></span> <span class='ocrx_word' id='word_1_197' title='bbox 3540 1180 3769 1249; x_wconf 83' lang='lat' dir='ltr'><strong>gloriam</strong></span> 
     </span>
    </p>
   </div>
   <div class='ocr_carea' id='block_1_26' title="bbox 2182 1267 3766 1339">
    <p class='ocr_par' dir='ltr' id='par_1_26' title="bbox 2182 1267 3766 1339">
     <span class='ocr_line' id='line_1_26' title="bbox 2182 1267 3766 1339; baseline 0.001 -18"><span class='ocrx_word' id='word_1_198' title='bbox 2182 1271 2349 1323; x_wconf 90' lang='lat' dir='ltr'><strong>solam</strong></span> <span class='ocrx_word' id='word_1_199' title='bbox 2406 1269 2472 1322; x_wconf 91' lang='lat' dir='ltr'><strong>de</strong></span> <span class='ocrx_word' id='word_1_200' title='bbox 2526 1269 2730 1339; x_wconf 65' lang='lat' dir='ltr'><strong>peritim</strong></span> <span class='ocrx_word' id='word_1_201' title='bbox 2796 1269 2999 1325; x_wconf 91' lang='lat' dir='ltr'><strong>studio.</strong></span> <span class='ocrx_word' id='word_1_202' title='bbox 3060 1268 3225 1323; x_wconf 87' lang='lat' dir='ltr'><strong>Cedat</strong></span> <span class='ocrx_word' id='word_1_203' title='bbox 3277 1267 3560 1321; x_wconf 88' lang='lat' dir='ltr'><strong>curiositas</strong></span> <span class='ocrx_word' id='word_1_204' title='bbox 3607 1267 3766 1339; x_wconf 84' lang='lat' dir='ltr'><strong>ﬁdei;</strong></span> 
     </span>
    </p>
   </div>
   <div class='ocr_carea' id='block_1_27' title="bbox 2182 1356 3771 1431">
    <p class='ocr_par' dir='ltr' id='par_1_27' title="bbox 2182 1356 3771 1431">
     <span class='ocr_line' id='line_1_27' title="bbox 2182 1356 3771 1431; baseline -0.001 -19"><span class='ocrx_word' id='word_1_205' title='bbox 2182 1357 2339 1413; x_wconf 89' lang='lat' dir='ltr'><strong>cedat</strong></span> <span class='ocrx_word' id='word_1_206' title='bbox 2383 1356 2554 1431; x_wconf 85' lang='lat' dir='ltr'><strong>gloria</strong></span> <span class='ocrx_word' id='word_1_207' title='bbox 2600 1357 2775 1411; x_wconf 83' lang='lat' dir='ltr'><strong>saluti.</strong></span> <span class='ocrx_word' id='word_1_208' title='bbox 2829 1357 2987 1412; x_wconf 86' lang='lat' dir='ltr'><strong>Certe</strong></span> <span class='ocrx_word' id='word_1_209' title='bbox 3029 1364 3122 1411; x_wconf 86' lang='lat' dir='ltr'><strong>aut</strong></span> <span class='ocrx_word' id='word_1_210' title='bbox 3168 1370 3275 1410; x_wconf 93' lang='lat' dir='ltr'><strong>non</strong></span> <span class='ocrx_word' id='word_1_211' title='bbox 3322 1356 3649 1426; x_wconf 87' lang='lat' dir='ltr'><strong>obstrepant,</strong></span> <span class='ocrx_word' id='word_1_212' title='bbox 3682 1365 3771 1410; x_wconf 90' lang='lat' dir='ltr'><strong>aut</strong></span> 
     </span>
    </p>
   </div>
   <div class='ocr_carea' id='block_1_28' title="bbox 2181 1444 3772 1518">
    <p class='ocr_par' dir='ltr' id='par_1_28' title="bbox 2181 1444 3772 1518">
     <span class='ocr_line' id='line_1_28' title="bbox 2181 1444 3772 1518; baseline -0.001 -19"><span class='ocrx_word' id='word_1_213' title='bbox 2181 1445 2473 1518; x_wconf 85' lang='lat' dir='ltr'><strong>quiescant.</strong></span> <span class='ocrx_word' id='word_1_214' title='bbox 2534 1444 2805 1501; x_wconf 82' lang='lat' dir='ltr'><strong>Adversus</strong></span> <span class='ocrx_word' id='word_1_215' title='bbox 2869 1445 3106 1518; x_wconf 90' lang='lat' dir='ltr'><strong>regulam</strong></span> <span class='ocrx_word' id='word_1_216' title='bbox 3174 1444 3303 1499; x_wconf 86' lang='lat' dir='ltr'><strong>nihil</strong></span> <span class='ocrx_word' id='word_1_217' title='bbox 3370 1444 3525 1509; x_wconf 83' lang='lat' dir='ltr'><strong>scire,</strong></span> <span class='ocrx_word' id='word_1_218' title='bbox 3592 1444 3772 1498; x_wconf 89' lang='lat' dir='ltr'><strong>omnia</strong></span> 
     </span>
    </p>
   </div>
   <div class='ocr_carea' id='block_1_29' title="bbox 2182 1532 3767 1597">
    <p class='ocr_par' dir='ltr' id='par_1_29' title="bbox 2182 1532 3767 1597">
     <span class='ocr_line' id='line_1_29' title="bbox 2182 1532 3767 1597; baseline -0.003 -7"><span class='ocrx_word' id='word_1_219' title='bbox 2182 1533 2320 1590; x_wconf 87' lang='lat' dir='ltr'><strong>scire</strong></span> <span class='ocrx_word' id='word_1_220' title='bbox 2366 1541 2470 1589; x_wconf 90' lang='lat' dir='ltr'><strong>est.</strong></span> <span class='ocrx_word' id='word_1_221' title='bbox 2499 1534 2570 1588; x_wconf 90' lang='lat' dir='ltr'><strong>Ut</strong></span> <span class='ocrx_word' id='word_1_222' title='bbox 2617 1549 2723 1589; x_wconf 90' lang='lat' dir='ltr'><strong>non</strong></span> <span class='ocrx_word' id='word_1_223' title='bbox 2756 1533 2954 1588; x_wconf 91' lang='lat' dir='ltr'><strong>inimici</strong></span> <span class='ocrx_word' id='word_1_224' title='bbox 3003 1540 3185 1587; x_wconf 90' lang='lat' dir='ltr'><strong>essent</strong></span> <span class='ocrx_word' id='word_1_225' title='bbox 3229 1532 3464 1587; x_wconf 88' lang='lat' dir='ltr'><strong>veritatis</strong></span> <span class='ocrx_word' id='word_1_226' title='bbox 3510 1532 3767 1597; x_wconf 78' lang='lat' dir='ltr'><strong>haeretici,</strong></span> 
     </span>
    </p>
   </div>
   <div class='ocr_carea' id='block_1_30' title="bbox 2182 1622 3771 1691">
    <p class='ocr_par' dir='ltr' id='par_1_30' title="bbox 2182 1622 3771 1691">
     <span class='ocr_line' id='line_1_30' title="bbox 2182 1622 3771 1691; baseline -0.002 -14"><span class='ocrx_word' id='word_1_227' title='bbox 2182 1632 2241 1677; x_wconf 91' lang='lat' dir='ltr'><strong>ut</strong></span> <span class='ocrx_word' id='word_1_228' title='bbox 2268 1622 2337 1677; x_wconf 91' lang='lat' dir='ltr'><strong>de</strong></span> <span class='ocrx_word' id='word_1_229' title='bbox 2379 1622 2706 1691; x_wconf 79' lang='lat' dir='ltr'><strong>refugiendis</strong></span> <span class='ocrx_word' id='word_1_230' title='bbox 2734 1622 2813 1676; x_wconf 90' lang='lat' dir='ltr'><strong>eis</strong></span> <span class='ocrx_word' id='word_1_231' title='bbox 2844 1637 2950 1678; x_wconf 93' lang='lat' dir='ltr'><strong>non</strong></span> <span class='ocrx_word' id='word_1_232' title='bbox 2993 1637 3469 1691; x_wconf 74' lang='lat' dir='ltr'><strong>praemonerentur,</strong></span> <span class='ocrx_word' id='word_1_233' title='bbox 3504 1622 3662 1691; x_wconf 89' lang='lat' dir='ltr'><strong>quale</strong></span> <span class='ocrx_word' id='word_1_234' title='bbox 3688 1629 3771 1675; x_wconf 90' lang='lat' dir='ltr'><strong>est</strong></span> 
     </span>
    </p>
   </div>
   <div class='ocr_carea' id='block_1_31' title="bbox 2182 1709 3773 1781">
    <p class='ocr_par' dir='ltr' id='par_1_31' title="bbox 2182 1709 3773 1781">
     <span class='ocr_line' id='line_1_31' title="bbox 2182 1709 3773 1781; baseline -0.001 -16"><span class='ocrx_word' id='word_1_235' title='bbox 2182 1709 2431 1766; x_wconf 87' lang='lat' dir='ltr'><strong>conferre</strong></span> <span class='ocrx_word' id='word_1_236' title='bbox 2459 1726 2581 1767; x_wconf 90' lang='lat' dir='ltr'><strong>cum</strong></span> <span class='ocrx_word' id='word_1_237' title='bbox 2632 1710 2941 1766; x_wconf 89' lang='lat' dir='ltr'><strong>hominibus</strong></span> <span class='ocrx_word' id='word_1_238' title='bbox 2980 1710 3071 1781; x_wconf 90' lang='lat' dir='ltr'><strong>qui</strong></span> <span class='ocrx_word' id='word_1_239' title='bbox 3111 1720 3162 1764; x_wconf 89' lang='lat' dir='ltr'><strong>et</strong></span> <span class='ocrx_word' id='word_1_240' title='bbox 3196 1709 3299 1780; x_wconf 88' lang='lat' dir='ltr'><strong>ipsi</strong></span> <span class='ocrx_word' id='word_1_241' title='bbox 3326 1709 3502 1763; x_wconf 88' lang='lat' dir='ltr'><strong>adhuc</strong></span> <span class='ocrx_word' id='word_1_242' title='bbox 3532 1725 3591 1763; x_wconf 93' lang='lat' dir='ltr'><strong>se</strong></span> <span class='ocrx_word' id='word_1_243' title='bbox 3624 1725 3773 1781; x_wconf 82' lang='lat' dir='ltr'><strong>quae-</strong></span> 
     </span>
    </p>
   </div>
   <div class='ocr_carea' id='block_1_32' title="bbox 2184 1794 3770 1872">
    <p class='ocr_par' dir='ltr' id='par_1_32' title="bbox 2184 1794 3770 1872">
     <span class='ocr_line' id='line_1_32' title="bbox 2184 1794 3770 1872; baseline -0.002 -18"><span class='ocrx_word' id='word_1_244' title='bbox 2184 1816 2301 1855; x_wconf 90' lang='lat' dir='ltr'><strong>rere</strong></span> <span class='ocrx_word' id='word_1_245' title='bbox 2347 1798 2747 1872; x_wconf 81' lang='lat' dir='ltr'><strong>proﬁteantur?</strong></span> <span class='ocrx_word' id='word_1_246' title='bbox 2789 1798 2846 1853; x_wconf 90' lang='lat' dir='ltr'><strong>Si</strong></span> <span class='ocrx_word' id='word_1_247' title='bbox 2890 1799 3031 1854; x_wconf 91' lang='lat' dir='ltr'><strong>enim</strong></span> <span class='ocrx_word' id='word_1_248' title='bbox 3091 1794 3266 1853; x_wconf 78' lang='lat' dir='ltr'><strong>adhuc</strong></span> <span class='ocrx_word' id='word_1_249' title='bbox 3322 1814 3449 1853; x_wconf 90' lang='lat' dir='ltr'><strong>vere</strong></span> <span class='ocrx_word' id='word_1_250' title='bbox 3501 1806 3770 1869; x_wconf 83' lang='lat' dir='ltr'><strong>quaerunt,</strong></span> 
     </span>
    </p>
   </div>
   <div class='ocr_carea' id='block_1_33' title="bbox 487 1881 3772 1965">
    <p class='ocr_par' dir='ltr' id='par_1_33' title="bbox 487 1881 3772 1965">
     <span class='ocr_line' id='line_1_33' title="bbox 487 1881 3772 1965; baseline 0.001 -30"><span class='ocrx_word' id='word_1_251' title='bbox 487 1881 505 1917; x_wconf 79' lang='grc' dir='ltr'><strong>ι</strong></span> <span class='ocrx_word' id='word_1_252' title='bbox 534 1883 646 1951; x_wconf 80' lang='grc'>(58)</span> <span class='ocrx_word' id='word_1_253' title='bbox 678 1881 789 1953; x_wconf 87' lang='lat' dir='ltr'><strong>igni</strong></span> <span class='ocrx_word' id='word_1_254' title='bbox 833 1888 1113 1951; x_wconf 90' lang='lat' dir='ltr'><strong>perpetuo,</strong></span> <span class='ocrx_word' id='word_1_255' title='bbox 1164 1881 1301 1936; x_wconf 88' lang='lat' dir='ltr'><strong>facta</strong></span> <span class='ocrx_word' id='word_1_256' title='bbox 1347 1882 1627 1954; x_wconf 87' lang='lat' dir='ltr'><strong>utriusque</strong></span> <span class='ocrx_word' id='word_1_257' title='bbox 1672 1884 1840 1955; x_wconf 88' lang='lat' dir='ltr'><strong>partis</strong></span> <span class='ocrx_word' id='word_1_258' title='bbox 1887 1899 2072 1940; x_wconf 86' lang='lat' dir='ltr'><strong>resus-</strong></span> <span class='ocrx_word' id='word_1_259' title='bbox 2106 1888 2151 1965; x_wconf 68' lang='grc' dir='ltr'><strong><em>Β</em></strong></span> <span class='ocrx_word' id='word_1_260' title='bbox 2183 1887 2316 1942; x_wconf 89' lang='lat' dir='ltr'><strong>nihil</strong></span> <span class='ocrx_word' id='word_1_261' title='bbox 2344 1889 2518 1942; x_wconf 89' lang='lat' dir='ltr'><strong>adhuc</strong></span> <span class='ocrx_word' id='word_1_262' title='bbox 2564 1888 2696 1942; x_wconf 83' lang='lat' dir='ltr'><strong>certi</strong></span> <span class='ocrx_word' id='word_1_263' title='bbox 2746 1898 3060 1958; x_wconf 86' lang='lat' dir='ltr'><strong>repererunt</strong></span> <span class='ocrx_word' id='word_1_264' title='bbox 3090 1886 3144 1956; x_wconf 71' lang='grc' dir='ltr'><strong>Ἲς</strong></span> <span class='ocrx_word' id='word_1_265' title='bbox 3174 1894 3226 1940; x_wconf 88' lang='lat' dir='ltr'><strong>et</strong></span> <span class='ocrx_word' id='word_1_266' title='bbox 3258 1885 3399 1953; x_wconf 90' lang='lat' dir='ltr'><strong>ideo,</strong></span> <span class='ocrx_word' id='word_1_267' title='bbox 3432 1901 3772 1956; x_wconf 75' lang='lat' dir='ltr'><strong>quaecunque</strong></span> 
     </span>
    </p>
   </div>
   <div class='ocr_carea' id='block_1_34' title="bbox 482 1969 1681 2041">
    <p class='ocr_par' dir='ltr' id='par_1_34' title="bbox 482 1969 1681 2041">
     <span class='ocr_line' id='line_1_34' title="bbox 482 1969 1681 2041; baseline 0.003 -17"><span class='ocrx_word' id='word_1_268' title='bbox 482 1969 731 2025; x_wconf 82' lang='lat' dir='ltr'><strong>citatione</strong></span> <span class='ocrx_word' id='word_1_269' title='bbox 764 1970 881 2041; x_wconf 83' lang='lat'><strong>(59)</strong></span> <span class='ocrx_word' id='word_1_270' title='bbox 910 1986 1032 2025; x_wconf 91' lang='lat' dir='ltr'><strong>cum</strong></span> <span class='ocrx_word' id='word_1_271' title='bbox 1062 1971 1241 2025; x_wconf 89' lang='lat' dir='ltr'><strong>carnis</strong></span> <span class='ocrx_word' id='word_1_272' title='bbox 1269 1970 1606 2026; x_wconf 89' lang='lat' dir='ltr'><strong>restitutione</strong></span> <span class='ocrx_word' id='word_1_273' title='bbox 1635 1973 1681 2027; x_wconf 85' lang='lat'><strong>&#39;-’-.</strong></span> 
     </span>
    </p>
   </div>
   <div class='ocr_carea' id='block_1_35' title="bbox 1079 2074 1488 2132">
    <p class='ocr_par' dir='ltr' id='par_1_35' title="bbox 1079 2074 1488 2132">
     <span class='ocr_line' id='line_1_35' title="bbox 1079 2074 1488 2132; baseline 0 -1"><span class='ocrx_word' id='word_1_274' title='bbox 1079 2074 1308 2131; x_wconf 83' lang='lat' dir='ltr'><strong>CAPUT</strong></span> <span class='ocrx_word' id='word_1_275' title='bbox 1344 2077 1488 2132; x_wconf 85' lang='lat' dir='ltr'><strong>XIV.</strong></span> 
     </span>
    </p>
   </div>
   <div class='ocr_carea' id='block_1_36' title="bbox 486 2172 2077 2249">
    <p class='ocr_par' dir='ltr' id='par_1_36' title="bbox 486 2172 2077 2249">
     <span class='ocr_line' id='line_1_36' title="bbox 486 2172 2077 2249; baseline 0.006 -24"><span class='ocrx_word' id='word_1_276' title='bbox 486 2173 916 2249; x_wconf 26' lang='lat' dir='ltr'><strong>Hauc‘regulam</strong></span> <span class='ocrx_word' id='word_1_277' title='bbox 938 2191 984 2249; x_wconf 89' lang='lat' dir='ltr'><strong>a_</strong></span> <span class='ocrx_word' id='word_1_278' title='bbox 998 2172 1565 2249; x_wconf 72' lang='lat' dir='ltr'><strong>Christoinstitutam</strong></span> <span class='ocrx_word' id='word_1_279' title='bbox 1586 2178 1781 2232; x_wconf 84' lang='lat' dir='ltr'><strong>nullas</strong></span> <span class='ocrx_word' id='word_1_280' title='bbox 1806 2178 1956 2249; x_wconf 85' lang='lat' dir='ltr'><strong>apud</strong></span> <span class='ocrx_word' id='word_1_281' title='bbox 1975 2196 2077 2235; x_wconf 80' lang='lat' dir='ltr'><strong>nos</strong></span> 
     </span>
    </p>
   </div>
   <div class='ocr_carea' id='block_1_37' title="bbox 558 2242 2077 2319">
    <p class='ocr_par' dir='ltr' id='par_1_37' title="bbox 558 2242 2077 2319">
     <span class='ocr_line' id='line_1_37' title="bbox 558 2242 2077 2319; baseline 0.005 -22"><span class='ocrx_word' id='word_1_282' title='bbox 558 2242 756 2319; x_wconf 76' lang='lat' dir='ltr'><strong>habere</strong></span> <span class='ocrx_word' id='word_1_283' title='bbox 779 2246 1139 2319; x_wconf 54' lang='lat' dir='ltr'><strong>quastiones,</strong></span> <span class='ocrx_word' id='word_1_284' title='bbox 1157 2246 1275 2300; x_wconf 82' lang='lat' dir='ltr'><strong>nisi</strong></span> <span class='ocrx_word' id='word_1_285' title='bbox 1302 2262 1437 2317; x_wconf 87' lang='lat' dir='ltr'><strong>quas</strong></span> <span class='ocrx_word' id='word_1_286' title='bbox 1460 2248 1693 2303; x_wconf 66' lang='lat' dir='ltr'><strong>haereses</strong></span> <span class='ocrx_word' id='word_1_287' title='bbox 1716 2242 2001 2319; x_wconf 73' lang='lat' dir='ltr'><strong>inferunt,</strong></span> <span class='ocrx_word' id='word_1_288' title='bbox 2021 2256 2077 2307; x_wconf 90' lang='lat' dir='ltr'><strong>et</strong></span> 
     </span>
    </p>
   </div>
   <div class='ocr_carea' id='block_1_38' title="bbox 558 2315 1276 2385">
    <p class='ocr_par' dir='ltr' id='par_1_38' title="bbox 558 2315 1276 2385">
     <span class='ocr_line' id='line_1_38' title="bbox 558 2315 1276 2385; baseline 0.006 -16"><span class='ocrx_word' id='word_1_289' title='bbox 558 2330 679 2385; x_wconf 70' lang='lat' dir='ltr'><strong>quae</strong></span> <span class='ocrx_word' id='word_1_290' title='bbox 706 2315 999 2371; x_wconf 67' lang='lat' dir='ltr'><strong>haereticos</strong></span> <span class='ocrx_word' id='word_1_291' title='bbox 1026 2319 1276 2385; x_wconf 78' lang='lat' dir='ltr'><strong>faciunt.</strong></span> 
     </span>
    </p>
   </div>
   <div class='ocr_carea' id='block_1_39' title="bbox 560 2410 2074 2485">
    <p class='ocr_par' dir='ltr' id='par_1_39' title="bbox 560 2410 2074 2485">
     <span class='ocr_line' id='line_1_39' title="bbox 560 2410 2074 2485; baseline 0.007 -22"><span class='ocrx_word' id='word_1_292' title='bbox 560 2410 683 2466; x_wconf 66' lang='lat' dir='ltr'><strong>Haec</strong></span> <span class='ocrx_word' id='word_1_293' title='bbox 724 2411 909 2483; x_wconf 86' lang='lat' dir='ltr'><strong>regula</strong></span> <span class='ocrx_word' id='word_1_294' title='bbox 944 2428 975 2465; x_wconf 89' lang='lat' dir='ltr'><strong>a</strong></span> <span class='ocrx_word' id='word_1_295' title='bbox 1020 2412 1259 2483; x_wconf 89' lang='lat' dir='ltr'><strong>Christo,</strong></span> <span class='ocrx_word' id='word_1_296' title='bbox 1308 2424 1366 2469; x_wconf 89' lang='lat' dir='ltr'><strong>ut</strong></span> <span class='ocrx_word' id='word_1_297' title='bbox 1424 2416 1758 2485; x_wconf 90' lang='lat' dir='ltr'><strong>probabitur,</strong></span> <span class='ocrx_word' id='word_1_298' title='bbox 1810 2417 2074 2484; x_wconf 86' lang='lat' dir='ltr'><strong>instituta,</strong></span> 
     </span>
    </p>
   </div>
   <div class='ocr_carea' id='block_1_40' title="bbox 486 2498 2078 2577">
    <p class='ocr_par' dir='ltr' id='par_1_40' title="bbox 486 2498 2078 2577">
     <span class='ocr_line' id='line_1_40' title="bbox 486 2498 2078 2577; baseline 0.004 -23"><span class='ocrx_word' id='word_1_299' title='bbox 486 2498 664 2554; x_wconf 89' lang='lat' dir='ltr'><strong>nullas</strong></span> <span class='ocrx_word' id='word_1_300' title='bbox 723 2500 884 2555; x_wconf 91' lang='lat' dir='ltr'><strong>habet</strong></span> <span class='ocrx_word' id='word_1_301' title='bbox 944 2499 1089 2569; x_wconf 89' lang='lat' dir='ltr'><strong>apud</strong></span> <span class='ocrx_word' id='word_1_302' title='bbox 1165 2516 1266 2555; x_wconf 90' lang='lat' dir='ltr'><strong>nos</strong></span> <span class='ocrx_word' id='word_1_303' title='bbox 1352 2504 1721 2573; x_wconf 67' lang='lat' dir='ltr'><strong>quaestiones,</strong></span> <span class='ocrx_word' id='word_1_304' title='bbox 1775 2504 1881 2559; x_wconf 90' lang='lat' dir='ltr'><strong>nisi</strong></span> <span class='ocrx_word' id='word_1_305' title='bbox 1946 2523 2078 2577; x_wconf 86' lang='lat' dir='ltr'><strong>quas</strong></span> 
     </span>
    </p>
   </div>
   <div class='ocr_carea' id='block_1_41' title="bbox 486 2583 2076 2659">
    <p class='ocr_par' dir='ltr' id='par_1_41' title="bbox 486 2583 2076 2659">
     <span class='ocr_line' id='line_1_41' title="bbox 486 2583 2076 2659; baseline 0.006 -19"><span class='ocrx_word' id='word_1_306' title='bbox 486 2583 720 2642; x_wconf 69' lang='lat' dir='ltr'><strong>haereses</strong></span> <span class='ocrx_word' id='word_1_307' title='bbox 769 2587 1022 2652; x_wconf 82' lang='lat' dir='ltr'><strong>inferunt,</strong></span> <span class='ocrx_word' id='word_1_308' title='bbox 1055 2595 1111 2642; x_wconf 92' lang='lat' dir='ltr'><strong>et</strong></span> <span class='ocrx_word' id='word_1_309' title='bbox 1155 2604 1274 2659; x_wconf 66' lang='lat' dir='ltr'><strong>quin</strong></span> <span class='ocrx_word' id='word_1_310' title='bbox 1320 2590 1604 2646; x_wconf 74' lang='lat' dir='ltr'><strong>haereticos</strong></span> <span class='ocrx_word' id='word_1_311' title='bbox 1647 2591 1867 2647; x_wconf 78' lang='lat' dir='ltr'><strong>faciunt.</strong></span> <span class='ocrx_word' id='word_1_312' title='bbox 1897 2592 2076 2649; x_wconf 70' lang='lat' dir='ltr'><strong>Caete-</strong></span> 
     </span>
    </p>
   </div>
   <div class='ocr_carea' id='block_1_42' title="bbox 487 2674 2077 2751">
    <p class='ocr_par' dir='ltr' id='par_1_42' title="bbox 487 2674 2077 2751">
     <span class='ocr_line' id='line_1_42' title="bbox 487 2674 2077 2751; baseline 0.005 -24"><span class='ocrx_word' id='word_1_313' title='bbox 487 2689 628 2737; x_wconf 90' lang='lat' dir='ltr'><strong>rum,</strong></span> <span class='ocrx_word' id='word_1_314' title='bbox 662 2685 905 2731; x_wconf 82' lang='lat' dir='ltr'><strong>manente</strong></span> <span class='ocrx_word' id='word_1_315' title='bbox 953 2674 1126 2731; x_wconf 85' lang='lat' dir='ltr'><strong>forma</strong></span> <span class='ocrx_word' id='word_1_316' title='bbox 1168 2677 1285 2746; x_wconf 90' lang='lat' dir='ltr'><strong>ejus</strong></span> <span class='ocrx_word' id='word_1_317' title='bbox 1331 2677 1387 2733; x_wconf 93' lang='lat' dir='ltr'><strong>in</strong></span> <span class='ocrx_word' id='word_1_318' title='bbox 1435 2693 1535 2733; x_wconf 90' lang='lat' dir='ltr'><strong>suo</strong></span> <span class='ocrx_word' id='word_1_319' title='bbox 1576 2679 1782 2750; x_wconf 89' lang='lat' dir='ltr'><strong>ordine,</strong></span> <span class='ocrx_word' id='word_1_320' title='bbox 1814 2690 2077 2751; x_wconf 90' lang='lat' dir='ltr'><strong>quantum</strong></span> 
     </span>
    </p>
   </div>
   <div class='ocr_carea' id='block_1_43' title="bbox 2183 1975 3772 2039">
    <p class='ocr_par' dir='ltr' id='par_1_43' title="bbox 2183 1975 3772 2039">
     <span class='ocr_line' id='line_1_43' title="bbox 2183 1975 3772 2039; baseline -0.003 -7"><span class='ocrx_word' id='word_1_321' title='bbox 2183 1976 2432 2032; x_wconf 84' lang='lat' dir='ltr'><strong>videntur</strong></span> <span class='ocrx_word' id='word_1_322' title='bbox 2462 1976 2673 2030; x_wconf 89' lang='lat' dir='ltr'><strong>interim</strong></span> <span class='ocrx_word' id='word_1_323' title='bbox 2723 1986 2928 2039; x_wconf 83' lang='lat' dir='ltr'><strong>tenere,</strong></span> <span class='ocrx_word' id='word_1_324' title='bbox 2963 1975 3359 2029; x_wconf 88' lang='lat' dir='ltr'><strong>dubitationem</strong></span> <span class='ocrx_word' id='word_1_325' title='bbox 3404 1989 3557 2028; x_wconf 79' lang='lat' dir='ltr'><strong>suam</strong></span> <span class='ocrx_word' id='word_1_326' title='bbox 3587 1984 3772 2029; x_wconf 87' lang='lat' dir='ltr'><strong>osten-</strong></span> 
     </span>
    </p>
   </div>
   <div class='ocr_carea' id='block_1_44' title="bbox 2183 2063 3773 2135">
    <p class='ocr_par' dir='ltr' id='par_1_44' title="bbox 2183 2063 3773 2135">
     <span class='ocr_line' id='line_1_44' title="bbox 2183 2063 3773 2135; baseline -0.002 -16"><span class='ocrx_word' id='word_1_327' title='bbox 2183 2064 2338 2133; x_wconf 89' lang='lat' dir='ltr'><strong>dunt,</strong></span> <span class='ocrx_word' id='word_1_328' title='bbox 2371 2063 2480 2120; x_wconf 58' lang='grc' dir='ltr'><strong>ΩΒ</strong></span> <span class='ocrx_word' id='word_1_329' title='bbox 2531 2064 2769 2135; x_wconf 88' lang='lat' dir='ltr'><strong>quandiu</strong></span> <span class='ocrx_word' id='word_1_330' title='bbox 2811 2073 3075 2134; x_wconf 62' lang='lat' dir='ltr'><strong>quierunt.</strong></span> <span class='ocrx_word' id='word_1_331' title='bbox 3110 2064 3296 2133; x_wconf 86' lang='lat' dir='ltr'><strong>Itaque</strong></span> <span class='ocrx_word' id='word_1_332' title='bbox 3344 2072 3399 2115; x_wconf 91' lang='lat' dir='ltr'><strong>tu</strong></span> <span class='ocrx_word' id='word_1_333' title='bbox 3426 2063 3519 2133; x_wconf 94' lang='lat' dir='ltr'><strong>qui</strong></span> <span class='ocrx_word' id='word_1_334' title='bbox 3550 2063 3773 2131; x_wconf 86' lang='lat' dir='ltr'><strong>perinde</strong></span> 
     </span>
    </p>
   </div>
   <div class='ocr_carea' id='block_1_45' title="bbox 2187 2150 3773 2225">
    <p class='ocr_par' dir='ltr' id='par_1_45' title="bbox 2187 2150 3773 2225">
     <span class='ocr_line' id='line_1_45' title="bbox 2187 2150 3773 2225; baseline -0.001 -18"><span class='ocrx_word' id='word_1_335' title='bbox 2187 2153 2407 2225; x_wconf 56' lang='lat' dir='ltr'><strong>quaeris,</strong></span> <span class='ocrx_word' id='word_1_336' title='bbox 2433 2162 2683 2224; x_wconf 87' lang='lat' dir='ltr'><strong>spectans</strong></span> <span class='ocrx_word' id='word_1_337' title='bbox 2712 2152 2776 2205; x_wconf 90' lang='lat' dir='ltr'><strong>ad</strong></span> <span class='ocrx_word' id='word_1_338' title='bbox 2806 2166 2900 2206; x_wconf 93' lang='lat' dir='ltr'><strong>eos</strong></span> <span class='ocrx_word' id='word_1_339' title='bbox 2931 2151 3023 2222; x_wconf 90' lang='lat' dir='ltr'><strong>qui</strong></span> <span class='ocrx_word' id='word_1_340' title='bbox 3053 2159 3107 2204; x_wconf 90' lang='lat' dir='ltr'><strong>et</strong></span> <span class='ocrx_word' id='word_1_341' title='bbox 3138 2150 3241 2219; x_wconf 89' lang='lat' dir='ltr'><strong>ipsi</strong></span> <span class='ocrx_word' id='word_1_342' title='bbox 3272 2158 3543 2221; x_wconf 67' lang='lat' dir='ltr'><strong>quaerunt,</strong></span> <span class='ocrx_word' id='word_1_343' title='bbox 3575 2150 3773 2205; x_wconf 90' lang='lat' dir='ltr'><strong>dubius</strong></span> 
     </span>
    </p>
   </div>
   <div class='ocr_carea' id='block_1_46' title="bbox 2184 2238 3774 2308">
    <p class='ocr_par' dir='ltr' id='par_1_46' title="bbox 2184 2238 3774 2308">
     <span class='ocr_line' id='line_1_46' title="bbox 2184 2238 3774 2308; baseline -0.003 -12"><span class='ocrx_word' id='word_1_344' title='bbox 2184 2256 2219 2296; x_wconf 83' lang='lat' dir='ltr'><strong>a</strong></span> <span class='ocrx_word' id='word_1_345' title='bbox 2262 2241 2460 2308; x_wconf 89' lang='lat' dir='ltr'><strong>dubiis,</strong></span> <span class='ocrx_word' id='word_1_346' title='bbox 2525 2240 2757 2295; x_wconf 90' lang='lat' dir='ltr'><strong>incertus</strong></span> <span class='ocrx_word' id='word_1_347' title='bbox 2804 2239 2873 2293; x_wconf 84' lang='lat' dir='ltr'><strong>ab</strong></span> <span class='ocrx_word' id='word_1_348' title='bbox 2930 2238 3169 2304; x_wconf 82' lang='lat' dir='ltr'><strong>incertis,</strong></span> <span class='ocrx_word' id='word_1_349' title='bbox 3216 2253 3390 2292; x_wconf 63' lang='lat' dir='ltr'><strong>caecus</strong></span> <span class='ocrx_word' id='word_1_350' title='bbox 3445 2254 3476 2291; x_wconf 88' lang='lat' dir='ltr'><strong>a</strong></span> <span class='ocrx_word' id='word_1_351' title='bbox 3522 2238 3677 2293; x_wconf 59' lang='lat' dir='ltr'><strong>caecis</strong></span> <span class='ocrx_word' id='word_1_352' title='bbox 3720 2238 3774 2292; x_wconf 92' lang='lat' dir='ltr'><strong>in</strong></span> 
     </span>
    </p>
   </div>
   <div class='ocr_carea' id='block_1_47' title="bbox 2184 2325 3771 2395">
    <p class='ocr_par' dir='ltr' id='par_1_47' title="bbox 2184 2325 3771 2395">
     <span class='ocr_line' id='line_1_47' title="bbox 2184 2325 3771 2395; baseline -0.002 -12"><span class='ocrx_word' id='word_1_353' title='bbox 2184 2328 2395 2385; x_wconf 89' lang='lat' dir='ltr'><strong>foveam</strong></span> <span class='ocrx_word' id='word_1_354' title='bbox 2424 2328 2713 2383; x_wconf 90' lang='lat' dir='ltr'><strong>deducaris</strong></span> <span class='ocrx_word' id='word_1_355' title='bbox 2741 2342 2961 2383; x_wconf 89' lang='lat' dir='ltr'><strong>necesse</strong></span> <span class='ocrx_word' id='word_1_356' title='bbox 2991 2336 3075 2380; x_wconf 91' lang='lat' dir='ltr'><strong>est</strong></span> <span class='ocrx_word' id='word_1_357' title='bbox 3106 2325 3324 2394; x_wconf 83' lang='lat' dir='ltr'><strong>(Matth.</strong></span> <span class='ocrx_word' id='word_1_358' title='bbox 3368 2341 3458 2390; x_wconf 89' lang='lat' dir='ltr'><strong>xv,</strong></span> <span class='ocrx_word' id='word_1_359' title='bbox 3496 2326 3603 2395; x_wconf 75' lang='grc'><strong>14).</strong></span> <span class='ocrx_word' id='word_1_360' title='bbox 3647 2325 3771 2393; x_wconf 91' lang='lat' dir='ltr'><strong>Sed,</strong></span> 
     </span>
    </p>
   </div>
   <div class='ocr_carea' id='block_1_48' title="bbox 2184 2414 3772 2487">
    <p class='ocr_par' dir='ltr' id='par_1_48' title="bbox 2184 2414 3772 2487">
     <span class='ocr_line' id='line_1_48' title="bbox 2184 2414 3772 2487; baseline -0.004 -13"><span class='ocrx_word' id='word_1_361' title='bbox 2184 2434 2307 2474; x_wconf 88' lang='lat' dir='ltr'><strong>cum</strong></span> <span class='ocrx_word' id='word_1_362' title='bbox 2338 2417 2647 2487; x_wconf 90' lang='lat' dir='ltr'><strong>decipiendi</strong></span> <span class='ocrx_word' id='word_1_363' title='bbox 2684 2415 2859 2487; x_wconf 88' lang='lat' dir='ltr'><strong>gratia</strong></span> <span class='ocrx_word' id='word_1_364' title='bbox 2886 2415 3227 2485; x_wconf 74' lang='lat' dir='ltr'><strong>praetendunt</strong></span> <span class='ocrx_word' id='word_1_365' title='bbox 3255 2430 3314 2469; x_wconf 91' lang='lat' dir='ltr'><strong>se</strong></span> <span class='ocrx_word' id='word_1_366' title='bbox 3344 2414 3523 2469; x_wconf 92' lang='lat' dir='ltr'><strong>adhuc</strong></span> <span class='ocrx_word' id='word_1_367' title='bbox 3554 2414 3578 2449; x_wconf 77' lang='grc'><strong>⁸</strong></span> <span class='ocrx_word' id='word_1_368' title='bbox 3617 2429 3772 2485; x_wconf 70' lang='lat' dir='ltr'><strong>quie-</strong></span> 
     </span>
    </p>
   </div>
   <div class='ocr_carea' id='block_1_49' title="bbox 2185 2501 3775 2575">
    <p class='ocr_par' dir='ltr' id='par_1_49' title="bbox 2185 2501 3775 2575">
     <span class='ocr_line' id='line_1_49' title="bbox 2185 2501 3775 2575; baseline -0.002 -14"><span class='ocrx_word' id='word_1_369' title='bbox 2185 2521 2322 2571; x_wconf 91' lang='lat' dir='ltr'><strong>rere,</strong></span> <span class='ocrx_word' id='word_1_370' title='bbox 2347 2516 2405 2559; x_wconf 92' lang='lat' dir='ltr'><strong>ut</strong></span> <span class='ocrx_word' id='word_1_371' title='bbox 2433 2504 2589 2559; x_wconf 90' lang='lat' dir='ltr'><strong>nobis</strong></span> <span class='ocrx_word' id='word_1_372' title='bbox 2619 2521 2714 2575; x_wconf 89' lang='lat' dir='ltr'><strong>per</strong></span> <span class='ocrx_word' id='word_1_373' title='bbox 2741 2503 3121 2559; x_wconf 90' lang='lat' dir='ltr'><strong>sollicitudinis</strong></span> <span class='ocrx_word' id='word_1_374' title='bbox 3151 2501 3489 2570; x_wconf 86' lang='lat' dir='ltr'><strong>injectionem</strong></span> <span class='ocrx_word' id='word_1_375' title='bbox 3521 2510 3775 2558; x_wconf 80' lang='lat' dir='ltr'><strong>tractatus</strong></span> 
     </span>
    </p>
   </div>
   <div class='ocr_carea' id='block_1_50' title="bbox 2185 2589 3774 2664">
    <p class='ocr_par' dir='ltr' id='par_1_50' title="bbox 2185 2589 3774 2664">
     <span class='ocr_line' id='line_1_50' title="bbox 2185 2589 3774 2664; baseline -0.003 -15"><span class='ocrx_word' id='word_1_376' title='bbox 2185 2609 2312 2649; x_wconf 88' lang='lat' dir='ltr'><strong>suos</strong></span> <span class='ocrx_word' id='word_1_377' title='bbox 2368 2595 2674 2663; x_wconf 83' lang='lat' dir='ltr'><strong>insinuent;</strong></span> <span class='ocrx_word' id='word_1_378' title='bbox 2728 2592 2981 2664; x_wconf 89' lang='lat' dir='ltr'><strong>denique,</strong></span> <span class='ocrx_word' id='word_1_379' title='bbox 3044 2590 3137 2645; x_wconf 93' lang='lat' dir='ltr'><strong>ubi</strong></span> <span class='ocrx_word' id='word_1_380' title='bbox 3178 2589 3415 2645; x_wconf 90' lang='lat' dir='ltr'><strong>adierint</strong></span> <span class='ocrx_word' id='word_1_381' title='bbox 3463 2590 3486 2626; x_wconf 86' lang='lat'>9</span> <span class='ocrx_word' id='word_1_382' title='bbox 3537 2591 3602 2644; x_wconf 91' lang='lat' dir='ltr'><strong>ad</strong></span> <span class='ocrx_word' id='word_1_383' title='bbox 3656 2606 3774 2657; x_wconf 91' lang='lat' dir='ltr'><strong>nos,</strong></span> 
     </span>
    </p>
   </div>
   <div class='ocr_carea' id='block_1_51' title="bbox 2186 2678 3772 2753">
    <p class='ocr_par' dir='ltr' id='par_1_51' title="bbox 2186 2678 3772 2753">
     <span class='ocr_line' id='line_1_51' title="bbox 2186 2678 3772 2753; baseline -0.003 -16"><span class='ocrx_word' id='word_1_384' title='bbox 2186 2683 2385 2748; x_wconf 86' lang='lat' dir='ltr'><strong>statim,</strong></span> <span class='ocrx_word' id='word_1_385' title='bbox 2429 2698 2552 2753; x_wconf 63' lang='lat' dir='ltr'><strong>quae</strong></span> <span class='ocrx_word' id='word_1_386' title='bbox 2599 2680 2849 2737; x_wconf 90' lang='lat' dir='ltr'><strong>dicebant</strong></span> <span class='ocrx_word' id='word_1_387' title='bbox 2895 2678 3188 2751; x_wconf 69' lang='lat' dir='ltr'><strong>quaerenda</strong></span> <span class='ocrx_word' id='word_1_388' title='bbox 3234 2694 3373 2743; x_wconf 91' lang='lat' dir='ltr'><strong>esse,</strong></span> <span class='ocrx_word' id='word_1_389' title='bbox 3427 2678 3772 2734; x_wconf 85' lang='lat' dir='ltr'><strong>defendunt:</strong></span> 
     </span>
    </p>
   </div>
   <div class='ocr_carea' id='block_1_52' title="bbox 488 2762 3773 2843">
    <p class='ocr_par' dir='ltr' id='par_1_52' title="bbox 488 2762 3773 2843">
     <span class='ocr_line' id='line_1_52' title="bbox 488 2762 3773 2843; baseline 0.002 -27"><span class='ocrx_word' id='word_1_390' title='bbox 488 2762 614 2817; x_wconf 83' lang='lat' dir='ltr'><strong>libet</strong></span> <span class='ocrx_word' id='word_1_391' title='bbox 650 2781 860 2835; x_wconf 70' lang='lat' dir='ltr'><strong>quaeras</strong></span> <span class='ocrx_word' id='word_1_392' title='bbox 901 2772 954 2821; x_wconf 91' lang='lat' dir='ltr'><strong>et</strong></span> <span class='ocrx_word' id='word_1_393' title='bbox 1000 2774 1217 2831; x_wconf 86' lang='lat' dir='ltr'><strong>tractes,</strong></span> <span class='ocrx_word' id='word_1_394' title='bbox 1248 2774 1302 2820; x_wconf 91' lang='lat' dir='ltr'><strong>et</strong></span> <span class='ocrx_word' id='word_1_395' title='bbox 1347 2782 1562 2835; x_wconf 78' lang='lat' dir='ltr'><strong>omnem</strong></span> <span class='ocrx_word' id='word_1_396' title='bbox 1591 2768 1869 2843; x_wconf 73' lang='lat' dir='ltr'><strong>libidinem</strong></span> <span class='ocrx_word' id='word_1_397' title='bbox 1894 2769 2125 2843; x_wconf 47' lang='lat' dir='ltr'><strong>curio-ﬂ</strong></span> <span class='ocrx_word' id='word_1_398' title='bbox 2183 2772 2297 2840; x_wconf 75' lang='lat' dir='ltr'><strong>jam</strong></span> <span class='ocrx_word' id='word_1_399' title='bbox 2342 2770 2465 2839; x_wconf 66' lang='lat' dir='ltr'><strong>illos</strong></span> <span class='ocrx_word' id='word_1_400' title='bbox 2496 2770 2875 2843; x_wconf 50' lang='lat' dir='ltr'><strong>sicudehemus</strong></span> <span class='ocrx_word' id='word_1_401' title='bbox 2920 2768 3157 2823; x_wconf 83' lang='lat' dir='ltr'><strong>refutare</strong></span> <span class='ocrx_word' id='word_1_402' title='bbox 3202 2766 3273 2832; x_wconf 85' lang='lat'><strong>9°,</strong></span> <span class='ocrx_word' id='word_1_403' title='bbox 3305 2774 3362 2820; x_wconf 91' lang='lat' dir='ltr'><strong>ut</strong></span> <span class='ocrx_word' id='word_1_404' title='bbox 3400 2766 3572 2823; x_wconf 90' lang='lat' dir='ltr'><strong>sciant</strong></span> <span class='ocrx_word' id='word_1_405' title='bbox 3600 2782 3697 2821; x_wconf 91' lang='lat' dir='ltr'><strong>nos</strong></span> <span class='ocrx_word' id='word_1_406' title='bbox 3730 2767 3773 2803; x_wconf 76' lang='grc' dir='ltr'><strong>ιι</strong></span> 
     </span>
    </p>
   </div>
   <div class='ocr_carea' id='block_1_53' title="bbox 487 2838 2084 2942">
    <p class='ocr_par' dir='ltr' id='par_1_53' title="bbox 487 2838 2084 2942">
     <span class='ocr_line' id='line_1_53' title="bbox 487 2838 2084 2942; baseline 0.018 -34"><span class='ocrx_word' id='word_1_407' title='bbox 487 2854 663 2911; x_wconf 83' lang='lat' dir='ltr'><strong>sitatis</strong></span> <span class='ocrx_word' id='word_1_408' title='bbox 686 2856 975 2924; x_wconf 80' lang='lat' dir='ltr'><strong>effundas;</strong></span> <span class='ocrx_word' id='word_1_409' title='bbox 1004 2856 1052 2912; x_wconf 84' lang='lat' dir='ltr'><strong>si</strong></span> <span class='ocrx_word' id='word_1_410' title='bbox 1083 2856 1211 2929; x_wconf 88' lang='lat' dir='ltr'><strong>quid</strong></span> <span class='ocrx_word' id='word_1_411' title='bbox 1242 2857 1340 2912; x_wconf 89' lang='lat' dir='ltr'><strong>tibi</strong></span> <span class='ocrx_word' id='word_1_412' title='bbox 1359 2846 1712 2929; x_wconf 55' lang='grc' dir='ltr'><strong>νὶάξίὼέίεε</strong></span> 
     </span>
    </p>
   </div>
   <div class='ocr_carea' id='block_1_54' title="bbox 2197 2838 3776 2942">
    <p class='ocr_par' dir='ltr' id='par_1_54' title="bbox 2197 2838 3776 2937">
     <span class='ocr_line' id='line_1_54' title="bbox 2197 2838 3776 2937; baseline -0.001 -26"><span class='ocrx_word' id='word_1_413' title='bbox 2197 2838 2293 2935; x_wconf 51' lang='lat' dir='ltr'><strong>Eon</strong></span> <span class='ocrx_word' id='word_1_414' title='bbox 2342 2838 2722 2937; x_wconf 50' lang='grc' dir='ltr'><strong>ςῇιξὶεζάλξεθά</strong></span> <span class='ocrx_word' id='word_1_415' title='bbox 2773 2856 2875 2912; x_wconf 90' lang='lat' dir='ltr'><strong>sibi</strong></span> <span class='ocrx_word' id='word_1_416' title='bbox 2918 2862 3196 2927; x_wconf 79' lang='lat' dir='ltr'><strong>negatores</strong></span> <span class='ocrx_word' id='word_1_417' title='bbox 3250 2870 3391 2912; x_wconf 90' lang='lat' dir='ltr'><strong>esse.</strong></span> <span class='ocrx_word' id='word_1_418' title='bbox 3440 2854 3573 2910; x_wconf 90' lang='lat' dir='ltr'><strong>Cum</strong></span> <span class='ocrx_word' id='word_1_419' title='bbox 3631 2856 3776 2909; x_wconf 87' lang='lat' dir='ltr'><strong>enim</strong></span> 
     </span>
    </p>
   </div>
   <div class='ocr_carea' id='block_1_55' title="bbox 486 2942 3779 3020">
    <p class='ocr_par' dir='ltr' id='par_1_55' title="bbox 486 2942 3779 3020">
     <span class='ocr_line' id='line_1_55' title="bbox 486 2942 3779 3020; baseline 0 -23"><span class='ocrx_word' id='word_1_420' title='bbox 486 2944 753 3012; x_wconf 91' lang='lat' dir='ltr'><strong>pendere,</strong></span> <span class='ocrx_word' id='word_1_421' title='bbox 813 2946 890 3002; x_wconf 79' lang='lat' dir='ltr'><strong>vel</strong></span> <span class='ocrx_word' id='word_1_422' title='bbox 948 2945 1273 3001; x_wconf 83' lang='lat' dir='ltr'><strong>obscuritate</strong></span> <span class='ocrx_word' id='word_1_423' title='bbox 1344 2942 1710 3013; x_wconf 64' lang='lat' dir='ltr'><strong>obu&#39;mbiari,‘</strong></span> <span class='ocrx_word' id='word_1_424' title='bbox 1745 2943 2124 3020; x_wconf 74' lang='lat' dir='ltr'><strong>es’t&quot;iih‘que°&#39;</strong></span> <span class='ocrx_word' id='word_1_425' title='bbox 2150 2946 2453 3018; x_wconf 63' lang='lat' dir='ltr'><strong>&#39;qtizél&#39;hnt&#39;</strong></span> <span class='ocrx_word' id='word_1_426' title='bbox 2482 2948 2683 3018; x_wconf 76' lang='lat' dir='ltr'><strong>adhuc,</strong></span> <span class='ocrx_word' id='word_1_427' title='bbox 2716 2944 2954 3001; x_wconf 90' lang='lat' dir='ltr'><strong>nondum</strong></span> <span class='ocrx_word' id='word_1_428' title='bbox 2985 2952 3195 3009; x_wconf 91' lang='lat' dir='ltr'><strong>tenent;</strong></span> <span class='ocrx_word' id='word_1_429' title='bbox 3228 2960 3347 2999; x_wconf 90' lang='lat' dir='ltr'><strong>cum</strong></span> <span class='ocrx_word' id='word_1_430' title='bbox 3378 2951 3557 2998; x_wconf 89' lang='lat' dir='ltr'><strong>autem</strong></span> <span class='ocrx_word' id='word_1_431' title='bbox 3590 2958 3699 2999; x_wconf 91' lang='lat' dir='ltr'><strong>non</strong></span> <span class='ocrx_word' id='word_1_432' title='bbox 3732 2943 3779 2981; x_wconf 75' lang='grc'><strong>12</strong></span> 
     </span>
    </p>
   </div>
   <div class='ocr_carea' id='block_1_56' title="bbox 1578 3044 2611 3138">
    <p class='ocr_par' dir='ltr' id='par_1_56' title="bbox 1578 3044 2611 3138">
     <span class='ocr_line' id='line_1_56' title="bbox 1578 3044 2611 3138; baseline 0.006 -6"><span class='ocrx_word' id='word_1_433' title='bbox 1672 3086 1691 3132; x_wconf 90' lang='lat'><strong>:</strong></span> <span class='ocrx_word' id='word_1_434' title='bbox 1734 3084 1753 3132; x_wconf 87' lang='lat'><strong>:</strong></span> <span class='ocrx_word' id='word_1_435' title='bbox 1787 3044 2044 3138; x_wconf 62' lang='grc' dir='ltr'><strong>θ’·Ῡβτέίδθ</strong></span> <span class='ocrx_word' id='word_1_436' title='bbox 2079 3049 2425 3138; x_wconf 54' lang='grc' dir='ltr'><strong>ἔθέίίέπξθὲιε</strong></span> <span class='ocrx_word' id='word_1_437' title='bbox 2456 3091 2521 3138; x_wconf 78' lang='grc' dir='ltr'><strong>τ’.</strong></span> <span class='ocrx_word' id='word_1_438' title='bbox 2581 3094 2611 3138; x_wconf 86' lang='grc'><strong>.·</strong></span> 
     </span>
    </p>
   </div>
   <div class='ocr_carea' id='block_1_57' title="bbox 564 3129 3773 3224">
    <p class='ocr_par' dir='ltr' id='par_1_57' title="bbox 564 3129 3773 3224">
     <span class='ocr_line' id='line_1_57' title="bbox 564 3129 3773 3224; baseline -0 -24"><span class='ocrx_word' id='word_1_439' title='bbox 564 3145 637 3224; x_wconf 40' lang='grc'><strong>9⁷.</strong></span> <span class='ocrx_word' id='word_1_440' title='bbox 661 3146 962 3201; x_wconf 89' lang='lat' dir='ltr'><strong>Demissum</strong></span> <span class='ocrx_word' id='word_1_441' title='bbox 1022 3149 1211 3224; x_wconf 61' lang='lat' dir='ltr'><strong>Venet.</strong></span> <span class='ocrx_word' id='word_1_442' title='bbox 1251 3129 1386 3224; x_wconf 54' lang='lat' dir='ltr'><strong>pos};</strong></span> <span class='ocrx_word' id='word_1_443' title='bbox 1673 3129 2787 3224; x_wconf 49' lang='grc' dir='ltr'><strong>ξῖξίυμῖκῖβξὴιιενὲξθθ</strong></span> <span class='ocrx_word' id='word_1_444' title='bbox 2835 3152 3019 3224; x_wconf 82' lang='lat' dir='ltr'><strong>exisse</strong></span> <span class='ocrx_word' id='word_1_445' title='bbox 3061 3153 3203 3224; x_wconf 60' lang='grc' dir='ltr'><strong>Εἰς..</strong></span> <span class='ocrx_word' id='word_1_446' title='bbox 3239 3167 3328 3224; x_wconf 71' lang='lat' dir='ltr'><strong>ex</strong></span> <span class='ocrx_word' id='word_1_447' title='bbox 3378 3150 3534 3224; x_wconf 78' lang='lat' dir='ltr'><strong>libris</strong></span> <span class='ocrx_word' id='word_1_448' title='bbox 3595 3150 3773 3224; x_wconf 68' lang='lat' dir='ltr'><strong>Ursin.</strong></span> 
     </span>
    </p>
   </div>
   <div class='ocr_carea' id='block_1_58' title="bbox 494 3207 3775 3299">
    <p class='ocr_par' dir='ltr' id='par_1_58' title="bbox 494 3207 3775 3299">
     <span class='ocr_line' id='line_1_58' title="bbox 494 3207 3775 3299; baseline -0 -29"><span class='ocrx_word' id='word_1_449' title='bbox 494 3217 768 3299; x_wconf 46' lang='lat' dir='ltr'><strong>honminem</strong></span> <span class='ocrx_word' id='word_1_450' title='bbox 816 3227 869 3299; x_wconf 77' lang='lat' dir='ltr'><strong>et</strong></span> <span class='ocrx_word' id='word_1_451' title='bbox 914 3233 1047 3299; x_wconf 73' lang='lat' dir='ltr'><strong>esse</strong></span> <span class='ocrx_word' id='word_1_452' title='bbox 1076 3207 1265 3299; x_wconf 57' lang='lat' dir='ltr'><strong>Paris:</strong></span> <span class='ocrx_word' id='word_1_453' title='bbox 1307 3207 1516 3299; x_wconf 50' lang='grc' dir='ltr'><strong>Έίᾳᾶιῖν</strong></span> <span class='ocrx_word' id='word_1_454' title='bbox 1533 3207 2897 3299; x_wconf 38' lang='grc' dir='ltr'><strong>Νἲι.ἧηὶιίἑξῃξῆξιξρόδίεᾶίᾳᾞὶς(Ξι-ςᾶρᾒιθέϊιεᾳῐ.</strong></span> <span class='ocrx_word' id='word_1_455' title='bbox 2935 3207 3323 3299; x_wconf 40' lang='grc' dir='ltr'><strong>ιλιιιῴόερόρξ,</strong></span> <span class='ocrx_word' id='word_1_456' title='bbox 3366 3221 3579 3299; x_wconf 59' lang='lat' dir='ltr'><strong>Seniler</strong></span> <span class='ocrx_word' id='word_1_457' title='bbox 3615 3222 3775 3299; x_wconf 57' lang='lat' dir='ltr'><strong>Eant.</strong></span> 
     </span>
    </p>
   </div>
   <div class='ocr_carea' id='block_1_59' title="bbox 494 3287 3776 3363">
    <p class='ocr_par' dir='ltr' id='par_1_59' title="bbox 494 3287 3776 3363">
     <span class='ocr_line' id='line_1_59' title="bbox 494 3287 3776 3363; baseline 0 -21"><span class='ocrx_word' id='word_1_458' title='bbox 494 3287 958 3363; x_wconf 49' lang='lat' dir='ltr'><strong>{Resurrectione</strong></span> <span class='ocrx_word' id='word_1_459' title='bbox 987 3291 1065 3344; x_wconf 87' lang='lat' dir='ltr'><strong>al.</strong></span> <span class='ocrx_word' id='word_1_460' title='bbox 1088 3291 1125 3363; x_wconf 85' lang='lat'><strong>_3_</strong></span> <span class='ocrx_word' id='word_1_461' title='bbox 1151 3290 1334 3361; x_wconf 83' lang='lat' dir='ltr'><strong>Aliqui</strong></span> <span class='ocrx_word' id='word_1_462' title='bbox 1365 3290 1421 3363; x_wconf 92' lang='lat' dir='ltr'><strong>d.</strong></span> <span class='ocrx_word' id='word_1_463' title='bbox 1452 3306 1587 3363; x_wconf 9' lang='lat' dir='ltr'><strong>g.rs.</strong></span> <span class='ocrx_word' id='word_1_464' title='bbox 1621 3292 1675 3344; x_wconf 92' lang='lat' dir='ltr'><strong>d.</strong></span> <span class='ocrx_word' id='word_1_465' title='bbox 1712 3308 1761 3345; x_wconf 93' lang='lat' dir='ltr'><strong>e.</strong></span> <span class='ocrx_word' id='word_1_466' title='bbox 1810 3293 1976 3363; x_wconf 88' lang='lat' dir='ltr'><strong>aliqui</strong></span> <span class='ocrx_word' id='word_1_467' title='bbox 2022 3287 2098 3349; x_wconf 80' lang='lat' dir='ltr'>in.</span> <span class='ocrx_word' id='word_1_468' title='bbox 2150 3309 2198 3346; x_wconf 94' lang='lat' dir='ltr'><strong>e.</strong></span> <span class='ocrx_word' id='word_1_469' title='bbox 2258 3287 2525 3362; x_wconf 46' lang='lat' dir='ltr'><strong>cfaliqui</strong></span> <span class='ocrx_word' id='word_1_470' title='bbox 2575 3295 2757 3363; x_wconf 81' lang='lat' dir='ltr'><strong>Venet.</strong></span> <span class='ocrx_word' id='word_1_471' title='bbox 2792 3287 2911 3361; x_wconf 67' lang='lat' dir='ltr'><strong>Rig.</strong></span> <span class='ocrx_word' id='word_1_472' title='bbox 2952 3292 3134 3363; x_wconf 53' lang='lat' dir='ltr'><strong>Paris:</strong></span> <span class='ocrx_word' id='word_1_473' title='bbox 3179 3291 3225 3363; x_wconf 41' lang='grc' dir='ltr'><strong>’θ’</strong></span> <span class='ocrx_word' id='word_1_474' title='bbox 3241 3288 3459 3363; x_wconf 78' lang='lat' dir='ltr'><strong>Aliquid</strong></span> <span class='ocrx_word' id='word_1_475' title='bbox 3492 3291 3566 3363; x_wconf 64' lang='lat' dir='ltr'><strong>La</strong></span> <span class='ocrx_word' id='word_1_476' title='bbox 3594 3288 3776 3363; x_wconf 85' lang='lat' dir='ltr'><strong>_C_erd.</strong></span> 
     </span>
    </p>
   </div>
   <div class='ocr_carea' id='block_1_60' title="bbox 496 3357 3784 3429">
    <p class='ocr_par' dir='ltr' id='par_1_60' title="bbox 496 3357 3784 3429">
     <span class='ocr_line' id='line_1_60' title="bbox 496 3357 3784 3429; baseline -0.001 -15"><span class='ocrx_word' id='word_1_477' title='bbox 496 3359 666 3415; x_wconf 89' lang='lat' dir='ltr'><strong>Seml.</strong></span> <span class='ocrx_word' id='word_1_478' title='bbox 713 3358 737 3395; x_wconf 88' lang='grc'><strong><em>⁵</em></strong></span> <span class='ocrx_word' id='word_1_479' title='bbox 781 3360 1039 3413; x_wconf 90' lang='lat' dir='ltr'><strong>Curiosus</strong></span> <span class='ocrx_word' id='word_1_480' title='bbox 1087 3357 1277 3415; x_wconf 61' lang='lat' dir='ltr'><strong>Venet:</strong></span> <span class='ocrx_word' id='word_1_481' title='bbox 1323 3357 1479 3429; x_wconf 46' lang='lat' dir='ltr'><strong>Rigf</strong></span> <span class='ocrx_word' id='word_1_482' title='bbox 1510 3362 1694 3415; x_wconf 83' lang='lat' dir='ltr'><strong>Paris.</strong></span> <span class='ocrx_word' id='word_1_483' title='bbox 1744 3357 1917 3415; x_wconf 58' lang='lat' dir='ltr'><strong>Pam:</strong></span> <span class='ocrx_word' id='word_1_484' title='bbox 1974 3367 2028 3417; x_wconf 86' lang='lat' dir='ltr'><strong>et</strong></span> <span class='ocrx_word' id='word_1_485' title='bbox 2076 3366 2286 3418; x_wconf 84' lang='lat' dir='ltr'><strong>iterum</strong></span> <span class='ocrx_word' id='word_1_486' title='bbox 2332 3357 2533 3415; x_wconf 80' lang='lat' dir='ltr'><strong>statim</strong></span> <span class='ocrx_word' id='word_1_487' title='bbox 2589 3362 2805 3416; x_wconf 83' lang='lat' dir='ltr'><strong>addunt</strong></span> <span class='ocrx_word' id='word_1_488' title='bbox 2856 3357 3055 3414; x_wconf 75' lang='lat' dir='ltr'><strong>tecum.</strong></span> <span class='ocrx_word' id='word_1_489' title='bbox 3111 3358 3137 3393; x_wconf 85' lang='grc'>⁶</span> <span class='ocrx_word' id='word_1_490' title='bbox 3187 3357 3330 3424; x_wconf 87' lang='lat' dir='ltr'><strong>Quia</strong></span> <span class='ocrx_word' id='word_1_491' title='bbox 3385 3360 3528 3427; x_wconf 90' lang='lat' dir='ltr'><strong>quod</strong></span> <span class='ocrx_word' id='word_1_492' title='bbox 3577 3358 3784 3412; x_wconf 91' lang='lat' dir='ltr'><strong>debeas</strong></span> 
     </span>
    </p>
   </div>
   <div class='ocr_carea' id='block_1_61' title="bbox 494 3429 3780 3502">
    <p class='ocr_par' dir='ltr' id='par_1_61' title="bbox 494 3429 3780 3502">
     <span class='ocr_line' id='line_1_61' title="bbox 494 3429 3780 3502; baseline 0 -20"><span class='ocrx_word' id='word_1_493' title='bbox 494 3431 633 3502; x_wconf 80' lang='lat' dir='ltr'><strong>nosti</strong></span> <span class='ocrx_word' id='word_1_494' title='bbox 680 3429 883 3484; x_wconf 81' lang='lat' dir='ltr'><strong>delevit</strong></span> <span class='ocrx_word' id='word_1_495' title='bbox 932 3431 1108 3502; x_wconf 72' lang='lat' dir='ltr'><strong>Seml.</strong></span> <span class='ocrx_word' id='word_1_496' title='bbox 1161 3430 1292 3502; x_wconf 83' lang='lat' dir='ltr'><strong>quia</strong></span> <span class='ocrx_word' id='word_1_497' title='bbox 1333 3429 1477 3499; x_wconf 90' lang='lat' dir='ltr'><strong>quod</strong></span> <span class='ocrx_word' id='word_1_498' title='bbox 1508 3430 1673 3484; x_wconf 89' lang='lat' dir='ltr'><strong>debes</strong></span> <span class='ocrx_word' id='word_1_499' title='bbox 1721 3434 1881 3494; x_wconf 88' lang='lat' dir='ltr'><strong>nosti,</strong></span> <span class='ocrx_word' id='word_1_500' title='bbox 1920 3431 2131 3502; x_wconf 87' lang='lat' dir='ltr'><strong>legebat</strong></span> <span class='ocrx_word' id='word_1_501' title='bbox 2178 3434 2252 3485; x_wconf 88' lang='lat' dir='ltr'><strong>La</strong></span> <span class='ocrx_word' id='word_1_502' title='bbox 2297 3432 2456 3487; x_wconf 85' lang='lat' dir='ltr'><strong>Cerd.</strong></span> <span class='ocrx_word' id='word_1_503' title='bbox 2498 3429 2519 3466; x_wconf 78' lang='grc'>⁷</span> <span class='ocrx_word' id='word_1_504' title='bbox 2568 3430 3049 3502; x_wconf 82' lang='lat' dir='ltr'><strong>Deprehenderunt</strong></span> <span class='ocrx_word' id='word_1_505' title='bbox 3078 3430 3261 3502; x_wconf 80' lang='lat' dir='ltr'><strong>Paris.</strong></span> <span class='ocrx_word' id='word_1_506' title='bbox 3298 3437 3596 3502; x_wconf 56' lang='lat' dir='ltr'><strong>pro__ce_rte</strong></span> <span class='ocrx_word' id='word_1_507' title='bbox 3647 3430 3780 3484; x_wconf 85' lang='lat' dir='ltr'><strong>Jun.</strong></span> 
     </span>
    </p>
   </div>
   <div class='ocr_carea' id='block_1_62' title="bbox 493 3498 3782 3570">
    <p class='ocr_par' dir='ltr' id='par_1_62' title="bbox 493 3498 3782 3570">
     <span class='ocr_line' id='line_1_62' title="bbox 493 3498 3782 3570; baseline 0 -16"><span class='ocrx_word' id='word_1_508' title='bbox 493 3499 623 3554; x_wconf 87' lang='lat' dir='ltr'><strong>certi</strong></span> <span class='ocrx_word' id='word_1_509' title='bbox 670 3515 793 3553; x_wconf 85' lang='lat' dir='ltr'><strong>vere</strong></span> <span class='ocrx_word' id='word_1_510' title='bbox 838 3500 1040 3570; x_wconf 74' lang='lat' dir='ltr'><strong>conjie.</strong></span> <span class='ocrx_word' id='word_1_511' title='bbox 1086 3498 1379 3570; x_wconf 72' lang='lat' dir='ltr'><strong>legendum</strong></span> <span class='ocrx_word' id='word_1_512' title='bbox 1411 3502 1584 3554; x_wconf 80' lang='lat' dir='ltr'><strong>Fran.</strong></span> <span class='ocrx_word' id='word_1_513' title='bbox 1615 3502 1831 3570; x_wconf 3' lang='lat' dir='ltr'><strong>(inserit</strong></span> <span class='ocrx_word' id='word_1_514' title='bbox 1870 3498 2051 3556; x_wconf 72' lang='lat' dir='ltr'><strong>adhuc</strong></span> <span class='ocrx_word' id='word_1_515' title='bbox 2099 3502 2256 3557; x_wconf 91' lang='lat' dir='ltr'><strong>ultra.</strong></span> <span class='ocrx_word' id='word_1_516' title='bbox 2298 3501 2324 3536; x_wconf 86' lang='grc'><strong>⁸</strong></span> <span class='ocrx_word' id='word_1_517' title='bbox 2369 3503 2447 3555; x_wconf 85' lang='lat' dir='ltr'><strong>Ad</strong></span> <span class='ocrx_word' id='word_1_518' title='bbox 2479 3503 2582 3557; x_wconf 92' lang='lat' dir='ltr'><strong>hoc</strong></span> <span class='ocrx_word' id='word_1_519' title='bbox 2625 3502 2808 3557; x_wconf 87' lang='lat' dir='ltr'><strong>Paris.</strong></span> <span class='ocrx_word' id='word_1_520' title='bbox 2849 3500 2873 3532; x_wconf 78' lang='lat'><strong>9</strong></span> <span class='ocrx_word' id='word_1_521' title='bbox 2912 3499 3177 3553; x_wconf 82' lang='lat' dir='ltr'><strong>Adierunt</strong></span> <span class='ocrx_word' id='word_1_522' title='bbox 3208 3498 3375 3555; x_wconf 71' lang='lat' dir='ltr'><strong>Serhl.</strong></span> <span class='ocrx_word' id='word_1_523' title='bbox 3414 3498 3460 3536; x_wconf 80' lang='grc' dir='ltr'><strong>ιο</strong></span> <span class='ocrx_word' id='word_1_524' title='bbox 3506 3500 3782 3569; x_wconf 82' lang='lat' dir='ltr'><strong>Reputare</strong></span> 
     </span>
    </p>
   </div>
   <div class='ocr_carea' id='block_1_63' title="bbox 506 3568 3783 3644">
    <p class='ocr_par' dir='ltr' id='par_1_63' title="bbox 506 3568 3783 3644">
     <span class='ocr_line' id='line_1_63' title="bbox 506 3568 3783 3644; baseline 0 -19"><span class='ocrx_word' id='word_1_525' title='bbox 506 3571 693 3625; x_wconf 80' lang='lat' dir='ltr'><strong>Venet.</strong></span> <span class='ocrx_word' id='word_1_526' title='bbox 726 3571 841 3639; x_wconf 67' lang='grc' dir='ltr'><strong>Βία.</strong></span> <span class='ocrx_word' id='word_1_527' title='bbox 890 3569 933 3605; x_wconf 71' lang='grc' dir='ltr'><strong><em>ιι</em></strong></span> <span class='ocrx_word' id='word_1_528' title='bbox 967 3568 1074 3623; x_wconf 89' lang='lat' dir='ltr'><strong>Vos</strong></span> <span class='ocrx_word' id='word_1_529' title='bbox 1114 3568 1297 3627; x_wconf 81' lang='lat' dir='ltr'><strong>Venet.</strong></span> <span class='ocrx_word' id='word_1_530' title='bbox 1342 3570 1388 3607; x_wconf 71' lang='lat'><strong>1?-</strong></span> <span class='ocrx_word' id='word_1_531' title='bbox 1430 3570 1553 3624; x_wconf 87' lang='lat' dir='ltr'><strong>Non</strong></span> <span class='ocrx_word' id='word_1_532' title='bbox 1591 3569 1895 3626; x_wconf 80' lang='lat' dir='ltr'><strong>delendum</strong></span> <span class='ocrx_word' id='word_1_533' title='bbox 1924 3588 2073 3628; x_wconf 86' lang='lat' dir='ltr'><strong>cens.</strong></span> <span class='ocrx_word' id='word_1_534' title='bbox 2129 3572 2296 3629; x_wconf 88' lang='lat' dir='ltr'><strong>Seml.</strong></span> <span class='ocrx_word' id='word_1_535' title='bbox 2331 3576 2386 3627; x_wconf 91' lang='lat' dir='ltr'><strong>et</strong></span> <span class='ocrx_word' id='word_1_536' title='bbox 2418 3577 2545 3644; x_wconf 86' lang='lat' dir='ltr'><strong>post</strong></span> <span class='ocrx_word' id='word_1_537' title='bbox 2593 3581 2775 3628; x_wconf 89' lang='lat' dir='ltr'><strong>tenent</strong></span> <span class='ocrx_word' id='word_1_538' title='bbox 2816 3570 3107 3643; x_wconf 80' lang='lat' dir='ltr'><strong>legendum</strong></span> <span class='ocrx_word' id='word_1_539' title='bbox 3143 3577 3197 3624; x_wconf 90' lang='lat' dir='ltr'><strong>et</strong></span> <span class='ocrx_word' id='word_1_540' title='bbox 3245 3570 3485 3625; x_wconf 90' lang='lat' dir='ltr'><strong>nondum</strong></span> <span class='ocrx_word' id='word_1_541' title='bbox 3534 3568 3783 3628; x_wconf 81' lang='lat' dir='ltr'><strong>credunt.</strong></span> 
     </span>
    </p>
   </div>
   <div class='ocr_carea' id='block_1_64' title="bbox 1904 3668 2405 3733">
    <p class='ocr_par' dir='ltr' id='par_1_64' title="bbox 1904 3668 2405 3733">
     <span class='ocr_line' id='line_1_64' title="bbox 1904 3668 2405 3733; baseline 0 -2"><span class='ocrx_word' id='word_1_542' title='bbox 1904 3668 2405 3733; x_wconf 88' lang='lat' dir='ltr'><strong>Commentarius.</strong></span> 
     </span>
    </p>
   </div>
   <div class='ocr_carea' id='block_1_65' title="bbox 552 3771 3785 3875">
    <p class='ocr_par' dir='ltr' id='par_1_65' title="bbox 552 3771 3785 3875">
     <span class='ocr_line' id='line_1_65' title="bbox 552 3771 3785 3875; baseline 0.001 -50"><span class='ocrx_word' id='word_1_543' title='bbox 552 3771 922 3875; x_wconf 35' lang='lat'><strong>(552}???</strong></span> <span class='ocrx_word' id='word_1_544' title='bbox 973 3771 1033 3875; x_wconf 88' lang='lat' dir='ltr'><strong>lin</strong></span> <span class='ocrx_word' id='word_1_545' title='bbox 1088 3771 1183 3825; x_wconf 90' lang='lat' dir='ltr'><strong>lib.</strong></span> <span class='ocrx_word' id='word_1_546' title='bbox 1225 3771 1292 3875; x_wconf 55' lang='lat' dir='ltr'><strong>de</strong></span> <span class='ocrx_word' id='word_1_547' title='bbox 1360 3773 1505 3875; x_wconf 66' lang='lat' dir='ltr'><strong>Virg.</strong></span> <span class='ocrx_word' id='word_1_548' title='bbox 1542 3772 1824 3875; x_wconf 44' lang='lat' dir='ltr'><strong>gelaz‘idiis,</strong></span> <span class='ocrx_word' id='word_1_549' title='bbox 1876 3788 1996 3844; x_wconf 90' lang='lat' dir='ltr'><strong>cap.</strong></span> <span class='ocrx_word' id='word_1_550' title='bbox 2120 3796 2165 3875; x_wconf 62' lang='grc' dir='ltr'>α</span> <span class='ocrx_word' id='word_1_551' title='bbox 2196 3774 2250 3875; x_wconf 75' lang='lat' dir='ltr'><strong>in</strong></span> <span class='ocrx_word' id='word_1_552' title='bbox 2282 3774 2510 3875; x_wconf 62' lang='lat' dir='ltr'><strong>inferno,</strong></span> <span class='ocrx_word' id='word_1_553' title='bbox 2542 3774 2638 3875; x_wconf 76' lang='lat' dir='ltr'><strong>sed</strong></span> <span class='ocrx_word' id='word_1_554' title='bbox 2669 3791 2768 3845; x_wconf 92' lang='lat' dir='ltr'><strong>per</strong></span> <span class='ocrx_word' id='word_1_555' title='bbox 2804 3774 2960 3875; x_wconf 44' lang='lat' dir='ltr'><strong>illgm‘</strong></span> <span class='ocrx_word' id='word_1_556' title='bbox 2990 3772 3328 3875; x_wconf 61' lang='lat' dir='ltr'><strong>designatum</strong></span> <span class='ocrx_word' id='word_1_557' title='bbox 3370 3788 3490 3829; x_wconf 87' lang='lat' dir='ltr'><strong>esse</strong></span> <span class='ocrx_word' id='word_1_558' title='bbox 3525 3773 3785 3875; x_wconf 69' lang='lat' dir='ltr'><strong>miserum</strong></span> 
     </span>
    </p>
   </div>
   <div class='ocr_carea' id='block_1_66' title="bbox 495 3842 3785 3925">
    <p class='ocr_par' dir='ltr' id='par_1_66' title="bbox 495 3842 3785 3925">
     <span class='ocr_line' id='line_1_66' title="bbox 495 3842 3785 3925; baseline 0.001 -30"><span class='ocrx_word' id='word_1_559' title='bbox 495 3842 618 3925; x_wconf 66' lang='lat' dir='ltr'><strong>alia</strong></span> <span class='ocrx_word' id='word_1_560' title='bbox 653 3842 779 3897; x_wconf 84' lang='lat' dir='ltr'><strong>ﬁdei</strong></span> <span class='ocrx_word' id='word_1_561' title='bbox 832 3844 1042 3925; x_wconf 69' lang='lat' dir='ltr'><strong>regula,</strong></span> <span class='ocrx_word' id='word_1_562' title='bbox 1091 3858 1184 3925; x_wconf 75' lang='lat' dir='ltr'><strong>seu</strong></span> <span class='ocrx_word' id='word_1_563' title='bbox 1240 3842 1492 3925; x_wconf 77' lang='lat' dir='ltr'><strong>formula,</strong></span> <span class='ocrx_word' id='word_1_564' title='bbox 1542 3843 1857 3925; x_wconf 78' lang='lat' dir='ltr'><strong>Symbolum</strong></span> <span class='ocrx_word' id='word_1_565' title='bbox 1885 3889 1909 3925; x_wconf 37' lang='lat'><strong>,.</strong></span> <span class='ocrx_word' id='word_1_566' title='bbox 1940 3842 2085 3916; x_wconf 81' lang='lat' dir='ltr'><strong>quod</strong></span> <span class='ocrx_word' id='word_1_567' title='bbox 2121 3842 2165 3875; x_wconf 83' lang='lat'><strong>&quot;</strong></span> <span class='ocrx_word' id='word_1_568' title='bbox 2198 3855 2393 3925; x_wconf 81' lang='lat' dir='ltr'><strong>statum</strong></span> <span class='ocrx_word' id='word_1_569' title='bbox 2425 3842 2966 3925; x_wconf 69' lang='lat' dir='ltr'><strong>damnatorumSed</strong></span> <span class='ocrx_word' id='word_1_570' title='bbox 3005 3842 3146 3925; x_wconf 77' lang='lat' dir='ltr'><strong>certe</strong></span> <span class='ocrx_word' id='word_1_571' title='bbox 3175 3846 3259 3925; x_wconf 2' lang='lat' dir='ltr'><strong>(ita</strong></span> <span class='ocrx_word' id='word_1_572' title='bbox 3300 3845 3555 3925; x_wconf 77' lang='lat' dir='ltr'><strong>frequens</strong></span> <span class='ocrx_word' id='word_1_573' title='bbox 3585 3843 3785 3925; x_wconf 79' lang='lat' dir='ltr'><strong>mentio</strong></span> 
     </span>
    </p>
   </div>
   <div class='ocr_carea' id='block_1_67' title="bbox 497 3913 2086 3985">
    <p class='ocr_par' dir='ltr' id='par_1_67' title="bbox 497 3913 2086 3985">
     <span class='ocr_line' id='line_1_67' title="bbox 497 3913 2086 3985; baseline 0.002 -18"><span class='ocrx_word' id='word_1_574' title='bbox 497 3913 691 3969; x_wconf 89' lang='lat' dir='ltr'><strong>dicitur</strong></span> <span class='ocrx_word' id='word_1_575' title='bbox 732 3913 1110 3983; x_wconf 87' lang='lat' dir='ltr'><strong>apostolicum,</strong></span> <span class='ocrx_word' id='word_1_576' title='bbox 1154 3914 1264 3969; x_wconf 89' lang='lat' dir='ltr'><strong>fere</strong></span> <span class='ocrx_word' id='word_1_577' title='bbox 1303 3913 1493 3969; x_wconf 89' lang='lat' dir='ltr'><strong>iisdem</strong></span> <span class='ocrx_word' id='word_1_578' title='bbox 1539 3915 1717 3971; x_wconf 87' lang='lat' dir='ltr'><strong>verbis</strong></span> <span class='ocrx_word' id='word_1_579' title='bbox 1761 3913 2086 3985; x_wconf 78' lang='lat' dir='ltr'><strong>exprimens.</strong></span> 
     </span>
    </p>
   </div>
   <div class='ocr_carea' id='block_1_68' title="bbox 1733 3987 1946 4044">
    <p class='ocr_par' dir='ltr' id='par_1_68' title="bbox 1733 3987 1946 4044">
     <span class='ocr_line' id='line_1_68' title="bbox 1733 3987 1946 4044; baseline 0.009 -3"><span class='ocrx_word' id='word_1_580' title='bbox 1733 3987 1946 4044; x_wconf 75' lang='lat' dir='ltr'><strong>Roma.</strong></span> 
     </span>
    </p>
   </div>
   <div class='ocr_carea' id='block_1_69' title="bbox 570 4055 2089 4128">
    <p class='ocr_par' dir='ltr' id='par_1_69' title="bbox 570 4055 2089 4128">
     <span class='ocr_line' id='line_1_69' title="bbox 570 4055 2089 4128; baseline 0.001 -18"><span class='ocrx_word' id='word_1_581' title='bbox 570 4056 682 4128; x_wconf 80' lang='lat'><strong>(56)</strong></span> <span class='ocrx_word' id='word_1_582' title='bbox 738 4056 925 4126; x_wconf 85' lang='lat' dir='ltr'><strong>Egisse</strong></span> <span class='ocrx_word' id='word_1_583' title='bbox 993 4056 1198 4128; x_wconf 73' lang='lat' dir='ltr'><strong>Iesum</strong></span> <span class='ocrx_word' id='word_1_584' title='bbox 1249 4055 1556 4128; x_wconf 75' lang='lat' dir='ltr'><strong>Christum.</strong></span> <span class='ocrx_word' id='word_1_585' title='bbox 1619 4057 1733 4112; x_wconf 85' lang='lat' dir='ltr'><strong>Hoc</strong></span> <span class='ocrx_word' id='word_1_586' title='bbox 1801 4066 1904 4118; x_wconf 87' lang='lat' dir='ltr'><strong>est.</strong></span> <span class='ocrx_word' id='word_1_587' title='bbox 1973 4073 2089 4112; x_wconf 87' lang='lat' dir='ltr'><strong>eam</strong></span> 
     </span>
    </p>
   </div>
   <div class='ocr_carea' id='block_1_70' title="bbox 497 4126 2091 4201">
    <p class='ocr_par' dir='ltr' id='par_1_70' title="bbox 497 4126 2091 4201">
     <span class='ocr_line' id='line_1_70' title="bbox 497 4126 2091 4201; baseline 0.002 -21"><span class='ocrx_word' id='word_1_588' title='bbox 497 4126 731 4201; x_wconf 84' lang='lat' dir='ltr'><strong>hominis</strong></span> <span class='ocrx_word' id='word_1_589' title='bbox 764 4141 1060 4201; x_wconf 75' lang='lat' dir='ltr'><strong>personam</strong></span> <span class='ocrx_word' id='word_1_590' title='bbox 1111 4126 1697 4201; x_wconf 82' lang='lat' dir='ltr'><strong>induisse,_omniaque</strong></span> <span class='ocrx_word' id='word_1_591' title='bbox 1744 4128 1924 4201; x_wconf 87' lang='lat' dir='ltr'><strong>egisse</strong></span> <span class='ocrx_word' id='word_1_592' title='bbox 1970 4144 2091 4199; x_wconf 64' lang='lat' dir='ltr'><strong>quae</strong></span> 
     </span>
    </p>
   </div>
   <div class='ocr_carea' id='block_1_71' title="bbox 498 4196 1677 4267">
    <p class='ocr_par' dir='ltr' id='par_1_71' title="bbox 498 4196 1677 4267">
     <span class='ocr_line' id='line_1_71' title="bbox 498 4196 1677 4267; baseline 0.001 -14"><span class='ocrx_word' id='word_1_593' title='bbox 498 4198 566 4253; x_wconf 91' lang='lat' dir='ltr'><strong>de</strong></span> <span class='ocrx_word' id='word_1_594' title='bbox 591 4198 720 4254; x_wconf 84' lang='lat' dir='ltr'><strong>Jesu</strong></span> <span class='ocrx_word' id='word_1_595' title='bbox 750 4198 958 4253; x_wconf 87' lang='lat' dir='ltr'><strong>Christo</strong></span> <span class='ocrx_word' id='word_1_596' title='bbox 989 4196 1201 4251; x_wconf 85' lang='lat' dir='ltr'><strong>fuerant</strong></span> <span class='ocrx_word' id='word_1_597' title='bbox 1230 4197 1507 4267; x_wconf 84' lang='lat' dir='ltr'><strong>praedicta.</strong></span> <span class='ocrx_word' id='word_1_598' title='bbox 1551 4200 1677 4254; x_wconf 76' lang='lat' dir='ltr'><strong>Rm.</strong></span> 
     </span>
    </p>
   </div>
   <div class='ocr_carea' id='block_1_72' title="bbox 569 4268 2091 4341">
    <p class='ocr_par' dir='ltr' id='par_1_72' title="bbox 569 4268 2091 4341">
     <span class='ocr_line' id='line_1_72' title="bbox 569 4268 2091 4341; baseline -0.001 -17"><span class='ocrx_word' id='word_1_599' title='bbox 569 4271 681 4341; x_wconf 81' lang='lat'><strong>(5&#39;7)</strong></span> <span class='ocrx_word' id='word_1_600' title='bbox 731 4269 961 4341; x_wconf 13' lang='lat' dir='ltr'><strong>Sedissei</strong></span> <span class='ocrx_word' id='word_1_601' title='bbox 999 4268 1071 4323; x_wconf 91' lang='lat' dir='ltr'><strong>ad</strong></span> <span class='ocrx_word' id='word_1_602' title='bbox 1119 4268 1412 4325; x_wconf 74' lang='lat' dir='ltr'><strong>dexteram</strong></span> <span class='ocrx_word' id='word_1_603' title='bbox 1465 4271 1674 4341; x_wconf 74' lang='lat' dir='ltr'><strong>Patris.</strong></span> <span class='ocrx_word' id='word_1_604' title='bbox 1728 4290 1757 4341; x_wconf 58' lang='grc' dir='ltr'><strong>ιξ</strong></span> <span class='ocrx_word' id='word_1_605' title='bbox 1813 4270 1924 4324; x_wconf 90' lang='lat' dir='ltr'><strong>Nec</strong></span> <span class='ocrx_word' id='word_1_606' title='bbox 1966 4268 2091 4323; x_wconf 93' lang='lat' dir='ltr'><strong>ideo</strong></span> 
     </span>
    </p>
   </div>
   <div class='ocr_carea' id='block_1_73' title="bbox 499 4339 2095 4412">
    <p class='ocr_par' dir='ltr' id='par_1_73' title="bbox 499 4339 2095 4412">
     <span class='ocr_line' id='line_1_73' title="bbox 499 4339 2095 4412; baseline -0.001 -17"><span class='ocrx_word' id='word_1_607' title='bbox 499 4339 679 4395; x_wconf 85' lang='lat' dir='ltr'><strong>tamen</strong></span> <span class='ocrx_word' id='word_1_608' title='bbox 728 4340 888 4412; x_wconf 86' lang='lat' dir='ltr'><strong>quasi</strong></span> <span class='ocrx_word' id='word_1_609' title='bbox 951 4340 1181 4412; x_wconf 80' lang='lat' dir='ltr'><strong>humana</strong></span> <span class='ocrx_word' id='word_1_610' title='bbox 1224 4342 1397 4412; x_wconf 86' lang='lat' dir='ltr'><strong>lorma</strong></span> <span class='ocrx_word' id='word_1_611' title='bbox 1451 4339 1915 4412; x_wconf 86' lang='lat' dir='ltr'><strong>circumscriptum</strong></span> <span class='ocrx_word' id='word_1_612' title='bbox 1961 4355 2095 4412; x_wconf 81' lang='lat' dir='ltr'><strong>esse</strong></span> 
     </span>
    </p>
   </div>
   <div class='ocr_carea' id='block_1_74' title="bbox 497 4409 2095 4481">
    <p class='ocr_par' dir='ltr' id='par_1_74' title="bbox 497 4409 2095 4481">
     <span class='ocr_line' id='line_1_74' title="bbox 497 4409 2095 4481; baseline -0.001 -15"><span class='ocrx_word' id='word_1_613' title='bbox 497 4412 667 4466; x_wconf 90' lang='lat' dir='ltr'><strong>Deum</strong></span> <span class='ocrx_word' id='word_1_614' title='bbox 719 4409 929 4465; x_wconf 76' lang='lat' dir='ltr'><strong>Patrem</strong></span> <span class='ocrx_word' id='word_1_615' title='bbox 980 4409 1350 4477; x_wconf 78' lang='lat' dir='ltr'><strong>arbitrantium</strong></span> <span class='ocrx_word' id='word_1_616' title='bbox 1390 4418 1491 4481; x_wconf 91' lang='lat' dir='ltr'><strong>est,</strong></span> <span class='ocrx_word' id='word_1_617' title='bbox 1525 4420 1582 4466; x_wconf 90' lang='lat' dir='ltr'><strong>ut</strong></span> <span class='ocrx_word' id='word_1_618' title='bbox 1631 4412 1697 4465; x_wconf 91' lang='lat' dir='ltr'><strong>de</strong></span> <span class='ocrx_word' id='word_1_619' title='bbox 1727 4411 1820 4465; x_wconf 89' lang='lat' dir='ltr'><strong>illo</strong></span> <span class='ocrx_word' id='word_1_620' title='bbox 1849 4411 2095 4481; x_wconf 82' lang='lat' dir='ltr'><strong>cegitan-</strong></span> 
     </span>
    </p>
   </div>
   <div class='ocr_carea' id='block_1_75' title="bbox 500 4480 2091 4545">
    <p class='ocr_par' dir='ltr' id='par_1_75' title="bbox 500 4480 2091 4545">
     <span class='ocr_line' id='line_1_75' title="bbox 500 4480 2091 4545; baseline -0.001 -10"><span class='ocrx_word' id='word_1_621' title='bbox 500 4482 643 4536; x_wconf 90' lang='lat' dir='ltr'><strong>tibus</strong></span> <span class='ocrx_word' id='word_1_622' title='bbox 671 4481 919 4536; x_wconf 87' lang='lat' dir='ltr'><strong>dextrum</strong></span> <span class='ocrx_word' id='word_1_623' title='bbox 949 4488 1041 4534; x_wconf 88' lang='lat' dir='ltr'><strong>aut</strong></span> <span class='ocrx_word' id='word_1_624' title='bbox 1089 4480 1361 4535; x_wconf 86' lang='lat' dir='ltr'><strong>sinistrum</strong></span> <span class='ocrx_word' id='word_1_625' title='bbox 1405 4480 1546 4535; x_wconf 91' lang='lat' dir='ltr'><strong>latus</strong></span> <span class='ocrx_word' id='word_1_626' title='bbox 1577 4483 1755 4536; x_wconf 90' lang='lat' dir='ltr'><strong>animo</strong></span> <span class='ocrx_word' id='word_1_627' title='bbox 1803 4480 2091 4545; x_wconf 77' lang='lat' dir='ltr'><strong>occurrat;</strong></span> 
     </span>
    </p>
   </div>
   <div class='ocr_carea' id='block_1_76' title="bbox 501 4551 2094 4623">
    <p class='ocr_par' dir='ltr' id='par_1_76' title="bbox 501 4551 2094 4623">
     <span class='ocr_line' id='line_1_76' title="bbox 501 4551 2094 4623; baseline -0.002 -15"><span class='ocrx_word' id='word_1_628' title='bbox 501 4561 594 4608; x_wconf 92' lang='lat' dir='ltr'><strong>aut</strong></span> <span class='ocrx_word' id='word_1_629' title='bbox 612 4552 855 4623; x_wconf 56' lang='lat' dir='ltr'><strong>,idipsum</strong></span> <span class='ocrx_word' id='word_1_630' title='bbox 897 4551 1262 4623; x_wconf 81' lang='lat' dir='ltr'><strong>quodsedere</strong></span> <span class='ocrx_word' id='word_1_631' title='bbox 1293 4552 1445 4605; x_wconf 90' lang='lat' dir='ltr'><strong>Pater</strong></span> <span class='ocrx_word' id='word_1_632' title='bbox 1492 4552 1703 4617; x_wconf 91' lang='lat' dir='ltr'><strong>dicitur,</strong></span> <span class='ocrx_word' id='word_1_633' title='bbox 1737 4552 1891 4608; x_wconf 84' lang='lat' dir='ltr'><strong>ﬂexis</strong></span> <span class='ocrx_word' id='word_1_634' title='bbox 1919 4552 2094 4623; x_wconf 90' lang='lat' dir='ltr'><strong>popli-</strong></span> 
     </span>
    </p>
   </div>
   <div class='ocr_carea' id='block_1_77' title="bbox 503 4621 2096 4693">
    <p class='ocr_par' dir='ltr' id='par_1_77' title="bbox 503 4621 2096 4693">
     <span class='ocr_line' id='line_1_77' title="bbox 503 4621 2096 4693; baseline 0 -16"><span class='ocrx_word' id='word_1_635' title='bbox 503 4625 644 4679; x_wconf 89' lang='lat' dir='ltr'><strong>tibus</strong></span> <span class='ocrx_word' id='word_1_636' title='bbox 700 4621 817 4678; x_wconf 81' lang='lat' dir='ltr'><strong>ﬁeri</strong></span> <span class='ocrx_word' id='word_1_637' title='bbox 861 4621 1158 4693; x_wconf 81' lang='lat' dir='ltr'><strong>putandum</strong></span> <span class='ocrx_word' id='word_1_638' title='bbox 1206 4632 1323 4691; x_wconf 84' lang='lat' dir='ltr'><strong>est,</strong></span> <span class='ocrx_word' id='word_1_639' title='bbox 1375 4637 1445 4676; x_wconf 90' lang='lat' dir='ltr'><strong>ne</strong></span> <span class='ocrx_word' id='word_1_640' title='bbox 1501 4623 1556 4676; x_wconf 90' lang='lat' dir='ltr'><strong>in</strong></span> <span class='ocrx_word' id='word_1_641' title='bbox 1605 4623 1738 4677; x_wconf 89' lang='lat' dir='ltr'><strong>illud</strong></span> <span class='ocrx_word' id='word_1_642' title='bbox 1792 4621 2096 4677; x_wconf 80' lang='lat' dir='ltr'><strong>incidamus</strong></span> 
     </span>
    </p>
   </div>
   <div class='ocr_carea' id='block_1_78' title="bbox 502 4693 2092 4766">
    <p class='ocr_par' dir='ltr' id='par_1_78' title="bbox 502 4693 2092 4766">
     <span class='ocr_line' id='line_1_78' title="bbox 502 4693 2092 4766; baseline 0 -17"><span class='ocrx_word' id='word_1_643' title='bbox 502 4695 869 4763; x_wconf 80' lang='lat' dir='ltr'><strong>sacrilegium,</strong></span> <span class='ocrx_word' id='word_1_644' title='bbox 919 4693 973 4747; x_wconf 92' lang='lat' dir='ltr'><strong>in</strong></span> <span class='ocrx_word' id='word_1_645' title='bbox 1023 4708 1131 4766; x_wconf 87' lang='lat' dir='ltr'><strong>quo</strong></span> <span class='ocrx_word' id='word_1_646' title='bbox 1177 4700 1484 4766; x_wconf 84' lang='lat' dir='ltr'><strong>exsecratur</strong></span> <span class='ocrx_word' id='word_1_647' title='bbox 1532 4693 1807 4766; x_wconf 79' lang='lat' dir='ltr'><strong>apostolus</strong></span> <span class='ocrx_word' id='word_1_648' title='bbox 1850 4709 1949 4766; x_wconf 84' lang='lat' dir='ltr'><strong>eos</strong></span> <span class='ocrx_word' id='word_1_649' title='bbox 1980 4694 2092 4766; x_wconf 17' lang='lat' dir='ltr'><strong>Aqui</strong></span> 
     </span>
    </p>
   </div>
   <div class='ocr_carea' id='block_1_79' title="bbox 500 4762 2097 4833">
    <p class='ocr_par' dir='ltr' id='par_1_79' title="bbox 500 4762 2097 4833">
     <span class='ocr_line' id='line_1_79' title="bbox 500 4762 2097 4833; baseline -0.002 -12"><span class='ocrx_word' id='word_1_650' title='bbox 500 4762 967 4822; x_wconf 83' lang='lat' dir='ltr'><strong>commutaverunt</strong></span> <span class='ocrx_word' id='word_1_651' title='bbox 994 4762 1216 4833; x_wconf 82' lang='lat' dir='ltr'><strong>gloriam</strong></span> <span class='ocrx_word' id='word_1_652' title='bbox 1247 4762 1676 4833; x_wconf 86' lang='lat' dir='ltr'><strong>incorruptibilis</strong></span> <span class='ocrx_word' id='word_1_653' title='bbox 1710 4764 1806 4818; x_wconf 89' lang='lat' dir='ltr'><strong>Dei</strong></span> <span class='ocrx_word' id='word_1_654' title='bbox 1846 4764 1901 4817; x_wconf 94' lang='lat' dir='ltr'><strong>in</strong></span> <span class='ocrx_word' id='word_1_655' title='bbox 1947 4762 2097 4819; x_wconf 82' lang='lat' dir='ltr'><strong>simi-</strong></span> 
     </span>
    </p>
   </div>
   <div class='ocr_carea' id='block_1_80' title="bbox 500 4833 2099 4904">
    <p class='ocr_par' dir='ltr' id='par_1_80' title="bbox 500 4833 2099 4904">
     <span class='ocr_line' id='line_1_80' title="bbox 500 4833 2099 4904; baseline -0.003 -13"><span class='ocrx_word' id='word_1_656' title='bbox 500 4836 781 4891; x_wconf 89' lang='lat' dir='ltr'><strong>litudinem</strong></span> <span class='ocrx_word' id='word_1_657' title='bbox 820 4833 1191 4904; x_wconf 89' lang='lat' dir='ltr'><strong>corruptibilis</strong></span> <span class='ocrx_word' id='word_1_658' title='bbox 1240 4834 1503 4888; x_wconf 89' lang='lat' dir='ltr'><strong>hominis.</strong></span> <span class='ocrx_word' id='word_1_659' title='bbox 1551 4836 1681 4889; x_wconf 88' lang='lat' dir='ltr'><strong>Tale</strong></span> <span class='ocrx_word' id='word_1_660' title='bbox 1712 4836 1856 4890; x_wconf 89' lang='lat' dir='ltr'><strong>enim</strong></span> <span class='ocrx_word' id='word_1_661' title='bbox 1884 4836 2099 4890; x_wconf 87' lang='lat' dir='ltr'><strong>simula-</strong></span> 
     </span>
    </p>
   </div>
   <div class='ocr_carea' id='block_1_81' title="bbox 499 4904 2093 4976">
    <p class='ocr_par' dir='ltr' id='par_1_81' title="bbox 499 4904 2093 4976">
     <span class='ocr_line' id='line_1_81' title="bbox 499 4904 2093 4976; baseline -0.001 -15"><span class='ocrx_word' id='word_1_662' title='bbox 499 4922 650 4961; x_wconf 88' lang='lat' dir='ltr'><strong>crum</strong></span> <span class='ocrx_word' id='word_1_663' title='bbox 680 4908 792 4962; x_wconf 93' lang='lat' dir='ltr'><strong>Deo</strong></span> <span class='ocrx_word' id='word_1_664' title='bbox 839 4907 991 4960; x_wconf 87' lang='lat' dir='ltr'><strong>nefas</strong></span> <span class='ocrx_word' id='word_1_665' title='bbox 1018 4916 1101 4959; x_wconf 89' lang='lat' dir='ltr'><strong>est</strong></span> <span class='ocrx_word' id='word_1_666' title='bbox 1132 4904 1439 4976; x_wconf 88' lang='lat' dir='ltr'><strong>Christiano</strong></span> <span class='ocrx_word' id='word_1_667' title='bbox 1478 4905 1531 4958; x_wconf 91' lang='lat' dir='ltr'><strong>in</strong></span> <span class='ocrx_word' id='word_1_668' title='bbox 1580 4908 1784 4976; x_wconf 80' lang='lat' dir='ltr'><strong>templo</strong></span> <span class='ocrx_word' id='word_1_669' title='bbox 1812 4906 2093 4968; x_wconf 89' lang='lat' dir='ltr'><strong>collocare,</strong></span> 
     </span>
    </p>
   </div>
   <div class='ocr_carea' id='block_1_82' title="bbox 502 4975 2097 5049">
    <p class='ocr_par' dir='ltr' id='par_1_82' title="bbox 502 4975 2097 5049">
     <span class='ocr_line' id='line_1_82' title="bbox 502 4975 2097 5049; baseline -0.001 -18"><span class='ocrx_word' id='word_1_670' title='bbox 502 4980 671 5032; x_wconf 91' lang='lat' dir='ltr'><strong>multo</strong></span> <span class='ocrx_word' id='word_1_671' title='bbox 718 4978 892 5049; x_wconf 88' lang='lat' dir='ltr'><strong>magis</strong></span> <span class='ocrx_word' id='word_1_672' title='bbox 938 4978 989 5049; x_wconf 81' lang='lat' dir='ltr'><strong>in</strong></span> <span class='ocrx_word' id='word_1_673' title='bbox 1038 4976 1198 5031; x_wconf 91' lang='lat' dir='ltr'><strong>corde</strong></span> <span class='ocrx_word' id='word_1_674' title='bbox 1242 4975 1503 5030; x_wconf 85' lang='lat' dir='ltr'><strong>nefarium</strong></span> <span class='ocrx_word' id='word_1_675' title='bbox 1560 4987 1663 5031; x_wconf 90' lang='lat' dir='ltr'><strong>est.</strong></span> <span class='ocrx_word' id='word_1_676' title='bbox 1714 4976 1914 5049; x_wconf 85' lang='lat' dir='ltr'><strong>Sedere</strong></span> <span class='ocrx_word' id='word_1_677' title='bbox 1969 4991 2097 5045; x_wconf 80' lang='lat' dir='ltr'><strong>ergo</strong></span> 
     </span>
    </p>
   </div>
   <div class='ocr_carea' id='block_1_83' title="bbox 508 5048 2096 5119">
    <p class='ocr_par' dir='ltr' id='par_1_83' title="bbox 508 5048 2096 5119">
     <span class='ocr_line' id='line_1_83' title="bbox 508 5048 2096 5119; baseline -0.002 -17"><span class='ocrx_word' id='word_1_678' title='bbox 508 5049 655 5119; x_wconf 91' lang='lat' dir='ltr'><strong>quod</strong></span> <span class='ocrx_word' id='word_1_679' title='bbox 706 5048 904 5119; x_wconf 69' lang='lat' dir='ltr'><strong>dicitur</strong></span> <span class='ocrx_word' id='word_1_680' title='bbox 961 5048 1286 5119; x_wconf 26' lang='lat' dir='ltr'><strong>Deustnon</strong></span> <span class='ocrx_word' id='word_1_681' title='bbox 1336 5050 1698 5101; x_wconf 90' lang='lat' dir='ltr'><strong>membrorum</strong></span> <span class='ocrx_word' id='word_1_682' title='bbox 1756 5048 2096 5119; x_wconf 72' lang='lat' dir='ltr'><strong>positionem,</strong></span> 
     </span>
    </p>
   </div>
   <div class='ocr_carea' id='block_1_84' title="bbox 503 5115 2093 5196">
    <p class='ocr_par' dir='ltr' id='par_1_84' title="bbox 503 5115 2093 5196">
     <span class='ocr_line' id='line_1_84' title="bbox 503 5115 2093 5196; baseline -0.002 -23"><span class='ocrx_word' id='word_1_683' title='bbox 503 5115 599 5173; x_wconf 73' lang='lat' dir='ltr'><strong>sed</strong></span> <span class='ocrx_word' id='word_1_684' title='bbox 624 5118 963 5196; x_wconf 86' lang='lat' dir='ltr'><strong>judiciariam</strong></span> <span class='ocrx_word' id='word_1_685' title='bbox 1002 5115 1281 5196; x_wconf 80' lang='lat' dir='ltr'><strong>_signiticat</strong></span> <span class='ocrx_word' id='word_1_686' title='bbox 1321 5126 1663 5196; x_wconf 74' lang='lat' dir='ltr'><strong>potestatem.</strong></span> <span class='ocrx_word' id='word_1_687' title='bbox 1695 5115 2093 5196; x_wconf 57' lang='lat' dir='ltr'><strong>Addexteram</strong></span> 
     </span>
    </p>
   </div>
   <div class='ocr_carea' id='block_1_85' title="bbox 2198 3915 3784 3987">
    <p class='ocr_par' dir='ltr' id='par_1_85' title="bbox 2198 3915 3784 3987">
     <span class='ocr_line' id='line_1_85' title="bbox 2198 3915 3784 3987; baseline -0.003 -15"><span class='ocrx_word' id='word_1_688' title='bbox 2198 3927 2281 3972; x_wconf 91' lang='lat' dir='ltr'><strong>est</strong></span> <span class='ocrx_word' id='word_1_689' title='bbox 2327 3918 2379 3987; x_wconf 89' lang='lat' dir='ltr'><strong>in</strong></span> <span class='ocrx_word' id='word_1_690' title='bbox 2430 3916 2708 3987; x_wconf 90' lang='lat' dir='ltr'><strong>Scriptura</strong></span> <span class='ocrx_word' id='word_1_691' title='bbox 2748 3916 2908 3986; x_wconf 89' lang='lat' dir='ltr'><strong>hujus</strong></span> <span class='ocrx_word' id='word_1_692' title='bbox 2954 3916 3093 3986; x_wconf 85' lang='lat' dir='ltr'><strong>ignis</strong></span> <span class='ocrx_word' id='word_1_693' title='bbox 3131 3923 3189 3969; x_wconf 93' lang='lat' dir='ltr'><strong>ut</strong></span> <span class='ocrx_word' id='word_1_694' title='bbox 3239 3915 3540 3971; x_wconf 84' lang='lat' dir='ltr'><strong>necessario</strong></span> <span class='ocrx_word' id='word_1_695' title='bbox 3586 3916 3784 3970; x_wconf 89' lang='lat' dir='ltr'><strong>debea-</strong></span> 
     </span>
    </p>
   </div>
   <div class='ocr_carea' id='block_1_86' title="bbox 2200 3986 3367 4058">
    <p class='ocr_par' dir='ltr' id='par_1_86' title="bbox 2200 3986 3367 4058">
     <span class='ocr_line' id='line_1_86' title="bbox 2200 3986 3367 4058; baseline -0.001 -16"><span class='ocrx_word' id='word_1_696' title='bbox 2200 4004 2318 4042; x_wconf 93' lang='lat' dir='ltr'><strong>mus</strong></span> <span class='ocrx_word' id='word_1_697' title='bbox 2348 3986 2501 4042; x_wconf 79' lang='lat' dir='ltr'><strong>fateri</strong></span> <span class='ocrx_word' id='word_1_698' title='bbox 2534 3986 2713 4058; x_wconf 79' lang='lat' dir='ltr'><strong>ignem</strong></span> <span class='ocrx_word' id='word_1_699' title='bbox 2740 4003 2863 4043; x_wconf 80' lang='lat' dir='ltr'><strong>esse</strong></span> <span class='ocrx_word' id='word_1_700' title='bbox 2893 3987 2945 4041; x_wconf 91' lang='lat' dir='ltr'><strong>in</strong></span> <span class='ocrx_word' id='word_1_701' title='bbox 2974 3988 3203 4041; x_wconf 88' lang='lat' dir='ltr'><strong>inferno.</strong></span> <span class='ocrx_word' id='word_1_702' title='bbox 3236 3988 3367 4042; x_wconf 77' lang='grc' dir='ltr'><strong>Ι.Αο.</strong></span> 
     </span>
    </p>
   </div>
   <div class='ocr_carea' id='block_1_87' title="bbox 2270 4055 3787 4131">
    <p class='ocr_par' dir='ltr' id='par_1_87' title="bbox 2270 4055 3787 4131">
     <span class='ocr_line' id='line_1_87' title="bbox 2270 4055 3787 4131; baseline -0.001 -20"><span class='ocrx_word' id='word_1_703' title='bbox 2270 4058 2385 4131; x_wconf 83' lang='grc'>(59)</span> <span class='ocrx_word' id='word_1_704' title='bbox 2425 4055 2718 4131; x_wconf 66' lang='lat' dir='ltr'><strong>Utriusque</strong></span> <span class='ocrx_word' id='word_1_705' title='bbox 2759 4061 2946 4130; x_wconf 85' lang='lat' dir='ltr'><strong>partis</strong></span> <span class='ocrx_word' id='word_1_706' title='bbox 2992 4059 3443 4115; x_wconf 79' lang='lat' dir='ltr'><strong>resuscitatzone.</strong></span> <span class='ocrx_word' id='word_1_707' title='bbox 3489 4055 3704 4111; x_wconf 90' lang='lat' dir='ltr'><strong>Piorum</strong></span> <span class='ocrx_word' id='word_1_708' title='bbox 3734 4063 3787 4109; x_wconf 93' lang='lat' dir='ltr'><strong>et</strong></span> 
     </span>
    </p>
   </div>
   <div class='ocr_carea' id='block_1_88' title="bbox 2198 4129 2659 4201">
    <p class='ocr_par' dir='ltr' id='par_1_88' title="bbox 2198 4129 2659 4201">
     <span class='ocr_line' id='line_1_88' title="bbox 2198 4129 2659 4201; baseline 0 -18"><span class='ocrx_word' id='word_1_709' title='bbox 2198 4129 2506 4201; x_wconf 91' lang='lat' dir='ltr'><strong>impiorum.</strong></span> <span class='ocrx_word' id='word_1_710' title='bbox 2541 4129 2659 4185; x_wconf 78' lang='lat' dir='ltr'><strong>th.</strong></span> 
     </span>
    </p>
   </div>
   <div class='ocr_carea' id='block_1_89' title="bbox 2270 4198 3784 4281">
    <p class='ocr_par' dir='ltr' id='par_1_89' title="bbox 2270 4198 3784 4281">
     <span class='ocr_line' id='line_1_89' title="bbox 2270 4198 3784 4281; baseline -0.002 -28"><span class='ocrx_word' id='word_1_711' title='bbox 2270 4198 2386 4281; x_wconf 79' lang='grc'>(60)</span> <span class='ocrx_word' id='word_1_712' title='bbox 2436 4203 2638 4281; x_wconf 76' lang='lat' dir='ltr'><strong>Doctor</strong></span> <span class='ocrx_word' id='word_1_713' title='bbox 2678 4200 2875 4281; x_wconf 70' lang='lat' dir='ltr'><strong>gratia</strong></span> <span class='ocrx_word' id='word_1_714' title='bbox 2921 4202 3208 4281; x_wconf 74' lang='lat' dir='ltr'><strong>scientiw__</strong></span> <span class='ocrx_word' id='word_1_715' title='bbox 3224 4199 3485 4281; x_wconf 34' lang='lat' dir='ltr'><strong>dona-tus.</strong></span> <span class='ocrx_word' id='word_1_716' title='bbox 3534 4198 3784 4281; x_wconf 58' lang='lat' dir='ltr'><strong>hlotatum</strong></span> 
     </span>
    </p>
   </div>
   <div class='ocr_carea' id='block_1_90' title="bbox 2200 4266 3788 4345">
    <p class='ocr_par' dir='ltr' id='par_1_90' title="bbox 2200 4266 3788 4345">
     <span class='ocr_line' id='line_1_90' title="bbox 2200 4266 3788 4345; baseline -0.004 -20"><span class='ocrx_word' id='word_1_717' title='bbox 2200 4266 2328 4345; x_wconf 76' lang='lat' dir='ltr'><strong>viris</strong></span> <span class='ocrx_word' id='word_1_718' title='bbox 2358 4266 2527 4326; x_wconf 84' lang='lat' dir='ltr'><strong>doctis</strong></span> <span class='ocrx_word' id='word_1_719' title='bbox 2565 4266 2833 4345; x_wconf 64' lang='lat' dir='ltr'><strong>duplicem</strong></span> <span class='ocrx_word' id='word_1_720' title='bbox 2867 4285 2931 4325; x_wconf 91' lang='lat' dir='ltr'><strong>eo</strong></span> <span class='ocrx_word' id='word_1_721' title='bbox 2960 4270 3078 4325; x_wconf 91' lang='lat' dir='ltr'><strong>loco</strong></span> <span class='ocrx_word' id='word_1_722' title='bbox 3107 4286 3139 4324; x_wconf 90' lang='lat' dir='ltr'><strong>a</strong></span> <span class='ocrx_word' id='word_1_723' title='bbox 3167 4270 3499 4345; x_wconf 75' lang='lat' dir='ltr'><strong>Tertulliano</strong></span> <span class='ocrx_word' id='word_1_724' title='bbox 3530 4266 3788 4345; x_wconf 74' lang='lat' dir='ltr'><strong>distingui</strong></span> 
     </span>
    </p>
   </div>
   <div class='ocr_carea' id='block_1_91' title="bbox 2201 4337 3791 4408">
    <p class='ocr_par' dir='ltr' id='par_1_91' title="bbox 2201 4337 3791 4408">
     <span class='ocr_line' id='line_1_91' title="bbox 2201 4337 3791 4408; baseline -0.004 -13"><span class='ocrx_word' id='word_1_725' title='bbox 2201 4343 2482 4397; x_wconf 89' lang='lat' dir='ltr'><strong>doctorum</strong></span> <span class='ocrx_word' id='word_1_726' title='bbox 2560 4337 2826 4406; x_wconf 89' lang='lat' dir='ltr'><strong>ordinem,</strong></span> <span class='ocrx_word' id='word_1_727' title='bbox 2886 4357 3049 4395; x_wconf 91' lang='lat' dir='ltr'><strong>unum</strong></span> <span class='ocrx_word' id='word_1_728' title='bbox 3097 4355 3301 4403; x_wconf 88' lang='lat' dir='ltr'><strong>eorum,</strong></span> <span class='ocrx_word' id='word_1_729' title='bbox 3380 4340 3499 4408; x_wconf 92' lang='lat' dir='ltr'><strong>qni.</strong></span> <span class='ocrx_word' id='word_1_730' title='bbox 3565 4337 3791 4408; x_wconf 82' lang='lat' dir='ltr'><strong>scientia</strong></span> 
     </span>
    </p>
   </div>
   <div class='ocr_carea' id='block_1_92' title="bbox 2201 4407 3789 4491">
    <p class='ocr_par' dir='ltr' id='par_1_92' title="bbox 2201 4407 3789 4491">
     <span class='ocr_line' id='line_1_92' title="bbox 2201 4407 3789 4491; baseline -0.003 -26"><span class='ocrx_word' id='word_1_731' title='bbox 2201 4412 2415 4491; x_wconf 66' lang='lat' dir='ltr'><strong>calitus</strong></span> <span class='ocrx_word' id='word_1_732' title='bbox 2478 4413 2742 4491; x_wconf 39' lang='lat' dir='ltr'><strong>demissa.</strong></span> <span class='ocrx_word' id='word_1_733' title='bbox 2782 4412 3064 4491; x_wconf 34' lang='lat' dir='ltr'><strong>gaudenti.</strong></span> <span class='ocrx_word' id='word_1_734' title='bbox 3093 4412 3335 4490; x_wconf 42' lang='lat' dir='ltr'><strong>.alterum</strong></span> <span class='ocrx_word' id='word_1_735' title='bbox 3399 4407 3618 4491; x_wconf 78' lang='lat' dir='ltr'><strong>eorum,</strong></span> <span class='ocrx_word' id='word_1_736' title='bbox 3660 4407 3789 4491; x_wconf 70' lang='lat' dir='ltr'><strong>qui</strong></span> 
     </span>
    </p>
   </div>
   <div class='ocr_carea' id='block_1_93' title="bbox 2203 4477 3790 4548">
    <p class='ocr_par' dir='ltr' id='par_1_93' title="bbox 2203 4477 3790 4548">
     <span class='ocr_line' id='line_1_93' title="bbox 2203 4477 3790 4548; baseline -0.003 -12"><span class='ocrx_word' id='word_1_737' title='bbox 2203 4484 2499 4538; x_wconf 89' lang='lat' dir='ltr'><strong>litterarum</strong></span> <span class='ocrx_word' id='word_1_738' title='bbox 2530 4477 2954 4539; x_wconf 70' lang='lat' dir='ltr'><strong>exercitio&quot;illam</strong></span> <span class='ocrx_word' id='word_1_739' title='bbox 3002 4477 3104 4533; x_wconf 83' lang='lat' dir='ltr'><strong>sibi</strong></span> <span class='ocrx_word' id='word_1_740' title='bbox 3136 4488 3469 4548; x_wconf 80' lang='lat' dir='ltr'><strong>comparant.</strong></span> <span class='ocrx_word' id='word_1_741' title='bbox 3500 4477 3790 4532; x_wconf 84' lang='lat' dir='ltr'><strong>Adnotatio</strong></span> 
     </span>
    </p>
   </div>
   <div class='ocr_carea' id='block_1_94' title="bbox 2204 4553 2980 4609">
    <p class='ocr_par' dir='ltr' id='par_1_94' title="bbox 2204 4553 2980 4609">
     <span class='ocr_line' id='line_1_94' title="bbox 2204 4553 2980 4609; baseline -0.006 -2"><span class='ocrx_word' id='word_1_742' title='bbox 2204 4555 2269 4608; x_wconf 92' lang='lat' dir='ltr'><strong>ad</strong></span> <span class='ocrx_word' id='word_1_743' title='bbox 2299 4556 2575 4609; x_wconf 70' lang='lat' dir='ltr'><strong>Tuomsu</strong></span> <span class='ocrx_word' id='word_1_744' title='bbox 2606 4556 2734 4609; x_wconf 89' lang='lat' dir='ltr'><strong>edit.</strong></span> <span class='ocrx_word' id='word_1_745' title='bbox 2765 4553 2980 4605; x_wconf 70' lang='lat' dir='ltr'><strong>Eoum.</strong></span> 
     </span>
    </p>
   </div>
   <div class='ocr_carea' id='block_1_95' title="bbox 2276 4620 3784 4696">
    <p class='ocr_par' dir='ltr' id='par_1_95' title="bbox 2276 4620 3784 4696">
     <span class='ocr_line' id='line_1_95' title="bbox 2276 4620 3784 4696; baseline -0.006 -16"><span class='ocrx_word' id='word_1_746' title='bbox 2276 4626 2387 4694; x_wconf 86' lang='grc'>(61)</span> <span class='ocrx_word' id='word_1_747' title='bbox 2438 4627 2627 4696; x_wconf 84' lang='lat' dir='ltr'><strong>Aliqui</strong></span> <span class='ocrx_word' id='word_1_748' title='bbox 2677 4628 2882 4696; x_wconf 87' lang='lat' dir='ltr'><strong>tecum,</strong></span> <span class='ocrx_word' id='word_1_749' title='bbox 2929 4620 3201 4675; x_wconf 80' lang='lat' dir='ltr'><strong>curiosius</strong></span> <span class='ocrx_word' id='word_1_750' title='bbox 3245 4624 3455 4696; x_wconf 81' lang='lat' dir='ltr'><strong>tamen,</strong></span> <span class='ocrx_word' id='word_1_751' title='bbox 3508 4636 3784 4690; x_wconf 67' lang='lat' dir='ltr'><strong>quaerens.</strong></span> 
     </span>
    </p>
   </div>
   <div class='ocr_carea' id='block_1_96' title="bbox 2203 4690 3790 4769">
    <p class='ocr_par' dir='ltr' id='par_1_96' title="bbox 2203 4690 3790 4769">
     <span class='ocr_line' id='line_1_96' title="bbox 2203 4690 3790 4769; baseline -0.006 -18"><span class='ocrx_word' id='word_1_752' title='bbox 2203 4690 2379 4768; x_wconf 82' lang='lat' dir='ltr'><strong>Vulgo</strong></span> <span class='ocrx_word' id='word_1_753' title='bbox 2428 4690 2621 4769; x_wconf 74' lang='lat' dir='ltr'><strong>legitur</strong></span> <span class='ocrx_word' id='word_1_754' title='bbox 2679 4694 2973 4769; x_wconf 85' lang='lat' dir='ltr'><strong>c_uriosu._s,_</strong></span> <span class='ocrx_word' id='word_1_755' title='bbox 3006 4698 3073 4769; x_wconf 83' lang='lat' dir='ltr'><strong>et_</strong></span> <span class='ocrx_word' id='word_1_756' title='bbox 3107 4690 3363 4759; x_wconf 87' lang='lat' dir='ltr'><strong>repetitur</strong></span> <span class='ocrx_word' id='word_1_757' title='bbox 3415 4697 3601 4769; x_wconf 79' lang='lat' dir='ltr'><strong>tecum</strong></span> <span class='ocrx_word' id='word_1_758' title='bbox 3667 4698 3790 4743; x_wconf 88' lang='lat' dir='ltr'><strong>ante</strong></span> 
     </span>
    </p>
   </div>
   <div class='ocr_carea' id='block_1_97' title="bbox 2206 4761 3791 4832">
    <p class='ocr_par' dir='ltr' id='par_1_97' title="bbox 2206 4761 3791 4832">
     <span class='ocr_line' id='line_1_97' title="bbox 2206 4761 3791 4832; baseline -0.006 -10"><span class='ocrx_word' id='word_1_759' title='bbox 2206 4761 2436 4832; x_wconf 70' lang='lat' dir='ltr'><strong>tanien,-</strong></span> <span class='ocrx_word' id='word_1_760' title='bbox 2468 4761 2568 4818; x_wconf 70' lang='lat' dir='ltr'><strong>lioc</strong></span> <span class='ocrx_word' id='word_1_761' title='bbox 2598 4763 2757 4817; x_wconf 93' lang='lat' dir='ltr'><strong>modo</strong></span> <span class='ocrx_word' id='word_1_762' title='bbox 2792 4775 2804 4815; x_wconf 91' lang='lat'>:</span> <span class='ocrx_word' id='word_1_763' title='bbox 2844 4781 2867 4811; x_wconf 75' lang='grc' dir='ltr'>ι</span> <span class='ocrx_word' id='word_1_764' title='bbox 2892 4761 3077 4831; x_wconf 82' lang='lat' dir='ltr'><strong>Aliqui</strong></span> <span class='ocrx_word' id='word_1_765' title='bbox 3116 4768 3291 4816; x_wconf 90' lang='lat' dir='ltr'><strong>tecum</strong></span> <span class='ocrx_word' id='word_1_766' title='bbox 3321 4763 3587 4825; x_wconf 86' lang='lat' dir='ltr'><strong>curiosus,</strong></span> <span class='ocrx_word' id='word_1_767' title='bbox 3614 4769 3791 4832; x_wconf 86' lang='lat' dir='ltr'><strong>tecum</strong></span> 
     </span>
    </p>
   </div>
   <div class='ocr_carea' id='block_1_98' title="bbox 2206 4830 3793 4905">
    <p class='ocr_par' dir='ltr' id='par_1_98' title="bbox 2206 4830 3793 4905">
     <span class='ocr_line' id='line_1_98' title="bbox 2206 4830 3793 4905; baseline -0.005 -13"><span class='ocrx_word' id='word_1_768' title='bbox 2206 4848 2382 4892; x_wconf 88' lang='lat' dir='ltr'><strong>tamen</strong></span> <span class='ocrx_word' id='word_1_769' title='bbox 2418 4830 2723 4905; x_wconf 62' lang='lat' dir='ltr'><strong>quaerens;</strong></span> <span class='ocrx_word' id='word_1_770' title='bbox 2760 4853 2783 4883; x_wconf 88' lang='grc'><strong>»</strong></span> <span class='ocrx_word' id='word_1_771' title='bbox 2817 4833 2929 4905; x_wconf 78' lang='lat' dir='ltr'><strong>sed</strong></span> <span class='ocrx_word' id='word_1_772' title='bbox 2977 4830 3263 4905; x_wconf 77' lang='lat' dir='ltr'><strong>lectionem</strong></span> <span class='ocrx_word' id='word_1_773' title='bbox 3316 4848 3485 4905; x_wconf 87' lang='lat' dir='ltr'><strong>meam</strong></span> <span class='ocrx_word' id='word_1_774' title='bbox 3537 4830 3793 4905; x_wconf 80' lang='lat' dir='ltr'><strong>exhibent</strong></span> 
     </span>
    </p>
   </div>
   <div class='ocr_carea' id='block_1_99' title="bbox 2204 4902 3793 4973">
    <p class='ocr_par' dir='ltr' id='par_1_99' title="bbox 2204 4902 3793 4973">
     <span class='ocr_line' id='line_1_99' title="bbox 2204 4902 3793 4973; baseline -0.004 -12"><span class='ocrx_word' id='word_1_775' title='bbox 2204 4907 2351 4961; x_wconf 89' lang='lat' dir='ltr'><strong>editt.</strong></span> <span class='ocrx_word' id='word_1_776' title='bbox 2386 4902 2629 4960; x_wconf 79' lang='lat' dir='ltr'><strong>Rhenani</strong></span> <span class='ocrx_word' id='word_1_777' title='bbox 2680 4913 2733 4959; x_wconf 89' lang='lat' dir='ltr'><strong>et</strong></span> <span class='ocrx_word' id='word_1_778' title='bbox 2770 4903 2853 4958; x_wconf 89' lang='lat' dir='ltr'><strong>ed.</strong></span> <span class='ocrx_word' id='word_1_779' title='bbox 2893 4902 3058 4958; x_wconf 81' lang='lat' dir='ltr'><strong>Paris.</strong></span> <span class='ocrx_word' id='word_1_780' title='bbox 3102 4903 3314 4972; x_wconf 88' lang='lat' dir='ltr'><strong>prima;</strong></span> <span class='ocrx_word' id='word_1_781' title='bbox 3358 4903 3463 4956; x_wconf 67' lang='lat' dir='ltr'><strong>nisi</strong></span> <span class='ocrx_word' id='word_1_782' title='bbox 3496 4904 3641 4973; x_wconf 93' lang='lat' dir='ltr'><strong>quod</strong></span> <span class='ocrx_word' id='word_1_783' title='bbox 3689 4902 3793 4955; x_wconf 88' lang='lat' dir='ltr'><strong>ali-</strong></span> 
     </span>
    </p>
   </div>
   <div class='ocr_carea' id='block_1_100' title="bbox 2206 4975 3329 5049">
    <p class='ocr_par' dir='ltr' id='par_1_100' title="bbox 2206 4975 3329 5049">
     <span class='ocr_line' id='line_1_100' title="bbox 2206 4975 3329 5049; baseline -0.004 -18"><span class='ocrx_word' id='word_1_784' title='bbox 2206 4977 2343 5049; x_wconf 86' lang='lat' dir='ltr'><strong>quid</strong></span> <span class='ocrx_word' id='word_1_785' title='bbox 2370 4992 2475 5049; x_wconf 89' lang='lat' dir='ltr'><strong>non</strong></span> <span class='ocrx_word' id='word_1_786' title='bbox 2505 4977 2682 5047; x_wconf 78' lang='lat' dir='ltr'><strong>aliqui</strong></span> <span class='ocrx_word' id='word_1_787' title='bbox 2710 4976 2764 5029; x_wconf 92' lang='lat' dir='ltr'><strong>in</strong></span> <span class='ocrx_word' id='word_1_788' title='bbox 2791 4975 2859 5049; x_wconf 68' lang='lat' dir='ltr'><strong>iis</strong></span> <span class='ocrx_word' id='word_1_789' title='bbox 2888 4982 3082 5049; x_wconf 87' lang='lat' dir='ltr'><strong>exstat.</strong></span> <span class='ocrx_word' id='word_1_790' title='bbox 3116 4976 3329 5049; x_wconf 70' lang='lat' dir='ltr'><strong>Rou&#39;m.</strong></span> 
     </span>
    </p>
   </div>
   <div class='ocr_carea' id='block_1_101' title="bbox 2279 5044 3793 5116">
    <p class='ocr_par' dir='ltr' id='par_1_101' title="bbox 2279 5044 3793 5116">
     <span class='ocr_line' id='line_1_101' title="bbox 2279 5044 3793 5116; baseline -0.004 -15"><span class='ocrx_word' id='word_1_791' title='bbox 2279 5048 2388 5116; x_wconf 85' lang='lat'><strong>(62)</strong></span> <span class='ocrx_word' id='word_1_792' title='bbox 2426 5044 2748 5104; x_wconf 72' lang='lat' dir='ltr'><strong>Novissime.</strong></span> <span class='ocrx_word' id='word_1_793' title='bbox 2781 5044 3085 5115; x_wconf 86' lang='lat' dir='ltr'><strong>Opponitur</strong></span> <span class='ocrx_word' id='word_1_794' title='bbox 3115 5048 3251 5102; x_wconf 86' lang='lat' dir='ltr'><strong>viris</strong></span> <span class='ocrx_word' id='word_1_795' title='bbox 3300 5044 3654 5109; x_wconf 73' lang='lat' dir='ltr'><strong>exercitatis,</strong></span> <span class='ocrx_word' id='word_1_796' title='bbox 3677 5058 3793 5106; x_wconf 81' lang='lat' dir='ltr'><strong>seu,</strong></span> 
     </span>
    </p>
   </div>
   <div class='ocr_carea' id='block_1_102' title="bbox 2208 5115 3799 5189">
    <p class='ocr_par' dir='ltr' id='par_1_102' title="bbox 2208 5115 3799 5189">
     <span class='ocr_line' id='line_1_102' title="bbox 2208 5115 3799 5189; baseline -0.004 -16"><span class='ocrx_word' id='word_1_797' title='bbox 2208 5115 2352 5189; x_wconf 83' lang='lat' dir='ltr'><strong>quOd</strong></span> <span class='ocrx_word' id='word_1_798' title='bbox 2401 5120 2560 5173; x_wconf 84' lang='lat' dir='ltr'><strong>habet</strong></span> <span class='ocrx_word' id='word_1_799' title='bbox 2599 5134 2760 5187; x_wconf 88' lang='lat' dir='ltr'><strong>supra</strong></span> <span class='ocrx_word' id='word_1_800' title='bbox 2788 5117 3153 5189; x_wconf 11' lang='lat' dir='ltr'><strong>Tegitullianus</strong></span> <span class='ocrx_word' id='word_1_801' title='bbox 3180 5132 3299 5185; x_wconf 89' lang='lat' dir='ltr'><strong>cap.</strong></span> <span class='ocrx_word' id='word_1_802' title='bbox 3333 5118 3387 5179; x_wconf 90' lang='lat'><strong>3,</strong></span> <span class='ocrx_word' id='word_1_803' title='bbox 3431 5115 3799 5189; x_wconf 73' lang='lat' dir='ltr'><strong>usitatissimi</strong></span> 
     </span>
    </p>
   </div>
   <div class='ocr_carea' id='block_1_103' title="bbox 504 5179 3797 5258">
    <p class='ocr_par' dir='ltr' id='par_1_103' title="bbox 504 5179 3797 5258">
     <span class='ocr_line' id='line_1_103' title="bbox 504 5179 3797 5258; baseline -0.003 -12"><span class='ocrx_word' id='word_1_804' title='bbox 504 5179 651 5258; x_wconf 61' lang='lat' dir='ltr'><strong>vero&#39;,</strong></span> <span class='ocrx_word' id='word_1_805' title='bbox 706 5193 804 5245; x_wconf 91' lang='lat' dir='ltr'><strong>hoc</strong></span> <span class='ocrx_word' id='word_1_806' title='bbox 850 5197 948 5252; x_wconf 92' lang='lat' dir='ltr'><strong>est,</strong></span> <span class='ocrx_word' id='word_1_807' title='bbox 998 5179 1338 5242; x_wconf 49' lang='lat' dir='ltr'><strong>inysumma&#39;</strong></span> <span class='ocrx_word' id='word_1_808' title='bbox 1363 5188 1710 5257; x_wconf 89' lang='lat' dir='ltr'><strong>beatitudine,</strong></span> <span class='ocrx_word' id='word_1_809' title='bbox 1756 5188 1848 5243; x_wconf 91' lang='lat' dir='ltr'><strong>ubi</strong></span> <span class='ocrx_word' id='word_1_810' title='bbox 1889 5188 2097 5255; x_wconf 78' lang='lat' dir='ltr'><strong>justilia</strong></span> <span class='ocrx_word' id='word_1_811' title='bbox 2132 5179 2177 5255; x_wconf 78' lang='grc' dir='ltr'><strong><em>Β</em></strong></span> <span class='ocrx_word' id='word_1_812' title='bbox 2207 5179 2269 5245; x_wconf 70' lang='grc' dir='ltr'><strong>ὑπ</strong></span> <span class='ocrx_word' id='word_1_813' title='bbox 2296 5192 2561 5255; x_wconf 82' lang='lat' dir='ltr'><strong>Ecclesia,</strong></span> <span class='ocrx_word' id='word_1_814' title='bbox 2588 5179 2681 5243; x_wconf 64' lang='lat' dir='ltr'><strong>ubi</strong></span> <span class='ocrx_word' id='word_1_815' title='bbox 2709 5189 2761 5241; x_wconf 92' lang='lat' dir='ltr'><strong>in</strong></span> <span class='ocrx_word' id='word_1_816' title='bbox 2791 5187 2918 5241; x_wconf 91' lang='lat' dir='ltr'><strong>edit.</strong></span> <span class='ocrx_word' id='word_1_817' title='bbox 2945 5188 3186 5257; x_wconf 70' lang='lat' dir='ltr'><strong>princupe</strong></span> <span class='ocrx_word' id='word_1_818' title='bbox 3214 5179 3382 5241; x_wconf 74' lang='lat' dir='ltr'><strong>exstat</strong></span> <span class='ocrx_word' id='word_1_819' title='bbox 3402 5185 3797 5258; x_wconf 71' lang='lat' dir='ltr'><strong>vetustissimi.</strong></span> 
     </span>
    </p>
   </div>
   <div class='ocr_carea' id='block_1_104' title="bbox 505 5258 2096 5330">
    <p class='ocr_par' dir='ltr' id='par_1_104' title="bbox 505 5258 2096 5330">
     <span class='ocr_line' id='line_1_104' title="bbox 505 5258 2096 5330; baseline -0.004 -14"><span class='ocrx_word' id='word_1_820' title='bbox 505 5269 559 5316; x_wconf 88' lang='lat' dir='ltr'><strong>et</strong></span> <span class='ocrx_word' id='word_1_821' title='bbox 614 5277 717 5330; x_wconf 83' lang='lat' dir='ltr'><strong>pax</strong></span> <span class='ocrx_word' id='word_1_822' title='bbox 765 5270 821 5315; x_wconf 90' lang='lat' dir='ltr'><strong>et</strong></span> <span class='ocrx_word' id='word_1_823' title='bbox 864 5259 1117 5330; x_wconf 89' lang='lat' dir='ltr'><strong>gaudium</strong></span> <span class='ocrx_word' id='word_1_824' title='bbox 1166 5267 1267 5313; x_wconf 85' lang='lat' dir='ltr'><strong>est.</strong></span> <span class='ocrx_word' id='word_1_825' title='bbox 1316 5278 1341 5309; x_wconf 87' lang='grc'><strong>››</strong></span> <span class='ocrx_word' id='word_1_826' title='bbox 1395 5258 1568 5313; x_wconf 89' lang='lat' dir='ltr'><strong>Verba</strong></span> <span class='ocrx_word' id='word_1_827' title='bbox 1614 5267 1737 5312; x_wconf 82' lang='lat' dir='ltr'><strong>sunt</strong></span> <span class='ocrx_word' id='word_1_828' title='bbox 1784 5259 2096 5329; x_wconf 82' lang='lat' dir='ltr'><strong>Augustini,</strong></span> 
     </span>
    </p>
   </div>
   <div class='ocr_carea' id='block_1_105' title="bbox 506 5330 2100 5415">
    <p class='ocr_par' dir='ltr' id='par_1_105' title="bbox 506 5330 2100 5415">
     <span class='ocr_line' id='line_1_105' title="bbox 506 5330 2100 5415; baseline -0.001 -28"><span class='ocrx_word' id='word_1_829' title='bbox 506 5333 600 5415; x_wconf 74' lang='lat' dir='ltr'><strong>lib.</strong></span> <span class='ocrx_word' id='word_1_830' title='bbox 632 5332 699 5387; x_wconf 90' lang='lat' dir='ltr'><strong>de</strong></span> <span class='ocrx_word' id='word_1_831' title='bbox 708 5331 851 5415; x_wconf 62' lang='lat' dir='ltr'><strong>fide</strong></span> <span class='ocrx_word' id='word_1_832' title='bbox 881 5335 935 5386; x_wconf 87' lang='lat' dir='ltr'><strong>et</strong></span> <span class='ocrx_word' id='word_1_833' title='bbox 969 5330 1173 5401; x_wconf 82' lang='lat' dir='ltr'><strong>Symb.,</strong></span> <span class='ocrx_word' id='word_1_834' title='bbox 1204 5345 1323 5400; x_wconf 89' lang='lat' dir='ltr'><strong>cap.</strong></span> <span class='ocrx_word' id='word_1_835' title='bbox 1356 5330 1411 5397; x_wconf 81' lang='lat'><strong>’7,</strong></span> <span class='ocrx_word' id='word_1_836' title='bbox 1443 5347 1500 5385; x_wconf 93' lang='lat' dir='ltr'><strong>n.</strong></span> <span class='ocrx_word' id='word_1_837' title='bbox 1526 5332 1613 5384; x_wconf 75' lang='grc'><strong>14.</strong></span> <span class='ocrx_word' id='word_1_838' title='bbox 1645 5332 1772 5386; x_wconf 67' lang='lat' dir='ltr'><strong>lite.</strong></span> <span class='ocrx_word' id='word_1_839' title='bbox 1796 5332 2100 5387; x_wconf 82' lang='lat' dir='ltr'><strong>emendan-</strong></span> 
     </span>
    </p>
   </div>
   <div class='ocr_carea' id='block_1_106' title="bbox 511 5403 2101 5543">
    <p class='ocr_par' dir='ltr' id='par_1_106' title="bbox 511 5403 2101 5543">
     <span class='ocr_line' id='line_1_106' title="bbox 511 5403 2101 5543; baseline -0.003 -14"><span class='ocrx_word' id='word_1_840' title='bbox 511 5403 693 5543; x_wconf 31' lang='lat' dir='ltr'><strong>male.)</strong></span> <span class='ocrx_word' id='word_1_841' title='bbox 708 5403 900 5528; x_wconf 43' lang='lat' dir='ltr'><strong>ginis</strong></span> <span class='ocrx_word' id='word_1_842' title='bbox 918 5541 923 5543; x_wconf 15' lang='grc' dir='ltr'><strong>Α</strong></span> <span class='ocrx_word' id='word_1_843' title='bbox 938 5472 1228 5543; x_wconf 15' lang='lat' dir='ltr'><strong>profanos,</strong></span> <span class='ocrx_word' id='word_1_844' title='bbox 1249 5470 1672 5542; x_wconf 84' lang='lat' dir='ltr'><strong>adjudicandos,</strong></span> <span class='ocrx_word' id='word_1_845' title='bbox 1721 5480 1823 5527; x_wconf 91' lang='lat' dir='ltr'><strong>etc.</strong></span> <span class='ocrx_word' id='word_1_846' title='bbox 1858 5470 2101 5525; x_wconf 88' lang='lat' dir='ltr'><strong>Meminit</strong></span> 
     </span>
    </p>
   </div>
   <div class='ocr_carea' id='block_1_107' title="bbox 510 5541 2101 5614">
    <p class='ocr_par' dir='ltr' id='par_1_107' title="bbox 510 5541 2101 5614">
     <span class='ocr_line' id='line_1_107' title="bbox 510 5541 2101 5614; baseline 0.001 -17"><span class='ocrx_word' id='word_1_847' title='bbox 510 5541 1237 5614; x_wconf 40' lang='lat' dir='ltr'><strong>ignis&#39;Tertullianuquui</strong></span> <span class='ocrx_word' id='word_1_848' title='bbox 1283 5541 1370 5597; x_wconf 90' lang='lat' dir='ltr'><strong>hic</strong></span> <span class='ocrx_word' id='word_1_849' title='bbox 1417 5543 1741 5598; x_wconf 91' lang='lat' dir='ltr'><strong>creberrime</strong></span> <span class='ocrx_word' id='word_1_850' title='bbox 1786 5543 1841 5598; x_wconf 92' lang='lat' dir='ltr'><strong>in</strong></span> <span class='ocrx_word' id='word_1_851' title='bbox 1888 5542 2101 5614; x_wconf 89' lang='lat' dir='ltr'><strong>inferno</strong></span> 
     </span>
    </p>
   </div>
   <div class='ocr_carea' id='block_1_108' title="bbox 511 5612 2099 5686">
    <p class='ocr_par' dir='ltr' id='par_1_108' title="bbox 511 5612 2099 5686">
     <span class='ocr_line' id='line_1_108' title="bbox 511 5612 2099 5686; baseline 0 -17"><span class='ocrx_word' id='word_1_852' title='bbox 511 5612 781 5673; x_wconf 73' lang='lat' dir='ltr'><strong>statuitur.</strong></span> <span class='ocrx_word' id='word_1_853' title='bbox 816 5615 952 5671; x_wconf 76' lang='lat' dir='ltr'><strong>Beza</strong></span> <span class='ocrx_word' id='word_1_854' title='bbox 995 5622 1050 5669; x_wconf 91' lang='lat' dir='ltr'><strong>et</strong></span> <span class='ocrx_word' id='word_1_855' title='bbox 1094 5612 1347 5670; x_wconf 82' lang='lat' dir='ltr'><strong>Calvinus</strong></span> <span class='ocrx_word' id='word_1_856' title='bbox 1376 5615 1583 5684; x_wconf 89' lang='lat' dir='ltr'><strong>volunt,</strong></span> <span class='ocrx_word' id='word_1_857' title='bbox 1616 5628 1720 5670; x_wconf 89' lang='lat' dir='ltr'><strong>non</strong></span> <span class='ocrx_word' id='word_1_858' title='bbox 1762 5629 1881 5669; x_wconf 90' lang='lat' dir='ltr'><strong>esse</strong></span> <span class='ocrx_word' id='word_1_859' title='bbox 1918 5613 2099 5686; x_wconf 86' lang='lat' dir='ltr'><strong>ignem</strong></span> 
     </span>
    </p>
   </div>
   <div class='ocr_carea' id='block_1_109' title="bbox 2210 5253 3799 5331">
    <p class='ocr_par' dir='ltr' id='par_1_109' title="bbox 2210 5253 3799 5331">
     <span class='ocr_line' id='line_1_109' title="bbox 2210 5253 3799 5331; baseline -0.006 -17"><span class='ocrx_word' id='word_1_860' title='bbox 2210 5262 2315 5315; x_wconf 86' lang='lat' dir='ltr'><strong>Sed</strong></span> <span class='ocrx_word' id='word_1_861' title='bbox 2346 5269 2399 5315; x_wconf 90' lang='lat' dir='ltr'><strong>et</strong></span> <span class='ocrx_word' id='word_1_862' title='bbox 2426 5253 2687 5315; x_wconf 68' lang='lat' dir='ltr'><strong>PraXeam</strong></span> <span class='ocrx_word' id='word_1_863' title='bbox 2722 5263 2766 5312; x_wconf 87' lang='lat' dir='ltr'><strong>is</strong></span> <span class='ocrx_word' id='word_1_864' title='bbox 2797 5260 2900 5313; x_wconf 88' lang='lat' dir='ltr'><strong>ista</strong></span> <span class='ocrx_word' id='word_1_865' title='bbox 2931 5253 3256 5331; x_wconf 70' lang='lat' dir='ltr'><strong>compellat:</strong></span> <span class='ocrx_word' id='word_1_866' title='bbox 3296 5277 3318 5306; x_wconf 76' lang='grc' dir='ltr'>ι</span> <span class='ocrx_word' id='word_1_867' title='bbox 3347 5258 3671 5331; x_wconf 72' lang='lat' dir='ltr'><strong>Nouissime,</strong></span> <span class='ocrx_word' id='word_1_868' title='bbox 3704 5253 3799 5331; x_wconf 81' lang='lat' dir='ltr'><strong>qui</strong></span> 
     </span>
    </p>
   </div>
   <div class='ocr_carea' id='block_1_110' title="bbox 2208 5326 3801 5398">
    <p class='ocr_par' dir='ltr' id='par_1_110' title="bbox 2208 5326 3801 5398">
     <span class='ocr_line' id='line_1_110' title="bbox 2208 5326 3801 5398; baseline -0.007 -12"><span class='ocrx_word' id='word_1_869' title='bbox 2208 5331 2403 5386; x_wconf 84' lang='lat' dir='ltr'><strong>Filium</strong></span> <span class='ocrx_word' id='word_1_870' title='bbox 2469 5332 2563 5385; x_wconf 90' lang='lat' dir='ltr'><strong>Dei</strong></span> <span class='ocrx_word' id='word_1_871' title='bbox 2622 5347 2835 5385; x_wconf 91' lang='lat' dir='ltr'><strong>carnem</strong></span> <span class='ocrx_word' id='word_1_872' title='bbox 2896 5326 3285 5398; x_wconf 83' lang='lat' dir='ltr'><strong>interpretaris,</strong></span> <span class='ocrx_word' id='word_1_873' title='bbox 3338 5326 3534 5398; x_wconf 84' lang='lat' dir='ltr'><strong>exhibe</strong></span> <span class='ocrx_word' id='word_1_874' title='bbox 3581 5326 3704 5398; x_wconf 33' lang='lat' dir='ltr'><strong>qui‘</strong></span> <span class='ocrx_word' id='word_1_875' title='bbox 3732 5326 3801 5376; x_wconf 90' lang='lat' dir='ltr'><strong>sit</strong></span> 
     </span>
    </p>
   </div>
   <div class='ocr_carea' id='block_1_111' title="bbox 2210 5393 3795 5473">
    <p class='ocr_par' dir='ltr' id='par_1_111' title="bbox 2210 5393 3795 5473">
     <span class='ocr_line' id='line_1_111' title="bbox 2210 5393 3795 5473; baseline -0.009 -16"><span class='ocrx_word' id='word_1_876' title='bbox 2210 5402 2380 5457; x_wconf 86' lang='lat' dir='ltr'><strong>Filius</strong></span> <span class='ocrx_word' id='word_1_877' title='bbox 2456 5402 2730 5469; x_wconf 86' lang='lat' dir='ltr'><strong>hominis,</strong></span> <span class='ocrx_word' id='word_1_878' title='bbox 2789 5409 2879 5454; x_wconf 89' lang='lat' dir='ltr'><strong>aut</strong></span> <span class='ocrx_word' id='word_1_879' title='bbox 2953 5393 3190 5473; x_wconf 79' lang='lat' dir='ltr'><strong>nunquid</strong></span> <span class='ocrx_word' id='word_1_880' title='bbox 3266 5397 3486 5473; x_wconf 64' lang='lat' dir='ltr'><strong>spiritus</strong></span> <span class='ocrx_word' id='word_1_881' title='bbox 3561 5393 3716 5473; x_wconf 54' lang='lat' dir='ltr'><strong>ertt‘t</strong></span> <span class='ocrx_word' id='word_1_882' title='bbox 3769 5412 3795 5443; x_wconf 77' lang='grc' dir='ltr'>ι)</span> 
     </span>
    </p>
   </div>
   <div class='ocr_carea' id='block_1_112' title="bbox 2209 5466 3800 5542">
    <p class='ocr_par' dir='ltr' id='par_1_112' title="bbox 2209 5466 3800 5542">
     <span class='ocr_line' id='line_1_112' title="bbox 2209 5466 3800 5542; baseline -0.006 -13"><span class='ocrx_word' id='word_1_883' title='bbox 2209 5475 2339 5542; x_wconf 89' lang='lat' dir='ltr'><strong>Cap.</strong></span> <span class='ocrx_word' id='word_1_884' title='bbox 2374 5476 2440 5527; x_wconf 83' lang='lat'><strong>2‘7</strong></span> <span class='ocrx_word' id='word_1_885' title='bbox 2492 5490 2506 5527; x_wconf 91' lang='lat'><strong>:</strong></span> <span class='ocrx_word' id='word_1_886' title='bbox 2559 5466 2917 5535; x_wconf 77' lang='lat' dir='ltr'><strong>Nouissimas,</strong></span> <span class='ocrx_word' id='word_1_887' title='bbox 2951 5466 3215 5542; x_wconf 74' lang='lat' dir='ltr'><strong>nouitius,</strong></span> <span class='ocrx_word' id='word_1_888' title='bbox 3246 5466 3474 5542; x_wconf 76' lang='lat' dir='ltr'><strong>Anglice</strong></span> <span class='ocrx_word' id='word_1_889' title='bbox 3516 5482 3551 5517; x_wconf 93' lang='lat' dir='ltr'><strong>a</strong></span> <span class='ocrx_word' id='word_1_890' title='bbox 3585 5466 3800 5542; x_wconf 75' lang='lat' dir='ltr'><strong>noviee.</strong></span> 
     </span>
    </p>
   </div>
   <div class='ocr_carea' id='block_1_113' title="bbox 2212 5538 3801 5663">
    <p class='ocr_par' dir='ltr' id='par_1_113' title="bbox 2212 5538 3801 5663">
     <span class='ocr_line' id='line_1_113' title="bbox 2212 5538 3801 5663; baseline -0.007 -61"><span class='ocrx_word' id='word_1_891' title='bbox 2212 5538 2484 5602; x_wconf 74' lang='lat' dir='ltr'><strong>Novitiole</strong></span> <span class='ocrx_word' id='word_1_892' title='bbox 2511 5545 2743 5615; x_wconf 90' lang='lat' dir='ltr'><strong>positum</strong></span> <span class='ocrx_word' id='word_1_893' title='bbox 2774 5554 2856 5598; x_wconf 89' lang='lat' dir='ltr'><strong>est</strong></span> <span class='ocrx_word' id='word_1_894' title='bbox 2884 5542 2937 5594; x_wconf 93' lang='lat' dir='ltr'><strong>in</strong></span> <span class='ocrx_word' id='word_1_895' title='bbox 2970 5540 3058 5595; x_wconf 85' lang='lat' dir='ltr'><strong>lib.</strong></span> <span class='ocrx_word' id='word_1_896' title='bbox 3079 5539 3145 5595; x_wconf 84' lang='lat' dir='ltr'><strong>de</strong></span> <span class='ocrx_word' id='word_1_897' title='bbox 3167 5538 3529 5663; x_wconf 47' lang='lat' dir='ltr'><strong>Pwnitentﬁq),</strong></span> <span class='ocrx_word' id='word_1_898' title='bbox 3527 5549 3685 5661; x_wconf 44' lang='lat' dir='ltr'><strong>031p.</strong></span> <span class='ocrx_word' id='word_1_899' title='bbox 3710 5538 3801 5591; x_wconf 81' lang='grc'><strong>51.</strong></span> 
     </span>
    </p>
   </div>
   <div class='ocr_carea' id='block_1_114' title="bbox 3488 5620 3658 5661">
    <p class='ocr_par' dir='ltr' id='par_1_114' title="bbox 3488 5620 3658 5661">
     <span class='ocr_line' id='line_1_114' title="bbox 3488 5620 3658 5661; baseline -0.006 -2"><span class='ocrx_word' id='word_1_900' title='bbox 3488 5620 3658 5661; x_wconf 78' lang='grc' dir='ltr'><strong>ουἸἩ.</strong></span> 
     </span>
    </p>
   </div>
  </div>
