4042 6172
321 248 398 308 33
1459 242 1656 304 LIBER
1691 242 1778 302 DE
1817 244 2468 310 PRESCHIPTIONIBUS.
3540 265 3610 326 34

313 381 528 438 tenent,
577 369 821 426 nondum
871 369 1239 464 crediderunt,
1279 383 1388 464 non
1433 377 1558 424 sunt
1588 369 1909 464 Christiani.
1941 386 1989 464 Α
2025 373 2214 430 tendos
2245 374 2292 412 ιο
2320 391 2415 431 eos
2441 375 2507 432 ad
2543 375 2709 432 ullam
2733 378 2801 433 de
2837 378 3128 451 Scripturis
3165 384 3609 458 disputationem.

314 460 416 527 At,
464 473 572 515 cum
630 465 815 512 tenent
861 457 1082 529 quidem
1141 465 1197 512 et
1249 456 1496 525 credunt,
1555 458 1910 529 quaerendum
1941 456 1989 464 "
2019 462 2077 517 Si
2107 464 2191 518 hae
2219 469 2345 519 sunt
2382 463 2491 519 illa;
2534 466 2749 522 vires"o
2786 482 2975 524 eorum
3015 471 3148 540 (67),
3180 456 3268 528 uti
3286 491 3379 530 eas
3408 478 3612 536 habere

315 558 491 605 tamen
535 546 745 613 dicunt,
777 555 837 601 ut
875 545 1191 602 defendant.
1241 549 1546 617 Antequam
1594 545 1908 616 defendant,

315 647 527 708 negant,
560 635 709 708 quod
731 633 1054 691 conﬁtentur
1082 651 1142 691 se
1169 635 1409 690 nondum
1430 633 1755 703 credidisse,
1779 635 1911 690 dum

314 733 574 799 quaerunt.
607 723 718 794 Qui
766 739 901 796 ergo
931 739 1032 780 nec
1067 723 1172 778 sibi
1201 732 1333 778 sunt
1361 722 1674 793 Christiani,
1707 735 1911 797 quanto

310 815 483 888 magis
521 814 737 869 nobis?
792 811 897 880 Qui
950 829 1048 883 per
1098 811 1372 869 fallaciam
1407 813 1650 882 veniunt,
1692 815 1910 887 qualem

309 907 466 962 ﬁdem
496 903 786 974 disputant
811 902 970 973 (63)?
1001 900 1098 978 Cui
1129 900 1341 957 veritati
1358 900 1789 972 patrocinentur,
1814 903 1912 974 qui

307 1011 423 1052 eam
451 1010 489 1049 a
510 990 802 1048 mendacio
828 990 1092 1047 inducunt
1108 991 1155 1028 13
1169 988 1196 1042 ?

915 1099 1144 1156 CAPUT
1183 1099 1308 1155 XV.

308 1205 483 1258 Porro
495 1199 567 1254 ad
579 1201 934 1272 propositum
953 1197 1182 1272 veniens
1202 1197 1594 1272 Tertullianus
1610 1236 1625 1264 ,
1646 1199 1912 1272 praescri-

382 1274 467 1326 bit
544 1268 657 1326 non
681 1268 1084 1326 admittendos
1137 1268 1428 1326 haereticos
1483 1268 1558 1323 ad
1603 1268 1786 1324 ullam
1844 1270 1912 1326 de

386 1344 700 1414 Scripturis
721 1341 1193 1412 disputationem.

381 1438 491 1494 Sed
547 1438 650 1509 ipsi
696 1437 766 1492 de
810 1435 1109 1506 Scripturis
1145 1443 1334 1506 agunt,
1382 1443 1436 1492 et
1489 1435 1558 1490 de
1615 1436 1910 1508 Scripturis

306 1526 560 1582 suadent.
591 1525 832 1580 Aliunde
867 1523 1071 1579 scilicet
1107 1523 1261 1594 loqui
1295 1523 1341 1561 1"
1391 1533 1617 1594 possent
1647 1524 1715 1579 de
1747 1527 1907 1581 rebus

305 1616 426 1671 ﬁdei
464 1614 602 1686 (64),
635 1613 744 1670 nisi
787 1630 852 1670 ex
899 1612 1097 1668 litteris
1143 1610 1306 1667 ﬁdei?
1337 1611 1593 1668 Venimus
1620 1612 1791 1685 igitur
1835 1614 1906 1670 ad

307 1707 642 1778 propositum
674 1701 792 1774 (65)
825 1720 838 1756 :
871 1704 978 1757 huc
1002 1700 1048 1738 15
1076 1700 1217 1757 enim
1235 1699 1621 1773 dirigebamus,
1656 1710 1711 1757 et
1734 1703 1837 1758 hoc
1860 1703 1908 1741 ιθ

2020 551 2230 620 possint
2271 552 2341 619 21,
2406 553 2600 624 dispici
2651 555 2813 611 debet
2868 557 2954 612 cui
3013 569 3279 630 competat
3331 567 3610 635 possessio

2023 638 2440 710 Scripturarum,
2483 659 2552 698 ne
2582 643 2630 699 is
2684 644 3006 702 admittatur
3058 647 3127 702 ad
3175 665 3290 718 eas,
3320 652 3404 708 cui
3458 657 3605 712 nullo

2019 729 2182 785 modo
2203 730 2480 799 competit.

2610 821 2835 878 CAPUT
2891 824 3033 881 XVI.

2018 926 2472 1008 Primampquod
2489 928 2627 1008 ﬁdes
2651 931 3193 1008 nostra-obsequium
3226 936 3482 1008 Apostolo
3512 939 3608 996 de-

2090 996 2234 1059 beat.
2259 996 2706 1082 disputationem
2731 996 3072 1082 prohibenti,
3111 1006 3252 1082 dum
3268 996 3609 1082 ‘postunam

2091 1074 2497 1140 correptione-m
2525 1075 2822 1129 convenire
2851 1074 3184 1132 hcereticum
3202 1074 3536 1136 interdixit.

2090 1173 2206 1228 Hoc
2260 1175 2328 1228 de
2371 1176 2599 1232 consilio
2637 1177 2970 1249 difﬁdentiae,
3021 1191 3116 1238 aut
3143 1182 3212 1238 de
3251 1185 3431 1241 studio
3459 1187 3612 1244 aliter

2020 1260 2271 1317 ineundm
2330 1265 2733 1322 constitutionis
2787 1268 2899 1340 (68)
2979 1269 3280 1328 induxerim
3336 1277 3473 1346 (69),
3504 1277 3611 1334 nisi

2020 1349 2154 1404 ratio
2183 1351 2501 1422 constiterit,
2535 1353 2590 1408 in
2621 1355 2808 1425 primis
2843 1357 2956 1426 illa,
2987 1360 3134 1429 quod
3181 1361 3231 1398 ²²
3256 1360 3396 1418 ﬁdes
3426 1373 3610 1421 nostra

2019 1438 2341 1510 obsequium
2385 1441 2651 1510 Apostolo
2693 1443 2910 1512 debeat,
2944 1448 3247 1516 prohibenti
3279 1451 3609 1522 quaestiones

2017 1525 2175 1594 inire,
2234 1526 2392 1582 novis
2446 1527 2671 1583 vocibus
2722 1544 2882 1587 aures
2935 1537 3344 1606 accommodare
3389 1541 3502 1610 (70)
3563 1541 3608 1612 (I

2024 1616 2163 1670 Tim.
2195 1631 2272 1683 γι,
2334 1615 2416 1687 4),
2476 1616 2784 1672 haereticum
2843 1628 2965 1691 post
3009 1639 3171 1678 unam
3211 1627 3606 1696 correptionem

2014 1705 2308 1760 convenire
2359 1705 2521 1774 (Tit.,
2570 1705 2661 1774 Ill,
2698 1708 2805 1776 10),
2855 1723 2967 1764 non
3013 1721 3138 1782 post
3165 1711 3603 1783 disputationem.

311 1769 784 1867 bragslmebaln‘usv
849 1790 1192 1846 allocutionis
1214 1788 1262 1827 1"
1333 1769 1652 1860 prmfatione
1723 1792 1787 1860 ιθ,
1847 1800 1907 1848 ιιι
1939 1769 1983 1846 Β
2010 1793 2160 1850 Adeo
2214 1769 2978 1864 interdixit'disputationem,
3013 1769 3604 1869 .correptionemdesi:

312 1887 432 1954 jam
465 1885 593 1940 hinc
643 1883 706 1938 de
734 1898 801 1938 eo
836 1881 1275 1953 congrediamur,
1325 1879 1395 1935 de
1452 1895 1559 1952 quo
1605 1880 1902 1937 adversarii

313 1983 638 2046 provocant.
710 1970 1018 2042 Scripturas
1098 1967 1415 2035 obtendunt,
1493 1976 1547 2023 et
1621 1970 1724 2025 hac
1803 1985 1903 2026 sua

312 2062 540 2118 audacia
583 2058 763 2115 statim
792 2057 1058 2131 quosdam
1093 2065 1346 2123 movent;
1381 2058 1435 2109 in
1467 2055 1586 2126 ipso
1617 2070 1749 2113 vero
1777 2072 1903 2114 con-

310 2166 498 2221 gressu
550 2147 740 2203 ﬁrmos
798 2147 1018 2220 quidem
1056 2144 1308 2219 fatigant,
1367 2142 1611 2200 inﬁrmos
1657 2145 1896 2216 capiunt,

308 2238 514 2293 medios
539 2254 667 2294 cum
721 2233 836 2292 29
891 2233 1148 2306 scrupulo
1204 2231 1499 2288 dimittunt.
1541 2233 1696 2288 Hunc
1733 2233 1899 2306 igitur

307 2327 642 2398 potissimum
687 2325 916 2397 gradum
972 2325 1088 2392 (66)
1135 2320 1480 2390 obstruimus,
1537 2337 1644 2378 non
1701 2322 1897 2378 admit-

2011 1896 2186 1954 gnans
2231 1897 2454 1936 causam
2499 1881 2739 1938 haeretici
2786 1883 3173 1953 conveniendi;
3206 1893 3260 1941 et
3305 1887 3406 1942 hoc
3441 1904 3601 1944 unam

2009 1968 2210 2025 scilicet
2264 1969 2420 2040 (71),
2479 1968 2606 2040 quia
2661 1985 2770 2026 non
2824 1981 2906 2026 est
2953 1973 3302 2040 Christianus;
3337 1991 3407 2030 ne
3452 1992 3605 2034 more

2007 2054 2303 2123 christiani,
2335 2055 2508 2110 semel
2535 2066 2589 2112 et
2609 2057 2825 2126 iterum,
2858 2066 2910 2114 et
2937 2061 3037 2115 sub
3067 2061 3281 2117 duobus
3308 2071 3402 2118 aut
3428 2063 3597 2119 tribus

2006 2145 2232 2200 testibus
2262 2145 2490 2215 (Matth.
2522 2163 2688 2215 xvm,
2723 2151 2810 2215 15,
2857 2151 2955 2217 16)
2993 2150 3340 2222 castigandus
3384 2152 3594 2209 videre-

2007 2241 2121 2303 tur;
2157 2249 2278 2289 cum
2324 2235 2395 2289 ob
2423 2235 2526 2290 hoc
2555 2236 2627 2290 sit
2653 2236 3026 2310 castigandus,
3060 2249 3284 2311 propter
3314 2241 3460 2313 quod
3488 2257 3596 2298 non

2004 2321 2073 2377 sit
2099 2336 2220 2377 cum
2249 2321 2342 2378 illo
2372 2322 2780 2393 disputandum.

371 2503 421 2540 13
447 2501 699 2557 Indicunt
755 2501 929 2556 Seml.
989 2499 1036 2536 1"
1082 2417 1891 2570 Suaderenon__Selea£?lt

2007 2429 2322 2570 ξὲἳιῗθδᾶίθ.
2385 2497 2434 2536 1⁸
2465 2499 2577 2556 Hoc
2621 2500 2832 2559 delevit
2861 2501 3032 2559 Seml.
3095 2501 3142 2542 ιτ
3168 2503 3255 2559 Ad
3296 2505 3588 2562 locutionis

303 2574 463 2648 φιλεῖ
489 2571 868 2648 Praefationem
908 2570 1076 2626 Seml.
1124 2568 1728 2648 f°_A_r_imittendin§eAml.
1859 2569 1980 2648 Sint
2007 2585 2076 2624 ne
2106 2569 2214 2648 ille
2239 2568 2381 2648 juris
2426 2570 2614 2648 Latin.
2642 2590 2750 2644 pro
2783 2572 2907 2638 illae,
2938 2573 3063 2628 ullae
3105 2578 3375 2648 proponit
3411 2578 3587 2635 Seml.

302 2645 347 2682 ²ι
381 2644 467 2699 Uti
494 2660 586 2699 eas
616 2643 816 2698 habere
846 2649 1072 2713 possent
1101 2639 1192 2696 del
1218 2642 1497 2697 Heuman.
1531 2639 1581 2676 ²²
1606 2639 1729 2709 Qua
1769 2641 1957 2699 Venet.
1994 2657 2069 2698 ex
2103 2641 2199 2698 lib.
2228 2640 2531 2712 Agobardi.

1701 2736 2201 2805 Commentarius.

370 2819 482 2900 (63)
515 2821 754 2900 Qualem
772 2819 945 2900 ﬁdem
971 2818 1287 2900 disputant.
1312 2817 1397 2900 Η...
1411 2832 1460 2900 e.
1485 2817 1702 2900 qualem
1731 2816 1894 2898 ﬁdem

306 2889 547 2947 fallaces
581 2891 900 2946 disserendo
967 2889 1282 2946 defendunt.
1351 2889 1529 2960 Habes
1586 2898 1777 2960 postea
1836 2889 1891 2943 in

307 2978 419 3034 cap.
461 2965 533 3017 40
570 2979 588 3016 °.
626 2984 645 3008 ι
680 2961 842 3034 Aliter
870 2977 988 3015 eum
1018 2959 1372 3032 (Creatorem)
1410 2959 1699 3027 disserunt,
1734 2976 1894 3032 quam

313 3032 520 3089 in'vero
539 3042 644 3085 est.
673 3052 696 3081 ι
723 3032 936 3086 Roma.

379 3104 503 3172 (64)
527 3101 768 3157 Aliunde
786 3103 992 3174 scilicet
1019 3101 1172 3174 loqui
1202 3105 1431 3173 possent
1456 3102 1522 3156 de
1543 3103 1712 3174 rebus
1735 3102 1886 3170 ﬁdei.

302 3171 517 3245 Omnes
573 3175 690 3245 haec
727 3172 901 3245 verba
939 3173 1006 3228 ita
1040 3171 1353 3245 accipiunt,
1397 3171 1557 3244 quasi
1613 3184 1772 3245 neget
1822 3188 1889 3228 ex

304 3243 424 3298 aliis
471 3243 669 3299 litteris
724 3242 1001 3298 haereticos
1030 3241 1194 3298 ﬁdem
1251 3241 1886 3314 suam'probare'posse,

305 3330 491 3386 quam,
546 3330 614 3369 ex
661 3320 890 3386 utroque
953 3315 1298 3370 Testamento
1356 3333 1370 3370 :
1431 3313 1561 3367 mihi
1607 3313 1734 3371 vero
1782 3314 1889 3370 alia

304 3384 523 3459 subjicit
600 3384 874 3453 cogitatio,
947 3401 1137 3459 nempe
1181 3387 1326 3459 _haec
1351 3386 1574 3459 _eadem_
1604 3455 1613 3459 Α
1642 3387 1890 3459 negative

304 3403 523 3453 subjicit
600 3403 874 3453 cogitatio,
947 3403 1137 3511 nemple
1208 3403 1323 3440 haec
1386 3403 1574 3440 eanem
1642 3403 1888 3459 negattve

301 3458 478 3527 posita
512 3471 620 3513 non
649 3472 787 3525 esse,
827 3472 1002 3527 neque
1047 3473 1080 3511 a
1107 3457 1196 3528 'qu
1240 3455 1534 3528 quidquam
1565 3455 1648 3510 his
1678 3460 1888 3511 Aucto-

303 3543 411 3582 rem
453 3529 754 3595 intendere,
789 3543 953 3597 quam
984 3527 1271 3582 haereticos
1297 3541 1682 3597 nonnunquam
1723 3528 1886 3582 etiam

300 3607 623 3670 argumenta
677 3615 740 3653 ex
799 3597 1088 3670 Scripturis
1114 3609 1133 3670 7'.
1158 3613 1451 3670 arcessere,
1510 3599 1787 3670 quamvis)
1831 3597 1887 3652 in

299 3669 677 3740 probationem
720 3685 834 3724 suae
882 3669 1155 3740 Opinionis
1195 3669 1643 3739 philosophorum
1691 3669 1888 3738 scripta

301 3739 492 3796 ducere
548 3741 780 3811 possint,
837 3739 1147 3812 exquibus
1193 3749 1500 3796 commenta
1533 3757 1641 3812 _sua
1687 3741 1886 3812 hause-

300 3821 438 3878 runt,
498 3810 578 3867 nti
643 3813 893 3882 probavit
955 3810 1080 3882 cap.
1154 3814 1208 3866 8.
1268 3811 1352 3865 Ad
1418 3810 1884 3866 conﬁrmationem

303 3883 524 3950 hujusce
553 3883 951 3954 explicationis,
994 3898 1150 3954 quam
1193 3882 1648 3954 tuemur,_referri
1685 3891 1880 3954 potest,

304 3954 448 4026 nulla
491 3957 606 4009 haec
636 3952 1080 4026 interrogationis
1125 3963 1253 4009 nota
1288 3952 1473 4026 scribi,
1507 3969 1668 4024 quam
1687 3952 1788 4026 qui
1819 3968 1887 4009 ex

303 4024 520 4078 diverso
571 4024 1009 4096 interpretantur,
1071 4033 1338 4096 coguntur
1383 4024 1668 4096 attingere;
1717 4024 1886 4080 'fateri

303 4104 488 4148 tamen
517 4095 998 4169 cogor‘legentium
1030 4095 1241 4169 animos
1269 4095 1700 4169 _longe_facilius
1726 4111 1884 4169 occu-

299 4181 437 4236 pare
473 4165 805 4234 contrariam,
867 4167 962 4220 sed
1001 4167 1048 4221 si
1097 4165 1220 4237 quis
1251 4166 1504 4237 Auctoris
1549 4167 1606 4222 in
1649 4166 1882 4222 dicendo

301 4252 524 4292 acumen
557 4309 564 4310 7
595 4246 647 4292 et
702 4239 976 4310 solertiam
1034 4236 1256 4306 repetat,
1307 4245 1361 4310 et
1423 4236 1528 4290 sibi
1591 4247 1878 4310 praponat,

298 4323 410 4362 eam
441 4309 744 4363 adulteram
773 4325 891 4364 esse
910 4309 1295 4378 deprehendet.
1319 4309 1558 4362 ALBASP.

367 4382 478 4448 (65)
521 4382 779 4451 _Venimus
799 4381 978 4451 igitur
1008 4380 1079 4434 ad
1095 4380 1466 4450 propositum.
1491 4378 1880 4451 (Tertullianus,

298 4447 468 4522 inquit
505 4447 954 4519 Quintinnsfhoc
999 4447 1165 4505 unum
1201 4447 1627 4522 'totorsnolibro
1673 4451 1882 4522 docen-

296 4520 423 4592 dum
463 4525 773 4592 praposuit,
803 4537 910 4576 non
949 4536 1070 4576 esse
1121 4522 1190 4576 de
1224 4520 1524 4592 Scripturis
1555 4537 1676 4575 cum
1705 4521 1885 4577 Gnos-

297 4591 411 4664 ticis
467 4591 858 4659 altercandum,
918 4594 1010 4647 sed
1068 4609 1263 4664 _neque
1319 4591 1698 4664 loquendum._
1747 4591 1883 4647 Nam

294 4662 690 4732 disputationes
728 4662 1103 4733 hujuscemodi
1132 4661 1328 4719 vexant
1365 4661 1416 4718 in
1465 4661 1571 4717 ﬁde
1612 4662 1879 4729 inﬁrmos,

291 4734 632 4800 conturbant,
701 4745 756 4788 et
809 4733 1059 4789 vacillare
1142 4734 1362 4801 faciunt,
1441 4742 1496 4788 et
1555 4733 1662 4788 alio
1736 4749 1882 4803 saepe

289 4805 629 4860 transferunt
657 4805 887 4873 medias,
939 4807 993 4859 in
1038 4806 1260 4860 haaresin
1293 4820 1420 4860 vero
1459 4805 1746 4860 deturbant
1791 4805 1879 4858 in-

291 4876 495 4932 ﬁrmos.
558 4876 685 4930 Haec
728 4877 870 4933 veris
923 4875 1133 4931 veriora
1190 4876 1236 4932 si
1283 4891 1388 4931 non
1429 4883 1570 4942 sunt,
1622 4878 1884 4930 adversus

289 4945 580 5002 hisreticos
633 4947 900 5015 altercari,
952 4946 1189 5003 scribere
1235 4962 1344 5003 non
1371 4962 1666 5014 cessemus,
1709 4962 1883 5017 neque

282 5017 598 5087 jejunemus
653 5031 704 5073 et
759 5034 975 5074 oremus
1038 5017 1094 5071 in
1147 5033 1260 5086 eos,
1321 5017 1533 5073 interim
1592 5026 1774 5072 tamen
1829 5027 1882 5072 et

285 5091 492 5170 ubique
531 5105 821 5170 memores,
851 5089 997 5169 quod
1026 5091 1128 5144 hoc
1158 5106 1330 5172 genus
1356 5088 1753 5143 daemoniorum
1773 5102 1880 5142 non

281 5160 553 5227 ejicietur,
587 5160 690 5214 nisi
717 5161 773 5214 in
801 5160 1041 5214 oratione
1074 5169 1128 5214 et
1153 5160 1383 5228 jejunio.

350 5233 472 5302 (66)
502 5233 664 5286 Hunc
694 5233 867 5303 igitur
892 5232 1251 5303 potissimum
1277 5232 1538 5303 gradum.
1571 5229 1876 5303 Dissuadet,

282 5301 526 5372 necum
585 5301 854 5357 haereticis
893 5301 1170 5358 certamen
1225 5301 1518 5357 ineamus:
1570 5316 1698 5368 non,
1733 5301 1880 5372 quod

282 5371 677 5430 Bcclesiastieaa
723 5389 902 5429 causa!
957 5381 1014 5428 ut
1067 5373 1248 5430 dubiae
1293 5373 1522 5441 difﬁdat,
1565 5372 1707 5428 absit
1727 5371 1764 5442 ;’
1785 5371 1881 5427 sed

351 5445 426 5500 od
457 5445 705 5502 haeretici
733 5444 1034 5516 procaciter
1062 5445 1118 5499 in
1136 5460 1267 5502 suas
1296 5444 1663 5516 blasphemias
1690 5451 1880 5499 sancta

351 5461 426 5500 on
459 5461 705 5502 haeretici
733 5461 1034 5516 procaciter
1062 5461 1118 5499 tn
1136 5461 1267 5502 suas
1296 5461 1663 5515 ntaspnemtas
1690 5461 1880 5499 sancta

280 5461 590 5590 agr-imum,
632 5526 687 5572 et
733 5516 855 5586 ejus
901 5516 1143 5588 legitimo
1197 5531 1363 5572 sensu
1423 5515 1738 5582 abutantur;
1811 5531 1880 5571 ex

2001 2832 2108 2888 quo
2145 2819 2375 2896 victoria
2402 2819 2474 2874 sit
2517 2818 2704 2887 dubia,
2761 2820 3097 2896 audientium
3153 2837 3307 2896 vero.
3357 2825 3451 2896 qui
3494 2841 3594 2884 eos

2001 2903 2180 2964 meras
2232 2888 2536 2964 Scripturas
2580 2906 2800 2961 crepare
2847 2895 3094 2964 audiunt,
3144 2888 3434 2950 discrimen
3475 2913 3594 2954 cer-

1927 2947 1970 3026 (Σ
2001 2961 2287 3015 tissimum.
2319 2947 2550 3038 Tantum
2607 2947 2739 3036 ergo
2795 2947 3593 3038 nesciit"idiiii'iiéiju'éds

1999 3038 2303 3110 sanctarum
2355 3032 2771 3110 Scripturartim
2806 3034 3024 3110 jactatio
3075 3036 3148 3090 sit
3188 3053 3328 3093 verae
3370 3032 3592 3110 religio-

1998 3101 2083 3178 nis
2111 3100 2389 3167 indicium,
2407 3170 2419 3178 _
2437 3100 2493 3178 ut
2519 3103 2712 3178 potius
2728 3100 2908 3178 sit—ab
2927 3107 3006 3178 eis
3035 3121 3370 3178 magnopere
3398 3100 3593 3165 timen-

1998 3170 2147 3238 dum,
2165 3186 2246 3247 ne
2275 3170 2444 3247 qu_od_
2479 3170 2582 3240 ipsi
2631 3171 2862 3247 habent,
2894 3175 2948 3226 id
2991 3184 3090 3242 est,
3126 3170 3592 3247 blasphemiarum

1998 3240 2310 3313 spurcitian
2330 3240 2726 3313 Scripturarum
2756 3240 3084 3299 divinarum
3107 3240 3387 3302 contextas
3433 3249 3591 3306 invo-

1995 3312 2181 3380 lucris,
2214 3312 2371 3368 nobis
2425 3312 2792 3383 intorqueant.
2854 3313 2989 3369 Vide
3047 3315 3381 3372 Clementem
3427 3321 3586 3376 Alex.

1997 3383 2093 3439 lib.
2127 3389 2328 3440 contra
2357 3386 2680 3440 Hmreticos.
2713 3385 2844 3438 Lac.
3163 3433 3166 3436 .

2067 3455 2184 3526 (67)
2217 3457 2308 3529 Sic
2330 3454 2417 3529 hae
2443 3460 2581 3529 sunt
2599 3455 2728 3529 illis
2747 3457 2895 3510 vires
2917 3472 3133 3529 eorum.
3158 3456 3362 3513 Sensus
3391 3469 3492 3529 est,
3515 3478 3586 3517 an

1997 3525 2085 3579 his
2111 3527 2278 3580 armis
2309 3527 2384 3580 uti
2427 3525 2640 3596 possint
2686 3526 2801 3581 sive
2839 3541 2907 3580 an
2966 3527 3257 3598 Scripturis
3305 3530 3412 3585 sint
3440 3525 3590 3588 arma

1995 3611 2203 3650 eorum.
2234 3598 2472 3652 ALBASP.

2067 3667 2176 3736 (68)
2204 3670 2386 3724 Aliter
2405 3668 2671 3724 ineunda:
2691 3670 3138 3726 constitutionis.
3171 3670 3266 3728 Est
3284 3673 3592 3732 constitutio

1997 3737 2170 3815 prima
2197 3754 2476 3815 causarum
2527 3738 2820 3815 conﬂictio,
2870 3755 2992 3810 quae
3041 3749 3212 3796 status
3266 3744 3590 3815 appellatur.

1999 3828 2024 3860 ι
2048 3809 2472 3885 constitutiones
2498 3812 2640 3880 apud
2669 3809 2915 3885 rhetores
2931 3809 3589 3885 sunt_quatuor,'conjec-

1997 3881 2565 3956 tu_ralis,-deﬁnitiva,_
2585 3880 2875 3951 generalis,
2910 3880 3240 3951 translativa,
3271 3880 3393 3956 qnae
3423 3880 3592 3944 status

1994 3953 2156 4006 etiam
2178 3951 2447 4007 dicuntur.
2485 3976 2506 4001 υ
2541 3954 2908 4008 Damasum.

1993 4025 2174 4150 ΞΕ(εξ)
2205 4023 2554 4080 Induxerim.
2586 4024 2644 4080 Id
2673 4032 2774 4093 est,
2796 4023 2978 4082 videri
2991 4028 3274 4096 potuerim
3301 4029 3588 4088 inducere.

2031 4109 2165 4150 BIL.

2067 4164 2184 4234 (70)
2215 4163 2350 4220 Vide
2379 4181 2546 4235 supra
2575 4173 2686 4222 not.
2722 4167 2809 4220 17.

2063 4235 2304 4311 (Ἶξῌίοσ
2333 4236 2619 4311 unam._At
2638 4248 2845 4306 contra,
2869 4253 2979 4295 non
3005 4239 3472 4311 jubetApostolus
3493 4241 3592 4298 de-

1994 4307 2155 4384 vitari
2169 4306 2502 4384 hwreticum
2523 4308 2825 4384 Itom_t_ne~m,
2845 4311 2951 4384 nisi
2962 4306 3087 4384 post
3107 4306 3286 4384 unam
3297 4317 3366 4384 et
3385 4329 3592 4370 secun-

1993 4380 2127 4434 dam
2154 4378 2570 4452 correptionem
2598 4381 2734 4447 (Tit.
2757 4395 2840 4445 ιιι,
2874 4378 3282 4452 10)Ὀι·ἰεὶηιιιὶε
3299 4383 3463 4439 etiam
3484 4400 3587 4440 vo-

1993 4454 2132 4518 cula,
2188 4449 2457 4518 νουθεσίαν,
2498 4465 2698 4520 meram
2742 4449 3130 4520 monitionem',
3183 4454 3267 4508 vel
3298 4453 3584 4511 consilium

1991 4532 2086 4577 aut
2113 4520 2440 4595 suasionem,
2473 4519 2518 4576 si
2567 4521 3004 4595 bene_ob_serves,
3061 4519 3346 4595 signiﬁcat.
3394 4525 3587 4595 Graeco

1993 4591 2163 4646 textui
2194 4599 2510 4659 consonant,
2547 4601 2658 4646 tum
2687 4591 2941 4660 Syriacae,
2981 4600 3096 4646 tum
3115 4591 3354 4646 arabicaa
3384 4593 3586 4648 versio-

1992 4677 2123 4727 nes;
2173 4661 2416 4734 vulgatae
2463 4671 2642 4734 autem
2692 4672 2745 4716 et
2787 4662 3041 4716 Arabica.
3077 4662 3272 4716 Verum
3301 4662 3579 4734 enimvero

1993 4747 2184 4786 omnes
2234 4731 2499 4787 le'ctiones
2542 4733 2598 4787 in
2643 4747 2709 4786 eo
2755 4733 3111 4799 concordant,
3154 4739 3211 4785 ut
3249 4747 3355 4786 non
3383 4732 3585 4790 vitetur

1992 4816 2228 4874 persona
2274 4803 2524 4871 hmretici,
2567 4801 2671 4874 nisi
2724 4811 2861 4874 post
2878 4803 3060 4874 plures
3113 4801 3460 4860 monitiones.
3512 4805 3578 4862 V.

1991 4873 2311 4947 Polyglott_.,
2360 4879 2489 4927 tom.
2539 4873 2606 4947 γ,
2640 4872 3064 4947 ιιριιίιίιιίῚϐὅἿ.
3115 4874 3364 4947 Charitas
3411 4878 3577 4947 enim,

1992 4952 2152 5018 atque
2207 4944 2370 5018 etiam
2438 4944 2771 5018 prudentia,”
2799 4945 3003 5018 dictant
3045 4944 3577 5018 adhortationibus,

1993 5015 2355 5089 suasionibus,
2380 5087 2388 5089 _
2415 5015 2862 5089 obtestationibus
2929 5016 3148 5089 minime
3220 5015 3575 5089 parcendum,

1994 5087 2319 5160 quicumque
2347 5087 2417 5160 sit
2462 5087 2574 5155 ille,
2625 5097 3061 5160 etdquocunque
3091 5088 3144 5160 in
3175 5087 3359 5145 errore
3389 5087 3576 5146 verse?

1991 5157 2096 5213 tur.
2127 5157 2248 5239 _Ijoc'
2290 5157 2394 5239 fuit
2449 5157 2757 5239 Evangelii,
2809 5161 2912 5215 hoc
2956 5157 3136 5239 _divini
3164 5162 3576 5239 _ejns_auctoris

1991 5229 2300 5300 consilium,
2338 5237 2523 5302 utpote
2540 5229 2634 5302 qui
2660 5230 2770 5284 suis
2799 5231 3040 5300 pressius
3067 5229 3569 5298 nihil’intimaverit,

1993 5308 2241 5375 quamgut
2287 5301 2460 5375 mites,
2493 5301 2568 5357 ut
2597 5301 2954 5375 longanimes,
2975 5311 3047 5375 fut
3083 5302 3460 5375 misericordes
3489 5302 3572 5375 fo-

1993 5370 2128 5448 rent,
2157 5370 2722 5448 Tertullianum_ver6
2743 5374 2908 5448 longe
2924 5374 3047 5448 _alio
3074 5374 3254 5448 animo
3280 5373 3464 5437 fuisse,
3487 5370 3570 5426 ni-

1994 5443 2098 5498 mis
2121 5453 2272 5500 certo
2295 5451 2528 5503 constat.
2556 5444 2700 5500 Enn.
2729 5459 2796 5500 ex
2825 5443 2969 5502 dotis
2993 5460 3069 5502 nn
3094 5444 3346 5529 Goyacr.
