4036 6172
466 321 540 380 39
1565 307 2015 368 TERTULLIANI
2052 305 2322 367 OPERUM
2357 305 2545 367 PARS.
2586 307 2634 366 ll
3687 316 3753 376 4ο

1031 437 1491 521 βΑΡβΤ.θΧΧΠυ
1597 512 1607 521 .
1728 511 1737 520 .

463 516 745 590 Apostolos
795 516 989 566 autem
1028 509 1316 583 (quidquid
1372 512 1434 563 in
1480 511 1834 566 contrarium
1870 508 2055 589 soleat

529 590 712 643 dicere
742 583 961 639 diversa
978 584 1138 659 pars)
1161 583 1353 659 omnia
1373 585 1427 634 et
1448 583 1615 659 scisse
1634 584 1689 635 et
1722 578 2053 659 tradidisse;

526 660 728 731 quibus
758 660 810 711 et
849 650 1392 731 omnesgscripturas
1442 650 2055 731 edisserere__Christus

526 722 799 800 dignatus
828 732 930 791 est,
953 730 1006 781 et
1037 722 1316 800 Spiritum
1333 727 1601 800 sanctum
1629 723 1809 792 misit,
1841 722 1937 794 qui
1968 735 2055 777 eos

528 796 824 859 deduceret
855 801 918 852 in
947 812 1168 851 omnem
1197 796 1517 849 veritatem.

532 873 633 928 Sec
681 868 937 942 quoniam
969 876 1077 921 tam
1123 865 1173 903 ἰο
1210 863 1463 935 expedita
1510 863 1758 934 probatio
1788 871 1889 927 est,
1922 869 1981 917 ut
2014 860 2059 916 si

461 960 579 1018 34
608 958 786 1015 statim
834 956 1161 1028 proferatur,
1195 954 1330 1008 nihil
1375 954 1484 1023 jam
1514 952 1585 1008 sit
1613 952 2005 1007 retractandum
2039 968 2056 1007 :

462 1066 526 1105 ac
554 1049 598 1103 si
642 1047 852 1120 prolata
882 1044 999 1114 (86)
1046 1060 1154 1098 non
1204 1042 1275 1097 sit
1322 1057 1353 1096 a
1400 1040 1575 1105 nobis,
1620 1040 1799 1096 locum
1846 1040 2061 1095 interim

463 1137 657 1193 demus
694 1134 918 1191 diversae
952 1132 1108 1203 parti,
1160 1131 1208 1185 si
1254 1129 1384 1201 quid
1431 1137 1622 1200 putant
1669 1129 1731 1183 ad
1782 1126 2061 1182 inﬁrman-

461 1225 585 1280 dam
615 1224 751 1278 hanc
778 1219 1245 1293 praescriptionem
1283 1232 1506 1273 movere
1556 1232 1613 1271 se
1660 1231 1846 1287 posse.
1876 1217 2066 1272 Solent

460 1313 659 1384 dicere,
689 1329 799 1369 non
828 1309 1006 1366 omnia
1036 1308 1314 1380 apostolos
1360 1306 1529 1361 scisse
1560 1304 1697 1377 (87),
1728 1306 1915 1360 eadem
1944 1304 2064 1376 agi-

460 1404 555 1458 tati
584 1399 861 1458 dementia
905 1414 1011 1470 qua
1060 1414 1244 1452 susum
1282 1396 1467 1465 jusum
1496 1395 1544 1442 ἠ
1574 1402 1895 1449 convertunt
1926 1394 2061 1464 (88),

462 1491 645 1549 omnia
688 1489 907 1562 quidem
951 1486 1229 1559 apostolos
1260 1484 1447 1549 scisse,
1480 1483 1572 1539 sed
1604 1498 1711 1538 non
1741 1482 1919 1538 omnia
1949 1496 2065 1536 om-

459 1578 622 1634 nibus
653 1576 969 1645 tradidisse;
995 1573 1051 1629 in
1081 1582 1308 1643 utroque
1337 1571 1616 1625 Christum
1647 1568 2055 1639 reprehensioni

462 1665 812 1735 subjicientes
849 1666 919 1728 ‘2,
953 1663 1045 1734 qui
1074 1670 1166 1715 aut
1192 1660 1372 1714 minus
1401 1659 1711 1728 instructos,
1743 1651 1835 1713 aut
1863 1674 2054 1729 parum

2088 454 2136 532 Δ
2168 432 2234 532 in
2254 432 2413 532 terris
2438 432 2813 532 potestatem?
2840 432 3021 488 Latuit
3051 441 3109 489 et
3131 435 3393 532 Joannem
3424 437 3544 532 (9ο)
3560 438 3756 511 aliquid

2164 521 2571 576 dilectissimum
2642 520 2873 576 Domino
2908 563 2922 587 ,
2979 523 3187 593 pectori
3244 526 3365 594 ejus
3422 526 3759 585 incubantem

2162 611 2247 666 cui
2278 611 2378 666 soli
2418 611 2677 666 Dominus
2723 612 3279 670 JudamTtraditorem
3334 617 3764 687 praemonstravit

2163 714 2324 769 quem
2355 698 2475 754 loco
2504 714 2604 753 suo
2648 698 2821 754 ﬁlium
2861 700 3043 755 Maria:
3091 701 3449 761 demandavit.
3480 703 3624 773 Quid
3666 720 3766 760 eos

2185 800 2447 857 gnorasse
2491 785 2663 841 voluit
2692 786 2893 855 quibus
2942 786 3104 841 etiam
3152 789 3381 861 gloriam
3431 806 3582 846 suam
3611 792 3767 847 exhi-

2164 874 2300 941 buit,
2332 882 2386 928 et
2430 876 2654 944 Moysen
2702 883 2757 928 et
2807 874 2983 929 Ellam
3035 885 3090 931 et
3118 877 3344 947 insuper
3382 879 3451 934 de
3492 880 3631 935 coelo
3659 881 3767 935 Pa-

2166 964 2261 1020 tris
2287 979 2473 1020 vocem
2491 969 2520 1021 ‘3
2546 979 2654 1019 non
2683 965 2839 1034 quasi
2874 974 3099 1022 caeteros
3130 969 3447 1039 reprobans,
3480 970 3573 1025 sed
3620 986 3768 1041 quo-

2165 1053 2311 1108 niam
2341 1053 2397 1108 in
2429 1054 2601 1111 tribus
2633 1056 2864 1110 testibus
2907 1057 3070 1113 stabit
3098 1073 3256 1113 omne
3282 1059 3506 1114 verbum
3536 1060 3766 1129 (Matth.

2166 1158 2315 1210 xvm,
2354 1144 2461 1212 16).
2493 1142 2887 1215 Ignoraverunt
2933 1144 3114 1216 itaque
3143 1155 3197 1201 et
3247 1146 3348 1212 illi,
3392 1147 3591 1219 quibus
3639 1156 3769 1218 post

2166 1232 2613 1287 resurrectionem
2645 1248 2861 1304 quoque
2902 1233 2959 1288 in
3003 1234 3197 1290 itinere
3225 1250 3414 1290 omnes
3461 1235 3773 1306 Scripturas

2168 1317 2407 1374 edissere
2454 1319 2710 1391 dignatus
2758 1322 2888 1376 est?
2933 1321 3156 1378 Dixerat
3201 1323 3361 1394 plane
3412 1323 3702 1395 aliquando
3755 1341 3768 1381 :

2171 1407 2349 1461 Multa
2370 1407 2536 1465 habeo
2558 1407 2743 1465 adhuc
2762 1412 2911 1466 vobis
2924 1410 3097 1483 loqui,
3114 1412 3210 1467 sed
3228 1429 3343 1470 non
3361 1413 3591 1483 potestis
3611 1413 3772 1468 modo

2169 1509 2237 1550 ea
2265 1496 2545 1551 sustinere
2582 1497 2769 1565 (Joan.
2810 1512 2931 1563 xvr,
2966 1501 3052 1564 12,
3085 1499 3174 1566 13)
3206 1518 3225 1554 :
3257 1508 3435 1555 tamen
3463 1500 3725 1568 adjiciens
3758 1519 3771 1553 :

2174 1582 2314 1638 Cum
2343 1586 2561 1640 venerit
2582 1585 2681 1641 ille
2702 1585 2951 1656 Spiritus
2978 1587 3254 1652 veritatis,
3286 1590 3401 1659 ipse
3418 1605 3509 1644 vos
3538 1587 3776 1647 deducet

2162 1674 2229 1727 in
2259 1688 2485 1729 omnem
2514 1674 2836 1739 veritatem,
2867 1674 3103 1729 ostendit
3147 1674 3274 1729 illos
3313 1675 3446 1729 nihil
3489 1676 3779 1748 ignorasse

462 1756 733 1827 simplices
779 1751 1057 1823 apostolos
1106 1748 1331 1802 miserit.
1363 1747 1499 1815 Quis
1542 1747 1593 1785 4³
1639 1746 1804 1818 igitur
1831 1748 2056 1821 integra:

2180 1776 2305 1831 {nos
2326 1776 2540 1816 omnem
2559 1760 2840 1816 veritatem
2862 1770 3249 1818 consecuturos
3270 1779 3366 1834 per
3388 1763 3645 1835 Spiritum
3667 1782 3773 1820 ve-

462 1843 660 1898 mentis
687 1840 902 1895 credere
930 1844 1111 1907 potest
1131 1834 1329 1905 aliquid
1354 1850 1447 1890 eos
1468 1834 1766 1906 ignorasse,
1787 1851 1925 1908 quos
1944 1852 2059 1890 ma-

462 1932 661 2006 gistros
689 1926 953 1983 Dominus
974 1925 1140 1990 dedit,
1163 1924 1473 1979 individuos
1492 1924 1695 1979 habens
1713 1926 1764 1961 “
1793 1924 1847 1979 in
1885 1927 2059 1981 comi-

463 2028 593 2081 tatu,
646 2016 701 2070 in
746 2013 1099 2086 discipulatu,
1150 2013 1205 2068 in
1252 2012 1533 2081 convictu;
1585 2012 1779 2083 quibus
1834 2013 2065 2068 obscura

467 2120 692 2176 quaeque
722 2102 950 2159 seorsim
982 2102 1303 2167 disserebat,
1338 2099 1447 2154 illis
1493 2099 1676 2155 dicens
1720 2100 1903 2154 datum
1939 2116 2059 2156 esse

469 2208 797 2267 cognoscere
826 2207 1038 2257 arcana,
1071 2208 1193 2262 quas
1220 2189 1421 2262 populo
1450 2188 1754 2262 intelligere
1785 2204 1893 2244 non
1920 2189 2060 2245 lice-

472 2284 591 2339 ret?
620 2282 794 2336 Latuit
823 2281 1021 2351 aliquid
1050 2280 1265 2335 Petrum
1296 2280 1410 2348 (89)
1451 2277 1778 2334 aediﬁcanda:
1806 2278 2061 2335 Ecclesiae

474 2379 680 2442 petram
712 2369 911 2424 dictum
938 2369 1157 2439 (Matth.
1188 2370 1408 2432 “1,18.
1433 2368 1545 2435 19),
1568 2366 1746 2422 claves
1776 2367 1925 2437 regni
1952 2383 2070 2423 coe-

473 2476 653 2531 lorum
682 2466 1050 2522 consecutum,
1082 2464 1136 2512 et
1165 2454 1409 2512 solvendi
1427 2464 1478 2509 et
1498 2454 1755 2526 alligandi
1776 2455 1831 2510 in
1846 2456 1999 2512 caelis
2019 2468 2073 2514 et

2168 1847 2340 1902 ritatis
2386 1848 2804 1920 repromiserat;
2859 1856 2913 1904 et
2951 1850 3138 1921 utique
3185 1851 3433 1922 implevit
3483 1852 3778 1922 repromis-

2168 1951 2290 1991 sum
2314 1935 2449 2007 (9l),
2469 1937 2833 2007 probantibus
2860 1938 3011 1993 Actis
3041 1939 3414 2010 apostolorum
3443 1939 3774 1995 descensum

2168 2023 2403 2095 Spiritus
2475 2026 2668 2081 sancti.
2711 2025 2885 2094 Quam
2932 2027 3270 2098 Scripturam
3318 2028 3411 2099 qui
3466 2043 3575 2084 non
3629 2028 3778 2084 reci-

2170 2111 2327 2181 piunt
2352 2111 2467 2169 35
2500 2114 2633 2184 (92),
2662 2131 2761 2169 nec
2794 2115 3029 2188 Spiritus
3058 2117 3232 2172 sancti
3255 2133 3372 2172 esse
3414 2124 3664 2188 possunt,
3684 2116 3780 2187 qui

2168 2200 2401 2255 necdum
2448 2202 2493 2237 ’⁸⁸
2535 2201 2796 2272 Spiritum
2838 2202 2890 2239 ⁴⁶
2940 2203 3154 2271 possint
3190 2219 3488 2273 agnoscere
3531 2204 3781 2260 discenti-

2169 2289 2271 2343 bus
2325 2288 2571 2355 missum,
2630 2289 2727 2345 sed
2786 2305 2885 2344 nec
2938 2290 3237 2346 Ecclesiam
3292 2289 3601 2356 defendere,
3660 2292 3777 2361 qui,

2180 2376 2397 2447 quando
2426 2384 2480 2431 et
2500 2375 2701 2447 quibus
2720 2375 3059 2433 incunabulis
3082 2378 3383 2434 institutum
3414 2386 3498 2433 est
3526 2380 3629 2433 hoc
3649 2395 3778 2434 cor-

2181 2480 2305 2535 pus,
2338 2465 2566 2536 probare
2597 2480 2705 2520 non
2735 2465 2949 2522 habent.
2980 2467 3134 2522 Tanti
3162 2466 3396 2522 estenim
3414 2465 3520 2520 illis
3538 2469 3651 2535 (93)
3672 2483 3778 2523 non

1872 2555 1921 2614 v
1997 2561 2007 2570 .

548 2638 599 2676 ⁴⁰
622 2638 951 2713 ίΤιᾳω-δεξνῃι.
980 2637 1040 2713 ἐξ
1060 2636 1268 2713 Rursus
1282 2652 1385 2707 pro
1410 2634 1811 2713 susumjusunm
1840 2576 2071 2713 δεέῗῖᾶὶ

2180 2574 2815 2713 ῗῐὶὲιῖἓῗὶὀίθηιθέδεγηι.
2848 2644 2899 2681 ⁴³
2926 2644 3028 2713 Qui
3076 2647 3259 2702 Venet.
3292 2644 3416 2713 quis
3444 2643 3587 2698 enim
3616 2647 3777 2699 Ραηιο

481 2711 733 2786 Serrtl._’*’*
760 2710 983 2786 Habitos
1005 2708 1177 2765 Seml.
1212 2706 1373 2763 Pam.
1406 2706 1456 2742 ’⁸⁵
1485 2706 1713 2772 Spiritus
1740 2706 1917 2762 Sancti
1950 2724 2072 2764 esse
2096 2724 2346 2781 possunt,
2378 2706 2471 2786 qui
2502 2716 2729 2772 necdum
2760 2706 2968 2772 desunt
3011 2719 3075 2772 in
3118 2706 3391 2772 Pamelio.
3432 2713 3483 2751 ἰδ
3528 2714 3780 2771 Sanctum

477 2782 604 2837 add.
637 2783 796 2837 Pam.
830 2781 999 2837 Seml.

1868 2848 2366 2922 Commentarius.

550 2932 667 2999 (86)
683 2934 757 2987 Ac
774 2931 1075 3003 siprolata.
1094 2929 1153 2983 Id
1166 2936 1266 2994 est,
1276 2931 1515 3003 perinde
1526 2946 1592 2985 ac
1614 2931 1663 2985 si
1678 2928 2071 3003 prolataﬁnn.

553 3004 665 3072 (87)
691 3000 1041 3081 _N0n_orrtnia
1070 3000 1347 3081 apostolos
1366 3005 1534 3081 scisse
1551 3022 1567 3056 :
1602 3000 1942 3081 DeiPa-tfibus
1973 3002 2075 3081 hoc

480 3071 658 3155 ipsum
687 3072 927 3155 haeretici
962 3071 1129 3155 nostri
1161 3074 1419 3143 temporis
1450 3072 1734 3154 afﬁrmant.
1769 3071 1905 3143 Hyp.
1934 3073 2076 3129 enim

484 3143 562 3214 (iu
594 3145 862 3213 Methodo)
904 3165 929 3195 «
980 3144 1147 3198 multa
1200 3159 1295 3198 eos
1342 3144 1648 3200 necessario
1698 3143 1999 3215 ignorasse.
2049 3168 2072 3197 ιι

479 3218 838 3271 Wihtakerus
857 3215 952 3279 ait,
985 3232 1079 3270 eos
1108 3235 1135 3265 ν
1167 3215 1239 3287 in_
1253 3216 1439 3271 multis
1470 3215 1753 3287 insigniter
1785 3232 2010 3271 errasse.
2047 3236 2072 3267 ι

478 3289 557 3359 De
585 3288 873 3359 Apostolis
892 3302 1072 3359 nemo,
1097 3285 1260 3359 quod,
1283 3288 1472 3359 sciam,
1501 3285 1707 3359 diserte
1727 3287 2073 3359 asseveravit.

479 3356 619 3425 Quin
635 3354 821 3429 potius
849 3354 1139 3429 Catholicis
1164 3355 1217 3408 id
1240 3354 1506 3429 impingit
1522 3354 1783 3429 Kimedou
1810 3354 1897 3429 (de
1917 3354 2076 3429 verbo

480 3422 749 3498 Dei),quo
767 3424 1128 3498 jure,vid_eri_t_,
1162 3424 1253 3476 sed
1288 3422 1462 3498 tamen
1490 3423 1635 3498 haud
1665 3422 1929 3498 a_bsimilia
1954 3424 2076 3498 istae

479 3491 739 3561 larva3,'ut
765 3491 885 3551 cum
905 3494 979 3547 ait
999 3493 1357 3561 Bullengerus
1384 3493 1439 3545 id
1471 3491 1859 3555 decad,Germ.
1898 3514 1918 3541 ιι
1953 3493 2075 3547 Non

480 3569 736 3625 habuisse
780 3562 1053 3636 apostolos
1109 3561 1406 3633 plenariam
1470 3569 1808 3636 p0testatem.
1849 3581 1887 3636 _»
1947 3564 2074 3618 Lac.

554 3640 668 3709 (88)
704 3632 1057 3709 Qua—Arursus
1088 3638 1447 3690 convertunt.
1479 3632 1533 3709 In
1572 3632 1863 3709 exemplari
1894 3636 2075 3709 Agob.

483 3704 679 3791 igitur
708 3704 735 3765 :7
759 3726 797 3785 σι⁸
818 3704 939 3791 Qua
971 3720 1157 3784 susum
1204 3716 1460 3791 rorans...»
1493 3705 1929 3791 [itcon’iirmatu‘r
1950 3704 2073 3791 eqd.

486 3774 820 3849 Divionensi.
855 3776 1193 3849 Augustinus
1221 3774 1277 3828 in
1306 3776 1475 3846 Epist.
1506 3776 1749 3847 Joaanis,
1782 3784 1935 3849 tract.
1992 3780 2022 3849 8
2058 3795 2071 3832 :

488 3872 515 3900 ι
547 3848 707 3918 Quod
736 3847 1140 3918 susum,'facias
1167 3850 1381 3916 jusum;
1415 3849 1555 3917 quod
1585 3849 1859 3916 deorsum,
1913 3847 2078 3903 facias

486 3917 722 3977 sursum.
754 3920 962 3987 lusum,
993 3935 1075 3973 VIS
1105 3917 1278 3972 facere
1310 3918 1500 3983 Deum,
1532 3928 1585 3974 et
1616 3929 1663 3973 te
1693 3920 1921 3973 susum?
1946 3919 2080 3973 Prse-

486 3992 745 4065 cipitaris,
791 4006 895 4046 non
949 3988 1203 4059 elevaris;
1250 3989 1351 4065 ille
1396 3990 1541 4045 enim
1597 4006 1809 4065 semper
1865 4005 2075 4065 sursum

484 4060 592 4133 esi;
630 4086 655 4113 ιο
686 4074 738 4119 et
784 4070 937 4117 tract.
990 4066 1056 4115 10
1102 4078 1127 4133 :7
1169 4081 1190 4111 ο
1246 4060 1439 4116 Susum
1484 4077 1570 4115 me
1617 4064 1871 4133 honores,
1896 4061 2076 4133 jusum

484 4136 678 4192 calcas.
718 4155 741 4185 ι
774 4134 960 4204 Itaque
988 4132 1074 4187 hic
1116 4132 1428 4203 legendum,
1464 4133 1735 4205 «_Eadem
1767 4132 1953 4205 agitati
1983 4134 2076 4188 de-

485 4208 685 4264 mentia
714 4221 818 4277 qua
848 4203 1035 4277 susum
1067 4212 1407 4277 convertunt.
1444 4223 1479 4277 ii
1498 4203 1632 4277 Bia.

556 4280 672 4351 (89)
693 4274 1139 4351 Latuitlaliquid
1175 4276 1429 4351 Petrum.
1451 4275 1638 4351 Simon
1660 4275 1929 4351 Bac-Iona
1951 4274 2071 4351 dic-

488 4345 576 4405 tus
603 4345 683 4405 est
712 4366 740 4401 a
759 4345 992 4402 Domino
1016 4345 1227 4414 Petrus,
1255 4346 1400 4416 quod
1421 4346 1628 4416 primus
1656 4346 1841 4416 agnito
1857 4345 2074 4401 Christo

528 4419 895 4475 ronunliavit:
949 4420 1024 4473 Tu
1070 4434 1125 4473 es
1179 4417 1429 4473 Christus
1461 4418 1639 4473 Filius
1682 4417 1780 4473 Dei
1810 4418 2071 4473 viventis.

528 4437 895 4475 ronuntiavu:
951 4437 1024 4473 tu
1070 4437 1125 4473 εις
1179 4437 1429 4473 Christus
1461 4437 1639 4473 unus
1682 4437 1779 4473 uet
1810 4437 2071 4473 υιυεηιῑδ.

486 4437 618 4560 Quae
649 4506 751 4545 vox
778 4486 1046 4561 professio
1091 4486 1192 4543 fuit
1219 4502 1363 4543 verae
1394 4488 1546 4556 ﬁdei;
1580 4490 1721 4561 unde
1741 4489 1932 4561 Petru_s
1969 4504 2081 4561 me-

487 4558 596 4639 ruit
627 4558 829 4639 audire,
863 4560 1349 4639 sive‘petrasuper
1377 4575 1539 4639 quam
1571 4558 1859 4639 gdiﬁcaret
1887 4558 2081 4614 Eccle-

488 4634 623 4689 siam
653 4632 900 4690 Christus
931 4648 945 4683 :
978 4631 1066 4685 hic
1092 4631 1233 4685 enim
1264 4631 1409 4685 idem
1451 4638 1535 4686 est
1580 4631 1769 4685 Petrus
1815 4636 1869 4684 et
1908 4640 2077 4700 petra.

488 4706 615 4761 R16.
649 4702 1078 4761 emendantibus
1107 4702 1245 4755 Enn.

559 4778 671 4844 (90)
682 4777 871 4832 Latuit
884 4778 937 4829 et
951 4771 1622 4843 Joannem.Hieronymus,
1644 4770 1858 4842 praef.in
1870 4772 2034 4827 Matth
2044 4790 2081 4827 .:

493 4867 519 4898 α
549 4847 781 4902 Ultimus
809 4847 1046 4899 Joannes
1075 4844 1345 4915 apostolus
1373 4853 1427 4898 et
1454 4844 1973 4914 evangelista,quem
1995 4844 2083 4897 Je-

488 4934 584 4974 sus
600 4919 793 4973 amavit
815 4914 1141 4987 plurimum;
1155 4914 1246 4984 qui
1264 4931 1430 4987 supra
1446 4926 1633 4985 pectus
1650 4916 1862 4987 Domini
1882 4930 2085 4987 recumf

489 4991 642 5059 beris,
674 4984 960 5059 purissima
995 4984 1359 5059 doctrinarum
1410 4984 1617 5059 ﬂuenta,
1642 4986 1871 5059 potavit,
1910 4984 2080 5059 et_qui

493 5056 644 5115 solus
674 5056 741 5115 de
771 5075 931 5114 cruce
962 5058 1155 5112 meruit
1184 5057 1399 5111 audire:
1432 5059 1568 5112 Ecce
1601 5058 1773 5111 Mater
1799 5062 1919 5111 tua.
1954 5056 2078 5109 Bia.

561 5132 966 5210 (91)Et.utigue
996 5130 1252 5210 impleuit
1281 5132 1701 5210 repromissum.
1728 5130 1811 5210 Au
1834 5129 1968 5190 hanc,
1991 5134 2085 5180 aut

491 5198 707 5259 demum
734 5202 822 5256 illa
861 5198 916 5255 in
948 5198 1124 5271 capite
1156 5202 1244 5268 27,
1274 5198 1939 5271 cu’mMontanismobone
1961 5213 2083 5271 cou-

490 5275 719 5339 veniam,
758 5274 910 5327 valde
941 5268 1143 5325 dubito.
1178 5271 1335 5326 Certe
1367 5270 1417 5322 in
1445 5270 1583 5323 libro
1612 5268 1689 5324 De
1737 5269 2079 5339 Monogamia

492 5345 815 5402 Montanista
843 5344 952 5411 jam
984 5343 1156 5398 factus
1183 5340 1541 5397 Tertullianus
1564 5340 1633 5411 ita
1666 5340 1853 5393 scribit
1886 5357 1899 5394 :
1925 5341 2082 5411 Para-

497 5440 519 5468 α
552 5419 722 5475 cletus
748 5416 826 5486 (h.
844 5410 905 5469 re.
921 5421 982 5469 ut
1000 5414 1088 5469 ille
1108 5412 1326 5486 statuit,_
1343 5410 1646 5486 Montanus)
1664 5411 1852 5486 multa
1876 5410 2083 5466 habens

492 5491 713 5547 edocere
759 5482 887 5561 qua;
922 5488 1011 5561 (in
1066 5486 1237 5541 illum
1291 5482 1518 5561 distulit
1540 5484 1849 5561 “Dominus
1893 5499 2085 5561 secun-

491 5561 629 5618 dum
643 5553 1115 5634 prwﬁm'tionem,
1142 5563 1273 5625 etc.,
1300 5569 1420 5624 cap.
1455 5557 1506 5608 2.
1539 5553 1605 5609 Et
1634 5566 1821 5624 postea
1848 5570 1968 5625 cap.
2012 5556 2078 5608 14

2108 2955 2151 3032 c
2181 2935 2520 3032 ilt‘fﬂz..lib.'i

2572 2954 2585 2994 :
2638 2957 2663 2988 α
2705 2936 2970 3009 Regnavit
3016 2936 3215 3009 duritia
3261 2937 3441 2993 cordis
3489 2953 3664 3007 usque
3712 2936 3781 3009 ad

2188 3006 2484 3079 Christum;
2532 3006 2869 3079 regnavit—et
2927 3008 3210 3064 inﬁrmitas
3253 3010 3429 3063 carnis
3487 3006 3657 3079 usque
3714 3007 3782 3061 ad

2187 3078 2544 3135 Paracletum.
2592 3078 2741 3136 Nova
2789 3080 2876 3135 lex
2943 3080 3169 3136 abstulit
3231 3081 3532 3150 repudium.
3576 3078 3786 3133 'llabuit

2189 3150 2335 3229 quod
2364 3154 2597 3234 auferret
2637 3168 2775 3209 nova
2822 3152 3463 3234 prophetiatsecundum.
3496 3150 3784 3229 matrimo-

2186 3220 2335 3272 nium
2367 3236 2474 3273 non
2522 3225 2700 3275 minus
2746 3220 3024 3289 repudium
3076 3220 3296 3289 prioris.
3352 3242 3373 3266 ν
3409 3221 3499 3274 Sic
3537 3220 3675 3271 enim
3708 3220 3787 3270 in-

2190 3298 2453 3359 terpungo
2483 3290 2681 3342 locum.
2718 3296 2750 3341 tt
2762 3305 2931 3345 cum.

2260 3357 2589 3426 (972)'Quam
2617 3359 2963 3426 scripturam
2991 3359 3092 3426 qui
3120 3372 3235 3412 non
3262 3357 3569 3426 recipiunt.
3606 3357 3783 3411 Mani-

2191 3425 2352 3496 chBi,
2388 3426 2559 3496 inquit
2617 3425 2930 3494 Quintinus,
2976 3425 3199 3495 prorsus
3243 3425 3545 3480 eum’NOVi
3596 3428 3783 3482 Testa-

2192 3495 2360 3550 menti
2408 3495 2626 3567 librum,
2669 3497 2761 3567 qui
2810 3497 2975 3551 Actus
3023 3497 3394 3566 apostolorum
3446 3496 3777 3567 inscribitur,

2187 3580 2296 3621 non
2329 3566 2680 3638 recipiebant.
2715 3569 2771 3621 In
2805 3584 2959 3622 suum
2991 3583 3185 3637 nempe
3235 3569 3775 3637 Archimaniclueum,

2186 3652 2292 3692 non
2323 3637 2375 3709 in
2406 3637 2685 3709 apostolos
2713 3638 2931 3703 Christi,
2965 3638 3282 3694 asserebant
3303 3656 3514 3695 venisse
3543 3642 3610 3695 de
3639 3641 3780 3696 coelo

2192 3708 2452 3778 Spiritum
2500 3718 2744 3765 sanctum
2786 3710 3027 3765 veritatis
3068 3713 3364 3775 doctorem,
3405 3727 3560 3780 quem
3604 3712 3782 3766 Domi-

2186 3796 2291 3834 nus
2336 3781 2626 3852 missurum
2666 3797 2724 3836 se
2773 3781 2883 3836 suis
2938 3781 3195 3850 apostolis
3233 3780 3582 3852 promiserat;
3634 3783 3782 3837 inde-

2188 3866 2297 3920 que
2337 3852 2538 3907 mundo
2575 3851 2740 3907 fuisse
2783 3851 3246 3907 communicatum
3276 3868 3371 3920 per
3411 3852 3569 3907 illum
3617 3869 3779 3907 suum

2186 3922 2415 3991 Manem,
2457 3923 2549 3994 qui
2592 3926 2689 3977 sub
2730 3924 3051 3991 Aureliano,
3082 3925 3303 3994 veniens
3334 3939 3363 3977 e
3397 3923 3633 3991 Perside,
3665 3925 3779 3993 pri-

2186 4009 2331 4048 mum
2364 3993 2531 4065 coepit
2570 3994 2826 4065 insanire,
2859 3995 2964 4050 hoc
3010 4003 3110 4058 est,
3142 3993 3297 4047 annis
3326 4009 3464 4065 pene
3500 3994 3776 4060 trecentis,

2184 4076 2327 4120 certe
2374 4081 2442 4119 an
2474 4064 2599 4135 plus
2645 4083 2806 4137 quam
2854 4065 3099 4120 ducentis
3146 4064 3431 4136 sexaginta
3474 4072 3596 4135 post
3627 4065 3778 4137 illam

2186 4140 2536 4205 stupendam,
2570 4144 2623 4191 et
2666 4136 3042 4192 admirandam
3092 4136 3427 4200 missionem,
3478 4136 3545 4189 de
3588 4152 3695 4207 qua
3725 4136 3780 4189 in

2183 4222 2306 4277 cap.
2341 4212 2372 4278 2
2402 4208 2666 4261 dictorum
2710 4213 2830 4262 Act.
2874 4208 3152 4278 apostolic.
3196 4208 3446 4278 Dumque
3499 4208 3781 4277 Scriptura

2183 4277 2467 4332 manifesto
2489 4292 2812 4350 coargueret
2842 4279 3125 4349 impudens
3170 4277 3394 4350 istorum
3441 4278 3779 4350 mendacium

2185 4350 2458 4420 negabant
2484 4348 2647 4403 illud'
2670 4348 2932 4420 unquam’
2950 4350 3208 4418 scriptum
3258 4348 3444 4420 fuisse,
3477 4348 3781 4420 librumque

2111 4400 2156 4475 υ
2186 4400 3274 4491 άάῖηίίέδέιιῖξλυέίίξιῑάίιῑιιίίέξρζοεμ
3308 4400 3361 4491 δέ
3393 4400 3487 4470 lib.
3522 4418 3586 4473 de
3614 4400 3781 4491 uae;

2192 4494 2308 4546 tate
2350 4492 2613 4547 credendi
2664 4488 2867 4549 contra
2906 4488 3254 4544 Manichwos.
3306 4489 3591 4542 Montanus
3638 4490 3780 4543 idem

2189 4562 2338 4631 prius
2373 4562 2591 4627 fecerat,
2626 4563 2733 4615 imo
2771 4578 2829 4615 se
2858 4560 3189 4613 Paracletum
3218 4559 3548 4631 nominabat.
3586 4560 3777 4628 Ebion,

2190 4629 2497 4698 Cerinthus,
2528 4632 2781 4695 Marcion,
2814 4640 2865 4684 et
2913 4631 3004 4684 alii
3047 4629 3380 4685 Tertulliano
3420 4630 3632 4700 priores
3670 4646 3779 4686 non

2191 4703 2537 4773 recipiebant.
2574 4704 2708 4757 Pint.

2261 4771 2373 4843 (93)
2411 4775 2573 4828 Tanti
2619 4777 2701 4829 est
2732 4773 2885 4827 enim
2926 4772 3060 4836 illis,
3094 4779 3196 4825 etc.
3238 4771 3566 4842 Explicanda
3610 4774 3782 4827 verba

2190 4859 2309 4913 quae
2350 4854 2453 4895 tam
2501 4843 2741 4898 involuta
2769 4851 2913 4907 sunt,
2949 4852 3006 4897 ut
3035 4857 3218 4897 eorum
3250 4844 3567 4898 sententiam
3598 4843 3777 4899 inter-

2189 4922 2375 4983 pretes
2403 4913 2656 4983 expiscati
2690 4930 2796 4969 non
2828 4914 2954 4969 sint.
2988 4914 3076 4969 Ait
3118 4914 3282 4985 igitur
3322 4914 3489 4968 multa
3510 4915 3580 4985 ab
3611 4916 3780 4967 haere-

2191 4988 2309 5038 ticis
2338 4985 2521 5040 doceri
2548 4986 2895 5057 defendique,
2928 5002 3050 5055 quae
3083 4984 3294 5057 tametsi
3324 5000 3463 5057 verae
3494 4984 3621 5057 fidei
3652 5000 3781 5039 con-

2192 5066 2447 5110 sentanea
2487 5057 2593 5111 sint
2617 5099 2631 5124 ,
2671 5058 2738 5111 ad
2774 5055 2839 5110 ea
2886 5065 3062 5112 tamen
3102 5056 3436 5123 stabilienda,
3488 5055 3781 5126 Scriptura:

2190 5128 2504 5182 auctoritate
2536 5139 2590 5184 et
2626 5129 2878 5197 praesidio
2918 5142 3016 5183 eos
3048 5126 3127 5181 uti
3176 5126 3338 5191 nolle,
3368 5142 3437 5181 ne
3483 5127 3685 5182 scilicet
3714 5142 3779 5181 ex

2193 5197 2380 5253 iisdem
2424 5198 2713 5269 Scriptum
2756 5200 2888 5253 locis
2926 5207 3020 5253 aut
3058 5197 3252 5253 libellis
3282 5213 3466 5252 eorum
3498 5198 3781 5269 mendacia

2192 5268 2589 5341 convellantur,
2629 5281 2678 5324 et
2724 5270 2778 5323 in
2817 5272 2991 5341 lucem
3042 5280 3383 5339 exponuntur
3414 5286 3427 5321 :
3463 5271 3533 5323 ita
3573 5268 3685 5323 fieri
3726 5279 3783 5324 ut

2192 5340 2431 5395 libellum
2458 5340 2729 5411 qqucta
2755 5340 3124 5411 apostolorum
3152 5342 3512 5407 continentur,
3550 5342 3781 5396 maximo

2192 5426 2316 5465 cum
2355 5413 2641 5469 commodo
2675 5422 2919 5467 recusent
2949 5411 3107 5479 (illud
3148 5414 3291 5466 enim
3332 5414 3484 5467 tanti
3525 5411 3629 5465 hoc
3658 5411 3782 5466 istic

2194 5480 2493 5555 signiﬁcat),
2528 5483 2653 5555 quia
2690 5484 2793 5540 hoc
2819 5498 2928 5538 uno
2955 5482 3219 5555 Ecclesiae
3251 5483 3403 5555 origo
3431 5492 3483 5537 et
3513 5480 3781 5555 formatio,

2186 5552 2345 5620 qu'am
2391 5552 2648 5623 fatentur,
2690 5554 3048 5611 demonstrari
3098 5562 3293 5625 potest.
3336 5552 3437 5609 Per
3487 5552 3779 5612 traductio-

3894 392 3931 441 ύὲ
