4036 6172
515 333 586 390 47

1631 322 2076 387 TERTULLIANI
2108 324 2376 387 OPERUM
2415 324 2588 387 PARS
2622 324 2693 385 II.

3746 336 3821 396 48

510 454 711 530 gratias
738 450 884 526 agit:
924 464 1045 522 quin
1092 455 1275 504 tamen
1314 446 1478 504 hodie
1520 464 1645 505 cum
1701 450 1810 507 illis
1863 454 2124 524 correptis
2153 479 2199 558 Α
2231 466 2520 525 perperam
2565 449 2751 518 tincta,
2800 458 2876 506 tot
2926 466 3091 521 opera
3136 453 3261 510 ﬁdei
3310 456 3605 528 "perperam
3652 459 3824 517 admi-

509 544 672 603 unius
698 538 1054 597 institutionis
1079 537 1201 607 jura
1232 538 1479 592 miscent.

1063 628 1286 683 CAPUT
1316 628 1568 683 XXVIII.

513 721 667 794 Quod
697 723 890 776 autem
920 716 1072 790 apud
1097 718 1309 773 multos
1325 734 1509 773 unum
1526 720 1841 789 invenitur,
1865 737 1979 778 non
1994 738 2117 779 cen-

858 808 973 862 seri
1009 811 1286 873 erratum,
1333 806 1427 862 sed
1457 808 1755 863 traditum.

573 898 695 970 Age
743 911 910 962 nunc,
943 908 1129 949 omnes
1178 894 1508 965 erraverint;
1542 895 1799 967 deceptus
1845 895 1915 950 sit
1954 897 2111 968 Apo-

499 987 671 1043 stolus
719 986 786 1039 de
822 982 1126 1038 testimonio
1174 982 1451 1039 reddendo
1498 984 1823 1055 quibusdam
1870 984 1957 1054 ἠς
1989 987 2113 1041 nul-

442 1118 449 1123 .
497 1074 605 1130 lam
626 1071 929 1144 respexerit
966 1070 1198 1142 Spiritus
1246 1080 1484 1138 sanctus,
1523 1081 1582 1128 ut
1608 1089 1734 1129 eam
1781 1076 1846 1129 in
1892 1078 2111 1131 verita-

503 1170 620 1222 tem
678 1164 976 1222 deduceret
1025 1162 1211 1231 (Joan.
1260 1177 1383 1228 xw,
1434 1163 1545 1233 26),
1593 1164 1661 1218 ad
1711 1167 1812 1220 hoc
1856 1165 2112 1220 missusa

497 1252 738 1319 Christo,
771 1252 838 1307 ad
870 1252 973 1306 hoc
1005 1251 1309 1321 postulatus
1346 1254 1415 1306 de
1462 1252 1638 1318 Patre,
1665 1260 1723 1306 ut
1750 1261 1893 1307 esset
1922 1252 2112 1309 doctor

496 1344 759 1399 veritatis
800 1340 989 1411 (Joan.
1039 1350 1142 1403 xv,
1176 1340 1308 1408 26);
1368 1339 1670 1411 neglexerit
1719 1338 1961 1394 ofﬁcium
2012 1340 2109 1395 Dei

494 1429 746 1498 villicus,
808 1426 1005 1483 Christi
1064 1425 1335 1493 vicarius,
1393 1425 1580 1480 sinens
1634 1426 1903 1482 Ecclesias
1952 1427 2111 1484 aliter

494 1517 715 1575 interim
772 1515 1099 1585 intelligere,
1147 1512 1305 1567 aliter
1361 1515 1602 1579 credere,
1669 1530 1831 1586 quam
1865 1516 1936 1576 ,⁷6
1991 1516 2108 1587 ipse

492 1622 593 1678 per
648 1603 923 1673 apostolos
970 1600 1340 1670 praedicabat:
1400 1602 1593 1673 ecquid
1646 1604 1944 1660 verisimile
2004 1614 2104 1673 est,

488 1701 553 1749 ut
606 1699 686 1748 tot
724 1707 786 1748 ac
834 1696 995 1746 tantas
1035 1689 1089 1742 in
1138 1705 1295 1743 unam
1335 1689 1497 1745 ﬁdem
1545 1692 1889 1749 erraverint?
1915 1692 2108 1749 Nullus

492 1781 636 1837 inter
662 1780 869 1837 multos
898 1786 1122 1835 eventus
1161 1793 1302 1832 unus
1330 1786 1412 1833 est
1441 1778 1557 1849 (16)
1597 1779 1776 1835 exitus
1817 1795 1835 1836 :
1865 1780 2104 1836 variasse

2231 542 2453 596 nistrata
2482 540 2613 611 (18),
2648 547 2724 596 tot
2769 540 3017 611 virtutes,
3065 551 3143 598 tot
3188 546 3512 601 charismata
3539 548 3587 585 ει
3632 565 3822 621 perpe-

2225 645 2339 684 ram
2386 638 2626 700 operata,
2664 638 2741 683 tot
2788 630 3107 696 sacerdotia,
3137 639 3214 686 tot
3261 634 3563 690 ministeria
3610 637 3661 674 82
3699 656 3824 707 per-

2224 734 2407 789 peram
2469 718 2672 781 functa,
2722 724 2799 772 tot
2874 717 3106 791 denique
3174 724 3430 793 martyris
3486 724 3540 779 in
3596 743 3821 784 vacuum

2222 814 2475 862 coronata
2501 807 2569 862 ⁸¹ι.
2603 805 2712 859 Aut
2740 806 2786 860 si
2817 822 2913 861 nec
2942 823 3246 878 perperam,
3272 826 3371 866 nec
3398 811 3452 865 in
3485 830 3717 869 vacuum
3746 818 3816 885 85,

2220 895 2379 967 quale
2408 903 2489 950 est
2527 904 2586 949 ut
2614 900 2739 950 ante
2786 910 2875 948 res
2918 896 3015 950 Dei
3062 900 3423 965 currerent”,
3455 918 3612 972 quam
3665 907 3819 974 cujus

2219 984 2316 1040 Dei
2364 994 2549 1041 notum
2599 991 2771 1053 esset;
2818 994 2939 1039 ante
2993 984 3301 1055 Christiani,
3353 1004 3512 1059 quam
3569 993 3818 1049 Christus

2219 1072 2486 1143 inventus,
2559 1083 2682 1128 ante
2754 1072 2996 1138 haeresis,
3074 1089 3235 1144 quam
3322 1092 3448 1131 vera
3535 1080 3815 1136 doctrina?

2219 1161 2471 1216 Sedenim
2546 1160 2602 1214 in
2675 1160 2927 1216 omnibus
3011 1162 3209 1217 veritas
3292 1163 3583 1236 imaginem
3664 1182 3814 1227 ante-

2217 1250 2390 1320 cedit;
2467 1256 2589 1318 post
2668 1265 2779 1303 rem
2852 1249 3149 1304 similitudo
3227 1255 3487 1309 succedit.
3547 1255 3810 1313 Caeterum

2217 1338 2346 1393 satis
2374 1337 2612 1410 ineptum
2641 1338 2713 1408 87,
2742 1346 2801 1394 ut
2820 1338 2969 1407 prior
2988 1337 3043 1392 in
3064 1340 3311 1395 doctrina
3360 1343 3583 1398 hmresis
3614 1347 3813 1403 habea-

2215 1436 2328 1493 tur;
2364 1425 2453 1482 vel
2506 1427 2765 1498 quoniam
2823 1426 2938 1496 ipsa
2993 1436 3071 1483 est
3126 1444 3249 1500 qua:
3313 1429 3521 1486 futuras
3578 1433 3812 1491 haereses

2216 1522 2269 1569 et
2306 1515 2568 1571 cavendas
2614 1515 2995 1586 praenuntiavit
3021 1516 3231 1587 88(19).
3265 1519 3348 1572 Ad
3391 1520 3511 1587 ejus
3555 1521 3813 1579 doctrinae

2213 1603 2507 1660 Ecclesiam
2581 1604 2843 1676 scriptum
2918 1614 3032 1675 est,
3092 1605 3201 1661 imo
3261 1607 3377 1678 ipsa
3450 1609 3690 1666 doctrina
3744 1613 3812 1667 ad

2213 1693 2503 1748 Ecclesiam
2561 1708 2712 1747 suam
2737 1693 2790 1730 ⁸9
2829 1694 3017 1749 scribit
3064 1710 3079 1749 :
3128 1696 3249 1750 Etsi
3294 1698 3526 1769 angelus
3564 1698 3631 1755 de
3678 1704 3809 1759 cceIo

2213 1784 2387 1838 aliter
2407 1784 2879 1854 euangelizaverit
2909 1786 3058 1839 citra
3086 1801 3257 1855 quam
3276 1788 3714 1854 nos,anathema
3732 1795 3808 1848 sit

492 1870 753 1926 debuerat
799 1882 955 1923 error
983 1864 1031 1903 ’³⁷
1078 1865 1337 1921 doctrinae
1382 1866 1765 1922 Ecclesiarum.
1812 1870 2097 1935 Caeterum,
2134 1869 2177 1945 Β
2215 1872 2425 1940 (Galat.
2460 1887 2500 1941 ι,
2533 1872 2610 1941 8).

490 1958 637 2031 quod
686 1955 829 2028 apud
871 1955 1073 2010 multos
1117 1970 1283 2009 unum
1330 1954 1621 2025 invenitur,
1673 1972 1782 2011 non
1831 1964 1913 2011 est
1944 1972 2100 2012 erra-

487 2056 624 2116 tum,
676 2048 771 2101 sed
821 2042 1076 2099 traditum
1125 2041 1192 2100 78.
1242 2043 1458 2099 Audeat
1499 2059 1632 2119 ergo
1679 2044 1875 2117 aliquis
1917 2046 2100 2101 dicere

485 2136 612 2192 illos
648 2150 859 2192 errasse
888 2134 979 2205 qui
1012 2132 1395 2188 tradiderunt?

991 2237 1039 2287 4
1052 2229 1089 2285 I
1130 2230 1360 2285 CAPUT
1390 2230 1598 2286 XXIX.

483 2323 728 2378 Htereses
776 2322 969 2392 potius
1016 2337 1254 2385 errasse,
1302 2337 1423 2392 quae
1470 2337 1602 2377 vera
1647 2321 1907 2379 doctrina
1958 2326 2095 2379 sunt

1112 2411 1472 2482 posteriores.

551 2497 784 2570 Quoquo
839 2497 1002 2553 modo
1060 2498 1131 2552 sit
1167 2507 1405 2554 erratum
1461 2498 1599 2570 (17),
1659 2498 1843 2555 tandiu
1902 2498 2092 2571 utique

479 2586 732 2659 regnavit
757 2585 808 2623 ’³9
864 2602 1037 2653 error,
1077 2586 1315 2659 quandiu
1371 2587 1609 2642 haereses
1666 2602 1775 2644 non
1833 2598 1987 2643 erant
2018 2590 2090 2646 ⁸ο.

475 2675 708 2748 Aliquos
736 2674 1084 2732 Marcionitas
1126 2685 1181 2732 et
1227 2674 1635 2732 Valentinianos
1679 2677 1958 2733 liberanda
1993 2694 2089 2734 ve-

478 2765 611 2820 ritas
670 2766 1049 2836 exspeotabat;
1098 2764 1301 2820 interea
1340 2780 1618 2835 perperam
1674 2765 2085 2836 evangelizaba-

476 2860 585 2925 tur,
642 2870 929 2925 perperam
982 2854 1304 2910 credebatur
1358 2852 1440 2920 ⁸1,
1500 2862 1574 2909 tot
1638 2853 1804 2909 millia
1859 2854 2087 2909 millium

2206 2013 2545 2092 Marcionem
2571 2014 2727 2092 enim
2746 2017 2801 2068 et
2841 2016 3217 2092 Valentinum,
3242 2018 3306 2092 in
3327 2017 3664 2074 catholicam
3680 2023 3803 2092 pri-

2277 2103 2367 2142 mo
2397 2086 2721 2141 doctrinam
2751 2085 2901 2157 apud
2931 2086 3243 2141 Ecclesiam
3266 2085 3797 2147 Romanensem-sub

2282 2155 2947 2234 episcopatuAEleut—herii
2960 2157 3281 2234 credidisse;
3301 2160 3471 2215 donec
3491 2162 3551 2234 ob
3569 2164 3795 2234 inquie-

2276 2225 2396 2302 tam
2418 2225 2811 2302 curiositatem
2844 2225 2953 2282 42
2972 2230 3145 2302 semel
3173 2225 3655 2302 etiterumejecti,
3686 2251 3796 2289 ηοω

2274 2301 2500 2373 vissime
2560 2300 2998 2373 inperpetuum
3060 2300 3361 2373 dissidium
3393 2300 3648 2373 relegati,
3701 2322 3797 2361 ve-

2271 2386 2422 2448 nena
2451 2371 2845 2448 doctrinarum
2865 2370 3591 2448 suarumdisseminarunt.
3620 2376 3797 2448 Atque

2270 2444 2420 2497 idem
2449 2442 2515 2497 de
2545 2442 2677 2497 aliis
2694 2440 2999 2511 judicium,
3017 2444 3115 2512 qui
3139 2444 3441 2499 virtutibus
3470 2448 3523 2499 et
3546 2440 3795 2502 miracu-

2272 2514 2342 2587 lis
2361 2529 2541 2587 novos
2570 2528 2636 2587 se_
2651 2514 2930 2587 apostolos
2950 2530 3085 2587 esse
3092 2514 3326 2585 probare
3357 2522 3667 2587 nequeunt.

2271 2584 2373 2640 Ubi
2435 2592 2563 2639 tunc
2618 2583 2878 2650 Marcion,
2940 2583 3187 2652 ponticus
3244 2583 3562 2657 nauclerus,
3614 2588 3795 2645 stoica:

2196 2672 2473 2728 studiosus
2491 2671 2520 2725 ?
2549 2671 2653 2727 Ubi
2689 2671 3018 2738 Valentinus,
3045 2672 3330 2743 platonica:
3350 2681 3587 2729 sectator
3608 2680 3636 2731 ε)
3655 2677 3789 2730 Nam

2197 2768 2403 2816 constat
2448 2760 2610 2827 illos,
2663 2776 2841 2829 neque
2897 2759 3033 2816 adeo
3091 2761 3217 2815 olim
3277 2761 3484 2833 fuisse,
3531 2765 3793 2819 Antonini

2196 2849 2307 2905 fere
2362 2848 2670 2920 principatu
2732 2848 2872 2917 (20),
2933 2858 2988 2903 et
3051 2849 3107 2903 in
3162 2849 3438 2905 catholicae
3513 2852 3687 2921 primo
3744 2852 3794 2890 9°

1846 2950 2041 3013 Variae
2089 2952 2409 3010 lectiones.

539 3054 591 3093 75
617 3053 951 3129 Quibusdam
963 3054 1091 3129 _del.
1126 3057 1247 3129 Rig.
1292 3057 1473 3114 Venet.
1504 3055 1556 3129 75
1583 3052 1740 3129 Quod
1783 3056 1969 3129 Venet.
1994 3051 2495 3129 Jun.A"_7_0rdinem
2526 3053 2699 3129 Rhen.
2722 3054 2859 3129 Jun.
2884 3054 3061 3129 Seml.
3080 3053 3135 3129 r78
3166 3054 3272 3129 Sed
3302 3055 3556 3129 traditum
3587 3074 3784 3129 suppr.

682 3128 850 3184 Seml.
886 3125 935 3165 79
962 3126 1175 3205 Erravit
1196 3124 1337 3182 'Jun.
1375 3128 1545 3205 Seml.
1577 3128 1628 3205 9°
1656 3128 1854 3205 Errant
1884 3128 2114 3205 Junius-1
2141 3124 2902 3205 31‘Perperammc'r‘edebatur,
2931 3127 3136 3205 neglig.
3174 3127 3425 3205 Seml..82
3464 3124 3784 3205 Ministrata,

473 3198 873 3278 Semlerﬁunus
901 3203 1104 3251 contra
1134 3212 1345 3252 omnes.
1377 3196 1428 3233 ⁸³
1458 3195 1735 3278 lliysteria,
1767 3195 2144 3278 Ii‘igqnexlib.
2179 3194 2468 3274 Agebardi.
2501 3194 2550 3229 δ’·
2582 3195 2874 3264 Perperam
2898 3202 2961 3273 et
3003 3194 3057 3248 in
3090 3194 3321 3250 vacuum
3354 3198 3575 3278 (omisso
3613 3194 3782 3278 pore?

470 3272 639 3335 nata).
671 3268 903 3324 Semler.
941 3282 1230 3337 perperam
1281 3272 1543 3337 coronata
1586 3268 1745 3320 Pam.
1783 3265 1984 3337 Rig._85
2013 3269 2119 3320 Aut
2156 3265 2219 3337 si
2260 3279 2358 3319 nec
2405 3279 2711 3337 perperam,
2746 3279 2855 3337 nec
2894 3265 2948 3318 in
2973 3280 3248 3337 vacuum,
3473 3270 3642 3325 Seml.
3677 3286 3782 3324 non

470 3353 781 3408 perperam,
809 3334 1007 3408 Venet.
1043 3334 1369 3408 'GourcysPG
1396 3337 1600 3408 Curent
1625 3334 1865 3393 Semler.‘
1890 3335 1939 3373 8"
1970 3336 2122 3408 Prior
2151 3336 2295 3389 illius
2323 3334 2582 3408 doctrinae
2612 3337 2743 3391 Jun.

1210 3354 1284 3445 εἴ.
1316 3354 1369 3374 ου
1396 3354 1600 3391 uurem
1625 3354 1859 3393 oe'mter.
1890 3354 1937 3373 °'
1974 3354 2122 3391 l’l‘lOl‘
2151 3354 2295 3389 IIIIllS
2323 3354 2582 3390 (ιοοιι-ιιιω
2612 3354 2743 3391 Jun.
2816 3354 2927 3389 Γιοι·

1210 3408 1236 3444 ⁸
1289 3406 1454 3462 Suam
1486 3406 1659 3463 abest.
1694 3409 1813 3478 Βία.
1858 3408 2041 3463 Venet.
2073 3406 2125 3446 9°
2153 3408 2211 3461 In
2240 3405 2566 3461 catholicam
2598 3421 2736 3475 pene
2767 3354 2938 3463 geml.

469 3406 522 3445 ⁸⁸
548 3406 954 3464 Praenuntiabat
993 3408 1175 3463 Venet.

2816 3334 2927 3389 rior
2955 3335 3201 3390 doctrina
3242 3339 3439 3396 Wouw.
3464 3356 3492 3396 e
3524 3344 3629 3397 vet.
3663 3340 3780 3396 cod.

1892 3504 2396 3569 Commentarius.

469 3628 596 3668 nem
640 3609 1193 3683 vocatfcommendat
1249 3610 1538 3683 Apostolus
1564 3610 1881 3683 ~Romanos,
1907 3613 2091 3683 Ephe-

469 3684 601 3749 sios,
652 3681 1058 3753 rPhilippenses,
1110 3698 1329 3737 suarum
1370 3681 1735 3753 Epistolarum
1784 3681 1970 3742 initio:
2009 3686 2088 3739 De

471 3752 698 3828 scientia
725 3768 855 3828 vero
886 3753 1229 3828 peculiariter
1270 3752 1567 3828 Romanos,
1595 3754 1671 3828 ad
1700 3770 1840 3826 quos
1863 3756 1936 3810 ait
1961 3772 2082 3828 cap.

471 3840 581 3881 xv:
620 3826 897 3901 Quoniam
928 3828 993 3901 et
1022 3826 1134 3897 ipsi
1159 3827 1322 3897 pleni
1352 3828 1483 3882 estis
1524 3825 1846 3892 dilectibne,
1880 3825 2087 3901 repleti

472 3898 633 3954 omni
662 3898 901 3952 scentia.
926 3896 1066 3950 Pan.

543 3966 665 4037 (16)
698 3968 901 4037 Nullus
929 3969 1085 4023 inter
1113 3967 1321 4023 multos
1352 3972 1586 4024 eventus
1612 3984 1762 4025 unus
1783 3974 1887 4025 est.
1912 3968 2085 4024 Casus

476 4036 677 4109 multos
704 4036 1001 4109 diSpersusi
1029 4052 1137 4092 non
1182 4053 1291 4093 uno
1329 4041 1629 4109 eodemque
1676 4041 1839 4096 modo
1868 4040 1935 4095 ab
1964 4055 2083 4095 om-

474 4107 637 4164 nibus
666 4107 951 4179 excipitur.
980 4108 1104 4163 Rra.
1135 4137 1203 4148 —
1234 4110 1437 4165 Nullus
1474 4107 1629 4165 inter
1672 4113 1882 4168 multos
1912 4127 2079 4168 even-

479 4182 572 4235 tus
610 4196 800 4236 unus:
834 4182 1023 4235 exitus
1042 4181 1289 4237 variasse
1315 4180 1580 4239 debuerat
1600 4183 1853 4241 ordinem
1874 4184 2083 4238 doctri-

478 4267 571 4325 nae
618 4253 1020 4325 Ecclesiarum.
1056 4251 1230 4325 Ita_se
1262 4253 1753 4325 habentieditiones
1789 4254 2078 4325 principes,

477 4320 591 4394 sive
632 4323 1012 4394 __Rhenaniante
1038 4361 1065 4394 ._
1106 4320 1195 4378 Sic
1246 4338 1369 4378 vero
1424 4324 1557 4378 edit.
1618 4325 1768 4379 Paris
1788 4320 1823 4383 ζ,
1866 4320 2074 4394 prima:

483 4408 509 4442 α
541 4391 735 4445 Nullus
765 4391 904 4447 inter
960 4392 1160 4446 multos
1205 4404 1429 4449 eventus
1487 4403 1590 4461 est,
1643 4412 1781 4449 unus
1816 4391 1915 4454 est.
1947 4394 2077 4449 Exi-

477 4467 564 4535 tus
609 4463 847 4535 variasse
901 4463 1158 4518 debuerat
1202 4464 1451 4519 ordinem
1498 4467 1715 4535 (error,
1762 4481 1891 4520 var.
1950 4465 2075 4521 lect.

477 4534 543 4585 ad
593 4535 762 4601 oram)
816 4533 1075 4589 doctrinae
1132 4533 1516 4591 Ecclesiarum.
1556 4558 1578 4586 ι»
1612 4537 1870 4591 Praestant
1924 4536 2073 4592 editt.

477 4602 645 4660 Paris.
701 4607 937 4661 secunda
985 4615 1038 4661 et
1090 4605 1319 4663 Franek.
1353 4625 1367 4662 :
1399 4626 1425 4657 (ι
1470 4608 1658 4664 Nullus
1700 4608 1839 4662 inter
1880 4606 2078 4664 multos

476 4683 706 4730 eventus
750 4687 831 4731 est
876 4692 1018 4732 unus
1065 4678 1261 4734 exitus.
1314 4677 1563 4733 Variasse
1609 4679 1866 4734 debuerat
1925 4695 2077 4735 error

474 4744 731 4820 doctrinae
785 4747 1182 4820 Eicclesiarum.
1236 4769 1258 4799 ι
1310 4750 1439 4805 Haec
1483 4750 1700 4820 quidem
1761 4759 2078 4806 revocarunt

473 4814 658 4887 Lupus
704 4826 759 4873 et
812 4818 1150 4885 Thomasius,
1210 4821 1304 4874 sed
1362 4814 1570 4875 monuit
1631 4822 1928 4887 Semlerus,
1972 4823 2073 4876 Ju-

474 4885 623 4961 nium
682 4903 790 4961 non
830 4890 986 4961 male
1044 4889 1297 4961 praeferre
1344 4892 1625 4948 lectionem
1666 4885 1932 4961 Rbenani,
1976 4908 2071 4947 seu

471 4956 726 5033 editionis
761 4956 1060 5033 principisf
1091 4961 1355 5033 Rigaltius
1400 4979 1525 5021 vero
1572 4964 1673 5020 hoc
1709 4966 1869 5018 modo
1913 4956 2074 5020 verba

470 5028 776 5085 ordinaviti
814 5050 839 5083 tt
880 5028 1069 5086 Nullus
1099 5028 1237 5087 inter
1280 5036 1473 5090 multos
1516 5043 1736 5091 eventus
1783 5048 1923 5088 unus
1966 5041 2064 5092 est.

466 5098 656 5155 Exitus
702 5102 934 5157 variasse
988 5104 1247 5159 debuerat
1292 5121 1444 5161 error
1485 5105 1745 5159 doctrinae
1792 5104 2064 5160 Ecclesia-

465 5185 607 5229 rum.
640 5192 667 5222 ι
716 5172 962 5245 Legerim
1007 5190 1129 5243 ego,
1167 5195 1193 5226 α
1241 5175 1434 5231 Nullus
1480 5175 1618 5228 inter
1657 5175 1853 5230 multos
1899 5190 2064 5230 even-

465 5248 549 5295 tus
598 5259 739 5298 unus
787 5245 979 5301 exitus.
1043 5247 1292 5302 Variasse
1337 5248 1631 5301 debuerant
1676 5246 1865 5300 ordine
1906 5246 1981 5312 (ιι.
2011 5263 2060 5303 e.

460 5312 561 5368 alia
592 5331 654 5369 ex
681 5317 806 5387 alia)
841 5317 1101 5372 doctrinae
1131 5317 1508 5372 Ecclesiarum.
1544 5337 1569 5367 ι
1604 5315 1746 5372 Olim
1780 5318 1961 5374 nullis
1982 5319 2059 5374 le-

455 5388 688 5457 gendum
722 5389 898 5444 minus
930 5396 1073 5443 recte
1104 5388 1380 5457 proposui.
1413 5389 1633 5444 ROUTH.

481 5524 491 5534 _
526 5456 640 5529 (17)
672 5461 894 5534 Quoquo
914 5459 1073 5534 modo
1092 5456 1168 5513 sit
1197 5456 1475 5534 erratum.
1504 5460 1723 5534 Possum
1754 5470 1929 5534 autem
1953 5476 2058 5531 0p-

455 5529 585 5581 tima
646 5529 854 5602 ratione
911 5529 1144 5602 idipsum
1209 5531 1379 5586 nostri
1442 5532 1697 5602 temporis
1750 5529 2056 5588 aristarchis

448 5600 806 5670 respondere,
858 5600 950 5672 qui
1008 5601 1268 5659 hactenus
1319 5600 1881 5660 errasse—Ecclesiam
1943 5618 2053 5661 non

2197 3620 2456 3685 verentur
2481 3610 2667 3666 dicere
2732 3611 2803 3685 .Si
2848 3611 3061 3685 aliquos
3109 3613 3447 3671 Lutheranos
3473 3623 3564 3671 aut
3608 3616 3781 3674 Calvi-

2190 3683 2889 3809 Ir’iiitastautPAnabaptistas
2923 3683 3213 3743 liberanda
3242 3689 3450 3743 veritas
3487 3693 3778 3760 exspecta-

2223 3772 2257 3809 a
2290 3798 2303 3809 .
2332 3769 2361 3807 e
2392 3771 2439 3808 ο.
2516 3770 2615 3809 au.

2223 3758 2303 3810 at.
2332 3762 2439 3808 etc.
2478 3758 2615 3809 Pax.

2269 3798 2830 3895 '(iélv'T'o-tjiirtutes,
2852 3830 2937 3882 tot
2982 3826 3350 3883 charismata.
3379 3828 3533 3882 Nulla
3580 3828 3666 3884 hic
3716 3829 3784 3884 de

2190 3896 2394 3952 virtute
2450 3905 2540 3967 aut
2596 3896 2856 3967 charitate
2913 3898 3151 3964 mentio,
3215 3900 3312 3951 sed
3367 3899 3434 3951 de
3507 3906 3778 3967 potestate

2191 3966 2386 4023 edendi
2435 3966 2704 4028 miracula,
2739 3974 2791 4020 et
2836 3966 3067 4035 Spiritus
3112 3967 3276 4023 sancti
3325 3966 3777 4025 ἀοηίεζΑιιιΑει».

2191 4039 2405 4092 -Ηᾶξο
2435 4038 2501 4091 ab
2548 4036 2703 4108 initio
2749 4053 2919 4108 usque
2964 4039 3032 4091 ad
3078 4036 3341 4092 Valentini
3388 4040 3778 4108 Marcionisque

2191 4118 2452 4178 tempora,
2488 4114 2544 4179 et
2559 4106 2673 4179 diu
2721 4117 2847 4179 post
2894 4107 2981 4161 illa
3028 4109 3083 4162 in
3132 4110 3369 4166 Ecclesia
3415 4106 3775 4179 permansisse

2188 4176 2396 4237 veteres
2426 4176 2789 4233 crediderunt.
2818 4178 3037 4235 Rourn.

2258 4250 2368 4321 (l9)
2399 4250 2645 4323 Priorin
2675 4248 2957 4323 doctrina.
2984 4251 3073 4306 Sic
3102 4252 3265 4323 vulgo
3293 4253 3564 4307 scribitur.
3598 4252 3772 4309 Omit-

2189 4322 2332 4394 tebat
2363 4320 2679 4394 particulam
2708 4324 2789 4394 in
2841 4322 3144 4394 Wouwerii
3189 4320 3379 4378 codex.
3418 4324 3644 4394 Reponit
3680 4325 3773 4378 Ju-

2190 4392 2312 4466 nius
2338 4396 2498 4466 prior
2526 4392 2669 4466 illius
2694 4392 2912 4466 (nempe
2942 4393 3199 4459 veritatis)
3226 4392 3509 4466 doctrina,
3550 4395 3770 4450 restitu-

2187 4462 2354 4533 tione,
2386 4473 2445 4519 ut
2489 4463 2582 4531 ait,
2632 4462 2929 4537 manifesta
2963 4473 3015 4517 et
3060 4464 3383 4521 necessaria.
3445 4466 3622 4520 Malim
3670 4480 3773 4537 ego

2185 4537 2293 4591 illa
2320 4552 2417 4607 pro
2446 4538 2511 4591 in
2538 4535 2855 4589 rescribere.
2898 4534 3111 4607 Βουτιι.

2254 4604 2370 4677 (20)
2390 4607 2663 4677 Antonini
2680 4606 2801 4673 fere
2817 4604 3439 4677 principatu.Videlicet
3467 4607 3768 4677 utriusque.

2183 4676 2319 4733 Nam
2350 4676 2666 4750 Valentinus
2714 4682 2950 4750 tempore
2980 4676 3239 4750 iAgntonini
3267 4677 3347 4731 Pii
3391 4677 3588 4750 vixisse
3635 4676 3769 4750 legi-

2186 4757 2293 4815 tur,
2345 4756 2399 4801 et
2431 4748 2619 4817 Cerdo
2670 4746 2931 4817 magister
2985 4746 3311 4803 Marcionis:
3357 4749 3591 4803 Marcion
3639 4746 3767 4805 vero

2182 4815 2443 4872 Antonini
2490 4815 2787 4887 Philosopi,
2843 4816 2935 4887 qui
2985 4819 3244 4874 successit
3290 4819 3403 4875 Pio.
3455 4819 3770 4876 Valentinus

2221 4889 2398 4963 uidem
2428 4896 2480 4943 et
2509 4889 2689 4963 Cerdo
2729 4888 3075 4963 sub_Hygino
3123 4899 3177 4944 et
3222 4890 3447 4963 Anicato
3474 4891 3765 4963 episcOpis,

2236 4959 2419 5014 arcion
2444 4975 2576 5015 vero
2608 4960 2710 5015 sub
2757 4959 3001 5027 Aniceto,
3035 4960 3224 5016 Sotere
3270 4965 3325 5016 et
3368 4959 3675 5030 Eleuthero,
3708 4959 3770 5018 ut

2101 5020 2147 5099 ῧ
2178 5040 2387 5086 constat
2416 5046 2481 5085 ex
2510 5031 2713 5086 Irenaeo
2742 5031 2837 5085 lib.
2873 5047 2952 5100 ιιι,
2986 5020 3253 5089 adversus
3284 5032 3541 5101 hwreses,
3573 5042 3625 5087 et
3646 5020 3765 5088 Eu-

2174 5102 2323 5158 sebio
2352 5102 2444 5156 lib.
2466 5118 2542 5159 tv.
2574 5104 2716 5158 Hist.
2750 5102 2956 5158 Eccles.
2990 5120 3112 5173 quae
3143 5113 3384 5173 tempora
3407 5104 3767 5159 Tertullianus

2174 5173 2291 5243 ipse
2322 5174 2506 5244 prociil
2538 5173 2700 5227 dubio
2737 5173 2963 5229 viderat.
2989 5173 3252 5227 Caaterum
3276 5174 3396 5228 libri
3435 5190 3622 5229 omnes
3652 5175 3768 5229 sine

2174 5245 2597 5316 transpositione
2642 5261 2749 5299 uno
2798 5260 3065 5316 consensu
3113 5245 3317 5315 legunt,
3359 5268 3379 5293 η
3414 5247 3555 5315 apud
3582 5247 3767 5301 Eccle-

2170 5316 2303 5370 siam
2329 5315 2728 5372 ’Romanensetn
2760 5316 2860 5370 sub
2912 5315 3226 5385 episcopatu
3274 5317 3548 5373 Eleutheri
3595 5319 3763 5371 bene-

2165 5387 2291 5442 dicti
2340 5389 2513 5443 donec
2553 5388 2623 5445 ob
2671 5386 2980 5458 inquietam!
3021 5402 3234 5457 semper
3291 5403 3476 5442 eorum
3537 5389 3765 5443 curiosi-

2166 5468 2348 5531 tatem,
2398 5471 2505 5515 etc.
2531 5500 2569 5531 ,ν
2602 5480 2625 5508 ι
2675 5456 2850 5530 neque
2889 5456 3109 5531 videtur
3144 5456 3501 5531 ’transpositio
3570 5476 3761 5515 neces-

2164 5529 2325 5585 saria.
2356 5530 2493 5586 Nam
2524 5528 2777 5586 ultimum'
2808 5528 3031 5602 quidem
3064 5539 3272 5602 tempus
3307 5528 3535 5602 exponit
3574 5540 3762 5587 auctor

2160 5617 2268 5676 quo
2300 5602 2516 5660 fuerunt
2541 5602 2634 5658 isti
2662 5602 2867 5667 Romae,
2902 5600 3030 5672 quia
3064 5601 3133 5657 ad
3159 5600 3537 5674 argumentum
3588 5602 3759 5672 ipsius
