4036 6172
471 394 541 452 55
1581 382 2037 445 TEBTULLIANI
2073 381 2337 444 OPERUM
2376 380 2541 441 PARS
2576 377 2646 436 ll.

2807 136 2885 218 1

3695 365 3768 426 56

472 515 794 588 nominat(l
1007 515 1127 584 1,4),
1172 510 1486 569 Valentinus
1529 510 1883 585 agnoscitur:
1917 513 2057 583 apud
2092 529 2137 606 Α
2167 505 2617 606 adulterinarum,
2662 516 2784 573 quae
2830 498 2931 606 sub
2974 494 3251 606 ‘apostolis
3279 490 3769 606 ‘fui-s‘seonabnipﬂsis

472 600 797 681 quem'JEon
836 603 930 659 ille
970 601 1154 657 nescio
1201 602 1292 673 qui
1325 600 1467 665 novi,
1506 608 1560 654 et
1607 614 1715 654 non
1759 598 1917 653 unius
1959 615 2059 655 no-

475 695 636 752 minis
691 694 825 764 (£30),
886 700 1107 766 generat
1153 706 1183 745 e
1236 706 1333 745 sua
1379 688 1597 743 Charite
1645 688 1713 753 31,
1758 688 1983 742 Sensum
2013 698 2067 743 et

473 782 799 847 Veritatem;
829 792 881 835 et
928 780 980 833 hi
1029 794 1180 849 aeque
1212 783 1496 846 procreant
1537 775 1693 839 duos,
1750 776 2064 831 Sermonem

475 879 529 924 et
566 870 737 925 Vitam
772 884 785 921 :
836 866 1034 922 dehinc
1070 874 1124 920 et
1154 864 1242 920 isti
1274 872 1530 938 generant
1568 863 1851 919 Hominem
1883 874 1936 919 et
1963 865 2068 918 Ec-

472 957 694 1019 clesiam
721 973 735 1008 ε
766 965 955 1025 estque
987 956 1102 1009 hinc
1131 953 1300 1024 prima
1327 952 1531 1026 ogdoas
1550 953 1598 990 ³²
1642 966 1875 1007 azonum.
1906 952 2070 1007 Exin-

469 1044 547 1100 de
591 1045 773 1098 decem
803 1042 912 1107 alii,
947 1050 1001 1097 et
1036 1040 1323 1096 duodecim
1365 1040 1555 1112 reliqui
1584 1056 1764 1095 aeones
1793 1040 1942 1094 miris
1972 1056 2072 1095 no-

479 1133 718 1188 minibus
773 1132 1036 1195 oriuntur,
1096 1130 1151 1185 in
1211 1145 1411 1183 meram
1451 1129 1502 1167 ³³
1559 1128 1795 1183 fabulam
1852 1128 2071 1200 triginta

481 1235 717 1276 manum.
767 1219 913 1274 Idem
966 1218 1264 1290 apostolus,
1313 1233 1434 1273 cum
1480 1217 1748 1288 improbat
1791 1217 2071 1272 elementis

434 1318 435 1321 ‘
481 1307 797 1375 servientes,
827 1304 1027 1377 aliquid
1072 1303 1429 1377 Hermogenis
1449 1305 1497 1342 3"
1543 1303 1778 1359 ostendit
1811 1305 1948 1385 (51))
1979 1306 2073 1374 qui

482 1396 762 1452 materiam
809 1409 917 1449 non
974 1404 1151 1449 natam
1209 1393 1581 1458 introducens,
1639 1392 1754 1446 Deo
1789 1407 1901 1446 non
1946 1401 2072 1447 nato

482 1499 606 1539 eam
650 1491 940 1551 comparat,
992 1490 1046 1536 et
1100 1482 1171 1535 ita
1206 1489 1430 1537 matrem
1479 1480 1868 1536 elementorum
1914 1480 2069 1536 deam

484 1571 711 1637 faciens,
746 1579 922 1642 potest
952 1571 998 1626 ei
1030 1562 1235 1626 servire
1262 1585 1425 1640 quam
1453 1570 1566 1623 Deo
1596 1577 1889 1638 comparat.
1918 1569 2075 1623 Joan-

485 1675 604 1730 nes,
636 1674 782 1726 vero,
815 1658 868 1712 in
888 1656 1231 1727 Apocalypsi,
1264 1656 1578 1727 idolothyta
1607 1656 1833 1712 edentes
1860 1659 1917 1712 et
1943 1660 2071 1711 stu-

483 1763 590 1821 pra
626 1746 1043 1804 committentes
1085 1744 1239 1811 jubet
1277 1742 1326 1780 35
1354 1743 1622 1813 castigare
1656 1760 1670 1797 :
1699 1752 1825 1799 sunt
1853 1753 1907 1800 et
1935 1759 2076 1799 nunc

485 1834 579 1888 alii
605 1832 903 1903 Nicolaitze,
921 1830 1117 1887 Caiana
1134 1830 1184 1869 36
1203 1830 1423 1885 haeresis
1442 1830 1659 1887 dicitur.
1689 1831 1761 1886 At
1776 1831 1829 1885 in
1852 1832 2077 1902 epistola

2171 592 2432 666 apostolis
2489 590 2747 644 discimus
2804 605 2820 643 :
2874 592 2927 642 et
2974 592 3150 639 tamen
3204 580 3408 635 nullam
3458 578 3769 635 invenimus

2174 683 2597 744 institutionem,
2631 679 2769 731 inter
2824 683 2901 730 tot
2949 671 3290 729 diversitates
3334 672 3381 708 3"
3433 670 3768 742 perversita-

2176 784 2307 837 tum,
2367 786 2487 842 quae
2535 770 2603 823 de
2644 768 2755 822 Deo
2811 772 3051 820 creatore
3100 761 3476 818 universorum
3538 768 3767 815 contro-

2178 861 2404 917 versiam
2461 856 2709 912 moverit.
2744 854 2916 909 Nemo
2963 854 3189 907 alterum
3231 851 3403 904 Deum
3449 852 3562 919 (52)
3597 865 3767 903 ausus

2176 960 2259 1004 est
2295 947 2576 1017 suspicari.
2615 943 2846 1000 Facilius
2874 942 2942 997 de
2988 940 3125 996 Filio
3152 956 3314 1010 quam
3347 938 3415 993 de
3465 940 3621 993 Patre
3650 939 3768 992 hae-

2178 1040 2458 1104 sitabatur,
2501 1038 2673 1091 donec
2720 1034 2952 1089 Marcion
3001 1039 3194 1101 praeter
3242 1029 3555 1084 Creatorem
3600 1027 3768 1083 alium

2178 1128 2349 1182 Deum
2380 1125 2548 1182 solius
2575 1122 2832 1179 bonitatis
2862 1120 3144 1175 induceret
3170 1134 3184 1172 :
3217 1117 3437 1189 Apelles
3472 1125 3769 1171 creatorem

2178 1218 2494 1289 angelorum
2526 1215 2574 1253 33
2602 1211 2784 1268 nescio
2812 1226 2972 1283 quem
3001 1209 3119 1280 (53)
3149 1207 3443 1278 gloriosum
3473 1207 3771 1278 superioris

2178 1305 2295 1370 Dei,
2346 1304 2540 1359 faceret
2584 1304 2756 1356 Deum
2798 1300 2932 1371 legis
2977 1306 3029 1353 et
3070 1296 3316 1363 Israelis,
3348 1295 3499 1350 illum
3548 1294 3769 1368 igneum

2178 1393 2482 1460 afﬁrmans;
2505 1390 2819 1447 Valentinus
2846 1402 3027 1442 aaonas
3056 1401 3185 1442 suos
3213 1392 3513 1459 spargeret,
3538 1392 3592 1438 et
3612 1383 3774 1437 unius

2181 1482 2350 1538 aaonis
2387 1482 2573 1536 vitium
2624 1480 2676 1535 in
2715 1479 2982 1549 originem
3021 1476 3314 1532 deduceret
3361 1473 3463 1529 Dei
3491 1473 3773 1529 creatoris.

2180 1572 2277 1626 His
2308 1570 2462 1636 solis,
2485 1578 2539 1626 et
2590 1570 2677 1624 his
2709 1567 2900 1641 primis
2952 1566 3187 1621 revelata
3214 1573 3295 1619 est
3342 1563 3539 1627 veritas
3566 1562 3777 1616 Divini-

2181 1660 2328 1726 tatis,
2378 1660 2641 1728 majorem
2697 1659 2901 1713 scilicet
2954 1654 3325 1727 dignationem
3373 1660 3425 1706 et
3478 1650 3775 1721 pleniorem

2183 1749 2406 1819 gratiam
2436 1764 2467 1801 a
2494 1746 2710 1801 diabolo
2756 1744 3081 1810 consecutis,
3112 1743 3201 1814 qui
3235 1744 3408 1797 Deum
3439 1740 3518 1793 sic
3555 1754 3777 1811 quoque

2183 1826 2411 1894 voluerit
2440 1837 2717 1905 aemulari,
2745 1844 2802 1889 ut
2839 1835 2907 1889 de
2952 1831 3212 1888 doctrinis
3240 1845 3595 1896 venenorum,
3630 1830 3776 1899 quod

486 1937 584 1977 808
622 1920 851 1975 maXime
895 1918 1236 1974 anliChl'iSlOS
1276 1927 1450 1985 νοοδῐ»
1481 1920 1574 1990 (ιιιί
1613 1919 1883 1975 Christum
1915 1936 2080 1993 nega-
2113 1917 2158 1994 Β
2189 1926 2452 1981 Dominus
2480 1923 2718 1993 negavit,
2759 1924 2875 1994 ipse
2906 1922 3107 1977 faceret
3136 1919 3430 1990 discipulos
3459 1932 3628 1989 super
3658 1934 3776 1973 ma-

486 2016 609 2066 rent
663 2008 716 2062 in
753 2023 910 2064 carne
953 2007 1199 2072 venisse,
1236 2014 1290 2063 et
1334 2007 1425 2079 qui
1480 2024 1587 2065 non
1616 2016 1864 2078 putarent
1892 2008 2074 2076 Iesum

488 2092 609 2153 esse
636 2094 825 2152 Filium
860 2095 955 2150 Dei
988 2113 1002 2149 :
1034 2095 1166 2150 illud
1195 2096 1449 2161 Marcion,
1502 2100 1603 2152 hoc
1642 2096 1851 2152 Hebion
1896 2097 2077 2152 vindi-

488 2187 650 2244 cavit.
709 2185 1032 2241 Simonianm
1081 2194 1255 2241 autem
1288 2186 1478 2258 magiae
1528 2183 1836 2256 disciplina,
1870 2186 2079 2257 angelis

489 2274 751 2340 serviens,
806 2273 992 2346 utique
1049 2282 1103 2329 et
1147 2273 1265 2343 ipsa
1302 2273 1442 2329 inter
1479 2274 1809 2330 idololatrias
1844 2274 2077 2344 deputa-

487 2364 667 2433 batur,
715 2372 768 2419 et
795 2380 827 2418 a
852 2364 1011 2419 Petro
1058 2364 1302 2434 apostolo
1338 2362 1392 2418 in
1436 2364 1556 2435 ipso
1601 2362 1816 2421 Simone
1858 2363 2079 2418 damna-

494 2452 672 2508 batur.

1015 2517 1248 2577 CAPUT
1295 2522 1556 2577 XXXIV.

497 2594 675 2664 Atque
702 2592 834 2664 adeo
855 2609 985 2648 cum
1015 2590 1258 2664 liabeant
1286 2609 1416 2649 cum
1437 2594 1554 2649 illis
1585 2595 1932 2651 consortium
1956 2611 2083 2657 sua

558 2660 985 2736 praedicationis
1005 2660 1109 2736 ξΙΐ
1130 2664 1523 2736 habereetiam
1546 2664 1931 2723 damnationis
1960 2682 2085 2721 con-

560 2734 833 2875 ;ortiurtn,
854 2734 1109 2791 maxime
1130 2751 1263 2790 cum
1285 2735 1353 2790 ab
1383 2737 1648 2809 apostolis
1672 2738 2085 2809 praenuntiata

589 2820 759 2861 uerin
791 2844 807 2861 .

589 2820 807 2861 uerint.

560 2895 687 2951 Haec
761 2905 907 2962 sunt,
967 2904 1025 2950 ut
1104 2894 1357 2964 arbitror,
1432 2910 1638 2968 genera
1714 2896 2085 2954 doctrinarum

2185 2015 2436 2088 gistrum.
2464 2012 2680 2085 Eligant
2708 2011 2874 2083 igitur
2902 2011 3005 2065 sibi
3045 2018 3288 2079 tempora
3315 2006 3577 2063 universa:
3607 2007 3779 2062 haere-

2185 2119 2293 2169 ses,
2324 2118 2445 2173 quae
2492 2101 2710 2172 quando
2752 2100 2966 2167 fuerint,
2998 2097 3291 2153 dummodo
3321 2094 3367 2133 39
3418 2094 3627 2149 intersit
3655 2110 3778 2165 quae

2184 2191 2421 2263 quando,
2442 2190 2569 2243 dum
2591 2190 2641 2227 4ο
2672 2191 2739 2244 de
2762 2190 2984 2243 veritate
3016 2204 3123 2243 non
3146 2186 3251 2240 sint
3278 2185 3412 2255 (54).
3430 2183 3630 2255 Utique
3657 2199 3782 2253 quae

2187 2281 2255 2335 ab
2274 2277 2536 2349 apostolis
2555 2278 2849 2332 nominata:
2871 2291 2976 2332 non
3000 2277 3046 2313 ⁴ι
3072 2274 3309 2342 fuerunt,
3325 2275 3425 2328 sub
3447 2272 3713 2343 apostolis
3732 2270 3785 2309 42

2186 2368 2357 2424 fuisse
2387 2382 2494 2423 non
2536 2375 2810 2439 possunt:
2850 2365 2897 2420 si
2950 2365 3093 2419 enim
3146 2363 3390 2427 fuissent,
3437 2363 3788 2419 nominaren-

2188 2463 2279 2511 tur
2336 2464 2388 2511 et
2439 2454 2594 2523 ipsae,
2662 2462 2719 2509 ut
2771 2461 2822 2509 et
2874 2454 3009 2526 ipsae
3065 2451 3399 2508 coercendae.
3457 2450 3589 2519 Quae
3646 2466 3779 2507 vero

2190 2546 2291 2600 sub
2320 2544 2581 2614 apostolis
2609 2543 2850 2612 fuerunt,
2882 2543 2937 2597 in
2977 2558 3072 2597 sua
3112 2541 3481 2597 nominatione
3518 2539 3788 2596 damnan-

2192 2639 2280 2685 tur
2304 2630 2374 2685 ‘3.
2408 2629 2533 2685 Sive
2569 2644 2705 2703 ergo
2753 2629 2957 2684 eaedem
3005 2645 3147 2684 nunc
3187 2637 3315 2685 sunt
3357 2628 3636 2699 aliquanto
3680 2643 3787 2682 ex-

2193 2718 2474 2790 politiores
2531 2720 2667 2789 (55),
2725 2733 2844 2792 qtth
2890 2720 2990 2773 sub
3035 2717 3292 2789 apostolis
3351 2716 3546 2781 rudes,
3588 2716 3787 2772 habent

2194 2823 2345 2863 suam
2385 2806 2587 2863 exinde
2628 2807 3058 2874 damnationem;
3095 2806 3207 2861 sive
3235 2806 3355 2861 alia;
3404 2806 3623 2875 quidem
3654 2804 3773 2860 fue—

2195 2896 2475 2964 runt,aliae
2505 2904 2684 2952 autem
2708 2905 2901 2967 postea
2928 2897 3133 2951 obortae
3152 2895 3467 2969 “,quidam
3498 2911 3564 2951 ex
3594 2895 3701 2950 illis
3727 2896 3779 2933 ’⁸⁵

1852 2995 2045 3059 Variae
2095 2999 2407 3058 lectiones.

561 3099 607 3139 31
634 3099 707 3171 Et
730 3113 828 3154 sua
853 3098 1110 3171 charitate
1140 3100 1372 3171 Semler.
1405 3100 1454 3138 ³³
1480 3100 1659 3156 Prima
1685 3102 1801 3157 haec
1829 3102 1952 3157 ideo
1997 3103 2159 3157 decas
2216 3102 2381 3158 Seml.
2414 3100 2583 3171 prima
2611 3100 2856 3170 ogdoade
2904 3102 3089 3157 Paris.
3132 3104 3307 3158 Fran.
3340 3102 3407 3155 de

3450 3114 3556 3171 qua
3600 3098 3776 3171 prima

487 3173 606 3225 hac
649 3170 869 3239 odgoas,
903 3169 1090 3225 adhuc
1122 3170 1284 3227 Seml.
1317 3170 1366 3209 33
1392 3171 1596 3234 Miram,
1630 3172 1751 3229 alii.
1785 3173 1834 3211 3"
1864 3174 2113 3280 Aliqgem
2157 3169 2549 3242 Hermogenem
2582 3169 2749 3228 Seml.
2784 3172 2831 3210 ³⁵
2858 3172 3084 3227 Jubetur
3132 3174 3317 3228 Paris.
3370 3169 3556 3228 Venet.
3598 3169 3771 3226 Fran.

496 3242 601 3280 Din,
636 3239 685 3278 35
711 3239 908 3280 ﬂuitant:
940 3240 1170 3280 .lenra
1214 3239 1259 3277 37
1292 3240 1357 3280 m
1388 3240 1724 3280 divos-citato:
1757 3244 1903 3280 ,ροηιι
2049 3243 2305 3280 Annalium
2348 3242 2554 3280 ρρηιιοτ-
2614 3240 2663 3279 39
2694 3243 2825 3280 Dum
2857 3258 2959 3280 nnn
3000 3243 3145 3280 thn
3204 3253 3312 3280 lum
3355 3257 3458 3280 nnn
3505 3244 3625 3280 [uox
3668 3256 3771 3280 nnn

490 3242 605 3312 Βία.
636 3239 685 3278 ³⁸
711 3239 911 3312 Gaiana
938 3240 1171 3312 Semler.
1211 3239 1259 3312 ἔτ
1292 3240 1725 3312 Utdiversitates
1754 3244 1923 3299 Seml.

2040 3243 2307 3311 Angelum
2341 3240 2572 3298 semler.
2614 3240 2663 3279 39
2690 3243 2827 3295 Dum
2857 3258 2959 3296 non
2997 3243 3167 3297 Rhen.
3204 3253 3313 3297 tum
3355 3257 3458 3295 non
3493 3244 3626 3295 Jun.
3668 3256 3775 3294 non

498 3309 947 3382 Wouw.r’f°_Dum
976 3309 1332 3382 abestlihen.
1368 3310 1415 3347 ἰι
1446 3310 1558 3382 Sub
1588 3313 1849 3382 apostolis
1902 3330 2005 3367 non
2058 3309 2226 3369 Rhea.
2265 3312 2316 3350 ⁴²
2346 3313 2446 3366 Eas
2485 3315 2663 3367 dicere
2713 3310 2840 3368 add.
2884 3315 3055 3367 Fran.
3098 3315 3197 3366 sub
3245 3311 3519 3382 Apostolis
3564 3311 3775 3368 desunt

485 3381 663 3438 Bhen.
704 3380 756 3419 ⁸³
792 3380 1094 3452 Dignantur
1122 3380 1298 3438 Rhen.
1338 3382 1387 3418 ⁴⁴
1418 3381 1552 3437 Add.
1594 3380 1718 3437 sunt
1744 3392 1794 3437 et
1824 3386 1995 3440 Fran.
2037 3386 2220 3440 Paris.
2262 3384 2312 3421 ⁸⁵
2340 3384 2610 3455 Quasdam
2637 3398 2703 3439 ex
2732 3382 2836 3436 illis
2865 3383 3037 3438 Rhen.

1887 3470 2393 3535 Commentarius.

486 3570 908 3671 :boeitsnd'icitur,
938 3569 1198 3626 veritatis.
1236 3592 1259 3622 ι
1298 3573 1505 3628 Contra
1530 3576 1793 3644 Bineses,
1824 3592 1884 3645 ιι,
1909 3593 1959 3635 c.
1983 3580 2075 3645 31,
2109 3592 2153 3671 c
2184 3583 2268 3630 tor
2323 3577 2462 3671 ejus,
2514 3575 2715 3649 alioqui
2751 3575 3031 3671 (dicﬁetur
3061 3576 3439 3671 .Tertullia'nus
3485 3577 3767 3671 erravisse,

487 3640 594 3712 52.
625 3643 845 3697 Rom.

560 3713 674 3781 (50)
708 3713 844 3768 Novi
880 3715 941 3770 et
973 3729 1089 3790 non
1117 3715 1291 3769 unius
1318 3716 1585 3790 nominis.
1611 3716 1839 3772 Eonum
1868 3720 2076 3790 primus

486 3780 687 3859 Proon,
728 3798 822 3859 seu
858 3784 1224 3859 praeexistens,
1274 3794 1325 3840 et
1371 3785 1588 3856 Bythos,
1633 3789 1745 3842 sive
1789 3780 2075 3859 profundi-

492 3853 592 3927 με,
618 3853 898 3927 dicebatur
948 3854 1275 3927 incognitus
1309 3853 1427 3927 per'
1456 3860 1607 3926 plura
1663 3853 1824 3914 saecla
1881 3861 2072 3917 fuisse.

485 3921 819 3999 ἑκαστῃ-ιο
854 3924 909 3979 in
939 3921 1179 3999 Romana
1214 3921 1342 3983 edit.
1394 3921 1655 3999 opusculi
1702 3930 1835 3986 Adv.
1876 3934 2075 3991 Omnes

486 3994 811 4066 Blereticos,
841 4011 963 4066 cap.
995 4002 1045 4053 5.
1084 3997 1299 4053 Rou'rn.

555 4064 667 4137 (5t)
694 4064 952 4139 Aliquem
980 4070 1376 4139 Hermogenem
1403 4071 1669 4127 ostendit.
1711 4072 1857 4127 Hanc
1884 4074 2073 4129 lectio-

485 4150 611 4215 nem
667 4140 1017 4215 revocandam
1063 4142 1272 4215 censui,
1306 4143 1496 4215 Acujns
1548 4144 1665 4197 loco
1709 4142 1974 4215 Rigaltius
2018 4145 2073 4200 in

483 4206 572 4287 ed:
604 4222 704 4261 sua
736 4209 1021 4287 posteriori
1058 4212 1235 4287 posuit
1258 4206 1494 4287 aliquid
1517 4206 1889 4287 Hermogenis.
1921 4215 2075 4287 Sapit

484 4280 641 4353 enim
652 4290 825 4353 vetus,
844 4280 996 4353 lectio
1044 4282 1239 4353 stylum
1269 4280 1608 4347 Tertulliani,
1651 4280 1743 4353 qu'i
1791 4285 1843 4340 in
1873 4280 2071 4341 celebri

480 4345 601 4425 loc_o
629 4348 749 4425 libri
790 4352 871 4425 _De
931 4345 1113 4425 Carne
1166 4352 1377 4425 Qhristi
1422 4370 1543 4425 cap.
1578 4345 1812 4421 Mihine
1838 4355 2067 4412 scribit:

488 4433 514 4499 ς
549 4417 749 4499 Poterit
790 4422 906 4475 haec
947 4422 1130 4492 Opinio
1170 4424 1375 4499 Ebioni
1406 4417 1713 4491 convenire,
1740 4426 1834 4498 qui
1861 4428 2067 4499 nudum

482 4486 789 4568 hominem,
819 4503 874 4546 et
916 4486 1119 4568 tantum
1154 4509 1220 4568 eg
1248 4496 1451 4552 semine
1502 4486 1828 4565 Davud,'non
1860 4497 1983 4552 item
2016 4508 2069 4555 et

481 4559 580 4613 Dei
636 4559 840 4643 lfilium.
855 4562 1136 4643 constituit
1160 4566 1410 4643 _.les_um__;_
1440 4568 1596 4640 plane
1622 4639 1632 4643 _
1650 4559 1925 4643 prophetis
1940 4641 1948 4643 _
1962 4570 2067 4643 ali-

478 4644 587 4709 quo
614 4632 1015 4709 gloriosiorem,
1049 4642 1105 4709 ut
1158 4635 1241 4709 ita
1271 4637 1324 4691 in
1352 4632 1457 4694 illo'
1481 4632 1705 4709 angelus
1734 4632 1895 4694 fuisse
1921 4640 2067 4696 dica-

480 4707 593 4780 tur,
608 4705 1066 4780 quemadmodum
1095 4707 1148 4761 in
1176 4706 1355 4780 aliquo
1379 4705 1652 4766 Zacharia.
1695 4731 1716 4761 ιι
1750 4711 1966 4769 Rou'rn.

545 4774 656 4853 (52)
685 4773 854 4853 Nemo
882 4773 1492 4853 alterum_Deum,_etc.
1524 4780 1918 4838 Haereticorum
1942 4799 2064 4853 pro-

475 4840 696 4923 fectum,
758 4844 935 4923 inquit
977 4845 1287 4923 Quintiane,
1322 4840 1455 4923 sive
1511 4867 1856 4923 progressum
1891 4840 2059 4923 vides,

475 4910 764 5005 efﬁngens
809 4910 936 5005 illud
970 4910 1397 5002 {philosophica
1425 4910 1646 5005 sch'ola':
1661 4925 1860 5005 dicitur
1902 4910 2060 5005 quam

473 4988 755 5066 verissime
813 4988 1085 5066 :_l’arvus
1134 4988 1284 5066 error
1311 4992 1391 5066 _in
1479 4995 1743 5066 principio
1799 4988 2060 5049 maximus

2184 3663 2305 3702 cum
2338 3649 2570 3702 [renisus
2599 3646 2716 3715 cap.
2751 3650 2817 3701 20
2846 3647 2962 3701 libri
2995 3646 3150 3716 primi
3201 3648 3465 3714 retulerit,
3496 3649 3773 3704 Simonem

2184 3734 2400 3787 magum
2427 3718 2724 3775 afﬁrmasse
2755 3721 2976 3789 angelos
3005 3719 3271 3773 creavisse
3312 3720 3605 3788 mundum;
3640 3720 3769 3774 illud

2183 3788 2346 3861 igitur
2401 3789 2630 3858 primum
2688 3805 2795 3845 non
2836 3788 3105 3846 docuisse
3161 3792 3424 3860 Apellem.
3487 3794 3557 3846 At
3619 3807 3772 3861 vero,

2224 3868 2544 3931 raeterquam
2572 3861 2715 3931 quod
2764 3861 2922 3915 lectio
2961 3861 3293 3931 angelorum
3334 3861 3577 3915 difﬁcilis
3606 3870 3661 3915 et
3688 3864 3773 3916 vix

2205 3930 2409 3985 erenda
2456 3942 2557 3995 est,
2596 3930 2835 3986 ostendit
2888 3934 2990 3987 hoc
3034 3930 3153 3985 loco
3199 3931 3559 3987 Tertullianus
3605 3932 3773 3999 Apel-

2184 4001 2286 4056 lem
2326 4002 2659 4056 creationem
2701 4001 2887 4056 mundi
2931 4002 3237 4058 attribuisse
3281 4003 3523 4058 inferiori
3555 4002 3771 4057 cuidam

2180 4072 2305 4138 deo,
2348 4071 2447 4126 Dei
2502 4072 2800 4144 superioris
2856 4072 3071 4144 angelo,
3129 4075 3181 4127 b.
3242 4090 3293 4128 e.
3352 4074 3558 4138 nuntio,
3610 4074 3772 4144 ignea

2180 4151 2371 4215 natura
2402 4141 2647 4212 praedito,
2679 4160 2786 4198 non
2832 4141 2959 4199 vero
3004 4145 3239 4215 angelis;
3274 4146 3329 4198 id
3374 4144 3519 4215 quod
3566 4141 3771 4199 Simoni

2178 4212 2442 4293 aliisque.
2464 4215 2733 4269 haereticis
2790 4216 3052 4293 placebat.
3078 4212 3367 4293 'Mundum
3393 4212 3406 4215 “
3434 4218 3500 4268 ab
3552 4215 3771 4293 angelis

2176 4286 2288 4338 suis
2318 4284 2622 4339 institutum
2670 4301 2791 4340 esse
2821 4285 2954 4339 dixit
2998 4286 3203 4349 Simon,
3238 4287 3497 4341 referente
3534 4284 3770 4340 Auctore

2176 4370 2445 4425 anonymo
2465 4356 2599 4413 Adv.
2629 4362 2829 4415 Omne:
2860 4358 3113 4422 haereses,
3148 4373 3264 4425 cap.
3298 4360 3350 4411 2.
3378 4358 3589 4412 Roum.

2247 4428 2368 4500 (54)
2399 4428 2533 4500 Quae
2563 4428 2781 4500 quando
2808 4429 3049 4497 fuerint,
3083 4428 3216 4500 dum
3246 4444 3362 4500 non
3386 4430 3617 4483 intersit
3645 4444 3769 4500 qua,

2212 4498 2401 4553 uando
2432 4499 2496 4553 de
2526 4497 2764 4555 veritate
2793 4515 2908 4552 non
2927 4500 3062 4553 sint.
3099 4497 3188 4552 Sic
3219 4498 3370 4551 editt.
3400 4497 3768 4553 RhenaniQAit

2217 4569 2472 4633 emlerus,
2503 4570 2695 4623 Junius
2738 4570 2875 4636 conj.
2920 4586 2944 4616 α
2980 4566 3110 4634 Quae
3150 4568 3366 4638 quando
3397 4568 3615 4628 fuerint.
3652 4576 3767 4622 tum

2175 4655 2284 4693 non
2314 4640 2542 4695 intersit.
2579 4659 2601 4688 ι
2656 4641 2839 4693 Putem
2881 4646 3026 4692 recte
3078 4641 3277 4694 habere
3326 4640 3567 4695 Rhenani
3594 4641 3677 4708 (ll.
3713 4657 3760 4695 e.

2173 4709 2261 4765 ed.
2314 4710 2653 4781 principem).
2701 4710 2825 4763 Haec
2871 4708 3097 4781 Semler.
3136 4711 3511 4765 lnterserendo
3559 4711 3765 4765 addunt

2174 4778 2499 4851 particulam
2527 4778 2663 4834 dum
2704 4788 2824 4833 ante
2874 4794 3034 4851 voces
3059 4779 3126 4836 de
3173 4784 3408 4837 veritate
3454 4798 3570 4836 non
3616 4782 3759 4847 sint,

2170 4849 2294 4924 edd.
2356 4851 2523 4903 Paris.
2567 4857 2791 4924 utraque
2836 4859 2890 4924 et
2937 4849 3162 4924 Franek.
3212 4852 3390 4924 Edidit
3441 4852 3759 4924 Rigaltius:

2177 4942 2199 4969 ι
2262 4920 2396 4995 Quae
2431 4920 2666 4995 quando
2722 4920 2953 4995 fuerint,
3003 4922 3296 4995 dummodo
3344 4920 3581 4995 intersit,
3640 4940 3762 4995 quae

2096 4973 2141 5048 Β
2168 4973 2383 5063 quando
2413 4973 2551 5044 dum
2571 4973 2655 5045 de
2686 4973 2916 5046 veri—late
2940 4973 3293 5047 'nori”'§iiiif;
3329 4973 3760 5063 Sé'd'FéBosliEl

473 5064 558 5137 est
585 5055 640 5109 in
670 5054 796 5112 ﬁne.
838 5057 926 5137 Bis
968 5060 1021 5114 in
1060 5064 1271 5137 synodo
1300 5054 1605 5137 Gangrensi
1653 5054 1930 5137 declarare
1968 5080 2064 5137 co-
2156 5054 2278 5116 runt
2310 5062 2500 5137 L_upus
2527 5063 3033 5137 atqueThomasius
3059 5063 3193 5118 dum
3223 5081 3341 5119 non
3372 5054 3623 5120 intersit.
3658 5066 3763 5137 To-

472 5124 754 5210 nabamur,
814 5124 1189 5210 vulpes__istas
1251 5124 1478 5210 invicem
1531 5135 1719 5191 caudis
1792 5134 2057 5210 colligari,

470 5195 703 5277 scilicet,
753 5195 923 5256 unius
979 5202 1206 5274 alicujus
1262 5206 1754 5277 haereseosgreum,
1804 5195 2061 5276 paulatim

469 5262 586 5320 ﬁeri
626 5284 777 5347 reum
817 5262 1151 5339 ceterarum,
1200 5284 1479 5347 totumque
1523 5262 1753 5331 demum'
1785 5262 2059 5345 comburi;

468 5347 593 5393 sunt
629 5344 773 5395 enim
801 5353 1183 5399 concatenata).
1218 5345 1356 5400 Pan.

521 5410 648 5490 ,(53)
656 5410 977 5470 Creatorem
993 5416 1259 5490 angelum
1277 5419 1465 5490 nescio
1484 5432 1666 5490 quem.
1698 5417 2062 5490 Angelumle-

464 5485 699 5560 ctionem
737 5497 975 5560 veterum
1020 5485 1141 5540 ante
1172 5486 1466 5560 Rigaltium
1493 5485 1802 5560 editionum
1827 5504 1924 5560 pro
1964 5489 2057 5545 illa

462 5553 791 5632 gngelorum
836 5553 1275 5632 bene_revocavit
1301 5560 1506 5632 Lupus.
1550 5558 1654 5616 Sed
1693 5553 2055 5632 vero'praztu-

458 5618 521 5676 lit
539 5618 895 5695 angelorum
939 5627 1280 5700 Thomasius,
1329 5618 1477 5704 quia,
1506 5633 1568 5687 ut
1605 5640 1792 5689 censet
1828 5618 2050 5691 annota-

908 5900 937 5919 κ

2173 5142 2283 5186 tum
2335 5133 2513 5189 locum
2562 5133 2637 5187 ita
2684 5133 2928 5203 legerim,
2959 5144 3010 5189 et
3057 5138 3477 5202 interpunxerim
3516 5158 3527 5193 :
3588 5155 3611 5188 ι
3650 5136 3759 5190 Eli-

2208 5212 2307 5278 ant
2329 5204 2490 5277 igitur
2536 5204 2639 5258 sibi
2676 5216 2913 5278 tempora
2951 5204 3213 5259 universae
3260 5207 3509 5270 haereses,
3542 5208 3759 5278 quando

2197 5275 2392 5339 ueriui,
2422 5291 2543 5329 cum
2592 5291 2698 5330 non
2730 5275 2957 5339 intersit,
2992 5291 3135 5346 quae,
3169 5282 3384 5346 quando
3414 5280 3481 5334 de
3528 5275 3757 5333 veritate

2167 5361 2272 5401 non
2304 5345 2430 5400 sint.
2467 5367 2489 5396 ι
2525 5347 2740 5402 Rourn.

2241 5420 2354 5490 (55)
2384 5418 2530 5474 Sunt
2558 5418 2861 5490 aliquando
2890 5416 3276 5487 expolitiora.
3310 5438 3337 5470 α
3365 5419 3557 5489 Audis,
3582 5421 3757 5490 inquit

2165 5484 2475 5554 Quintinus,
2536 5484 2769 5546 haereses
2822 5484 2984 5543 rudes
3031 5492 3284 5558 primum,
3333 5484 3551 5547 deinde
3590 5484 3754 5547 factas

2162 5559 2529 5634 expolitiores.
2570 5580 2594 5611 ι
2624 5562 2723 5634 λΑδ
2763 5559 2919 5614 annis
2955 5560 3309 5634 quadraginta
3348 5563 3427 5619 sic
3453 5563 3615 5617 etiam
3646 5579 3750 5619 no-

2158 5631 2273 5687 vari
2315 5640 2595 5704 omperunt
2621 5632 2875 5703 haereses,
2900 5640 2962 5687 ut
3012 5631 3214 5705 quanto
3267 5633 3392 5705 quis
3435 5635 3490 5690 in
3544 5635 3747 5706 graeci-
