4042 6172
313 327 389 394 ’57
1453 332 1652 394 LIBER
1689 332 1774 392 DE
1812 331 2475 396 PRESCRIPTIONIBUS.
3143 368 3147 372 -
3541 333 3614 394 58

315 470 710 535 usurpaverant
738 461 868 554 (56),
894 460 1145 516 habendo
1172 477 1296 518 cum
1327 461 1408 516 eis
1428 460 1760 554 consortium
1791 463 1904 554 (57)
1940 476 1987 554 Α
2019 462 2240 554 ubinam
2269 459 2670 554 querenda—sit
2695 460 2914 554 veritas,
2943 475 3105 531 quam
3141 459 3284 530 apud
3329 459 3448 515 illas
3501 476 3612 554 non

317 551 732 625 predicatimiis,
765 550 1000 604 habeant
1028 566 1246 607 necesse
1276 558 1358 606 est
1386 550 1545 607 etiam
1573 553 1908 606 consortium

317 639 422 697 48
465 638 864 703 damnationis;
910 639 1246 707 precedente
1302 639 1398 694 illo
1441 636 1546 693 ﬁne
1593 640 1906 709 supradicto

311 726 640 800 posteritatis
674 728 811 795 (58),
844 741 978 796 quo,
1008 727 1107 781 etsi
1141 727 1270 782 nihil
1302 729 1369 782 de
1416 727 1746 783 damnatitiis
1776 745 1905 799 par-

309 818 587 888 ticiparent
618 815 687 879 ιδ,
737 814 804 870 de
848 821 1004 869 etate
1054 816 1168 870 sola
1200 816 1681 885 prejudicarentur
1713 835 1728 886 ;
1761 825 1905 873 tanto

307 906 472 974 magis
524 903 811 968 adulterae,
864 911 1069 970 quanto
1107 917 1206 958 nec
1231 903 1299 956 ab
1347 901 1396 940 ἰτ
1439 903 1701 971 apostolis
1729 903 1906 958 nomi-

303 1002 457 1046 nate.
493 991 657 1046 Unde
701 990 910 1044 ﬁrmius
956 999 1185 1058 constat,
1235 992 1332 1045 has
1380 1007 1523 1060 esse,
1567 1008 1687 1064 que
1727 993 1905 1048 adhuc

299 1089 424 1134 tunc
454 1079 848 1135 nuntiabantur
867 1077 1087 1133 future.

853 1166 1078 1222 CAPUT
1113 1165 1349 1222 XXXV.

295 1257 536 1313 Nullam
567 1260 765 1340 autem
784 1272 813 1312 e
840 1258 1126 1340 contrario
1178 1257 1495 1340 dictarum_
1509 1258 1902 1340 pressoriptio-

347 1344 501 1383 num
533 1329 848 1398 competere
877 1327 1141 1384 adversus
1171 1333 1431 1384 nostram
1460 1327 1841 1404 disciplinam.

367 1415 468 1470 His
502 1414 912 1470 deﬁnitionibus
959 1424 1268 1486 provocate
1314 1433 1346 1471 a
1389 1417 1546 1473 nobis
1586 1425 1641 1471 et
1689 1417 1902 1474 revictae

294 1505 538 1560 hereses
589 1519 800 1569 omnes,
860 1503 976 1559 sive
1028 1522 1151 1578 que
1206 1506 1258 1543 ἰθ
1313 1515 1558 1577 postere,
1615 1507 1727 1562 sive
1783 1523 1902 1580 que

293 1603 590 1648 coetanee
653 1591 1017 1662 apostolorum
1043 1635 1058 1659 ,
1121 1594 1414 1651 dummodo
1465 1595 1730 1664 diverse;
1789 1596 1904 1652 sive

296 1681 648 1753 generaliter,
676 1680 791 1736 sive
821 1680 1126 1750 specialiter
1155 1695 1351 1739 nctate
1379 1685 1446 1739 ab
1478 1685 1577 1752 eis,
1603 1686 1898 1741 dummodo

298 1772 708 1840 predamnate;
742 1770 974 1824 audeant
1005 1771 1333 1841 respondere
1383 1774 1498 1843 (59)
1528 1781 1579 1827 et
1616 1774 1747 1844 ipse
1794 1774 1896 1828 ali-
1931 1759 1974 1836 Β

299 1875 439 1930 quas
497 1857 766 1927 ejusmodi
825 1859 1284 1931 ‘prescriptiones
1348 1862 1608 1918 adversus
1653 1870 1899 1920 nostram

303 1945 655 2016 disciplinam.
686 1947 746 2002 Si
783 1947 930 2002 enim
962 1959 1165 2020 negant
1208 1951 1490 2006 veritatem
1518 1951 1655 2020 ejus,
1701 1951 1898 2008 debent

298 2035 537 2104 probare
561 2035 699 2088 illam
733 2051 949 2106 quoque
989 2037 1218 2092 heresin
1248 2053 1374 2094 esse
1400 2037 1473 2107 49,
1504 2038 1694 2094 eadem
1724 2039 1895 2096 forma

294 2122 568 2189 revictam,
599 2139 704 2195 qua
731 2122 868 2194 ipse
895 2124 1284 2196 revincuntur;
1317 2134 1372 2182 et
1400 2127 1688 2184 ostendere
1733 2128 1891 2184 simul

2017 566 2138 606 esse
2162 552 2275 620 jam
2298 559 2525 606 constat.
2560 549 2834 605 Posterior
2862 557 3046 603 nostra
3091 564 3176 603 res
3227 565 3336 604 non
3368 557 3468 614 est,
3500 549 3609 607 imo

2015 640 2266 694 omnibus
2297 639 2441 709 prior
2476 647 2553 694 est
2592 657 2604 693 :
2640 638 2747 693 hoc
2794 638 2896 692 erit
2935 637 3298 692 testimonium
3336 638 3604 705 veritatis,

2015 728 2215 797 ubique
2247 729 2566 797 occupantis
2599 728 2959 800 principatum
2989 725 3056 779 ⁵ο.
3090 726 3176 780 Ab
3203 727 3461 797 apostolis
3499 726 3607 782 uti-

2015 832 2120 888 que
2168 833 2274 874 non
2323 814 2611 872 damnatur
2656 818 2782 888 (60),
2823 816 2933 871 imo
2984 815 3292 871 defenditur
3325 831 3339 872 :
3371 816 3476 870 hoc
3509 817 3612 872 erit

2012 902 2271 960 iudicium
2322 906 2681 976 proprietatis.
2716 904 2888 973 Quam
2927 905 3070 960 enim
3111 921 3217 959 non
3258 904 3510 960 damnant
3537 906 3609 973 ³1,

2013 994 2106 1065 qui
2153 994 2202 1033 ⁵2
2247 1003 2554 1053 extraneam
2594 1012 2867 1068 quamque
2911 995 3304 1053 damnaverunt
3347 995 3421 1067 ‘3,
3453 1010 3608 1052 suam

2011 1085 2328 1154 ostendunt,
2358 1084 2585 1157 ideoque
2610 1095 2664 1140 et
2692 1085 3010 1141 defendunt.

2534 1192 2762 1249 CAPUT
2818 1191 3078 1248 XXXVI.

2011 1279 2380 1353 Percurrenti
2407 1282 2865 1353 enimEcetesias
2894 1280 3251 1352 apostolicos,
3283 1279 3433 1353 apud
3469 1296 3610 1353 quas

2082 1350 2264 1425 adhuc
2292 1352 2432 1420 ipse
2460 1352 2744 1425 cathedrae
2773 1350 3155 1423 apostolorum
3175 1353 3292 1425 suis
3311 1350 3446 1425 locis
3467 1350 3610 1425 prte-

2083 1420 2364 1485 sidentur,
2390 1426 2447 1477 et
2475 1424 2632 1478 inter
2652 1439 2746 1478 eas
2771 1420 3098 1494 Romanam.
3122 1423 3272 1477 unde
3291 1423 3450 1478 nobis
3467 1420 3608 1494 'quo-

2083 1505 2190 1562 que
2224 1495 2544 1547 auctoritas
2573 1498 2780 1564 praesto
2812 1497 2893 1564 est
2925 1493 3045 1564 (tibi
3071 1495 3276 1548 Petrus
3304 1496 3360 1547 et
3389 1493 3607 1550 Paulus

2084 1563 2361 1638 coronati)
2381 1562 2661 1638 constabit
2681 1563 2930 1619 eamdem
2951 1562 3018 1617 ab
3042 1564 3308 1638 apostolis
3328 1581 3490 1638 suam
3513 1582 3607 1638 po-

2087 1635 2234 1688 tasse
2263 1633 2452 1701 ﬁdem,
2475 1631 2585 1687 49
2600 1651 2704 1706 per
2731 1650 2900 1706 quam
2931 1631 3091 1704 aqua
3109 1636 3316 1706 signat,
3353 1631 3605 1706 Spiritus

2080 1709 2320 1759 sanctus
2350 1707 2540 1774 vestit.
2572 1705 2932 1759 Eucharistia
2953 1705 3165 1774 pascit.

2077 1778 2192 1849 Age
2244 1776 2380 1844 jam,
2433 1773 2524 1846 qui
2564 1777 2714 1829 voles
2765 1773 3131 1827 curiositatem
3193 1774 3382 1828 melius
3438 1790 3603 1830 exer-

2006 1878 2128 1919 cere
2157 1864 2266 1933 (61)
2294 1862 2350 1918 in
2383 1862 2604 1934 negotio
2632 1861 2822 1917 salutis
2868 1869 2994 1926 tue,
3037 1876 3297 1932 percurre
3331 1861 3603 1918 Ecclesiae

2003 1949 2327 2021 apostolicas
2385 1952 2520 2019 (62),
2561 1949 2706 2018 apud
2757 1964 2892 2016 quas
2930 1949 3066 2019 ipse
3104 1948 3282 2002 adhuc
3337 1949 3602 2004 cathedrae

2002 2040 2369 2111 apostolorum
2401 2041 2512 2094 suis
2541 2038 2677 2094 locis
2705 2037 2996 2109 president
3022 2037 3105 2098 5";
3136 2037 3279 2106 apud
3307 2052 3440 2106 quas
3469 2035 3602 2106 ipse

1999 2130 2321 2187 authentice
2369 2129 2570 2184 litterae
2613 2143 2802 2186 eorum
2843 2128 3134 2183 recitantur
3171 2127 3305 2196 (64),
3351 2133 3602 2182 sonantes

1668 2244 1858 2306 Varie
1916 2249 2226 2309 lectiones.

361 2347 412 2384 ⁴⁶
437 2347 898 2422 Participaretttnr
949 2347 1200 2422 Rhenan.
1241 2347 1290 2387 ἰτ
1333 2349 1419 2406 Ab
1465 2351 1617 2408 deest
1655 2353 1837 2408 Paris.
1875 2352 1928 2389 ιε
1956 2351 2003 2422 Q

2009 2369 2076 2407 ua
2127 2352 2300 2408 Rhen.
2343 2351 2393 2388 ‘9
2420 2351 2550 2406 Esse
2596 2349 2746 2408 deest
2788 2351 2962 2406 Rhen.
2994 2349 3044 2386 ⁵ο
3079 2349 3408 2420 Prae/igitur
3454 2351 3597 2420 quod

299 2422 463 2494 fran.
484 2420 674 2494 Paris.
699 2419 746 2456 ⁵¹
770 2418 936 2494 _E_nim
961 2418 1216 2475 damnant
1244 2422 1410 2479 Seml.
1433 2422 1483 2460 ⁵²
1511 2422 1678 2492 Quasi
1713 2418 2048 2481 Wouwer?53
2076 2424 2342 2478 Extranea
2368 2437 2636 2494 quamque
2667 2435 2775 2476 non
2801 2421 3191 2477 damnaverunt
3218 2418 3390 2476 Fran.
3414 2418 3596 2476 Paris.

296 2489 341 2528 ⁵*
367 2491 735 2546 Presidentur
762 2489 940 2547 Rhen.

1701 2591 2202 2656 Commentarius.

296 2699 398 2766 tate
424 2701 480 2747 et
528 2691 797 2766 latinitate
839 2692 1023 2766 nescio
1065 2709 1173 2766 qua
1212 2693 1434 2765 peritior
1472 2694 1734 2766 exstiterit
1780 2697 1892 2750 he-

294 2765 511 2829 reticus,
548 2771 703 2820 tanto
752 2763 1097 2835 plausibilior'
1137 2763 1298 2832 atque
1357 2768 1625 2834 receptior
1660 2765 1824 2822 fuerit
1873 2785 1887 2822 :

297 2850 448 2904 pure,
484 2845 540 2890 et
580 2834 843 2900 torse,’et
885 2834 1084 2889 munde
1117 2835 1371 2906 loquitur.
1421 2837 1554 2892 Inde
1601 2847 1894 2894 sectatores

301 2905 451 2980 istius
511 2907 869 2980 eloquentie_
908 2905 1240 2980 colligunt}
1300 2907 1441 2980 Ergo
1499 2925 1650 2976 pura,
1688 2916 1886 2980 itersa,

2001 2697 2344 2753 contentiosa
2383 2695 2511 2751 fune
2551 2699 2777 2766 uterque
2824 2695 2967 2751 diem
2997 2693 3052 2750 in
3081 2710 3366 2766 vesperam
3413 2702 3593 2750 traxe-

2001 2778 2146 2823 runt.
2185 2789 2210 2820 ι)
2243 2768 2464 2823 Roo'ra.

2071 2840 2185 2909 (59)
2209 2839 2568 2911 Respondere.
2605 2837 2727 2892 For.
2742 2836 3031 2911 legendum
3061 2853 3350 2911 reponere.
3373 2837 3590 2891 Roma.

2071 2910 2189 2982 (60)
2225 2909 2374 2990 Quod
2425 2911 2495 2990 ab
2540 2909 2805 2990 apostolis
2853 2910 3052 2990 utique
3097 2926 3214 2967 non
3259 2909 3592 2990 damnatur.

302 2979 498 3030 munda
553 2988 641 3061 est
683 2977 920 3061 haeresis.
974 2977 1278 3061 Admodum
1333 2977 1755 3061 reprehensihile
1809 2989 1891 3034 est
1920 2981 1965 3061 ο
1992 2977 2268 3061 ξξριῃξιίὶ
2313 2977 3198 3061 οοηίυηοιῇρηθω.ᾳιιοςζριι-ξιςιιθ
3233 2979 3471 3061 editione
3498 2995 3594 3060 sua

314 3062 504 3122 graves
531 3049 694 3122 etiam
723 3049 1000 3122 theol0gos
1028 3049 1142 3122 istis
1172 3049 1432 3122 facundiae
1482 3052 1727 3104 humane
1767 3066 1887 3122 ver-

309 3117 388 3169 tis
446 3125 508 3169 et
562 3117 1118 3187 elegantiolis'eft‘eri.
1167 3121 1312 3176 Num
1372 3123 1522 3175 bona-
1557 3123 1628 3175 sit
1681 3121 1883 3186 dictio,

294 3195 583 3256 quaerunt.
614 3187 774 3256 Atqui
801 3189 1108 3245 meminisse
1138 3206 1235 3245 nos
1264 3206 1296 3245 ο
1339 3200 1496 3256 ortet,
1547 3190 1692 3262 quod
1742 3191 1888 3245 nulla

295 3265 375 3311 est
414 3257 473 3311 in
523 3258 708 3315 aliauo
755 3258 1052 3315 Christiano
1099 3261 1240 3315 bona
1287 3207 1469 3315 (fictio.
1516 3277 1636 3315 aue
1689 3263 1888 3315 pariter

295 3265 375 3311 est
414 3257 473 3311 in
523 3258 1052 3330 aliquoChristiano
1099 3261 1240 3316 bona
1287 3257 1469 3326 dictio,
1516 3257 1636 3330 que
1689 3263 1888 3330 pariter

295 3343 396 3382 non
429 3330 502 3382 sit
529 3328 582 3382 in
615 3328 830 3385 Christo
878 3331 1003 3385 Jesu
1051 3332 1376 3389 benedictio.
1431 3328 1604 3388 Bon—as
1645 3328 1772 3386 istas
1802 3333 1886 3387 di-

293 3399 504 3454 ctiones
551 3408 623 3474 et
656 3401 1094 3474 rhetoricationes
1156 3404 1524 3474 relinquamus
1577 3403 1883 3459 Cresconiis

293 3471 674 3548 grammaticis,
745 3483 802 3527 ut
859 3471 987 3528 fecit
1041 3471 1389 3548 Augustinus.
1461 3474 1885 3530 Sacra‘sincere

293 3542 642 3597 tractantibus
695 3558 801 3617 non
856 3542 1203 3617 conveniunt,
1275 3552 1335 3599 ut
1381 3561 1553 3617 neque
1617 3555 1882 3600 matrone

289 3627 523 3676 cerussa,
563 3630 747 3685 neque
774 3615 902 3668 bovi
963 3631 1200 3672 ceroma.
1240 3618 1378 3673 PAI.

356 3685 470 3753 (56)
509 3686 713 3741 Postea
743 3688 959 3759 obortae
999 3687 1271 3759 quasdam
1300 3703 1372 3742 ea:
1397 3686 1537 3759 illis
1587 3687 1882 3759 opiniones

289 3761 735 3828 usurpaverant.
771 3759 847 3812 Ita
876 3757 1022 3828 edit.‘
1033 3758 1300 3828 princeps,
1321 3758 1478 3825 cujus
1495 3757 1771 3828 lectionem
1797 3773 1882 3811 re-

288 3827 490 3898 vocavi,
522 3843 563 3898 7a
606 3827 771 3882 Junio
816 3826 946 3883 olim
994 3826 1290 3898 probatam.
1341 3829 1507 3883 Habet
1559 3827 1874 3897 Rigaltius:

293 3914 315 3968 ξ
357 3895 624 3964 Quiddam
672 3915 736 3951 ex
785 3899 891 3952 illis
937 3895 1344 3968 us'urpaverunt.
1395 3899 1580 3952 Exstat
1627 3895 1682 3951 in
1725 3899 1872 3956 editt.

288 3965 453 4039 Paris.
497 3978 724 4039 utraque
765 3977 815 4023 et
863 3965 1094 4025 Franek'.
1141 3971 1337 4025 Postea
1381 3972 1584 4025 oborte
1631 3977 1775 4034 sunt,
1826 3981 1882 4026 et

282 4038 545 4110 quasdam
573 4038 650 4093 ex
671 4039 776 4094 illis
803 4042 1085 4110 opiniones
1113 4049 1523 4106 usurpaverunt.
1587 4059 1614 4092 ι
1648 4042 1873 4096 Roma.

360 4109 477 4181 (.57)
494 4110 740 4181 Habenda
761 4109 893 4166 cum
914 4115 994 4168 eis
1013 4110 1638 4168 consortium.Gelasius
1650 4112 1876 4181 primus,

281 4177 464 4250 inquit
501 4180 638 4234 idem
668 4180 978 4250 Quintinus,
1009 4182 1161 4248 Afer,
1194 4184 1349 4238 etiam
1381 4184 1556 4238 simile
1585 4177 1707 4236 cum
1740 4177 1876 4238 Ter;

280 4248 522 4324 tulliano
555 4248 755 4319 scribit,
808 4255 1056 4324 inquiens
1103 4253 1476 4324 :Quicunque
1525 4255 1578 4307 in
1625 4253 1874 4308 heresim

276 4321 798 4394 semelrdamnatam
832 4321 1043 4384 labitur.
1094 4327 1213 4392 ejus
1248 4321 1590 4379 damnatione
1634 4326 1871 4394 seipsum

275 4389 521 4454 involvit,
556 4395 730 4464 24.7q.
771 4399 818 4462 1,
847 4412 894 4450 c.
930 4399 980 4449 1.
1029 4389 1235 4450 Eodem
1276 4397 1544 4464 pertinent
1593 4389 1871 4450 definitio~

273 4477 366 4516 nes
393 4464 612 4518 concilii
641 4463 1096 4521 Chalcedonensis
1125 4469 1180 4521 et
1205 4465 1456 4531 aliorum,
1489 4467 1576 4520 ubi
1618 4481 1874 4535 expresse

268 4544 516 4608 cavetur,
564 4538 631 4608 de
679 4537 846 4608 semel
897 4535 1132 4591 deﬁnitis
1196 4538 1427 4608 amplius
1471 4536 1717 4608 dubitare
1763 4551 1871 4591 non

267 4603 451 4670 licere,
484 4607 579 4659 sed
609 4621 730 4660 cum
759 4606 866 4660 illis
917 4623 1146 4678 quorum
1177 4603 1451 4664 sectantur
1485 4607 1716 4662 heresin
1747 4623 1871 4661 esse

263 4677 809 4753 condemnand_os,_et
836 4677 1376 4753 participationem,
1392 4680 1470 4753 uti
1503 4678 1740 4753 loquitur
1760 4695 1826 4732 au
1842 4707 1862 4720 ο

263 4754 405 4814 ctor,
439 4763 573 4802 cum
596 4747 978 4817 rdam'natitiis
1010 4747 1330 4817 heresibus,
1367 4751 1420 4804 id
1453 4758 1554 4814 est,
1576 4747 1663 4803 uti
1695 4750 1868 4804 inter-

261 4828 510 4889 pretatur
580 4816 891 4885 Quiutinus,
947 4822 1058 4889 jam
1135 4816 1419 4884 damnatis,
1483 4829 1538 4874 ut
1594 4819 1864 4886 ﬁctitium,

257 4890 408 5010 quod
443 4886 632 5011 (ἔρξω
677 4899 788 4953 est,
821 4886 1165 4957 donatitium,
1217 4891 1544 4957 dedititium,
1576 4891 1865 4946 conducti-

281 4975 420 5011 tum.
494 4973 527 5011 Α
580 5002 592 5011 .

259 4968 391 5012 ltum
405 4998 420 5011 .
455 4968 592 5014 l’Al.

330 5031 449 5097 (58)
488 5032 847 5104 Precectente
873 5032 976 5088 illo
994 5033 1106 5100 ﬁne
1126 5033 1450 5104 supradicto
1477 5034 1860 5104 posteritatis.

255 5098 408 5172 Lego
443 5102 781 5176 praecedente
801 5104 900 5176 illo
927 5098 1042 5171 ﬁne
1072 5098 1395 5174 supradicto
1420 5098 1862 5176 posteritatist

255 5171 369 5246 est,
395 5171 592 5224 ordine
622 5174 1005 5246 successionis,
1039 5171 1150 5246 quo
1178 5171 1436 5246 tanquam'
1470 5175 1598 5229 fune
1628 5177 1694 5228 ad
1726 5191 1861 5246 apo-

253 5243 479 5297 stolicas
537 5244 788 5313 ecclesias
834 5243 1234 5313 conscenditur,
1284 5243 1348 5301 ut
1392 5262 1512 5310 cap.
1564 5249 1623 5300 31
1683 5243 1859 5300 81⁷32

253 5315 490 5385 capiose
524 5312 748 5369 dictum.
781 5317 913 5368 Nam
964 5332 994 5370 e
1023 5318 1237 5371 diverso
1266 5318 1692 5385 deprehenditur
1740 5317 1858 5372 he-

255 5397 454 5458 reseon
482 5384 706 5438 istarum
747 5386 1028 5458 posteritas
1071 5387 1196 5441 fune
1245 5384 1390 5442 illius
1430 5388 1630 5458 pariter
1659 5389 1857 5443 obser-

250 5463 392 5510 vato.
425 5455 646 5510 JUNIUS.
679 5485 749 5495 —
772 5457 862 5512 Sic
889 5473 1046 5512 orsus
1074 5466 1158 5513 est
1201 5455 1558 5515 Tertullianus
1595 5459 1718 5517 adv.
1755 5461 1856 5516 Ju-

252 5524 402 5600 deeos
434 5527 632 5600 librum
664 5545 678 5584 :
716 5548 741 5576 ι
784 5529 1032 5584 Proxime
1080 5530 1292 5599 accidit,
1334 5529 1627 5600 disputatio
1677 5532 1858 5586 habita

251 5605 339 5651 est
366 5597 675 5655 Christiano
702 5607 756 5654 et
784 5599 1058 5672 proselyto
1103 5597 1325 5670 Judeo;
1359 5597 1580 5659 alternis
1630 5603 1858 5660 vocibus

2001 3049 2280 3119 Rigaltius,
2323 3049 2444 3122 que
2492 3051 2712 3122 quidem
2759 3049 2813 3103 in
2857 3049 3187 3122 editionibus
3234 3049 3596 3122 Rhenanianis

1997 3123 2140 3174 haud
2191 3130 2398 3189 reperta
2447 3121 2548 3183 est,
2596 3123 2688 3176 sed
2739 3130 2914 3175 tamen
2963 3121 3018 3175 in
3055 3122 3293 3176 editione
3351 3121 3592 3175 Parisiua

1994 3193 2119 3244 anni
2179 3191 2316 3243 1455
2372 3191 2621 3258 suppleta
2667 3199 2768 3254 est,
2809 3202 2862 3243 et
2909 3207 2940 3246 a
2986 3192 3137 3261 Lupo
3187 3191 3592 3262 Thomasioque

1995 3271 2142 3316 recte
2172 3261 2436 3314 restituta.

2065 3332 2180 3402 (6t)
2217 3332 2622 3388 Curiositatem
2660 3329 2869 3402 melius
2910 3343 3196 3384 exercere.
3242 3329 3442 3384 Confer
3475 3332 3590 3399 jam

1993 3418 2155 3471 supra
2181 3403 2322 3456 dicta
2352 3401 2406 3454 in
2434 3417 2552 3470 cap.
2601 3403 2678 3455 14.
2715 3401 2932 3455 Roum.

2065 3470 2180 3540 (62)
2219 3476 2492 3530 Percurre
2541 3472 2817 3528 Ecclesiae
2863 3470 3222 3540 apostolicas.
3272 3471 3384 3526 Hoc
3428 3471 3586 3527 etiam

1993 3543 2238 3614 praecipit
2267 3544 2602 3615 Augustinus
2631 3543 2750 3615 (lib.
2769 3557 2835 3615 it,
2863 3543 2932 3615 de
2960 3543 3232 3615 Doctrina
3264 3543 3469 3598 Christ.
3495 3546 3581 3615 8):

1995 3613 2018 3664 ὰ
2064 3615 2122 3669 In
2165 3613 2462 3681 canonicis,
2515 3613 2708 3686 inquit,
2759 3613 3051 3686 Scripturis
3080 3613 3443 3669 Ecclesiarum
3476 3614 3586 3669 Ca-

1990 3685 2311 3756 tholicarum
2338 3701 2498 3756 quam
2539 3685 2774 3755 plurium
2823 3685 3190 3756 auctoritatem
3235 3699 3530 3756 sequamur
3570 3705 3583 3740 :

1990 3755 2131 3828 inter
2155 3773 2291 3828 quas
2313 3771 2442 3810 sane
2471 3755 2576 3810 ille
2607 3764 2753 3828 sunt,
2787 3771 2907 3826 que
2936 3755 3264 3825 apostolicas
3295 3755 3458 3810 sedes
3490 3758 3587 3811 ha-

1987 3827 2113 3882 bere
2140 3827 2194 3881 et
2223 3828 2482 3895 epistolas
2509 3827 3116 3898 acciperemeruerunt.
3153 3847 3179 3878 ιο
3212 3827 3341 3882 Rm.

2059 3899 2174 3967 (63)
2206 3900 2347 3970 Ipsa:
2375 3899 2562 3954 adhuc
2578 3897 2862 3954 cathedra:
2875 3899 3263 3970 apostolorum
3293 3901 3417 3954 suis
3451 3900 3584 3956 locis

1983 3968 2314 4050 praesident.
2363 3970 2424 4023 Et
2469 3977 2551 4050 est
2602 3985 2731 4050 sane
2777 3968 3145 4050 venerationis
3183 3981 3582 4050 argumentum,

1986 4040 2131 4109 ipsas
2189 4041 2372 4096 adhuc
2428 4040 2709 4096 cathedras
2757 4040 3120 4109 apostolorum
3170 4040 3282 4095 suis
3339 4041 3472 4096 locis
3527 4041 3582 4095 in

1984 4111 2298 4165 memoriam
2347 4118 2400 4165 et
2450 4112 2710 4164 honorem
2792 4113 3156 4178 apostolorum
3235 4112 3580 4180 praesedisse,

1984 4182 2390 4237 successoribus
2446 4181 2581 4250 infra
2636 4182 2966 4235 sedentibus.
3027 4183 3131 4236 Sed
3190 4185 3394 4249 verius,
3458 4199 3580 4238 mea

1986 4252 2203 4324 quidem
2271 4251 2819 4324 sententiapfuerit,
2893 4253 3137 4306 ratedras
3213 4253 3579 4322 apostolorum

1984 4322 2089 4377 dici
2127 4322 2450 4392 principales
2493 4323 2780 4389 Ecclesias,
2814 4324 2879 4375 ab
2911 4324 3042 4391 ipsis
3074 4324 3327 4379 videlicet
3355 4334 3579 4392 aposto-_

1985 4393 2050 4448 lis
2094 4393 2433 4459 constitutas,
2491 4409 2612 4463 que
2657 4397 2839 4449 adhuc
2884 4402 3040 4448 etate
3093 4396 3409 4451 Tertulliani
3465 4397 3579 4451 suis

1981 4465 2122 4545 locis
2187 4464 2578 4545 praesidebant,
2619 4472 2898 4545 .tanquam
2960 4465 3235 4545 _aliarum_
3283 4468 3573 4545 matrices;

1979 4536 2155 4604 qualis
2184 4533 2237 4588 in
2276 4533 2480 4607 Achaia
2509 4533 2838 4607 corinthus;
2875 4537 2929 4589 in
2960 4537 3278 4607 Macedonia
3317 4536 3572 4607 Philippi,

1979 4599 2396 4672 Thessalonica;
2439 4599 2495 4659 in
2545 4604 2694 4669 Asia,
2748 4599 3030 4670 Ephesus;
3065 4606 3115 4658 in
3168 4606 3337 4670 Italia,
3381 4599 3551 4658 Ro'ma

1978 4676 2101 4748 Bne.
2135 4705 2206 4716 —
2232 4677 2288 4731 S.
2324 4677 2563 4748 lgnatius
2596 4675 2750 4748 initio
2779 4677 3048 4748 Epistolce
3076 4676 3148 4730 ad
3179 4679 3489 4748 Romanos;
3505 4705 3573 4714 —

1976 4744 2228 4819 ἐκκλησίᾳ,
2282 4743 2386 4819 ᾗτᾷ
2443 4748 2552 4819 καὶ(
2581 4743 2878 4816 προκάθητὶκι
2929 4745 2977 4797 ἐν
3021 4747 3162 4819 remp
3205 4744 3388 4819 χωρίου
3442 4743 3571 4819 Ῥῳ-

1976 4817 2176 4890 μαίων..
2211 4816 2305 4872 Sin
2334 4828 2519 4890 autem,
2543 4817 2598 4871 in
2627 4833 2856 4890 sensum
2891 4816 3380 4890 prapriumverba
3419 4816 3569 4870 acci-
3647 4875 3653 4882 ,

1974 4887 2382 4964 piantur,_ipste
2428 4888 2613 4964 adhuc
2655 4887 2941 4964 cathedra:
2977 4889 3382 4964 apostolorum,
3428 4897 3574 4944 certe

1971 4961 2080 5016 huc
2099 4959 2489 5030 pertineret,ut
2507 4959 2819 5015 Tertulliani
2845 4959 3176 5030 temporibus
3198 4959 3403 5017 servata
3424 4968 3572 5016 esset

1968 5031 2429 5104 {acobirapostoli
2477 5031 2729 5104 cathedra
2775 5031 3279 5103 Hierosolymitana,
3316 5033 3460 5104 quod
3501 5050 3565 5088 cx

1969 5102 2192 5158 Eusebii
2225 5105 2491 5168 Historia,
2525 5103 2621 5157 lib.
2665 5116 2764 5175 vn,
2816 5117 2931 5170 Cap.
2987 5102 3074 5170 l0,
3122 5102 3368 5175 constat;
3407 5115 3569 5174 atque

1907 5188 1910 5189 '
1969 5184 2029 5228 ut
2088 5176 2274 5230 Rome
2329 5175 2468 5229 Petri
2522 5173 2750 5244 apostoli
2817 5175 3072 5229 cathedra
3128 5178 3304 5245 adhuc
3360 5173 3568 5230 restare

1968 5246 2236 5301 credatur.
2272 5247 2487 5302 Roma.

2039 5317 2148 5388 (64)
2181 5321 2321 5389 Ipsae
2356 5318 2711 5373 authentico:
2750 5317 2961 5389 littera:
2990 5335 3184 5374 eorum
3214 5321 3559 5389 recitantur.

1963 5387 2171 5461 Lingua
2202 5387 2432 5444 scilicet
2485 5389 2674 5444 eadem
2739 5405 2843 5458 qua
2908 5388 3118 5443 fuerant
3186 5389 3254 5442 ab
3308 5387 3567 5461 apostolis

1963 5458 2310 5531 conscriptae,
2369 5467 2624 5516 sonantes
2695 5475 2879 5515 vocem
2958 5462 3438 5531 uniuscujusque:
3473 5458 3565 5531 Sic

1968 5529 2106 5600 ipse,
2139 5503 2235 5587 lib.
2267 5503 2335 5610 (ie
2360 5503 2605 5610 Eorice,
2626 5531 2692 5610 ad
2726 5532 2976 5610 Gr_ecu_m
3017 5503 3564 5610 authenticiimfauli

1964 5599 2238 5672 provocat.
2291 5604 2417 5659 Βία.
2458 5599 2534 5647 -—'
2582 5603 2733 5659 Idem
2781 5603 3021 5659 Semlero
3068 5599 3265 5671 placet,
3307 5599 3402 5670 qui
3449 5601 3565 5657 hec
