4036 6172
491 276 557 353 71
1612 288 2062 350 TERTULLIANI
2098 285 2364 347 OPERUM
2402 288 2571 348 PARS
2606 290 2675 349 ll.

3732 299 3803 359 72

493 415 783 488 astrologis
828 417 924 487 (6),
955 430 1079 471 cum
1131 412 1489 485 philosophis,
1512 414 2083 508 curiositati-scilicet
2116 430 2163 508 Α
2199 413 2495 508 disciplina:
2523 414 2640 487 (15)
2686 413 2754 469 ad
2794 414 3167 508 probationem
3220 416 3465 508 veritatis
3503 421 3807 501 accedunt;

493 506 712 562 deditis:
733 520 1010 568 quantm,
1030 519 1100 558 ετ
1118 518 1460 568 ωνειηιετιε,
1476 503 1679 577 ubique
1696 504 2078 559 meminerunt.

489 594 641 651 Adeo
687 602 741 650 et
806 596 874 649 de
928 609 1125 664 genere
1180 592 1603 648 conversationis
1660 591 1894 663 qualitas
1960 592 2086 647 ﬁdei

489 683 743 739 aestimari
814 690 995 752 potest
1057 699 1070 735 :
1130 682 1389 737 doctrinae
1447 682 1601 736 index
1676 681 1723 720 1⁸
1798 680 2083 751 disciplina

488 781 568 828 est
592 776 692 843 (7).
726 772 937 845 Negant
966 772 1136 829 Deum
1186 770 1517 839 timendum;
1550 770 1729 840 itaque
1760 770 1929 825 libera
1958 779 2082 825 sunt

486 858 593 913 illis
618 858 800 914 omnia
828 867 880 913 et
908 857 1105 913 soluta.
1148 857 1248 912 Ubi
1297 864 1475 911 autem
1518 856 1662 911 Deus
1692 873 1799 912 non
1843 858 2076 923 timetur,

484 947 590 1002 nisi
617 948 710 1002 ubi
741 963 847 1002 non
878 956 959 1001 est
980 946 1009 999 ε)
1044 946 1147 1000 Ubi
1178 945 1323 1000 Deus
1351 960 1456 999 non
1488 956 1588 1013 est,
1622 962 1716 1001 nec
1744 946 1943 1001 veritas
1972 947 2079 1001 ulla

484 1044 597 1104 est;
628 1035 720 1091 ubi
750 1035 953 1091 veritas
982 1034 1127 1088 nulla
1172 1042 1255 1088 est
1304 1033 1368 1102 19,
1419 1034 1607 1089 merito
1658 1042 1710 1090 et
1759 1034 1878 1088 talis
1912 1033 2076 1088 disci-

480 1124 631 1197 plina
662 1132 760 1181 est.
793 1124 865 1179 At
893 1122 983 1178 ubi
1012 1123 1177 1186 Deus,
1208 1121 1283 1175 ibi
1327 1130 1500 1177 metus
1533 1124 1584 1177 in
1631 1124 1825 1187 Deum,
1856 1122 1950 1192 qui
1994 1129 2075 1177 est

479 1212 694 1271 initium
721 1212 1016 1283 sapientiae.
1054 1211 1156 1265 Ubi
1197 1222 1374 1267 metus
1412 1211 1465 1265 in
1499 1211 1690 1278 Deum,
1730 1210 1805 1264 ibi
1835 1209 2075 1280 gravitas

479 1302 703 1359 honesta
730 1302 797 1372 ’0,
846 1312 899 1356 et
941 1298 1220 1373 diligentia
1268 1299 1491 1353 attonita
1540 1301 1640 1369 (8),
1681 1308 1735 1353 et
1762 1314 1890 1353 cura
1917 1297 2071 1352 solli-

478 1391 602 1460 cita,
653 1400 707 1446 et
758 1390 965 1445 allectio
1009 1402 1048 1445 2:
1088 1388 1359 1456 explorata
1408 1389 1512 1456 (9),
1565 1396 1618 1441 et
1656 1387 2071 1443 communicatio

477 1479 775 1535 deliberata
804 1480 1007 1545 (10),et
1034 1474 1301 1545 promotio
1328 1476 1699 1544 emerita(11),
1724 1472 1839 1531 59
1866 1484 1920 1529 et
1940 1475 2069 1530 sub-

470 1566 636 1636 jectio
684 1564 939 1635 religiosa
988 1565 1124 1633 (12),
1167 1570 1221 1617 et
1275 1562 1542 1633 apparitio
1589 1562 1779 1618 devota
1827 1564 1964 1632 (13),
2015 1572 2069 1618 et

2195 518 2226 556 a
2255 518 2359 572 qua
2405 502 2670 558 divertere
2705 504 2908 559 nemini
2944 505 3180 577 expedit,
3227 504 3320 577 qui
3362 507 3668 563 meminerit
3714 510 3799 565 fu-

2194 590 2299 645 turi
2322 590 2507 658 judicii
2536 607 2646 662 quo
2675 607 2864 648 omnes
2903 608 3004 647 nos
3032 609 3254 650 necesse
3294 601 3379 649 est
3428 596 3567 665 apud
3599 596 3793 653 Christi

2193 678 2419 733 tribunal
2474 690 2666 748 astare,
2721 681 3010 738 reddentes
3076 684 3341 737 rationem
3400 681 3645 756 inprimis
3703 686 3793 755 ip-

2188 767 2301 823 sius
2342 766 2493 822 ﬁdei.
2524 768 2664 836 Quid
2709 785 2837 843 ergo
2879 770 3063 826 dicent
3103 772 3194 843 qui
3234 773 3381 826 illam
3429 775 3793 843 stupraverint

2186 855 2450 910 adulterio
2500 856 2749 911 hteretico
2822 858 3085 930 virginem
3145 860 3391 915 traditam
3440 877 3471 916 a
3524 862 3791 923 Christo?

2185 944 2381 1010 Credo,
2412 943 2741 1014 allegabunt,
2785 945 2913 1000 nihil
2963 963 3204 1019 unquam
3252 950 3355 1003 sibi
3388 952 3455 1003 ab
3484 950 3576 1006 illo
3605 953 3689 1007 vel
3720 953 3790 1006 ab
3838 971 3851 980 ·

2184 1033 2436 1104 apostolis
2464 1035 2586 1101 ejus
2633 1034 2701 1088 de
2751 1034 2888 1089 seris
2918 1036 2965 1073 ²⁴
2995 1044 3046 1089 et
3085 1037 3354 1106 perversis
3384 1038 3641 1094 doctrinis
3672 1043 3787 1109 (16)

2181 1117 2377 1174 futuris
2447 1122 2878 1190 praenuntiatum.
2926 1132 2981 1179 et
3044 1123 3113 1178 de
3163 1125 3417 1180 cavendis
3463 1127 3782 1183 abominan-

2179 1206 2368 1278 disque
2417 1208 2467 1245 ²⁵
2532 1219 2883 1281 praeceptum.
2935 1212 3247 1284 Agnoscant
3294 1213 3344 1251 ²⁶
3372 1230 3527 1269 suam
3603 1217 3784 1285 potius

2177 1296 2395 1365 culpam
2454 1313 2614 1369 quam
2672 1298 2909 1367 illorum,
2941 1301 3034 1372 qui
3064 1316 3161 1357 nos
3213 1312 3357 1359 tanto
3406 1309 3531 1358 ante
3560 1303 3610 1342 2⁷
3642 1323 3780 1375 prae-

2178 1394 2508 1441 struxerunt.
2542 1387 2810 1455 Adjicient
2842 1397 3099 1458 praeterea
3147 1392 3315 1446 multa
3364 1393 3429 1446 de
3459 1395 3775 1453 auctoritate

2175 1474 2436 1544 cujusque
2476 1474 2712 1530 doctoris
2751 1476 3024 1543 haeretici;
3080 1478 3199 1533 illos
3258 1480 3487 1535 maxime
3515 1482 3772 1538 doctrina‘

2176 1577 2286 1616 suae
2334 1560 2497 1617 ﬁdem
2544 1562 2890 1620 conﬁrmasse
2921 1565 2990 1634 39,
3036 1574 3274 1622 mortuos
3322 1568 3633 1635 suscitasse,
3673 1572 3769 1627 de-

474 1653 751 1723 processio
780 1654 1025 1708 modesta
1051 1657 1095 1693 ﬁ
1135 1650 1273 1721 (14),
1316 1654 1370 1706 et
1398 1651 1638 1707 Ecclesia
1667 1654 1837 1720 unita,
1880 1661 1934 1708 et
1971 1653 2069 1708 Dei
2102 1654 2145 1731 Β
2178 1649 2315 1703 biles
2378 1649 2727 1722 reformasse,
2770 1652 2947 1706 futura
3004 1652 3364 1725 signiﬁcasse,
3437 1656 3511 1710 uti
3579 1662 3772 1717 merito

472 1742 677 1798 omnia.

1038 1825 1261 1881 CAPUT
1307 1825 1497 1882 XLIV.

470 1938 751 1994 Postremo
779 1934 832 1991 si
860 1937 1007 2004 forte
1022 1934 1544 2006 praescriptionibus
1561 1932 1649 1989 his
1670 1949 1787 1989 non
1804 1950 2066 1992 movean-

540 2012 660 2089 tur,
773 2007 967 2077 futuri
978 2004 1191 2089 judicii
1218 2004 1436 2089 metunt
1457 2011 1515 2089 et
1548 2007 1845 2089 hereticos
1861 2023 2065 2089 preva-

538 2085 649 2143 cat,
685 2082 741 2135 et
774 2076 862 2135 eos
892 2076 988 2150 qui
1016 2094 1181 2133 aures
1210 2076 1493 2133 haereticis
1522 2076 1976 2135 accommodant.

537 2184 770 2241 Proinde
808 2186 925 2240 haec
978 2183 1257 2253 pressioris
1312 2182 1361 2222 ’3
1413 2183 1554 2254 apud
1611 2199 1713 2239 nos
1760 2182 2066 2238 testimonia

2175 1740 2406 1810 apostoli
2434 1741 2787 1797 crederentur
2838 1742 2983 1812 (17).
3015 1742 3182 1811 Quasi
3240 1760 3341 1800 nec
3387 1746 3490 1801 hoc
3513 1747 3767 1816 scriptum

2172 1828 2261 1893 sit,
2320 1838 2574 1885 venturos
2620 1831 2815 1885 multos
2867 1831 2960 1903 qui
3016 1832 3180 1887 etiam
3238 1833 3464 1889 virtutes
3508 1838 3769 1895 maximas

2174 1916 2396 1972 ederent
2443 1918 2513 1986 39,
2545 1918 2614 1972 ad
2644 1918 2905 1974 fallaciam
2955 1921 3301 1977 muniendam
3332 1933 3600 1995 corruptae
3630 1943 3770 1996 prae-

2175 2004 2471 2062 dicationis.
2522 2008 2706 2077 Itaque
2742 2007 2953 2062 veniam
3003 2010 3394 2066 merebuntur?
3423 2011 3524 2080 Qui
3563 2014 3612 2052 3°
3639 2031 3765 2071 vero

2173 2109 2441 2150 memores
2474 2095 2865 2151 dominicarum
2915 2105 2967 2152 et
3014 2098 3429 2167 apostolicarum
3480 2102 3762 2159 denuntia-

2175 2184 2378 2239 tionum
2433 2185 2487 2239 in
2539 2184 2645 2240 ﬁde
2672 2184 2865 2259 integri
2903 2186 2950 2224 31
2990 2188 3253 2254 steterint,
3296 2189 3454 2244 credo
3481 2190 3546 2245 de
3602 2191 3762 2247 venia

1822 2281 2022 2342 Variae
2080 2285 2396 2344 lectiones.

539 2391 584 2428 18
608 2390 777 2446 Iudex
810 2391 925 2461 Rig.
972 2390 1155 2446 Venet.
1190 2388 1313 2443 inde
1341 2388 1514 2445 Rhen.
1544 2387 1783 2461 doctrina
1832 2387 1996 2461 index
2035 2389 2335 2460 disciplinae
2365 2391 2547 2445 Paris.
2583 2390 2630 2428 19
2660 2390 2722 2444 V.
2758 2389 2849 2445 ubi
2878 2390 3075 2446 veritas
3119 2390 3266 2447 nulla
3315 2399 3397 2447 est
3443 2394 3647 2451 desunt
3693 2401 3756 2453 in

464 2462 637 2520 Rhen.
671 2464 804 2520 edit.
839 2460 890 2501 2ο
916 2463 1181 2516 Honestas
1212 2461 1381 2517 Rhen.
1416 2461 1461 2497 ²¹
1494 2460 1745 2530 Adjectio
1776 2460 1949 2517 Rhcn.
1985 2461 2033 2497 ³2
2065 2461 2346 2515 Moderata
2404 2464 2583 2517 Paris.
2618 2462 2666 2499 2³
2726 2462 3004 2518 Pressiora
3059 2464 3231 2520 Rhen.
3264 2468 3545 2521 utrumvis
3603 2471 3753 2524 abest

465 2537 634 2589 Fran.
666 2537 846 2590 Paris.
880 2535 927 2571 2⁸·
953 2532 1122 2605 Suavis
1152 2532 1325 2589 Rhen.
1361 2531 1546 2587 scaevis
1578 2534 1711 2588 Jun.
1744 2532 1794 2568 ³⁵
1822 2531 1965 2599 Quid
1995 2532 2168 2590 Rhen.
2204 2532 2252 2569 ²⁶
2280 2534 2598 2605 Agnoscunt
2628 2534 2803 2605 Bhen.
2835 2542 3131 2602 agnoscent
3160 2536 3390 2591 Semler.
3424 2536 3469 2573 2⁷
3501 2539 3561 2593 in
3605 2540 3747 2597 l’erb.

465 2607 808 2687 tantodeest.
826 2606 998 2662 Rhen.
1021 2603 1105 2660 ed.
1140 2618 1244 2684 non
1275 2609 1400 2657 ante
1432 2605 1533 2711 leg.
1567 2604 1745 2657 Paris.
1772 2606 1942 2660 Fran.
1969 2619 2102 2660 suos
2130 2611 2257 2659 ante
2273 2603 2404 2661 Jun.
2430 2605 2480 2641 2⁸
2509 2603 2743 2659 Maxima
2770 2605 3028 2661 doctrinm
3056 2622 3168 2660 suae
3197 2605 3547 2663 conﬁrmasse
3572 2611 3747 2666 Rhen.

465 2676 511 2714 ³9
538 2676 842 2728 Ediderunt
873 2676 1047 2728 Rhen.
1080 2674 1130 2714 ³ο
1159 2674 1217 2728 Sl
1247 2674 1423 2728 Rhen.
1456 2674 1480 2712 3
1538 2675 1751 2728 Inteara
1780 2675 1957 2728 Rhen.

461 2676 511 2714 39
538 2676 842 2731 Ediderunt
871 2676 1047 2733 Rhen.
1080 2674 1130 2714 ³ο
1159 2674 1217 2730 Si
1247 2674 1423 2730 Rhen.
1456 2674 1503 2712 31
1538 2675 1751 2746 Integra
1780 2675 1957 2730 Rhen.

1855 2773 2357 2845 Commentarius.

457 2888 573 2950 tur,
614 2881 711 2936 sed
739 2880 961 2936 minime
986 2878 1374 2934 discedendum
1402 2876 1638 2950 arbitror
1663 2893 1695 2931 a
1723 2886 1836 2935 vet.
1857 2880 1980 2934 cod.
2017 2902 2042 2928 ι

456 2955 583 3008 Haec
613 2953 725 3009 ille.
750 2950 974 3022 Recepit
1002 2966 1131 3007 vero
1162 2951 1327 3022 istud,
1363 2950 1527 3022 quasi
1547 2949 1670 3006 Abii
1702 2950 1816 3022 late
1835 2968 2044 3022 vagan-

457 3003 580 3090 ὶὶιῖοξ
606 3003 1022 3080 {adsigna
1043 3003 1388 3076 Christiana;
1407 3003 1657 3091 “Lupus;
1690 3003 2044 3076 sitatam.
2076 3003 2118 3080 Β
2148 3003 2251 3079 ea.
2275 3003 2809 3093 ’έιᾶιῖλέόιυξᾶἰοίῖιίι-
2838 3003 2901 3093 ἐξ

454 3112 577 3152 cum
608 3094 841 3167 Rigaltio
872 3095 995 3149 facit
1018 3092 1361 3167 Thomasius.
1394 3093 1473 3148 In.

522 3168 600 3237 (6)
620 3164 759 3224 cam
778 3168 957 3237 magis
972 3165 1571 3237 guampluribus,cu_m
1590 3164 2042 3237 eirculatoribus,

450 3232 587 3294 cura
625 3232 938 3307 astrologis.
971 3232 1189 3289 Nemini
1235 3233 1482 3307 ignotum
1510 3233 1566 3307 in
1596 3234 1822 3307 historia
1876 3235 2047 3307 eccle-

450 3309 665 3364 siastica
704 3303 959 3376 tantisper
1006 3312 1235 3373 versato,
1281 3303 1486 3376 priores
1533 3304 1818 3358 haereticos
1868 3304 2045 3373 magia

449 3380 679 3433 infames
730 3374 899 3430 fuisse
957 3384 1049 3429 aut
1096 3390 1219 3428 cum
1285 3374 1463 3443 magis
1515 3376 1899 3429 commercium
1956 3375 2046 3429 ha-

449 3450 653 3505 buisse.
682 3448 843 3501 Tales
863 3445 1081 3500 fuerunt
1101 3443 1364 3510 Gnostici,
1398 3443 1818 3514 Carpocratiani,
1852 3455 1904 3500 et
1929 3446 2040 3504 alii.

447 3520 534 3576 Ab
578 3517 831 3575 Ecclesiae
878 3514 1255 3571 communione
1305 3524 1542 3588 semotos
1585 3516 1805 3588 eosdem
1852 3533 2043 3588 magos

447 3591 808 3645 indubitatum
854 3602 1088 3659 quoque,
1125 3593 1190 3659 ut
1246 3585 1459 3653 mimos,
1511 3586 1777 3655 ludiones,
1824 3585 2045 3644 circula-

446 3670 608 3729 tores,
638 3657 885 3731 agyrtas,
927 3657 1206 3731 comqades
1237 3673 1251 3731 :_
1288 3667 1475 3712 contra
1520 3673 1660 3731 quos
1705 3660 2043 3731 Augustinus

446 3740 502 3787 et
532 3727 831 3802 Gym-ianus
860 3728 1054 3802 multis
1071 3727 1122 3780 in
1154 3727 1306 3802 locis,
1339 3738 1391 3802 et
1419 3727 1666 3785 concilia.
1695 3727 1915 3802 (La'Pa.

516 3799 596 3874 (7)
627 3803 911 3859 Doctrina:
956 3799 1130 3855 index
1158 3799 1465 3874 disciplina
1499 3804 1610 3874 est.
1643 3801 1936 3873 Disciplina
1983 3802 2038 3874 in

444 3870 548 3929 hoc
579 3870 835 3941 auctore,
883 3886 1103 3937 semper
1143 3886 1243 3941 pro
1292 3870 1450 3924 rebus
1489 3870 1636 3937 ﬁdei,
1690 3870 2041 3929 sacramentis

443 3952 537 3999 aut
578 3959 767 4000 eorum
814 3959 938 4017 usu,
979 3941 1287 4017 ritibuset
1314 3944 1667 4011 caeremoniis,
1718 3946 2037 4017 czeterisque

441 4031 564 4088 quae
593 4031 659 4071 ex
689 4013 972 4088 praeceptis
1002 4013 1199 4088 Christi
1241 4014 1606 4088 observamus,
1653 4013 2035 4088 nonnunquam

441 4083 600 4141 etiam
630 4083 726 4156 pro
765 4085 989 4157 ipsemet
1018 4083 1123 4139 ﬁde
1150 4092 1461 4157 usurpatur.
1482 4086 1733 4157 VALBASP.

511 4159 590 4229 (8)
620 4156 928 4230 Diligentia
943 4158 1213 4230 attonita.
1236 4156 1578 4230 Diligentiam
1610 4157 1889 4213 attonitam
1906 4157 2034 4213 dicit

436 4226 808 4299 quaz'semper
836 4235 917 4282 est
950 4227 1003 4280 in
1038 4236 1182 4281 metu
1208 4242 1274 4281 ne
1310 4226 1509 4296 peccet.
1544 4226 1674 4286 Rm.

532 4303 587 4380 9)
638 4300 875 4380 Allectio
902 4299 1691 4380 explorata."A|legendorum
1719 4300 1951 4380 scilicetl
1976 4299 2031 4352 in

440 4384 473 4425 ο

542 4370 680 4425 inem
730 4369 1334 4461 ecclesiasttieumtﬂois
1371 4369 1680 4461 enimvante
1720 4369 2024 4461 ordinantio:
2059 4385 2104 4461 ο

438 4456 561 4495 nem
612 4441 891 4512 praedicari
942 4456 1061 4497 mos
1107 4449 1238 4512 erat.
1289 4441 1601 4497 Praedicatio
1646 4449 1825 4496 autem
1866 4439 2026 4495 ﬁebat

436 4511 747 4569 nominibus
790 4528 973 4569 eorum
1022 4511 1335 4584 propositis.
1385 4513 1915 4584 admonitopOpuln,
1966 4520 2025 4565 ut

434 4584 481 4639 si
510 4585 635 4655 quis
662 4585 925 4641 adversus
951 4582 1047 4655 eos
1068 4584 1196 4654 quid
1228 4584 1445 4655 haberet
1472 4583 1739 4655 criminis,
1772 4582 2023 4652 probaret

434 4654 733 4713 manifestis
783 4657 961 4712 rebus.
1013 4654 1169 4723 Quod
1216 4663 1275 4710 ut
1324 4654 1477 4711 ﬁeret
1521 4654 1574 4708 in
1629 4654 2019 4724 provinciarum

431 4729 731 4784 rectoribus
762 4726 1096 4793 ordinandis,
1142 4726 1392 4796 exemplo
1422 4725 1847 4796 Christianorum
1897 4740 2021 4778 sua-

431 4797 570 4854 sisse
598 4798 966 4855 Alexandrum
1010 4798 1267 4855 Severum
1300 4795 1480 4853 narrat
1509 4795 1867 4863 Lampridius.
1923 4796 2022 4849 Ta-

430 4867 497 4923 lis
526 4870 687 4943 igitur
714 4873 853 4947 apud
883 4871 1182 4947 Ecclesiam
1230 4870 1328 4947 fuit
1364 4869 1580 4947 allectio
1610 4868 1882 4947 explorata
1916 4884 1929 4922 :
1965 4874 2021 4918 ut

429 4940 633 5009 conti-a,
666 4940 807 5012 apud
839 4943 1123 5000 haereticos
1170 4940 1537 4999 ordinationes
1589 4940 1885 4995 temerariae
1924 4948 2019 4988 no-

427 5018 609 5088 tantur
638 5030 819 5082 supra.
849 5016 969 5073 illa.
1132 5086 1142 5088 _
1233 5085 1242 5088 ,
1475 5082 1505 5088 _
1734 5077 1744 5088 .
1821 5076 1851 5088 ,.

503 5085 617 5155 (10)
643 5088 1089 5144 Communicatio
1110 5085 1439 5143 deliberata.
1466 5082 2017 5157 communicationem

426 5151 676 5233 intelligit
702 5177 860 5231 quam
895 5164 1010 5233 ipse
1040 5160 1091 5214 in
1124 5158 1472 5233 Apologetico
1501 5151 1772 5233 describit,
1824 5160 2017 5233 nempe

425 5225 686 5285 orationis
721 5225 775 5287 et
812 5225 1113 5289 conventus
1159 5225 1213 5283 et
1242 5225 1417 5281 omnis
1464 5225 1651 5297 sancti
1683 5225 2010 5297 commercii.

424 5299 509 5354 Ad
538 5318 653 5357 eam
683 5288 833 5360 vero,
858 5321 965 5361 non
1004 5300 1424 5356 admittebantur
1472 5291 1573 5345 nisi
1622 5288 2015 5343 deliberatione

422 5370 572 5441 prius
601 5375 778 5431 habita
812 5370 1191 5445 probatissimi.
1231 5369 1351 5445 “)6-
1478 5432 1489 5443 .
1524 5432 1534 5443 .

491 5426 934 5515 (iii—Mittin;
946 5426 1207 5515 emerita.
1256 5438 1378 5515 Ipse
1409 5432 1493 5515 sui
1521 5432 1791 5513 interpres
1819 5426 2015 5512 eodem

421 5504 766 5591 Apowpetico
798 5534 815 5571 :
852 5536 877 5570 σ
922 5511 1215 5591 Praesident
1260 5504 1471 5591 probati
1492 5504 1706 5591 quique
1748 5504 2012 5591 seniores,

416 5574 684 5714 generein
709 5574 874 5644 istum
906 5599 1016 5642 non
1044 5582 1241 5653 pretio,
1260 5574 1379 5635 ’δαὶ
1408 5574 1715 5633 testimonio
1750 5574 1949 5645 adepti.
1986 5590 2013 5623 »

488 5671 548 5714 ι.

2227 2882 2340 2961 (12)
2379 2881 2656 2961 δαμίας-(10
2706 2880 2988 2961 religiosa.
3011 2882 3263 2961 ‘Propter
3286 2880 3544 2961 Ecclesiae
3577 2886 3744 2941 hono-

2153 2968 2287 3019 rem,
2314 2950 2495 3025 inquit
2546 2952 2663 3025 (lib.
2704 2952 2784 3025 de
2818 2950 3046 3025 'BapAt.),
3106 2950 3213 3022 quo
3256 2950 3591 3025 salvorsalva
3634 2973 3736 3025 pax

2909 3022 2964 3079 ui
3022 3039 3223 3094 m0rem
3281 3022 3428 3077 alteri
3484 3022 3648 3094 gerit,
3676 3037 3733 3081 ut

2152 3093 2297 3148 ﬁlius
2336 3095 2491 3164 patri.
2524 3093 2622 3167 Sic
2641 3095 2693 3148 in
2723 3095 2947 3167 Apoloy.
2972 3114 2996 3167 εΔ
3024 3116 3045 3143 «ι
3082 3093 3271 3148 Filium
3301 3095 3409 3163 jam
3440 3093 3741 3164 subjectum

2154 3174 2307 3236 pater
2339 3175 2481 3220 retro
2514 3165 2729 3237 patiens
2757 3164 3043 3220 abdicavit.
3079 3184 3104 3215 n
3138 3167 3259 3220 RIG.

2225 3234 2661 3313 (_13)__Apparit_io
2682 3237 2898 3292 devota.
2931 3240 3207 3313 Apparent
3232 3234 3501 3313 episc0pis
3532 3238 3752 3309 presby-

2154 3305 2281 3373 teri,
2315 3304 2544 3360 diaconi.
2568 3310 2855 3377 Apparent
2877 3304 3294 3377 magistratibus
3331 3304 3544 3377 scribaz,
3602 3304 3745 3377 praie

2150 3391 2334 3445 cones,
2366 3376 2601 3445 accensi.
2632 3374 2845 3430 ’Glossaa
2875 3374 3167 3436 Philoxeni.
3202 3376 3570 3444 Apparitores,
3603 3374 3745 3433 "Ex;

2151 3444 2392 3521 βιϐᾳστὰί.
2452 3444 2587 3521 Ε-ἶοὶν
2652 3445 2711 3521 δὲ.
2773 3444 3008 3521 ὓπςη-ρέξαξ
3085 3448 3188 3521 toi;
3248 3447 3504 3521 *ἄρχουσιν
3568 3469 3746 3521 προσε-

2151 3518 2415 3588 δρεύοντες.
2472 3516 2778 3588 Apparitio,
2838 3513 3185 3588 Ἐκϐιϐασμός.
3242 3513 3322 3571 Εό
3378 3532 3545 3573 sensu
3610 3513 3750 3576 dicit

2149 3587 2438 3657 Septimius
2490 3595 2676 3644 noster
2725 3587 2885 3651 (libro
2941 3588 3005 3643 de
3054 3587 3446 3659 Spectaculis),
3491 3606 3646 3646 aures
3691 3601 3746 3647 et

2148 3660 2336 3715 oculos
2364 3674 2627 3731 apparere
2675 3659 2945 3731 spiritui:
2982 3678 3006 3711 ι
3040 3660 3172 3714 Cum
3206 3659 3416 3729 Spiritui
3447 3673 3747 3731 appareant

2148 3746 2307 3785 aures
2335 3740 2389 3787 et
2433 3730 2611 3800 oculi;
2646 3746 2749 3785 nec
2780 3730 2951 3798 possit
2992 3731 3224 3785 mundus
3272 3730 3536 3800 praestari,
3569 3735 3742 3801 cujus,

2146 3804 2486 3873 apparitores
2515 3802 2887 3873 inquinentur.
2929 3824 2953 3850 ιο
2988 3804 3111 3857 Βία.

2216 3870 2330 3943 (14)
2359 3870 2642 3930 Processio
2670 3873 2943 3929 modesta.
2986 3870 3350 3943 Procedebant
3381 3871 3447 3943 in_
3464 3872 3743 3943 publicum

2145 3940 2437 3999 Christiani
2472 3946 2716 3998 modesto
2744 3943 2927 3996 habitu
2981 3942 3261 4010 vultuque.
3296 3941 3385 3994 Sic
3414 3940 3539 4007 (lib.
3580 3957 3639 3997 tt.
3675 3947 3745 4001 de

2149 4016 2323 4071 Cultu
2352 4016 2688 4085 feminar.):
2727 4032 2771 4085 «Δ
2795 4012 3177 4085 Vobis_au_tem
3228 4010 3388 4085 nulla
3414 4016 3740 4081 procedendi

2143 4100 2305 4139 causa
2336 4080 2442 4139 non
2488 4080 2692 4139 tetrica.
2744 4081 2854 4152 Aut
2899 4080 3198 4152 imbecillus
3227 4080 3425 4152 aliquis
3449 4098 3511 4135 ex
3548 4085 3734 4139 fratri-

2142 4156 2239 4209 bus
2269 4155 2535 4220 visitatur,
2558 4163 2644 4208 aut
2674 4150 2996 4207 sacriﬁcium
3024 4150 3271 4219 offertur,
3306 4150 3396 4206 aut
3428 4154 3524 4208 Dei
3557 4171 3741 4214 sermo

2139 4226 2561 4289 administratur,
2605 4232 2708 4279 etc.
2746 4246 2766 4272 »
2804 4225 2927 4279 Bia.

2212 4297 2325 4365 (15)
2345 4297 2643 4351 Pressioris
2671 4295 3008 4368 disciplinae.
3044 4294 3159 4348 Hoc
3180 4303 3257 4348 est
3286 4295 3430 4363 quod
3463 4296 3513 4349 in
3535 4299 3737 4368 Apolo-

2132 4370 2310 4439 getico
2348 4369 2478 4439 dixit
2518 4385 2532 4420 :
2588 4386 2613 4419 α
2668 4367 3013 4439 Disciplinam
3055 4378 3445 4439 praeceptorum
3490 4367 3738 4424 inculca-

2136 4433 2369 4493 tionibus
2414 4438 2727 4493 densamus.
2756 4456 2779 4488 ι
2819 4433 2968 4507 Hinc
3007 4435 3167 4507 etiam
3199 4433 3437 4507 illaquae
3467 4452 3611 4507 ξιξερο
3638 4455 3734 4496 oc-

2132 4520 2381 4574 currunt,
2428 4509 2728 4578 disciplina,
2769 4505 3028 4578 timenda,
3099 4504 3382 4578 disciplina
3440 4504 3732 4577 custodita,

2129 4580 2427 4651 disciplinas
2460 4573 2651 4651 terror,
2683 4574 2975 4651 disciplinae
3025 4581 3198 4651 tenor.
3240 4573 3330 4630 Sic
3384 4588 3590 4643 contra,
3625 4573 3737 4636 dis;

2126 4644 2320 4721 ciplina
2346 4649 2679 4713 mollissima,
2704 4644 3003 4721 laxissima.
3034 4644 3156 4721 Bia.

2202 4723 2316 4789 (16)
2349 4723 2423 4775 De
2469 4721 2605 4774 seris
2657 4719 2713 4771 et
2749 4716 3032 4789 perversis
3073 4716 3375 4773 doctrinis.
3406 4717 3493 4773 Sic
3524 4722 3736 4789 optime

2128 4786 2265 4845 liber
2296 4786 2496 4857 Ursini,
2528 4791 2702 4841 Antea
2731 4786 2895 4843 scenis
2926 4786 3073 4841 nullo
3128 4803 3314 4844 sensu.
3346 4791 3503 4845 Seras
3530 4786 3736 4848 doctri-

2126 4876 2224 4914 nas
2252 4858 2381 4915 dicit
2411 4859 2749 4930 Antichristi,
2773 4858 2930 4927 cujus
2952 4868 3195 4929 tempora
3224 4860 3457 4930 excipiet
3482 4876 3735 4918 consum-

2126 4930 2292 4984 matio
2340 4929 2545 5004 saeculi.
2594 4929 2717 4984 Tria
2766 4936 3008 5004 tempora
3035 4931 3098 5004 in
3144 4929 3463 4987 Tertulliani
3515 4934 3735 5004 scriptis

2124 5002 2655 5075 gunctas__hominum
2686 5007 2865 5075 aetates
2905 5000 3441 5075 dividunttNaturte,
3472 5000 3639 5075 Legis'
3679 5015 3735 5061 et

2124 5071 2422 5143 Evangelii.
2473 5073 2671 5145 Itaque,
2716 5073 2959 5127 ultimum
3018 5086 3097 5128 est
3152 5074 3430 5145 Evangelii
3490 5071 3730 5144 tempus,

2124 5145 2450 5213 subrepente
2505 5144 2833 5199 Antichristo
2862 5156 2914 5199 et
2943 5147 3121 5200 saeculi
3167 5144 3323 5199 ﬁne.’
3352 5148 3471 5201 Rm.
3506 5176 3570 5187 —
3606 5151 3733 5204 Haec

2125 5212 2404 5285 Rigalt’ius,
2436 5218 2531 5287 qui
2588 5216 2725 5270 seris
2760 5215 2984 5287 recepit.
3039 5217 3309 5279 Attamen,
3373 5226 3616 5272 exstante
3675 5219 3732 5273 in

2128 5286 2551 5366 pracedentihus
2582 5286 2936 5366 editionibus
2969 5288 3339 5366 .swvis,_haud
3399 5292 3728 5366 spernenda,

2126 5358 2233 5412 imo
2263 5358 2631 5423 amplectanda
2680 5368 2781 5425 est,
2815 5359 3126 5424 conjectura
3157 5359 3300 5415 Junii
3330 5363 3523 5415 scaevis
3564 5376 3729 5428 l'PpO-

2124 5428 2326 5505 uentis.
2348 5429 2561 5505 Glossaa
2591 5429 2731 5486 Vett.
2766 5430 2952 5497 Σκαιάς,
2987 5445 3217 5505 scaevus,
3262 5448 3460 5505 vanus,
3494 5448 3721 5505 pravus.

2125 5501 2295 5574 Servis
2317 5502 2370 5555 in
2389 5501 2681 5574 editionem
2702 5517 2851 5556 suam
2875 5501 3505 5574 revocavitThomasius,
3524 5504 3726 5574 asarip.

2124 5581 2175 5627 ta
2202 5573 2369 5627 altera
2396 5573 2621 5630 lectione
2648 5575 2786 5629 seris
2814 5574 2879 5626 ad
2910 5588 3079 5626 oram.
3111 5573 3326 5628 Roma.

2198 5644 2309 5715 (17)
2343 5647 2434 5704 Uti
2458 5648 2666 5705 merito
2693 5644 2933 5717 apostoli
2959 5644 3347 5703 crederentur.
3370 5644 3469 5701 Hic
3500 5643 3719 5701 nonnisi
