4042 6172
396 241 465 299 75
670 238 673 243 ’
1518 223 1955 288 'l‘BRTULLlANI
1994 223 2259 284 OPERUM
2299 224 2466 286 PARS
2505 228 2569 285 ll.

3621 228 3689 287 76

392 364 773 439 perstringam.
807 361 983 419 Taceo
1026 358 1170 415 enim
1204 355 1464 413 Judaismi
1522 353 1811 410 haereticos
1845 351 1979 421 (27),
2016 369 2063 448 Α
2097 352 2210 407 suis
2255 351 2579 423 institutum,
2618 369 2650 406 a
2696 352 2944 408 daemone
2986 367 3046 407 se
3090 351 3378 442 obe‘rrante
3427 354 3501 421 35,
3547 357 3693 429 quid.2

388 455 723 522 Dositheum,
773 452 1013 524 inquam,
1045 447 1436 504 Samaritanum
1456 443 1550 517 qui
1581 442 1790 516 primus
1810 456 1979 497 ausus

387 551 470 598 est
506 543 817 616 praphetas,
849 539 998 612 quasi
1027 552 1137 592 non
1184 535 1238 589 in
1284 534 1483 605 Spiritu
1533 539 1718 588 sancto
1750 531 1979 596 loculos,

386 633 687 704 repudiare.
719 631 892 686 Taceo
920 625 1294 691 Sadduccaeos,
1335 623 1429 695 qui
1459 638 1524 678 ex
1571 621 1740 691 hujus
1785 618 1984 676 erroris

385 720 567 777 radice
595 724 893 792 surgentes,
929 713 1046 770 ausi
1091 719 1215 767 sunt
1260 712 1327 766 ad
1376 712 1511 764 hanc
1540 707 1786 764 haeresim
1817 706 1981 762 etiam

384 806 825 864 resurrectionem
874 801 1051 859 carnis
1107 814 1324 872 negare.
1379 794 1732 851 Praetermitto
1787 793 1981 849 Phari-

383 910 541 965 sasos,
588 894 679 965 qui
733 891 1093 947 additamenta
1150 886 1395 957 quasdam
1445 883 1557 955 legi
1606 883 1898 939 astruendo
1950 896 1982 935 a

380 981 580 1038 Iudaeis
606 979 765 1038 divisi
798 986 965 1034 sunt:
997 977 1138 1031 unde
1172 974 1330 1029 etiam
1370 974 1473 1029 hoc
1515 972 1757 1043 accipere
1804 970 1981 1042 ipsum

381 1069 525 1141 quod
554 1069 752 1125 habent
790 1082 1010 1131 nomen,
1052 1063 1203 1136 digni
1230 1063 1449 1118 fuerunt
1478 1079 1491 1115 :
1523 1075 1645 1117 cum
1689 1060 1773 1113 liis
1820 1058 1981 1113 etiam

378 1159 732 1224 Herodianos,
763 1156 861 1231 qui
899 1153 1173 1211 Christum
1224 1150 1486 1207 Herodem
1542 1164 1663 1204 esse
1710 1147 1980 1203 dixerunt.

942 1240 1169 1298 CAPUT
1230 1239 1423 1293 XLVI.

380 1336 584 1394 Deinde
612 1350 700 1390 eos
742 1334 1008 1393 recenset,
1042 1328 1140 1400 qui
1160 1344 1233 1383 ea:
1253 1326 1552 1397 Evangelia
1584 1324 1844 1381 haeretici
1866 1339 1982 1380 esse

446 1424 770 1485 voluerunt,
795 1421 1075 1476 Simonem
1099 1415 1340 1485 Magum,
1357 1413 1749 1477 Menandrum,
1789 1413 1984 1469 Satur-

448 1514 677 1576 ninum,
713 1507 1031 1575 Basilidem,
1063 1503 1378 1560 Nicolaum.

449 1599 535 1654 Ad
564 1612 658 1652 eos
686 1611 775 1650 me
800 1600 1056 1650 converto
1088 1589 1199 1661 (28)
1236 1589 1326 1661 qui
1366 1604 1431 1643 ex
1479 1585 1774 1659 Evangelio
1805 1587 1976 1642 haere-

377 1688 467 1745 tici
494 1701 615 1741 esse
668 1684 954 1740 voluerunt
985 1698 999 1735 :
1045 1695 1109 1734 ex
1140 1678 1336 1749 quibus
1380 1684 1462 1732 est
1499 1676 1706 1747 primus
1734 1673 1975 1731 omnium

376 1774 562 1832 Simon
591 1772 778 1843 Magus
807 1771 939 1839 (29),
979 1766 1073 1839 qui
1102 1767 1156 1821 in
1188 1764 1336 1821 Actis
1364 1762 1735 1835 apostolorum
1781 1763 1974 1819 condi—

376 1879 541 1936 gnam
587 1859 784 1915 meruit
820 1858 887 1912 ab
930 1847 1177 1929 apostolo
1208 1856 1369 1910 Petro
1393 1854 1706 1923 justamque
1752 1858 1974 1908 senten-

380 1951 527 2007 tiam.
559 1949 656 2003 Hic
683 1963 847 2002 ausus
876 1954 957 2002 est
988 1960 1253 2000 summam
1282 1958 1343 1999 se
1392 1943 1573 1998 dicere
1604 1942 1875 2007 virtutem,
1919 1943 1971 1997 id

377 2049 465 2097 est
508 2053 774 2095 summum
838 2038 1028 2105 Deum,
1082 2035 1344 2092 mundum
1406 2041 1583 2089 autem
1640 2033 1707 2087 ab
1766 2033 1977 2105 angelis

2096 448 2238 497 esset
2300 441 2580 511 sapientia,
2659 440 3004 496 descendisse
3092 428 3445 511 quaerendum
3538 445 3683 509 apud

2095 530 2315 586 Iudaeos
2369 532 2503 600 (30),
2571 547 2630 586 se
2684 532 2738 584 in
2789 531 3164 600 phantasmate
3230 531 3330 586 Dei
3388 546 3496 588 non
3553 549 3650 604 pas

2094 633 2213 672 sum
2292 619 2429 687 (3i),
2462 620 2555 674 sed
2629 634 2748 674 esse
2818 619 2974 688 quasi
3047 633 3285 689 passum.
3337 620 3464 675 Post
3537 622 3682 677 hunc

2095 707 2387 762 Menander
2412 708 2716 779 discipulus
2746 705 2936 778 ipsius,
2968 707 3213 763 similiter
3240 723 3453 781 magus,
3494 710 3681 766 eadem

2090 794 2276 852 dicens
2318 812 2440 868 quae
2481 796 2667 852 Simon
2698 797 2852 867 ipse:
2892 796 3150 868 quidquid
3187 812 3244 852 se
3294 798 3480 855 Simon
3521 799 3680 855 dixe-

2092 893 2192 947 rat,
2237 886 2337 939 hoc
2381 900 2440 940 se
2487 884 2775 941 Menander
2811 901 2930 941 esse
2979 886 3211 954 dicebat,
3244 903 3449 958 negans
3478 889 3680 945 habere

2089 988 2255 1043 posse
2320 989 2648 1045 quemquam
2718 975 2969 1040 salutem,
3026 975 3127 1029 nisi
3186 975 3241 1029 in
3298 977 3511 1032 nomine
3580 994 3678 1035 suo

2091 1061 2398 1132 baptizatus
2436 1063 2646 1117 fuisset.
2678 1064 2911 1120 Secutus
2938 1071 3022 1120 est
3057 1075 3184 1134 post
3230 1065 3345 1119 haec
3371 1073 3427 1120 et
3484 1064 3677 1121 Satur-

2091 1150 2274 1213 ninus,
2317 1160 2373 1205 et
2418 1151 2503 1207 hic
2532 1136 2776 1208 similiter
2804 1152 3013 1222 dicens,
3057 1153 3423 1210 innascibilem
3467 1155 3519 1194 ³⁸
3562 1153 3678 1211 62

2090 1238 2363 1304 virtutem,
2404 1239 2457 1292 id
2489 1250 2571 1295 est
2606 1240 2796 1309 Deum,
2820 1242 2873 1295 in
2911 1241 3136 1296 summis
3163 1251 3217 1298 et
3243 1241 3352 1297 illis
3380 1243 3426 1281 3"
3459 1241 3679 1299 inﬁnitis

2088 1324 2332 1395 partibus
2379 1335 2433 1382 et
2478 1328 2531 1381 in
2579 1328 2943 1399 superioribus
2990 1344 3231 1393 manere,
3274 1328 3439 1402 longe
3495 1339 3675 1384 autem

2088 1412 2347 1469 distantes
2407 1416 2474 1469 ab
2534 1416 2633 1470 hoc
2676 1416 2894 1485 angelos
2941 1415 3251 1472 inferiorem
3316 1417 3364 1454 ³8
3421 1418 3675 1471 mundum

2092 1501 2288 1557 fecisse
2342 1502 2455 1573 (32)
2498 1518 2512 1557 :
2574 1500 2627 1557 et
2680 1505 2803 1574 quia
2872 1504 3124 1574 Splendor
3179 1504 3395 1574 quidam
3456 1504 3677 1560 luminis

2083 1589 2369 1644 desursum
2416 1590 2469 1645 in
2530 1590 2873 1647 inferioribus
2923 1588 3239 1660 refulsisset,
3289 1594 3354 1647 ad
3416 1592 3672 1651 similitu-

2083 1676 2261 1732 dinem
2306 1678 2450 1732 illam
2504 1680 2835 1749 superiorem
2892 1690 3111 1751 prOptcr
3156 1681 3302 1737 illius
3359 1680 3578 1738 luminis
3626 1682 3675 1721 39

2085 1766 2200 1837 (33)
2230 1766 2453 1841 angelos
2482 1768 2756 1823 hominem
2802 1769 3104 1831 instituere,
3135 1768 3360 1842 angelos
3411 1786 3626 1827 curasse
3652 1789 3666 1827 :

2087 1854 2227 1909 hunc
2302 1869 2465 1924 super
2528 1863 2723 1911 terram
2793 1856 3025 1925 jacuisse
3088 1866 3383 1930 reptantem
3443 1876 3457 1914 :
3517 1861 3672 1927 cujus

2082 1942 2260 1997 lumen
2299 1942 2428 1997 illud
2459 1951 2511 1997 et
2550 1943 2799 1999 virtutem
2831 1945 3244 2001 misericordiam
3283 1946 3352 2011 ⁴⁰,
3384 1943 3668 2000 scintillam

2084 2029 2290 2085 salvam
2306 2046 2427 2087 esse
2471 2031 2607 2104 (34),
2628 2041 2821 2087 caetera
2847 2033 2893 2070 ἰι
2928 2032 3163 2088 hominis
3181 2033 3378 2106 perire.
3397 2032 3664 2089 Christum

1753 2130 1945 2193 Varias
1994 2134 2303 2192 lectiones.
3154 2170 3161 2175 —

451 2216 501 2255 35
521 2214 821 2270 Aberrante
843 2214 1024 2269 Paris.
1053 2210 1122 2266 ad
1149 2210 1447 2265 daemonem
1480 2224 1635 2281 suum
1664 2220 1930 2264 errantem
1963 2211 2097 2266 Jun.
2130 2209 2196 2281 ad
2216 2209 2479 2281 Ennrnam
2510 2225 2569 2265 se
2607 2210 2963 2281 aberrantem,
2996 2225 3118 2281 quae
3150 2210 3272 2281 (pro
3301 2208 3454 2281 quid)
3489 2210 3662 2281 Seml.

377 2305 444 2343 ex
475 2285 661 2342 lrenaei
692 2286 737 2352 Ι,
766 2288 857 2339 23.
887 2283 936 2322 ³6
964 2282 1282 2345 Innobilem,
1318 2282 1453 2337 Jun.
1485 2280 1537 2352 in
1569 2282 1794 2334 summis
1825 2282 2026 2352 illiset,
2057 2280 2184 2337 Jud.
2208 2280 2254 2318 37
2287 2281 2397 2333 illis
2426 2289 2479 2334 et
2508 2282 2642 2336 Jun.
2676 2281 2725 2319 ³⁸
2752 2279 3040 2337 luferiores
3069 2279 3237 2337 Seml.
3270 2281 3319 2319 39
3345 2279 3669 2335 Similitudi-

381 2373 505 2415 uem
536 2357 687 2411 illius
714 2354 951 2421 luminis,
984 2357 1041 2408 et
1070 2352 1219 2409 nihil
1247 2351 1673 2414 intermedium,
1707 2352 1875 2409 Seml.
1908 2351 1959 2389 ἰο
1999 2353 2161 2407 Verba
2181 2351 2340 2406 modo
2368 2353 2624 2422 neglecta
2656 2352 2744 2407 hic
2773 2355 2974 2407 inserit
3005 2353 3220 2409 Semler
3244 2367 3305 2408 eo
3331 2352 3493 2409 modo
3516 2353 3665 2406 :vir-

381 2440 545 2485 tutem
585 2428 730 2483 illam
762 2425 1091 2496 superiorem
1122 2432 1345 2496 prOpter
1374 2424 1553 2496 miser.
1576 2423 1794 2496 Junius
1813 2438 1940 2478 vero
1973 2425 2050 2478 sic
2080 2422 2294 2496 habet”:
2319 2424 2401 2476 cui
2436 2426 2615 2496 lumen
2635 2422 2768 2477 illud
2798 2437 2851 2478 et
2879 2425 3128 2496 virtutem
3159 2424 3311 2496 illam
3330 2422 3664 2496 superiorem

376 2507 597 2572 prapter
641 2492 1067 2572 misericordiam
1108 2492 1230 2553 vita:
1258 2492 1542 2549 scintillam
1573 2494 1896 2563 immisisse;
1930 2496 2066 2548 hanc
2094 2493 2378 2547 scintillam
2407 2494 2604 2549 salvam
2636 2510 2794 2564 esse;
2830 2505 3081 2551 caeterum
3114 2494 3348 2550 hominis
3385 2493 3582 2564 perire.
3616 2496 3662 2531 ἰι

378 2568 640 2626 Cieieram
672 2568 846 2626 Rhen.

1765 2635 2266 2699 Commentarius.

376 2749 726 2818 Hieronymo,
784 2752 857 2818 _ut
904 2744 1156 2818 indicabit
1198 2740 1487 2818 Rigaltius,
1536 2741 1802 2818 adductus
1832 2748 1912 2818 est
1950 2758 1964 2806 ;

380 2821 489 2875 imo
526 2812 753 2873 fortasse
781 2815 1109 2871 Tertulliano
1140 2812 1241 2884 ipsi
1268 2812 1334 2867 ab
1354 2813 1551 2883 Optato
1578 2814 1633 2867 in
1665 2814 1763 2866 lib.
1797 2812 1966 2880 primo

374 2893 450 2947 De
482 2889 794 2946 Schismate
822 2883 1258 2945 Donatistarum
1286 2884 1576 2940 attributus
1609 2902 1621 2937 :
1663 2884 1805 2939 haud
1841 2883 1968 2937 satis

372 2970 551 3015 tamen
588 2958 876 3014 convenire
918 2958 1059 3012 idem
1108 2957 1321 3011 videtur
1365 2972 1484 3010 cum
1529 2970 1691 3023 opere
1744 2971 1775 3008 a
1829 2956 1966 3009 Ter-

2079 2741 2209 2798 edit.
2240 2757 2337 2796 sua
2368 2757 2466 2810 pro
2498 2740 2665 2797 veteri
2714 2741 2973 2810 scriptura
3009 2743 3341 2813 inferiorem
3377 2742 3660 2813 Rigaltius.

2078 2813 2368 2887 Cum_tero
2411 2820 2631 2887 __pos_tea,
2685 2814 2738 2868 in
2793 2828 2911 2887 cap.
2948 2817 3062 2887 3,}
3096 2815 3317 2887 angelos
3373 2813 3664 2887 inferiores
3716 2866 3733 2881 ,

2077 2883 2349 2938 hominem
2402 2883 2621 2939 ﬁnxisse
2666 2904 2689 2933 »
2724 2884 2921 2939 scribat
2975 2883 3060 2939 hic
3113 2883 3315 2954 au'ctor,
3375 2885 3660 2941 lectionem

2077 2957 2299 3028 alteram
2348 2956 2612 3028 revocavi.
2652 2954 2826 3009 Habes
2865 2954 3022 3018 infra,
3062 2975 3085 3006 α
3122 2958 3174 3009 in
3222 2955 3423 3028 ultimis
3446 2957 3660 3028 quidem

373 3031 601 3086 tulliano
630 3045 796 3099 supra
835 3030 1123 3108 promisso,
1155 3028 1206 3080 in
1251 3041 1364 3106 quo
1406 3026 1634 3108 singulis
1678 3024 1970 3108 haeresihus
2002 3024 2045 3101 ί)
2077 3024 2302 3108 angelis,
2358 3036 2411 3080 et
2439 3027 2546 3108 _qui
2587 3027 2748 3108 huuc_
2783 3027 3022 3082 fecerunt
3075 3027 3362 3107 mundum;
3418 3046 3442 3079 ι
3465 3024 3663 3108 'atqtie

372 3116 432 3155 se
477 3096 861 3171 responsurum
900 3116 1019 3171 esse
1048 3098 1151 3163 ait;
1184 3112 1285 3171 nec
1317 3096 1421 3149 vim
1456 3099 1721 3171 Δειηιθεγειιιεξ
1759 3097 1970 3171 oratio-

372 3172 457 3228 nis
504 3166 849 3242 Se'ptimianae
894 3167 1022 3242 satis
1069 3166 1399 3237 assequitur.
1447 3166 1601 3220 Certe
1636 3166 1767 3242 pars
1810 3167 1973 3235 hujus

372 3241 537 3297 libelli
573 3239 649 3297 De
692 3241 1125 3311 Prwscriptjone
1154 3252 1261 3311 non
1294 3246 1408 3303 est;
1438 3252 1611 3311 neque
1640 3253 1671 3290 a
1696 3239 1848 3311 Lupo
1880 3248 1972 3292 aut

370 3314 681 3380 Thomasio,
705 3311 795 3380 qui
829 3307 950 3380 posi
976 3307 1190 3380 Rigaltii
1233 3314 1473 3380 tempora
1500 3308 1643 3362 hunc
1685 3308 1968 3380 de_Prces-

372 3385 649 3456 criptionc
670 3376 1153 3456 'edide'runt,glibris
1172 3376 1295 3456 suis
1313 3376 1598 3456 cenclusus
1612 3386 1729 3456 est.
1752 3377 1967 3456 floum.

446 3446 560 3524 (27)
599 3456 760 3509 Taceo
790 3454 944 3507 enim
963 3449 1245 3524 judaismi
1276 3446 1587 3524 hcereticos.
1612 3448 1738 3504 Haec
1766 3450 1970 3520 legerat

371 3518 750 3595 Hieronymus,
827 3518 985 3595 cum"
1003 3521 1260 3595 adversus
1318 3518 1703 3595 _Lucifcri_anos
1772 3518 1961 3595 agens,

379 3616 401 3645 α
454 3588 647 3657 Taceo,
704 3592 921 3663 inquit,
956 3592 1022 3645 de
1075 3588 1330 3663 judaismi
1389 3591 1673 3663 haereticis,
1713 3588 1965 3663 qui'ante

374 3665 660 3720 adventum
687 3659 891 3717 Christi
915 3662 1088 3732 legem
1142 3659 1386 3733 traditam
1427 3659 1770 3732 dissiparant,
1818 3661 1964 3733 quod

373 3735 657 3790 Dositheus
688 3730 1143 3789 Samaritanorum
1173 3730 1425 3802 princeps
1472 3730 1766 3803 prophetas
1804 3730 1963 3804 repu-

374 3806 564 3875 diavit,
599 3826 621 3853 ι
657 3812 764 3860 etc.
796 3806 925 3859 illo.

443 3872 561 3948 (28)
592 3877 684 3948 Ad
713 3892 800 3935 eos
816 3893 905 3932 me
920 3878 1201 3948 οοηυεζίο.
1225 3872 1604 3948 Hieronymus,
1624 3873 1747 3927 eod.
1783 3892 1797 3928 :
1833 3896 1864 3948 ς
1879 3873 1961 3929 Ad

373 3942 636 4004 eosvcnio
658 3948 956 4012 haereticos,
980 3949 1071 4015 qui
1092 3944 1378 4015 Evangelia
1399 3942 1749 4015 laniaverunt.
1787 3965 1811 3995 ι)
1836 3945 1958 4001 Rm.

445 4018 526 4074 Ad
562 4034 650 4074 eos
704 4034 794 4076 me
836 4014 1112 4084 converto,
1168 4024 1272 4087 etc.
1314 4014 1666 4087 AAggrcditur
1722 4017 1828 4086 jam
1893 4018 1961 4071 ad

373 4089 660 4146 dicendum
693 4091 761 4145 de
791 4088 1074 4151 haereticis,
1101 4086 1191 4156 qui
1229 4101 1259 4139 a
1299 4084 1512 4140 Christo
1562 4096 1686 4140 nato
1724 4084 1957 4142 exstite-

372 4170 515 4232 runt,
548 4160 765 4232 quique
787 4158 1014 4215 insaniae
1056 4172 1193 4232 sua:
1213 4166 1530 4229 argumenta
1567 4160 1961 4226 posterioribus

374 4227 642 4287 haereticis
662 4227 1021 4296 reliquerunt.
1055 4227 1131 4282 LE
1162 4228 1258 4282 Pa.

446 4302 563 4374 (29)
583 4305 666 4358 Et
685 4301 880 4374 quibus
900 4304 984 4356 est
1007 4300 1233 4371 primus
1254 4300 1511 4374 omnium
1533 4301 1724 4355 Simon
1750 4300 1958 4371 Magus.

373 4369 607 4427 Primum
654 4369 900 4427 omnium
947 4369 1192 4427 numerat
1250 4369 1519 4425 Simonem
1579 4375 1793 4440 Magum
1838 4369 1959 4425 cum

372 4444 598 4509 Irenaeo,
625 4445 940 4515 Epiphanio,
970 4450 1071 4515 etc.

442 4517 551 4583 (30)
586 4518 627 4571 Α
659 4510 912 4571 daemone
938 4528 996 4567 se
1025 4512 1320 4568 aberrante
1350 4510 1487 4583 quid
1515 4514 1653 4567 esset
1670 4513 1960 4583 sapientia

371 4581 714 4659 descendisse
759 4584 1122 4659 quaerendum
1167 4583 1319 4654 apud
1361 4581 1608 4659 ’Judgeos.
1651 4581 1793 4659 _Haic
1836 4591 1961 4659 sunt

371 4651 801 4728 corruptissima,
834 4673 932 4713 nec
980 4657 1173 4728 juvant
1201 4651 1600 4728 'manuscripti.
1649 4651 1956 4728 Legendum

373 4724 549 4781 tamen
577 4724 830 4783 videtur:
869 4748 893 4778 α
944 4724 1026 4780 Ad
1064 4742 1193 4782 oves
1219 4726 1539 4795 aberrantes
1569 4740 1644 4791 se,
1679 4724 1771 4795 qui
1815 4734 1959 4781 esset

371 4797 655 4868 sapientia,
698 4798 1042 4853 descendisse
1090 4795 1464 4868 quaerendum.
1514 4794 1707 4866 Apud’
1741 4796 1958 4868 Judteos

374 4866 448 4922 sc‘
476 4868 530 4922 in
595 4871 982 4940 phantasmate,
1039 4888 1061 4917 »
1109 4866 1218 4922 etc.
1286 4866 1659 4940 Hieronymus,
1712 4866 1955 4924 Indiculo

371 4940 565 5013 haeres.
596 4938 610 4993 ξ
649 4960 670 4988 ι
706 4941 940 5013 Ideoque
984 4956 1042 5013 se
1072 4939 1425 5013 descendisse
1456 4938 1660 5013 inquit,
1697 4948 1752 4992 ut
1800 4955 1953 4994 ovem

367 5011 600 5065 salvarct
629 5008 915 5082 perditam.
957 5009 1230 5067 Christum
1279 5009 1421 5079 apud
1448 5008 1665 5064 Judaaos
1696 5024 1804 5063 non
1836 5025 1954 5065 esse

367 5096 603 5135 nassum.
634 5102 657 5132 s
696 5081 817 5135 ille.

401 5096 603 5135 assum.
634 5102 657 5132 »
696 5084 817 5139 illo.

365 5098 603 5151 passum.
634 5102 657 5132 ι
696 5098 817 5139 tuo.

373 5224 389 5226 _
434 5153 549 5223 (31)
581 5154 647 5211 Se
680 5154 739 5208 in
757 5154 1158 5226 phantasmate
1178 5152 1276 5226 Dei
1296 5165 1409 5226 non.
1426 5164 1676 5220 passum.
1701 5148 1950 5205 Fortasse

362 5220 537 5297 Deum
588 5220 979 5297 reponendum,
1006 5238 1131 5297 cum
1183 5222 1284 5297 hoc
1321 5220 1796 5297 interpretameuto
1843 5238 1855 5274 :
1891 5238 1950 5297 se

359 5294 520 5369 modo
567 5291 907 5369 imaginario,
937 5294 1018 5348 vel
1071 5291 1329 5369 pulnti_v0,
1370 5299 1430 5344 ut
1460 5292 1699 5369 IOquitur
1729 5292 1945 5347 Tertul-

351 5363 549 5431 liauus,
602 5386 627 5416 α
677 5360 803 5421 wnon
869 5360 1108 5435 passum,
1154 5360 1248 5415 sed
1311 5376 1429 5416 esse
1487 5361 1641 5432 quasi
1703 5378 1939 5431 passum,

348 5436 497 5493 Deus
524 5454 644 5494 cum
675 5435 852 5491 fuerit.
872 5434 912 5486 ’n
946 5434 1165 5489 Rou'ru.

413 5508 530 5581 (32)
566 5510 795 5580 Angelos
815 5506 1112 5579 inferiores
1128 5501 1409 5559 mundum
1427 5504 1646 5573 fecisse.
1668 5504 1851 5561 Posuit
1886 5503 1941 5560 in

546 5666 580 5689 ν

2082 3095 2233 3150 initio
2265 3112 2382 3168 cap.
2430 3095 2539 3161 it,-
2595 3097 2823 3168 angelos,
2869 3106 3029 3165 atque
3083 3095 3518 3168 virtutes,'quos
3570 3099 3657 3152 di-

2081 3174 2307 3240 stantes
2345 3167 2508 3240 longe
2558 3182 2591 3240 a
2644 3166 3014 3240 superioribus
3070 3168 3358 3240 virtutibus
3394 3166 3661 3240 mundum

2080 3235 2241 3291 istum
2298 3238 2351 3291 in
2400 3235 2764 3309 iriferioribus
2822 3239 3060 3309 partibus
3114 3238 3419 3294 condidisse
3449 3259 3474 3290 ι)
3510 3238 3658 3297 dicit.

2078 3310 2329 3380 Attamen
2394 3308 2448 3362 iu
2526 3325 2644 3376 cap.
2720 3308 3027 3380 7,7inentifo
3090 3318 3171 3364 est
3243 3309 3424 3363 mundi
3494 3326 3661 3380 supe-

2077 3377 2235 3433 rioris
2262 3388 2427 3448 atque
2458 3380 2749 3435 infeiioris.
2783 3379 2955 3450 Supra
2983 3379 3171 3435 Junius
3198 3381 3425 3447 conjecit
3465 3377 3658 3436 emen-

2075 3450 2330 3522 daudum,
2362 3471 2398 3522 γε
2432 3450 2485 3504 in
2517 3452 2741 3522 summis
2768 3450 2873 3505 illis
2918 3461 2970 3506 et
3000 3450 3215 3507 infinitis
3246 3451 3504 3521 partibus,
3540 3467 3655 3522 pro,

2075 3519 2128 3573 in
2178 3521 2402 3575 summis
2457 3529 2510 3575 et
2563 3521 2669 3575 illis
2718 3522 2961 3587 intinitis,
3000 3544 3025 3570 ιι
3085 3526 3180 3578 seJ
3240 3519 3655 3579 l‘ortasse'uiliil

2074 3590 2390 3646 mutandum
2431 3602 2532 3646 est.
2567 3593 2779 3648 ROUTH.

2142 3660 2261 3731 (33)
2277 3662 2356 3717 Ad
2384 3663 2825 3719 similitudinem
2846 3664 3009 3720 illius
3031 3652 3285 3720 luminis.
3310 3665 3436 3719 Post
3452 3665 3658 3720 simili-

2074 3733 2329 3788 tudinem
2352 3734 2671 3806 interposuit
2700 3736 2794 3790 lias
2813 3750 2975 3790 voces
2995 3736 3281 3806 Higaltius,
3304 3736 3465 3791 illam
3484 3752 3653 3806 supe-

2072 3806 2279 3859 riorem
2318 3809 2572 3878 prepter,
2613 3822 2749 3878 quas
2795 3807 3032 3875 quidem,
3093 3819 3150 3859 ut
3196 3822 3258 3878 ex
3305 3806 3656 3878 sequentibus

2074 3876 2373 3946 perperam
2400 3876 2503 3931 huc
2552 3876 2855 3943 translatas,
2903 3877 3287 3946 expuugendas
3328 3877 3486 3944 jussi.
3519 3877 3655 3931 Dein

2071 3943 2180 4020 vox'
2215 3943 2441 4018 angelos
2497 3949 2633 4001 male
2691 3946 2917 4017 repetita
2969 3943 3136 4001 fuisse
3189 3943 3457 4020 videtur,
3497 3959 3661 4020 prout

2071 4016 2357 4088 RllCllaniiS
2397 4020 2509 4088 jam
2548 4016 2909 4082 adnotaverat,
2959 4025 3013 4071 et
3069 4028 3186 4085 post
3214 4034 3335 4073 cum
3383 4016 3655 4073 Wouwe-

2068 4086 2181 4163 rius
2202 4087 2254 4163 in
2284 4086 2783 4163 Emendalionibus
2807 4089 3045 4163 Epidict.
3068 4089 3195 4163 Fine
3214 4090 3460 4163 Opusculi
3480 4089 3655 4144 simile

2067 4159 2193 4232 quid
2233 4159 2358 4214 huic
2402 4161 2656 4215 clausulae
2704 4159 2886 4229 habes,
2917 4176 3077 4232 quam
3136 4160 3433 4217 Victorinus
3462 4175 3653 4216 corro-

1995 4246 2039 4322 D
2071 4230 2262 4322 δοῖἒῖξθ
2290 4232 2763 4322 ξψξξιάζίιςμηρντιξ

2139 4302 2249 4369 (34)
2286 4302 2458 4371 Cujus
2492 4303 2683 4357 lumen
2719 4302 2881 4364 illud,
2904 4306 2960 4356 et
2991 4304 3263 4357 virtutem
3293 4303 3458 4358 illam
3487 4318 3654 4373 supe-

2069 4371 2282 4446 riorem
2301 4376 2533 4446 propter
2586 4373 3048 4446 misericordiam,
3080 4374 3398 4446 scintillam
3436 4371 3653 4429 salvam

2068 4457 2205 4515 esse.
2252 4443 2339 4498 Sic
2385 4443 2535 4499 editi.
2586 4454 2705 4497 ante
2758 4443 3066 4515 Rigaltium,
3086 4444 3188 4515 qui
3227 4444 3441 4515 quidem
3487 4460 3653 4499 voces

2068 4514 2231 4569 illam
2249 4518 2591 4587 superiorem
2607 4512 2842 4587 propter
2859 4513 3056 4567 omisit.
3077 4512 3180 4568 Sed
3204 4512 3378 4587 locum
3395 4530 3650 4587 mancum

2066 4591 2118 4639 et
2173 4585 2725 4667 cotrtiptutnhlunius
2784 4587 3103 4667 hocunlodo
3161 4586 3448 4667 supplevit,
3492 4599 3651 4667 atque

2067 4654 2369 4711 emendatit
2428 4673 2441 4711 :
2484 4656 2578 4711 Cui
2616 4658 2853 4709 alumen
2910 4654 3039 4709 illud
3088 4666 3141 4709 et
3193 4654 3444 4714 virtutem
3502 4654 3654 4710 illam

2065 4726 2396 4796 superiorem
2447 4734 2667 4796 promer
2696 4724 3118 4781 misericordiam
3152 4747 3178 4775 ο
3210 4728 3334 4783 vitae
3364 4726 3656 4783 scintillam

2068 4797 2405 4861 immississe;
2443 4796 2585 4851 hanc
2637 4818 2659 4847 σι
2694 4796 2983 4853 scintillam
3009 4796 3211 4854 salvam
3244 4814 3389 4853 esse.
3430 4818 3456 4849 ι›
3503 4798 3653 4854 Con-

2067 4867 2208 4922 venit
2264 4868 2380 4923 htec
2425 4868 2729 4923 emendatio
2760 4876 2884 4941 "tam
2917 4884 3037 4941 cum
3092 4869 3173 4940 iis,
3222 4886 3344 4941 quae
3374 4872 3426 4924 in
3459 4885 3579 4940 cap.
3622 4873 3654 4924 3

2064 4948 2383 5009 sequuntur,
2415 4956 2573 5011 quam
2599 4956 2725 4994 cum
2750 4938 3087 5011 Tertulliano
3117 4938 3169 4994 in
3200 4938 3295 4995 lib.
3326 4943 3392 4998 de
3448 4938 3655 4996 Anima

2063 5026 2180 5082 cap.
2202 5014 2299 5082 23ἱ
2318 5010 2479 5082 atque
2500 5012 2703 5067 Irenaeo
2727 5010 2819 5068 lib.
2840 5025 2880 5079 ι,
2905 5012 3111 5069 Contra
3134 5012 3391 5076 haereses,
3416 5027 3536 5082 cap.
3563 5015 3652 5078 22,

2061 5080 2153 5135 ubi
2184 5081 2248 5136 de
2278 5080 2552 5137 Saturnini
2581 5082 2735 5138 scitis
2763 5082 2959 5154 agitur.
2996 5084 3200 5154 Interea
3229 5100 3259 5137 a
3285 5083 3443 5140 Junio
3475 5080 3652 5154 locum

2062 5154 2318 5224 praeclare
2376 5153 2692 5209 emendaute
2770 5151 3001 5217 rectius,
3063 5153 3118 5206 ni
3189 5154 3362 5219 fallor,
3416 5151 3651 5224 positum

2059 5223 2220 5295 luisse
2239 5226 2553 5281 scintillam
2576 5226 2729 5293 vitce,
2754 5240 2914 5295 quam
2948 5226 3080 5281 vitae
3098 5223 3437 5295 scintillam,
3470 5223 3548 5293 siq
3560 5224 3651 5277 ui-

2055 5294 2178 5350 dem
2228 5306 2444 5366 propter
2497 5296 2554 5348 τὸ
2602 5294 2998 5369 opitulatura,
3059 5312 3153 5369 seu
3200 5296 3347 5369 vocis
3375 5294 3653 5354 scintilla:

2056 5369 2453 5437 repetitionem,
2504 5366 2729 5424 amissio
2797 5382 2984 5422 vocum
3056 5366 3459 5437 interjectarum
3514 5381 3648 5437 con-

2052 5435 2243 5508 tigisse
2307 5437 2568 5493 vdeatur.
2621 5439 2767 5502 Dixi,
2827 5437 3021 5492 similia
3093 5435 3305 5496 exstare
3359 5442 3414 5495 in
3473 5435 3651 5506 capite

2049 5510 2293 5577 proxime
2318 5521 2593 5582 sequente.
2627 5511 2845 5566 Bourn.
