4042 6172
412 317 483 376 79
1524 307 1966 371 TERTULLIANI
2003 306 2269 368 OPERUM
2308 306 2474 367 PARS
2511 307 2576 365 ll.
3629 313 3700 374 30

969 436 1196 494 CAPUT
1233 435 1444 494 LXVII.

489 528 697 598 Quibus
744 527 1008 600 adjungit
1049 525 1303 599 Ophitas,
1330 527 1598 591 Cainavos,
1631 523 1929 582 Sethoitas.

480 619 845 674 Accesserunt
887 617 972 671 his
1016 613 1255 670 haeretici
1299 614 1461 669 etiam
1510 613 1606 679 illi,
1659 611 1752 682 qui
1781 610 2000 681 Ophitae

408 713 808 777 nuncupantur.
850 705 983 760 Nam
1029 709 1330 772 serpentem
1379 700 1726 774 magnificam
1773 700 1828 754 in
1877 708 1997 753 tan-

410 802 547 861 tum,
611 802 670 849 ut
695 793 846 850 illum
899 791 1060 847 etiam
1098 791 1199 860 ipsi
1241 789 1455 845 Christo
1515 786 1822 860 praeferant.
1876 789 1998 856 Ipse

407 883 570 948 enim,
604 882 877 954 inquiunt,
929 878 1166 935 scientim
1211 877 1369 934 nobis
1401 877 1525 934 boni
1577 891 1632 932 et
1664 877 1787 931 mali
1824 877 1998 948 origi-

409 987 532 1026 nem
616 970 783 1026 dedit.
843 969 1012 1038 Hujus
1075 967 1502 1022 animadvertens
1576 967 1870 1035 potentiam
1945 971 1998 1018 et

408 1060 745 1128 majestatem
798 1057 1029 1129 Moyses,
1085 1056 1351 1126 inquiunt,
1381 1070 1582 1109 aereum
1643 1054 1825 1123 posuit
1881 1068 1999 1106 ser-

407 1155 623 1220 pentem
654 1162 669 1200 :
697 1154 750 1200 et
777 1145 1100 1217 quicumque
1125 1143 1300 1213 ipsum
1328 1140 1445 1197 64
1479 1149 1820 1212 aspexerunt,
1845 1139 1994 1193 sani-

407 1249 567 1291 tatem
596 1234 869 1290 consecuti
906 1241 1050 1288 sunt.
1076 1235 1219 1302 Ipse,
1252 1232 1400 1286 aiunt
1451 1239 1725 1300 praeterea,
1757 1227 1998 1282 Christus

404 1325 460 1379 in
514 1323 816 1395 Evangelia
891 1337 990 1377 suo
1040 1320 1278 1375 imitatur
1336 1318 1449 1389 (44)
1503 1316 1770 1386 serpentis
1824 1315 1998 1385 ipsius

404 1429 606 1469 sacram
667 1417 1006 1482 potestatem,
1058 1407 1284 1463 dicendo
1330 1408 1376 1444 ’⁸⁷
1432 1425 1443 1463 :
1490 1408 1557 1461 Et
1586 1407 1738 1460 sicut
1795 1405 1994 1477 Moyses

403 1503 681 1560 exultavit
711 1503 1028 1572 serpentem
1049 1499 1114 1551 in
1133 1497 1371 1563 deserto,
1396 1496 1480 1550 ita
1497 1495 1751 1550 exaltari
1776 1497 1994 1562 oportet

403 1592 624 1646 Filium
671 1588 915 1645 hominis
963 1606 983 1641 :
1032 1585 1210 1654 ipsum
1249 1583 1593 1638 introducunt
1640 1580 1709 1634 ad
1759 1580 1984 1635 benedi-

399 1679 570 1735 cenda
597 1677 936 1732 Eucharistia
967 1689 1066 1728 sua
1094 1674 1143 1709 48
1171 1673 1302 1741 (45).
1338 1670 1440 1724 Sed
1472 1680 1580 1724 tota
1612 1669 1765 1723 istius
1793 1671 1991 1726 erroris

401 1775 457 1823 et
493 1783 654 1822 scena
701 1772 756 1818 et
801 1760 1049 1816 doctrina
1090 1759 1216 1813 inde
1263 1758 1437 1814 fluxit.
1488 1757 1686 1811 Dicunt
1731 1756 1874 1811 enim
1921 1759 1990 1815 de

400 1855 491 1910 illo
537 1867 747 1908 summo
790 1848 1046 1920 primario
1085 1862 1235 1902 agone
1272 1846 1579 1915 complures
1627 1845 1761 1900 alios
1810 1861 1989 1901 aeones

398 1941 666 1998 exstitisse
706 1935 1018 2003 inferiores;
1078 1935 1331 1989 omnibus
1387 1945 1561 1987 tamen
1608 1932 1726 1986 iStis
1781 1948 1985 1989 aeonem

398 2030 675 2097 antistare,
731 2027 893 2096 cujus
941 2025 1011 2079 sit
1041 2039 1233 2079 nomen
1290 2022 1774 2095 Jaldabaoth(t6).
1838 2023 1990 2080 Hunc

399 2128 583 2175 autem
645 2126 967 2186 conceptum
1015 2129 1138 2170 esse
1190 2129 1256 2168 ex
1312 2113 1484 2168 altero
1535 2126 1686 2167 aeone
1748 2113 1989 2169 leonibus

395 2205 744 2264 inferioribus
783 2202 1033 2275 permisto
1091 2219 1107 2256 :
1165 2215 1334 2273 seque
1389 2208 1590 2271 postea,
1643 2216 1764 2255 cum
1804 2201 1861 2256 in
1892 2219 1983 2256 su-

395 2297 608 2369 periora
680 2293 948 2349 voluisset
999 2290 1152 2359 eniti,
1212 2289 1471 2362 gravitate
1547 2289 1782 2343 materiae
1855 2306 1982 2359 per-

392 2384 551 2441 mista
598 2384 713 2456 (47)
785 2381 910 2450 sibi,
978 2395 1087 2435 non
1163 2379 1405 2450 potuisse
1459 2377 1526 2432 ad
1603 2380 1881 2449 superiora
1936 2379 1984 2417 49

2113 434 2414 505 pervenire,
2469 434 2525 488 in
2605 432 2894 488 medietate
2948 432 3211 502 relictum,
3269 435 3579 494 extendisse
3647 440 3699 477 ⁵ο

2113 530 2304 586 totum,
2356 519 2607 576 effecisse
2654 520 2732 576 sic
2760 519 2955 575 coelum
3003 520 3145 591 (48).
3173 522 3488 580 Jaldabaoth
3520 533 3698 583 tamen

2108 611 2330 665 inferius
2383 608 2742 671 descendisse,
2777 618 2831 662 et
2877 607 3062 664 fecisse
3111 609 3214 664 sibi
3252 611 3392 667 filios
3443 624 3695 684 septem:

2110 716 2270 770 quem
2302 698 2600 754 occlusisse
2645 697 2759 765 (49)
2790 700 3071 766 superiora
3115 699 3454 770 dilatatione;
3487 713 3547 756 ut
3573 703 3698 773 quia

2107 788 2306 859 angeli,
2365 803 2486 858 quae
2545 787 2822 854 superiora
2875 797 3077 852 essent,
3135 790 3271 844 scire
3303 806 3413 844 non
3456 801 3692 862 possent,

2107 876 2284 948 ipsum
2333 878 2507 930 solum
2551 875 2720 929 Deum
2769 883 3038 944 putarent.
3090 876 3322 932 Virtutes
3369 879 3537 952 igitur
3575 882 3696 936 illas

2103 975 2157 1019 et
2195 964 2421 1035 angelos
2468 963 2754 1018 inferiores
2799 963 3069 1019 hominem
3117 964 3354 1021 fecisse:
3385 975 3438 1022 et
3476 970 3602 1038 quia
3629 970 3696 1024 ab

2105 1051 2492 1106 infirmioribus
2549 1059 2602 1105 et
2649 1051 3011 1108 mediocribus
3075 1053 3359 1109 virtutibus
3421 1054 3696 1113 institutus

2105 1149 2269 1206 esset,
2315 1140 2468 1211 quasi
2501 1156 2733 1196 vcrmem
2763 1139 2995 1208 jacuisse
3033 1150 3357 1213 reptantem.
3387 1144 3542 1199 Illum
3571 1161 3696 1202 vero

2106 1243 2315 1282 agonem
2377 1244 2438 1304 ex
2499 1243 2606 1299 quo
2659 1228 2977 1282 Jaldabaoth
3056 1234 3429 1301 processisset,
3490 1233 3698 1289 insidia

2104 1324 2456 1381 commotum,
2522 1315 2808 1370 scintillam
2885 1321 3177 1388 quamdam
3238 1320 3438 1388 jacenti
3493 1324 3692 1378 homini

2103 1403 2402 1459 immisisse
2436 1406 2547 1473 (50)
2566 1422 2670 1475 qua
2697 1405 2964 1462 excitatus
2985 1423 3080 1478 per
3100 1408 3440 1478 prudentiam
3461 1422 3691 1480 saperet,

2104 1502 2156 1551 et
2183 1492 2480 1565 intelligere
2527 1501 2709 1563 posset
2762 1494 3061 1563 superiora.
3112 1495 3200 1551 Sic
3247 1512 3460 1552 rursum
3504 1499 3656 1568 Jalda

2103 1583 2267 1638 baoth
2295 1582 2455 1637 istum
2484 1581 2537 1636 in
2565 1581 2988 1653 indignationem
3035 1599 3356 1639 conversum
3387 1601 3452 1640 ex
3479 1592 3686 1642 semet-

2101 1672 2217 1742 ipso
2272 1671 2510 1725 edidisse
2575 1670 2820 1727 virtutem
2879 1682 2933 1727 et
2979 1671 3387 1729 similitudinem
3451 1691 3691 1746 serpen-

2100 1762 2168 1815 tis
2204 1760 2320 1829 (51)
2353 1779 2366 1813 :
2400 1753 2452 1814 ei
2497 1760 2636 1812 hanc
2664 1757 2829 1813 fuisse
2875 1760 3124 1815 virtutem
3165 1759 3280 1816 65
3313 1761 3368 1816 in
3413 1765 3688 1832 paradiso,

2097 1849 2147 1903 id
2187 1857 2291 1917 est,
2339 1847 2502 1902 istum
2549 1847 2715 1902 fuisse
2754 1861 3081 1919 serpentem,
3114 1850 3200 1903 cui
3238 1851 3352 1906 Eva
3380 1853 3531 1922 quasi
3558 1853 3689 1909 Filio

2101 1937 2199 1992 Dei
2256 1935 2580 1991 crediderat.
2657 1937 2956 2006 Decerpsit,
3033 1939 3305 2009 inquiunt,
3377 1941 3446 1995 de
3512 1942 3684 1998 fructu

2097 2023 2327 2086 arboris,
2359 2031 2517 2093 atque
2574 2022 2695 2077 ideo
2725 2024 2907 2094 generi
2939 2027 3175 2080 humano
3204 2025 3479 2082 scientiam
3518 2028 3687 2086 bono-

2095 2130 2212 2168 rum
2251 2119 2306 2166 et
2355 2112 2616 2166 malorum
2674 2113 2988 2166 contribuit.
3030 2113 3304 2168 Christum
3357 2127 3534 2171 autem
3575 2133 3682 2173 non

2097 2203 2148 2258 in
2181 2199 2482 2256 substantia
2518 2201 2695 2255 carnis
2742 2198 2928 2269 fuisse,
2972 2200 3194 2256 salutem
3241 2203 3414 2259 carnis
3461 2220 3684 2276 speran-

2089 2290 2211 2344 dam
2253 2288 2472 2343 omnino
2518 2303 2624 2342 non
2675 2302 2816 2343 esse.
2857 2290 3085 2344 Necnon
3131 2291 3291 2345 etiam
3338 2292 3519 2364 erupit
3573 2295 3676 2348 alia

2095 2394 2312 2450 quoque
2370 2377 2607 2442 haeresis,
2663 2393 2781 2446 qua:
2829 2377 3024 2434 dicitur
3058 2378 3395 2435 Cainworum
3447 2383 3584 2451 (52).
3618 2383 3679 2436 Et

1752 2520 1943 2583 Variae
1999 2525 2310 2584 lectiones.

458 2635 505 2672 *Ἰ
536 2631 789 2688 Docendo
819 2627 1047 2687 Semler.
1076 2627 1127 2665 ’⁸⁸
1142 2624 1504 2682 Eucharistica
1532 2627 1703 2681 Fran.
1734 2625 1784 2664 49
1813 2626 2060 2698 Superna
2091 2627 2286 2692 Seml.,
2318 2635 2480 2697 atque
2507 2624 2799 2680 occlusisse
2832 2625 3110 2697 superiora
3151 2629 3282 2684 Jun.
3303 2629 3355 2667 5°
3383 2629 3451 2686 Se
3477 2629 3685 2688 adden-

390 2706 526 2763 dum
545 2704 682 2760 dicit
713 2701 946 2759 Semler.

1785 2768 2283 2832 Commentarius.

460 2881 578 2955 (44)
609 2881 902 2955 Imitatur.
926 2875 1093 2949 Magis
1119 2873 1437 2931 conveniret
1464 2872 1590 2928 huic
1618 2874 1735 2930 loco
1764 2875 1982 2930 verbum

390 2952 644 3010 intimat.
676 2952 892 3005 Roum.

2095 2878 2247 2932 sisse.
2303 2874 2572 2929 Indiculus
2627 2873 2772 2947 Hier.
2834 2891 2846 2930 :
2912 2895 2940 2947 αν
2975 2875 3154 2946 Itaque
3217 2891 3451 2947 superna
3515 2887 3684 2934 mater

2097 2949 2282 3002 volens
2309 2960 2567 3001 exacuere
2624 2945 2873 3001 virtutem
2926 2945 3538 3016 Jaldabaotthperata
3594 2959 3675 3004 est

466 2998 1212 3094 (Egilpsumfi‘ntroducunt
1266 3015 1339 3094 ad
1369 3013 1738 3094 benedicenda
1770 3016 1988 3094 Eu—clta-
2019 2998 2062 3076 Β
2096 2998 2619 3094 scintillat-misirtutis
2649 2998 3678 3094 descendereitii—homincmlet—co‘n;

393 3086 570 3151 ris‘tia
605 3086 733 3149 sua.
786 3090 962 3161 Atque
1013 3092 1084 3144 ita
1113 3086 1290 3161 etiam
1323 3087 1590 3161 indicatus
1621 3087 1931 3161 Hietlouynti
1967 3104 1980 3139 :

398 3187 420 3215 ι(
463 3166 530 3218 Et
570 3165 682 3232 ipse
738 3162 841 3216 illis
880 3157 1234 3232 'Eucharistia
1286 3157 1618 3232 sanctificat.
1648 3176 1671 3208 ι
1695 3227 1705 3232 _
1733 3158 1858 3211 Btc.
1887 3187 1986 3232 __

394 3227 699 3291 Mutandum
729 3231 939 3287 censuit
991 3227 1256 3284 Pamclius
1294 3227 1655 3283 Eucharistia
1692 3227 1745 3280 in
1776 3227 1983 3283 eucha-

394 3306 612 3372 ristica,
666 3312 756 3358 sed
790 3311 996 3356 retenta
1043 3299 1264 3372 pristina
1295 3298 1520 3372 lectione
1568 3297 1641 3350 ait
1672 3299 1936 3372 Bigaltius
1969 3316 1982 3352 :

401 3399 423 3427 ει
466 3377 551 3432 Sic
596 3369 757 3429 habet
811 3372 978 3426 codex
1055 3370 1419 3423 Divionensis.
1478 3373 1653 3437 Atque
1711 3369 1785 3422 ita
1827 3374 1983 3422 etiam

399 3448 662 3501 indicutus
734 3445 933 3498 Hmres.
994 3440 1304 3506 Hieronymi
1355 3444 1407 3504 (a
1463 3439 1712 3492 Meuardo
1763 3439 1984 3509 editus).

398 3521 466 3574 Et
498 3519 615 3588 ipse
646 3515 766 3588 illis
797 3512 1121 3588 eutltaristia
1181 3509 1777 3588 sanctiﬁcat.__R0t_J:rn.

467 3579 584 3658 (46)
644 3585 919 3658 Cujussit
985 3598 1191 3638 nomen
1249 3579 1595 3658 .lalda-baolh.
1657 3579 1983 3658 Vocabulum

396 3653 542 3713 istud
564 3653 604 3712 'e
630 3653 1012 3712 Niéolaitarum
1062 3667 1205 3722 penu
1234 3653 1608 3722 depromptum
1651 3660 1748 3715 est,
1782 3653 1848 3722 de
1880 3668 1986 3720 quo

398 3729 473 3783 sic
502 3737 717 3781 sanctus
771 3719 1119 3796 Epiphanius,
1167 3719 1318 3796 pater.
1356 3724 1425 3775 25
1458 3719 1498 3774 7:
1531 3719 1727 3796 ’Έτεροι
1781 3721 1834 3773 δὲ
1878 3719 1986 3796 ⁸τῷν

394 3799 756 3870 προειρημένων
813 3787 1115 3870 Ἶᾶλδαεοιὼθ
1137 3787 1415 3870 Δδρξ-ἀζιιυσι
1431 3834 1443 3856 ,
1462 3864 1480 3870 Α
1503 3787 1758 3870 eamearn;
1775 3836 1786 3858 ,
1841 3792 1986 3870 αἰίτὸν

397 3861 517 3924 εῖ⁷ναι
539 3861 743 3941 inp-63m»;
783 3867 878 3919 υἱὸν
917 3874 1001 3933 τῆς
1030 3861 1314 3941 Βαρϐηὶὶῴιο
1343 3863 1424 3941 xui
1461 3861 1542 3914 διὰ
1571 3865 1717 3941 usus
1739 3882 1861 3941 eam
1888 3866 1986 3941 δεῖν

396 3943 532 4012 ἄγειν
563 3934 697 4012 οἱὺτῷ
724 3938 811 4005 τὴν
853 3940 1016 4009 τιμὴν,
1049 3937 1121 3987 ὅτι
1145 3934 1310 4012 τειρλῇᾲ
1348 3934 1705 4012 Δάτςεχάλυνψεν.
1739 3934 1881 3989 Ὅθεν
1908 3935 1988 3987 καὶ

397 4004 560 4083 piata
581 4004 689 4064 τινᾶ
717 4004 1018 4079 ίξνὸνόμόιτος
1046 4013 1141 4083 τοῦ.
1170 4004 1474 4083 Telegoni»?
1493 4004 1827 4083 nctntsﬁovrat
1850 4009 1985 4060 ἐκτυ-

395 4075 596 4143 Ῑποῦντες
655 4100 667 4136 :
717 4102 740 4131 (ι
773 4075 881 4135 Alii
911 4097 942 4133 a
1002 4075 1270 4146 ptaedictis
1298 4075 1612 4130 Jaldabaoth
1648 4077 1985 4145 potissimum

397 4163 738 4218 venerantur,
785 4157 1083 4205 asserentes
1127 4163 1246 4202 esse
1279 4147 1699 4216 primogenitum
1726 4149 1981 4203 Bai-belo-

397 4225 501 4295 nis,
545 4224 804 4295 adeoque
834 4219 1175 4295 tribuendum
1216 4218 1317 4295 ipsi
1373 4226 1652 4295 honorem,
1713 4234 1772 4295 ut
1810 4221 1977 4295 aiunt,

430 4288 648 4349 ueniam
695 4288 858 4347 multa
897 4291 1133 4360 detexit;
1189 4289 1328 4342 unde
1377 4288 1544 4344 libros
1591 4291 1854 4360 quosdam
1882 4291 1982 4344 sub

430 4312 648 4349 uomam
695 4312 858 4347 multa
897 4312 1133 4358 (ωιωιιις
1189 4312 1328 4342 uuue
1377 4312 1544 4344 ιιυΓυδ
1591 4312 1854 4360 quosnam
1882 4312 1982 4344 SUD

394 4312 717 4419 Saldabaoth
777 4377 993 4416 nomine
1040 4359 1442 4417 circumferunt.
1500 4380 1521 4408 ι»
1575 4362 1802 4415 Plurima
1861 4370 1983 4415 sunt

395 4435 665 4504 ejusmodi
712 4433 984 4504 spurcitiae
1030 4434 1290 4504 vocabula
1337 4447 1366 4484 a
1413 4431 1981 4504 Nicolaitiseonficla,

393 4501 628 4577 quorum
649 4501 928 4577 "nonnulla
974 4503 1121 4574 apud
1147 4510 1412 4577 sanctum
1439 4501 1814 4577 Epiphaniam
1846 4504 1981 4577 refe-

390 4572 605 4634 r'untur.
637 4576 742 4630 Sed
771 4575 915 4632 violo
949 4572 1020 4640 te,
1051 4574 1242 4646 pudor,
1277 4590 1401 4627 cum
1437 4573 1489 4625 iu
1539 4575 1623 4627 his
1651 4572 1851 4628 diutius
1880 4575 1982 4628 im-

389 4664 590 4704 tuoror.
630 4647 710 4702 La
736 4648 834 4702 Pa.

463 4721 576 4791 (47)
611 4721 896 4775 Gravitate
925 4717 1186 4791 materia:
1212 4718 1488 4787 permisto
1518 4712 1642 4770 sibi.
1677 4714 1980 4789 Legendum

388 4791 598 4845 videtur
622 4792 933 4862 permistw.
990 4790 1202 4862 Rou'rti.

461 4863 576 4933 (48)
599 4857 662 4917 In
682 4860 1266 4933 medietaterelictum
1289 4857 1602 4933 extendisse
1621 4862 1824 4933 totum,
1847 4861 1980 4933 effe-

385 4929 525 4988 cisse
553 4929 633 4989 sic
660 4934 880 4989 cretum.
927 4932 1014 4984 Sic
1044 4930 1243 4984 editum
1275 4937 1373 4983 est.
1414 4930 1516 4983 Sed
1562 4929 1789 4997 conjecit
1837 4930 1975 4983 scri-

384 5003 622 5058 bendum
655 5004 970 5060 extendisse
990 5015 1049 5054 se
1075 4999 1350 5054 Semlerus
1367 5009 1421 5053 et
1449 5015 1570 5053 ante
1599 5015 1726 5054 eum
1756 5001 1976 5056 Latinus

382 5075 646 5138 Latinius,
693 5074 780 5143 qui
829 5082 880 5126 et
938 5070 1356 5143 r«cte_ccnsuit
1390 5071 1723 5143 ponendum
1752 5076 1972 5143 esseet

378 5147 578 5216 fecisse
620 5138 723 5216 pro
763 5143 1038 5216 effecisse.
1099 5140 1356 5216 Fortasse
1389 5139 1550 5216 igitur
1587 5138 1658 5216 ita
1713 5139 1972 5216 legendus

375 5211 458 5271 est
488 5211 654 5281 locus,
686 5215 749 5268 in
769 5213 1071 5267 medietate
1092 5227 1217 5265 vero
1248 5212 1515 5266 relictum
1546 5211 1863 5269 extendisse
1910 5229 1968 5268 se

378 5291 586 5350 totum,
611 5291 662 5338 et
691 5282 874 5336 fecisse
913 5285 995 5336 sic
1025 5282 1248 5336 caelum.
1280 5281 1496 5335 Roum.
1682 5330 1692 5339 ,

452 5361 568 5428 (49)
605 5356 777 5428 Quem
797 5352 1116 5428 occlusisse.
1141 5351 1271 5419 Conj
1283 5367 1388 5428 ccci
1403 5364 1455 5407 at
1484 5352 1788 5428 legendum,
1814 5363 1966 5424 atque

367 5422 666 5486 occlusisse
714 5425 922 5480 Junius.
971 5423 1148 5478 Malim
1207 5426 1358 5494 queis
1413 5422 1498 5479 vel
1555 5425 1754 5497 quibus
1802 5422 1960 5495 repo-

365 5515 914 5632 nelgilrgcintillam
945 5567 1253 5639 quamdam
1269 5566 1491 5638 jacenti
1521 5565 1736 5624 homini
1763 5569 1959 5625 immi-

2064 4434 2334 4490 similiter
2398 4437 2582 4491 Judam

2095 3088 2243 3143 tinuo
2271 3087 2439 3142 erexit
2477 3103 2620 3151 eum,
2666 3098 2722 3140 ut
2746 3097 2906 3142 staret
2936 3088 3162 3156 pedibus
3191 3091 3320 3144 suis.
3360 3087 3537 3145 n'RtG.

2166 3160 2280 3229 (51)
2307 3163 2374 3233 Et
2396 3159 2830 3233 similitudinem
2851 3162 3149 3233 serpentis.
3172 3160 3332 3216 Forte
3369 3160 3677 3233 legendum,

2095 3230 2160 3284 ad
2191 3229 2629 3286 similitudinem
2658 3229 2953 3286 sementis.
2981 3230 3197 3285 Roum.

2166 3302 2281 3369 (52)
2313 3300 2446 3365 Quae
2471 3300 2686 3354 dicitur
2727 3300 3104 3358 Caino’orum.
3153 3301 3304 3354 Certe
3334 3300 3495 3355 etiam
3550 3301 3682 3358 istos

2101 3373 2336 3444 Caianos
2364 3381 2555 3425 Vocant
2583 3371 3310 3444 Philastrius,Epiphanius,
3341 3371 3681 3444 Augustinm

2094 3457 2155 3494 ac
2187 3443 2569 3496 Damascenus.
2604 3443 2843 3511 Denique
2893 3442 3266 3514 Hieronymus,
3298 3442 3675 3514 advauci/i,

2093 3514 2219 3583 dum
2250 3515 2531 3583 conjungil‘.
2569 3514 2813 3581 Ophitas,
2853 3514 3106 3579 Caianos,
3135 3513 3535 3582 Carptcratem,
3578 3513 3678 3569 Ce-

2096 3582 2354 3656 rinthum,
2400 3582 2718 3651 Hébionem,
2751 3585 3066 3656 Auctorem,
3125 3596 3382 3656 quantum
3435 3593 3675 3656 apparet,

2098 3654 2360 3720 imitatus;
2393 3656 2638 3710 Clemens
2670 3671 2792 3710 ιρΓο
2822 3653 2982 3710 Alex.
3014 3653 3220 3713 Stroin.
3257 3659 3309 3719 ’7,
3349 3653 3677 3722 Cairtnitas;

2097 3725 2331 3799 lrc_nmus
2363 3726 2532 3799 magis
2574 3726 2811 3796 pr0prie,
2843 3728 2922 3781 uti
2952 3739 3004 3782 ct
3032 3729 3418 3797 Theodore-tus,
3457 3729 3676 3786 Cainos.

2098 3797 2221 3867 quia
2272 3797 2466 3851 nomtn
2517 3815 2624 3852 uno
2671 3813 2939 3852 consensu
2988 3799 3110 3852 inde
3175 3815 3360 3852 omnes
3406 3800 3673 3852 dEIlHlnl.

2097 3867 2234 3938 ΡΑΜ.
2264 3898 2332 3906 -
2366 3870 2741 3925 Cainworum.
2791 3867 2926 3923 Sunt
2963 3868 3036 3921 ita
3062 3869 3332 3938 appellati,
3373 3868 3517 3936 quod
3547 3869 3678 3924 Cain

2097 3937 2416 3994 fratricidam
2477 3938 2888 4010 primogtnitum
2957 3937 3342 4006 patris’n0stri
3410 3953 3472 3992 ac
3529 3940 3673 4010 beati

2095 4011 2224 4064 Adae
2281 4011 2613 4079 pr0toplasti,
2660 4009 2853 4065 colant
2897 4019 2951 4064 et
3002 4019 3341 4073 venerentur,
3410 4025 3533 4063 cum
3585 4009 3676 4064 di-

2096 4089 2279 4135 centes
2315 4081 2480 4136 fuisse
2509 4083 2719 4136 virtutis
2774 4080 3071 4134 fortissimae
3105 4099 3118 4135 :
3153 4088 3206 4133 et
3237 4096 3302 4134 cx
3357 4081 3521 4134 altera
3550 4081 3674 4150 qui-

2096 4152 2219 4205 dem
2259 4151 2474 4223 virtute,
2507 4169 2698 4222 mmpe
2729 4150 2950 4221 diaboli,
2982 4153 3110 4206 Cain
3153 4152 3377 4219 factum;
3413 4168 3476 4206 ex
3507 4150 3673 4206 altera

2093 4229 2290 4290 autem,
2340 4223 2393 4276 id
2449 4231 2531 4277 est
2586 4223 2702 4289 Dei,
2744 4223 2877 4278 Abel
2933 4223 3298 4279 beatissimum
3356 4233 3538 4276 natum
3572 4240 3584 4274 :
3618 4237 3672 4277 et

2091 4292 2341 4366 virtutem
2380 4297 2661 4364 majorem,
2711 4311 2828 4366 quae
2869 4302 2982 4348 erat
3030 4294 3083 4348 in
3128 4294 3252 4366 ipso
3283 4293 3541 4366 Cain,_ita
3587 4293 3672 4347 in-

2091 4365 2343 4433 valuisse,
2404 4375 2464 4420 ut
2526 4382 2685 4421 suum
2731 4363 3062 4420 interficeret
3120 4363 3355 4418 fratrem.
3433 4363 3675 4419 Aderant

2645 4436 3154 4506 proditorem,ieum
3213 4435 3530 4489 arbitrantes
3567 4434 3670 4488 ali-

2092 4507 2220 4576 quid
2250 4507 2484 4563 divinum
2536 4505 2672 4573 esse,
2706 4508 2839 4560 adeo
2889 4505 3122 4575 quidem,
3159 4513 3216 4558 ut
3245 4522 3367 4573 e,us
3413 4508 3678 4560 detestan-

2091 4590 2218 4632 dum
2248 4581 2428 4634 scelus
2468 4582 2656 4648 ingens
2685 4576 3003 4632 beneficium
3072 4585 3335 4646 reputent,
3368 4593 3491 4630 eum
3519 4591 3673 4631 asse-

2088 4657 2264 4703 rentes
2321 4649 2648 4720 praescii-me
2682 4655 2970 4720 _quantum
3029 4649 3401 4720 essetgcueti
3437 4649 3675 4720 humano

2089 4721 2280 4774 Christi
2322 4717 2517 4790 ’passio
2575 4717 2871 4790 profutura,
2906 4719 3134 4790 ideoque
3172 4718 3320 4772 illum
3375 4718 3575 4773 Judaais
3604 4721 3672 4772 ad

2087 4789 2440 4844 occidendum
2491 4788 2791 4844 tradidisse.
2839 4788 3189 4845 Perhibentur
3231 4805 3442 4860 quoque
3485 4799 3538 4860 et
3563 4790 3664 4846 So-

2085 4861 2316 4914 domitas
2394 4861 2595 4916 colere.
2663 4861 2794 4916 ltcm
2849 4862 3008 4926 Core,
3074 4860 3282 4914 Dathan
3335 4859 3386 4913 et
3441 4859 3669 4925 Abiron,

2085 4940 2362 5002 propterea
2390 4931 2555 5003 quod,
2605 4948 2723 4986 cum
2755 4932 2984 4986 schisma
3024 4932 3073 4986 in
3122 4931 3292 5002 primo
3321 4931 3416 5003 Dei
3468 4929 3671 5003 populo

2082 5001 2354 5068 fecissent,
2410 5001 2485 5058 Stei
2503 5020 2560 5057 ra
2614 5003 2920 5058 dehiscente
2974 5001 3244 5072 perierint.
3321 5001 3476 5056 Adeo
3541 5002 3669 5072 qui-

2082 5020 2354 5068 temssent,
2423 5020 2485 5058 te:
2503 5020 2560 5057 ra
2614 5020 2920 5058 dehiscente
3012 5020 3244 5058 eruerint.
3321 5020 3476 5056 Adeo
3541 5020 3668 5072 qni-

2078 5073 2220 5150 dem,
2250 5087 2308 5129 ut
2338 5075 2730 5150 quantumlibet
2765 5074 2929 5146 aliqui
2971 5020 3196 5150 Fuerint
3221 5072 3508 5150 aliquando
3539 5090 3668 5150 sco.-

2079 5142 2318 5202 lesti'aut
2347 5142 2623 5218 flagitiosi,
2671 5142 2940 5217 nunquam
2974 5145 3077 5218 illis
3102 5142 3370 5201 defuerint
3398 5142 3669 5218 aquibus

2080 5216 2448 5283 laudarentur;
2514 5229 2566 5270 et
2650 5216 2834 5273 eorum
2913 5217 3087 5270 scelus
3176 5216 3666 5271 commendaretur.

2073 5285 2214 5357 Blast
2238 5288 2450 5343 heinant
2482 5287 2711 5358 denique
2741 5289 2777 5342 ii
2825 5289 2998 5358 legem
3030 5300 3082 5341 et
3112 5287 3280 5341 Deum
3310 5287 3446 5358 legis
3475 5295 3667 5341 aucto-

2073 5375 2210 5424 rem,
2259 5363 2543 5430 carnisque
2590 5357 3037 5430 resurrectionem
3081 5371 3294 5430 negant.
3324 5357 3540 5430 iOmnes
3569 5364 3666 5411 de-

2069 5430 2229 5500 nique
2286 5427 2566 5486 Marcionis
2621 5446 2836 5488 errores
2892 5428 2994 5483 illis
3043 5427 3282 5484 tribuunt
3307 5429 3554 5500 (Irenaeus
3608 5433 3668 5483 et

2068 5499 2434 5572 Augustinus:
2486 5519 2551 5558 ex
2579 5519 2689 5572 quo
2720 5499 2874 5572 facile
2902 5500 3109 5572 creditu
3157 5507 3258 5565 est,
3290 5499 3516 5556 Caianos
3547 5501 3662 5554 liae-

2068 5569 2267 5629 reticos
2296 5589 2330 5628 a
2358 5569 2627 5630 Marciane
2658 5584 2832 5630 ortum
2865 5569 3136 5626 habuisse.
3169 5572 3300 5626 Lac.
