4036 6172
377 271 435 330 81
1471 277 1664 336 LIBER
1705 276 1786 334 DE
1827 273 2486 335 PRA‘JSGRIPTIONIBUS.
3555 271 3626 329 82

387 397 617 496 ipsieniin
651 397 993 468 magniﬁcam
1029 401 1160 456 Cain
1210 404 1348 473 (53),
1379 403 1532 474 quasi
1570 419 1634 459 ex
1684 403 1915 474 quadam
1955 416 2001 496 ι
2030 400 2311 455 hominum
2359 400 2568 471 iniquas
2634 399 2820 496 fuisse.
2848 399 2964 469 (60)
3005 417 3019 454 :
3067 399 3138 496 ob
3197 415 3356 471 quam
3410 415 3624 456 causam

395 489 553 558 potenti
576 487 761 541 virtute
803 498 1137 562 conceptum.
1169 508 1290 564 qua
1337 503 1555 563 operata
1599 495 1668 549 sit
1702 495 1754 550 in
1784 495 1920 566 ipso.

394 577 497 631 Nam
517 575 636 631 Abel
666 592 733 630 ex
780 576 1036 632 inferiore
1066 579 1258 634 virtute
1296 593 1633 654 conceptum,
1669 600 1926 653 procrea-

396 675 492 730 tum,
516 673 561 717 et
608 663 732 718 ideo
778 663 1088 721 inferiorem
1119 678 1387 738 repertum
1425 672 1562 739 (54).
1598 671 1661 726 Hi
1689 674 1782 744 qui
1816 675 1916 728 hoc

388 753 609 815 adscrunt,
640 753 799 807 etiam
857 754 1048 808 Judam
1091 758 1412 824 proditorem
1470 761 1783 826 defendunt,
1822 763 1924 816 ad-

383 840 634 894 mirabilem
660 840 813 894 illum
862 850 917 896 et
945 859 1194 913 magnum
1241 861 1358 901 esse
1394 856 1752 903 memorantes
1784 851 1922 920 (55),

373 937 559 998 propter
601 929 879 998 utilitates,
927 947 1062 1002 quas
1117 935 1349 989 humano
1398 938 1584 1009 generi
1633 939 1925 994 contulisse

364 1017 581 1085 jactatur.
619 1017 853 1084 Quidam
883 1022 1028 1074 enim
1059 1021 1303 1091 ipsorum
1332 1025 1620 1096 gratiarum
1656 1030 1923 1082 actionem

362 1105 493 1160 ledae
522 1118 738 1176 propter
765 1110 903 1162 hanc
938 1125 1156 1164 causam
1188 1113 1516 1169 reddendam
1555 1122 1757 1184 putant.
1789 1117 1924 1170 Aui-

363 1193 670 1249 madverteus
729 1195 894 1258 enim,
954 1196 1220 1268 inquiunt.
1265 1201 1453 1268 ludas,
1492 1203 1635 1274 quod
1683 1203 1925 1260 Christus

362 1285 504 1340 vellet
532 1285 803 1342 veritatem
854 1289 1182 1356 subvertere,
1225 1291 1439 1345 tradidit
1467 1292 1635 1360 illum,
1669 1311 1736 1350 ne
1783 1297 1923 1351 sub-

362 1373 482 1429 verti
507 1374 698 1431 veritas
739 1383 936 1445 posset.
982 1377 1048 1431 Et
1099 1377 1187 1431 alii
1219 1379 1298 1436 sic
1344 1391 1530 1434 contra
1562 1381 1835 1454 disputant
1871 1395 1926 1441 et

361 1461 526 1516 dicunt
554 1481 567 1517 :
595 1463 737 1530 Quia
779 1472 1068 1533 potestates
1100 1467 1263 1534 hujus
1302 1467 1485 1522 mundi
1527 1468 1779 1524 nolebant
1818 1471 1923 1539 pati

360 1549 617 1617 Christum,
669 1567 744 1606 ne
803 1553 1040 1608 humano
1094 1554 1280 1626 generi
1336 1570 1434 1625 per
1475 1565 1702 1612 mortem
1756 1557 1925 1628 ipsius

361 1638 489 1694 salus
527 1649 818 1710 pararetur,
882 1641 1041 1696 saluti
1083 1643 1374 1700 consulens
1413 1645 1628 1717 generis
1680 1646 1922 1715 humani,

369 1728 555 1783 tradidit
615 1728 918 1798 Christum,
981 1741 1041 1786 nt
1100 1732 1268 1795 salus,
1345 1749 1467 1804 quae
1538 1735 1925 1806 impediebatur

377 1829 459 1882 per
495 1819 718 1882 virtutes,
766 1834 891 1889 quae
931 1819 1268 1875 obsistebant
1310 1836 1378 1875 ne
1431 1830 1702 1890 pateretur
1731 1823 1919 1879 Chris-

390 1911 480 1967 tus,
531 1904 746 1974 impediri
793 1908 1018 1962 omnino
1089 1922 1195 1962 non
1270 1918 1475 1980 posset,
1533 1917 1588 1963 tt
1651 1910 1773 1966 idro
1825 1926 1922 1981 per

379 1992 648 2060 passionem
696 1993 885 2049 Christi
946 1995 1058 2066 (56)
1114 2012 1223 2052 non
1268 2005 1453 2068 posset
1508 1999 1655 2052 salus
1700 1999 1920 2054 humani

367 2082 556 2147 ltg'eueris
583 2083 857 2137 retardari.
893 2083 1003 2139 Sed
1035 2092 1088 2138 et
1117 2083 1206 2138 illa
1234 2085 1456 2141 haeresis
1487 2086 1766 2156 processit,
1801 2103 1919 2158 quas

360 2165 526 2220 dicitur
584 2170 948 2226 Sethoitarum
995 2173 1041 2210 51
1109 2175 1258 2242 (57).
1310 2174 1480 2244 Hujus
1554 2175 1921 2244 perversitatis

354 2255 568 2310 doctrina
611 2262 732 2314 haec
778 2269 858 2315 est
909 2278 921 2313 :
963 2261 1100 2316 duos
1139 2261 1382 2317 homines
1419 2265 1486 2316 ab
1517 2265 1722 2335 angelis
1749 2279 1914 2320 cons-

351 2344 529 2415 titutos,
586 2347 719 2401 Cain
788 2357 841 2402 ct
898 2349 1034 2404 Abel
1073 2353 1092 2418 ;‘
1137 2357 1358 2422 prOpter
1399 2352 1499 2406 hos
1556 2367 1776 2422 magnas
1828 2353 1914 2406 in-

343 2442 410 2486 ter
456 2436 685 2506 angelos
729 2439 1106 2494 contentiones
1161 2449 1213 2495 et
1269 2439 1564 2495 discordias
1596 2441 1910 2510 exstitisse;

335 2523 395 2573 ob
439 2521 568 2578 hanc
617 2539 848 2579 causam
912 2526 1056 2579 illam
1111 2524 1229 2583 66
1283 2527 1529 2584 virtutem
1583 2545 1703 2600 quae
1751 2546 1916 2599 super

330 2623 501 2664 omnes
537 2613 657 2681 (58)
709 2613 928 2668 virtutes
971 2627 1135 2684 esset,
1185 2631 1349 2686 quam
1407 2627 1627 2670 matrem
1677 2634 1915 2688 pronun-

327 2697 462 2762 tiant,
495 2700 630 2755 dum
677 2702 818 2758 Abel
859 2703 1194 2759 interfectum
1238 2705 1474 2760 dicerent
1507 2706 1639 2775 (59),
1681 2706 1914 2763 voluisse

324 2787 520 2857 concipi
565 2800 624 2846 et
673 2791 823 2847 nasci
854 2791 993 2847 hunc
1041 2792 1169 2848 Seth
1207 2795 1322 2849 loco
1362 2792 1571 2859 Abelis,
1601 2803 1658 2848 ut
1685 2810 1912 2850 evacua-

323 2884 493 2930 rentur
544 2879 736 2950 angeli
785 2880 879 2945 illi,
925 2884 1014 2952 qui
1060 2886 1196 2937 duos
1243 2881 1452 2952 priores
1499 2882 1621 2937 illos
1666 2883 1915 2940 homines

2031 491 2176 544 illam
2223 489 2489 552 virtutem,
2538 503 2700 560 quam
2755 487 2919 559 (sicut
2973 487 3232 557 diximus)
3279 489 3626 558 pronuntiant

2035 586 2277 641 matrem,
2337 577 2400 631 ad
2452 576 2740 633 vindictam
2795 576 2956 631 etiam
3018 576 3398 648 cataclysmum
3457 576 3618 631 indu-

2033 682 2177 731 cere,
2214 674 2270 720 ut
2307 676 2358 720 et
2407 665 2536 720 illud
2582 665 2946 736 permistionis
2991 679 3179 720 semen
3227 665 3523 728 tolleretur,
3565 674 3622 720 et

2037 756 2136 809 hoc
2179 755 2353 808 solum
2410 769 2615 816 semen,
2673 755 2814 823 quod
2881 762 3024 808 esset
3079 768 3296 822 purum,
3353 751 3620 825 integrum

2031 842 2409 898 custodiretur.
2431 843 2682 897 Sedenim
2702 841 2821 896 illos
2839 842 2930 913 qui
2960 840 3185 896 seminis
3212 840 3333 894 illos
3362 841 3560 907 prioris
3573 841 3622 880 ⁵²

2032 931 2408 994 instituissent,
2461 933 2670 986 occulte
2720 940 2776 984 et
2813 932 3062 994 latenter,
3106 937 3161 984 et
3206 930 3492 1000 ignorante
3533 929 3622 985 illa

2034 1033 2202 1077 matre
2247 1019 2476 1084 Virtute,
2542 1036 2662 1074 cum
2712 1019 2820 1073 illis
2876 1028 3000 1074 octo
3033 1019 3319 1075 animabus
3365 1017 3417 1073 in
3446 1034 3623 1076 arcam

2031 1110 2243 1165 misisse
2273 1109 2428 1163 etiam
2478 1123 2658 1164 semen
2697 1109 2864 1164 Cliam
2896 1109 2966 1177 ⁵³,
3015 1123 3124 1180 quo
3165 1123 3349 1162 semen
3408 1106 3623 1164 malitiae

2034 1213 2139 1252 non
2175 1199 2394 1269 periret,
2424 1199 2516 1252 sed
2546 1213 2669 1253 eum
2707 1196 2916 1253 caeteris
2967 1205 3369 1264 conservatum,
3401 1205 3457 1252 et
3502 1205 3625 1264 post

2032 1285 2409 1357 cataclysmum
2462 1285 2620 1341 terris
2665 1285 2952 1350 redditum,
3001 1287 3259 1355 exemplo
3305 1294 3624 1342 caeterorum

2031 1383 2366 1432 excresceret
2419 1383 2472 1429 et
2538 1373 2935 1441 effunderetur,
2986 1382 3041 1428 et
3095 1385 3266 1430 totum
3330 1375 3512 1430 orbem
3570 1384 3626 1431 et

2032 1466 2274 1534 impleret
2298 1472 2352 1518 et
2376 1471 2674 1532 occuparet.
2705 1463 2783 1517 De
2812 1463 3028 1518 Christo
3057 1471 3237 1517 autem
3257 1462 3336 1518 sic
3364 1466 3625 1529 sentiunt,

2034 1564 2094 1608 ut
2121 1553 2298 1608 dicant
2326 1552 2477 1605 illum
2527 1551 2894 1604 tantummodo
2923 1548 3075 1618 Seth,
3124 1557 3178 1605 et
3208 1565 3306 1618 pro
3343 1549 3466 1619 ipso
3493 1550 3623 1606 Seth

2035 1643 2214 1714 ipsum
2247 1641 2408 1697 fuisse
2436 1640 2506 1694 ⁵⁵.

2570 1762 2796 1818 CAPUT
2837 1762 3074 1817 XLVIII.

2097 1882 2382 1937 Praeterea
2418 1879 2830 1952 Carpocratem,
2859 1876 3209 1944 Cerinthum,
3231 1878 3549 1936 Hebioncm.

2097 1995 2448 2070 Carpocrates
2512 2004 2766 2062 praeterea
2835 1994 2948 2063 (61)
3003 1993 3138 2048 hanc
3203 1993 3322 2046 tulit
3392 1999 3618 2051 sectam.

2026 2094 2198 2149 Unam
2243 2108 2358 2148 esse
2388 2092 2516 2149 dicit
2563 2091 2824 2148 Virtutem
2853 2091 2907 2146 in
2941 2090 3317 2162 superioribus
3347 2089 3620 2163 principa-

2023 2183 2149 2246 lem,
2180 2198 2247 2238 ex
2296 2183 2396 2238 hac
2443 2181 2678 2251 prolatos
2722 2181 2938 2250 angelos
2985 2190 3148 2250 atque
3195 2179 3449 2246 virtutes;
3482 2193 3622 2250 quos

2024 2271 2288 2326 distantes
2315 2270 2472 2342 longe
2493 2285 2523 2322 a
2543 2269 2914 2338 superioribus
2936 2267 3226 2322 virtutibus
3255 2268 3324 2337 ⁵⁵,
3352 2267 3617 2322 mundum

2024 2360 2185 2415 istum
2217 2361 2269 2414 in
2293 2358 2634 2414 inferioribus
2673 2357 2910 2429 partibus
2939 2355 3243 2412 condidisse
3275 2376 3290 2425 ;
3334 2355 3615 2412 Christum

2024 2464 2131 2503 non
2162 2466 2226 2504 ex
2256 2447 2467 2521 virgine
2497 2447 2660 2502 Maria
2690 2454 2896 2514 natum,
2937 2445 3032 2502 sed
3061 2460 3127 2500 ex
3158 2444 3364 2500 semine
3388 2445 3615 2513 Joseph,

2023 2536 2290 2591 hominem
2343 2535 2712 2591 tantummodo
2755 2535 3016 2606 genitum,
3069 2549 3196 2588 sane
3250 2550 3359 2602 prie
3400 2533 3617 2590 caeteris

2019 2625 2243 2693 justitiie
2296 2623 2409 2681 67
2467 2631 2614 2680 cultu
2657 2627 2792 2695 (62),
2851 2623 3376 2695 vitaa56integritate
3416 2622 3615 2677 melio-

2025 2728 2132 2767 rem
2171 2715 2353 2768 :hnnc
2409 2713 2546 2781 apud
2593 2713 2812 2767 Judteos
2863 2727 3078 2781 passum
3116 2723 3128 2762 :
3161 2709 3334 2764 solam
3382 2710 3614 2764 animam

2023 2801 2190 2870 ipsius
2218 2802 2355 2857 Ctl'lO
2394 2809 2684 2872 receptam,
2730 2815 2796 2856 eo
2832 2800 2978 2872 quod
3016 2804 3070 2854 et
3125 2797 3329 2853 ﬁrmior
3359 2807 3412 2854 et
3452 2799 3619 2854 robu-

2022 2887 2154 2942 stior
2203 2889 2411 2943 caeteris
2456 2889 2660 2945 fuerit:
2699 2906 2762 2945 ex
2810 2905 2922 2960 quo
2967 2888 3262 2961 colligeret,
3324 2891 3526 2944 tentata
3566 2887 3614 2926 ⁵’¹

321 2965 722 3033 concidissent,
754 2969 881 3022 dum
918 2970 1017 3025 hoc
1061 2986 1242 3026 semen
1280 2971 1536 3025 mundum
1587 2976 1813 3026 moritur
1858 2981 1913 3027 et
1942 2978 1986 3055 ε
2017 2977 2314 3029 animarum
2353 2976 2467 3051 sola
2512 2976 2702 3046 salute,
2753 2979 2928 3030 nullas
2971 2975 3215 3047 corporis
3253 2976 3614 3032 resurrectio-

316 3054 578 3110 nascitur.
636 3055 1012 3112 Permistiones
1054 3061 1197 3114 enim
1249 3059 1435 3115 dicunt
1487 3061 1805 3132 angelorum
1855 3071 1908 3115 et

2017 3078 2110 3115 nes
2165 3063 2296 3131 (63).
2356 3063 2482 3117 Post
2542 3065 2682 3118 hunc
2730 3062 3018 3119 Cerinthus
3071 3063 3358 3119 hmreticus
3414 3064 3612 3135 erupit.

371 3232 416 3270 ⁵³
472 3231 852 3310 Settbitarum‘
875 3237 1095 3292 mavult
1127 3239 1261 3293 Jun.
1311 3237 1359 3274 ⁵2
1387 3236 1507 3307 Quo
1555 3158 1946 3292 semiXignifiiosl
1953 3166 2182 3310 cpi-i132:
2189 3179 2390 3295 sSeml.
2423 3233 2544 3310 Quo
2573 3237 2800 3294 seminio
2838 3236 2956 3310 illos
2987 3237 3194 3307 priores
3223 3239 3359 3294 Jun.
3393 3239 3444 3277 ⁵³
3473 3238 3606 3294 Cain

308 3306 470 3380 ξ’ναη.
506 3306 697 3380 faris.
717 3304 925 3380 _Non
956 3323 1051 3375 pro
1078 3309 1234 3362 nobis
1259 3304 1753 3380 tantutnmodo,sed
1793 3316 1845 3364 et
1877 3304 2112 3380 pro'ipso
2140 3325 2199 3364 se
2231 3310 2404 3377 ipsum
2437 3309 2600 3364 fuisse
2630 3310 2801 3366 Rhea.
2826 3308 2930 3363 Sed
2953 3304 3007 3365 et
3036 3325 3132 3380 pro
3164 3310 3302 3380 ipso,
3334 3325 3394 3364 se
3421 3309 3608 3378 ipsum

307 3374 468 3430 fuisse
499 3377 681 3432 Seml.
714 3376 763 3414 ⁵⁵
793 3374 1059 3434 Virtutum
1091 3380 1260 3436 Seml.
1287 3378 1336 3417 ⁵⁸
1373 3379 1500 3434 Vitae
1522 3381 1674 3436 tollit
1708 3374 1888 3438 Seml:
1909 3379 1956 3418 ⁵⁷
1978 3374 2348 3452 Οὸιιίςθιοθὲει
2379 3389 2586 3435 retenta
2617 3382 2750 3436 Jun.

1715 3478 1858 3540 Com
1869 3499 2000 3541 men
2011 3482 2217 3541 tarius.

367 3553 481 3628 (53)
508 3555 598 3628 βε
649 3554 762 3628 ipsi
806 3556 1184 3628 magniﬁcam
1232 3557 1393 3613 Cain.
1445 3555 1725 3612 lndiculus
1761 3557 1912 3615 Hier.

302 3625 695 3694 sanctiﬁcant.
728 3626 850 3681 RIG.

370 3698 481 3768 (54)
499 3698 573 3752 Et
597 3697 724 3753 ideo
767 3699 1101 3768 inferiorem
1129 3701 1438 3768 repertum.
1461 3698 1736 3755 lndiculus
1764 3698 1910 3755 Hier.

309 3767 372 3821 Et
395 3767 514 3824 ideo
547 3769 725 3824 illum
747 3767 860 3825 esse
880 3769 1143 3825 occisum.
1185 3767 1302 3826 Ric.

370 3841 486 3907 (55)
526 3839 944 3912 Admirabilem
983 3842 1155 3896 illum
1183 3846 1528 3912 etmagnum
1560 3857 1675 3897 esse
1700 3856 1910 3897 memo-

310 3913 527 3984 rantes.
595 3911 879 3984 lndiculus
936 3912 1096 3984 Hier.
1155 3934 1181 3961 α
1234 3911 1486 3969 Omnium
1536 3912 1908 3984 apostolorum

310 3977 468 4034 fuisse
488 3981 823 4036 doctiorem.
869 4001 894 4030 ι
929 3983 1054 4037 Rte.
1571 3977 1586 3984 ’
1862 4015 1871 4026 -

374 4054 482 4126 (56)
513 4055 645 4126 Per:
669 4054 990 4125 passionem
1021 4053 1250 4111 Christi.
1284 4054 1396 4108 Hoc
1427 4061 1531 4121 est,
1562 4055 1606 4109 si
1637 4060 1909 4126 pateretur

308 4122 576 4178 Christus.
614 4122 834 4178 Reum.

367 4197 483 4318 (57)
521 4195 675 4260 Οιιω
701 4195 919 4250 dicitur
966 4195 1368 4274 Sethoitarum.
1415 4193 1815 4276 Sethiauihvel,
1850 4201 1906 4248 ut

367 4269 520 4318 ertul.
579 4267 777 4318 nlacet.
829 4265 1096 4318 Sethontaa.
1143 4283 1174 4318 a
1224 4267 1376 4318 Seth.
1428 4268 1560 4318 Adae
1616 4266 1729 4318 tilio
1779 4275 1904 4318 natu

303 4263 520 4320 Tertull.
579 4267 777 4334 placet,
829 4265 1096 4332 Setboitaa,
1143 4283 1174 4320 a
1224 4267 1376 4330 Seth,
1428 4268 1560 4321 Adae
1616 4265 1729 4320 tilio
1779 4275 1904 4321 natu

303 4335 450 4409 tertio
479 4336 619 4392 dicti
659 4345 808 4402 sunt,
841 4352 1004 4409 quem
1047 4338 1218 4392 Judaei
1265 4338 1478 4409 quidam
1525 4336 1784 4409 venerari
1811 4338 1900 4390 di-

302 4407 586 4478 cebantur,
655 4407 1109 4478 quemadmodum
1166 4418 1246 4464 est
1285 4407 1488 4464 auctor
1560 4407 1896 4478 Augustinus

303 4476 414 4549 (lib.
469 4479 541 4534 de
593 4476 740 4534 Haér.
794 4494 914 4548 cap.
973 4483 1085 4549 19).
1141 4481 1400 4535 Dicebant
1446 4478 1586 4535 enim
1636 4476 1731 4546 illi,
1767 4479 1895 4534 Seth

299 4548 362 4603 de
420 4564 687 4620 suprema
737 4557 906 4604 matre
957 4548 1139 4606 natum
1188 4551 1370 4619 fuisse,
1426 4566 1544 4606 eam
1599 4558 1897 4604 asserentes

300 4636 415 4673 cum
456 4635 705 4693 superno
753 4631 900 4691 patro
945 4623 1275 4689 convenisse,
1318 4623 1458 4676 unde
1490 4620 1894 4693 divinumgillud

300 4707 487 4746 semen
528 4691 1114 4764 nascereturtanquam
1147 4694 1380 4750 ﬁliorum
1428 4693 1546 4750 Dei.
1598 4691 1759 4762 Apud
1806 4707 1900 4747 eos

299 4764 437 4887 ain
490 4761 721 4818 masculi
752 4770 804 4817 et
852 4761 1062 4818 feminae
1109 4764 1183 4819 dii
1213 4766 1432 4838 deaeque
1457 4781 1578 4820 esse
1623 4761 1896 4834 putantur.

371 4850 424 4887 c.

371 4850 424 4888 ς.

365 4907 502 4979 (58)-
531 4905 814 4979 Virtutem
843 4922 970 4976 quae
995 4923 1163 4979 super
1184 4924 1378 4964 omnes
1399 4908 1638 4964 virtutes
1659 4911 1820 4964 esset.
1845 4907 1905 4960 In

297 4975 551 5030 lndiculo
587 4977 730 5030 llier.
767 4975 984 5032 vocatur
1019 4975 1312 5034 Trivirtus.
1343 4980 1468 5032 Rio.

366 5049 488 5116 (59)
503 5049 658 5102 Dum
679 5047 1190 5118 Abelinter/ectum
1201 5050 1475 5106 dicerent.
1497 5050 1695 5103 Nonne
1716 5056 1908 5104 cumet

298 5116 544 5176 disceret
581 5121 886 5191 reponenda
900 5120 927 5172 ?
939 5116 1092 5190 Apud
1113 5121 1468 5191 Epiphanium
1481 5120 1534 5172 in
1555 5136 1684 5174 voce
1698 5121 1910 5176 Set/tia-

301 5206 538 5262 [ιον-ατη,
600 5189 682 5262 de__
723 5195 819 5262 hac
868 5189 1034 5262 matre
1069 5189 1168 5247 hoc
1209 5189 1439 5262 positum
1473 5198 1578 5259 est,
1606 5196 1787 5261 γνοῦσα
1839 5192 1910 5262 ὅτι

303 5258 608 5335 indumenti
637 5257 830 5335 _"A3i)t,
892 5257 1220 5335 ἐνθυμθιῖᾳὼ
1258 5261 1449 5335 ἐποίησε
1497 5257 1779 5335 τεύνὴθῆναῖ
1822 5261 1907 5314 τὸν

301 5331 420 5398 Erit),
474 5331 596 5407 iub
633 5330 685 5407 ἐξ
732 5335 890 5404 τούτῳ
1109 5333 1198 5402 τὴν
1265 5332 1410 5402 αὐτῆς
1453 5330 1673 5407 δύῆαμιν.
1738 5334 1797 5388 C.
1833 5349 1909 5403 lt,

307 5420 359 5472 p.
390 5405 508 5458 284
529 5402 621 5457 ed.
654 5403 832 5458 Petav.
866 5402 1080 5461 Rou'rn.

377 5477 472 5542 (60
478 5483 494 5544 ι
515 5475 920 5548 Permistiones
942 5480 1095 5534 enim
1106 5478 1309 5536 dicunt
1319 5477 1648 5548 angelorum
1660 5481 1716 5533 et
1739 5475 1915 5548 hvmi-3

307 5561 451 5602 sum
498 5547 733 5619 iniquas
774 5549 970 5619 fuisse,
1002 5552 1052 5604 h.
1079 5566 1129 5604 e.
1163 5545 1415 5620 impares,
1450 5547 1760 5618 inaequales.
1792 5545 1912 5601 Nisi

2025 3559 2164 3612 forte
2196 3557 2569 3629 reponendum
2600 3567 2698 3622 est,
2731 3557 2956 3628 impias,
2977 3572 3099 3613 cum
3128 3571 3289 3613 voces
3319 3555 3436 3611 ista;
3464 3557 3608 3614 inter

2022 3645 2083 3685 se
2108 3629 2262 3685 facile
2288 3636 2574 3683 mutentur.
2601 3629 2680 3683 In.

2091 3701 2200 3769 (61)
2235 3702 2596 3780 qupocrates
2612 3702 2914 3771 praetcrea,
2948 3699 3608 3780 ete.‘_Gnosticorumﬁpa-

2021 3781 2224 3825 rentem
2275 3769 2439 3826 fuisse
2493 3769 2864 3840 Carpocratem
2925 3769 3269 3825 manifestum
3323 3778 3428 3826 est.
3475 3769 3612 3840 Ejus

2019 3850 2197 3896 autem
2227 3857 2437 3897 errores
2484 3841 2536 3894 in
2579 3841 2734 3897 cuuis
2765 3840 3017 3896 exstincti
3052 3849 3198 3896 sunt.
3231 3843 3281 3895 ls
3315 3841 3454 3896 inter
3502 3857 3614 3896 eae-

2020 3923 2130 3967 lera
2171 3923 2471 3968 commenta
2525 3913 2924 3966 Testamentum
2981 3912 3151 3967 Vetus
3198 3913 3489 3981 rejiciebat.
3524 3916 3608 3968 An

2015 3982 2158 4038 idem
2205 3984 2368 4039 fuerit
2419 3995 2606 4039 auctor
2648 3982 3023 4038 GnOsticorum
3055 3991 3108 4038 et
3153 3983 3605 4051 Carpocratiano-

2015 4069 2132 4108 rum
2161 4069 2271 4108 non
2323 4056 2588 4124 expende.
2629 4053 2852 4110 Constat
2882 4055 3082 4109 sociam
3123 4064 3215 4109 aut
3255 4055 3607 4110 inventricem

2015 4132 2093 4179 tot
2145 4128 2400 4180 scelerum
2475 4125 2643 4179 fuisse
2699 4126 2982 4195 quamdam
3050 4125 3424 4182 mulierculam
3473 4127 3608 4179 Mar-

2011 4195 2274 4276 eellinam,
2309 4211 2429 4265 quae
2460 4195 2674 4276 Christi,
2708 4196 2879 4278 Pauli,
2910 4195 3147 4261 Homeri,
3187 4204 3241 4278 et
3287 4197 3608 4278 Pythagorae

2013 4266 2276 4336 imagines
2311 4266 2610 4336 promiscue
2649 4268 2886 4327 colebat;
2932 4283 3088 4336 quem
3133 4268 3333 4322 cultum
3382 4266 3607 4325 ridicule

2011 4337 2243 4412 profanis
2263 4337 2580 4412 numinibus
2597 4353 2732 4412 eum
2755 4337 2923 4412 sacris
2950 4337 3261 4412 adhibuisse
3284 4341 3450 4412 fertur
3472 4340 3604 4412 imp.

2008 4407 2158 4465 Alex.
2192 4409 2441 4473 Severus,
2475 4408 2566 4480 qui
2593 4407 2648 4460 in
2685 4409 2918 4463 sacrario
2958 4409 3245 4463 Abrahami
3277 4417 3331 4463 et
3381 4407 3606 4480 Orphei,

2005 4480 2201 4536 Christi
2273 4487 2328 4535 et
2396 4478 2658 4551 Apollinis
2724 4489 2921 4533 statuas
2957 4478 3474 4551 asservabatth—
3508 4481 3604 4551 Pa.

2077 4553 2192 4621 (62)
2225 4553 2369 4608 Sane
2414 4549 2533 4624 pm
2556 4552 2783 4624 ueteris
2813 4549 3069 4624 justitire
3105 4551 3282 4605 cultu.
3335 4549 3610 4624 lndiculus

2003 4623 2130 4748 gier
2153 4618 2182 4676 ε’
2205 4618 2468 4678 Ηαὺιιὶδὲε
2494 4626 2687 4676 autem
2717 4618 3167 4690 illumspiritum
3193 4618 3607 4690 prophetalcm.

2049 4707 2122 4748 ια.

2049 4707 2122 4748 IG.

2081 4763 2192 4832 (63)
2215 4764 2367 4831 Quod
2387 4767 2442 4818 et
2460 4763 2681 4832 ﬁrmior
2700 4764 2754 4816 et
2776 4760 3058 4817 robustior
3078 4775 3150 4814 ea:
3164 4761 3382 4832 ceteris
3401 4761 3608 4830 fuerit,

2013 4839 2067 4890 et
2088 4830 2194 4906 Quo
2206 4830 2508 4904 colligeret,
2526 4837 2751 4890 tentata
2771 4831 3241 4906 animarumsola
3261 4830 3468 4906 salute,
3484 4833 3610 4906 nul:

2017 4901 2112 4961 las'
2137 4901 2383 4977 corporis
2417 4905 2873 4962 resurrectioncs.
2899 4902 3004 4977 Sic
3032 4902 3162 4956 edit.
3199 4901 3469 4973 princeps.
3501 4904 3610 4958 Sed

2016 4977 2180 5048 vulgo
2214 4975 2333 5030 cum
2362 4977 2514 5030 abest
2544 4993 2616 5032 ex
2647 4985 2769 5029 ante
2798 4975 3045 5048 ceteris,
3078 4983 3186 5030 tum
3219 4984 3362 5030 recte
3401 4990 3474 5048 ea:
3515 4990 3612 5038 pro

2016 5054 2071 5106 et
2101 5044 2224 5101 ante
2253 5064 2358 5118 quo
2405 5048 2633 5117 positum
2667 5055 2774 5118 est.
2804 5046 3115 5118 Lugendum
3139 5115 3146 5118 Α
3167 5055 3300 5118 puto
3328 5044 3611 5104 robustior

2015 5135 2080 5174 ea
2133 5115 2350 5174 caeteris
2397 5115 2596 5190 fuerit.
2659 5117 2957 5190 Meliusque
3021 5115 3182 5190 mihi;
3201 5117 3487 5190 videretur,
3545 5131 3611 5171 ex

2016 5207 2120 5263 quo
2150 5187 2455 5263 colligeret,
2504 5195 2782 5244 attentata.
2829 5189 2981 5263 Dein,
3025 5188 3100 5242 ait
3149 5187 3437 5263 Semlerus,
3476 5208 3498 5237 ι
3541 5201 3614 5241 ea:

2017 5260 2122 5333 [luo
2151 5260 2404 5332 col|igere
2426 5268 2509 5314 est
2541 5268 2741 5333 retenta
2761 5260 3090 5316 animarum
3118 5261 3236 5317 sola
3262 5260 3466 5322 salute,
3485 5270 3611 5322 etc.,

2021 5332 2305 5406 [agendum
2347 5340 2531 5406 censet
2575 5332 2796 5406 Junius;
2846 5334 3070 5406 retenta
3114 5346 3232 5406 jam
3297 5334 3614 5406 reposuerat

2022 5395 2275 5459 Latinius.
2323 5424 2346 5454 υ
2396 5403 2752 5460 Scribendum
2784 5395 3030 5470 coniecit
3059 5395 3340 5456 adnotator
3361 5395 3450 5451 'ad
3480 5395 3610 5470 edit.

2021 5475 2314 5530 Romanam
2345 5475 2504 5543 hujus
2549 5482 2824 5540 tractatus,
2874 5469 3185 5530 cunstituta
3238 5471 3493 5534 tantum,
3527 5469 3611 5523 vel

2025 5548 2271 5603 admissa
2297 5549 2478 5601 anim.
2501 5546 2720 5601 Roum.
