4042 6172
398 239 469 300 83
1519 242 1961 304 TBRTULLIAM
1996 247 2262 309 OPERUM
2301 250 2468 312 PARS
2507 252 2573 312 ll.
3622 255 3690 315 8-1

395 365 594 421 similia
647 367 867 464 docens.
899 369 1057 464 .Nam
1103 375 1157 422 et
1208 368 1322 437 ipse
1370 367 1631 424 mundum
1697 369 1995 426 institutum
2025 391 2074 470 Α
2104 375 2402 444 expediam.
2435 379 2728 434 lntroducit
2763 379 2907 434 enim
2965 379 3213 433 Pleroma
3260 387 3310 434 et
3366 381 3563 436 Ilionea
3593 380 3692 436 tri-

399 469 522 510 esse
575 455 644 509 ab
698 453 805 510 illis
858 454 986 511 dicit
1029 473 1042 510 :
1091 455 1367 511 Christum
1423 472 1490 510 ex
1542 458 1750 513 semine
1792 461 1992 530 Joseph

402 550 584 598 natum
623 544 894 613 preponit,
934 543 1205 598 hominem
1249 543 1400 599 illum
1456 545 1820 602 tantummodo
1878 547 1993 602 sine

399 628 674 685 divinitate
745 631 1090 696 contendens,
1169 632 1342 703 ipsam
1405 649 1620 705 quoque
1692 636 1869 710 legem
1925 636 1992 690 ab

400 719 609 790 angelis
665 720 843 774 datam
903 723 1242 789 perhibens:
1293 724 1602 778 Judmorum
1659 725 1834 778 Deum
1884 740 1992 779 non

401 807 692 862 Dominum
743 809 839 862 sed
879 809 1131 881 angelum
1166 825 1419 880 promens
1462 812 1600 880 (64).
1650 811 1821 880 Hujus
1862 829 1992 868 suc-

400 911 582 951 cessor
652 895 858 952 Hebion
913 897 1014 952 fuit
1068 900 1208 968 (65),
1266 897 1514 954 Cerintho
1567 914 1675 955 non
1728 902 1782 954 in
1846 893 1992 956 omni

401 992 551 1052 parte
579 985 945 1053 consentiens,
990 989 1131 1059 quod
1164 1003 1194 1041 a
1227 988 1339 1043 Deo
1369 987 1511 1042 dicat
1557 988 1846 1054 mundum,
1886 1003 1993 1044 non

399 1073 468 1126 ab
493 1074 694 1142 angelis
722 1073 919 1131 factum
955 1092 967 1131 :
1011 1085 1063 1131 et
1101 1075 1228 1148 quia
1257 1075 1513 1147 scriptum
1546 1079 1614 1131 sit
1641 1077 1790 1147 (66):
1822 1079 1994 1132 Nemo

399 1162 698 1232 discipulus
739 1179 902 1233 super
956 1164 1288 1236 magistrum,
1323 1181 1419 1218 nec
1465 1181 1654 1219 servus
1702 1181 1865 1235 super
1891 1166 1991 1219 do-

400 1251 628 1307 minum.
678 1252 874 1322 Legem
934 1253 1094 1308 etiam
1143 1255 1193 1290 53
1243 1252 1497 1324 preponit
1529 1255 1664 1319 (67),
1696 1253 1905 1308 scilicet
1925 1258 1990 1307 ad

398 1337 797 1396 excludendum
837 1341 1207 1410 Evangelium,
1258 1349 1313 1394 et
1359 1339 1737 1396 vindicandum
1781 1340 1994 1396 Judais-

401 1443 565 1482 mum.

964 1516 1195 1572 CAPUT
1243 1516 1440 1570 XLIX.

410 1621 762 1679 Valentinum
787 1622 1144 1693 deinceps,ac
1174 1624 1294 1692 ejus
1322 1635 1578 1692 sequaces
1595 1623 1986 1689 Ptolomaeum,

806 1711 1146 1781 Secundum,
1189 1710 1598 1766 Heraeleonem.

471 1796 780 1852 Valentinus
845 1806 1025 1851 autem
1087 1797 1374 1854 haereticus
1447 1797 1638 1852 multas
1703 1799 1990 1854 introducit

395 1885 644 1952 fabulas;
687 1883 801 1940 68
870 1885 965 1939 has
1033 1901 1134 1958 ego
1201 1885 1608 1942 circumducens
1653 1887 1702 1924 59
1747 1887 1988 1941 breviter

2102 462 2250 535 ginta
2283 465 2538 535 :exponit
2587 476 2767 521 autem
2799 469 2896 521 hos
2937 481 3033 535 per
3064 466 3334 538 syzygias,
3367 469 3419 522 id
3448 477 3532 523 est
3558 484 3692 527 con-

2096 551 2408 624 jugationes
2464 554 2747 626 quasdam.
2831 554 2964 609 Nam
3016 554 3147 611 dicit
3205 556 3255 609 in
3311 555 3521 626 primis,
3576 574 3696 614 esse

2100 641 2308 710 Bython
2340 653 2390 698 et
2413 643 2688 698 Silentium
2712 658 2807 712 ;ex
2840 643 2922 697 his
2941 643 3269 713 processisse
3297 660 3481 702 semen
3497 649 3690 719 60(68),

2099 733 2331 786 Mentem
2381 737 2435 786 et
2480 730 2772 785 Veritatem
2804 749 2818 784 :
2855 748 2917 786 ex
2949 731 3146 802 quibus
3174 733 3416 804 erupisse
3451 737 3684 794 Verbum

2100 828 2151 874 et
2181 819 2481 874 Vitamzde
2535 819 2732 888 quibus
2761 835 2966 873 rursum
3026 829 3266 875 creatum
3324 822 3595 879 hominem
3639 835 3693 882 et

2102 907 2414 963 Ecclesiam.
2477 908 2729 962 Sedenim
2811 923 2876 962 ex
2931 907 3016 962 his
3081 924 3296 981 quoque
3361 915 3690 981 processisse

2101 995 2387 1051 duodecim
2444 1011 2662 1063 accitas;
2698 996 2762 1049 de
2819 997 3077 1051 Sermone
3107 1006 3287 1052 autem
3317 1007 3368 1054 et
3398 999 3513 1055 Vita
3547 1005 3683 1073 (69),

2102 1100 2281 1140 manas
2334 1085 2468 1139 alios
2519 1092 2704 1138 secem
2739 1102 2751 1136 :
2787 1087 2923 1140 hanc
2968 1085 3013 1122 δι
3049 1101 3166 1140 esse
3213 1103 3423 1143 zeonum
3459 1091 3688 1147 triacon-

2103 1175 2244 1240 tada,
2276 1190 2396 1243 qua:
2426 1172 2481 1226 tit
2533 1175 2581 1210 62
2641 1175 2693 1228 in
2749 1175 3045 1228 Pleromate
3073 1191 3136 1229 ex
3170 1178 3419 1250 ogdoade
3450 1187 3506 1234 et
3531 1180 3686 1236 deca-

2103 1267 2189 1329 (le,
2220 1279 2283 1318 ac
2329 1263 2655 1331 dyodecade.
2687 1264 2804 1332 (’70)
2843 1263 3190 1319 Tricesimum
3234 1276 3412 1321 autem
3454 1285 3688 1338 itionem,

2101 1353 2309 1423 Bylhon
2347 1353 2494 1408 illum
2528 1351 2709 1406 videre
2736 1351 2985 1422 voluisse,
3019 1361 3070 1407 et
3116 1356 3182 1409 ad
3225 1355 3510 1412 videndum
3541 1358 3690 1414 illum

2101 1457 2286 1494 ausum
2346 1457 2465 1494 esse
2523 1440 2573 1493 in
2632 1442 2913 1510 superiora
2943 1441 3256 1499 Pleromatis
3302 1448 3686 1504 conscendere.

2101 1532 2170 1584 Et
2196 1529 2448 1602 quoniam
2472 1531 2540 1595 _ad
2575 1531 2990 1601 magnitudinem
3025 1532 3198 1602 ipsius
3220 1533 3507 1590 videndam
3525 1553 3688 1606 capax

2101 1635 2206 1674 non
2253 1617 2370 1682 fuit,
2404 1617 2459 1671 in
2514 1617 2820 1674 defectione
2876 1617 3062 1683 fuisse,
3112 1629 3164 1676 et
3197 1638 3334 1691 pene
3369 1623 3688 1680 dissolutum

2099 1723 2236 1769 esse,
2299 1704 2397 1760 nisi
2451 1705 2577 1776 quia
2606 1707 2804 1762 missus
2858 1707 2908 1745 53
2961 1709 3026 1762 ad
3071 1709 3561 1766 constabiliendum
3611 1712 3684 1766 il-

2098 1797 2223 1854 lum.
2285 1796 2374 1850 ille
2421 1811 2582 1865 quem
2629 1795 2894 1865 appellant
2936 1798 3134 1865 Horon,
3193 1797 3566 1854 conﬁrmasset
3623 1801 3687 1854 il-

2097 1887 2204 1940 lum
2235 1883 2381 1940 dicto
2416 1885 2504 1939 Iao
2535 1885 2602 1936 δέ».
2631 1885 2744 1939 Hoc
2787 1885 3090 1953 pronuntiat
3135 1886 3192 1943 Io
3232 1887 3448 1958 Apelles
3475 1889 3524 1927 6⁵
3552 1891 3683 1956 (7t).

1797 2010 1958 2048 fis-dm
2002 2011 2139 2048 In“:

1766 2009 1958 2072 Varia:

465 2087 516 2124 ⁵8
543 2086 670 2143 Esse
701 2088 867 2144 Seml.
901 2089 950 2125 59
979 2088 1377 2144 Circumdicens
1400 2089 1567 2144 Seml.
1599 2088 1975 2145 circumducen

2127 2030 2140 2068 ι
2188 2027 2314 2068 nes.

2096 2021 2222 2143 tttzpn.
2255 2086 2640 2141 circumcidens
2662 2084 2900 2140 Rhen.60
2922 2087 3117 2142 Semen
3142 2090 3295 2145 tollit
3329 2091 3684 2148 Ciaccomus.

393 2159 440 2196 δι
473 2159 597 2213 Hinc
630 2160 796 2215 Seml.
839 2159 919 2213 Sit
969 2161 1137 2215 Seml.
1170 2159 1258 2214 ﬁat
1289 2163 1420 2232 Jun,
1463 2159 1586 2195 53-63
1614 2161 1842 2215 Misisset
1875 2161 2044 2218 Seml.
2076 2160 2124 2197 5’1
2153 2159 2241 2212 Iao
2281 2158 2436 2215 tollit
2470 2158 2640 2213 Seml.
2671 2157 2720 2194 6⁵
2752 2157 2861 2212 Hoc
2902 2160 3245 2226 pronuntiato
3290 2162 3523 2232 appellat
3558 2165 3674 2232 Rig.

394 2246 522 2301 quae
547 2233 739 2286 omnia
769 2232 1014 2288 Semlero
1054 2233 1302 2290 tollenda
1329 2231 1614 2286 videntur.

1788 2303 2286 2365 Commentarius.

465 2405 580 2476 (64)
608 2407 726 2464 Νοη
753 2409 1074 2484 ﬂaminum,
1105 2411 1200 2466 sed
1227 2413 1491 2484 angelum
1514 2427 1796 2484 promens.
1822 2413 1997 2484 Deum

397 2493 655 2553 reponere
684 2480 867 2553 velini.
905 2480 1152 2553 Fortasse
1172 2480 1331 2550 supra
1360 2483 1475 2553 lege
1491 2480 1655 2537 [idum
1683 2491 1763 2553 est
1793 2483 1858 2538 ab
1885 2498 1994 2534 an-

394 2550 533 2677 ﬁelis
562 2564 657 2619 pro
688 2549 753 2605 ab
777 2551 917 2615 illis,
943 2550 1045 2604 nisi
1065 2549 1494 2608 subaudiendum
1522 2557 1622 2609 hoc
1645 2552 1863 2608 verbum
1887 2559 1987 2606 est.

443 2635 607 2675 oum.

443 2635 607 2675 ΟυἸἮ.

458 2691 572 2772 (ϐξ)
625 2693 805 2772 ζῃιῙᾳδ
849 2707 1131 2772 successor
1178 2693 1347 2750 Ebion
1390 2695 1530 2772 fuit.
1573 2695 1623 2747 Is
1654 2692 1753 2748 fuit
1794 2691 1987 2772 impius

393 2763 575 2834 quiiB.
625 2763 894 2834 Virginem
962 2763 1256 2829 hominem,
1327 2763 1436 2818 non
1490 2765 1661 2820 Deum
1713 2764 1984 2832 peperisse

395 2830 548 2896 dixit,
595 2832 690 2903 qui
726 2830 1093 2906 'Evangelium
1153 2843 1354 2889 tantum
1413 2837 1575 2890 Hebr.
1637 2830 1923 2902 recipiebat
1965 2851 1979 2897 ;

394 2913 579 2975 contra
608 2920 765 2975 quem
815 2905 870 2960 S.
897 2905 1171 2971 ’Joannes,
1204 2907 1480 2973 apostolus
1526 2907 1665 2960 idem
1709 2913 1761 2958 et
1817 2921 1981 2959 evan-

394 2974 816 3041 gelistaysuum
865 2976 1217 3044 Evangelium
1274 2977 1597 3031 novissimus
1644 2975 1878 3043 scripsit.
1920 2978 1978 3030 Β.

395 3044 539 3099 Pauli
600 3044 879 3118 Epistolas
933 3061 1058 3118 non
1093 3047 1425 3110 admittebat,
1471 3047 1788 3118 Apostolum
1837 3047 1979 3118 enim

394 3121 693 3184 apostatam
737 3117 977 3170 vocabat.
1024 3115 1286 3183 Quoniam
1336 3134 1460 3172 vero
1509 3115 1575 3170 de
1602 3117 1816 3171 Christo
1869 3117 1980 3186 pri—

393 3201 541 3258 mum
592 3186 860 3258 humiliter
897 3189 1199 3242 sentiebant
1228 3197 1280 3241 et
1328 3188 1687 3258 loquebantur
1718 3187 1980 3250 libionzni,

393 3254 508 3311 sive
536 3256 680 3327 quod
710 3257 941 3328 ingeniis
962 3267 1267 3330 egestatem
1317 3254 1419 3312 sua
1451 3259 1639 3330 haeresi
1672 3259 1977 3330 proderent,

393 3338 800 3398 eorumieuctor
829 3329 1147 3398 nescioquo
1196 3343 1323 3396 casu
1353 3329 1645 3385 mendicus
1673 3329 1845 3382 dictus
1883 3337 1978 3382 est.

393 3397 526 3452 1Nam
559 3397 800 3450 Hebrzcis
827 3399 997 3453 Ebion
1031 3397 1168 3451 idem
1206 3415 1268 3450 ac
1298 3400 1606 3455 mendicus.
1639 3400 1713 3452 LE
1745 3400 1837 3452 Pn.

464 3469 579 3540 (66)
611 3470 679 3523 Et
706 3469 836 3540 quia
851 3469 1143 3540 scriptum
1164 3471 1240 3524 sit
1259 3489 1276 3524 :
1293 3471 1460 3525 Nemo
1483 3470 1794 3540 discipulus
1815 3484 1985 3540 super

394 3537 751 3662 magistrum.
772 3537 1040 3593 Indiculus
1059 3541 1297 3595 Hieron.:
1327 3561 1351 3590 «
1373 3537 1688 3609 Carpocras,
1703 3537 1984 3595 Cerinthus

394 3617 445 3662 et
523 3607 702 3662 ebion.
735 3609 788 3662 hi
820 3615 927 3662 tres
966 3611 1070 3662 Sibi
1101 3621 1494 3662 successerunt.
1525 3613 1778 3662 docentes
1806 3611 1984 3662 omnia

393 3617 445 3662 et
474 3607 702 3676 Hebion,
735 3609 788 3662 hi
820 3615 927 3664 tres
966 3611 1070 3663 Sibi
1101 3607 1494 3675 successerunt,
1525 3607 1778 3666 docentes
1806 3611 1984 3665 omnia

393 3679 689 3749 secundum
723 3679 916 3749 legem,
964 3680 1294 3744 circumcidi,
1353 3685 1644 3737 observare
1685 3683 1903 3736 sabbata
1933 3692 1986 3735 et

393 3747 511 3802 dies
570 3747 737 3803 festos
777 3747 1031 3805 lludaieOs
1077 3769 1090 3815 ;
1149 3751 1389 3806 Christus
1437 3753 1576 3806 enim
1632 3753 1743 3805 haec
1806 3754 1986 3807 omnia

393 3819 700 3875 observavit
730 3836 744 3883 ;
803 3819 1048 3876 sufﬁcere
1075 3821 1315 3878 dicentes
1365 3822 1436 3876 ita
1466 3839 1586 3878 esse
1627 3825 1899 3878 doctorem
1928 3833 1986 3878 ut

395 3891 732 3958 magistrum.
779 3911 804 3941 ι)
857 3891 1008 3947 Unde
1066 3892 1403 3948 manifestum
1464 3903 1544 3948 est
1593 3895 1708 3948 haec
1756 3895 1826 3947 ita
1863 3909 1983 3948 esse

393 3959 775 4034 distinguenda
799 3979 811 4014 :
836 3983 858 4011 «
877 3964 956 4034 AEt
981 3965 1104 4033 quia
1133 3964 1389 4034 scriptum
1418 3965 1508 4031 sit,
1539 3966 1710 4020 Nemo
1739 3965 1980 4034 discipu-

394 4032 476 4107 lus
530 4048 692 4107 super
746 4032 1085 4105 magistrum,
1133 4032 1450 4090 nec'servus
1487 4051 1653 4107 super
1680 4032 1974 4099 dominum,

391 4103 563 4177 legem
591 4103 749 4159 etiam
781 4103 1050 4174 proponit,
1085 4125 1107 4153 ιο
1142 4113 1246 4160 etc.
1283 4107 1404 4162 RIG.

2105 2405 2342 2461 cedentis
2405 2415 2457 2460 et
2507 2405 2770 2475 principio
2824 2407 3095 2477 sequentis
3145 2407 3330 2462 inscite
3401 2407 3683 2462 conﬂatam

2101 2494 2240 2550 esse,
2274 2485 2433 2548 atque
2463 2477 2607 2550 hanc
2627 2478 2983 2550 conjecturam
3015 2494 3120 2532 non
3155 2495 3375 2550 possum
3402 2479 3532 2549 quin
3566 2494 3685 2548 pro-

2102 2549 2242 2603 bem.
2275 2546 2473 2603 Junius
2526 2546 2610 2603 cui
2665 2547 2876 2618 quidem
2926 2546 3168 2604 adsentit'
3203 2546 3486 2605 Semlerus.
3517 2546 3585 2588 -4
3616 2551 3687 2604 At

2098 2635 2224 2674 vero
2251 2635 2439 2674 vocem
2477 2635 2665 2676 sem-en
2697 2619 3031 2674 retinendum
3062 2623 3162 2674 hoc
3191 2621 3310 2674 loco
3341 2620 3686 2689 esse,cuique

2095 2692 2297 2759 patebit
2349 2690 2737 2745 Tertullianum
2794 2689 3096 2761 inspieienti
3141 2692 3193 2746 in
3236 2691 3372 2745 libro
3413 2693 3534 2748 adu.
3584 2693 3683 2747 Va-

2095 2763 2439 2834 lentianinos
2467 2776 2584 2830 cap.
2617 2763 2649 2814 7
2682 2771 2735 2814 et
2763 2764 2850 2826 25,
2903 2761 2990 2816 ubi
3022 2763 3088 2816 de
3117 2763 3199 2817 his
3245 2762 3407 2834 nugis
3446 2763 3685 2832 disputa-

2016 2857 2058 2933 ο
2087 2841 2190 2886 tur.
2219 2833 2432 2886 Reum.

2163 2904 2276 2933 ΙιξοΧ
2315 2906 2380 2933 ΠΛ
2413 2919 2432 2933 ρ

2163 2904 2276 2969 (69)
2306 2906 2380 2959 De
2408 2907 2892 2974 sermoneﬂautem
2919 2907 2974 2957 et
3004 2905 3142 2958 vita.
3179 2903 3392 2960 Scilicet
3413 2903 3518 2968 his,
3549 2919 3686 2974 quos

2087 2975 2334 3046 proxime
2364 2985 2487 3046 ante
2516 2972 2878 3042 appellaverat
2929 2975 3149 3030 Verbum
3203 2981 3259 3030 et
3292 2978 3490 3042 vitam,
3532 2972 3683 3046 Λὸγον

2087 3045 2168 3096 καὶ
2199 3045 2349 3104 ζωὴν.
2370 3044 2581 3097 Roe'rn.
3429 3089 3432 3093 .

2159 3117 2269 3182 (70)
2309 3116 2699 3169 Tricessimum
2729 3120 2920 3170 autem
2943 3133 3174 3173 (nonem.
3204 3115 3477 3170 Indiculus
3500 3116 3677 3170 Hier.:

2093 3205 2117 3235 α
2157 3185 2510 3257 Tricesimum
2565 3185 2740 3257 itaque
2785 3188 3035 3250 rctulum,
3077 3187 3222 3257 quod
3267 3196 3344 3240 est
3393 3185 3678 3255 sapientia,

2085 3254 2389 3320 concupivit
2419 3256 2626 3308 Patrem
2660 3255 2857 3311 videre.
2904 3278 2924 3306 »
2985 3259 3059 3312 LE
3093 3254 3182 3313 Ρη.

2159 3329 2273 3395 (71)
2317 3329 2420 3382 lloc
2463 3329 2856 3400 pronuntiatio
2907 3331 3180 3400 appellat.
3223 3327 3452 3400 Videtur
3481 3326 3681 3398 aliquid

2089 3397 2302 3468 deesse,
2357 3397 2500 3463 quod
2563 3398 2795 3465 suppleri
2858 3397 3022 3468 possit
3052 3416 3111 3453 ex
3147 3398 3210 3452 iis
3250 3415 3370 3468 qua:
3423 3397 3678 3468 leguntur

2090 3467 2181 3521 lib.
2215 3467 2478 3523 adversus
2524 3467 2942 3527 Valentinianos
2973 3491 2990 3525 :
3017 3492 3038 3518 «
3083 3467 3536 3537 Tamimportune
3560 3468 3684 3522 ﬁliae

2088 3539 2428 3612 occurrisset,
2463 3546 2517 3590 ut
2540 3539 2704 3612 etiam
2738 3541 3031 3612 inclamarit
3061 3541 3112 3594 in
3143 3557 3259 3594 eam
3296 3558 3313 3612 7;
3335 3540 3678 3612 lao,_quasi:

2089 3609 2255 3663 Porro
2284 3607 2551 3679 Quirites!
2585 3618 2694 3676 aut,
2749 3611 2928 3664 Fidem
2979 3612 3243 3668 CtBsaris!
3289 3611 3420 3664 Inde
3468 3607 3683 3664 inveni-

2091 3688 2175 3733 tur
2207 3682 2294 3752 lao
2333 3679 2387 3732 in
2414 3681 2714 3752 scripturis.
2765 3701 2786 3729 ι»
2840 3683 2962 3736 RIG.
3010 3685 3208 3739 —Hor
3246 3685 3589 3752 pronuntiat
3628 3683 3683 3737 Io

2090 3751 2327 3821 Apelles.
2374 3751 2764 3805 Pcrobscurum
2811 3753 2950 3808 hunc
3008 3755 3179 3808 locum
3211 3751 3282 3804 ita
3325 3751 3682 3821 restituimus,

2091 3820 2391 3892 rationibus
2439 3822 2626 3887 partim
2675 3823 2822 3876 ducti
2871 3839 3001 3892 quas
3053 3825 3106 3876 P.
3148 3820 3470 3885 Hirduinus,
3503 3839 3532 3874 e
3563 3838 3680 3876 soc.

2086 3891 2235 3956 Jesu,
2269 3892 2320 3946 in
2357 3893 2721 3949 Collectaneis
2754 3891 3061 3960 (.lIé-nioires
3091 3893 3156 3949 de
3204 3895 3463 3958 Trevoux,
3509 3895 3680 3957 avril,

2092 3965 2250 4024 i725,
2302 3981 2352 4032 p.
2407 3967 2507 4016 842
2559 3973 2610 4017 et
2653 3963 2815 4028 suiv.)
2877 3965 3146 4033 explicuit,
3207 3978 3509 4034 quanquam
3573 3979 3681 4018 non

2085 4034 2299 4104 Apelles
2339 4035 2428 4087 sed
2465 4035 2894 4106 ‘Apella,potius
2922 4034 3184 4106 putaverit
3213 4034 3521 4106 legendum.
3579 4035 3686 4089 Ve-

2091 4103 2206 4156 rum
2255 4103 2545 4173 memoria,
2575 4105 2617 4158 si
2677 4122 2854 4160 minus
2881 4103 3104 4175 judicio,
3153 4103 3331 4174 lapsus
3363 4105 3575 4160 videtur
3603 4106 3680 4160 fa-

464 4160 578 4256 (67)
605 4160 802 4256 Legeni
843 4160 955 4232 esse
982 4160 1270 4256 proponit.
1294 4160 1382 4256 Sic
1410 4175 1560 4256 e_ditt.
1591 4176 1854 4256 Hhenani,
1884 4193 1978 4232 seu
2015 4160 2060 4236 Ι]
2095 4160 2538 4256 mosus__auctor_':
2584 4160 3029 4256 contendit_enim
3049 4160 3120 4256 ad
3151 4160 3488 4256 valentinum
3516 4185 3679 4256 utpo-

393 4246 682 4320 principes,
713 4247 812 4320 sed,
854 4246 1101 4315 posterae
1130 4249 1282 4320 editt.
1331 4248 1501 4320 Paris.
1549 4250 1783 4320 priorem
1822 4263 1978 4303 secu-

395 4325 459 4369 tae
490 4317 690 4372 habent
733 4319 908 4391 etiarn
939 4334 1036 4387 pro
1085 4335 1216 4376 esse.
1249 4319 1518 4390 Legcrim,
1549 4317 1734 4391 legem
1789 4328 1848 4391 e_t
1871 4320 1979 4391 jam

390 4401 506 4444 esse
531 4389 814 4464 proponit.
846 4388 1129 4464 Quomodo
1156 4406 1284 4464 vero
1325 4388 1426 4464 hoc
1480 4388 1756 4461 collegerit
1809 4389 1981 4464 Ebion

387 4467 457 4537 ex
487 4459 693 4541 verbis,
715 4474 838 4540 quae
873 4461 1208 4516 adducuntur
1240 4462 1529 4586 Serilpturte
1575 4459 1761 4530 saerir,
1794 4459 1980 4514 ambe-

390 4544 612 4586 tztssem.
643 4546 744 4584 mSl
775 4531 1306 4586 sunneditaretistzec
1364 4534 1631 4586 ridiculus
1670 4531 1979 4586 Ilaeresium

434 4530 612 4594 issem,
643 4530 744 4584 nisi
775 4531 1141 4601 suppeditaret
1161 4532 1306 4588 istaec
1340 4530 1631 4590 Indiculus
1670 4531 1979 4587 llaeresium

385 4545 612 4656 gissem,
643 4546 744 4584 mSl
775 4545 1141 4601 suppeditaret
1161 4545 1306 4588 istaec
1340 4545 1631 4590 Indiculus
1670 4545 1978 4587 uwreszum

392 4639 448 4674 _._
505 4601 826 4674 Hieronymo
879 4603 1161 4674 ascriptus,
1213 4620 1240 4655 a
1293 4604 1550 4658 Menardo
1590 4603 1782 4667 editus,
1816 4618 1978 4672 quem

391 4671 650 4742 Rigaltius
689 4675 773 4729 hic
829 4671 1062 4730 attulit':
1124 4697 1146 4723 α
1217 4675 1538 4743 Carpocras,
1581 4671 1884 4738 Cerinthus,
1926 4680 1978 4726 et

390 4743 615 4797 Hebion.
671 4743 734 4797 Hi
766 4752 870 4797 tres
917 4745 1010 4798 tibi
1059 4753 1446 4809 successerunt,
1504 4747 1758 4801 docentes
1800 4744 1980 4798 omnia

389 4814 685 4885 secundum
740 4814 932 4885 legem.
978 4815 1306 4879 circumcidi,
1341 4818 1627 4871 observnre
1655 4817 1892 4880 sabbata,
1925 4825 1980 4870 et

387 4881 506 4936 dies
555 4881 723 4938 festos
765 4881 1016 4939 Judaicos
1061 4903 1074 4940 :
1123 4887 1366 4942 Christus
1421 4888 1568 4940 enim
1627 4887 1745 4942 haec
1799 4887 1978 4941 omnia

388 4952 710 5006 observavit.
782 4953 1041 5009 Sul'ficcre
1106 4957 1348 5011 dicentes
1406 4957 1477 5011 ita
1533 4975 1654 5012 esse
1700 4959 1976 5012 doctorem

386 5026 473 5097 (an
522 5021 788 5097 signiﬁcat
834 5034 1018 5097 auctor
1064 5027 1309 5096 magistri
1357 5027 1698 5097 discipulum,
1749 5027 1976 5097 aliorum

385 5093 660 5168 doctore—nn
703 5095 763 5168 2)
794 5093 1210 5168 utmagistrum.
1249 5117 1270 5146 κ
1307 5093 1523 5164 (Metili.
1557 5099 1629 5156 X.
1665 5100 1777 5168 25.)
1818 5096 1976 5168 Rhio-

385 5165 530 5228 nitze,
574 5165 647 5217 ait
703 5165 990 5227 Eum-bus,—
1028 5168 1348 5231 docuerunt,
1407 5169 1504 5218 δεῖν
1559 5165 1766 5231 πάντως’
1811 5166 1975 5229 αὐτοῖς

381 5241 468 5312 Ii};
515 5239 712 5312 e_optxﬁc
763 5237 1010 5312 Θρησχξίας
1063 5239 1131 5298 ὡς
1179 5239 1244 5312 μὴ
1289 5238 1359 5312 ξξὶνΔ
1390 5238 1476 5312 διὰ
1518 5243 1666 5312 μόνης
1695 5248 1778 5308 τῆς
1801 5237 1865 5298 εἰς
1891 5239 1975 5292 τὸν

383 5306 584 5378 Χριστὺύ
612 5306 836 5383 nigrae-ig,
865 5308 945 5383 καὶ
991 5313 1073 5362 τοῦ
1116 5306 1222 5362 καλε
1252 5307 1401 5377 αὐτὴν
1428 5306 1556 5374 βίοι),
1599 5306 1972 5383 σὼοηόομενοις.

383 5381 524 5434 Hist.
551 5378 697 5434 Eccl.
724 5393 803 5442 in,
838 5381 924 5435 27.

453 5452 568 5520 (68)
595 5449 746 5521 Legit
767 5450 1046 5523 Ciaconius
1068 5449 1392 5523 procersisse
1411 5452 1660 5523 ment_em
1679 5453 1734 5505 et
1760 5452 1971 5523 uerita-

384 5523 516 5585 tem,
539 5519 725 5592 argute
736 5521 1033 5593 conjiciens
1051 5519 1232 5579 vocem
1246 5538 1438 5581 semen
1465 5540 1532 5580 ex
1552 5519 1655 5576 ﬁne
1666 5519 1814 5578 vocis
1835 5538 1970 5593 prae-

2091 4253 2143 4299 te
2209 4245 2423 4299 natione
2495 4246 2740 4302 Judaeum
2808 4247 3081 4303 alludendi
3157 4247 3433 4301 consilium
3512 4246 3681 4302 fuisse

2091 4316 2420 4370 Tertulliann
2479 4317 2720 4387 Apellam
2775 4318 3091 4386 appellativo
3151 4333 3311 4371 sensu
3363 4317 3676 4381 nominanti,

2090 4387 2139 4440 id
2205 4395 2286 4441 est
2351 4387 2766 4454 eirenncisum,
2810 4391 2964 4457 juxta
3033 4387 3163 4442 illud
3231 4388 3431 4443 Horatii
3480 4390 3524 4455 (l
3575 4401 3676 4444 sat.

2088 4459 2140 4530 ἓξ.
2170 4474 2224 4530 _v.
2264 4461 2386 4530 1700)
2417 4459 2607 4512 Credat
2635 4460 2848 4530 .ludteus
2888 4458 3106 4530 Apella,
3139 4459 3255 4513 Non
3297 4475 3419 4530 ego.
3453 4463 3521 4514 At
3553 4475 3680 4530 vero

2088 4527 2400 4585 Valentinus
2447 4547 2515 4584 ne
2557 4529 2777 4600 Judveus
2822 4529 3061 4599 quidem,
3093 4532 3186 4582 sed
3231 4527 3514 4600 ng'yptius
3555 4529 3676 4593 fuit,

2086 4601 2380 4654 secundum
2421 4600 2566 4671 quod
2621 4599 2674 4653 S.
2730 4602 2962 4654 lrenaeus
3013 4609 3224 4654 enarrat
3267 4599 3316 4654 l.’
3352 4617 3389 4664 ι,
3421 4616 3470 4657 c.
3509 4604 3530 4654 1
3568 4600 3674 4671 (Cf.

2090 4671 2232 4724 Max.
2269 4670 2526 4725 Biblioth.
2573 4671 2666 4726 SS.
2701 4672 2941 4725 Patrum
2990 4681 3132 4725 auct.
3166 4671 3467 4741 Margarino
3511 4670 3584 4725 de
3625 4671 3678 4725 la

2085 4741 2272 4809 Bigne,
2305 4749 2343 4793 t.
2394 4741 2571 4807 XXV,
2605 4742 2642 4794 ι’.
2695 4744 2839 4810 HO),
2869 4752 2923 4796 et
2952 4743 3188 4797 referunt
3217 4757 3402 4796 omnes
3436 4741 3675 4797 historici

2086 4811 2467 4883 lexicographi.
2526 4812 2750 4880 Apelles
2793 4824 2989 4882 autem,
3039 4812 3320 4867 Marcionis
3377 4813 3676 4883 discipulus

2087 4891 2139 4934 et
2196 4881 2310 4952 ipse
2361 4883 2734 4948 hieresiarcha,
2791 4881 3003 4939 coaevus
3043 4883 3374 4938 Tertulliano
3430 4881 3564 4948 erat,
3617 4892 3679 4937 ut

2086 4953 2187 5007 hoc
2228 4956 2346 5026 ipso
2385 4969 2450 5007 ex
2480 4955 2637 5017 libro,
2672 4970 2720 5008 e.
2759 4957 2843 5020 41,
2903 4962 3085 5026 patet,_
3115 4963 3168 5006 et
3220 4970 3346 5008 sane
3393 4957 3563 5026 potuit
3618 4955 3679 5012 Io

2085 5038 2182 5096 pro
2235 5024 2344 5096 laoi
2371 5027 2734 5092 pronuntiare,
2776 5036 2850 5092 ut,
2904 5024 3124 5094 perinde
3163 5032 3321 5096 atque
3361 5024 3680 5090 Heracleon,

2082 5093 2150 5166 de
2179 5111 2288 5165 quo
2333 5095 2474 5149 infra
2531 5097 2629 5150 hoc
2673 5097 2849 5166 capite
2892 5093 2978 5166 49,
3015 5118 3039 5144 «ι
3086 5093 3318 5150 novitate
3352 5097 3676 5163 pronuntia-

2086 5164 2249 5219 tionis
2277 5167 2545 5222 videretnr
2588 5167 2687 5220 alia
2717 5164 2942 5224 sentire.
2970 5164 2974 5166 Ὗ
3000 5189 3022 5216 υ
3067 5168 3312 5222 Alterum
3343 5167 3396 5220 in
3439 5182 3676 5222 errorem

2083 5234 2303 5308 impegit
2335 5237 2489 5308 plane
2529 5237 2755 5293 similem
2805 5239 3050 5292 eruditus
3097 5239 3318 5306 Jesuita,
3371 5237 3679 5294 inducendo

2082 5307 2158 5376 (p.
2213 5307 2463 5380 865’cit.
2513 5312 2717 5380 operis)
2777 5309 3166 5380 Tertullianum
3213 5310 3280 5362 de
3341 5308 3678 5366 Heracleone

2082 5384 2334 5452 tanquam
2368 5379 2434 5433 de
2459 5379 2642 5448 judieo
2693 5381 2911 5452 homine
2941 5380 3103 5452 verba
3149 5379 3430 5452 facientem
3459 5396 3472 5436 :
3498 5395 3677 5452 neque

2079 5447 2219 5502 enim
2241 5447 2493 5507 alterum
2511 5452 2790 5515 Judaeum,
2823 5451 2917 5505 sed
2938 5451 3182 5507 alterum
3208 5451 3545 5509 hwreticum
3577 5447 3678 5506 He-

2078 5517 2380 5577 racleonem
2437 5522 2634 5579 Noster
2697 5521 2850 5577 dixit.
2902 5521 3188 5587 Praeterea,
3249 5538 3438 5591 parum
3485 5522 3676 5580 verisi-
