4042 6172
404 352 473 411 87
1522 345 1965 410 TERTULLlANl
2000 339 2268 405 optutum
2304 336 2468 399 PARS
2510 336 2578 397 11.
3627 321 3701 381 88

408 478 619 543 stando,
649 475 734 532 vel
786 475 1029 532 sudando
1076 479 1419 550 praestiterat.
1472 478 1604 532 Nam
1652 492 1716 531 ex
1774 487 1997 545 pavore,

405 565 600 639 inquit,
640 566 877 622 tenebrae
924 564 1078 623 factae
1104 574 1229 621 sunt
1262 586 1273 623 :
1309 584 1372 623 ex
1403 567 1594 622 timore
1631 572 1683 621 et
1736 563 1997 635 ignoran-

413 648 514 713 tia,
551 646 777 720 spiritus
829 646 1081 717 nequitiae
1136 655 1189 703 et
1243 645 1589 720 malignitatis
1622 663 1635 702 :
1668 661 1735 700 ex
1791 642 2002 699 tristitia

412 746 466 791 et
512 735 783 808 lacrymis,
843 736 1062 791 humida
1108 722 1364 805 iontium,
1426 736 1705 790 ﬂuminum
1760 730 1998 795 materia,

413 824 707 896 marisque.
762 823 1033 881 Christum
1078 832 1251 881 autem
1307 824 1531 880 missum
1581 823 1647 877 ab
1678 822 1770 878 illo
1802 836 2001 893 prOpa-

417 925 535 970 tore
586 913 681 985 qui
737 923 817 969 est
880 914 1102 985 Bythos.
1164 916 1317 970 Hunc
1372 923 1555 968 autem
1610 912 1661 966 in
1707 909 2004 966 substantia

416 1001 664 1073 corporis
720 1002 886 1056 nostri
944 1017 1051 1057 non
1124 1001 1306 1071 fuisse,
1374 1001 1467 1056 sed
1526 999 1764 1073 spiritale
1818 999 2005 1055 nescio

416 1091 561 1163 quod
596 1106 796 1162 corpus
842 1090 908 1145 de
954 1090 1092 1146 etelo
1137 1091 1466 1147 deferentem
1498 1089 1651 1161 quasi
1717 1106 1903 1160 aquam
1958 1085 2006 1122 ⁸⁷

420 1197 517 1251 per
555 1179 805 1251 ﬁstulam,
848 1179 924 1235 sic
978 1197 1070 1251 per
1096 1180 1316 1236 Mariam
1372 1180 1634 1253 virginem
1683 1186 2010 1233 transmcas-

419 1286 498 1339 se,
554 1269 685 1323 nihil
737 1268 863 1323 inde
930 1269 1015 1324 vel
1071 1270 1442 1341 accipientem,
1512 1269 1593 1325 vel
1651 1275 2006 1322 mutuantem.

420 1358 884 1417 Resurrectionem
942 1359 1103 1427 hujus
1160 1360 1335 1414 carnis
1382 1368 1563 1428 negat,
1620 1357 1670 1394 68
1732 1356 1826 1412 sed
1874 1355 2010 1411 alte-

420 1447 533 1503 rius
570 1448 705 1518 (74).
756 1446 911 1518 Legis
955 1457 1009 1502 et
1062 1449 1449 1516 prophetarum
1487 1445 1731 1516 quaedam
1800 1444 2013 1513 probat,

420 1537 665 1609 quaedam
706 1536 972 1604 improbat
1017 1554 1028 1591 :
1065 1536 1119 1589 id
1174 1543 1273 1602 est,
1308 1536 1488 1591 omnia
1540 1534 1825 1603 improbat,
1884 1532 2017 1586 dum

421 1626 668 1697 quaedam
701 1625 972 1692 reprobat.
1006 1623 1357 1695 Evangelium
1410 1624 1569 1677 habet
1617 1622 1779 1677 etiam
1835 1636 2014 1686 suum,

420 1723 615 1784 praeter
642 1713 756 1767 haec
802 1721 1004 1766 nostra.
1038 1713 1165 1767 Post
1193 1713 1333 1767 hunc
1387 1711 1706 1765 exstiterunt
1742 1710 1853 1781 (75)
1880 1711 2013 1764 Pto-

2678 458 2789 517 70
2816 457 3039 517 CAPUT
3066 457 3128 511 L.

2451 554 2699 610 Marcum
2730 552 2866 605 item
2886 551 2941 603 et
2966 544 3347 603 Colarbusum.

2178 645 2298 701 Non
2327 642 2613 699 defuerunt
2640 648 2761 709 post
2781 640 2881 693 hos
2923 636 3130 690 Marcus
3158 632 3373 703 quidem
3404 637 3459 685 et
3515 627 3700 684 Celar-

2108 734 2293 801 basus,
2324 745 2513 786 novam
2557 727 2788 783 haeresin
2818 741 2884 780 ex
2904 722 3216 779 Graecorum
3247 719 3532 790 alphabeto
3561 731 3703 772 com-

2108 830 2389 895 ponentes.
2441 821 2655 890 Negant
2700 814 2841 870 enim
2895 813 3173 869 veritatem
3203 808 3320 863 sine
3374 806 3489 860 istis
3546 819 3706 876 posse

2108 892 2295 967 litteris
2358 908 2616 972 inveniri;
2645 906 2754 959 imo
2810 910 2971 960 totam
3020 897 3404 971 plenitudinem
3432 901 3485 949 et
3529 892 3707 966 perfe-

2114 1001 2345 1055 ctionem
2403 996 2643 1052 veritatis
2698 994 2751 1048 in
2784 992 2901 1049 istis
2956 989 3147 1045 litteris
3201 1002 3322 1041 esse
3367 983 3702 1055 dispositam.

2115 1090 2335 1157 Propter
2381 1088 2519 1141 hanc
2564 1084 2702 1139 enim
2748 1097 2965 1136 causam
2996 1077 3268 1133 Christum
3307 1072 3501 1129 dixisse
3542 1070 3703 1142 :Ego

2116 1193 2237 1232 sum
2268 1180 2308 1229 A
2335 1186 2388 1229 et
2417 1176 2481 1228 Ω.
2525 1174 2769 1242 Denique
2824 1170 2875 1208 7°
2915 1171 3097 1223 Jesum
3144 1164 3416 1221 Christum
3472 1162 3706 1217 descen-

2122 1266 2287 1333 disse,
2310 1264 2363 1318 id
2386 1271 2488 1331 est,
2510 1262 2814 1318 columbam
2852 1259 2906 1313 in
2934 1259 3119 1311 Jesum
3148 1253 3365 1309 venisse
3415 1252 3554 1322 ('77),
3587 1266 3708 1322 quae

2121 1355 2313 1410 Graeco
2342 1354 2556 1407 nomine
2603 1366 2721 1405 cum
2773 1345 3028 1419 περιστερὰ
3069 1342 3463 1415 pronuntietur,
3520 1340 3712 1395 habeat

2122 1443 2416 1498 secundum
2448 1439 2495 1477 ’⁷1
2540 1452 2842 1505 numerum,
2882 1433 3101 1490 DCCCI.
3128 1433 3452 1486 Percurrunt
3480 1428 3567 1484 isti
3598 1427 3708 1498 (³78)

2124 1552 2182 1595 ω,
2212 1532 2265 1602 ψ,
2296 1552 2348 1597 χ,
2369 1549 2421 1599 φ,
2439 1549 2487 1590 υ,
2507 1548 2557 1593 τ,
2574 1535 2741 1583 totum
2766 1541 2937 1595 usque
2956 1525 3020 1578 ad
3041 1521 3215 1592 Alpha
3238 1521 3359 1574 Beta
3386 1517 3455 1579 ⁸⁷2,
3488 1524 3543 1571 et
3565 1530 3714 1571 com-

2123 1629 2316 1691 putant
2345 1617 2621 1691 ogdoadas
2647 1625 2700 1670 et
2736 1613 2986 1679 decadas,
3019 1611 3095 1666 ita
3122 1620 3182 1665 ut
3200 1607 3409 1664 adferre
3427 1608 3478 1646 73
3499 1605 3712 1661 illorum

2124 1722 2309 1765 omnes
2330 1709 2589 1766 vanitates
2626 1706 2866 1776 ineptum
2897 1702 2963 1757 sit
2994 1708 3047 1758 et
3073 1701 3326 1763 otiosum,
3359 1697 3502 1769 quod
3533 1705 3713 1750 tamen

422 1802 649 1858 lomazus
697 1809 749 1856 et
799 1801 1074 1856 Secundus
1127 1800 1384 1867 haeretici,
1433 1798 1524 1870 qui
1563 1814 1685 1853 eum
1731 1797 2011 1854 Valentino
2047 1780 2090 1858 Β
2122 1815 2229 1854 non
2260 1807 2461 1853 tantum
2490 1798 2597 1867 jam
2627 1811 2845 1866 vanum,
2876 1793 2969 1848 sed
3016 1792 3178 1848 etiam
3226 1786 3596 1859 periculosum
3628 1784 3716 1840 sit.

424 1906 523 1961 per
550 1888 731 1944 omnia
758 1889 1125 1945 consentiunt.
1160 1891 1217 1943 In
1266 1888 1357 1943 illo
1404 1888 1518 1944 solo
1550 1886 1824 1942 differunt.
1885 1888 2018 1942 Nam

423 1995 548 2033 cum
594 1977 907 2033 Valentinus
970 1978 1167 2033 Eonas
1222 1983 1425 2031 tantum
1477 1975 1694 2049 triginta
1759 1974 2017 2039 ﬁnxisset,

424 2067 511 2121 isti
595 2065 917 2123 addiderunt
993 2067 1127 2121 alios
1191 2066 1514 2136 complures.
1572 2064 1814 2133 Quatuor
1876 2064 2019 2119 enim

426 2155 680 2226 primum,
728 2153 922 2210 deinde
977 2153 1110 2209 alios
1166 2162 1395 2226 quatuor
1451 2161 1899 2227 aggregaverunt.
1958 2154 2023 2207 Et

428 2246 571 2316 quod
606 2243 732 2297 dicit
786 2243 1094 2297 Valentinus
1136 2244 1361 2297 Aionem
1402 2244 1735 2314 trigesimum
1767 2244 1815 2281 69
1844 2258 2024 2297 exces-

428 2330 565 2385 sisse
595 2331 661 2385 de
692 2334 1003 2402 p‘eromate,
1035 2340 1092 2386 ut
1144 2332 1196 2385 in
1229 2331 1601 2401 defectionem,
1659 2342 1857 2406 negant
1912 2331 2017 2387 isti.

430 2421 550 2475 Non
607 2419 745 2474 enim
821 2436 886 2475 ex
944 2421 1033 2475 illa
1090 2420 1413 2476 triacontade
1483 2420 1646 2476 fuisse
1712 2424 1869 2485 hunc,
1928 2420 2023 2493 qui

428 2507 589 2563 fuerit
647 2508 698 2561 in
750 2508 1120 2576 defectionem,
1155 2516 1373 2580 prepter
1415 2509 1741 2563 desiderium
1806 2509 2022 2566 videndi

430 2595 753 2666 prepatoris.
787 2596 997 2651 Exstitit
1028 2606 1280 2667 prieterea
1331 2597 1624 2653 Heracleon
1658 2598 1790 2653 alter
1844 2599 2021 2653 haere-

431 2684 594 2753 ticus,
625 2685 865 2756 quicum
912 2685 1190 2741 Valentino
1240 2687 1389 2757 paria
1420 2688 1595 2751 sentit,
1648 2689 1742 2742 sed
1786 2688 2020 2744 novitate

431 2772 660 2843 quadam
714 2772 1167 2842 pronuntiationis
1223 2772 1333 2826 vult
1404 2771 1572 2829 videri
1633 2774 1735 2829 alia
1799 2775 2015 2830 sentire.

432 2861 730 2916 Introducit
758 2862 899 2915 enim
923 2861 978 2915 in
1006 2861 1195 2932 primis
1224 2860 1350 2914 illud
1383 2860 1549 2915 fuisse
1576 2864 1721 2934 quod
1768 2879 2019 2935 pronun-

432 2950 525 3004 tiat
552 2952 691 3020 (76),
723 2960 773 3005 et
824 2950 1017 3006 deinde
1049 2966 1120 3005 ex
1147 2949 1234 3004 illa
1289 2951 1517 3006 monade
1566 2951 1693 3017 duo,
1724 2961 1787 3007 ac
1830 2954 2021 3010 deinde

433 3037 665 3107 reliquos
711 3039 931 3106 onnas,
990 3039 1181 3094 deinde
1221 3038 1508 3096 introducit
1564 3048 1730 3096 totum
1788 3043 2018 3098 Valenti-
2050 3078 2092 3156 Β

434 3139 582 3181 num.

2129 1888 2376 1944 Alterum
2405 1889 2575 1941 Deum
2608 1883 2815 1957 ﬁngunt
2836 1888 3030 1953 praeter
3071 1885 3390 1935 creatorem.
3442 1874 3709 1929 Christum

2128 1975 2182 2029 in
2211 1974 2514 2030 substantia
2559 1980 2757 2044 negant
2810 1969 2987 2026 carnis
3036 1967 3227 2024 fuisse.
3275 1966 3490 2037 Negant
3541 1961 3717 2017 carnis

2130 2063 2577 2120 resurrectionem
2603 2061 2855 2116 futuram.

2755 2197 2974 2256 CAPUT
3003 2196 3087 2252 LI.

2128 2314 2261 2369 Post
2290 2309 2405 2366 haec
2426 2309 2747 2373 Cerdonem,
2772 2306 3136 2368 Marcione-m,
3168 2303 3395 2374 ejusque
3417 2300 3720 2371 discipulos

2579 2400 2867 2453 Lucanum
2907 2400 2959 2451 et
3007 2395 3045 2448 A
3048 2392 3140 2465 pel
3148 2393 3275 2446 lem.

2200 2506 2422 2564 Accedit
2450 2505 2532 2560 his
2577 2504 2784 2560 Cerdon
2815 2500 3070 2572 quidam;
3127 2498 3213 2554 hic
3255 2495 3546 2552 introducit
3574 2495 3723 2551 initia

2131 2605 2259 2669 duo,
2291 2604 2343 2658 id
2382 2612 2465 2657 est
2517 2603 2652 2657 duos
2689 2600 2843 2668 deos,
2877 2614 3041 2653 unum
3096 2597 3333 2661 bonum,
3391 2600 3444 2649 et
3497 2596 3721 2649 alterum

2130 2709 2365 2758 szevum;
2423 2691 2621 2746 bonum
2679 2686 3031 2755 superiorem,
3091 2698 3295 2737 saevnm
3354 2684 3497 2735 hunc
3543 2680 3724 2735 mundi

2129 2790 2443 2836 creatorem.
2478 2779 2575 2833 Hic
2627 2775 2941 2849 prOphetias
2969 2780 3022 2828 et
3051 2772 3225 2844 legem
3286 2772 3553 2841 repudiat,
3612 2771 3724 2824 Deo

2130 2869 2355 2923 creatori
2395 2866 2682 2933 renuntiat,
2734 2861 3030 2933 superioris
3059 2861 3158 2916 Dei
3201 2859 3388 2913 Filium
3454 2857 3722 2913 Christum

2129 2955 2339 3012 venisse
2370 2963 2578 3019 tractat,
2632 2955 2774 3007 hunc
2802 2952 2854 3004 in
2884 2948 3183 3005 substantia
3211 2946 3387 3002 carnis
3435 2952 3614 3018 negat,
3668 2945 3724 3000 in

2120 3047 2489 3116 phantasmate
2519 3045 2634 3098 solo
2661 3041 2826 3096 fuisse
2856 3038 3183 3110 pronuntiat,
3218 3052 3315 3092 nec
3335 3038 3554 3091 omnino
3588 3049 3726 3104 pas-

2125 3149 2263 3198 sum,
2296 3134 2392 3188 sed
2422 3133 2572 3205 quasi
2601 3145 2819 3203 passum
2852 3145 2864 3182 :
2897 3142 2997 3183 nec
3024 3142 3090 3183 ex
3138 3124 3358 3199 Virgine
3400 3132 3601 3194 natum,
3633 3123 3727 3179 sed

1811 3307 1997 3370 Variae
2035 3313 2351 3372 lectiones.

508 3441 557 3478 6⁷
584 3442 737 3509 Aqua
777 3439 941 3513 sem}.
974 3435 1148 3513 6‘fSed
1177 3450 1281 3513 non
1314 3435 1535 3513 alterius
1564 3438 1749 3513 Latin.
1779 3438 1950 3513 hujus
1967 3440 2160 3513 carnis,
2192 3442 2282 3497 sed
2310 3441 2532 3513 alterius
2557 3440 2691 3509 legis
2730 3441 2871 3513 Jun.
2898 3436 3334 3513 alteriuspartis,
3354 3435 3731 3513 scilicetnni-

437 3528 565 3575 mw,
625 3504 845 3567 νίιαυῖιίί
874 3508 1074 3580 δωζικίο-
1101 3506 1151 3544 69
1178 3505 1526 3580 Ϊτίβθδίῖηίὲτη
1559 3507 1633 3580 αι.
1668 3504 1883 3580 ll‘iginla
1924 3511 2092 3568 Seml.
2127 3513 2176 3551 70
2196 3512 2520 3569 Addendum
2550 3504 2823 3568 in"censet
2846 3510 3015 3566 Seml.
3040 3508 3087 3546 "’1
3111 3504 3342 3576 Habere,
3367 3507 3538 3564 Seml.
3561 3504 3611 3543 "3
3630 3506 3729 3559 Al-

438 3582 733 3651 phabctum
765 3579 937 3637 Seml.
967 3577 1017 3617 ’⁷³
1054 3577 1131 3632 Ita
1159 3577 1225 3632 ad
1261 3576 1402 3631 ferre
1441 3578 1610 3634 Scml.

1830 3704 2328 3771 Commentarius.

511 3837 627 3907 (74)
666 3837 770 3893 Sed
798 3837 1059 3892 alterius.
1088 3836 1325 3891 Latinius
1353 3836 1500 3905 legit,
1530 3838 1621 3893 sed
1640 3851 1746 3890 non
1776 3837 2035 3901 alterius,

438 3909 629 3961 Junius
657 3918 837 3979 autem
893 3938 961 3947 —
994 3908 1162 3979 hujus
1191 3911 1397 3972 carnis,
1431 3908 1522 3964 sed
1549 3908 1765 3962 alterius
1807 3910 1940 3979 legis
1968 3940 2035 3951 —

444 3979 655 4051 Malim,
670 3978 766 4033 sed
795 3979 1032 4035 alterius
1058 3978 1262 4051 partis,
1296 3982 1424 4051 scil.
1445 3978 1654 4043 anima},
1681 3989 1736 4051 ut
1760 3978 1882 4051 cap.
1934 3983 2030 4051 5t.

443 4050 570 4105 Haec
635 4050 883 4105 Sanum.
966 4048 1214 4105 Ut'vero
1264 4048 1623 4120 praedicabant
1682 4050 2034 4120 Valentiniani

440 4120 758 4186 carnalium,
812 4136 948 4191 quos
1001 4119 1283 4191 vocabant,
1336 4132 1491 4190 atque
1522 4119 1838 4191 animalium
1890 4121 2033 4176 inte-

443 4192 623 4257 ritum,
654 4194 798 4263 quod
834 4190 1068 4263 ’eonstat
1124 4208 1189 4246 ex
1221 4190 1531 4263 Tertulliani
1558 4262 1563 4263 γ
1588 4191 1729 4247 libro
1778 4192 2035 4247 adversus

439 4263 561 4317 illos
581 4262 756 4333 capite
804 4266 891 4330 32,
926 4262 1003 4315 sic
1029 4262 1276 4333 corporis
1307 4262 1599 4333 spiritualis
1661 4264 1888 4316 salutem
1944 4278 2033 4317 so-

440 4332 661 4389 dalibus
685 4333 797 4387 suis
842 4332 1244 4403 promittebant,
1278 4332 1549 4405 quomodo
1606 4334 1841 4405 ostendit
1897 4334 2030 4403 Epi-

439 4406 651 4474 phanus
698 4402 901 4460 Haeres.
960 4420 1150 4473 χχχιι,
1217 4402 1333 4472 cap.
1365 4406 1398 4458 7
1432 4422 1444 4458 :
1477 4405 1540 4455 Τὸ
1571 4402 1623 4455 δὲ
1654 4402 2032 4474 ἑαυτῶνγτάγμα

440 4473 758 4545 πνευματικὸν
825 4478 895 4539 ὃν,
945 4477 1187 4546 σώζεσθαι
1239 4478 1325 4528 σὺν
1384 4477 1577 4545 σώματι
1642 4476 1782 4546 ἄλλῳ
1838 4473 2026 4527 ἐνδυντέ-

441 4566 514 4617 ρῳ
573 4547 700 4611 ὄντι,
744 4548 865 4618 ὅπερ
904 4545 1044 4599 αὐτοὶ
1090 4552 1239 4618 σῶμα
1282 4548 1608 4618 πνευματικὸν
1651 4545 1876 4618 καλοῦσι,
1910 4565 2029 4617 φκν-

439 4616 713 4686 τάζόμενοι.
747 4616 1046 4687 Quaproter
1076 4618 1131 4671 in
1165 4616 1306 4673 hunc
1335 4616 1550 4672 sensum
1588 4617 1741 4669 verba
1774 4616 2032 4686 interpre-

440 4696 549 4755 tor;
586 4690 1055 4744 Resurreetionem
1080 4689 1262 4757 hujus,
1297 4690 1378 4743 vel
1412 4701 1626 4755 nostras,
1657 4687 2031 4760 carnisnegat

442 4761 772 4829 Valentinus,
808 4762 902 4815 sed
932 4760 1176 4830 corporis
1206 4761 1446 4823 alterius,
1474 4761 1551 4811 vel
1591 4757 1904 4828 spiritualis,
1929 4757 2032 4830 ap-

438 4836 649 4897 probat.
682 4832 758 4885 De
793 4833 1075 4885 Ptolemaeo
1105 4839 1279 4884 autem
1313 4839 1366 4884 et
1412 4832 1659 4885 Secundo
1687 4846 1807 4898 quae
1854 4831 2031 4898 proxi-

437 4916 521 4953 me
549 4909 868 4970 sequuntur,
916 4902 1241 4956 conferenda
1272 4916 1335 4955 ea
1378 4910 1500 4954 sunt
1537 4916 1656 4954 cum
1705 4900 2032 4956 Tertullanio

435 4970 569 5043 Adv.
642 4972 1079 5043 Valentinianos,
1138 4987 1297 5043 capp.
1350 4976 1436 5037 33,
1493 4975 1580 5026 38.
1634 4973 1709 5025 De
1768 4971 2028 5025 Valentini

435 5040 728 5112 Evangelio
750 5041 951 5113 videsis
979 5058 1103 5110 quae
1132 5042 1199 5095 ad
1235 5040 1539 5113 Reliquiar.
1602 5044 1757 5097 Sacr.
1798 5043 1905 5095 vol.
1960 5042 2022 5111 lI,

432 5129 487 5183 p.
521 5113 611 5183 35,
641 5112 908 5165 annotavi.
944 5113 1162 5167 ROUTH.

505 5181 987 5252 (75)7Ptolomwus
1015 5189 1069 5239 et
1094 5181 1399 5239 Secundus.
1427 5181 1489 5234 Hi
1508 5179 1779 5235 Valentini
1810 5196 2023 5252 succes-

434 5268 582 5307 sores
621 5251 855 5317 fuerunt,
890 5265 946 5305 ut
984 5264 1034 5307 et
1064 5254 1373 5315 Heraeleon,
1434 5253 1500 5305 de
1545 5267 1771 5321 quorum
1833 5251 2024 5306 fabulis

432 5333 484 5379 et
512 5323 748 5377 anilibus
777 5323 1095 5379 commentis
1119 5338 1284 5393 pauca
1331 5338 1421 5376 seu
1484 5323 1660 5392 potius
1691 5322 1820 5377 nihil
1872 5322 2022 5377 dice-

432 5411 571 5463 mus,
607 5410 728 5449 cum
777 5409 963 5465 eorum
1020 5396 1268 5465 dogmata
1324 5393 1636 5463 plenissime
1680 5394 2025 5450 excutiantur

430 5470 571 5536 apud
597 5467 651 5521 S.
690 5464 1073 5536 Epiphaniam.
1108 5467 1183 5519 LE
1212 5464 1306 5518 Pa.

500 5538 615 5605 (76)
638 5534 990 5609 Illud—fuisse
1028 5537 1168 5609 quod
1191 5535 1556 5609 pronuntiat.
1590 5534 1686 5609 Hic
1723 5536 1882 5609 etiam
1915 5535 2017 5591 de-

500 5552 615 5605 ('16)
638 5552 784 5593 (uua
811 5552 990 5607 fuisse
1028 5552 1168 5609 quoa
1191 5552 1556 5661 pronuntiat.
1591 5552 1686 5589 me
1723 5552 1882 5590 etiam
1915 5552 2017 5591 ue-

429 5621 551 5663 esse
581 5608 792 5663 videtur
820 5607 1021 5680 aliquid
1065 5622 1197 5664 voca
1240 5605 1336 5674 uli,
1366 5606 1492 5661 RIG.
1525 5636 1593 5647 —
1623 5605 1714 5661 Ait
1744 5606 2021 5663 Semlerus

2145 3840 2331 3894 deesse
2378 3856 2566 3896 nomen
2606 3840 2806 3907 αὐτοδν,
2837 3847 2930 3893 aut
2985 3836 3175 3892 simile.
3210 3837 3403 3891 Lucem
3467 3832 3735 3907 praebebit

2145 3911 2454 3965 Philastrius
2504 3914 2576 3968 De
2616 3905 2947 3977 eresibus,
3007 3924 3125 3979 cap.
3187 3909 3255 3979 At
3289 3924 3301 3959 :
3336 3928 3359 3979 ᾳ
3396 3909 3526 3963 Post
3580 3905 3737 3979 hunc

2145 3982 2498 4052 (Secundum)
2552 3982 2867 4047 Heracleon,
2903 3975 3192 4048 discipulus
3245 3975 3728 4052 ipsius,_surrexit,

2144 4045 2348 4118 dicens,
2400 4045 2725 4121 Principium
2784 4045 2905 4106 esse
2981 4045 3166 4109 unum,
3220 4045 3379 4119 quem
3435 4045 3729 4121 Dominum

2143 4117 2396 4193 appellat.
2431 4117 2634 4178 Deinde
2664 4124 2729 4177 de
2748 4123 2852 4177 hoc
2872 4129 3051 4175 natum
3082 4117 3253 4193 aliud,
3279 4118 3563 4193 deque_hi_s
3593 4117 3731 4171 duo-

2143 4190 2243 4247 bus
2283 4196 2682 4266 generationem
2712 4194 3024 4266 multorum,
3057 4192 3283 4266 assumit
3312 4190 3728 4266 principiorum,

2141 4281 2261 4319 cum
2284 4260 2423 4319 "suis
2470 4265 2650 4319 itidem
2709 4265 2943 4320 delirans
2997 4260 3331 4328 doctoribus,
3377 4280 3428 4332 p.
3487 4265 3575 4323 91,
3635 4260 3723 4332 ed.

2141 4335 2383 4390 Fabricii.
2447 4336 2532 4390 Sic
2579 4335 2894 4391 Philastrius
2932 4336 2998 4387 de
3056 4328 3388 4389 llcracleone'
3431 4333 3576 4398 ipso;
3633 4328 3730 4382 iti-

2141 4407 2261 4461 dem
2292 4408 2358 4460 de
2392 4406 2578 4477 Apelle
2607 4408 2797 4462 scribit
2828 4406 2963 4459 infra
2992 4407 3040 4477 AA
3054 4420 3276 4477 nonym.
3308 4410 3509 4465 noster,
3548 4402 3731 4477 aliam

2137 4472 2628 4550 m'rtutequuam
2659 4479 2816 4550 dicit,
2849 4475 3135 4550 Dominum
3166 4475 3315 4543 dicit,
3344 4490 3474 4550 cap;
3494 4476 3592 4550 51._
3613 4472 3729 4524 Ita-

2139 4565 2243 4618 que
2302 4542 2588 4621 legendun
2625 4551 2741 4621 hoc
2799 4548 2930 4621 loco
2974 4544 3207 4614 videtur,
3241 4545 3385 4621 quod
3412 4542 3727 4621 Dominum

2136 4616 2499 4691 pronuntiat.
2534 4619 2639 4674 Sed
2667 4616 3303 4691 locum_aliler_exposutt
3335 4616 3595 4691 Pamelius
3625 4629 3729 4665 su-

2143 4685 2315 4767 prain
2346 4699 2468 4743 nota
2492 4691 2780 4767 ad__voces,
2819 4689 2970 4767 dicto
3015 4689 3113 4767 Ion
3143 4709 3180 4767 ;_
3191 4685 3593 4767 pronuntiatio
3624 4701 3732 4755 ap-

2140 4758 2338 4832 pellat,
2362 4779 2392 4815 a
2425 4778 2507 4816 me
2534 4761 2728 4814 allatus
2766 4762 2828 4832 ad
2861 4775 2982 4830 pag.
3013 4761 3133 4823 167,
3167 4758 3261 4832 lin.
3298 4762 3384 4812 26.
3418 4758 3574 4832 Certe
3612 4770 3729 4807 ma-

2142 4828 2187 4883 le
2219 4832 2498 4885 adnotator
2526 4834 2595 4885 ad
2627 4834 2713 4885 ed.
2767 4828 3060 4884 Romanam
3115 4830 3313 4883 addere
3361 4828 3474 4883 vult
3530 4840 3730 4882 nomen

2150 4904 2509 4976 l’alentignus
2535 4911 2653 4976 post
2680 4902 3036 4976 pronuntiat.
3069 4900 3282 4976 Reum.

2139 5042 2148 5052 ‘
2206 4973 2317 5042 (77)
2352 4966 2690 5052 colu-nibnm'
2799 4969 3361 5052 Jesuni_venisse._An
3392 4968 3538 5052 hisee
3568 4966 3732 5047 nugis

2135 5042 2402 5099 immorari
2458 5044 2632 5108 liceat,
2667 5044 2841 5097 adhuc
2889 5043 3104 5109 dubito;
3141 5058 3206 5096 ne
3252 5048 3426 5093 tamen
3456 5042 3555 5092 hoc
3608 5042 3730 5091 sine

2135 5115 2339 5169 monito
2370 5122 2771 5185 praetereamus,
2804 5133 2834 5165 α
2864 5126 2915 5167 et
2947 5136 3008 5177 ω,
3038 5118 3181 5183 apud
3220 5110 3443 5185 Graecos
3474 5109 3727 5163 eumdem

2133 5183 2411 5239 numerum
2468 5185 2759 5241 conﬁciunt
2814 5200 2878 5240 ac
2926 5200 3040 5255 vox,
3082 5183 3341 5255 περιστερά
3394 5197 3407 5236 :
3466 5196 3731 5255 numerus

2132 5266 2311 5310 autem
2343 5264 2425 5310 est
2473 5261 2599 5321 801,
2630 5265 2689 5312 ut
2736 5256 2823 5312 hic
2848 5249 3341 5326 apponiturhUnde
3399 5249 3724 5326 grammati-

2131 5328 2275 5381 cales
2306 5342 2462 5397 nugm
2493 5321 2981 5397 Marcos‘oruntl'et
3012 5321 3463 5397 colarbasiorum.
3498 5321 3575 5377 LE
3623 5322 3722 5397 Pa:

2203 5398 2312 5468 (78)
2348 5393 2701 5455 Percurrunt
2732 5400 2848 5454 isti.
2885 5395 3009 5449 Haec
3039 5396 3196 5450 aliter
3229 5394 3545 5468 referuntur
3569 5393 3720 5468 apud

2129 5464 2487 5539 Epiphanium
2538 5472 2668 5524 haer.
2703 5472 2771 5526 34
2819 5483 2885 5522 ex
2932 5468 3157 5532 Irenaeo,
3209 5465 3300 5519 sed
3344 5480 3514 5521 vanus
3569 5464 3724 5520 labor

2128 5549 2211 5594 est
2241 5539 2583 5613 ineptiarum.
2616 5543 2740 5599 Pun.
