4042 6172
283 267 353 330 89
1420 273 1622 337 LIBBR
1659 273 1746 336 DE
1784 276 2444 342 PRESCRIPTIONIBUS.
3506 291 3580 352 90

283 391 498 498 Omnino
513 408 616 498 nec
651 401 859 453 natum.
891 395 1365 496 Resurrectionem
1393 401 1588 457 animus
1646 407 1876 458 tantum-
1911 418 1957 498 Α
1991 406 2232 475 partibus
2279 408 2650 479 descenderet,
2699 426 2819 482 ipso
2851 415 3108 470 descensu
3153 414 3417 472 sideream
3465 416 3576 472 sibi

287 483 447 539 modo
482 484 692 553 probat,
751 485 998 556 corporis
1051 497 1231 561 negat.
1281 490 1467 546 Solum
1522 491 1876 565 Evangelium

285 572 456 638 Lucae,
513 587 613 627 nec
669 580 848 628 tamen
922 583 1090 631 totum
1147 577 1356 647 recipit.
1413 577 1666 649 Apostoli
1726 579 1877 634 Pauli

285 676 453 730 neque
510 675 722 730 omnes,
774 678 950 736 neque
1000 672 1136 719 totas
1179 667 1445 734 Epistolas
1493 668 1679 722 sumit.
1746 670 1881 723 Acta

283 747 654 819 apostolorum
726 757 782 804 et
854 751 1216 825 Apocalypsin
1275 756 1428 826 quasi
1499 753 1628 810 falsa
1685 754 1878 822 rejicit.

281 837 394 892 Post
425 837 576 892 hunc
602 835 650 892 7
665 836 703 891 Ι
743 837 1042 910 discipulus
1071 841 1240 911 ipsius
1266 843 1483 899 emersit
1515 842 1747 899 Marcion
1768 843 1880 914 (79)

280 924 495 995 quidam
530 925 774 997 nomine,
821 927 1075 984 Ponticus
1103 945 1310 1003 genere
1356 932 1489 1003 (80),
1541 931 1781 1003 episcOpi
1811 931 1881 985 fi-

281 1014 388 1076 lius,
431 1023 673 1084 prepter
709 1024 957 1086 stuprum
1004 1018 1282 1084 cujusdam
1330 1019 1558 1092 virginis
1600 1021 1666 1075 ab
1699 1020 1884 1076 Eccle-

284 1103 366 1156 site
408 1102 915 1160 communicatione
944 1106 1204 1174 abjectus.
1236 1108 1338 1164 Hic
1366 1125 1430 1165 ex
1465 1110 1749 1166 occasione
1776 1112 1885 1178 (81)

279 1205 375 1258 qua
402 1188 625 1245 dictum
657 1190 771 1245 sit:
809 1193 1004 1249 Omnis
1055 1195 1224 1252 arbor
1271 1196 1414 1252 bona
1468 1197 1630 1255 bonos
1658 1199 1882 1268 fructus

278 1281 436 1348 facit,
471 1282 644 1336 mala
669 1286 863 1337 autem
891 1285 1089 1350 malos,
1127 1285 1356 1340 haeresin
1387 1285 1647 1341 Cerdonis
1676 1301 1882 1357 appro-

281 1369 396 1424 bare
425 1378 672 1426 conatus
716 1383 819 1440 est,
849 1374 1036 1429 eadem
1065 1375 1244 1432 dicere
1274 1378 1411 1446 (82),
1445 1393 1568 1448 quae
1599 1377 1687 1432 ille
1715 1393 1884 1448 supe-

279 1458 380 1514 rior
404 1459 710 1516 haereticus
737 1470 863 1517 ante
916 1462 1147 1521 dixerat.
1185 1465 1404 1520 Exstitit
1443 1473 1568 1536 post
1600 1466 1746 1522 hunc
1772 1466 1883 1521 Lu-

279 1563 446 1603 canus
475 1549 704 1619 quidam
736 1551 956 1606 nomine
983 1552 1115 1621 (83),
1148 1553 1436 1608 Marcionis
1465 1561 1694 1610 sectator
1723 1564 1885 1624 atque

282 1634 587 1706 discipulus
647 1651 664 1691 :
713 1647 770 1694 et
828 1639 919 1694 hic
973 1655 1072 1711 per
1116 1641 1305 1695 eadem
1369 1641 1568 1697 vadens
1634 1641 1887 1712 blasphe-

285 1723 400 1779 mire
429 1739 670 1799 genere,
701 1726 892 1782 eadem
947 1709 1107 1784 docet
1151 1745 1275 1800 quae
1306 1730 1538 1786 Marcion
1588 1737 1644 1784 et
1672 1709 1884 1784 Cet-don
1921 1709 1976 1787 Β,

283 1812 608 1869 docuerant.
663 1816 786 1870 Post
833 1817 935 1872 hos
987 1816 1333 1889 subsequitur
1368 1819 1608 1889 Apelles,
1639 1819 1882 1890 discipu-

284 1899 374 1957 lus
411 1901 720 1968 larciouis,
745 1903 837 1976 qui
867 1913 1218 1978 posteaquam
1248 1907 1302 1962 in
1333 1923 1548 1965 carnem
1591 1923 1745 1963 suam
1776 1909 1885 1978 lap-

281 2005 379 2044 sus
405 1999 492 2046 est
522 1992 654 2061 (84),
683 2007 712 2046 a
739 1992 1012 2050 Marciane
1059 2005 1378 2068 segregatus
1407 2006 1510 2053 est.
1556 1996 1655 2052 Hic
1705 1995 1881 2053 intro-

283 2081 422 2135 ducit
480 2096 658 2135 unum
721 2083 892 2138 Deum
947 2081 1168 2139 inﬁnitis
1219 2085 1594 2157 superioribus
1649 2085 1885 2155 partibus

286 2169 411 2237 (85).
445 2170 610 2226 Hunc
657 2179 952 2242 potestates
995 2173 1192 2227 multas
1238 2175 1566 2245 angelosque
1615 2173 1809 2230 fecisse
1862 2192 1877 2229 :

283 2266 572 2328 propterea
628 2267 684 2313 et
735 2259 895 2315 aliam
963 2261 1211 2318 virtutem
1268 2279 1428 2334 quam
1483 2263 1635 2334 dicit,
1691 2263 1882 2320 Domi-

285 2363 402 2401 num
431 2348 589 2412 dicit,
623 2349 720 2402 sed
759 2349 1009 2420 angelum
1058 2353 1231 2421 ponit.
1263 2352 1377 2407 Hoc
1407 2351 1521 2407 vult
1566 2351 1737 2407 videri
1766 2351 1881 2422 (86)

286 2438 539 2492 mundum
580 2439 884 2493 institutum
929 2441 996 2493 ad
1025 2440 1377 2495 imitationem
1415 2441 1597 2497 mundi
1627 2441 1881 2514 superio—

289 2528 367 2590 ris,
399 2526 488 2582 cui
519 2529 729 2581 mundo
769 2529 1153 2599 permiscuisse
1182 2530 1580 2602 paenitentiam;
1618 2530 1746 2602 quia
1773 2547 1878 2586 non

291 2615 426 2669 illum
467 2623 577 2668 tam
614 2615 849 2685 perfecte
879 2616 1116 2685 fecisset,
1150 2634 1316 2690 quam
1342 2619 1433 2672 ille
1454 2622 1700 2690 superior
1727 2636 1882 2674 mun-

296 2705 386 2758 dus
441 2704 722 2759 institutus
763 2705 972 2761 fuisset.
1033 2707 1227 2778 Legem
1273 2716 1326 2762 et
1374 2710 1668 2779 prophetas
1715 2725 1880 2778 repu-

294 2791 404 2847 diat.
439 2793 720 2849 Christum
773 2809 948 2866 neque
1002 2796 1056 2849 in
1105 2797 1479 2866 phantasmate
1534 2796 1661 2852 dicit
1693 2796 1878 2861 fuisse,

298 2881 420 2934 sicut
455 2881 723 2948 Marcion,
757 2898 930 2953 neque
969 2883 1021 2936 in
1054 2885 1354 2940 substantia
1382 2885 1491 2940 veri
1521 2886 1785 2956 corporis,
1819 2894 1877 2941 ut

1993 510 2212 551 carnem
2242 506 2295 552 et
2338 514 2532 552 aeream
2589 500 2977 556 coutexuisse:
3021 503 3165 558 hunc
3202 505 3257 560 in
3305 521 3581 563 resurrec-

1988 583 2136 638 tione
2189 584 2420 655 singulis
2464 587 2769 656 quibusque
2821 590 3119 659 elementis,
3177 607 3296 661 quae
3350 593 3403 646 in
3468 594 3576 649 de-

1989 685 2184 726 scensu
2213 688 2312 727 suo
2352 683 2590 730 mutuata
2628 674 2867 742 fuissent,
2903 676 2956 730 in
2999 693 3221 733 ascensu
3251 678 3573 747 reddidisse,

1987 765 2043 814 et
2082 759 2160 813 sic
2205 759 2462 830 dispersis
2515 763 2820 835 quibusque
2879 766 3126 835 corporis
3184 770 3269 820 sui
3300 767 3570 836 partibus,

1990 845 2046 901 in
2099 848 2237 902 coelo
2268 847 2518 917 Spiritum
2552 859 2751 905 tantum
2787 850 3103 906 reddidisse.
3145 851 3244 908 Hic
3274 853 3454 908 carnis
3491 868 3585 909 re-

1991 935 2376 991 surrectionem
2424 946 2609 1009 negat;
2661 938 2782 994 solo
2824 941 2991 994 utitur
3038 949 3092 995 et
3145 941 3432 1010 Apostolo,
3483 941 3581 999 sed

1989 1023 2287 1092 Marcionis,
2322 1026 2372 1081 id
2401 1033 2482 1080 est
2521 1042 2627 1081 non
2660 1035 2788 1082 toto.
2823 1027 3136 1084 Animarum
3170 1029 3407 1084 solarum
3454 1029 3586 1087 dicit

1990 1111 2214 1168 salutem
2243 1115 2380 1186 (87).
2415 1116 2576 1170 Habei
2607 1123 2868 1186 praeterea
2898 1118 3134 1186 privatas
3161 1117 3302 1189 (88),
3332 1117 3426 1173 sed
3478 1133 3578 1174 ex-

1993 1203 2370 1258 traordinarias
2403 1205 2656 1259 lectiones
2685 1221 2829 1269 suas,
2861 1221 2997 1277 quas
3025 1205 3264 1276 appellat
3292 1208 3576 1277 phanero-

1991 1291 2102 1345 seis
2133 1291 2474 1347 Philumenes
2513 1294 2794 1363 cujusdam
2828 1294 3045 1366 puellae,
3075 1309 3234 1364 quam
3272 1295 3428 1368 quasi
3463 1309 3582 1365 pro-

1995 1379 2281 1450 phetissam
2348 1381 2604 1452 sequitur.
2668 1383 2845 1436 [labet
2893 1392 3152 1450 praeterea
3207 1398 3335 1439 suos
3387 1383 3581 1449 libros,

1992 1482 2128 1540 quos
2176 1468 2447 1538 inscripsit
2483 1469 2953 1543 Syllogismorum,
2998 1470 3053 1523 in
3101 1471 3299 1541 quibus
3348 1471 3583 1540 probare

1993 1557 2129 1624 vult,
2167 1557 2309 1628 quod
2357 1557 2538 1612 omnia
2564 1573 2910 1628 quaecumque
2939 1559 3156 1629 Moyses
3201 1559 3268 1614 de
3295 1559 3410 1615 Deo
3438 1559 3582 1616 scri-

1993 1647 2183 1716 pserit,
2213 1662 2340 1701 vera
2368 1661 2474 1702 non
2508 1645 2634 1710 sint,
2664 1663 2722 1701 se
2745 1652 2756 1696 Ι
2781 1645 2912 1701 falsa
2938 1647 3064 1702 sint.

2587 1735 2816 1791 CAPUT
2861 1735 2973 1793 LII.

1997 1825 2298 1880 Tatianum
2327 1825 2478 1895 inde,
2511 1831 2560 1881 et
2581 1840 2667 1880 eos
2700 1825 2795 1896 qui
2822 1824 3135 1880 secundum
3164 1823 3407 1896 Phrygas
3438 1823 3586 1882 dicc-

2061 1913 2290 1970 bantur.
2329 1911 2436 1969 72
2465 1913 2589 1966 κατὰ
2616 1913 2904 1978 Proclum,
2926 1929 2992 1968 ac
3020 1912 3334 1970 secundum
3353 1911 3577 1968 .Eschi-

2059 2018 2213 2068 nem,
2243 2003 2634 2057 Montanistas.

2063 2090 2154 2144 His
2226 2091 2487 2144 haereticis
2560 2090 2812 2146 omnibus
2879 2089 3086 2146 accedit
3155 2089 3410 2144 Tatianus
3465 2086 3586 2160 qui-

1988 2179 2108 2234 dam
2141 2178 2271 2249 (89),
2299 2179 2436 2233 alter
2467 2180 2772 2234 haereticus.
2819 2178 2914 2234 Hic
2958 2177 3156 2234 Justini
3205 2177 3456 2250 Martyris
3503 2177 3585 2232 di-

1990 2267 2229 2338 scipulus
2261 2266 2375 2331 fuit,
2428 2278 2549 2338 post
2596 2268 2737 2321 hunc
2764 2267 2974 2321 diversa
3005 2265 3202 2320 sentire
3244 2265 3425 2336 C(Bpil.
3467 2267 3585 2321 To-

1990 2365 2079 2413 tus
2141 2355 2282 2411 enim
2355 2355 2648 2411 secundum
2705 2355 3051 2412 Valentinum
3111 2353 3279 2426 sapit,
3320 2353 3583 2422 adjiciens

1989 2443 2143 2508 illud,
2174 2444 2343 2497 Adam
2377 2459 2472 2498 nec
2498 2443 2726 2498 salutem
2755 2442 3008 2510 consequi
3040 2457 3235 2511 posse:
3265 2440 3419 2512 quasi
3450 2455 3578 2505 non,

1991 2534 2035 2588 si
2090 2533 2223 2588 rami
2290 2532 2424 2587 salvi
2454 2531 2600 2596 ﬁant,
2632 2541 2685 2588 et
2738 2532 2886 2586 radix
2917 2533 3062 2587 salva
3091 2531 3178 2586 sit.
3223 2534 3580 2586 Accesserunt

1989 2622 2076 2676 alii
2127 2621 2378 2686 haeretici,
2411 2621 2502 2692 qui
2550 2621 2802 2676 dicuntur
2830 2622 3068 2677 secundu
3089 2639 3120 2673 n
3153 2621 3394 2694 Phrygas
3427 2619 3572 2691 (90);

1990 2709 2084 2764 scd
2119 2714 2306 2764 horum
2350 2725 2455 2764 non
2491 2724 2600 2764 una
2628 2709 2870 2764 doctrina
2898 2719 3000 2764 est.
3033 2708 3167 2763 Sunt
3196 2708 3340 2763 enim
3367 2707 3460 2778 qui
3487 2727 3580 2760 aa-

1986 2799 2049 2852 τὰ
2079 2797 2330 2854 Proclum
2362 2797 2629 2864 dicuntur,
2659 2806 2783 2852 sunt
2809 2797 2900 2869 qui
2949 2797 3242 2853 secundum
3273 2796 3578 2852 Eschinem

1986 2885 2402 2957 pronuntiantur
2454 2886 2592 2955 (91).
2654 2886 2719 2940 Hi
2775 2887 2974 2941 habent
3027 2886 3181 2941 aliam
3237 2901 3576 2942 communem

309 2966 650 3041 Evangelium
705 2975 880 3040 docet;
942 2971 1036 3027 sed
1093 2988 1158 3028 eo
1214 2974 1362 3044 quod
1419 2989 1450 3029 e
1506 2953 1880 3046 superioribus
1910 2953 1954 3029 ο
1987 2953 2397 3044 blasphemiam,
2429 2953 2586 3027 aliam
2632 2973 3021 3043 blasphemiam
3067 2989 3174 3030 non
3207 2988 3573 3038 communem,

1689 3098 2186 3161 Commentarius.

359 3201 473 3271 ('19)
499 3202 645 3258 Post
673 3201 819 3277 hunc
845 3202 1157 3277 discipulus
1187 3207 1307 3277 ejus
1337 3207 1567 3263 emersit
1604 3205 1872 3261 Marcion.

293 3273 335 3356 ξ
359 3289 392 3356 _a
420 3282 580 3354 patre
629 3275 848 3353 proprio
877 3273 1229 3356 obhstupruni
1258 3277 1524 3356 Ecclesia_
1543 3278 1734 3356 pulsus
1770 3286 1872 3356 est.

291 3342 436 3419 Pater
462 3342 929 3419 enimIepisoopus
957 3342 1086 3413 fuit,
1126 3363 1357 3419 cumque
1413 3342 1600 3403 multis
1657 3347 1870 3418 suppli-

287 3413 592 3488 cationibus
625 3413 1004 3472 in‘Eccl'esiam
1033 3418 1239 3472 admitti
1271 3413 1357 3471 'ab
1392 3419 1583 3472 eodem
1614 3413 1741 3488 non'
1765 3413 1872 3488 po—

289 3486 492 3560 tuisset,
527 3487 758 3541 Bootam
803 3489 985 3560 petiit,
1018 3488 1111 3544 ubi
1140 3491 1204 3543 ab
1243 3488 1553 3560 apostolicis
1594 3487 1729 3542 viris
1756 3486 1874 3560 pari

285 3556 484 3611 ratione
511 3560 746 3626 ejectus.
790 3556 921 3626 Quae
951 3576 1072 3615 cum
1129 3556 1600 3624 animadverteret,
1652 3560 1706 3612 in
1739 3556 1872 3615 Cer-

284 3627 430 3700 donis
470 3627 831 3700 deliramenta
873 3633 1053 3699 jurat‘c
1081 3631 1265 3700 Cthit,
1297 3637 1350 3684 et
1377 3632 1520 3686 illius
1551 3631 1874 3699 imposturas

283 3698 556 3772 amplecti.
593 3699 694 3772 De,
718 3698 909 3756 eodem
960 3698 1316 3767 ferunt,‘cnm
1349 3702 1448 3756 sub
1476 3698 1703 3756 Aniceto
1735 3717 1872 3772 pon-

285 3768 417 3824 tiiiCe
443 3769 642 3824 Romae
669 3771 731 3824 B.
760 3771 1054 3842 Polycarpo
1077 3781 1406 3838 occurreret,
1432 3773 1500 3826 ab
1523 3788 1587 3826 eo
1628 3768 1871 3842 peti-isse,

280 3854 496 3915 aneum
541 3850 753 3915 nosset,
775 3843 1122 3915 respondisse
1159 3843 1218 3896 Β.
1248 3843 1598 3915 Polycarpum
1630 3861 1643 3897 :
1682 3862 1707 3893 α
1742 3844 1877 3900 Novi

278 3913 727 3982 primogenitum
757 3913 1008 3969 Satanae.
1042 3933 1067 3963 ι
1100 3914 1178 3969 LE
1209 3915 1306 3971 Pa.

341 3985 458 4058 (8ο)
493 3984 765 4058 Marcion,
777 3987 1022 4058 episcopi
1047 3985 1208 4054 ﬁlius
1235 3988 1469 4058 prapter
1496 3989 1759 4058 stuprum
1779 4001 1874 4058 cu-

270 4052 499 4126 jusdam
549 4052 852 4126 virg.Haéc
882 4052 1055 4109 etiam
1100 4052 1278 4110 narrat
1305 4052 1655 4126 Epiphanius.
1693 4055 1873 4125 Septi-

276 4123 411 4201 mius
455 4123 655 4201 tamen
685 4125 824 4201 libro
880 4126 948 4183 de
987 4129 1312 4201 Prrescript.
1350 4123 1780 4201 haereticorum,
1822 4133 1878 4182 et

275 4193 417 4267 libris
472 4195 755 4252 adversus
791 4196 974 4267 ipsum
1033 4193 1389 4262 Marcionem,
1451 4198 1537 4252 ubi
1594 4199 1662 4252 de
1703 4199 1874 4265 ejecto

271 4265 563 4331 Marcione,
601 4281 666 4340 ac
687 4336 697 4340 _
721 4268 785 4320 de
818 4265 944 4336 ejus
991 4267 1208 4338 ﬂagitiis
1238 4268 1470 4340 plurima
1499 4267 1716 4340 disserit
1762 4281 1875 4324 stu-

270 4346 426 4410 prata:
485 4336 732 4410 virginis
781 4354 893 4410 non,
944 4336 1208 4396 meminit.
1238 4336 1396 4395 Unde
1451 4339 1661 4410 opinari
1697 4341 1872 4410 liceat,

2052 3203 2171 3274 (83),
2227 3204 2492 3274 Lucanus
2533 3201 2783 3274 quidam,
2817 3202 3048 3274 etc.rllic
3076 3203 3161 3274 ide
3188 3218 3309 3274 suo
3355 3202 3574 3259 nomine

1983 3272 2289 3329 Lucanistas
2307 3272 2513 3329 habuit.
2542 3272 2642 3327 Est
2670 3283 2848 3329 autem
2895 3273 3030 3329 alter
3072 3272 3337 3329 Lucianus
3363 3274 3582 3330 nomine
3681 3291 3683 3296 ·

1982 3345 2267 3401 Marcionis
2323 3344 2640 3416 discipulus,
2688 3360 2724 3401 a
2770 3359 2878 3417 quo
2941 3344 3257 3400 Lucianistae
3317 3343 3578 3401 haeretici.

1982 3418 2060 3472 LE
2095 3418 2189 3470 Pa.

2052 3488 2171 3556 (84)
2194 3489 2258 3542 In
2277 3502 2693 3559 carnemsuam
2714 3487 2905 3559 lapsus
2925 3490 3027 3544 est.
3045 3487 3304 3557 Superius
3321 3487 3579 3542 adnotata

1982 3557 2105 3612 vide
2135 3559 2200 3612 ad
2229 3573 2348 3625 capt
2381 3561 2470 3612 30.
2502 3557 2723 3614 Reum.

2055 3631 2166 3697 (85)
2196 3629 2443 3700 Inﬁnitis
2489 3629 2871 3700 superioribus
2918 3628 3440 3700 partibussLegere
3468 3628 3583 3682 vult

2055 3646 2166 3697 tuo)
2196 3646 2443 3696 inﬁmus
2489 3646 2555 3686 su
2596 3646 2871 3686 ertorwus
2918 3646 3204 3700 porticus.
3235 3646 3440 3699 περι-ρ
3468 3646 3583 3682 vuzt

1981 3699 2171 3753 Junius
2221 3699 2460 3767 inﬁniti.
2511 3646 2699 3755 Malim
2753 3714 3010 3769 reponere
3041 3702 3094 3754 in
3131 3699 3380 3768 inﬁnitis
3416 3715 3583 3766 supe-

1982 3770 2224 3827 rioribus
2261 3769 2538 3842 partibus.
2583 3771 2755 3825 Habes
2797 3787 2981 3842 supra,
3013 3772 3072 3825 in
3109 3771 3346 3826 sum-mis
3376 3774 3431 3826 et
3460 3769 3580 3826 illis

1982 3843 2230 3908 inﬁnitis
2259 3841 2536 3912 partibus,
2567 3858 2685 3911 cap.
2720 3858 2781 3909 ιι,
2817 3841 2874 3911 p.
2913 3845 3034 3896 158.
3069 3857 3144 3897 ω.

2055 3917 2168 3980 (86)
2201 3911 2308 3968 Hoc
2338 3913 2462 3984 uult
2488 3912 2688 3969 videri.
2727 3913 3039 3984 Legendum
3074 3914 3227 3980 hinc,
3259 3913 3339 3968 vel
3367 3912 3433 3968 ab
3455 3911 3574 3979 hoc,

1980 3982 2289 4057 Juni_us.,—-_-
2306 3983 2404 4057 _An
2436 3983 2590 4057 huic,
2608 3985 2662 4057 _i.
2683 3999 2731 4037 e.
2756 3982 2825 4057 αὖ
2845 3983 2943 4038 hoc
2965 3983 2992 4037 .9
3021 3984 3272 4039 SEIILEB.
3293 4014 3363 4024 —
3385 3984 3577 4038 Praefe-

1983 4053 2212 4109 rendum
2234 4053 2467 4121 videtur,
2500 4055 2567 4109 ab
2597 4055 2719 4110 hoc.
2752 4056 2970 4110 Reum.

2057 4125 2173 4193 (87)
2201 4125 2540 4181 Animarum
2567 4127 2825 4182 solarum
2853 4127 2994 4182 dicit
3022 4127 3288 4182 salutem.
3309 4127 3390 4180 An
3421 4125 3578 4182 docet

1983 4210 2081 4266 pro
2111 4194 2253 4250 dicit
2283 4197 2575 4267 legendum
2595 4197 2622 4250 δῖ
2645 4212 2719 4250 ID.

2057 4268 2170 4334 (88)
2215 4264 2497 4324 Priuatas.
2555 4267 2878 4322 Esoterieas.
2935 4267 3187 4321 Fortasse
3244 4267 3297 4320 in
3356 4264 3576 4322 vocibus

1984 4335 2353 4408 sequentibus,
2385 4337 2480 4394 sed
2507 4339 3017 4403 extraordinarius,
3052 4353 3153 4408 pro
3191 4338 3287 4393 sed
3335 4337 3575 4394 scriben-

270 4407 470 4485 huncce
524 4407 852 4485 catalogum
869 4409 1256 4485 haereticorum
1291 4407 1546 4485 nonesse
1592 4407 1874 4485 Tertullia4
1908 4407 1953 4485 ι]
1985 4407 2325 4485 demetam.

268 4483 335 4533 ni.
544 4487 614 4535 et
643 4479 735 4553 lib.
769 4479 843 4553 de
857 4482 1184 4553 Prcescript.
1220 4483 1632 4547 hrereticorum,
1655 4481 1873 4537 Marcio-

265 4563 484 4605 nensem
540 4551 937 4623 continentiam
981 4551 1180 4623 laudat,
1213 4563 1264 4607 et
1296 4553 1625 4608 Marcionem
1657 4565 1868 4608 castra-

264 4627 428 4675 torem
474 4622 693 4695 ear-nis
740 4632 1020 4695 nuncupat
1076 4625 1127 4677 in
1171 4622 1449 4695 principio
1479 4623 1745 4680 librorum
1777 4623 1872 4678 ad—

263 4705 440 4766 versus
469 4693 696 4766 ipsum.
737 4694 971 4766 Irenazus
997 4693 1216 4766 quoque
1259 4693 1406 4750 notat
1432 4695 1719 4751 Marcionis
1749 4695 1869 4749 dis-

258 4761 468 4839 cipulos
537 4762 940 4839 continentium
1009 4761 1205 4820 nom-en
1281 4782 1596 4839 usurpasse,
1643 4767 1871 4838 nuptias

259 4832 574 4889 damnasse.
619 4833 740 4888 Bia.

321 4907 439 4977 (81)
473 4907 587 4961 Hic
622 4922 694 4961 ea:
729 4907 1036 4977 occasione,
1069 4916 1172 4963 etc.
1207 4907 1357 4964 Hunc
1386 4908 1680 4977 Scriptura:
1700 4922 1868 4963 sacrae

257 4975 429 5051 locum
460 4994 605 5051 curn
650 4975 947 5051 quaestione
999 4980 1067 5051 de
1098 4979 1306 5051 origine
1336 4981 1472 5034 male
1514 4975 1870 5051 'conjungens

256 5046 679 5121 Marcioniduos
720 5049 870 5113 deos,
903 5046 1212 5104 Cerdonem
1263 5051 1523 5118 imitatus,
1586 5046 1870 5121 preptErea

257 5120 455 5174 statuit.
485 5120 728 5175 Rourn.

318 5191 431 5259 (82)
466 5189 697 5246 Eadem
722 5187 928 5246 dicere.
957 5191 1134 5259 Forte,
1168 5191 1358 5249 eadem
1384 5191 1591 5255 dicens,
1627 5189 1728 5244 nisi
1747 5191 1871 5260 quis

259 5255 380 5333 forte
412 5255 593 5322 'velit,
628 5261 932 5333 eademque
976 5255 1170 5318 dicere.
1199 5263 1412 5318 .IUNIUS.
1466 5262 1540 5315 [ta
1578 5255 1873 5317 Rhenanus

258 5332 442 5388 eadem
507 5333 715 5388 dicere
759 5332 988 5387 retinere
1015 5333 1283 5402 voluerat,
1323 5334 1489 5389 verbo
1520 5338 1758 5390 conatus
1789 5337 1871 5389 est

259 5402 810 5474 exyprazcedentibus
833 5403 1145 5459 subaudito.
1168 5403 1434 5474 Supplere
1454 5409 1509 5460 et
1527 5413 1649 5461 ante
1677 5405 1872 5460 eadem

260 5473 364 5527 vult
393 5476 706 5530 adnotator
733 5475 801 5529 ad
847 5474 978 5529 edit.
1009 5473 1333 5532 Romanam.
1369 5474 1472 5530 Sed
1499 5475 1730 5533 fortasse
1775 5491 1872 5532 ea-

261 5540 376 5600 dem
408 5546 626 5602 dicens
665 5544 1063 5617 praeferendum
1092 5554 1199 5604 est.
1229 5547 1450 5604 Roma.

2049 4478 2432 4552 (89),Accedi_t
2484 4478 2751 4552 Tatianus
2779 4477 3027 4552 quidam.
3079 4477 3217 4552 Fuit_
3245 4478 3330 4531 hic
3375 4477 3571 4552 Just‘ini

1977 4547 2230 4620 Martyris
2284 4549 2600 4620 discipulus,
2669 4563 2731 4620 ac
2785 4547 3023 4620 quandiu
3081 4547 3332 4620 magister
3400 4548 3573 4616 ipsius

1979 4617 2135 4684 vixit,
2176 4627 2242 4674 de
2273 4617 2528 4692 religione
2556 4635 2618 4673 ac
2661 4617 2766 4672 ﬁde
2793 4617 2992 4688 optimc
3019 4617 3218 4692 sentire
3247 4617 3414 4692 visus
3452 4625 3568 4692 est;

1978 4693 2170 4746 eodem
2227 4687 2408 4745 autem
2469 4701 2698 4754 mortuo,
2756 4687 2934 4744 tednas
2996 4698 3050 4743 et
3091 4687 3350 4744 Valentini
3404 4687 3574 4759 impia

1978 4764 2231 4834 dogmata
2259 4772 2476 4834 secutus
2505 4769 2606 4816 est.
2639 4760 2715 4834 LE
2748 4759 2842 4816 Pa.

2051 4827 2169 4904 ('90)
2218 4832 2534 4889 Secundum
2583 4833 2846 4904 Phrygas.
2899 4827 3067 4904 Unico
3112 4829 3567 4904 vocabuloCata-

1979 4900 2511 4984 phryﬁ'te'dicuntur
2575 4900 2835 4984 haeretici,
2901 4901 3162 4984 quoniam.
3217 4900 3273 4955 in
3330 4903 3569 4984 Phrygia

1979 4972 2262 5047 (inferiori,
2319 4975 2481 5038 Edd.)
2540 4974 2872 5047 potissimum
2921 4972 3165 5047 'grasSati
3223 4981 3366 5047 sunt.
3418 4972 3602 5047 Illius

1981 5043 2252 5102 haereseos
2275 5061 2519 5101 auctores
2542 5043 2613 5100 ex
2651 5061 2714 5100 ea
2750 5045 2969 5101 fuerunt
3002 5043 3290 5114 provincia.
3333 5046 3568 5115 Apelles,

1979 5120 2281 5182 Montanus,
2330 5123 2382 5170 et
2427 5115 2600 5186 ipsius
2648 5115 2984 5187 prephetissa
3034 5115 3236 5181 Prisca,
3286 5132 3381 5172 seu
3421 5116 3569 5187 Pris-

1979 5189 2121 5254 crlla,
2166 5199 2218 5242 et
2245 5185 2556 5260 maximilla,
2603 5185 2901 5257 imperante
2942 5186 3234 5244 Commodo
3263 5199 3314 5242 ct
3349 5185 3567 5260 pontifi-

1979 5276 2039 5316 ce
2068 5261 2260 5314 Sotere
2289 5257 2608 5314 ﬂoruerunt.
2643 5261 2718 5314 Le
2760 5260 2856 5314 Pa.

2048 5332 2164 5400 (91)
2183 5331 2329 5406 Sunt
2349 5333 2502 5388 enim
2523 5332 2709 5406 qui—1
2721 5329 3067 5406 dicantur—
3082 5329 3556 5406 pronuntientur.

1977 5401 2034 5479 _Si
2059 5397 2193 5479 quid
2226 5400 2385 5479 refert
2429 5397 2648 5479 me'hoc
2687 5402 2897 5470 fecisse,
2930 5397 3176 5479 revocavi
3205 5416 3271 5479 ex
3301 5397 3560 5479 editioni-

1978 5466 2096 5527 bus'
2119 5472 2365 5530 Rhenani
2395 5483 2449 5528 et
2471 5474 2719 5549 _Pa_risiua
2764 5466 2992 5549 utraque
3043 5471 3318 5549 dicantur
3347 5466 3558 5549 prodi-

1977 5549 2214 5612 cuntur,
2242 5554 2298 5600 et
2323 5561 2390 5600 ex
2418 5546 2506 5600 ed.
2536 5543 2782 5600 Rhenani
2811 5541 3000 5597 ultima
3038 5551 3095 5596 et
3129 5541 3368 5595 Parisina
3414 5544 3564 5595 utra-
