4036 6172
446 259 512 319 91
1572 249 2018 313 TERTULLIANI
2054 246 2323 308 OPERUM
2362 248 2529 309 PARS
2567 252 2630 312 ll.
3672 249 3747 307 92

446 387 542 444 sed
583 385 911 455 peculiarem
961 398 1110 437 suam
1146 400 1159 437 :
1191 390 1245 437 ct
1292 395 1636 437 communem
1691 377 1907 449 quidem
1966 375 2037 430 il-
2072 387 2119 468 Α
2150 373 2365 444 quidem
2420 384 2605 433 sancto
2661 386 2845 432 natum
2897 392 2962 431 ex
3023 373 3266 447 Virgine,
3317 374 3413 429 sed
3472 372 3747 430 hominem

448 477 550 529 lam
585 474 721 543 (92),
754 488 860 543 qua
906 471 962 525 in
989 470 1246 539 apostolis
1291 469 1508 541 quidem
1564 468 1743 523 dicant
1780 463 2041 536 Spiritum

449 571 690 619 sanctum
739 560 929 625 fuisse,
964 559 1294 615 Paracletnm
1327 575 1433 613 non
1483 558 1649 612 fuisse
1691 574 1704 610 :
1737 561 1794 611 et
1818 570 1927 626 qua
1953 552 2043 607 di-

447 660 570 708 cent
607 651 938 706 Paracletum
987 650 1139 719 plura
1196 648 1251 704 in
1306 650 1559 703 Montano
1617 647 1834 711 dixisse,
1882 659 2045 716 quam

453 739 723 796 Christum
783 739 835 793 in
903 737 1250 809 Evangelium
1309 735 1610 806 protulisse,
1672 750 1768 790 nec
1840 741 2046 790 tantum

455 829 625 899 plura,
653 827 748 883 sed
778 826 939 883 etiam
969 825 1193 881 meliora
1222 833 1383 897 atque
1413 824 1636 894 majora.

955 1011 963 1020 .
1033 958 1262 1014 CAPUT
1302 956 1436 1012 LIII.

454 1072 702 1142 Denique
723 1067 1001 1130 Blastum,
1038 1066 1372 1123 Theodotum
1394 1067 1725 1137 utrumque,
1786 1065 2049 1119 Praxean

458 1220 463 1223 _
1009 1160 1061 1213 et
1122 1156 1488 1211 Victorinum.

442 1300 460 1323 ,κ
526 1252 784 1307 Privatam
844 1259 1020 1306 autem
1063 1251 1452 1322 hlaSphemiam
1508 1248 1584 1303 illi
1641 1250 1733 1319 qui
1772 1257 1897 1303 sunt
1924 1247 2050 1300 κατὰ

458 1341 785 1404 ίΕδοιιίηθῐη,
838 1341 982 1394 hanc
1038 1340 1252 1403 habent,
1297 1354 1404 1409 qua
1430 1336 1689 1403 adjiciunt
1716 1337 1873 1393 etiam
1927 1338 2047 1399 hoc,

454 1439 512 1485 ut
540 1430 720 1484 dicant
766 1430 1040 1483 Christum
1092 1429 1269 1497 ipsum
1317 1443 1438 1482 esse
1488 1427 1681 1481 Filium
1738 1438 1794 1482 et
1822 1428 2047 1481 Patrem.

450 1517 546 1583 Est
567 1523 822 1584 praeterea
843 1514 928 1572 his
948 1514 1203 1571 omnibus
1221 1514 1381 1570 etiam
1402 1515 1610 1571 Blastus
1628 1514 1888 1572 accedens
1909 1516 2045 1587 (93),

453 1604 546 1675 qui
616 1604 841 1659 latenter
913 1604 1243 1674 judaismum
1316 1604 1433 1665 vult
1506 1603 1861 1662 introducere.
1950 1605 2047 1659 Pa-

452 1693 581 1747 scha
612 1692 752 1748 enim
784 1692 913 1749 dicit
960 1707 1070 1747 non
1108 1690 1262 1748 aliter
1306 1691 1720 1747 custodiendum
1768 1708 1909 1758 esse,
1943 1693 2041 1748 nisi

445 1782 752 1851 secundum
783 1780 963 1855 legem
1019 1781 1212 1854 Moysi,
1268 1797 1371 1837 xxv
1430 1781 1651 1837 mensis.
1684 1779 1821 1851 Quis
1865 1789 2044 1839 autem

454 1870 680 1937 nesciat,
722 1869 974 1942 quoniam
1012 1868 1322 1941 evangelica
1349 1869 1521 1943 gratia
1564 1879 1873 1943 evacuatur,
1905 1871 1951 1926 si
1980 1871 2047 1926 ad

459 1960 638 2032 legem
685 1959 959 2015 Christum
1008 1958 1271 2030 rediget?
1331 1957 1548 2015 Accedit
1602 1958 1685 2014 his
1737 1959 2051 2016 Theodotus

450 2047 739 2109 haereticus
780 2047 1069 2121 Byzantius
1118 2047 1228 2118 (94)
1265 2064 1279 2101 :
1311 2046 1406 2119 qui
1453 2054 1802 2119 posteaquam
1848 2049 2048 2105 Christi

447 2152 556 2207 pro
620 2136 837 2194 nomine
881 2136 1303 2208 comprehensus
1341 2137 1555 2208 negavit
1598 2138 1729 2208 (95),
1777 2137 1831 2192 in
1888 2137 2047 2193 Chri-

448 2232 599 2287 stum
633 2224 1013 2297 blasphemare
1041 2240 1148 2281 non
1177 2224 1399 2281 destitit.
1444 2224 1752 2281 Doctrinam
1784 2226 1928 2282 enim
1961 2227 2048 2281 in-

457 2314 715 2384 troduxit,
788 2331 897 2387 qua
969 2314 1241 2372 Christum
1322 2315 1597 2371 hominem
1680 2318 2049 2375 tantummodo

455 2402 679 2471 diceret,
735 2404 913 2459 Deum
964 2410 1146 2459 autem
1201 2402 1352 2458 illum
1409 2410 1658 2474 negaret;
1722 2421 1789 2460 ex
1843 2405 2048 2477 Spiritu

2151 462 2462 529 solitarium,
2512 473 2669 535 atque
2717 464 2942 525 nudum,
2993 463 3139 518 nulla
3188 461 3293 517 alia
3346 478 3456 532 prae
3512 462 3747 533 caeteris,

2151 550 2252 605 nisi
2282 552 2399 607 sola
2449 551 2673 621 justitia:
2703 551 3022 608 auctoritate
3078 551 3211 619 (96).
3245 547 3396 605 Alter
3424 556 3551 619 post
3601 550 3749 605 hunc

2153 639 2461 696 Theodotus
2507 639 2787 695 hmreticus
2816 638 3014 708 erupit,
3046 637 3137 709 qui
3181 645 3233 692 et
3281 636 3397 704 ipse
3437 635 3748 692 introduxit

2151 726 2372 781 alteram
2422 735 2643 795 sectam,
2675 736 2728 782 et
2777 725 2955 796 ipsum
3006 725 3282 780 hominem
3313 723 3589 779 Christum
3635 733 3752 780 tan-

2155 814 2434 870 tummodo
2461 814 2594 870 dicit
2640 830 2706 868 ex
2736 813 2940 880 Spiritu
2995 827 3203 877 sancto,
3235 829 3302 868 ex
3333 813 3547 883 virgine
3576 813 3749 869 Maria

2152 912 2471 974 conceptum
2502 902 2701 974 pariter
2730 912 2783 958 et
2836 909 3052 971 natum;
3085 901 3180 958 sed
3237 902 3381 957 hunc
3438 899 3749 956 inferiorem

2155 1008 2277 1048 esse
2302 989 2413 1049 73
2441 1007 2600 1061 quam
2631 990 3043 1055 Melchisedech,
3077 1005 3142 1045 eo
3171 989 3316 1058 quod
3345 989 3543 1043 dictum
3571 989 3641 1043 sit
3686 989 3754 1043 de

2155 1080 2365 1135 Christo
2390 1098 2403 1133 :
2437 1083 2511 1136 Tu
2533 1097 2585 1137 es
2600 1080 2855 1136 sacerdos
2876 1080 2938 1134 in
2961 1082 3249 1136 internum
3272 1077 3587 1135 secundum
3607 1079 3753 1134 ordi-

2154 1186 2287 1226 nem
2320 1167 2707 1225 Melchisedech
2736 1168 2908 1236 (Psal.
2932 1183 3050 1231 etx,
3083 1169 3155 1235 4).
3186 1168 3317 1223 Nam
3352 1166 3501 1221 illum
3530 1165 3754 1222 Melchi-

2157 1257 2356 1312 sedech
2387 1256 2675 1327 principum
2729 1256 2917 1328 gratiae
2950 1256 3228 1313 caelestem
3276 1270 3396 1309 esse
3443 1254 3694 1310 virtutem
3730 1274 3741 1313 :

2156 1361 2221 1401 eo
2262 1346 2404 1416 quod
2433 1356 2557 1416 agat
2579 1344 2822 1398 Christus
2844 1358 2944 1415 pro
2976 1343 3306 1407 hominibus,
3338 1341 3665 1412 deprecator
3693 1351 3746 1399 et

2156 1435 2444 1490 advocatus
2473 1431 2711 1503 ipsorum
2742 1432 2935 1488 factus.
2985 1432 3379 1488 Melchisedech
3430 1430 3604 1486 facere
3646 1448 3745 1502 pro

2155 1520 2473 1578 coelestibus
2499 1519 2710 1593 angelis
2737 1528 2899 1591 atque
2945 1518 3251 1585 virtutibus,
3291 1535 3417 1574 nam
3445 1534 3563 1575 esse
3593 1518 3746 1574 illum

2158 1625 2327 1681 usque
2353 1608 2490 1665 adeo
2534 1609 2745 1665 Christo
2774 1609 3076 1674 meliorem,
3109 1615 3170 1663 ut
3198 1616 3387 1678 apator
3418 1607 3510 1673 sit,
3542 1615 3752 1663 ametor

2155 1697 2243 1762 sit,
2268 1697 2689 1771 agenealogetus
2704 1696 2795 1761 sit,
2819 1694 2919 1753 74
2945 1696 3102 1765 cujus
3123 1710 3298 1766 neque
3315 1694 3549 1761 initium,
3583 1709 3757 1766 neque

2158 1785 2281 1842 ﬁnis
2324 1787 2751 1858 comprehensus
2778 1785 2848 1840 sit
2878 1792 2970 1839 aut
2996 1782 3383 1853 comprehendi
3426 1783 3615 1852 possit.
3646 1783 3754 1838 Sed

2157 1882 2280 1947 post
2308 1875 2409 1931 hos
2457 1890 2643 1931 omnes
2673 1876 2836 1929 etiam
2874 1874 3107 1929 Praxeas
3134 1872 3352 1944 quidam
3380 1873 3629 1928 haeresim
3657 1871 3749 1927 in-

2161 1963 2413 2029 troduxit,
2443 1979 2609 2035 quam
2640 1962 2948 2020 Victorinus
2993 1962 3106 2033 (9’7)
3144 1961 3496 2017 corroborare
3525 1960 3751 2017 curavit.

2158 2052 2259 2109 Hic
2302 2054 2473 2109 Deum
2532 2053 2742 2109 Patrem
2798 2050 3222 2121 omnipotentem
3257 2049 3445 2105 Jesum
3485 2049 3755 2105 Christum

2158 2158 2279 2198 esse
2316 2141 2488 2211 dicit;
2539 2142 2686 2196 hunc
2733 2139 3051 2198 cruciﬁxum
3102 2154 3432 2212 passumque
3477 2140 3760 2194 contendit

2157 2240 2214 2286 et
2243 2239 2511 2287 mortuum
2543 2248 2557 2285 :
2594 2237 2852 2301 praeterea
2882 2230 3121 2299 seipsum
3160 2228 3262 2283 sibi
3305 2228 3498 2283 sedere
3526 2227 3595 2281 ad
3621 2227 3756 2282 dex-

2157 2330 2323 2377 teram
2354 2336 2527 2388 suam,
2572 2335 2694 2377 cum
2752 2318 2976 2392 profana
3025 2324 3079 2375 et
3130 2316 3392 2389 sacrilega
3457 2317 3758 2373 temeritate

2157 2410 2415 2483 proponit
2439 2410 2578 2481 (98).

1848 2529 2350 2599 Commentarios.

456 2652 561 2708 que
610 2634 813 2704 (deﬁcit
842 2635 987 2690 enim
1020 2634 1071 2688 in
1110 2635 1197 2690 ed.
1249 2633 1490 2708 principe
1522 2635 1749 2708 alterum
1786 2638 2046 2695 orationis

456 2706 778 2776 membrum)
801 2776 811 2780 _
832 2708 1286 2780 pronuntientur
1341 2706 1440 2777 pro
1470 2706 1760 2780 indicativo
1790 2725 2043 2780 pronun-

458 2781 707 2835 tiantur.
733 2776 943 2832 Primus
974 2778 1234 2833 Pamelius
1256 2792 1321 2832 ex
1346 2776 1461 2832 ms.
1490 2778 1746 2836 Vaticano
1766 2776 2052 2838 dicuntur

458 2850 749 2906 substituit.
772 2850 986 2905 Roum.

529 2921 639 2993 (92)
668 2924 737 2994 Et
787 2936 1148 2994 communem
1175 2919 1400 2994 quidem
1438 2921 1622 2994 illam.
1656 2921 1846 2978 Melius
1886 2923 2048 2980 abes-

460 2991 545 3046 Set
590 2991 851 3063 particula
904 2994 978 3057 et,
1042 2991 1261 3063 fortasse
1313 3007 1375 3046 ex
1411 2992 1761 3063 praecedente,
1801 2996 1857 3048 et
1912 3004 2046 3062 orta,

458 3079 576 3134 qua:
594 3062 822 3134 quidem
878 3078 909 3115 a
939 3062 1145 3134 Priorio
1192 3062 1255 3134 in
1314 3062 1547 3117 editione
1602 3079 1697 3134 sua
1751 3062 2051 3133 Rigaltiana

458 3133 513 3189 et
541 3151 571 3188 a
600 3133 841 3191 Romano
869 3133 1071 3189 editore
1102 3133 1239 3187 male
1266 3134 1466 3187 omissa
1495 3142 1591 3188 est.
1626 3133 1839 3189 Roum.

530 3206 642 3276 (93)
672 3206 889 3262 Blastus
926 3203 1211 3268 accedens,
1230 3213 1344 3276 etc.
1379 3204 1449 3276 Ut
1476 3221 1542 3257 ex
1588 3204 1788 3259 Irenaeo
1817 3213 2045 3276 constat,
2079 3192 2122 3270 Β

459 3274 695 3333 Blastum
740 3291 1018 3346 separasse
1046 3290 1106 3331 se
1130 3276 1198 3329 ab
1226 3274 1491 3341 Ecclesia,
1523 3277 1723 3346 quippe
1753 3292 1872 3329 cum
1903 3274 2044 3331 idem

458 3355 676 3402 sanctus
734 3345 884 3417 pater
937 3345 1214 3415 epistolam
1238 3346 1327 3417 ad
1366 3360 1489 3417 eum
1520 3345 1725 3417 miserit
1753 3349 1830 3401 De
1862 3347 2045 3404 Schis-

460 3424 614 3475 mate
667 3414 1025 3485 inscriptam;
1075 3416 1143 3468 ita
1201 3414 1436 3469 vicissim
1483 3431 1549 3470 ex
1587 3416 1689 3471 hoc
1730 3418 1846 3471 loco
1885 3434 2046 3473 causa

461 3490 690 3553 eruitur,
719 3503 816 3543 cur
846 3487 935 3541 hic
988 3487 1149 3541 homo
1176 3501 1245 3557 se
1287 3486 1637 3557 separaverit.
1668 3487 1917 3543 Nondum
1950 3505 2046 3543 ve-

462 3576 522 3614 ro
578 3559 799 3614 Asiatici
862 3556 1460 3628 Quartadecimani’ob
1510 3567 1719 3628 tempus
1770 3560 1874 3613 sibi
1933 3558 2048 3615 fere

462 3630 739 3701 prOprium
782 3627 1036 3701 servandi
1077 3628 1353 3701 paschalis
1397 3632 1465 3682 ab
1506 3627 1743 3701 Ecclesia
1775 3631 2047 3686 schisma-

464 3699 807 3764 tici‘judicati
855 3709 1025 3752 erant.
1076 3699 1157 3752 De
1200 3699 1377 3753 Blasto
1408 3699 1597 3753 confer
1640 3701 1855 3756 Eusebii
1903 3703 2045 3757 Hist.

468 3772 613 3827 Eccl.
646 3788 696 3838 γ,
760 3774 846 3836 15,
877 3774 967 3838 20,
998 3778 1053 3825 et
1080 3777 1262 3824 notam
1318 3786 1481 3843 supra
1515 3771 1583 3825 ad
1625 3769 1832 3828 Ianum
1862 3771 2049 3829 Faxo-

461 3857 715 3905 usmuu.
749 3859 799 3911 p.
834 3844 922 3895 39.
955 3856 1030 3896 in.

533 3916 647 3984 (6h)
675 3909 899 3985 Accedit
929 3909 1693 3985 hisiTheodotus,htereticus
1725 3916 2047 3985 Byzantius.

466 3983 736 4040 Coriarius
765 3983 851 4037 hic
889 3984 984 4038 fuit
1011 3984 1322 4054 Byzantius.
1381 3984 1572 4039 Differt
1619 3983 1797 4040 autem
1850 3986 1917 4039 ab
1947 3988 2052 4041 alio

463 4056 747 4129 Theodoto
803 4056 871 4129 de
923 4069 1032 4126 quo
1083 4069 1205 4109 mox
1268 4055 1503 4129 loquitur
1539 4056 1919 4129 Tertullianus,
1959 4056 2052 4129 qui

464 4124 1061 4183 Melchisedecianorum
1136 4124 1350 4181 auctor’
1380 4124 1499 4180 fuit.
1561 4127 1818 4182 Dicebant
1874 4124 2052 4183 autem

468 4199 522 4253 hi
551 4197 784 4253 haeretici
829 4197 1100 4252 Christum
1141 4196 1261 4265 ipso
1315 4198 1695 4253 Melchisedech
1747 4198 2053 4254 inferiorem

464 4269 652 4337 fuisse,
685 4270 936 4339 quoniam
989 4266 1373 4339 Melchisedech
1429 4268 1545 4323 sine
1599 4277 1749 4339 patre
1805 4277 1860 4325 et
1890 4277 2055 4325 matre

467 4340 635 4396 fuisse
705 4337 923 4402 dicitur,
985 4337 1249 4393 Christum
1316 4354 1446 4394 vero
1514 4337 1741 4395 mairem
1798 4340 2054 4396 habuisse

467 4409 816 4484 evangelista;
849 4425 1052 4484 omnes
1079 4420 1131 4465 et
1167 4409 1415 4466 universa
1468 4410 1739 4482 Scriptura
1788 4427 1851 4467 ac
1883 4412 2053 4467 tradi-

469 4483 544 4539 tio
572 4481 813 4538 testatur.
846 4481 923 4535 Ls
953 4481 1050 4536 Pa.

538 4554 654 4637 (9.5)
686 4553 977 4635 Chrisium
995 4569 1098 4635 pro
1117 4553 1359 4637 nomine
1384 4554 1770 4635 apprehensus
1806 4556 2049 4637 negavit.

470 4623 733 4697 Editionis
784 4623 1043 4694 principis
1117 4623 1709 4691 lectionem—revocavi,
1765 4626 1833 4680 ad
1880 4623 2046 4697 quam

468 4696 672 4753 notavit
708 4695 1018 4761 Rhenanus,
1070 4710 1170 4766 pro
1225 4700 1462 4761 nomine,
1515 4697 1616 4751 hoc
1663 4703 1762 4761 est,
1822 4695 2054 4765 obpro-

471 4768 759 4840 fessionem
787 4766 1022 4840 nominis
1076 4766 1381 4840 Christiani.
1434 4766 1570 4822 Nam
1628 4767 1771 4840 istud
1823 4767 2054 4840 autem

469 4839 712 4907 ὀνόματος
764 4838 1052 4910 subaudito
1097 4842 1187 4891 τοῦ
1231 4838 1459 4910 Χριστοῦ,
1496 4838 1705 4910 phrasis
1753 4847 1837 4894 est
1883 4838 2055 4909 serip-

474 4911 678 4982 toribus
715 4908 1010 4982 veteribus
1037 4908 1300 4982 solennis,
1333 4926 1452 4980 quae
1481 4908 1696 4982 sumpta
1724 4908 2056 4982 exscriptu-

474 4996 535 5035 ra
563 4980 618 5035 S.
654 4979 908 5054 _videtu_r.
952 4979 1163 5054 Vide_sis
1198 4982 1486 5054 Reliquias
1520 4979 1833 5054 ,Sa'cravol.
1877 4980 1966 5043 III,
2002 4998 2054 5050 p.

474 5055 600 5118 353,
651 5050 703 5104 in
763 5050 905 5106 notis
954 5051 1017 5105 ad
1076 5052 1133 5106 S.
1193 5050 1408 5106 Petrum
1466 5053 1621 5107 Alex.
1683 5052 2055 5105 Verumtamen

477 5130 668 5195 postea
725 5122 1014 5195 Rhenanus
1063 5122 1117 5177 in
1166 5123 1350 5178 ultima
1395 5138 1491 5195 sua
1521 5122 1751 5195 editione
1788 5124 1903 5195 haec
1932 5123 2060 5176 sub-

472 5191 663 5261 stituit,
722 5210 747 5245 r
809 5191 914 5261 Qui
971 5204 1313 5264 posteaquam
1343 5193 1536 5249 Christi
1584 5207 1681 5263 pro
1712 5193 1929 5248 nomine
1960 5209 2060 5259 ap-

476 5268 775 5325 prehensus
804 5276 886 5320 est
913 5265 967 5319 in
1013 5265 1284 5321 Christum
1332 5266 1713 5334 blasphemare
1745 5279 1852 5319 non
1890 5264 2061 5319 desti-

477 5337 554 5393 tit.
591 5358 614 5387 »
643 5337 825 5394 Exstat
855 5340 966 5394 hinc
987 5337 1142 5393 lectio
1163 5336 1215 5392 in
1238 5334 1693 5407 subsequentibus
1715 5334 2061 5392 editionibus.

2157 2642 2363 2696 Deinde
2394 2638 2659 2696 Pamelius
2689 2654 2754 2693 ex
2783 2637 2972 2695 codice
3001 2636 3170 2693 edidit
3199 2636 3459 2695 Vaticano
3494 2655 3506 2691 :
3537 2660 3559 2687 ι
3595 2635 3747 2691 Citri-

2158 2712 2230 2767 sti
2284 2728 2380 2783 pro
2420 2711 2631 2783 nomine
2657 2710 3078 2783 comprehensos
3109 2710 3341 2783 negavit.
3372 2728 3400 2783 ρ
3429 2709 3747 2783 Hocsecu-

2161 2790 2245 2855 tus
2282 2777 2360 2837 est
2388 2781 2675 2855 Rigaltius.
2707 2777 2973 2855 Voluerat
2999 2777 3218 2855 quoque
3272 2778 3512 2855 Latinius
3563 2777 3747 2855 legere

2162 2854 2374 2927 Christi
2396 2849 2500 2927 pro
2519 2854 2769 2927 nomine,
2786 2868 2893 2927 non
2915 2849 3206 2927 Christum
3222 2867 3323 2923 pro
3346 2852 3614 2927 nomi_ne._
3634 2849 3744 2927 Sed

2160 2927 2259 2982 hac
2312 2920 2476 2980 de're
2515 2924 2670 2978 aliter
2696 2920 2902 2991 sentio;
2964 2932 3017 2977 et
3060 2923 3175 2993 ipsa
3222 2920 3442 2993 quoque
3488 2920 3745 2993 lectionis

2161 3012 2284 3068 quas
2332 3001 2508 3051 exstat
2549 2995 2784 3050 varietas
2814 2989 3214 3068 exicorrupiela
3244 2989 3529 3068 locutionis
3558 3006 3746 3062 parum

2160 3064 2445 3122 intellectae
2492 3072 2608 3121 orta
2649 3081 2768 3119 esse
2814 3064 3041 3119 videtur.
3076 3064 3306 3117 ’Phrasis
3353 3064 3512 3132 hujus
3558 3077 3748 3115 exem-

2159 3139 2306 3207 plum
2340 3145 2514 3191 exstat
2541 3136 2595 3190 in
2616 3134 2929 3190 Tertulliani
2959 3135 3095 3188 libro
3116 3136 3191 3189 De
3214 3133 3524 3207 Patientia,
3548 3146 3748 3207 nomen

2152 3201 2537 3290 cnum‘fam’ilia
2571 3207 2750 3290 ipsius
2792 3207 3205 3290 persequentes,
3237 3218 3355 3272 cap.
3391 3205 3456 3271 2;
3481 3201 3615 3290 et'in
3648 3202 3745 3255 lib.

2162 3274 2371 3335 Contra
2415 3274 2719 3339 Gnosticos,
2769 3274 2888 3346 cap.
2943 3274 3002 3331 Ii.
3040 3277 3120 3330 Ad
3153 3288 3336 3328 vocem
3364 3274 3750 3346 apprehensus

2152 3349 2301 3421 quod
2330 3349 2536 3418 attinet,
2588 3351 2754 3421 verba
2776 3344 2985 3421 habes,
3018 3349 3085 3421 ut
3113 3344 3512 3421 apprehensum
3553 3344 3749 3421 Domi-

2153 3415 2299 3476 num
2353 3415 2740 3486 destituerint,
2774 3416 2825 3471 in
2868 3433 2988 3485 cap.
3022 3418 3122 3471 ult.
3150 3415 3303 3470 'libri
3342 3415 3409 3471 de
3441 3415 3745 3487 Baptistae.

2155 3492 2418 3546 Caeterum
2449 3491 2606 3545 refert
2636 3483 2918 3562 Rigaliius,
2938 3483 3296 3562 emendatum
3344 3503 3376 3541 a
3422 3501 3481 3541 se
3514 3483 3749 3562 'esseili-

2156 3564 2311 3617 brum
2351 3563 2417 3619 de
2447 3563 2683 3617 Prcescr.
2705 3557 2932 3616 "Havet.
2966 3558 3097 3615 locis
3126 3558 3368 3629 quinque
3396 3564 3447 3610 et
3475 3557 3749 3629 nonagin-

2159 3640 2208 3687 ta
2238 3649 2304 3688 ex
2359 3632 2640 3689 codicibus
2693 3630 2973 3698 Agobardi
3029 3640 3081 3684 et
3128 3625 3333 3685 Ursini.
3387 3629 3499 3698 Ego
3556 3625 3753 3680 in'illo

2159 3710 2382 3759 tractatu
2431 3719 2550 3756 eum
2599 3703 2702 3756 hoc
2748 3700 2929 3756 libello
2981 3700 3142 3753 simul
3175 3701 3462 3765 conjuncto
3493 3714 3522 3750 a
3554 3712 3739 3753 recen-

2158 3776 2311 3830 sione
2340 3774 2639 3843 Rigaltiana
2669 3774 2789 3843 p’us
2818 3770 3062 3843 octogies
3082 3769 3328 3843 discessi:
3359 3783 3433 3843 in.

2233 3844 2347 3914 (96)
2378 3837 2541 3918 Mulio
2569 3837 2693 3918 alio
2706 3837 3075 3918 prgcwkﬂs
3104 3839 3218 3918 nisi
3247 3837 3623 3918 selajustitioe
3641 3854 3753 3892 an-

2159 3910 2443 3971 cto'rit'ate.
2479 3915 2565 3970 Sic
2596 3910 2721 3967 edd?
2780 3910 3140 3967 Rhenaniame
3168 3917 3225 3963 et
3275 3910 3439 3963 Paris.
3476 3916 3701 3979 utraque
3735 3925 3749 3961 :

2159 3987 2328 4042 nulla
2356 3986 2473 4041 alia
2501 3984 2652 4039 editt.
2688 3981 2907 4036 Franek.
2942 3992 2995 4035 et
3034 3979 3359 4052 Rigaltiana.
3390 3978 3749 4052 Scribendum

2161 4057 2391 4127 videtur,
2428 4075 2450 4105 ι
2493 4055 2644 4127 nullo
2665 4053 2769 4108 alio
2796 4048 3217 4125 prwcelleniem
3242 4049 3473 4115 caeteris,
3508 4049 3608 4105 nisi
3638 4048 3754 4103 sola

2158 4126 2387 4198 justitize
2410 4126 2741 4181 auctoritate.
2756 4143 2804 4198 in

2234 4199 2347 4270 (97)
2389 4199 2720 4254 Victorinus.
2753 4197 2828 4250 De
2852 4196 2955 4270 hoc
2984 4191 3261 4270 Victorino
3284 4191 3417 4270 nihil
3446 4190 3589 4270 apud
3620 4188 3755 4244 alios

2164 4261 2477 4342 scriptores.
2514 4278 2844 4324 Annorum
2876 4266 2954 4342 ed
3002 4266 3131 4342 edit.
3165 4264 3323 4333 hujus
3356 4261 3756 4342 iibelli‘itoma-

2165 4332 2309 4395 nam'.
2344 4341 2545 4396 Contra
2594 4342 2845 4395 Praxeam
2876 4332 3245 4390 Tertullianus
3264 4332 3497 4399 scripsit.
3532 4332 3751 4388 Eoum.

2237 4415 2353 4483 (98)
2408 4411 2539 4466 Cum
2582 4411 2640 4483 in
2699 4410 2919 4483 hujusce
2972 4405 3226 4483 editionis
3280 4401 3757 4483 decursuifirmus

2165 4474 2415 4556 ratiisque
2468 4482 2624 4537 nobis
2681 4480 2746 4532 sit
2771 4474 3011 4556 animus,
3059 4474 3385 4556 fragmenta
3414 4481 3676 4556 quotquot
3703 4483 3760 4556 et

2162 4546 2490 4623 ubicumque
2543 4558 2771 4623 exstant,
2818 4546 3110 4601 dummodo
3148 4560 3276 4600 vera
3304 4546 3581 4600 vetustatis
3630 4552 3754 4623 nota

2163 4614 2623 4687 commendentnr,
2657 4621 2711 4675 in
2750 4618 2924 4674 lucem
2974 4632 3042 4671 ne
3082 4623 3317 4687 pereant,
3345 4629 3594 4687 servare
3647 4614 3757 4669 ite-

2166 4710 2391 4769 rumque
2407 4685 2683 4771 c_olligere,
2697 4690 2815 4771 haec
2834 4687 3026 4771 legitur
3039 4686 3222 4771 ultima
3239 4685 3359 4771 libri
3380 4687 3762 4771 Prwscriptio:

2162 4756 2656 4844 num-capita,'seu
2683 4756 3090 4844 haereticorum
3131 4757 3457 4844 catalogtim,
3491 4756 3756 4844 quidquid

2166 4836 2265 4892 viri
2325 4828 2521 4890 summi
2568 4830 2955 4901 clarissimique
3012 4833 3079 4884 de
3152 4829 3279 4901 ejus
3310 4828 3545 4901 ἀἦθεντίᾳ
3602 4842 3766 4901 secus

2166 4905 2455 4971 senserint,
2514 4920 2579 4958 eo
2637 4903 2735 4959 loci
2793 4898 3037 4957 omittere
3077 4899 3321 4972 periculo
3353 4898 3766 4972 duximus_.A__De

2168 4979 2331 5046 hujus
2368 4968 2649 5049 fragmenti
2708 4973 3025 5049 ancioritate
3074 4968 3393 5049 consulendi
3436 4968 3758 5049 suntTille-

2170 5038 2333 5113 mont,
2388 5038 2639 5103 inwnotis
2693 5044 2761 5100 ad
2789 5045 2831 5099 Τ
2839 5042 3108 5097 ei-tullian.
3144 5041 3209 5096 ad
3253 5038 3764 5113 calcem,it.illl,p.

2168 5122 2295 5185 659,
2323 5109 2502 5188 operis
2531 5115 2799 5173 notissimi
2829 5114 3139 5188 (Memgires
3165 5128 3318 5188 pour
3344 5112 3533 5188 servi:
3551 5110 3586 5188 a_
3620 5109 3771 5167 l‘his-

2172 5181 2313 5263 toire
2330 5181 2849 5263 _'e_cclesiastique);'
2872 5181 3363 5263 l{._i'li'ournemine,
3403 5181 3458 5237 in
3488 5182 3766 5263 Epheine-

2168 5262 2269 5388 iiid.
2328 5252 2832 5324 Trivultian.,'an'.'
2894 5257 3052 5319 1703,
3104 5254 3247 5324 jub.,
3299 5252 3466 5327 Aug,
3527 5268 3581 5324 p.
3640 5256 3767 5310 3H.

2220 5349 2315 5388 nn.

2220 5349 2315 5388 υι).
