4036 6172
308 265 367 324 93
1664 254 1751 314 DE
1784 253 2078 314 CORONA.
3443 254 3520 316 94

535 625 674 791 Ω.
809 625 1275 767 SEPT.
1400 625 1901 766 FLOR.
2021 620 3220 764 TERTULLIANI

1588 892 2162 1010 OPERUM
2225 904 2239 920 “

623 1110 1113 1217 ΡΑΒΤΙΒ
1156 1126 2055 1220 POSTERIORIS
2123 1124 2586 1216 SERIES
2659 1126 3109 1217 PRIOR.

1098 1331 1607 1445 LIBRI
1706 1327 2614 1462 POLEMICI,

1236 1541 1323 1595 ΑΒ
1361 1539 1672 1597 AUCTORE
1711 1539 2142 1595 MONTANISTJ
2197 1538 2487 1594 SCRIPTI.

1102 1870 1503 1987 LIBER
1588 1870 1765 1984 DE
1851 1868 2420 1987 CORONA
2513 1848 2628 1985 ⁸).

338 2258 709 2315 Αισσιιιπτσιι.
725 2287 794 2298 -
816 2258 970 2313 Inter
987 2273 1075 2314 eos
1091 2272 1231 2329 quos
1250 2256 1313 2313 in
1333 2256 1704 2315 Montanismo
1724 2258 1987 2314 exaravit
2024 2256 2411 2314 Tertullianus
2434 2257 2624 2322 libros,
2647 2259 2899 2329 primum
2917 2259 3103 2314 locum
3123 2257 3337 2315 obtinet
3377 2256 3518 2312 liber

280 2344 330 2399 de
353 2347 546 2417 Corona,
574 2365 731 2404 anno
760 2345 972 2403 Christi
1002 2345 1116 2402 CCI
1138 2346 1345 2409 editus,
1373 2346 1877 2418 quemadmodum,
1907 2346 2237 2418 perdoctum
2276 2351 2504 2402 secutus
2536 2347 2903 2409 Noesseltum,
2944 2348 3008 2402 in
3035 2363 3139 2402 sua
3196 2345 3517 2418 prowmiali

277 2432 609 2491 dissertatione
639 2440 892 2509 Lumper
938 2424 1258 2491 luculenter
1304 2435 1732 2492 demonstravit.
1778 2436 2135 2492 Occasionem
2175 2434 2453 2492 scribendi
2488 2435 2658 2506 hujus
2689 2438 2977 2491 tractatus
3015 2436 3242 2491 auctori
3266 2435 3513 2506 praebuit

276 2525 435 2579 militis
454 2530 674 2593 [actum
708 2527 869 2596 infra
892 2526 950 2579 in
975 2523 1205 2580 exordio
1237 2525 1524 2596 eleganter
1546 2525 2062 2597 enarratum,quod
2082 2541 2215 2581 cum
2234 2523 2699 2582 Christianorum
2726 2526 2997 2581 nonnulli
3015 2525 3511 2597 reprehenderent,

270 2614 500 2685 militique
515 2616 825 2673 Ecclesium
844 2614 1011 2686 longa
1027 2628 1168 2685 pace
1186 2615 1476 2683 [mentem
1488 2616 1693 2672 temere
1709 2615 1965 2686 periculo
1982 2613 2371 2687 exponendam
2391 2615 2869 2686 improperarent,
2885 2612 2951 2671 de
2967 2619 3171 2672 cetera
3198 2617 3515 2671 asserentes

265 2702 376 2757 hanc
397 2719 656 2761 coronam
684 2708 922 2775 gestare,
954 2717 1071 2759 esse
1097 2706 1505 2758 ornamentum
1530 2719 1638 2758 sua
1663 2709 1870 2760 natura
1890 2720 1989 2760 nec
2015 2705 2245 2767 bonum,
2276 2720 2381 2761 nec
2410 2705 2649 2767 malum,
2666 2704 2816 2760 solus
2855 2704 3259 2766 Tertullianus,
3278 2719 3384 2774 pro
3417 2719 3510 2758 as-

262 2806 360 2860 pero
382 2808 477 2848 suo
496 2794 748 2866 ingenio,
773 2794 910 2848 libro
940 2791 1006 2846 dc
1040 2793 1253 2849 Corona
1276 2793 1486 2864 scripto
1505 2793 1712 2848 militis
1740 2810 1973 2850 causam
2001 2794 2743 2866 propugnanit;acriterque
2771 2796 3023 2865 pastores
3055 2795 3116 2849 in
3142 2807 3278 2864 pace
3310 2792 3515 2856 leones,

260 2882 303 2932 in
315 2884 501 2951 prielio
529 2898 717 2937 servos
742 2883 1070 2944 insectatus,
1085 2884 1221 2952 quia
1240 2884 1320 2938 sic
1338 2884 1601 2939 coronari
1616 2881 1956 2938 idololatria:
1974 2884 2201 2953 signum
2222 2887 2383 2947 esset,
2406 2883 2890 2955 interrogantibus
2908 2899 3157 2955 quonam
3201 2883 3520 2955 Scriptura!

260 2967 346 3022 loco
367 2970 507 3027 tales
535 2986 768 3027 coronas
796 2973 1006 3039 gestare
1028 2968 1441 3041 prohiberetur,
1474 2971 1558 3024 ait
1573 2971 1837 3041 sufﬁcere
1860 2970 2257 3027 traditionem.
2288 2973 2353 3026 In
2381 2970 2481 3027 hoc
2511 2973 2697 3043 itaque
2720 2971 2862 3026 libro
2887 2971 3256 3027 traditionem
3285 2973 3343 3026 et
3384 2987 3516 3027 con-

257 3052 586 3114 suetudinem
616 3074 729 3115 non
756 3058 1100 3114 mediocriter
1129 3060 1380 3122 extollit,
1405 3060 1684 3130 pluraque
1710 3056 1927 3129 profert
1956 3059 2021 3113 de
2042 3060 2390 3114 creremoniis
2418 3059 2681 3129 exempla
2692 3061 2898 3114 notata
2917 3059 3113 3129 digna,
3139 3076 3261 3131 qua:
3288 3075 3361 3115 ex
3397 3065 3516 3115 tra-

260 3144 440 3202 ditione
474 3144 586 3202 75
612 3150 833 3219 recepta
852 3163 963 3204 esse
987 3147 1295 3204 contendit.
1336 3148 1513 3217 Quam
1531 3150 1721 3219 opima
1742 3150 1818 3202 sit
1845 3148 1908 3202 in
1936 3161 1995 3203 eo
2021 3147 2159 3203 libro
2187 3162 2381 3202 rerum
2410 3145 2867 3202 memorabilium
2896 3150 3362 3218 vetustarumque
3390 3163 3522 3203 con-

254 3237 601 3292 suetudinum
622 3237 801 3309 copia,
814 3240 1012 3308 pateat
1040 3252 1112 3292 ea:
1133 3237 1370 3309 ipsomet
1394 3239 1571 3294 totius
1603 3236 1734 3292 libri
1771 3237 2059 3309 synOptico
2087 3239 2409 3308 conspectu.

307 3327 431 3380 Cum
460 3326 645 3397 igitur
667 3329 973 3396 praefracte
1002 3327 1199 3383 sanxit
1227 3341 1494 3383 coronam
1512 3329 1735 3399 gestare
1756 3329 1959 3382 contra
1980 3339 2192 3381 morem
2218 3341 2332 3383 esse
2363 3328 2419 3380 et
2444 3322 2815 3380 traditionem
2842 3321 3319 3384 Christianorum,
3344 3322 3522 3379 obiter

250 3410 478 3468 describit
497 3413 773 3486 baptismi
800 3415 1186 3482 caeremonias,
1207 3414 1306 3469 SS.
1328 3414 1706 3469 Eucharistiae
1716 3418 2095 3480 sacramenta,
2115 3412 2453 3470 oblationem
2465 3429 2566 3484 pro
2587 3412 2894 3482 defunctis,
2922 3428 3023 3485 pro
3050 3410 3343 3467 natalitiis
3358 3426 3517 3464 mar-

249 3503 429 3571 tyrum,
458 3501 819 3557 ﬂaminicam
839 3502 1009 3567 diem,
1022 3503 1339 3574 jejunium,
1372 3503 1559 3559 crucis
1586 3504 1648 3558 in
1669 3504 1862 3573 fronte
1889 3505 2136 3575 signum.

305 3591 442 3655 Tum,
474 3590 549 3646 ad
568 3607 742 3647 suum
771 3607 1003 3663 scopum
1023 3590 1261 3657 rediens,
1289 3594 1440 3647 totus
1468 3593 1529 3646 in
1558 3607 1783 3649 corona:
1810 3608 1977 3648 usum
2006 3590 2517 3664 invehitur,-quem
2545 3591 2666 3647 vult
2698 3589 2784 3645 vel
2816 3594 3024 3646 natura
3062 3588 3372 3662 prohiberi,
3405 3587 3519 3643 imo

242 3679 481 3748 originem
509 3680 764 3737 redolere
792 3682 1269 3752 superstitiosam,
1290 3682 1497 3736 saltem
1525 3682 1817 3737 insuetum
1848 3697 1965 3737 esse
2010 3679 2378 3751 patriarchis,
2407 3677 2719 3752 prophetis,
2753 3680 2960 3742 levitis,
2995 3696 3099 3736 nec
3128 3695 3243 3735 non
3281 3681 3339 3735 et
3372 3682 3516 3735 tem-

241 3766 318 3833 plo
332 3770 441 3832 Dei,
469 3786 630 3826 arcte
655 3771 1010 3834 testamenti,
1047 3769 1431 3825 tabernaculis
1453 3771 1773 3843 martyriis,
1805 3768 2031 3825 demum
2058 3770 2226 3825 nulla
2254 3769 2532 3826 utendum
2549 3783 2663 3825 esse
2695 3784 2920 3832 corona,
2952 3770 3067 3823 sive
3098 3770 3372 3855 milita‘ri,
3405 3768 3521 3824 sive

243 3856 576 3929 triumphali,
605 3858 725 3915 sive
749 3859 1053 3923 castrensi,
1088 3861 1202 3915 sive
1228 3859 1447 3925 laurea,
1475 3874 1720 3916 aureave
1756 3857 2189 3929 magistratibus
2209 3873 2487 3925 concessa,
2508 3858 2621 3914 sive
2646 3873 2852 3915 corona
2883 3857 3119 3923 laetitiie,
3151 3861 3258 3913 aut
3286 3858 3522 3930 nuptia-

243 3957 366 4009 rum,
395 3946 797 4003 libertorumve
826 3948 912 4002 vel
942 3948 1267 4017 agonisticw
1310 3947 1616 4019 palcestrie,
1647 3947 1854 4020 quippe
1882 3963 2014 4002 cum
2046 3951 2264 4003 sertum
2299 3947 2597 4018 spinarum
2626 3946 2799 4002 subiit
2843 3944 3123 4014 Christus,
3149 3945 3521 4002 Christianis-

242 4046 328 4099 que
351 4035 425 4089 sit
453 4037 517 4089 in
544 4036 709 4091 caelis
738 4037 985 4106 reposita
1013 4051 1241 4092 corona.
1276 4034 1416 4091 Enn.

689 4209 801 4268 76
826 4211 1049 4268 CAPUT
1070 4212 1353 4269 PRIMUM.
1922 4211 2141 4275 milites,
2171 4210 2413 4269 laureati.
2453 4211 2755 4269 Adhibetur
2782 4212 3001 4282 quidam
3034 4212 3143 4268 illic
3192 4210 3364 4283 magis
3421 4210 3517 4266 Dei

294 4300 525 4357 Proxime
571 4300 721 4356 facta
759 4308 843 4357 est
898 4301 1188 4357 liberalitas
1238 4300 1809 4372 prmstantissimorum
1921 4301 2096 4371 miles,
2129 4301 2335 4357 caeteris
2376 4303 2705 4358 constantior
2751 4302 3029 4367 fratribus,
3084 4304 3174 4374 qui
3214 4318 3273 4358 se
3309 4301 3520 4358 duobus

235 4386 596 4457 imperatorum
646 4391 800 4460 ‘(2),
858 4394 1305 4463 expungebantnr
1351 4394 1452 4463 (3),
1512 4390 1567 4445 in
1621 4389 1813 4446 castris
1920 4390 2154 4446 dominis
2222 4389 2426 4445 servire
2471 4404 2631 4461 posse
2685 4399 3142 4462 praesumpserant
3197 4393 3298 4461 (4),
3368 4390 3520 4447 solus

1581 4514 1771 4577 Variae
1812 4518 2122 4578 lectiones.

295 4620 409 4675 ιιια
428 4620 617 4696 Rhea.
639 4621 908 4696 etrGelen.
932 4623 1364 4696 exauctqritaw
1383 4621 1504 4677 cod.
1532 4621 1906 4696 Georgiensis.
1929 4622 2136 4677 Junius
2167 4637 2198 4676 e
2218 4638 2322 4696 ms.
2352 4621 2490 4696 facta
2514 4618 2849 4696 liberalitate,
2876 4627 2995 4696 etc:
3031 4618 3231 4696 Hiram
3258 4616 3515 4696 scriptu-

236 4703 343 4814 g3
370 4692 625 4765 protulit
670 4693 792 4763 Rig.
824 4709 845 4746 :
876 4690 1115 4763 proxime
1169 4690 1364 4747 factum
1394 4700 1543 4748 est...
1595 4688 1886 4746 liberalitas
1913 4719 1985 4733 —-
2018 4693 2437 4763 expungebatur
2478 4691 2530 4746 in
2558 4690 2844 4747 castris—
2890 4689 3083 4743 milites
3120 4688 3343 4744 laureati
3393 4688 3513 4741 adi-

1601 4832 2104 4896 Commentarius.

288 4939 357 5006 lt)
389 4943 470 4997 De
518 4956 751 4996 corona.
809 4938 898 4995 Sic
943 4938 1247 4996 inscribitur
1302 4939 1387 4995 hic
1432 4938 1567 4995 liber
1596 4937 1650 4994 in
1682 4939 1803 4995 cod.
1916 4938 2125 4994 racallze
2162 4937 2276 5002 lilii,
2325 4939 2425 4993 sub
2472 4939 2665 5010 quibus
2709 4936 3098 5010 Tertullianum
3149 4936 3407 5010 ﬂoruisch
3449 4939 3511 4995 D.

229 5009 508 5079 Agobardi,
541 5027 650 5066 non
681 5011 947 5093 ut‘vulgo,
971 5014 1047 5068 De
1078 5010 1296 5092 Qorona
1318 5011 1542 5093 militis.
1564 5010 1810 5093 ᾔει-νοις·
1919 5011 2281 5093 ﬂieronymus
2308 5008 2502 5066 auctor
2544 5020 2628 5067 cst
2672 5010 2727 5066 in
2773 5009 3026 5065 illustrib.
3056 5008 3309 5066 Ecclesiae
3364 5009 3513 5068 viris.

229 5093 320 5153 [em
348 5098 573 5137 manum
602 5097 667 5153 eo
697 5079 947 5153 libentius
973 5082 1266 5153 sequimur,
1306 5081 1450 5152 quod
1479 5081 1577 5136 etsi
1607 5081 1674 5153 ab
1703 5079 1810 5134 mi-
1919 5081 2103 5138 RHEN.

330 5154 626 5228 cujusdam
647 5151 883 5228 facinore
903 5148 1197 5228 Septimius
1218 5148 1556 5228 occasionem
1573 5151 1812 5207 scribcn-
1920 5223 1932 5228 _
1993 5155 2082 5228 (3)
2107 5155 2615 5228 Erpungebantur.
2642 5151 2901 5228 Subaudi,
2947 5152 3229 5228 donativo.
3265 5153 3398 5208 Nam
3441 5152 3515 5207 li-

229 5218 270 5273 di
294 5218 611 5296 sumpserit,
648 5232 834 5296 tamen
855 5218 997 5278 haud
1032 5226 1181 5279 solos
1220 5223 1435 5291 milites,
1458 5223 1561 5296 sed
1587 5238 1806 5296 omnem
1918 5218 2213 5296 neralitatis
2239 5218 2375 5296 facta
2404 5232 2487 5281 est
2516 5224 2718 5280 mentio
2750 5243 2763 5279 :
2797 5218 2901 5281 hcc
2926 5232 3009 5279 est
3043 5224 3355 5296 donativum
3389 5238 3514 5291 pro-

228 5293 429 5418 auiae
461 5294 827 5351 Christianum
867 5297 935 5350 ab
979 5310 1197 5352 coronae
1244 5293 1542 5367 gestamine
1570 5293 1805 5365 depellit.
1918 5295 2142 5423 gibssum
2171 5294 2383 5424 Rilitib.
2413 5296 2725 5354 solemniter
2752 5296 3150 5364 exsolvebatur,
3185 5295 3304 5350 sive
3334 5309 3506 5369 praes-

318 5380 536 5421 sums.
2012 5378 2152 5422 atur.
2225 5385 2299 5424 ιθ.

318 5380 536 5421 Αιτιυε.

1918 5374 2152 5423 tabatur.
2176 5374 2298 5424 mc.

288 5434 947 5513 (2)_Pr¢estantissimor.
995 5438 1173 5513 i-mpp.
1216 5434 1482 5513 Videlicet
1507 5434 1590 5513 Ιι..
1616 5433 1804 5513 Septi-
1917 5509 1949 5513 _
1988 5439 2069 5509 (4)
2097 5438 2568 5513 Duobusdominis
2586 5439 2798 5497 servire
2811 5455 2973 5513 posse
3004 5436 3511 5513 praesumpserant.

232 5503 312 5560 ιιιῦ
344 5503 558 5564 Severi
607 5508 776 5580 patris
816 5550 832 5576 ,
886 5516 942 5564 et
994 5503 1322 5565 MC'Aurelii
1380 5503 1650 5562 Antonini
1696 5503 1807 5564 Ca-
1917 5503 2125 5566 Decet
2151 5510 2518 5567 Caesar-Litus.
