4036 6172
443 251 515 309 95
1142 250 1582 311 TERTULLlANl
1625 248 1892 310 OPERUM
1932 249 2097 310 PARS
2136 250 2207 309 ll.
2250 283 2318 292 —
2356 252 2586 311 SERIES
2626 254 2665 318 l,
2709 253 3053 313 POLEMICA.
3668 260 3742 319 96

444 376 614 431 libero
680 373 872 444 capite,
929 384 1313 431 coronamento
1377 376 1431 430 in
1489 392 1647 430 manu
1703 377 1880 431 otioso
1930 377 2033 447 (5).
2070 384 2388 469 Arussatus
2461 377 2742 448 sanguinis
2799 378 2881 434 sui
2964 395 3059 450 spe
3117 379 3273 451 (l2),
3325 383 3595 439 calceatus
3677 387 3744 441 de

449 463 678 536 Vulgata
704 465 816 533 jam
863 472 915 519 et
961 464 1062 519 ista
1094 465 1371 532 disciplina
1412 464 1840 544 Christianorum
1891 468 2035 521 relu-

447 553 601 607 cebat
647 554 687 605 2.
738 554 982 625 Denique
1068 555 1265 626 singuli
1337 554 1644 626 designare,
1713 562 1767 609 et
1824 555 2044 611 eludere

448 638 704 709 eminus,
779 642 1088 699 infrendere
1170 643 1435 701 cominus.
1508 646 1743 699 Murmur
1823 644 2042 698 tribuno

447 730 684 785 defertur
713 730 811 800 (6),
848 741 901 786 et
952 747 1184 801 persona
1221 734 1331 801 jam
1384 749 1449 786 ex
1479 734 1669 788 ordine
1717 740 2035 789 accesserat.

450 818 640 872 Statim
666 820 955 873 tribunus:
993 822 1118 886 Cur,
1153 820 1343 892 inquit,
1382 831 1483 875 tam
1520 821 1769 877 diversus
1801 822 1985 877 habitu
2012 824 2040 876 ?

444 907 673 979 Negavit
700 908 787 963 ille
833 925 955 964 cum
992 910 1204 966 caeteris
1254 911 1355 965 sibi
1410 911 1604 978 licere;
1639 927 1828 967 causas
1874 929 2040 977 expo-

446 996 693 1061 stulatus,
752 996 1088 1053 Christianus
1143 1016 1280 1063 sum,
1356 1002 1651 1070 respondit.
1703 999 1748 1055 Ο
1818 1000 2038 1054 militem

448 1083 502 1137 in
533 1085 645 1140 Deo
676 1088 968 1158 gloriosum
998 1086 1009 1142 !
1034 1088 1299 1163 Suffragia
1330 1089 1545 1159 exinde,
1574 1099 1627 1145 et
1656 1105 1741 1144 res
1768 1090 2038 1158 ampliata,

448 1183 501 1227 et
529 1192 650 1229 reus
686 1177 752 1230 ad
784 1178 1085 1247 praefectos.
1139 1180 1213 1247 (7)
1246 1178 1445 1232 ibidem
1492 1178 1833 1251 gravissimas
1864 1194 2039 1247 penu-

450 1256 526 1318 las
582 1264 780 1334 posuit,
833 1282 871 1317 rt
892 1266 1052 1320 levari
1103 1268 1406 1335 auSpicatus
1472 1268 1571 1334 (8),
1629 1266 2039 1337 speculatoriam

448 1351 868 1407 morosissimam
900 1355 966 1407 ile
996 1354 1232 1425 pedibus
1249 1352 1477 1409 absolvit
1522 1354 1617 1423 (9),
1655 1364 1809 1409 terrae
1840 1365 2039 1410 sanctae

448 1439 693 1494 insistere
738 1441 1016 1513 incipiens,
1077 1443 1314 1516 gladium
1369 1460 1465 1499 nec
1520 1443 1810 1497 Dominicae
1857 1442 2039 1497 defen-

446 1528 585 1582 sioni
628 1532 987 1585 necessarium
1017 1534 1131 1603 (10)
1162 1533 1392 1587 reddidit
1421 1533 1644 1604 (Matth.
1695 1548 1854 1600 xxvr,
1885 1533 1976 1603 52)
2013 1550 2026 1589 :

443 1617 629 1673 laurea
667 1626 720 1674 et
755 1620 823 1675 de
878 1637 1041 1675 manu
1089 1623 1111 1659 3
1164 1619 1269 1677 77
1310 1621 1514 1675 corruit
1539 1622 1563 1659 ἰ
1598 1620 1733 1692 (11).
1791 1622 1858 1676 Et
1892 1636 2033 1677 nunc

2149 465 2427 536 Evangelii
2462 478 2707 535 paratura
2754 467 2890 535 (13),
2943 468 3249 524 succinctus
3291 472 3534 527 acutiore
3573 474 3744 530 verbo

2152 555 2269 620 Dei,
2295 565 2435 610 totus
2468 557 2532 610 de
2560 556 2820 625 Apostolo
2851 565 3085 611 armatus
3141 559 3359 631 (Ephes.
3412 577 3489 626 vr,
3554 562 3642 633 11)
3690 570 3744 618 et

2148 644 2214 696 de
2239 643 2475 714 martyrii
2525 645 2751 699 candida
2795 646 2991 700 melius
3019 651 3377 713 coronandus,
3426 650 3744 707 donativum

2151 731 2344 786 Christi
2404 734 2455 786 in
2533 749 2748 789 carcere
2823 742 3107 804 exspectat.
3190 735 3392 791 Exinde
3464 741 3745 795 sententiae

2149 837 2312 889 super
2349 821 2463 888 illo,
2519 822 2698 877 nescio
2773 838 2838 876 an
2925 824 3372 891 Christianorum,
3434 844 3545 882 non
3602 830 3744 884 enim

2148 909 2264 963 aliae
2318 910 2674 977 ethnicorum,
2732 920 2790 965 ut
2832 911 2900 966 de
2945 914 3190 983 abrupto,
3245 922 3298 966 et
3352 916 3635 986 pracipiti,
3692 926 3746 972 et

2152 999 2287 1052 mori
2345 1000 2557 1069 Cupido,
2618 1001 2706 1070 qui
2768 1000 2835 1053 de
2899 1001 3080 1055 habitu
3129 1001 3487 1076 interregatus
3545 1006 3745 1061 nomini

2150 1105 2185 1142 n
2222 1089 2423 1159 gotinm
2487 1089 2719 1144 fecerit:
2788 1090 2942 1144 solus
3000 1089 3203 1146 scilicet
3250 1092 3426 1155 fortis,
3477 1093 3615 1147 inter
3671 1102 3745 1149 tot

2152 1178 2340 1231 fratres
2397 1177 2785 1231 commilitones
2850 1180 2997 1233 solus
3046 1179 3397 1236 Christianus.
3458 1182 3622 1238 Plane
3651 1199 3743 1237 su-

2149 1274 2324 1334 perest
2356 1266 2596 1320 utetiam
2650 1267 2901 1337 martyria
2947 1282 3197 1324 recusare
3249 1270 3596 1337 meditantur,
3653 1274 3743 1343 qui

2148 1356 2456 1425 prophetias
2538 1355 2777 1423 ejusdem
2839 1355 3075 1426 Spiritus
3150 1358 3320 1411 sancti
3396 1369 3741 1429 respuerent.

2146 1445 2423 1497 Mussitant
2451 1444 2686 1515 denique
2716 1451 2821 1497 tam
2846 1445 3043 1499 bonam
3066 1454 3119 1500 et
3158 1446 3371 1519 longam
3422 1448 3524 1502 sibi
3560 1465 3747 1519 pacem

2145 1530 2450 1603 periclitari.
2509 1532 2621 1586 Nec
2673 1531 2856 1587 dubito
2944 1534 3198 1604 quosdam
3275 1535 3583 1605 Scripturas
3634 1538 3747 1611 (14)

2139 1620 2422 1690 emigrare,
2452 1620 2685 1677 sarcinas
2739 1621 3012 1693 expedire,
3047 1620 3188 1695 fugae
3232 1623 3440 1695 accingi
3490 1625 3558 1678 de
3604 1625 3745 1681 civi-

1824 1694 2016 1754 Varize
2061 1695 2375 1755 lectiones.

519 1771 543 1808 2
572 1768 802 1842 Quidam
835 1770 940 1827 illic
970 1771 1146 1841 magis
1174 1772 1271 1826 Dei
1303 1773 1475 1827 miles.
1509 1772 1533 1810 3
1562 1772 1620 1825 In
1645 1787 1807 1826 manu
1842 1772 2015 1828 otioso
2043 1773 2260 1842 vulgata
2287 1772 2398 1841 jam
2418 1781 2473 1828 et
2501 1773 2605 1827 ista
2632 1771 2907 1842 disciplina
2936 1772 3236 1827 Christiano
3268 1774 3551 1831 relucebat.
3572 1776 3738 1832 Deni-

451 1857 555 1913 que
592 1840 790 1913 singuli
822 1840 1109 1913 designare
1131 1853 1183 1898 et
1210 1843 1412 1897 ludere.
1445 1845 1468 1880 ἰ
1488 1844 1707 1899 Corruit
1745 1845 1948 1901 Wouw.
1969 1840 2163 1898 claruit
2178 1845 2309 1899 Jun.

1848 1913 2346 1977 Commentarius.

521 1991 602 2086 (ᾖ)1
629 1992 1144 2086 Corqnamentooin
1172 2010 1351 2086 ntanu
1392 1996 1587 2051 otioso.
1622 1992 1893 2086 ις)ι;1ς)διιιιι
1922 1993 2048 2049 dicit
2080 2009 2124 2086 Β
2154 1994 2483 2086 eulaloriam,
2532 2000 2586 2073 et
2614 1991 2774 2047 simul
2792 1994 2974 2086 ‘ctepit
3025 2001 3180 2049 terrae
3236 2002 3416 2086 sancte
3448 1995 3739 2078 insistere,

450 2061 637 2134 inutile
667 2073 717 2119 et
744 2064 1005 2134 ineptum.
1040 2064 1128 2120 Sic
1157 2066 1229 2121 ad
1258 2080 1497 2121 uxorem
1527 2084 1544 2119 :
1579 2084 1603 2116 α
1622 2065 1785 2119 Nobis
1815 2064 2045 2121 otiosum

449 2133 645 2189 liberos
702 2133 902 2201 serere,
956 2157 979 2186 ι
1023 2137 1123 2192 hoc
1176 2144 1273 2201 est,
1305 2136 1619 2192 Christianis
1675 2135 1860 2191 inutile
1886 2146 1965 2189 est
1996 2145 2050 2191 et

450 2204 690 2275 ineptum
747 2206 939 2263 liberos
988 2224 1187 2276 serere,
1236 2208 1363 2262 dum
1395 2207 1546 2262 saevit
1592 2207 1645 2261 in
1692 2206 2047 2263 Christianum

449 2290 644 2330 nomen
676 2284 954 2343 tyrannus.
989 2280 1110 2334 Rm.

519 2349 593 2421 (6)
625 2350 880 2405 Murmur
911 2352 1135 2407 tribuno
1166 2350 1441 2421 defertur.
1468 2348 1560 2405 Sic
1589 2346 2049 2421 habetcxemplar

448 2418 743 2493 A‘gobardi.
793 2422 847 2474 In
877 2423 1063 2477 codice
1110 2418 1440 2485 Ditionensi,
1484 2430 1536 2474 et
1564 2419 1794 2493 vulgatis
1848 2420 2044 2493 editio-

451 2489 609 2578 nibus
639 2492 835 2578 legitur
869 2510 884 2546 :
922 2514 943 2574 ει
979 2493 1269 2578 Continuo"
1292 2508 1532 2574 murmur
1582 2489 1815 2578 tribuno‘
1864 2489 2046 2570 defer-

453 2568 558 2616 tur.
597 2582 617 2609 ι
681 2560 936 2636 Suntqui
983 2563 1169 2636 malint
1220 2564 1552 2636 distinguere
1612 2580 1704 2636 ;_»
1746 2560 2045 2636 ‘Continuo

450 2647 692 2686 murmur
748 2631 967 2688 tribuno
1012 2635 1303 2689 deferetur.
1368 2631 1415 2684 «⁷
1453 2634 1558 2687 Sed
1618 2633 1699 2687 bis
1744 2631 1882 2686 idem
1940 2632 2044 2687 dici

449 2704 752 2829 ﬁdebitur;
794 2720 915 2759 nam
964 2706 1289 2776 infrendere
1327 2708 1587 2762 cominus
1634 2713 1718 2759 est
1757 2719 2042 2759 murmur.

501 2790 576 2829 ιθ.

501 2790 576 2831 ιθ.

520 2846 596 2910 (7)
628 2848 693 2919 Et
711 2862 799 2902 res
840 2848 1139 2919 ampliata,
1164 2851 1220 2905 et
1240 2848 1447 2903 reusad
1457 2848 1622 2919 praef.
1658 2845 1825 2901 Vetus
1860 2860 2041 2901 exem-

453 2918 568 2985 plar
598 2914 676 2970 sic
722 2914 946 2971 omnino"
986 2918 1147 2972 habet
1178 2937 1190 2973 :
1228 2940 1250 2967 tl
1287 2920 1352 2973 Et
1378 2914 1691 2972 res-am...”
1727 2925 1775 2970 ta
1807 2925 1862 2969 et
1916 2932 2043 2971 reus

451 2987 517 3060 ad
552 2985 700 3056 pref.
730 3005 770 3060 ξ
810 2987 962 3044 Unde
1005 2990 1209 3060 Opinari
1266 2989 1423 3044 liceat
1454 2986 1845 3060 Tertullianum
1876 2989 2044 3060 scrip-

453 3057 635 3131 sisse:
676 3078 698 3131 ᾳ
734 3058 922 3131 Etres
966 3056 1217 3131 ampliata
1248 3069 1301 3115 et
1332 3130 1335 3131 ν
1362 3076 1484 3131 reus
1547 3059 1635 3131 ad,
1672 3056 1821 3127 praef.
1876 3077 1901 3108 »
1935 3059 2044 3131 Res

451 3127 934 3203 ampliaridicitur,
962 3127 1115 3203 cujus
1142 3130 1381 3203 cognitio
1410 3130 1463 3186 in
1495 3130 1640 3203 aliud
1672 3136 1903 3203 tempus,
1959 3130 2041 3183 vel

455 3199 519 3253 ad
575 3198 721 3255 aliud
762 3200 995 3256 tribunal
1036 3198 1285 3271 'rejicitiir
1339 3211 1430 3255 aut
1488 3198 1794 3254 remittitur.
1824 3200 2041 3271 (itaque

2158 2065 2387 2137 hocgest.
2420 2063 2474 2117 in
2530 2064 2648 2134 ipso
2695 2064 2920 2137 vestigio
2957 2076 3177 2121 mortem
3207 2081 3306 2137 pro
3336 2066 3531 2121 Christi
3572 2063 3742 2122 nomi4

2156 2153 2222 2190 ne
2252 2135 2459 2190 fortiter
2486 2143 2758 2204 oppetere,
2799 2135 2961 2189 vitam
2989 2153 3149 2205 agere
3198 2135 3438 2192 sanctam
3490 2146 3543 2193 et
3594 2138 3748 2194 inno-

2154 2216 2387 2279 centem,
2462 2207 2629 2279 longe
2696 2206 2996 2279 absimilem
3064 2208 3455 2279 speculatoriae,
3515 2224 3635 2279 quae
3690 2220 3743 2265 et

2154 2277 2516 2403 ﬁarniﬁcinam
2567 2277 2636 2331 ad
2694 2277 2890 2332 tribuni
2944 2277 3127 2333 nutum
3168 2282 3489 2351 plerumque
3528 2277 3737 2354 agebat.

2206 2364 2279 2403 te.

2206 2364 2279 2403 IG.

2227 2422 2331 2489 (10)
2365 2419 2625 2492 Gladium
2653 2434 2756 2492 nec
2796 2420 3102 2492 Dominicce
3130 2420 3443 2492 defensioni
3496 2437 3743 2479 necessa-

2156 2494 2329 2547 rium.
2358 2490 2564 2545 Alludit
2591 2492 2655 2544 ad
2708 2490 2836 2544 illud
2870 2490 3064 2545 Christi
3122 2490 3204 2547 ad'
3237 2492 3448 2548 Petrum
3510 2508 3522 2547 :
3588 2494 3743 2550 Mitte

2153 2563 2412 2633 gladium
2437 2567 2599 2635 tuum
2634 2562 2703 2635 in
2732 2563 3012 2633 vaginam.
3052 2565 3124 2615 De
3162 2578 3270 2635 quo
3296 2563 3453 2635 etiam
3483 2564 3740 2635 Augusti-

2154 2650 2277 2703 nus,
2311 2634 2487 2704 Epist.
2522 2633 2593 2687 ad
2633 2634 2986 2706 Vincentium
3008 2652 3026 2689 :
3053 2655 3074 2684 «
3100 2633 3240 2690 Petri
3270 2633 3746 2706 gladiusin‘vagi-

2154 2720 2275 2758 nam
2305 2715 2587 2759 revocatur
2614 2720 2645 2757 a
2674 2705 2902 2766 Christo,
2936 2716 2988 2758 et
3007 2705 3303 2760 ostenditur
3343 2721 3448 2759 non
3487 2705 3740 2760 debuisse

2152 2781 2219 2848 de
2252 2776 2444 2848 vagina
2485 2774 2668 2848 eximi,
2704 2791 2805 2848 nec
2832 2790 2931 2845 pro
2970 2775 3201 2831 Christo.
3238 2794 3262 2827 δ
3295 2776 3637 2848 Nempetut
3668 2777 3743 2831 ait

2152 2845 2514 2919 'l‘ertullianus
2545 2847 2661 2919 lib:
2685 2845 2761 2919 de
2779 2847 3084 2919 Patientia,
3120 2863 3244 2919 pag.
3279 2851 3380 2901 160
3406 2845 3478 2900 ί»
3531 2846 3742 2901 Patien-

2154 2919 2223 2970 tia
2269 2917 2482 2973 Domini
2528 2918 2579 2970 in
2614 2917 2819 2988 Malcho
2849 2918 3127 2972 vulnerata
3156 2917 3255 2974 est.
3308 2936 3335 2969 ι
3384 2918 3565 2988 Itaque
3619 2918 3738 2971 Do-

2150 2990 2329 3042 minus
2403 2997 2456 3041 et
2527 2987 2692 3059 gladii
2748 3002 2913 3057 Opera
2985 2988 3259 3044 maledixit
3333 2989 3386 3043 in
3447 2987 3739 3059 posterum.

2150 3060 2439 3114 Exarmato
2494 3058 2672 3124 Petro,
2742 3073 2959 3113 omnem
3006 3060 3367 3117 Christianum
3462 3058 3736 3113 discinxit.

2151 3130 2473 3184 RIGALTIUS.

2222 3202 2333 3269 (11)
2358 3203 2570 3257 Laurea
2599 3204 2653 3255 et
2682 3199 2746 3255 de
2760 3215 2934 3254 manu
2962 3201 3195 3257 claruit.
3226 3202 3361 3255 Nam
3400 3214 3655 3253 coronam
3681 3198 3739 3254 in

455 3271 529 3324 rei
543 3272 621 3366 ιὶὶιι
667 3269 1255 3366 judiciisndamnantur‘,
1288 3272 1662 3366 absolvuntur.
1694 3269 2037 3336 ampliantur,
2075 3287 2119 3366 ε
2147 3287 2305 3366 manu
2337 3274 2572 3339 gerebat,
2601 3270 2800 3325 idcirco
2817 3272 3006 3366 laurea
3028 3274 3095 3325 de
3118 3287 3281 3366 mane
3306 3270 3517 3366 clafuit,
3553 3270 3605 3323 id
3634 3282 3738 3334 est,

455 3357 534 3366 -..η
578 3350 806 3366 ..-η-ιο.-.-
927 3342 1119 3366 -..ηΑή
1169 3358 1233 3366 ---
1309 3360 1332 3366 -
1380 3358 1436 3366 ,Α
1466 3342 1537 3366 .-ιε
1573 3347 1853 3366 Ληιι........ηο
1912 3358 2006 3366 ..-η
2157 3358 2179 3366 Α
2205 3359 2290 3366 -..Α
2322 3342 2428 3366 ut-.-
2466 3352 2539 3366 ..-ι
2599 3352 2640 3366 ,ιι
2676 3357 2780 3366 ...ι-.-
2854 3357 2878 3366 -
2912 3342 3079 3366 ...ι-ει-
3147 3358 3245 3366 -..Α
3356 3341 3368 3366 Ζ
3417 3357 3564 3366 ..-ηνκ
3601 3351 3710 3366 ..-λι

451 3341 824 3395 amburuntur.
875 3342 1122 3396 Damnati
1169 3344 1254 3397 vel
1308 3342 1539 3397 absoluti
1570 3347 1858 3412 occurrunt
1912 3358 2042 3412 pas-

453 3411 573 3493 sim.
607 3412 995 3493 Ampliatorum
1031 3413 1303 3493 exempla
1355 3422 1479 3493 sunt
1526 3410 1929 3493 apudPLivium,
1991 3411 2043 3491 in

455 3481 528 3536 lib
557 3498 683 3549 XIII,
716 3482 807 3536 ubi
834 3483 899 3537 de
927 3483 996 3537 M.
1031 3481 1273 3538 Titinnio
1310 3501 1323 3538 :
1361 3502 1384 3534 ‹
1420 3484 1506 3537 Bis
1534 3482 1839 3550 ampliatus,
1887 3483 2042 3537 tertio

453 3553 731 3625 absolutus
784 3560 867 3607 est
901 3570 1042 3625 reus.
1095 3573 1121 3605 to
1154 3555 1213 3609 Et
1246 3554 1403 3625 paulo
1457 3560 1594 3625 post,
1637 3552 1720 3625 de
1751 3553 1806 3625 ΡΑ.
1862 3553 2038 3625 Furio,

453 3623 622 3678 Pbillo
677 3625 829 3679 etM.
876 3624 1177 3679 Martieno:
1243 3623 1269 3677 ix
1335 3623 1681 3680 Gravissimis
1727 3623 2043 3679 criminibus

451 3696 679 3748 accusati
728 3696 884 3766 ambo
911 3695 1274 3766 ampliatique.
1322 3716 1343 3743 ιι
1377 3697 1785 3766 Ambustorum,
1817 3695 1918 3748 hoc
1963 3705 2044 3750 est

452 3779 641 3837 eorum
671 3764 762 3837 qui
820 3765 870 3818 in
934 3764 1218 3821 discrimen
1302 3767 1490 3837 rapitis
1557 3764 1790 3837 adducti,
1867 3781 2041 3836 neque

452 3835 707 3909 damnati,
759 3852 928 3909 neque
999 3837 1229 3893 absoluti
1296 3835 1440 3902 sunt,
1478 3835 1739 3909 exempla
1827 3835 2043 3906 quoque

454 3906 937 3977 reperiunturfut
996 3909 1051 3964 L.
1111 3909 1309 3962 IEmilii
1366 3906 1529 3971 Pauli,
1594 3907 1733 3977 apud
1792 3909 2039 3962 eumdem

450 3975 659 4031 Livium
698 3978 750 4031 in
781 3979 875 4033 lib.
918 3994 1042 4033 χχιι
1077 3996 1088 4031 :
1145 4000 1167 4029 α
1203 3979 1479 4033 Emilium
1513 3975 1751 4041 Paulum,
1801 3978 1890 4047 qui
1920 3995 2040 4033 cum

452 4049 524 4103 M.
558 4049 705 4103 Livio
734 4051 857 4104 Cos.
908 4050 1096 4117 fuerat,
1148 4059 1200 4104 et
1238 4050 1581 4104 damnatione
1611 4048 1835 4117 collegae
1863 4057 1917 4102 et
1945 4066 2042 4105 sua

458 4134 629 4190 prOpe
685 4123 963 4176 ambustus
1021 4132 1284 4187 evaserat,
1326 4123 1571 4174 infestum
1623 4119 1781 4189 plebi,
1832 4119 1933 4173 diis
1980 4137 2043 4177 ac

461 4191 692 4246 multum
741 4202 1098 4259 recusantem,
1148 4195 1214 4245 ad
1248 4193 1555 4262 petitionem
1595 4190 1885 4260 compellit.
1924 4211 1945 4239 »
1979 4192 2044 4245 Et

459 4264 601 4333 apud
634 4262 809 4320 Valer.
866 4262 1169 4325 Maximum,
1221 4264 1477 4317 ambustae
1504 4263 1625 4315 duae
1657 4271 2036 4333 memorantur,

461 4332 817 4405 inexplicabili
854 4334 1205 4401 cunctatione,
1239 4334 1623 4405 quaestionibus
1660 4332 1821 4386 modo
1868 4343 2039 4387 trans-

463 4403 603 4462 latis.
634 4406 792 4459 modo
821 4404 1015 4458 dilatis.
1049 4406 1178 4459 Rio.

530 4475 606 4545 (8)
627 4476 993 4531 Gravissimas
1014 4478 1251 4548 penulas
1282 4475 1490 4548 posuit,
1516 4476 1758 4531 relevari
1786 4474 2043 4548 auspica-

462 4543 570 4601 tus.
625 4548 942 4601 Notavimus
988 4543 1041 4600 in
1081 4543 1494 4619 Apologeticum
1528 4561 1673 4619 pag.
1720 4549 1793 4619 7,_
1825 4543 2045 4619 penulas

2152 3344 2292 3468 ﬁlare
2322 3342 2434 3396 visa
2462 3352 2560 3408 est,
2595 3352 2646 3396 et
2676 3357 2783 3395 non
2813 3342 2880 3396 de
2908 3342 3103 3413 capite,
3143 3344 3285 3413 quod
3336 3341 3567 3398 liberum
3598 3351 3737 3397 erat.

2200 3428 2342 3468 HEN.

2200 3428 2342 3469 HEN.

2222 3484 2348 3556 (l2),
2371 3486 2642 3539 Russatus
2656 3484 2950 3554 sanguinis
2977 3486 3069 3540 sui
3085 3500 3198 3556 spe.
3225 3484 3351 3539 Haec
3378 3483 3638 3556 scriptura
3657 3489 3745 3536 est

2152 3555 2646 3625 antiquissimorum
2711 3554 3125 3625 exemplarium:
3194 3556 3410 3610 Tunica)
3484 3554 3742 3625 militares

2151 3624 2304 3699 erant
2332 3635 2600 3699 _russatae,
2661 3624 2885 3696 φοινικοῖ
2914 3631 3138 3699 χιτῶνες.
3190 3626 3286 3682 Hic
3344 3626 3498 3699 miles
3574 3624 3745 3699 factus

2148 3697 2501 3763 Christianus,
2532 3713 2634 3767 pro
2684 3699 2861 3751 tunica
2918 3696 3142 3763 russata,
3183 3696 3461 3765 sanguinis
3505 3696 3587 3749 sui
3612 3711 3741 3767 spe,

2152 3768 2255 3822 hoc
2283 3775 2364 3821 est
2392 3766 2600 3837 sperata
2655 3766 2894 3837 martyrii
2935 3783 3194 3836 purpura.
3246 3774 3491 3837 russatus
3518 3766 3741 3821 dicitur.

2150 3841 2408 3894 Bussatte
2428 3839 2725 3902 militares,
2751 3836 2888 3891 apud
2914 3838 3145 3891 Trebell.
3165 3846 3218 3891 et
3246 3837 3386 3904 apud
3409 3836 3742 3901 Juvenalem,

2151 3915 2407 3965 russatus
2440 3929 2456 3963 .-
2488 3912 2739 3963 Lacerta.
2773 3907 2896 3962 RIG.

2218 3980 2333 4049 (13)
2356 3982 2430 4035 De
2454 3979 2739 4050 Evangelii
2764 3980 3060 4050 paratum.
3098 3976 3742 4050 Paraturarsubstantive,

2149 4047 2247 4105 ceu
2278 4047 2443 4116 supra
2473 4047 2650 4102 multis
2680 4049 2732 4101 in
2765 4047 2944 4105 locis:
2980 4051 3082 4103 hoc
3107 4061 3207 4113 est,
3249 4048 3488 4118 gladium
3525 4047 3741 4113 qualern

2149 4122 2285 4176 solet
2369 4120 2713 4190 Evangelium
2797 4136 3073 4191 apparere,
3147 4136 3336 4190 nempe
3417 4118 3738 4189 spiritalem.

2149 4193 2233 4248 RH
2243 4205 2332 4245 EN.
2680 4215 2688 4224 -

2223 4265 2243 4331 (
2254 4273 2269 4315 ι
2284 4262 2336 4332 4)
2361 4263 2658 4335 Mussitant
2676 4262 2980 4335 denique...
2999 4279 3102 4335 nec
3114 4262 3303 4335 dubito
3319 4260 3588 4335 quosdam
3603 4259 3748 4315 Scri-

2147 4331 2367 4404 pturas.
2394 4334 2693 4390 Fortissimi
2733 4331 2954 4404 hujusce
2995 4332 3179 4404 militis
3226 4331 3437 4384 facinus
3483 4332 3549 4383 ab
3585 4345 3745 4384 com-

2153 4403 2483 4460 militonibus
2528 4406 2689 4460 etiam
2748 4403 3075 4467 Christianis,
3128 4410 3379 4471 tanquam
3430 4404 3747 4471 impruden-

2153 4475 2222 4531 tis
2250 4492 2312 4531 ac
2343 4476 2631 4546 praecipitis
2660 4483 2712 4527 et
2749 4474 3138 4546 intempestivae
3177 4471 3502 4546 fortitudinis
3525 4486 3743 4546 exem-

2160 4542 2767 4623 plum,;vituperabatur,
2801 4542 3078 4623 deque_eo
3107 4558 3385 4623 sermones
3412 4542 3742 4623 ferebantur,

459 4620 714 4697 gravitate
741 4634 837 4673 sua
868 4619 1031 4697 fuisse
1050 4612 1281 4697 odiosas.
1308 4618 1442 4697 lliuc
1468 4612 1628 4697 igitur
1649 4612 1941 4697 Septimius
1959 4632 2046 4671 oc-
2081 4615 2126 4692 ο
2220 4629 2275 4697 ut
2311 4618 2381 4696 de
2408 4612 2633 4684 abrupto
2661 4624 2714 4668 et
2741 4612 3024 4695 praecipiti,
3056 4624 3109 4670 et
3135 4615 3270 4697 mori
3294 4614 3521 4697 cupida,
3549 4615 3646 4697 qui
3674 4612 3746 4667 de

458 4687 681 4761 casione
704 4697 934 4761 sumpta,
976 4692 1050 4745 ait
1078 4689 1297 4761 militem
1327 4688 1474 4743 illum
1494 4687 1545 4740 in
1581 4689 1694 4743 Deo
1723 4687 2043 4761 gloriosum,

461 4760 782 4831 gravissimo
830 4760 1042 4815 7mi|ita
1113 4760 1326 4831 gentilis
1371 4774 1554 4831 onere
1619 4760 2043 4831 depasito,ijam

461 4830 655 4885 exinde
712 4832 933 4886 relevari
1008 4830 1259 4901 coepisse,
1339 4830 1656 4899 simulatque
1703 4846 1842 4885 onus
1889 4830 2046 4883 Chri-

462 4901 529 4974 sti
586 4901 771 4965 subiit,
831 4905 973 4974 quod
1034 4900 1153 4957 esse
1210 4904 1325 4957 leve
1374 4900 1613 4955 Christus
1673 4902 1788 4972 ipse
1845 4901 2041 4954 docuit.

463 4971 784 5028 RIGAL'rws.

534 5048 607 5111 (9)
638 5044 1115 5116 Sepeculatoriam
1151 5043 1590 5116 morosissimani
1613 5042 1678 5096 de
1698 5040 1933 5112 pedibus
1963 5038 2051 5093 ab-

461 5116 644 5187 solvit.
678 5112 803 5187 Haec
823 5115 1091 5187 pertinent
1122 5116 1186 5187 ad
1216 5114 1445 5187 caligam
1478 5112 1783 5187 militarem,
1818 5126 2046 5187 praaser-

465 5185 662 5259 timque
697 5182 1059 5259 militisillius
1086 5185 1177 5254 qui
1213 5182 1352 5259 iner
1390 5182 1761 5259 speculatores
1787 5182 2046 5236 militave-

463 5252 591 5326 rat,'
620 5275 743 5330 quae
1040 5252 1167 5330 erat
1208 5255 1379 5317 valde,
1428 5252 1670 5330 jﬂqllit‘s’
1730 5267 1941 5330 morosa
1972 5261 2049 5330 ‘e;

461 5322 673 5399 aspera,
731 5345 851 5384 rum
927 5329 1033 5381 huc
1116 5326 1243 5399 illuc
1296 5322 2044 5399 cursitando,__exp!orando,

461 5394 866 5470 nuntiandoque
887 5404 1189 5470 vagaretur.
1225 5397 1277 5448 Is
1304 5394 1469 5470 igitur
1491 5394 1566 5470 _de
1595 5394 1826 5470 religato
1854 5411 2046 5470 specu-

462 5472 630 5527 latore
680 5464 856 5526 factus
887 5464 1236 5527 Christianus,
1297 5464 1526 5519 absolvit
1581 5468 1648 5519 de
1680 5464 1910 5534 pedibus
1939 5465 2051 5519 suis

462 5543 886 5599 morosissimam
926 5539 1069 5593 illam
1112 5546 1167 5592 et
1198 5535 1624 5592 molestissimum
1654 5537 1882 5610 caligam
1921 5552 2049 5608 spe-

2158 4691 2336 4742 habitu
2370 4683 2979 4756 interrogatus’nomini
3039 4706 3061 4736 ι
3130 4683 3432 4740 Christiano
3480 4683 3744 4756 invidiam

2156 4758 2365 4813 iecisset
2390 4773 2451 4809 ac
2498 4755 2788 4824 periculum
2836 4766 3087 4821 creasset,
3134 4772 3428 4827 pacemque
3479 4760 3584 4808 tam
3634 4755 3744 4808 bo-

2152 4846 2280 4904 nam
2304 4837 2357 4881 et
2399 4828 2609 4901 longam
2667 4844 2772 4896 qua
2829 4839 2938 4883 tum
2967 4828 3251 4904 Christiani
3300 4826 3746 4904 fruebantur,.te-

2154 4899 2395 4953 meritate
2449 4899 2542 4951 sua
2605 4912 2769 4967 prOpe
2823 4899 3114 4957 evertisset.
3173 4900 3278 4952 Has
3321 4912 3476 4951 voces
3503 4899 3747 4967 graviter

2153 4970 2393 5040 increpat
2450 4970 2791 5038 Septimius:
2850 4990 2871 5019 σι
2917 4971 3214 5032 Mussitant.
3264 4967 3458 5038 inquit,
3495 4979 3596 5040 tam
3642 4968 3745 5040 bo-

2155 5058 2276 5096 nam
2308 5037 2372 5113 :et
2405 5037 2620 5113 longam
2664 5039 2765 5094 sibi
2806 5057 2988 5113 pacem
3036 5037 3375 5113 periclitari:
3410 5053 3511 5092 nec
3555 5037 3746 5113 dubito

2154 5111 2413 5182 quosdam
2494 5108 2651 5166 etiam
2702 5112 2984 5166 mussitare
3026 5108 3358 5182 scripturas
3404 5124 3589 5182 sacras
3631 5108 3746 5182 jam

2153 5179 2434 5253 emigrare,
2481 5184 2717 5237 sarcinas
2763 5182 3037 5253 expedire,
3074 5179 3217 5253 fugae
3253 5179 3459 5306 accinlgi
3522 5182 3587 5232 de
3615 5179 3750 5233 civi-

2157 5262 2262 5306 tate
2291 5254 2343 5306 in
2381 5253 2669 5306 civitatem.
2719 5273 2742 5306 ›
2786 5255 2956 5306 Vulgo
2999 5254 3193 5306 legitur
3245 5269 3259 5306 :
3321 5274 3340 5299 α
3444 5266 3505 5305 ec
3555 5249 3750 5305 dubito

2157 5249 2343 5309 tate‘in
2381 5253 2669 5308 civitatem.
2719 5273 2742 5306 ›
2786 5249 2956 5326 vulgo
2999 5249 3193 5323 legitur
3245 5269 3275 5326 :_
3321 5274 3340 5299 α
3393 5249 3524 5326 Nec
3555 5249 3751 5305 dubito

2156 5326 2418 5396 quasdam
2474 5326 2775 5395 Scripturas
2820 5321 3105 5394 emigrare,
3142 5322 3379 5396 sarcinas
3404 5321 3683 5396 colligere.
3721 5340 3745 5370 ι

2160 5391 2227 5451 Ᾱι
2284 5396 2337 5449 in
2392 5396 2513 5452 cod.
2566 5391 2973 5451 vetustissimo}
3015 5416 3037 5447 ι
3098 5396 3211 5450 Nec
3249 5393 3435 5449 dubito
3483 5391 3750 5463 quosdam

2160 5467 2462 5541 Scripturas
2509 5468 2818 5541 emigrare_,_
2861 5482 3012 5541 sarc._
3040 5466 3272 5541 _collig.,
3300 5485 3332 5541 _»
3369 5465 3509 5541 unde
3551 5463 3748 5541 procul

2158 5535 2323 5595 dubio
2347 5535 2679 5611 legendum':
2719 5557 2741 5590 ‹
2772 5538 2884 5595 Nec
2923 5536 3111 5594 dubito
3140 5535 3403 5610 quosdam
3448 5535 3755 5607 Scripturas
