4042 6172
475 276 546 337 99
1170 266 1608 328 'l‘lillTUL‘LlANl
1650 262 1912 323 OPERUM
1954 262 2120 322 PARS
2156 261 2220 321 ll.
2263 293 2333 306 —
2371 262 2596 320 SERIES
2636 262 2675 330 l,
2718 262 3063 323 POLEMICA.

3666 268 3769 325 100

470 402 616 475 gelio
663 398 1055 455 determinavit.
1108 397 1235 451 Inde
1282 395 1542 463 suscepti,
1593 392 1746 447 lactis
1792 400 1845 444 et
1886 389 2062 445 mellis
2096 402 2141 481 Α
2176 388 2327 453 tioni,
2352 397 2405 443 et
2431 388 2800 444 consuetudini
2831 389 2895 452 l3,
2927 396 2980 443 et
3009 387 3132 443 fidei
3170 389 3619 460 patrocinaturam
3652 394 3768 462 (27)

472 491 811 546 concordiam
860 495 1290 561 praegustamus:
1353 498 1525 554 exque
1580 497 1642 535 ea
1685 479 1795 545 die,
1850 478 2062 533 lavacro

473 578 785 649 quotidiano
854 594 949 647 per
1012 584 1174 629 totam
1254 572 1647 627 hebdomadem
1712 567 2065 623 abstinemus.

474 666 819 723 Eucliaristiae
866 672 1250 719 sacramentum
1302 661 1439 731 (21),
1488 670 1535 715 et
1587 658 1637 711 in
1696 665 1940 728 tempore
1990 655 2067 708 vi-

478 766 616 823 ctus,
665 765 717 809 et
760 753 1011 808 omnibus
1050 751 1353 805 mandatum
1403 764 1434 801 a
1476 747 1727 811 Domino,
1775 747 1936 800 etiam
1964 759 2065 798 an-

476 843 734 900 telucanis
764 841 1007 907 cmtibus,
1044 856 1142 895 nec
1170 840 1237 892 de
1267 839 1495 892 aliorum
1522 852 1685 891 manu
1729 850 1890 905 quam
1923 849 2061 903 prae-

474 931 760 986 sidentium
826 930 1089 984 sumimus
1142 928 1289 997 (22):
1360 925 1659 980 oblationes
1723 938 1821 995 pro
1878 921 2069 977 defun—

474 1020 571 1075 ctis
600 1020 738 1091 (23),
761 1034 857 1089 pro
889 1017 1141 1073 natalitiis
1178 1032 1355 1070 annua
1398 1016 1514 1083 (24)
1544 1013 1630 1068 die
1668 1012 1927 1069 facimus:
1978 1011 2066 1064 die

474 1109 754 1163 Dominieo
794 1108 1057 1177 jejunium
1088 1105 1240 1161 nefas
1275 1104 1543 1167 ducimus,
1580 1102 1659 1158 vel
1695 1101 1765 1155 de
1803 1099 2066 1169 geniculis

474 1197 700 1254 adorare
749 1198 816 1251 ιο.
865 1196 1064 1251 Eadem
1115 1192 1453 1248 immunitate
1497 1188 1615 1246 ευ
1658 1206 1687 1243 a
1733 1188 1818 1243 die
1850 1186 2066 1241 Paschaa

474 1285 527 1340 in
579 1286 930 1341 Pentecosten
985 1298 1155 1351 usque
1192 1279 1503 1351 gaudemus.
1555 1274 1749 1331 Calicis
1795 1283 1886 1328 aut
1915 1273 2067 1341 panis

474 1374 634 1430 etiam
677 1372 848 1429 nostri
878 1373 993 1440 (25)
1041 1370 1239 1438 aliquid
1272 1365 1450 1422 decuti
1480 1365 1531 1418 in
1564 1372 1759 1419 terram
1808 1366 1922 1432 (26)
1962 1378 2066 1416 an-

472 1463 557 1518 xie
593 1463 839 1532 patimur.
874 1460 955 1512 Ad
1003 1472 1216 1513 omnem
1267 1470 1610 1527 progressum
1642 1460 1800 1523 atque
1848 1465 2066 1522 promo-

472 1559 603 1615 tum,
638 1549 702 1603 ad
744 1562 960 1603 omnem
999 1546 1196 1600 aditum
1228 1554 1281 1599 et
1312 1543 1536 1609 exitum,
1567 1542 1632 1595 ad
1662 1539 1966 1604 calciatum,
1996 1537 2063 1593 ad

470 1639 703 1705 latacra,
754 1640 822 1692 ad
857 1651 1088 1702 mensas,
1138 1634 1203 1686 ad
1235 1633 1458 1694 lumina,
1507 1631 1572 1685 ad
1620 1630 1836 1697 cubilia,
1876 1630 1942 1683 ad
1973 1645 2063 1683 se-

2173 487 2264 531 aut
2304 480 2418 546 ipse
2458 478 2769 549 perspicies,
2811 488 2904 532 aut
2950 479 3017 532 ab
3061 479 3241 549 aliquo
3289 481 3379 548 qui
3433 482 3767 552 perSpexerit

2172 568 2376 631 disces;
2414 567 2624 623 interim
2667 567 2975 621 nonnullam
3016 583 3136 621 esse
3188 569 3394 634 credes,
3444 570 3527 623 cui
3558 570 3763 624 debea-

2175 667 2257 711 tur
2308 657 2351 693 ιθ
2394 655 2733 723 obsequium.
2780 656 2993 723 Adjicio
3026 672 3192 710 unum
3221 657 3397 713 adhuc
3434 658 3762 729 exemplum,

2172 752 2432 812 quatenus
2478 752 2532 798 et
2574 744 2641 798 de
2689 743 2957 798 veteribus
3007 744 3200 801 docere
3256 746 3555 801 conveniet.
3604 748 3763 817 Apud

2170 832 2388 887 Judaeos
2414 841 2516 885 tam
2548 832 2787 886 solemne
2815 841 2896 886 est
2914 833 3029 901 (28)
3062 832 3273 888 feminis
3301 849 3491 889 eorum
3529 836 3764 890 velamen

2172 921 2377 991 capitis,
2414 928 2469 974 ut
2498 920 2623 975 inde
2652 928 2964 976 noscantur.
3005 921 3199 989 Quaero
3232 921 3327 978 8|
3366 923 3560 994 legem.
3604 926 3762 995 Apo-

2173 1011 2371 1064 stolum
2394 1024 2500 1063 non
2522 1008 2763 1077 differo(l
2790 1010 2910 1065 Cor.
2943 1024 3015 1074 χι,
3042 1012 3118 1078 5).
3143 1010 3198 1063 Si
3218 1012 3459 1066 Rebecca
3476 1022 3766 1081 conspecto

2173 1098 2356 1167 procul
2407 1111 2604 1167 sponso
2634 1096 2881 1151 velamen
2912 1098 3107 1153 invasit
3136 1101 3295 1167 (Gen.
3329 1116 3467 1168 xxiv,
3503 1102 3615 1171 65),
3650 1102 3762 1171 pri-

2171 1196 2328 1240 vatus
2376 1184 2553 1254 pudor
2600 1184 2771 1255 legem
2817 1184 2993 1240 facere
3042 1201 3145 1242 non
3187 1187 3377 1257 potuit,
3428 1198 3519 1242 aut
3576 1205 3763 1243 causae

2173 1290 2283 1328 suae
2313 1273 2517 1329 fecerit.
2545 1272 2815 1344 Tegantur
2843 1272 3079 1346 virgines
3109 1275 3237 1329 sol-te
3256 1320 3268 1340 ,
3310 1284 3363 1329 et
3412 1277 3511 1331 hoc
3538 1287 3764 1348 nuptum

2172 1361 2465 1429 venientes,
2496 1376 2597 1416 nec
2624 1367 2905 1433 antequam
2936 1364 3285 1433 cognoverint
3324 1378 3577 1434 sponsos.
3600 1365 3652 1421 Si
3697 1377 3753 1422 et

2172 1450 2413 1505 Susanna
2434 1451 2487 1504 in
2525 1450 2729 1518 judicio
2784 1452 3017 1507 revelata
3047 1461 3421 1525 argumentum
3470 1455 3684 1509 velandi
3716 1457 3765 1492 ιδ

2177 1541 2346 1607 (Dan.
2377 1554 2493 1604 xm,
2532 1540 2619 1609 l8)
2650 1548 2885 1610 praestat,
2934 1554 3155 1612 possum
3186 1540 3391 1597 dicere:
3446 1541 3507 1595 Et
3552 1543 3639 1596 hic
3666 1559 3758 1599 ve-

2174 1629 2345 1683 lamen
2394 1628 2596 1681 arbitrii
2649 1629 2763 1692 fuit,
2810 1644 2901 1683 rea
2948 1640 3183 1696 venerat,
3213 1631 3539 1687 erubescens
3568 1633 3633 1684 de
3665 1632 3751 1686 in-

471 1727 616 1791 dilia,
656 1740 991 1798 quacunque
1031 1738 1133 1777 nos
1176 1720 1513 1776 conversatio
1559 1728 1789 1785 exercet,
1835 1718 2062 1774 frontem
2099 1688 2142 1764 Β
2173 1716 2341 1772 famia
2370 1734 2484 1781 sua,
2514 1718 2711 1775 merito
2750 1718 3087 1773 abscondens
3114 1721 3360 1775 decorem
3389 1721 3473 1775 vel
3519 1722 3644 1793 quia
3681 1724 3754 1776 ti-

474 1816 649 1872 crucis
683 1818 722 1853 ιι
760 1814 1039 1887 signaculo
1081 1811 1317 1867 terimus.

1094 1951 1314 2007 CAPUT
1354 1950 1442 2005 IV.

541 2080 739 2134 Harum
761 2087 817 2132 et
853 2077 1075 2132 aliarum
1124 2073 1392 2144 ejusmodi
1448 2071 1847 2142 disciplinarum
1881 2070 1925 2125 si
1982 2071 2062 2126 le-

468 2183 590 2240 gem
660 2166 974 2237 expostules
1046 2165 1471 2235 Scripturarum,
1531 2162 1729 2215 nullam
1785 2160 2059 2215 invenies:

468 2256 677 2312 traditio
728 2256 818 2310 tibi
868 2254 1229 2325 prtetendetur
1273 2252 1507 2318 auctrix,
1556 2250 1885 2305 consuetudo
1928 2266 2060 2305 coa-

467 2345 742 2415 firmatrix,
784 2353 836 2400 et
884 2344 1017 2398 tides
1085 2343 1129 2380 ¹²
1174 2340 1523 2396 observatrix.
1580 2340 1857 2394 Rationem
1896 2339 2064 2393 tradi-

2174 1807 2448 1875 mensjam
2482 1808 2711 1878 placere.
2732 1808 2995 1863 Caeterum
3024 1808 3075 1861 in
3115 1807 3290 1864 stadio
3341 1811 3386 1847 ιδ
3404 1811 3579 1866 mariti
3616 1812 3756 1881 (29),

2172 1911 2279 1951 non
2321 1904 2503 1965 putem
2534 1897 2757 1951 velatam
2804 1896 3178 1952 deambulasse
3208 1914 3329 1968 quas
3369 1898 3582 1970 placuit.
3622 1901 3762 1956 Fue-

2173 1984 2237 2041 rit
2288 2000 2428 2039 nunc
2465 1986 2637 2041 velata
2684 2000 2920 2055 semper,
2970 1985 3020 2039 in
3068 1986 3183 2055 ipsa
3211 2002 3423 2058 quoque
3459 1988 3633 2060 legem
3667 1989 3759 2043 lia-

2172 2074 2313 2129 bitus
2359 2075 2401 2110 ιτ
2460 2074 2697 2145 requiro,
2748 2074 2829 2130 vel
2871 2073 2923 2127 in
2974 2090 3294 2145 quacunque
3337 2075 3458 2134 alia.
3500 2078 3553 2131 Si
3594 2078 3761 2149 legem

2172 2178 2436 2231 nusquam
2485 2162 2710 2231 reperio,
2744 2162 2988 2229 sequitur
3041 2172 3099 2216 ut
3136 2162 3349 2218 traditio
3386 2166 3763 2219 consuetudini

2172 2266 2375 2306 morem
2422 2251 2565 2305 hunc
2621 2250 2846 2318 dederit,
2899 2250 3198 2304 habiturum
3250 2253 3573 2323 quandoque
3610 2254 3762 2323 Apo-

2174 2338 2295 2393 stoli
2344 2339 2707 2394 auctoritatem
2774 2354 2839 2393 ex
2897 2339 3329 2409 interpretatione
3393 2341 3627 2397 rationis.
3670 2342 3765 2396 His

1838 2454 2028 2517 Varia!
2080 2459 2391 2517 lectiones.

534 2541 578 2579 ιι
610 2540 799 2597 Crucis
826 2538 1021 2611 objicit
1053 2536 1217 2611 Semt.
1253 2537 1309 2611 1?;
1328 2534 1478 2611 lj‘idei
1512 2535 1766 2611 Riten._13
1792 2535 2028 2590 Traditio
2065 2534 2439 2591 consuetudini
2472 2536 2639 2589 Fran.
2687 2536 2861 2590 Paris.
2895 2536 2937 2574 “I
2976 2536 3281 2592 Praebeatur
3318 2537 3449 2591 Jun.

465 2614 631 2670 Seml.
668 2613 714 2650 ιδ
755 2612 814 2665 In
846 2607 1085 2681 pomario
1111 2609 1232 2663 alii.
1270 2609 1310 2645 Π
1337 2608 1527 2661 Habitu
1561 2607 1730 2662 Seml.

3556 2536 3760 2593 Velatae

1859 2678 2357 2741 Commentarius.
3670 2736 3676 2742 ,

465 2787 712 2854 formula,
764 2803 923 2857 quam
974 2784 1276 2857 Stephanus
1325 2786 1390 2839 ll.
1438 2786 1534 2839 PP.
1588 2784 1837 2857 rusticam
1884 2792 2058 2849 vocat,
2170 2796 2278 2857 non
2328 2790 2500 2857 tamen
2551 2782 2729 2838 locum
2781 2785 3174 2857 praetermittam
3225 2803 3289 2842 ex
3337 2786 3495 2857 epist.
3538 2788 3603 2840 66
3649 2784 3757 2856 Cy-

466 2875 614 2928 reSp.
650 2861 753 2913 te:
785 2854 817 2909 ⁷(
843 2857 901 2910 In
931 2856 1146 2910 nomine
1180 2857 1345 2909 Patris
1377 2872 1582 2925 mergo,
1616 2870 1667 2909 et
1698 2854 1811 2928 Filii
1848 2868 2056 2928 mergo,

2172 2853 2365 2927 priani,
2412 2854 2500 2921 qui
2548 2869 2647 2908 suo
2694 2863 2745 2907 et
2791 2856 3230 2927 Carthaginensis
3276 2856 3485 2913 concilii
3516 2853 3757 2925 nomine,

465 2903 786 3001 e‘tUSpii‘i-tus
830 2928 1007 3001 sancti
1060 2942 1264 3001 mergo.
1322 2950 1342 2976 ν
1367 2929 1428 2981 Τ.
1561 2903 1856 3001 ὲοιιςιζὶοη.
1912 2903 2056 2981 ϐίῗὶιί
2093 2903 2135 2981 C
2171 2903 2221 3001 in
2246 2903 2624 3001 episcoporum
2673 2903 3026 3001 memoriam”
3059 2903 3583 2983 revoctttvdeci‘eturn
3628 2903 3759 2999 quo:

468 3000 558 3056 Sic
600 2996 766 3055 unius
794 2998 1148 3067 ejusdemque
1180 2996 1311 3052 ritus
1337 2998 1602 3069 originem
1658 2996 1744 3050 alii
1777 2998 1841 3069 ad
1862 3012 2061 3069 perso-

470 3088 564 3126 nas
606 3071 954 3126 sanctissimac
984 3069 1277 3133 Trinitatis,
1310 3070 1394 3123 alii
1429 3068 1494 3122 ad
1544 3069 1734 3124 trinam
1773 3068 2058 3133 visionem,

469 3143 554 3197 alii
583 3144 648 3196 ad
683 3146 870 3195 trinam
902 3140 1371 3207 interrogationem
1406 3140 1663 3193 referunt.
1706 3140 1793 3193 Sic
1842 3139 2061 3192 incertae

465 3225 592 3269 sunt
648 3214 923 3267 hominum
975 3218 1205 3273 mentes,
1257 3223 1537 3282 postquam
1592 3226 1623 3263 a
1655 3208 1895 3279 principii
1933 3212 2063 3264 sim-

467 3283 1179 3359 ριίςιιειιρίάεηοκίξτφτΒία·
1401 3355 1410 3359 -
1600 3358 1605 3359 κ
1690 3352 1735 3359 --
1837 3348 1847 3359 .

540 3356 656 3425 (21)
688 3353 1537 3425 Eucharistiresacramentum,
1560 3358 1662 3425 e_t_c.
1690 3352 1813 3425 Haec
1834 3352 2062 3425 induunt

473 3420 826 3480 Eu'charistia:
864 3421 1139 3478 sumendae
1171 3433 1381 3490 tempus
1428 3436 1541 3475 arvo
1580 3420 1912 3490 Tertulliani,
1946 3432 2059 3475 tan-

466 3503 579 3551 tum
628 3495 866 3550 abfuisse
910 3511 939 3547 a
990 3504 1231 3563 tempore
1260 3494 1452 3560 victus,
1481 3507 1587 3562 quo
1624 3500 1861 3563 tempore
1892 3509 1921 3544 a
1960 3494 2063 3546 Do-

466 3567 611 3621 mino
662 3567 833 3621 fuerat
881 3562 1133 3625 instituta,
1202 3572 1258 3616 ut
1324 3563 1480 3617 etiam
1528 3562 1865 3618 antelucanis
1914 3564 2060 3617 horis

463 3647 781 3691 sumeretur.
832 3637 948 3689 Non
991 3635 1242 3705 pugnabo
1284 3642 1459 3688 tamen
1506 3635 1769 3689 adversus
1812 3648 1903 3688 eos
1965 3633 2064 3705 qui

461 3715 733 3776 sumptum
780 3706 944 3763 fuisse
990 3705 1169 3759 dicent
1216 3705 1360 3769 horis
1405 3706 1561 3761 etiam
1614 3713 1762 3759 extra
1791 3705 2061 3776 anteluca-

462 3775 771 3844 nas,'modo
801 3789 923 3831 ante
952 3792 1165 3831 omnem
1196 3776 1392 3831 cibum.
1438 3778 1547 3831 Hoc
1573 3776 1713 3833 enim
1757 3775 2060 3847 significare

468 3849 681 3903 videtur
726 3848 817 3903 lib.
869 3865 928 3917 tt,
976 3848 1047 3901 ad
1090 3849 1359 3904 Uxorem:
1421 3849 1436 3883 ι
1495 3849 1613 3902 Non
1666 3848 1797 3901 sciet
1838 3848 2059 3901 maritus

461 3919 593 3989 quid
648 3926 853 3973 secreto
931 3929 1053 3973 ante
1110 3934 1319 3971 omnem
1376 3920 1555 3973 cibum
1606 3920 1883 3984 gestes?»
1955 3918 2057 3971 nisi

460 3988 633 4061 magis
680 3990 923 4044 videatur
952 3990 1108 4043 etiam
1148 3998 1267 4044 ante
1304 3988 1557 4061 sarculum
1596 3989 1925 4061 Tertulliani,
1977 3990 2060 4043 in-

459 4060 741 4133 defensum
771 4062 875 4115 ltoc
908 4062 1093 4133 fuisse,
1127 4068 1179 4114 et
1235 4076 1332 4128 pro
1362 4060 1627 4133 cujusque
1671 4060 1928 4133 religione
1958 4078 2047 4115 va-

460 4132 538 4186 rie
587 4132 898 4187 factitatum.
943 4131 1147 4201 Exigua
1186 4140 1327 4185 certe
1376 4140 1456 4184 est
1502 4142 1554 4185 et
1582 4131 1809 4185 obseura
1848 4132 2047 4187 mentio

458 4217 628 4258 omna:
658 4204 954 4257 Dominicaa
1004 4206 1142 4257 inter
1178 4203 1450 4271 apostolos
1488 4202 1792 4271 celebratae,
1827 4203 1927 4257 etsi
1966 4217 2052 4257 ce-

459 4274 715 4330 lebratam
744 4274 960 4345 quidem
991 4283 1043 4329 et
1093 4273 1419 4345 saepissime:
1448 4274 1610 4329 fuisse
1646 4291 1803 4328 nemo
1835 4274 2052 4329 sobrius

457 4343 774 4417 negaverit,
810 4344 918 4417 sed;
962 4352 1046 4417 ut_
1072 4343 1145 4398 ait
1194 4344 1573 4417 Tertullianus,
1608 4345 1659 4397 in
1702 4354 1942 4414 tempore
1973 4346 2051 4399 vi-

456 4414 596 4480 ctu—s,
628 4418 870 4487 adeoque
898 4414 1158 4487 fractione
1188 4416 1281 4487 illa
1319 4415 1488 4485 panis,
1524 4432 1643 4486 quae
1682 4432 2049 4485 saepenumero

456 4488 709 4549 occurrit,
762 4488 982 4542 includi.
1034 4486 1181 4541 Hanc
1224 4486 1278 4539 in
1312 4489 1626 4541 sententiam
1666 4488 1910 4540 ducimur
1941 4503 2054 4555 gra-

455 4557 677 4615 vissima
698 4557 787 4611 illa
806 4558 951 4613 Pauli
978 4557 1347 4625 increpatione
1371 4559 1435 4611 ad
1467 4559 1505 4613 I.
1533 4558 1786 4613 Corinth.
1832 4573 1887 4611 ιι.
1928 4560 2049 4614 Rte.

527 4631 638 4700 (22)
666 4630 955 4685 Omnibus
978 4630 1319 4685 mandatum
1350 4646 1383 4683 α
1422 4630 1676 4691 Domino,
1710 4638 1811 4682 etc.
1862 4646 1965 4685 nec
1988 4630 2053 4683 de

454 4701 703 4773 alterum
728 4719 904 4757 manu
926 4717 1098 4772 quam
1116 4701 1447 4773 praesidenti
1454 4717 1545 4755 um
1567 4701 2055 4773 sumimus.(.'0nsi-

457 4772 597 4825 milis
628 4783 709 4826 est
740 4771 983 4844 locusde
1015 4771 1408 4843 praesidentium
1431 4771 1655 4833 honore,
1692 4772 1783 4827 lib.
1812 4773 1876 4827 de
1895 4775 2049 4844 Bapt.

456 4858 512 4910 p.
546 4845 647 4912 263
677 4861 689 4896 :
730 4863 752 4891 rt
788 4842 1025 4896 Proinde
1050 4851 1102 4897 et
1125 4844 1418 4912 baptisznus
1444 4859 1594 4909 teque
1614 4844 1707 4897 Dei
1741 4860 1953 4909 census,
1972 4842 2052 4895 ab

454 4911 703 4983 omnibus
732 4915 967 4968 exerceri
1014 4911 1209 4981 potest,
1258 4935 1279 4963 ι
1324 4924 1425 4968 etc.
1461 4913 1653 4983 Opera-
1694 4918 1922 4982 pretium
1955 4916 2054 4968 erit

456 4982 781 5055 contulisse;
838 4999 962 5037 nam
994 4973 1047 5038 et
1075 4973 1247 5038 lucem
1288 4984 1390 5039 sibi
1433 4973 1618 5039 mutuo
1648 4973 1880 5038 afferunt
1911 5001 2051 5055 prae-

459 5052 681 5108 claram.
728 5054 851 5109 Rte.

532 5124 649 5193 (23)
681 5125 998 5182 Oblatt'ones
1026 5142 1128 5195 pro
1166 5125 1473 5196 defunctis.
1511 5124 2051 5196 Magdeburgensium

466 5211 689 5265 quoque
716 5207 1073 5250 commentum
1109 5197 1406 5251 doctrinam
1440 5197 1576 5249 hanc
1606 5196 1917 5251 Tertulliani
1947 5199 2049 5251 de-

468 5274 735 5337 sumptam
768 5283 831 5322 ex
868 5269 1137 5322 Montano.
1174 5267 1276 5321 Pro
1307 5266 1470 5334 hujus
1513 5274 1694 5321 autem
1744 5267 1877 5322 ritus
1922 5268 2048 5322 fun-

462 5337 716 5394 damento
754 5337 947 5393 afferre
977 5352 1189 5410 possem
1221 5345 1408 5391 contra
1438 5339 1715 5394 haereticos
1739 5356 1860 5407 qua)
1890 5343 2051 5410 vulgo

461 5410 785 5473 afferuntur,
837 5417 914 5464 tot
965 5409 1216 5463 nimirum
1268 5409 1531 5465 orationes
1573 5410 1668 5465 SS.
1731 5412 1942 5466 Patrum
1987 5409 2045 5465 in

452 5483 682 5536 fenei-ib.
744 5491 853 5537 tum
923 5481 1239 5554 amicorum,
1321 5496 1441 5554 cum
1500 5482 2040 5554 consanguineorum,

448 5559 559 5606 tum
624 5556 789 5608 etiam
844 5567 1173 5609 summorum
1223 5551 1277 5607 in
1332 5552 1567 5608 Ecclesia
1621 5551 1731 5609 Dei
1764 5553 2038 5610 virorum:

2171 2994 2384 3066 siquis
2434 2994 2592 3049 frater
2644 2997 2899 3050 clericum
2962 3005 3191 3053 tutorem
3252 3000 3597 3061 nominasset,
3647 2994 3754 3053 non

2170 3064 2455 3141 offerretur
2503 3081 2597 3135 pro
2648 3083 2871 3141 eo,iuec
2916 3070 3240 3125 sacrificium
3288 3087 3383 3141 pro
3440 3070 3759 3125 dormitione

2169 3137 2286 3207 ejus
2315 3137 2708 3192 celebraretur.
2743 3139 2952 3193 Novum
2984 3141 3167 3207 itaque
3196 3137 3301 3195 non
3350 3148 3431 3195 est
3461 3142 3762 3195 oblationes

2169 3205 2301 3269 fieri,
2337 3218 2389 3260 et
2419 3208 2673 3263 sacrificia
2703 3225 2800 3277 pro
2834 3211 3055 3265 mortuis
3077 3205 3127 3265 in
3157 3212 3388 3267 Ecclesia
3412 3211 3528 3266 Dei.
3551 3213 3628 3265 LE
3658 3214 3760 3266 Pu.

2210 3279 2352 3357 .(24)
2376 3280 2789 3357 l'rouzatalttiis
2807 3298 3024 3357 annua,
3050 3292 3162 3357 etc.
3184 3284 3280 3336 Per
3310 3282 3545 3337 natalitia
3573 3285 3762 3337 intelli-

2169 3350 2246 3417 git
2276 3350 2638 3424 solemnitates
2671 3351 2785 3404 fieri
2819 3353 3006 3408 solitas
3053 3354 3105 3407 in
3151 3354 3405 3409 honorem
3447 3362 3758 3424 martyrum,

2166 3434 2275 3489 quo
2300 3419 2502 3474 scilicet
2530 3421 2617 3474 die
2657 3424 2856 3475 mundo
2889 3426 3102 3487 mortui,
3137 3426 3274 3480 coelo
3295 3427 3403 3480 nati
3434 3419 3761 3480 snnthnde

2169 3508 2370 3546 annua
2401 3492 2507 3555 die,
2534 3492 2584 3544 id
2610 3496 2693 3547 est
2719 3496 3007 3562 quotannis
3040 3495 3285 3551 facimus.
3316 3498 3389 3551 LE
3421 3497 3514 3551 Pa.

2240 3563 2477 3629 (25)Aut
2503 3566 2670 3633 panis
2699 3566 2871 3618 etiam
2903 3571 3104 3624 nostri.
3165 3567 3335 3622 Etiam
3370 3584 3475 3624 non
3512 3566 3758 3623 euchari-

2168 3634 2309 3697 stici,
2338 3634 2496 3688 etiam
2530 3635 2752 3704 profani.
2787 3636 2909 3690 Rre.

2264 3707 2352 3785 26)
2381 3705 2832 3785 Aliqttt'tioecuti
2881 3710 2942 3785 t'n
2971 3714 3204 3775 terram,
3237 3717 3340 3768 etc.
3375 3709 3707 3785 Augustinus
3743 3731 3756 3765 :

2174 3797 2195 3825 α
2231 3778 2438 3851 Quanta
2462 3778 2820 3851 sollicitudine
2844 3782 3194 3835 observamus
3214 3782 3425 3851 quando
3455 3778 3611 3835 nobis
3638 3796 3761 3835 cor-

2171 3862 2270 3914 pus
2300 3847 2502 3921 _Cl1ri_sti
2560 3848 2914 3913 ministratur,
2950 3860 3005 3905 nt
3044 3853 3173 3905 nihil
3203 3847 3265 3905 ex
3313 3854 3431 3921 ipso
3462 3854 3529 3904 de
3560 3851 3760 3905 no.~tris

2172 3917 2416 3994 manibus
2445 3918 2497 3971 in
2522 3928 2712 3994 terram
2736 3921 2908 3989 cadat,
2935 3940 2972 3994 _»
3016 3932 3116 3977 etc.
3150 3917 3344 3977 citatur
3372 3924 3517 3994 apud
3541 3922 3757 3976 Gratia-

2169 4005 2318 4061 num.
2356 3990 2394 4045 I.
2427 4005 2480 4059 q.
2518 3993 2567 4052 1,
2596 3990 2899 4061 Interrogo.
2934 3991 3053 4046 Rm.

2226 4058 2341 4127 (27)
2368 4058 2662 4135 Rationem
2686 4058 2982 4120 traditioni
3012 4065 3520 4135 patrocinaturam.
3548 4063 3755 4135 Etenim

2163 4132 2368 4200 absque
2399 4131 2602 4186 ratione
2634 4149 2765 4188 vana
2796 4142 2943 4188 esset
2973 4131 3202 4189 traditio.
3236 4135 3324 4190 Sic
3361 4134 3523 4189 etiam
3567 4134 3759 4188 Hiero-

2164 4216 2379 4272 nymus,
2415 4203 2532 4257 loco
2572 4204 2879 4278 supradicto
2910 4207 3229 4278 :_Multaque
3258 4206 3359 4260 alia
3388 4223 3509 4278 quae
3554 4204 3754 4278 scripta

2159 4287 2265 4327 non
2321 4280 2469 4336 sunt,
2532 4274 2861 4329 rationabilis
2917 4275 3018 4331 sibi
3075 4274 3751 4333 observatio'vindicavit.

2160 4344 2270 4467 ﬁco
2302 4345 2593 4415 Apostolus
2623 4345 2944 4416 obsequium
2974 4346 3171 4419 exigit,
3211 4348 3317 4401 nisi
3348 4347 3685 4404 rationabile.
3725 4367 3753 4396 ι)

2212 4431 2286 4467 IG.

2212 4431 2286 4468 IG.

2238 4487 2350 4557 (28)
2380 4488 2537 4557 Apud
2567 4488 2783 4543 Iudaeos
2832 4490 2950 4541 tam
2977 4490 3221 4547 solemne
3249 4497 3351 4547 est.
3385 4490 3464 4544 De
3506 4488 3755 4543 velandis

2163 4554 2377 4633 feminis
2403 4554 2652 4633 omnibus
2674 4561 3049 4633 cujuscunque
3077 4561 3310 4633 generis,
3363 4560 3587 4628 ordinis,
3617 4575 3753 4633 con-

2162 4627 2399 4702 ditionis,
2427 4630 2616 4691 aetatis,
2653 4628 2928 4702 dignitatis
2961 4627 2976 4697 ,
3008 4627 3385 4701 ex'Apostolo,
3423 4632 3758 4686 exstatliber

2164 4700 2373 4771 integer
2403 4702 2646 4771 Auctoris
2673 4700 2837 4771 quem,
2867 4702 3113 4770 suspicor
3144 4700 3245 4757 hoc
3277 4703 3650 4771 posteriorem,
3685 4718 3755 4757 eo

2163 4772 2305 4845 quod
2353 4769 2709 4845 hic‘subdat“:
2750 4791 2771 4820 α
2810 4769 3005 4845 Quaero
3054 4774 3250 4845 legem,
3278 4769 3753 4845 ﬁpostolumgdif—

2165 4844 2298 4914 fero.
2367 4860 2402 4914 ξ
2439 4842 2575 4914 Νίκη
2619 4841 2728 4897 illic
2791 4841 3131 4911 potissimum
3192 4841 3379 4914 probat
3432 4843 3755 4900 auctoritate

2162 4911 2406 4981 Apostoli
2437 4911 2481 4981 (I
2516 4912 2635 4967 Cor.
2673 4924 2753 4983 ιι).
2793 4915 2927 4969 Pan.

2234 4982 2345 5052 (29)
2378 4984 2438 5037 In
2468 4983 2651 5037 stadio
2684 4982 2901 5040 mariti.
2940 4986 3193 5056 Intelligit
3223 4987 3375 5041 stadii
3399 4987 3614 5042 nomine
3644 4987 3751 5056 hy-

2162 5065 2405 5123 pmtram,
2467 5056 2566 5107 hoc
2614 5066 2695 5128 est
2744 5057 3073 5112 subdivalem
3106 5059 3555 5127 ambulationem,
3586 5073 3752 5128 quam

2162 5134 2215 5178 et
2256 5135 2466 5199 xystum
2507 5126 2858 5199 appellamus,
2896 5146 3018 5199 quae
3046 5128 3202 5183 etiam
3235 5131 3518 5185 arboribus
3546 5126 3753 5183 consita

2161 5210 2281 5251 esse
2310 5197 2754 5271 solebat,umbrte
2785 5197 2971 5271 gratia.
3007 5201 3131 5253 th.

2228 5268 2386 5321 —ln
2443 5268 2769 5341 stadio,_etc.
2789 5268 2929 5341 Legi
2980 5280 3161 5340 posset
3195 5271 3454 5327 stibadio.
3487 5272 3619 5326 Nam
3675 5270 3751 5323 ita

2158 5350 2415 5392 vocamur
2448 5339 2497 5391 in
2533 5339 2703 5393 hortis
2746 5339 2932 5395 sedilia
2959 5339 3242 5405 herbacea,
3274 5354 3328 5396 et
3378 5359 3441 5397 ex
3495 5342 3748 5407 floribus;

2156 5408 2401 5487 sedpilril
2438 5418 2602 5487 muto,
2647 5427 2768 5487 nam
2799 5411 2978 5467 omnia
3027 5413 3159 5487 loca
3182 5429 3411 5487 amoena,
3443 5425 3498 5469 et
3540 5427 3611 5469 ex
3654 5429 3750 5467 ar-

2156 5479 2375 5533 boribus
2419 5483 2641 5547 consita,
2666 5481 2769 5538 dici
2797 5491 2999 5554 queunt
3028 5483 3215 5538 stadia.
3257 5485 3387 5540 Lac.
