4036 6172
268 250 339 307 tot
875 268 888 278 ι
1637 235 1718 293 DE
1760 233 2042 292 CORONA.
3391 241 3485 300 102

266 374 401 446 igitur
425 366 645 438 exemplis
703 361 1054 418 renuntiatum
1111 362 1232 427 erit,
1269 377 1428 434 posse
1469 363 1630 418 etiam
1672 375 1780 414 non
1814 373 1860 452 Α
1891 371 2000 415 ster
2026 371 2126 426 est,
2154 360 2243 432 qui
2290 360 2546 434 ﬁguravit
2594 361 2883 426 hominem,
2923 374 2976 419 et
3013 365 3276 422 fructibus
3307 383 3484 423 rerum

273 462 473 530 scriptam
497 453 808 510 traditionem
857 451 916 504 in
959 451 1334 508 observatione
1377 449 1616 514 defendi,
1644 464 1778 504 con-
1816 449 1859 452 “’
1891 453 2236 519 appetendis,
2263 451 2598 520 jutlicandis,
2644 455 3060 524 consequendis,
3092 465 3272 511 certos
3326 456 3379 512 in
3417 471 3484 512 eo

276 549 472 603 ﬁrmatam
492 539 884 608 consuetudine,
933 539 1125 595 idonea
1173 548 1308 594 teste
1364 539 1604 609 probata:
1653 547 1782 592 tunc
1889 554 2081 594 sensus
2135 540 2410 594 ordinavit
2470 557 2565 610 per
2623 541 2846 611 propria
2923 545 3283 598 membrorum
3340 563 3482 615 quo-

283 634 520 699 traditionis,
544 646 608 686 ex
647 627 1038 700 perseverantia
1087 628 1502 684 observationis.
1534 627 1778 681 Consuc-
1889 627 2176 682 dammollo
2211 643 2438 698 organa.
2476 629 2734 684 Auditum
2765 630 2821 684 in
2853 630 3080 686 auribus
3109 632 3264 698 fodit,
3305 634 3480 689 visum

284 726 378 780 tudo
395 731 531 776 autem
581 719 738 773 etiam
784 718 901 786 (30)
932 717 985 772 in
1029 717 1276 774 civilibus
1333 717 1492 772 rebus
1531 732 1628 787 pro
1660 717 1780 786 lege
1890 716 1942 770 in
1974 717 2142 772 oculis
2188 718 2456 781 accendit,
2486 729 2701 789 gustum
2731 719 2784 773 in
2832 735 2928 775 ore
2957 722 3242 788 conclusit,
3285 722 3482 776 odora-

281 811 504 879 suscipitnr,
552 823 670 861 cum
697 804 880 859 deﬁt-it
935 805 1018 860 lex
1053 824 1064 862 :
1100 804 1402 862 necdiffert
1425 806 1690 876 scriptura
1709 819 1778 858 an
1887 813 1997 858 tum
2057 806 2110 858 in
2159 808 2380 861 naribus
2427 808 2720 871 ventilavit,
2774 818 3082 864 contactum
3131 809 3184 863 in
3235 811 3486 866 manibus

277 902 417 952 ratione
460 896 719 958 consistat,
764 895 991 963 quando
1042 901 1096 949 et
1132 894 1305 966 legem
1338 894 1471 949 ratio
1500 909 1776 948 cotiimen-
1886 893 2160 949 extimavit
2197 895 2247 932 2³
2298 894 2429 964 (33).
2493 896 2590 949 Per
2637 897 2751 952 haec
2787 897 3069 952 exterioris
3117 897 3350 952 hominis
3381 899 3484 952 mi-

271 989 342 1041 det.
383 987 532 1050 Porro,
586 982 630 1036 si
678 972 890 1037 ratione
948 981 1032 1038 lex
1065 991 1292 1048 constat,
1341 983 1424 1038 lex
1484 984 1586 1038 erit
1620 996 1778 1037 omne
1890 982 2132 1052 nisteria,
2209 983 2488 1048 interiori_
2534 983 2736 1038 homini
2827 984 3208 1056 ministrantis,
3284 986 3487 1040 fructus

259 1074 472 1144 jamquod
516 1071 715 1126 ratione
778 1070 1138 1135 constituerit,
1174 1086 1206 1124 a
1251 1086 1584 1141 quocunque
1640 1085 1777 1142 pro-
1888 1088 2172 1126 munerum
2232 1071 2539 1127 divinorum
2602 1073 2669 1126 ad
2737 1072 2974 1127 animam
3018 1074 3364 1131 deducuntur
3417 1074 3488 1127 ab‘

261 1161 442 1215 ductum.
471 1162 543 1214 An
590 1175 692 1212 non
745 1169 899 1227 putas
949 1157 1097 1212 omni
1124 1157 1271 1214 ﬁdeli
1300 1160 1463 1215 licere
1493 1159 1778 1230 concipere
1885 1161 2132 1214 sensibus
2180 1160 2227 1198 2⁵·
2273 1161 2408 1232 (34).
2467 1161 2604 1228 Quis
2649 1162 2813 1232 igitur
2860 1160 3064 1218 fructus
3109 1178 3174 1217 ex
3220 1163 3490 1217 ﬂoribus?

257 1260 294 1304 et
315 1249 585 1304 constituere
609 1291 623 1312 ,
654 1248 918 1302 duntaxat
968 1247 1112 1318 quod
1163 1247 1281 1303 Deo
1318 1258 1600 1320 congruat,
1633 1247 1777 1317 quod
1887 1247 2187 1302 substantia
2213 1249 2356 1302 enim
2391 1248 2630 1319 prapria,
2665 1259 2808 1304 certe
2839 1249 3111 1320 praecipua
3139 1265 3483 1312 coronarum,

257 1338 488 1408 disciplinae
530 1337 795 1390 conducat
851 1336 998 1406 quod
1053 1336 1210 1390 saluti
1258 1337 1518 1406 proﬁciat,
1571 1336 1778 1391 dicente
1886 1334 2047 1390 ﬂores
2086 1335 2231 1409 agri.
2283 1337 2570 1406 Autodor,
2612 1338 2808 1407 inquis,
2839 1345 2932 1391 aut
2959 1339 3132 1404 color,
3163 1351 3256 1396 aut
3289 1342 3492 1411 pariter

259 1426 455 1480 nimico:
473 1428 570 1482 Cur
583 1428 783 1482 autem
806 1441 917 1479 non
940 1433 996 1480 et
1015 1442 1049 1480 α
1070 1425 1220 1480 vobis
1240 1427 1377 1496 ipsis
1399 1426 1541 1497 quod
1551 1428 1777 1496 justum
1885 1431 2194 1494 utrumque.
2227 1423 2331 1493 Qui
2363 1432 2526 1480 erunt
2571 1441 2766 1480 sensus
2815 1427 3014 1480 coloris
3039 1433 3096 1481 et
3122 1428 3305 1482 odoris
3335 1431 3362 1484 τ
3394 1430 3488 1486 Vi-

252 1516 471 1586 judicntis
503 1517 641 1583 (Luc.
673 1529 786 1581 xu,
821 1513 909 1580 57)
931 1518 958 1570 ξ)
1003 1522 1054 1568 et
1083 1529 1192 1568 non
1235 1513 1526 1582 dejudicio
1547 1521 1776 1579 tantum,
1884 1528 2000 1578 sus,
2028 1513 2242 1584 opiner,
2274 1524 2328 1568 et
2372 1514 2645 1569 odoratus.
2681 1516 2818 1569 Istos
2857 1531 3049 1570 sensus
3079 1531 3200 1585 quae
3238 1519 3489 1572 membra

259 1606 331 1659 sed
360 1608 416 1659 de
438 1605 560 1660 omni
592 1605 860 1658 sententia
888 1617 1071 1658 rerum
1104 1603 1607 1658 examinandarum.
1641 1603 1784 1658 Dicit
1813 1654 1854 1669 _
1886 1602 2074 1658 sortita
2103 1604 2277 1658 sunt?
2334 1601 2510 1669 Oculi,
2545 1602 2643 1658 nisi
2691 1602 2867 1668 fallor,
2900 1614 2956 1658 et
2988 1619 3162 1660 nares.
3197 1606 3358 1662 Utere
3386 1606 3487 1661 ita-

262 1704 303 1748 et
325 1695 664 1764 Apostolus:8i
703 1693 838 1764 quid
879 1693 1175 1763 ignoratis,
1199 1695 1347 1748 Deus
1378 1691 1526 1749 vobis
1557 1695 1777 1749 revela-
1813 1654 1856 1732 Β
1885 1706 1992 1762 que
2045 1691 2266 1746 ﬂoribus
2330 1693 2445 1746 visu
2511 1699 2565 1745 et
2624 1692 2875 1759 odoratu,
2933 1707 3161 1763 quorum
3227 1709 3486 1750 sensuum

270 1784 330 1835 bit
352 1783 565 1853 (Ρὴὶιίρρ.
592 1797 665 1848 ιιι,
715 1780 1068 1851 tb‘):solitus
1095 1789 1149 1834 et
1175 1781 1292 1853 ipse
1330 1780 1616 1839 consilium
1661 1783 1782 1837 sub-
1885 1777 2091 1835 fructus
2147 1789 2230 1834 est
2279 1796 2293 1847 ;
2373 1788 2524 1835 utere
2583 1797 2678 1850 per
2737 1781 2928 1837 oculos
2999 1789 3050 1835 ct
3105 1797 3284 1848 nares,
3343 1798 3490 1852 quo-

280 1869 537 1934 ministrare,
560 1886 656 1924 cum
692 1876 1022 1940 praeceptum
1061 1868 1277 1924 Domini
1307 1884 1416 1924 non
1446 1871 1698 1934 habebat,
1728 1878 1780 1924 et
1887 1884 2005 1922 rum
2062 1883 2320 1924 sensuum
2376 1870 2622 1924 membra
2688 1877 2832 1924 sunt.
2911 1869 3230 1924 Substantia
3308 1871 3401 1923 tibi
3460 1888 3493 1926 a

281 1959 474 2028 quaedam
498 1959 667 2014 elicere
723 1974 750 2012 a
798 1957 1119 2028 semetipso,
1163 1959 1256 2013 sed
1285 1967 1339 2014 et
1380 1961 1498 2028 ipse
1558 1960 1604 1996 ιδ
1659 1959 1782 2029 Spi—
1886 1957 2001 2011 Deo
2035 1957 2229 2012 tradita
2282 1965 2384 2026 est,
2446 1957 2665 2012 habitus
2695 1973 2728 2011 a
2756 1958 2976 2024 saeculo,
3023 1973 3336 2030 quanquam
3396 1976 3494 2014 nec

272 2045 402 2099 ritum
446 2047 525 2099 Dei
561 2047 753 2103 habens
785 2046 900 2115 (31)
931 2045 1279 2104 deductorem
1307 2047 1487 2103 omnis
1516 2049 1774 2104 veritatis.
1887 2046 2102 2100 habitus
2159 2045 2625 2102 extraordinarius
2687 2046 2956 2102 ordinatio
3010 2048 3129 2102 usui
3207 2049 3489 2118 obstrepit.

266 2135 407 2204 itaque
428 2133 679 2190 consilium
713 2147 764 2188 et
809 2134 1047 2190 edictum
1088 2136 1134 2172 19
1159 2138 1281 2206 ejus
1329 2137 1501 2191 divini
1528 2135 1636 2193 82
1659 2137 1776 2206 jam
1885 2136 2000 2192 Hoc
2027 2137 2133 2191 sint
2167 2135 2263 2190 tibi
2292 2137 2476 2207 ﬂores,
2534 2144 2588 2191 et
2616 2135 2823 2201 inserti,
2865 2144 2920 2190 et
2974 2135 3179 2204 innexi,
3213 2146 3266 2193 et
3296 2137 3348 2191 in
3381 2136 3488 2203 ﬁlo,

256 2224 450 2294 preceth
484 2224 633 2280 instar
687 2223 921 2280 obtinuit
955 2224 1022 2279 de
1052 2223 1276 2280 rationis
1304 2225 1496 2280 divinae
1537 2227 1776 2296 patroci-
1886 2225 2025 2281 etin
2063 2224 2266 2295 scirpo,
2324 2225 2470 2296 quod
2532 2225 2710 2290 liberi,
2748 2224 2892 2296 quod
2951 2225 3106 2280 saluti
3144 2245 3156 2280 :
3191 2227 3486 2296 spectaculi

252 2312 480 2368 aio.Hanc
505 2328 637 2368 nunc
701 2313 1007 2385 expostula,
1059 2315 1205 2369 salvo
1244 2314 1550 2370 traditionis
1583 2332 1775 2387 rcspe-
1887 2313 2090 2369 scilicet
2143 2321 2197 2368 et
2243 2313 2496 2384 spiraculi
2553 2328 2660 2368 res.
2710 2313 2976 2368 Coronam
3018 2313 3062 2366 si
3114 2312 3255 2369 forte
3291 2316 3492 2370 fascem

247 2413 325 2466 ctu,
355 2418 635 2473 quocunque
694 2404 948 2458 traditore
1004 2413 1285 2469 censetur;
1349 2419 1449 2460 nec
1503 2413 1775 2460 auctorem
1887 2402 2164 2458 existimas
2194 2402 2384 2458 ﬂorum
2417 2419 2514 2474 per
2535 2402 2730 2457 seriem
2753 2403 3278 2473 comprehensorum
3309 2401 3497 2459 88m

247 2489 464 2560 respicias,
493 2493 578 2545 sed
626 2491 1033 2558 auctoritatem,
1083 2501 1136 2548 et
1185 2492 1237 2546 in
1272 2493 1456 2563 primis
1483 2502 1777 2548 consuctu-
1887 2490 2076 2564 plures
2105 2491 2262 2545 simul
2297 2501 2498 2561 portes,
2544 2499 2601 2546 ut
2648 2489 2900 2544 omnibus
2930 2490 3129 2560 pariter
3162 2492 3352 2558 utaris,
3384 2494 3495 2562 jam

243 2577 344 2633 diuis
369 2580 551 2650 ipsius:
585 2597 712 2651 qua:
763 2588 1047 2649 pr0pterea
1075 2579 1294 2638 colenda
1327 2591 1429 2650 est,
1461 2598 1530 2637 ne
1573 2598 1680 2637 non
1710 2583 1780 2636 sit
1863 2583 2017 2634 "vero
2047 2586 2100 2633 et
2134 2577 2184 2632 in
2234 2579 2412 2632 sinum
2458 2578 2650 2644 conde,
2697 2579 2742 2633 si
2793 2584 2940 2631 tanta
2988 2577 3252 2632 munditia
3283 2589 3364 2634 est
3397 2596 3409 2631 :
3441 2579 3495 2632 in

241 2667 411 2722 rationis
435 2671 720 2740 interpres,
756 2678 834 2734 ut,
867 2670 913 2723 si
951 2679 1004 2724 et
1025 2672 1160 2726 hanc
1203 2671 1349 2726 Deus
1396 2670 1622 2737 dederit,
1657 2680 1782 2727 tunc
1887 2665 2141 2722 lectulum
2172 2681 2394 2741 sparge,
2417 2666 2462 2721 si
2487 2673 2638 2720 tanta
2661 2664 2886 2720 mollitia
2915 2674 2997 2720 est
3030 2683 3041 2718 :
3075 2677 3126 2720 et
3157 2666 3208 2718 in
3239 2666 3494 2735 poculum

237 2755 447 2813 discasan
475 2774 583 2814 non
610 2759 951 2814 observanda
976 2759 1042 2812 sit
1083 2760 1174 2815 tibi
1207 2761 1563 2816 consuetudo.
1892 2756 2072 2820 crede,
2130 2755 2176 2810 si
2233 2761 2376 2810 tanta
2423 2753 2729 2810 innocentia
2775 2761 2880 2819 est,
2943 2762 3020 2810 tot
3069 2753 3247 2808 modis
3294 2753 3495 2824 fruere,

853 2899 868 2914 η
895 2897 911 2918 ι
933 2899 1060 2918 ηρ...
1084 2899 1126 2918 ιγ
1893 2854 2024 2917 quot
2059 2853 2112 2899 et
2167 2843 2352 2901 sentis.
2403 2843 2674 2898 Caeterum
2734 2842 2785 2896 in
2845 2843 3024 2914 capite
3052 2841 3174 2914 quis
3205 2857 3364 2912 sapor
3392 2842 3496 2897 ﬁo-

831 2897 1060 2954 CAPUT
1084 2899 1148 2953 ν·
1819 2932 1862 3008 Β
1894 2897 2152 3004 rigida)?
2199 2897 2319 3004 quis
2373 2897 2814 2986 corontesensus
2847 2897 2950 2986 nisi
2990 2897 3188 2987 vinculi
3230 2897 3438 2985 tantum
3470 2933 3497 2987 ?

280 3015 361 3070 Sed
400 3019 452 3055 ²⁰
480 3035 582 3073 cur
622 3019 794 3086 major
830 3019 1055 3076 efﬁcitur
1085 3021 1128 3058 ²ι
1179 3021 1310 3078 ratio
1355 3021 1775 3077 Christianarum
1884 3037 1990 3094 quo
2023 3036 2195 3090 neque
2224 3019 2370 3074 color
2409 3018 2669 3083 cernitur,
2702 3033 2884 3088 neque
2936 3019 3073 3074 odor
3129 3019 3361 3083 ducitur,
3400 3036 3498 3075 nec

235 3111 648 3177 etsen'attonum,
706 3130 829 3167 cum
893 3114 1004 3169 illas
1059 3116 1219 3170 etiam
1285 3127 1472 3172 natura
1512 3117 1562 3154 22
1591 3117 1779 3172 defen-
1886 3110 2140 3165 teneritas
2190 3109 2627 3162 commendatur.
2688 3105 2819 3156 Tam
2877 3113 3065 3158 contra
3113 3111 3360 3158 naturam
3418 3117 3499 3161 est

235 3197 285 3251 dit
325 3203 451 3273 (32),
540 3219 666 3273 quae
737 3203 905 3273 prima
976 3203 1213 3258 omnium
1286 3204 1568 3275 disciplina
1625 3206 1778 3260 est?
1883 3200 2070 3254 ﬂorem
2125 3197 2303 3267 capite
2359 3193 2571 3259 sectari,
2632 3207 2792 3264 quam
2855 3205 3047 3246 sonum
3106 3206 3258 3247 nare.
3321 3192 3498 3248 Omne

229 3285 414 3360 Ideoque
484 3292 603 3345 haec
679 3297 852 3362 prima
905 3293 1094 3346 scribit
1149 3307 1399 3348 coronam
1458 3293 1617 3365 capiti
1671 3311 1778 3350 non
1885 3297 2066 3344 autem
2131 3283 2274 3356 quod
2329 3291 2515 3340 contra
2575 3290 2821 3335 naturam
2860 3287 2961 3344 est,
2999 3280 3227 3334 monstri
3261 3292 3500 3335 meretur

226 3381 475 3434 convenire.
536 3381 672 3434 Puto
725 3390 902 3435 autem
952 3387 1157 3434 naturae
1198 3380 1451 3436 dominus
1501 3381 1648 3434 Deus
1677 3396 1778 3433 no-
1888 3385 2067 3432 notam
2101 3389 2270 3445 penes
2307 3389 2496 3430 omnes
2523 3372 2660 3442 (36),
2696 3384 2862 3440 penes
2893 3384 2993 3422 nos
3019 3383 3146 3424 vero
3175 3368 3339 3424 etiam
3386 3371 3498 3431 elo_

1569 3478 1759 3540 Variae
1803 3481 2119 3538 lectiones.
2154 3554 2184 3555 μ
2229 3551 2240 3555 _
2288 3552 2297 3555 _
2431 3553 2463 3555 η
2625 3549 2673 3555 μ
2701 3548 2736 3555 _
2789 3547 2808 3555 ,,
2894 3545 2906 3555 .
2950 3551 2959 3555 ,
3255 3548 3302 3555 --
3351 3548 3392 3555 ..
3454 3547 3462 3555 .

273 3557 499 3632 13ipsum
525 3557 719 3632 Rhen.
739 3557 785 3594 19
816 3557 1021 3632 Dictum
1053 3560 1224 3632 Sentit.
1257 3558 1306 3632 29
1324 3558 1670 3632 Consuetudo
1697 3558 1810 3632 sed,
1855 3558 2032 3612 Venet.
2067 3555 2110 3590 ²¹
2150 3551 2395 3632 Exigitur
2421 3553 2594 3632 Franz
2623 3549 2674 3588 ²²
2700 3545 2968 3632 Defendat
3005 3547 3205 3632 Wattw.
3254 3548 3309 3632 33‘
3331 3547 3498 3602 Esti-

223 3617 535 3753 mati’t'Seml.
563 3629 895 3684 existimavit
917 3631 1038 3700 ltig.
1069 3631 1116 3667 Tt
1144 3629 1386 3684 Hominis
1415 3617 1860 3692 administrantia,
1898 3641 2178 3681 munerant
2209 3617 2514 3678 divinorum
2550 3620 2616 3674 ab
2654 3619 2832 3674 anima
2867 3617 3207 3673 deducuntur
3245 3619 3312 3673 ad
3369 3634 3500 3674 sen-

223 3712 288 3752 sus
339 3701 488 3753 ’enet.

221 3712 288 3752 sus
321 3701 488 3756 Venet.

1599 3771 1744 3834 Com
1756 3772 2107 3832 mentarius.

270 3850 370 3918 (30')
401 3851 760 3907 Consuetudo
805 3855 997 3906 autem
1047 3855 1241 3915 etiam,
1274 3861 1375 3906 etc.
1424 3850 1630 3906 Monuit
1674 3853 1778 3916 jam
1889 3847 2140 3921 manibus
2180 3840 2790 3921 collocavit,et_q_uidem_
2817 3837 3032 3895 extimis
3055 3858 3077 3920 ,ς
3111 3855 3232 3896 nam
3263 3850 3502 3921 extrema

227 3912 442 3992 lle'ral'dus
492 3925 614 3992 (lib.
666 3937 706 3976 ιι
755 3924 992 3992 Digress.
1039 3940 1086 3978 ε.
1121 3925 1175 3988 3)
1209 3912 1328 3977 esse
1369 3921 1512 3977 idem
1541 3912 1783 3979 cum—Ul-
1891 3919 2184 3992 digitorum
2245 3925 2482 3992 luctuum
2522 3912 2860 3992 differentias
2925 3912 3157 3992 maxime
3200 3914 3504 3984 percipiunt

222 3991 331 4056 piant
384 3987 548 4056 Πίος.
584 3987 906 4048 Diuturuam
959 3987 1402 4048 c0t.suetudinem
1449 4009 1544 4064 pro
1573 3995 1699 4060 jure
1730 4001 1782 4046 et
1891 3987 2230 4064 adsentiant.
2270 3987 2376 4064 llic
2395 3991 2577 4064 autem
2617 3987 3496 4064 extimum‘dicitopro.extremo,

224 4068 307 4135 ἔθει
353 4063 401 4115 in
456 4066 537 4120 his
586 4081 716 4135 quae
748 4080 854 4118 non
884 4081 947 4118 ex
975 4064 1176 4133 scripto
1203 4056 1780 4128 descendbntfobser-
1892 4068 1950 4114 ut
1981 4059 2072 4113 lib.
2103 4073 2147 4135 ιι
2177 4059 2242 4112 de
2277 4056 2447 4135 Qultu
2477 4057 2640 4126 fem.,
2665 4071 2792 4127 pag.
2822 4056 2945 4121 179,
2969 4056 3375 4111 extimationem
3407 4072 3503 4126 pro

224 4129 303 4184 viri
329 4135 508 4199 solere,
549 4157 572 4185 ι
609 4129 670 4189 et
720 4135 977 4190 rationein
1031 4129 1251 4189 adducit
1282 4151 1344 4188 ex
1393 4135 1622 4198 Juliano,
1658 4149 1707 4187 L.
1743 4136 1776 4187 Ι.
1891 4129 2249 4187 extremitate.
2283 4130 2406 4183 RIG.

226 4204 302 4267 Qui
327 4224 343 4259 :
376 4228 395 4254 tt
425 4195 560 4262 Nam
592 4207 721 4276 quid
756 4208 994 4273 interest,
1027 4206 1289 4279 suffragio
1318 4195 1778 4279 pOpnIusvolun-
1813 4241 1856 4279 η
1960 4202 2076 4272 (34)
2107 4201 2366 4279 Perdita-rc
2389 4195 2975 4279 exteriorisbomjn‘is
3003 4195 3498 4279 administrantia,

227 4241 338 4267 κιο..
376 4241 395 4254 ι
425 4241 560 4262 μα...
592 4241 721 4276 qua.
756 4241 994 4273 mue—st,
1028 4241 1287 4277 suumgw
1319 4241 1552 4276 μυμιιιυο
1587 4241 1778 4260 νυιυιι-
1961 4241 2075 4272 (υτ)
2107 4241 2124 4256 .
2151 4241 2195 4254 υ.
2250 4241 2365 4255 ..ων
2389 4241 2533 4254 νων.
2555 4241 2623 4256 .ν,
3003 4241 3498 4260 ην..,,,.-υ,,...,,,.,,

220 4283 346 4326 tatem
382 4294 530 4332 suam
581 4280 845 4340 declaret,
876 4293 943 4331 an
986 4279 1148 4330 rebus
1193 4277 1322 4338 ipsis
1349 4289 1402 4330 et
1451 4277 1601 4332 factis
1623 4279 1650 4330 ?
1680 4277 1782 4330 Ad-
1813 4241 1857 4318 Β
1889 4289 2192 4329 munerum
2207 4271 2604 4326 divinorumab
2618 4267 3270 4342 animadeducunturad
3285 4283 3505 4342 sensus.

218 4345 350 4422 iunge
378 4348 705 4422 Gregorium
737 4339 1163 4422 Nyss_.__(l_ib.gde
1223 4349 1361 4419 Virg.
1412 4364 1529 4417 cap.
1579 4349 1633 4418 9)
1673 4365 1781 4402 non
1898 4343 2212 4422 Tertulliani
2254 4344 2540 4422 sententia
2587 4351 2668 4394 est
2702 4357 2715 4392 :
2761 4341 3002 4420 periisse
3036 4353 3262 4422 organa,
3296 4339 3505 4392 aurium"

220 4412 548 4474 εῠξιῦτη-ηιυῖιι
585 4437 620 4474 a
658 4412 836 4473 verbis
869 4412 1096 4488 Ulpiani.
1130 4420 1254 4473 Sac.
1311 4412 1332 4419 ⁷
1479 4412 1493 4417 ⁷
1542 4489 1545 4490 ν
1615 4412 1624 4418 ’
1716 4489 1724 4490 7
1908 4417 2131 4486 scilicet,
2188 4415 2316 4477 oris,
2365 4412 2687 4490 oculorum,
2725 4412 2954 4490 narium,
2996 4424 3074 4490 ac.
3100 4413 3335 4490 denique
3392 4425 3502 4488 ma-

270 4491 484 4562 t_3_liSed
514 4495 573 4545 et
606 4493 724 4561 ipse
761 4481 1037 4560 Spiritum
1077 4493 1178 4546 Det
1211 4490 1429 4546 habens.
1466 4489 1640 4562 Etiam
1675 4489 1801 4562 hinc
1910 4502 2095 4562 riuum,
2121 4481 2256 4562 quae
2285 4486 2464 4540 omnia
2508 4481 2774 4562 exteriori
2807 4481 3031 4562 homini,
3061 4481 3112 4534 id
3155 4490 3236 4562 est
3265 4482 3501 4562 corpori,

224 4559 437 4626 coliigt-re
505 4546 916 4629 est,‘SCrip'tvim
975 4563 1121 4615 hunc
1161 4562 1353 4615 librum
1384 4572 1507 4615 ante
1556 4560 1706 4614 illum
1735 4561 1801 4616 de
1909 4546 2314 4630 adfam'ulantur
2368 4551 2877 4630 etAadministrant,‘
2914 4565 3100 4630 rerum.
3153 4546 3500 4604 naturalium,

225 4620 433 4687 retunsis
488 4620 635 4703 Virg.
691 4620 826 4686 Nam
885 4633 953 4684 ibi
997 4633 1050 4684 in
1103 4633 1217 4686 solo
1279 4636 1527 4686 Montano
1557 4634 1802 4702 agnoscit
1907 4645 2030 4700 quae
2059 4637 2183 4682 sunt
2211 4631 2240 4703 a_
2270 4628 2384 4703 D.o
2432 4624 2708 4703 hominum
2739 4620 3194 4703 gratiscopdi‘l‘ab
3227 4632 3504 4696 θεδθοὲυηι

223 4713 511 4776 tOmpu-tum
542 4690 674 4776 illud
704 4705 884 4769 (Joan.
915 4719 1011 4757 xw
1039 4721 1050 4756 :
1077 4704 1214 4759 Cum
1243 4706 1457 4758 venerit
1492 4690 1801 4776 illevb‘pt’iifi-
1911 4690 2024 4754 sive
2056 4697 2499 4776 approbationem
2530 4696 2595 4750 ab
2625 4693 2801 4776 anima
2832 4690 3046 4776 deduci.
3087 4690 3290 4770 Nempe
3314 4690 3504 4776 anima

222 4775 289 4824 tu:
313 4763 567 4830 irritatis
586 4817 598 4838 ,
628 4763 860 4831 deducet
889 4790 980 4830 vos
1013 4778 1070 4828 in
1092 4790 1310 4830 omnem
1341 4763 1678 4845 veritatem):
1711 4774 1806 4829 llic
1911 4780 1991 4825 est
2020 4763 2142 4845 quae
2162 4767 2554 4845 audit,_anima
2584 4771 2665 4845 est
2712 4778 2831 4845 quae
2861 4763 3024 4845 videt,
3065 4763 3246 4845 anima
3274 4768 3507 4845 est-qua-

220 4845 392 4917 ternio
434 4832 690 4912 apostolo
723 4846 884 4917 Paulo
914 4850 1166 4901 eumdem
1200 4845 1457 4915 Spiritum
1480 4846 1573 4899 Dei
1605 4832 1804 4917 agnos-
1910 4832 2092 4896 sentit.
2144 4839 2225 4892 Ab
2271 4832 2451 4917 anima
2497 4832 2767 4900 sentienti,
2819 4837 2962 4887 recte
3009 4832 3278 4913 adsentire
3317 4832 3506 4917 dicun-

218 4909 282 4964 cit.
313 4915 378 4991 lta
409 4903 582 4970 miser
613 4916 862 4991 paulatim
895 4932 958 4969 cx
988 4933 1096 4971 uno
1127 4903 1311 4991 errore
1331 4917 1385 4969 in
1407 4917 1593 4980 alium,
1625 4903 1687 4970 5c
1717 4917 1807 4970 de-
1913 4920 1997 4991 tur
2037 4925 2217 4991 aures,
2257 4909 2417 4991 oculi,
2461 4924 2675 4975 manus,
2708 4922 2804 4978 per
2857 4920 2979 4978 quae
3021 4904 3201 4960 anima
3229 4903 3399 4973 audit,
3427 4903 3508 4956 vi-

219 4994 336 5061 mnm
362 4990 418 5061 in
445 4981 693 5041 haeresim
715 4989 996 5057 prolapsus
1027 4998 1127 5042 est.
1163 4988 1304 5061 Ritu.
1451 5059 1461 5061 _
1911 4982 2230 5061 dct,t_angit.
2263 4981 2384 5061 Rtn.
2517 5050 2526 5061 .
2760 5049 2787 5061 ἡ
2869 5048 2878 5057 θ
2927 5051 2949 5061 ﬂ
2973 5047 3026 5061 Η
3234 5046 3296 5061 Ν

269 5059 368 5124 [32)
398 5060 538 5114 Ilias
570 5046 746 5112 etiarn
793 5046 1032 5123 natura,
1055 5069 1157 5113 etc.
1191 5059 1259 5111 Et
1289 5074 1419 5112 sane
1450 5059 1596 5128 leges
1615 5072 1806 5112 omnes
1983 5046 2093 5127 (35)
2125 5046 2185 5108 In
2215 5053 2398 5128 capite
2427 5050 2526 5128 qui
2553 5065 2720 5121 sapor
2747 5048 2949 5128 ﬂoris“?
2973 5047 3210 5128 ideoque
3232 5046 3511 5128 Diogenes

221 5119 444 5183 antecedit
505 5138 746 5191 natura;
807 5131 947 5183 unde
1004 5119 1095 5198 qui
1145 5141 1384 5200 peccant,
1438 5119 1619 5184 contra
1652 5139 1809 5182 natu-
1913 5119 2190 5200 unguento
2239 5119 2336 5177 sibi
2386 5119 2548 5193 pedes
2594 5119 2825 5191 ungens,
2863 5119 3174 5200 dictitabat,
3215 5119 3438 5200 odorem
3479 5132 3511 5170 a

224 5208 302 5247 tam
332 5209 552 5268 peccant
582 5219 598 5266 ;
633 5201 711 5254 sic
738 5189 1079 5272 Tarquinius
1134 5189 1318 5272 contra
1369 5189 1546 5270 legent
1605 5211 1807 5254 naturae
1913 5189 2086 5265 capite
2115 5197 2168 5272 in
2199 5189 2742 5272 ageni'evanescere,
2774 5190 3004 5262 pedibus
3042 5197 3224 5244 autem
3257 5189 3325 5243 ad
3358 5205 3512 5242 nares

225 5267 569 5340 aempitcrnarn
622 5267 889 5340 peccavit'
917 5273 970 5325 in
1003 5271 1328 5338 Lucretiam,
1363 5267 1480 5327 licet
1510 5272 1658 5325 nulla
1716 5273 1808 5324 ad-
1917 5267 2221 5340 pervenire.
2246 5267 2371 5320 lito.

227 5329 399 5414 nocte:
429 5343 576 5396 Julia
603 5329 859 5408 exstaret,
886 5345 1032 5398 nulla
1051 5345 1120 5399 de
1149 5329 1356 5414 stupro,
1382 5359 1445 5396 ex
1467 5343 1606 5398 Tull.
1639 5341 1733 5395 lib.
1768 5357 1806 5394 ιι
1918 5329 1930 5338 ’
1989 5342 2100 5414 (36)
2147 5337 2379 5394 Monstri
2421 5340 2682 5392 meretur
2724 5337 2931 5414 notam,
2950 5346 3116 5412 penes
3153 5346 3362 5414 omnes.
3389 5329 3512 5414 llaec

224 5405 394 5482 ‘18’19-
429 5419 508 5470 LE
545 5415 638 5468 Ριιο
849 5402 857 5408 ’
1237 5402 1254 5414 ’
1347 5402 1353 5406 γ
1915 5402 2097 5472 verba;
2126 5424 2297 5482 penes
2341 5424 2552 5474 omnes,
2582 5423 2690 5482 non
2739 5402 3006 5482 habentur
3033 5402 3087 5455 in
3117 5402 3428 5470 exemplari,
3462 5408 3514 5452 ct

282 5473 383 5549 '33")
409 5486 751 5541 Contactam
787 5486 849 5539 in
891 5487 1154 5541 manibus
1196 5485 1522 5540 cztimam‘t.
1557 5486 1670 5539 Hoc
1706 5492 1806 5550 est,
1917 5481 2088 5537 omitti
2119 5473 2336 5551 quidem
2357 5473 2582 5550 possunt
2603 5479 2899 5548 eleganter.
2925 5473 3049 5527 Rm.

227 5564 520 5621 conuictum,
581 5568 880 5612 extremum
952 5557 1066 5613 sive
1144 5557 1403 5612 extimum
1461 5571 1711 5622 sensum,
1759 5555 1810 5608 in
2616 5575 2619 5582 ·
2752 5581 2756 5585 λ
