4042 6172
469 213 572 274 103

1167 208 1609 269 TERTULLIANI
1650 208 1917 270 OPEBUM
1956 209 2121 269 PARS
2160 209 2225 269 ll.
2267 242 2337 255 —
2374 209 2601 271 SERIES
2640 210 2680 280 Ι,
2724 210 3072 272 POLEMICA.

3658 213 3762 273 104

462 340 612 411 gium
642 337 912 412 sacrilegii
958 339 1047 408 (37
1078 336 1132 393 in
1180 336 1382 405 Deum,
1441 346 1645 391 naturae
1699 334 1975 391 dominum
2004 344 2057 392 et
2087 355 2133 434 Α
2163 347 2213 393 et
2246 339 2369 394 huic
2400 337 2643 394 materiae
2662 338 2772 407 (43)
2797 346 3013 408 propter
3041 334 3367 393 suaviludios
3394 344 3616 396 nostros
3642 341 3763 413 (44)

458 436 616 483 aucto
622 443 730 483 rem
741 467 757 482 .

1061 575 1290 631 CAPUT
1322 575 1410 633 Vl.

527 707 735 781 Quaeris
778 707 827 745 2⁵
877 706 1041 781 igitur
1084 706 1180 763 Dei
1227 706 1453 780 legem?
1500 706 1666 761 habes
1711 719 2051 762 communem

458 798 620 854 istam
649 798 702 851 in
733 795 949 867 publico
998 794 1203 858 mundi,
1249 795 1301 848 iu
1344 796 1680 850 naturalibus
1724 794 1939 860 tabulis,
1983 794 2051 847 ad

459 904 591 960 quas
622 898 677 942 et
714 885 1005 956 Apostolus
1034 886 1173 939 solet
1207 900 1521 955 provocare,
1553 893 1611 938 ut
1648 899 1771 940 cum
1822 885 1873 938 in
1905 883 2055 939 vela-

460 975 606 1030 mine
654 973 885 1041 feminae,
911 975 1017 1029 Nec
1052 977 1271 1029 natura
1298 990 1411 1038 vos,
1441 973 1632 1045 inquit,
1666 973 1820 1030 docet
1849 972 1895 1043 (Ι
1930 973 2055 1030 Cor.

459 1081 542 1133 χι,
576 1066 663 1134 14)
690 1081 705 1135 ;
736 1071 798 1118 ιιι
824 1078 945 1118 cum
982 1064 1048 1116 ad
1084 1063 1353 1117 Romanos
1383 1066 1470 1131 (ιι,
1522 1065 1632 1132 14),
1667 1072 1855 1117 natura
1884 1061 2056 1115 facere

462 1153 646 1210 dicens
698 1151 943 1207 nationes
990 1166 1053 1205 ea
1091 1167 1213 1221 quae
1244 1162 1370 1207 sunt
1398 1153 1554 1223 legis,
1602 1161 1656 1206 et
1694 1152 1870 1221 legem
1903 1157 2057 1221 natu-

460 1242 627 1298 ralem
648 1240 909 1315 suggerit,
944 1248 996 1296 et
1024 1248 1265 1294 naturam
1302 1239 1550 1310 legalem.
1583 1239 1683 1293 Sed
1718 1239 1846 1294 etin
1875 1238 2056 1309 priore

462 1330 687 1402 epistola
745 1332 876 1398 (38),
927 1328 1228 1382 naturalem
1277 1343 1434 1381 usum
1487 1326 1815 1382 conditionis
1859 1326 1915 1380 in
1952 1342 2058 1382 non

461 1420 766 1475 naturalem
819 1416 1084 1470 masculos
1120 1424 1174 1469 et
1230 1414 1463 1470 feminas
1500 1416 1635 1470 inter
1667 1432 1723 1471 se
1750 1416 2059 1471 demutasse

461 1507 737 1565 afﬁrmans
792 1522 855 1561 ex
900 1503 1259 1560 retributione
1297 1504 1496 1559 erroris
1533 1506 1585 1559 in
1644 1504 1810 1561 vicem
1858 1520 2052 1575 poenae,

462 1597 649 1666 utique
695 1593 920 1650 naturali
986 1593 1112 1649 usui
1162 1594 1528 1664 patrocinatur
1574 1594 1623 1632 35
1677 1594 1809 1665 (39).
1874 1595 2056 1664 Ipsum

459 1686 636 1740 Deum
686 1685 990 1739 secundum
1038 1689 1284 1737 naturam
1315 1682 1466 1752 prius
1503 1681 1773 1750 novimus,
1807 1689 1857 1737 et
1887 1682 2060 1736 Deum

461 1773 799 1846 appellantes
829 1772 1075 1835 deorum,
1131 1775 1186 1826 et
1214 1772 1416 1826 bonum
1460 1778 1869 1842 praesumentes,
1899 1780 1952 1828 et
1978 1772 2062 1841 ju-

462 1863 636 1918 dicem
711 1862 1078 1916 invocantes:
1140 1859 1339 1931 quaeris
1402 1876 1471 1915 an
1555 1859 1849 1915 conditioni
1939 1861 2061 1929 ejus

463 1951 706 2007 fruendae
752 1957 945 2005 natura
999 1949 1154 2005 nobis
1200 1949 1399 2003 debeat
1445 1949 1637 2019 praeire
1688 1949 1822 2019 (40),
1871 1965 1938 2004 ne
1970 1948 2061 2003 illa

463 2040 736 2111 rapiamur
788 2054 896 2110 qua
940 2038 1038 2092 Dei
1070 2037 1290 2092 aemulus
1338 2036 1641 2093 universam
1695 2036 2058 2092 conditionem

463 2126 623 2183 certis
649 2127 837 2181 usibus
869 2124 1074 2181 homini
1112 2124 1489 2196 mancipatam,
1521 2141 1641 2180 cum
1693 2125 1813 2195 ipso
1844 2125 2060 2180 homine

462 2219 722 2289 corrupit,
755 2216 893 2271 unde
943 2230 1064 2270 eam
1123 2211 1235 2269 84
1274 2225 1328 2270 et
1378 2215 1672 2286 Apostolus
1724 2213 1943 2269 invitam
1992 2216 2064 2270 ait

462 2304 691 2360 vanitati
730 2303 1025 2359 succidisse
1068 2302 1180 2371 (41)
1226 2302 1402 2369 (Rom.
1454 2316 1578 2367 vni,
1622 2300 1731 2371 20),
1760 2300 1913 2355 vanis
1944 2301 2059 2371 pri-

461 2409 610 2449 mum
637 2394 843 2461 usibus,
889 2402 1000 2446 tum
1050 2390 1317 2459 turpibus,
1368 2397 1420 2443 et
1476 2388 1707 2459 injustis,
1754 2396 1810 2443 et
1861 2388 2059 2459 impiis,

465 2483 779 2539 subversam
811 2482 838 2535 δῖ
859 2480 949 2535 Sic
977 2480 1158 2550 itaque
1188 2486 1241 2533 et
1273 2478 1415 2533 circa
1443 2480 1749 2547 voluptates
1777 2486 2060 2548 spectacu-

464 2571 645 2626 lorum
675 2569 930 2625 infamata
958 2568 1198 2623 conditio
1229 2579 1310 2622 est
1354 2567 1420 2619 ab
1445 2570 1523 2621 eis
1562 2566 1674 2638 qui,
1709 2575 1899 2621 natura
1936 2566 2063 2636 qui-

465 2660 607 2726 dem,
639 2659 739 2714 Dei
793 2658 973 2714 omnia
1026 2657 1281 2720 sentiunt,
1317 2671 1379 2711 ex
1419 2654 1618 2725 quibus
1645 2655 1948 2725 spectacula
1976 2654 2063 2708 in-

467 2754 751 2803 struuntur
796 2765 810 2817 ;
871 2747 1091 2801 scientia
1145 2755 1319 2799 autem
1382 2742 1631 2798 deficiunt
1678 2744 1802 2796 illud
1851 2758 2065 2815 quoque

468 2837 771 2909 intelligere
818 2835 954 2906 (42),
1005 2833 1184 2889 omnia
1231 2849 1350 2889 esse
1402 2850 1429 2887 a
1459 2832 1675 2887 diabolo
1705 2842 1925 2888 mutata.
1958 2833 2066 2888 Sed

2164 426 2355 483 Grieco
2385 443 2602 498 quoque
2620 427 2759 497 stylo
2788 425 3168 480 satisfecimus.

2786 576 3009 632 CAPUT
3048 576 3168 632 VII.

2234 709 2459 766 Proinde
2488 709 2755 766 coronarii
2783 709 2869 765 isti
2900 719 3195 783 agnoscant
3244 709 3451 767 interim
3494 712 3608 784 (45)
3658 730 3761 768 na-

2162 806 2293 856 turae
2324 799 2716 866 auctoritatem,
2763 800 3062 855 communis
3109 800 3389 871 sapientiae
3419 802 3463 839 2⁷
3512 804 3753 871 nomine,

2160 903 2269 960 qua
2301 888 2565 955 homines,
2597 889 2687 943 sed
2729 890 2947 958 prepria
2977 888 3254 959 religionis
3283 890 3507 961 pignora
3534 891 3583 928 2⁸
3621 894 3753 961 (46),

2161 991 2267 1045 qua
2296 975 2467 1030 Deum
2527 986 2729 1031 naturae
2776 976 2845 1031 de
2898 978 3145 1046 proximo
3191 976 3239 1015 29
3270 980 3506 1033 colentes
3548 996 3561 1035 :
3596 987 3758 1051 atque

2165 1065 2255 1131 ita,
2318 1065 2466 1119 velut
2519 1081 2584 1119 ex
2633 1064 2927 1120 abundanti
2977 1073 3199 1120 caeteras
3253 1080 3469 1138 quoque
3522 1066 3758 1123 rationes

2164 1150 2466 1223 dispiciant,
2498 1169 2619 1224 qua:
2653 1161 2837 1209 nostro
2904 1153 3147 1224 privatim
3196 1155 3353 1226 capiti
3386 1170 3755 1211 coronamen-

2166 1242 2252 1308 tis,
2303 1251 2356 1299 et
2399 1243 2617 1313 quidem
2656 1242 2908 1299 omnibus
2937 1242 3278 1300 interdicunt.
3310 1245 3443 1299 Nam
3492 1252 3543 1299 et
3592 1262 3756 1317 urge-

2167 1348 2285 1387 mur
2322 1348 2352 1386 a
2382 1332 2758 1387 communione
2789 1332 3043 1389 naturalis
3070 1332 3390 1403 disciplinae,
3421 1333 3657 1390 converti
3687 1334 3754 1389 ad

2165 1420 2541 1492 preprietatem
2592 1421 2908 1476 Christianae
2959 1428 3125 1476 totam
3174 1422 3287 1491 jam
3342 1421 3756 1489 defendendam,

2168 1526 2264 1580 per
2305 1516 2527 1565 caeteras
2573 1525 2787 1582 quoque
2833 1510 3041 1582 species
3080 1525 3430 1581 coronarum,
3470 1527 3594 1582 quae
3643 1510 3767 1565 aliis

2169 1598 2357 1652 usibus
2386 1607 2684 1669 prospecta;
2731 1598 3001 1664 videntur,
3058 1604 3120 1654 ut
3172 1598 3221 1636 3°
3276 1599 3396 1654 aliis
3449 1599 3765 1656 substantlis

2169 1688 2383 1741 structa:
2409 1703 2422 1751 ;
2454 1701 2539 1749 ne,
2580 1685 2706 1757 quia
2738 1702 2843 1742 non
2884 1702 2950 1741 ex
2976 1686 3199 1742 ﬂoribus
3233 1696 3503 1758 constant,
3533 1703 3763 1759 quorum

2170 1790 2324 1831 usum
2358 1782 2550 1828 natura
2578 1773 2808 1845 signavit
2844 1774 2918 1845 (ιιι
2958 1775 3071 1844 ipsa
3110 1777 3229 1832 haec
3258 1777 3439 1831 laurea
3471 1776 3762 1846 militaris),

2166 1878 2275 1915 non
2300 1862 2590 1917 credantur
2646 1863 2928 1918 admittere
2958 1871 3118 1919 sectae
3148 1864 3605 1929 interdictionem,
3638 1865 3769 1936 quia

2164 1949 2433 2007 evaserint
2477 1958 2681 2005 naturae
2738 1951 3223 2023 praescriptionem.
3281 1953 3455 2009 Video
3505 1952 3667 2025 igitur
3714 1963 3770 2009 et

2166 2038 2435 2094 curiosius
2464 2046 2517 2092 et
2564 2040 2771 2111 planius
2834 2040 3108 2112 agendum
3156 2041 3224 2095 ab
3264 2040 3567 2111 originibus
3595 2057 3767 2111 usque

2167 2128 2235 2181 ad
2294 2127 2569 2198 profectus
2614 2136 2669 2183 et
2696 2144 2950 2185 excessus
2977 2130 3073 2184 rei.
3109 2130 3328 2185 Litterae
3358 2130 3427 2184 ad
3458 2132 3558 2185 hoc
3588 2146 3766 2185 saecu-

2168 2216 2310 2269 lares
2339 2216 2660 2271 necessariae
2693 2234 2709 2283 ;
2740 2216 2806 2270 de
2834 2217 2946 2271 suis
2974 2219 3116 2273 enim
3162 2218 3543 2273 instrumentis
3593 2232 3769 2273 saecu-

2168 2304 2298 2358 laria
2358 2304 2569 2374 probari
2630 2321 2853 2360 necesse
2910 2316 3011 2361 est.
3064 2306 3363 2375 Quantulas
3401 2307 3572 2379 attigi,
3604 2306 3767 2362 credo

2168 2391 2461 2447 sufﬁcient.
2521 2392 2578 2447 Si
2623 2392 2723 2448 fuit
2774 2394 2957 2465 aliqua
3008 2396 3266 2459 Pandora,
3324 2412 3482 2466 quam
3535 2395 3767 2464 primam

2170 2480 2489 2535 feminarum
2535 2489 2801 2537 memorat
2857 2484 3145 2548 Hesiodus,
3206 2482 3317 2539 85
3375 2484 3474 2539 hoc
3532 2483 3767 2555 primum

2169 2575 2333 2636 caput
2362 2575 2680 2624 coronatum
2710 2577 2793 2625 est
2821 2586 2851 2624 a
2899 2571 3220 2641 Charitibus,
3263 2588 3386 2627 cum
3416 2573 3485 2627 ab
3514 2571 3770 2627 omnibus

2171 2664 2548 2711 muneraretur
2579 2656 2722 2713 unde
2771 2658 3035 2715 Pandora.
3067 2660 3237 2715 Nobis
3264 2675 3393 2716 vero
3424 2660 3636 2731 Moyses
3675 2660 3770 2728 (47

2174 2745 2542 2816 propheticus,
2596 2762 2707 2801 non
2762 2749 3000 2818 poeticus
3048 2758 3230 2820 pastor
3276 2748 3411 2821 (48),
3472 2747 3766 2821 principem

2174 2833 2425 2889 feminam
2453 2834 2619 2890 Evam
2648 2835 2858 2892 facilius
2915 2838 3165 2908 pudenda
3210 2838 3397 2908 folliis,
3426 2854 3588 2908 quam
3637 2844 3768 2892 tem-

1833 2973 2026 3037 Variae
2069 2978 2383 3039 lectiones.

534 3085 583 3123 2⁵
612 3082 835 3151 Quaeres
866 3086 1037 3155 Fraa.
1056 3083 1241 3155 paris.
1274 3081 1326 3119 26
1346 3080 1694 3155 iNaturalibus
1728 3079 2092 3155 patrociantur
2120 3087 2223 3137 vet.
2257 3082 2375 3141 cod.
2413 3082 2527 3155 Rig.
2557 3082 2603 3121 ²”¹
2631 3085 2900 3141 Patientia:
2937 3085 3109 3142 Rhen.
3135 3085 3371 3155 parentis
3386 3089 3555 3142 Fran.
3582 3087 3768 3140 Paris.

468 3155 521 3195 28
547 3156 782 3227 Pignore
811 3157 945 3211 Jun.
978 3154 1028 3191 29
1056 3152 1303 3208 Proxime
1334 3154 1457 3208 Lat.
1489 3152 1539 3189 3°
1567 3152 1645 3206 Ex
1676 3151 1803 3206 add.
1832 3152 2008 3207 Rhen.
2040 3154 2207 3209 Fran.

1896 3291 2397 3357 Commentarius.

538 3405 655 3474 (37)
689 3401 939 3472 Elogium
986 3399 1292 3474 sacrilegii.
1346 3396 1481 3474 Cum
1524 3403 1744 3474 aspectu
1791 3396 1857 3474 ad
1890 3395 2073 3474 elogia

464 3483 520 3531 et
545 3466 737 3529 titulos
766 3466 998 3533 reorum,
1032 3470 1096 3523 de
1128 3466 1324 3538 quibus
1366 3468 1541 3538 capite
1574 3471 1625 3535 1,
1672 3466 1738 3523 de
1790 3467 1919 3523 idol.
1962 3466 2064 3523 ita-

462 3562 571 3616 que
639 3549 785 3616 notat
841 3540 1066 3616 Tertull.
1120 3540 1325 3595 crimen
1382 3538 1646 3616 sacrilegii
1677 3555 1865 3616 :saepe
1918 3539 2061 3592 enim

462 3609 569 3673 vox
617 3621 719 3668 ista
771 3614 824 3666 in
878 3610 1073 3665 malam
1124 3622 1534 3680 pa:tem:conc.
1571 3609 2063 3680 HiSpaleu.secun-

468 3689 617 3748 dum,
669 3699 788 3753 cap.
850 3686 919 3738 5:
958 3704 980 3733 α
1018 3683 1189 3737 Etiam
1233 3686 1361 3736 cum’
1402 3689 1635 3753 aspectu,
1665 3681 1734 3735 ad
1766 3695 1897 3753 ﬂos,
1956 3696 2066 3735 non

467 3750 886 3812 consecrmionis
943 3754 1173 3817 titulum,
1226 3755 1324 3808 sed
1383 3750 1689 3824 ignominiae
1733 3750 1988 3822 elogium.
2034 3772 2060 3803 »

470 3829 609 3885 Lac.

540 3900 654 3979 (38)
687 3896 873 3979 Sedet
993 3894 1220 3979 propria
1270 3891 1528 3979 epistola.
1564 3892 1726 3979 Liber
1763 3892 1979 3979 Ursini,
1998 3894 2068 3979 in

464 3964 733 4042 primam.
766 3966 853 4042 Sic
900 3964 1020 4042 lib.'_
1045 3964 1110 4022 de
1125 3964 1374 4042 j’rwscr.
1408 3964 1723 4042 haereticor.
1750 3967 2065 4042 .pag._3.’i3:

477 4034 499 4090 ιι
544 4039 742 4095 Semen
772 4038 1024 4093 frumenti
1053 4053 1083 4089 a
1124 4038 1350 4092 Domino
1398 4034 1717 4090 semiustum
1748 4034 1801 4090 in
1832 4034 2071 4107 primore

479 4113 778 4167 constituit.
813 4130 838 4159 ι)
873 4110 995 4163 th.

548 4182 689 4253 (39),
725 4182 915 4253 Utique
970 4177 1233 4253 naturali
1286 4179 1416 4233 usui
1458 4179 1889 4253 patrocinatur.
1914 4177 2077 4233 Vetus

480 4250 758 4322 exemplar
792 4250 1216 4306 :‘Naturalibus
1242 4251 1664 4322 patrocinatur.
1692 4252 1847 4317 Quod
1892 4264 2079 4304 verum

471 4339 596 4381 esse
621 4326 865 4380 arbitror.
892 4322 1022 4378 Bm.

546 4397 662 4466 (40)
692 4394 779 4468 An
808 4394 1123 4468 conditioni
1142 4394 1262 4463 ejus
1291 4390 1548 4468 fruendae
1572 4395 1787 4468 natura
1816 4388 1975 4468 nobis
1998 4388 2083 4468 de-

478 4460 604 4523 beat
634 4460 857 4537 prwire.
892 4466 1003 4520 Hoc
1040 4475 1142 4530 est,
1165 4460 1255 4518 'au
1287 4460 1450 4537 rebus
1479 4479 1612 4532 quas
1640 4462 1785 4516 Deus
1821 4460 2077 4537 condidit,

474 4536 584 4593 frui
612 4535 689 4593 sic
707 4537 1018 4604 debeamus,
1052 4546 1110 4590 ut
1131 4548 1371 4591 naturam
1393 4536 1589 4589 ducem
1606 4546 1911 4604 sequamur.
1936 4535 2075 4604 Uou-

476 4609 732 4664 ditionem
787 4607 917 4663 dicit
970 4601 1115 4679 quod
1174 4606 1262 4660 alii
1318 4612 1637 4679 creaturam.
1685 4601 1775 4658 Sic
1806 4603 1899 4656 lib.
1935 4601 2073 4679 ide

483 4683 655 4737 Cultu
670 4682 806 4752 [εφη.
831 4694 957 4750 pag.
988 4676 1095 4735 173
1116 4695 1151 4752 _:
1182 4701 1203 4728 α
1241 4678 1339 4732 Dei
1360 4676 1592 4731 conditio
1626 4686 1708 4730 est
1749 4679 1886 4752 thus,
1915 4694 1937 4722 »
1975 4676 2074 4728 hoc

478 4761 579 4821 est,
610 4746 756 4806 Thus
784 4746 948 4805 abeo
990 4749 1265 4821 conditum
1294 4755 1642 4817 creatumque
1670 4754 1768 4801 est.
1803 4746 1926 4821 th.

552 4814 662 4895 (41)
746 4822 1001 4895 Varzitati
1055 4819 1373 4895 succidisse.
1455 4821 1511 4873 ld
1553 4814 1833 4887 'usurpat,
1910 4814 2083 4895 inquit

480 4889 678 4971 auem,
704 4903 767 4971 _ut
792 4893 914 4971 aliis
951 4891 1101 4947 libris
1132 4905 1528 4971 saepenumero,
1558 4905 1658 4959 pro
1724 4889 2082 4967 succubuisse

481 4964 562 5021 vel
591 4963 906 5035 subjectum
964 4978 1097 5026 esse,
1149 4959 1225 5014 uti
1264 4963 1533 5014 transtulit
1570 4967 1753 5035 noster
1791 4959 2078 5027 interpres,

476 5035 635 5091 Rom.
669 5029 791 5089 vui.
825 5034 1086 5103 Legimus
1113 5040 1294 5086 autem
1323 5035 1485 5103 paqu
1514 5040 1634 5103 post
1660 5029 1853 5103 iterum
1866 5043 1953 5103 ‘ex_
1978 5044 2080 5082 ms.

481 5106 625 5171 Vat.,
660 5113 780 5158 col.
846 5099 1229 5157 Pa'tcrniacensi
1275 5099 1337 5156 et
1360 5099 1749 5172 Hirsaugiensi,
1802 5121 1824 5149 α
1856 5099 1957 5172 Qui
1988 5115 2083 5153 na-

482 5186 596 5231 tura
621 5174 861 5245 quidem,
900 5174 999 5228 Dei
1035 5173 1217 5228 omuia
1246 5175 1501 5227 sentiunt.
1545 5171 1570 5219 »ί
1610 5171 1747 5224 Nam
1784 5171 1885 5227 Dei
1908 5182 2083 5225 sustu-

482 5246 619 5303 lerat
650 5247 960 5300 Rhenanus.
998 5246 1131 5300 PAM.

554 5320 669 5390 (42)
700 5316 950 5390 Scientia
977 5314 1465 5390 autcmdeﬁciant
1494 5313 1641 5370 illud
1668 5329 1880 5390 quoque
1909 5311 2083 5390 intel-

488 5384 681 5462 ligere.
715 5387 987 5462 Deficiunt
1016 5386 1345 5462 intelligere,
1377 5387 1480 5441 hoc
1509 5396 1592 5462 e_st
1618 5384 1725 5441 nun
1758 5384 2078 5455 intelligunt.

487 5456 1007 5536 D'eliciuntscientia
1031 5456 1669 5536 _quaintelligan_t,_ll_1_c._
1780 5526 1793 5536 _
1843 5525 1857 5536 _
1900 5525 1950 5536 Η

552 5535 663 5605 (43)
699 5531 801 5591 Sed
834 5536 889 5588 et
938 5524 1075 5588 huic
1100 5524 1380 5590 materia}.
1427 5528 1629 5586 Alludit
1657 5526 1798 5584 haud
1826 5525 1985 5583 dubie
2013 5524 2082 5581 ad

2176 3401 2371 3473 librum
2441 3404 2925 3473 Spectaculorum,
2959 3420 3067 3459 non
3104 3405 3270 3462 modo
3324 3406 3531 3473 Latino,
3581 3405 3672 3461 sed
3719 3416 3778 3461 et

2175 3471 2367 3527 Graeco
2388 3471 2527 3542 stylo
2558 3489 2590 3527 a
2620 3491 2677 3528 se
2707 3471 2987 3544 scriptum.
3014 3476 3152 3531 PAM.

2228 3544 2360 3622 (44)
2400 3544 2752 3622 Suaviludios
2798 3550 3040 3622 nostros.
3071 3548 3339 3622 Sic_vocat
3365 3550 3457 3620 qui
3504 3565 3569 3622 ex
3616 3546 3774 3602 Chri-

2172 3619 2361 3668 stianis
2416 3619 2592 3670 adhuc
2648 3619 3075 3684 spectaculorum
3130 3619 3551 3675 oblectamentis
3624 3625 3775 3673 tene-

2172 3691 2360 3813 rI-{anéur
2391 3702 2403 3742 :
2441 3686 2692 3759 intelligit
2722 3695 2903 3745 autem
2935 3688 3073 3743 duos
3102 3690 3271 3747 libros
3299 3691 3367 3748 de
3397 3690 3772 3764 Spectaculis.

2222 3772 2258 3809 Η
2300 3771 2357 3811 Ν.

2222 3770 2357 3811 ΗΕΝ.

2247 3828 2363 3897 (45)
2393 3829 2710 3899 Agnoscunt
2744 3831 2996 3886 interim.
3020 3832 3145 3887 Haec
3166 3833 3359 3888 vocula
3378 3830 3433 3885 in
3452 3831 3779 3886 Tertulliano

2178 3915 2285 3953 non
2315 3898 2625 3977 accipienda
2672 3908 2756 3981 est
2815 3901 3022 3972 vulgari
3061 3918 3240 3981 sensu,
3274 3911 3352 3981 ut_
3386 3909 3539 3956 notet
3575 3902 3773 3981 aliquid

2178 3972 2410 4043 supponi
2461 3984 2564 4024 non
2618 3974 2901 4043 probatum
2945 3991 2960 4042 ς
3011 3973 3212 4028 errabis
3267 3972 3411 4029 enim
3479 3972 3779 4043 saepissime

2184 4042 2287 4096 hoc
2317 4048 2514 4113 putans
2560 4058 2573 4093 :
2634 4057 2754 4096 nam
2784 4042 2871 4096 hic
2915 4043 3046 4097 nihil
3078 4046 3315 4100 interim
3356 4042 3634 4113 snpponit,
3661 4042 3773 4110 jam

2183 4114 2324 4191 enim
2348 4111 2661 4191 “luculenter
2693 4116 2937 4191 probavit
2981 4129 3349 4191 auctoritatem
3394 4111 3599 4169 naturae
3624 4111 3643 4167 V:
3677 4116 3771 4167 sed

2186 4183 2414 4256 interim
2440 4183 2585 4236 idem
2610 4195 2692 4238 est
2719 4189 2859 4253 quod
2883 4188 3008 4256 jam
3036 4204 3214 4242 nunc.
3250 4188 3383 4241 Lac.

2260 4254 2376 4323 (46)
2413 4256 2664 4328 Propria:
2690 4254 2979 4327 religionis
2998 4259 3252 4328 pignora.
3284 4257 3545 4313 Rescribit
3585 4255 3781 4328 Junius

2190 4326 2442 4395 pignore,
2473 4337 2525 4379 et
2555 4324 2895 4380 alienissime
2914 4324 3167 4399 explicat,
3190 4330 3417 4384 fortasse
3446 4328 3576 4399 quia
3605 4326 3781 4381 noluit

2189 4402 2408 4480 sanctos
2434 4411 2724 4477 agnoscere
2763 4413 2939 4480 neque
2967 4397 3087 4453 illos
3119 4400 3225 4480 coli
3255 4397 3536 4480 sparsione
3561 4398 3777 4453 ﬂorum.

2192 4465 2295 4541 S_ed
2325 4465 2511 4541 videas
2562 4465 2897 4541 consimilem
2946 4472 3227 4538 periodum
3280 4465 3434 4527 initio
3485 4486 3603 4541 seq.
3659 4485 3777 4537 cap.

2192 4537 2317 4591 lam
2347 4540 2499 4593 enim
2546 4539 2711 4594 audio
2742 4539 2875 4602 dici,
2906 4537 3007 4597 etc.
3054 4542 3178 4597 Lac.

2188 4676 2199 4687 .
2256 4609 2369 4688 (47)
2402 4609 2559 4688 Nobis
2581 4625 2706 4688 gero
2740 4611 2955 4688 Moyses,
2988 4614 3301 4688 etc,_Mosen
3327 4618 3598 4684 pastorem
3613 4610 3785 4688 fuisse

2187 4682 2421 4733 indicant
2443 4682 2612 4756 ὡςοώ
2640 4686 2801 4756 verba
2823 4698 2939 4751 cap.
2977 4685 3008 4736 4
3032 4701 3044 4739 :
3073 4685 3270 4756 Moyses
3298 4682 3491 4740 autem
3518 4682 3781 4756 pascebat

2189 4765 2311 4827 oves
2341 4751 2683 4827 ._soce_3_ri,_etc.
2746 4753 2911 4827 Porro
2969 4771 3063 4824 per
3110 4751 3372 4822 poeticum
3407 4751 3668 4827 pastorem
3701 4755 3787 4806 in-

2192 4819 2380 4899 telligit
2438 4821 2750 4899 Hesiodum,
2812 4824 2905 4893 qui
2958 4819 3027 4880 ad
3082 4819 3786 4899 llelicoiiern'paternarum

2189 4894 2370 4970 ovium
2419 4894 2691 4970 custodem
2733 4910 2917 4965 agens,
2948 4912 3071 4951 cum
3100 4899 3281 4951 Musas
3311 4894 3698 4970 conspexisset,
3733 4905 3790 4950 ct

2189 4962 2256 5015 ab
2302 4966 2381 5018 eis
2423 4964 2490 5016 ad
2540 4962 2929 5031 Hippocrenen,
2966 4970 3017 5021 id
3062 4982 3144 5021 est
3194 4962 3523 5021 caballinum
3572 4968 3788 5021 fontem

2188 5034 2449 5089 deductus
2499 5034 2713 5109 fuisset,
2746 5038 2926 5093 statim
2973 5039 3445 5095 excellentiSsiuius
3475 5050 3638 5109 poeta
3668 5037 3788 5093 fac-

2192 5112 2280 5159 tus
2311 5118 2411 5171 est,
2443 5106 2584 5159 unde
2617 5107 2745 5161 illud
2779 5110 2934 5164 Ovid.
2962 5127 2975 5162 :

2314 5194 2421 5243 Non
2457 5193 2582 5242 mihi
2615 5205 2734 5243 sunt
2760 5199 2879 5245 visa:
2913 5196 3038 5254 Clio,
3069 5196 3273 5248 Cliusve
3308 5211 3501 5248 sorores

2347 5256 2572 5319 Servanti
2599 5258 2817 5319 pecudes
2845 5260 3083 5317 vallibus,
3119 5264 3292 5317 Ascra,
3324 5268 3439 5309 tuis.
3474 5262 3637 5311 Busa.

2263 5318 2380 5398 (48)
2393 5318 2993 5398 _M0yses’prophct_icus,
3008 5340 3123 5377 non
3147 5326 3401 5398 poeticas
3420 5330 3632 5397 pastor.
3651 5323 3795 5398 _Mo—

2190 5403 2276 5468 ses
2293 5397 2346 5442 et
2365 5390 2632 5468 Hesiodus
2652 5390 2811 5448 anibo
2832 5390 2987 5449 fuere
3009 5390 3254 5465 pastores
3280 5412 3292 5451 :
3318 5390 3767 5468 illepropheticus
3780 5436 3795 5459 ,

2190 5460 2278 5514 hic
2308 5461 2569 5530 poeticus.
2591 5461 2716 5520 R16.
