4042 6172
274 279 359 340 1οὗ
1714 271 1798 332 DE
1836 273 1867 332 C

1979 273 2117 332 )NA.

267 419 386 476 pora
415 401 672 466 ﬂoribus,
706 399 993 456 incinctam
1037 397 1315 455 describit.
1355 398 1517 454 Nulla
1554 412 1683 471 ergo
1712 398 1854 452 Pan-

267 496 408 549 dora.
460 491 563 545 Sed
595 501 647 544 et
697 489 768 545 de
814 488 1094 545 mendacio
1143 487 1504 544 erubescenda
1533 495 1615 543 est
1641 502 1856 543 coronze

266 582 430 655 origo,
458 581 567 648 jam
599 595 746 633 nunc
784 585 839 633 et
883 578 950 632 de
978 577 1298 633 veritatibus
1343 577 1478 632 suis.
1521 576 1676 632 Certe
1715 577 1856 630 enim

269 672 482 726 Graecos
521 668 570 704 ‘1
605 667 723 736 (49)
757 667 928 723 fuisse
976 674 1188 722 constat
1234 672 1480 722 auctores
1512 665 1590 721 rei
1619 664 1705 720 vel
1743 665 1861 719 illu-

267 760 567 813 minatores.
600 756 890 810 Saturnum
940 755 1276 827 Pherecydes
1305 761 1427 809 ante
1474 769 1662 809 omnes
1693 753 1860 809 refert

270 855 600 912 coronatum,
648 845 844 900 Jovem
889 844 1160 900 Diodorus
1209 845 1258 882 3?
1290 851 1410 913 post
1449 843 1682 898 devictos
1707 843 1859 897 Tita-

268 952 344 990 nas
376 934 539 1005 (50);
571 934 663 988 dat
701 939 756 987 et
783 931 981 1004 Pria‘po
1015 931 1201 987 uenias
1238 931 1352 1001 (51)
1382 930 1545 994 idem,
1579 938 1632 984 et
1660 931 1860 984 Ariad-

264 1041 327 1080 nae
353 1031 576 1079 sertum
607 1037 671 1075 ex
701 1036 834 1076 auro
876 1031 928 1075 et
956 1020 1154 1075 Indicis
1202 1020 1434 1091 gemmis
1465 1020 1594 1087 (52).,
1638 1018 1862 1074 Vulcani

263 1129 409 1183 Opus,
456 1111 637 1166 Liberi
667 1126 882 1174 munus,
915 1125 980 1164 ac
1020 1117 1210 1179 postea
1251 1108 1422 1177 sidus,
1462 1108 1664 1163 Junoni
1694 1108 1859 1163 vitem

263 1200 621 1259 Callimachus
648 1197 878 1253 induxit.
914 1199 994 1252 Ita
1022 1197 1229 1267 etAgis
1253 1197 1465 1266 signum
1493 1197 1612 1264 ejus
1642 1196 1860 1265 palmite

261 1290 590 1353 redimitum,
621 1287 863 1355 subjecto
894 1286 1122 1356 pedibus
1160 1287 1278 1354 ejus
1323 1284 1471 1340 corio
1501 1284 1738 1353 leonino,
1771 1284 1859 1339 in-

262 1379 548 1434 sultantem
581 1377 632 1414 33
659 1383 889 1431 ostentat
916 1374 964 1412 35
993 1389 1281 1430 novercam
1317 1373 1384 1428 de
1419 1373 1629 1429 exuviis
1659 1374 1863 1429 utrius-

261 1482 346 1539 que
379 1463 651 1538 privigni.
702 1463 959 1518 Hercules
1006 1477 1148 1518 nunc
1191 1459 1452 1532 populum
1490 1461 1667 1532 capite
1712 1477 1858 1532 prm-

263 1557 366 1624 fert,
401 1570 564 1610 nunc
595 1552 904 1618 oleastrum,
934 1567 1078 1608 nunc
1104 1551 1305 1622 apium.
1337 1550 1512 1606 Habes
1543 1550 1860 1621 tragoediam

263 1644 502 1715 Cerberi,
537 1643 708 1697 habes
742 1641 1058 1711 Pindarum,
1109 1648 1270 1712 atque
1307 1637 1715 1707 Callimachum,
1767 1638 1860 1710 qui

3457 286 3557 348 106

1973 414 2065 452 vas
2099 399 2232 468 (57),
2267 399 2438 469 prima
2469 402 2569 456 Isis
2604 413 2843 473 repertas
2891 404 3066 475 spicas
3111 409 3284 479 capite
3329 410 3556 467 circum-

1971 488 2110 556 tulit,
2141 504 2254 543 rem
2301 491 2473 562 magis
2521 493 2736 547 ventris.
2783 492 2938 547 Plura
2978 498 3336 565 quaerentibus
3378 503 3559 558 omnia

1967 577 2242 632 exhibebit
2288 582 2762 646 praestantissimus
2811 581 2864 634 in
2922 584 3021 636 hac
3075 597 3286 655 quoque
3339 590 3557 643 materia

1968 675 2360 723 commentator
2405 669 2657 724 Claudius
2713 670 3039 727 Saturninus
3083 672 3233 743 (58).
3283 675 3417 729 Nam
3475 690 3559 733 est

1968 753 2110 810 illius
2157 757 2222 812 de
2271 759 2498 815 Coron-is
2551 758 2707 827 liber,
2752 768 2803 814 et
2851 759 3110 830 origines,
3165 767 3217 814 et
3264 778 3474 833 causas,
3508 777 3560 823 et

1968 843 2196 912 species,
2243 851 2295 898 et
2338 846 2707 902 solemnitates
2763 862 2948 901 earum
3000 847 3071 900 ita
3119 847 3439 916 edisserens,
3503 864 3562 911 ut

1969 931 2171 986 nullam
2237 933 2464 1003 gratiam
2517 934 2683 1000 ﬂoris,
2745 936 2947 990 nullam
3021 935 3255 992 laetitiam
3330 939 3557 1011 frondis,

1970 1020 2175 1075 nullum
2208 1023 2461 1090 cespitem
2510 1033 2601 1078 aut
2648 1025 2939 1094 palmitem,
2981 1039 3092 1080 non
3135 1026 3363 1096 alicujus
3401 1031 3561 1102 capiti

1971 1106 2210 1164 invenias
2248 1119 2633 1166 consecratum.
2676 1111 2794 1180 Quo
2842 1113 2973 1169 satis
3022 1115 3368 1182 instruamur,
3401 1137 3559 1190 quam

1970 1195 2207 1250 alienum
2240 1198 2482 1266 judicare
2528 1200 2822 1256 debeamus
2850 1203 3097 1258 coronati
3126 1205 3314 1274 capitis
3341 1207 3561 1264 institu-

1969 1283 2166 1340 tionem
2207 1287 2273 1339 ab
2301 1285 2378 1340 eis
2407 1289 2692 1355 prolatam,
2733 1289 2870 1344 etin
2917 1306 3106 1348 eorum
3153 1292 3416 1368 deinceps
3454 1299 3559 1355 ho-

1969 1387 2157 1427 norem
2203 1373 2590 1445 dispensatam,
2639 1393 2779 1446 quos
2822 1379 3082 1434 saaculum
3132 1382 3265 1437 deos
3311 1387 3561 1446 credidit.

1969 1461 2023 1515 Si
2055 1461 2196 1516 enim
2228 1463 2563 1519 mendacium
2612 1465 2909 1522 divinitatis
2936 1467 3183 1523 diabolus
3225 1481 3480 1540 operatur
3507 1478 3562 1531 in

1971 1550 2070 1605 hac
2100 1550 2261 1606 etiam
2302 1551 2500 1622 Specie,
2535 1568 2563 1606 a
2590 1552 2888 1624 primordio
2934 1557 3187 1624 mendax,
3231 1559 3351 1616 sine
3396 1563 3564 1622 dubio

1967 1649 2021 1695 et
2048 1655 2140 1698 eos
2190 1641 2305 1710 ipse
2353 1650 2725 1711 prospexerat,
2773 1641 2827 1696 in
2875 1643 3073 1713 quibus
3120 1645 3175 1699 in
3223 1648 3564 1710 mendacium

263 1743 307 1791 et
354 1731 679 1805 Apollinem
730 1738 1018 1796 memorat,
1070 1728 1350 1784 interfecto
1399 1727 1678 1800 Delphyne
1733 1728 1856 1783 dra-
1889 1721 1932 1799 Β
1965 1729 2258 1785 divinitatis
2323 1738 2617 1800 ageretur.
2673 1728 2845 1797 Quale
2897 1730 3060 1803 igitur
3122 1733 3428 1793 habendum
3483 1748 3565 1796 est

263 1837 384 1878 eone
455 1823 576 1890 (53)
617 1861 630 1885 ,
690 1819 928 1874 lauream
980 1817 1226 1873 induisse
1255 1817 1304 1855 35
1353 1817 1516 1886 (54):
1584 1818 1858 1883 Liberum,

261 1909 515 1966 eumdem
559 1907 706 1979 apud
743 1907 1027 1982 Egyptios
1079 1904 1284 1970 Osirin,
1334 1905 1726 1978 Harpocration
1772 1907 1861 1960 in-

265 1998 474 2053 dustria
521 1997 836 2053 hederatum
888 2002 1298 2066 argumentatur
1342 1993 1477 2066 (55),
1518 1994 1665 2066 quod
1693 1994 1860 2050 hede-

264 2104 327 2143 rae
365 2094 566 2141 natura
594 2086 663 2141 sit
707 2084 995 2141 cerebrum
1041 2085 1106 2139 ab
1136 2084 1327 2140 heluco
1378 2081 1666 2139 defensare
1724 2084 1858 2155 (56).

267 2176 366 2234 86
395 2177 513 2232 Sed
543 2185 596 2231 et
625 2175 756 2230 alias
799 2173 1059 2230 Liberum
1100 2173 1396 2244 principem
1441 2187 1658 2229 coronae
1703 2173 1862 2245 plane

267 2267 478 2330 laurea,
513 2265 570 2318 in
599 2280 707 2335 qua
737 2279 800 2318 ex
829 2262 1036 2318 Indicis
1070 2261 1444 2333 triumphavit,
1477 2259 1637 2318 etiam
1666 2262 1864 2334 vulgus

268 2355 523 2428 agnoscit,
555 2368 679 2408 cum
712 2353 832 2407 dies
861 2351 918 2406 in
947 2351 1104 2406 illum
1152 2350 1426 2406 solemnes
1453 2367 1718 2422 magnam
1763 2366 1860 2420 ap-

271 2446 410 2517 pellat
457 2459 750 2500 coronam.
782 2440 843 2497 Si
879 2448 933 2496 et
980 2441 1176 2496 Leonis
1220 2439 1439 2514 Egypti
1480 2439 1678 2510 scripta
1707 2439 1862 2495 evol-

1970 1819 2112 1889 apud
2143 1817 2392 1874 homines
2439 1818 2550 1874 veri
2582 1818 2701 1886 Dei,
2753 1821 2896 1890 quod
2956 1837 2986 1875 a
3024 1822 3320 1880 candidatis
3365 1827 3567 1884 diaboli

1969 1908 2377 1974 introductum,
2436 1915 2490 1962 et
2545 1907 2678 1978 ipsis
2725 1924 2755 1961 a
2811 1907 3105 1979 primordio
3171 1911 3405 1970 dicatum
3461 1928 3564 1985 est,

1969 1996 2219 2070 quodque
2242 1997 2353 2066 jam
2386 2003 2514 2051 tunc
2543 1995 2860 2051 idololatriae
2889 1996 3195 2055 initiabatur
3226 2003 3292 2057 ab
3313 2002 3490 2071 idolis,
3516 2015 3569 2062 et

1969 2085 2128 2141 idolis
2165 2085 2340 2140 adhuc
2380 2083 2560 2139 vivis?
2602 2099 2708 2140 non
2740 2086 2895 2156 quasi
2932 2086 3136 2159 aliquid
3177 2089 3244 2144 sit
3289 2087 3397 2147 87
3442 2093 3568 2150 ido-

1971 2175 2080 2228 lum
2131 2175 2268 2244 (59),
2316 2173 2413 2230 sed
2459 2176 2712 2246 quoniam
2745 2190 2863 2245 quae
2890 2174 3049 2230 idolis
3093 2177 3183 2232 alii
3229 2178 3460 2250 faciunt,
3499 2183 3567 2238 ad

1969 2264 2241 2318 daemones
2285 2261 2576 2332 pertinent.
2630 2262 2826 2331 Porro,
2867 2263 2914 2317 si
2953 2281 3075 2336 quae
3115 2266 3203 2321 alii
3251 2269 3362 2337 (60)
3411 2270 3571 2327 idolis

1971 2349 2190 2419 faciunt,
2252 2351 2319 2405 ad
2374 2351 2650 2405 daemones
2707 2350 2971 2421 pertinent
3029 2354 3077 2421 (1
3144 2356 3263 2412 Cor.
3330 2373 3388 2424 x,
3454 2361 3566 2432 20).

1971 2447 2170 2510 quanto
2201 2438 2376 2512 magis
2413 2439 2556 2511 quod
2578 2439 2694 2510 ipsa
2725 2438 2827 2494 sibi
2866 2439 3010 2496 idola
3040 2441 3288 2500 fecerunt
3316 2463 3436 2502 cum
3468 2451 3568 2504 ad-

1660 2547 1854 2609 Variae
1904 2550 2222 2609 lectiones.

1660 2552 1854 2609 Varia:
1904 2552 2222 2610 lectiones.

330 2634 371 2672 31
413 2633 608 2688 Certos
639 2629 740 2686 cod
782 2631 981 2686 Wouw.
1016 2643 1189 2683 caecos
1210 2628 1398 2696 Latin,
1419 2629 1644 2683 cmteros
1665 2631 1840 2683 Fran.
1865 2627 1913 2666 ³²
1942 2629 2055 2683 Hoc
2083 2641 2304 2683 munere
2335 2626 2587 2682 acaeteris
2616 2627 2936 2683 honoratum
2960 2631 3164 2688 mserit
3193 2633 3345 2689 Seml
3380 2637 3428 2674 33
3457 2639 3571 2693 Ex-

276 2707 550 2760 sonantem
581 2704 718 2759 Jan.
751 2702 800 2740 ³⁵
841 2700 1131 2758 Ostentans
1176 2699 1355 2758 Rhen.
1389 2700 1437 2738 ³⁵
1465 2698 1582 2768 Qua
1612 2701 1930 2770 supplicem.
1963 2699 2129 2753 Erant
2157 2700 2298 2754 enim
2330 2697 2600 2770 supplices
2638 2699 2880 2754 coronati
2919 2702 3061 2770 apud
3091 2711 3321 2770 veteres,
3367 2708 3573 2766 inserit

283 2776 500 2832 Semler.

1662 2842 2168 2906 Commentarius.

343 2927 447 3008 (i9)
511 2927 671 3014 Certe
707 2925 963 3006 .Gra’cos.
1015 2923 1071 2979 Si
1131 2921 1425 3014 iegendum
1486 2921 1866 3014 arbitramur:
1903 2936 1946 3014 ο
1978 2922 2432 3014 apugmatictoi-e's.
2460 2920 2644 3014 Enen;

300 2993 380 3050 etsi
411 2993 469 3053 in
513 2997 890 3066 antiquissimo
934 2993 1229 3064 exemplari
1264 2995 1481 3066 legatur
1529 2996 1776 3066 ueteris,
1816 2995 1869 3047 in

303 3067 457 3122 Ursini
512 3064 878 3122 codﬁeertos.
909 3066 1005 3120 Ait
1051 3064 1410 3120 Tertullianus
1454 3064 1673 3119 Graecos
1703 3065 1871 3119 fuisse

307 3151 536 3192 auctores
585 3136 673 3207 vel,
713 3136 1092 3192 illuminatores
1139 3138 1215 3191 rei
1254 3136 1594 3204 coronariae;
1627 3137 1769 3207 quod
1803 3137 1872 3189 ita

298 3222 392 3261 esse
417 3205 706 3276 sequentia
733 3207 1117 3263 demonstrant.
1150 3208 1274 3262 Βία.

342 3279 450 3348 (50)
481 3281 618 3335 Post
656 3278 893 3334 devictos
936 3280 1183 3350 Titanas.
1217 3278 1279 3350 In
1323 3277 1679 3350 libriseditis,
1713 3285 1873 3350 atque

279 3349 426 3404 etiam
481 3351 540 3403 in
600 3350 1000 3420 exemplaribus
1073 3349 1314 3421 antiquis
1369 3349 1624 3421 additui:
1686 3369 1709 3400 α
1760 3350 1873 3404 Hoc

276 3435 490 3475 munere
521 3436 552 3474 a
581 3418 793 3476 caeteris
841 3422 1174 3477 honoratum.
1201 3418 1240 3472 ⁷»
1282 3418 1441 3488 Quod
1472 3436 1502 3474 a
1544 3420 1872 3476 Tertulliano

273 3506 388 3547 esse
416 3507 528 3546 non
553 3491 797 3546 videtur.
830 3492 958 3549 RIG.

337 3565 454 3631 (Si)
485 3566 595 3619 Dat
615 3568 674 3618 et
698 3564 904 3636 Priapo
933 3566 1156 3621 uenias.
1189 3563 1248 3619 In
1279 3561 1400 3620 cod.
1432 3561 1708 3636 Agobardi
1736 3561 1870 3634 legi-

270 3643 349 3688 tur
379 3635 712 3690 temianias.
746 3634 876 3689 RIG.

333 3708 448 3774 (52)
481 3707 757 3761 Ariadna:
787 3711 1003 3762 sertum
1023 3724 1094 3764 ea:
1123 3723 1262 3762 auro
1292 3710 1345 3763 et
1377 3704 1585 3761 Indicis
1613 3705 1869 3776 gemmis.

267 3775 512 3850 Hyginus
543 3777 640 3831 ubi
673 3776 1048 3850 de__Corona:
1095 3799 1117 3829 α
1143 3778 1276 3850 Haec
1304 3775 1642 3850 existimatur
1674 3775 1872 3829 Ariad-

262 3845 375 3901 nes'
412 3848 606 3915 fuisse,
647 3863 680 3900 a
710 3847 905 3902 Libero
945 3857 1092 3918 patre
1138 3848 1280 3904 inter
1309 3848 1486 3903 sidera
1529 3845 1805 3918 collocata.
1842 3865 1866 3895 ι

265 3918 411 3973 Idem
443 3920 608 3990 paulo
639 3926 800 3988 post:
842 3939 864 3968 »
887 3916 1097 3976 Dicitur
1131 3921 1288 3990 etiam
1317 3933 1349 3972 a
1377 3918 1619 3990 Vulcano
1638 3916 1872 3990 factaAex

264 4005 394 4045 auro
424 3987 482 4045 et
502 3987 706 4045 Indicis
726 3989 1010 4061 gemmis.»
1025 3989 1406 4046 Germanicus:
1439 4009 1460 4040 α
1477 3987 1875 4061 CoronamYul-

261 4061 377 4116 cani
400 4076 582 4132 opere
601 4059 800 4117 factam
820 4077 886 4116 ex
912 4076 1046 4117 auro
1074 4071 1127 4118 et
1155 4061 1386 4132 gemmis
1415 4059 1684 4132 pretiosis.
1710 4060 1867 4132 πως.

326 4133 453 4203 (53)
493 4132 790 4204 Delphyne
827 4133 1086 4190 dracone.

255 4201 531 4275 apparent
579 4201 633 4256 in
673 4201 860 4259 codice
905 4203 1199 4275 Agobardi.
1225 4201 1577 4275 Hesychius.
1617 4201 1812 4274 Δελφὶς,
1843 4201 1871 4254 ὁ

255 4273 299 4326 2+
325 4273 559 4346 Δελφοῖς
580 4275 793 4344 δράκων,
823 4275 950 4346 R16.

322 4343 460 4418 (54)
496 4343 784 4403 Latiream
830 4345 1098 4418 induisse.
1140 4345 1196 4400 In
1246 4345 1574 4418 editionibus
1619 4353 1674 4400 et
1720 4343 1872 4418 libris

252 4415 428 4473 etiam
453 4433 604 4472 mss.
635 4419 912 4486 sequitur:
951 4435 974 4469 ε
1014 4417 1132 4486 Qua
1177 4416 1496 4488 supplicem.
1528 4415 1694 4488 Erant
1730 4415 1870 4488 e_nim

251 4491 546 4570 supplices
577 4487 818 4545 coronati
847 4487 1015 4570 apud_
1038 4485 1268 4570 veteres.
1286 4485 1326 4539 ί»
1355 4487 1557 4570 Verum
1595 4487 1710 4567 haec
1728 4485 1872 4570 :IZer-

250 4556 470 4616 tulliani
502 4575 634 4615 esse
660 4574 769 4615 non
800 4566 951 4631 puto.
977 4559 1170 4616 Reddo
1203 4570 1404 4624 tamen,
1429 4558 1474 4613 si
1524 4557 1651 4630 quis
1697 4556 1874 4613 ablata

246 4633 564 4703 repetitum
597 4631 796 4703 veniat.
825 4631 954 4688 Rte.

316 4699 446 4775 (55)
481 4701 833 4775 Hggieratum
863 4706 1321 4775 argumentatur.
1352 4700 1575 4775 Plinius,
1609 4699 1704 4754 lib.
1732 4713 1831 4754 xvr
1857 4715 1870 4753 :

245 4787 292 4844 ρ.
326 4771 362 4831 5
393 4771 432 4830 ε’
469 4795 497 4823 ι
547 4771 762 4844 Ferunt,
799 4771 1034 4844 primum
1069 4775 1308 4829 omnium
1367 4773 1618 4828 Liberum
1665 4779 1874 4844 patrem

238 4842 602 4917 imposuisse
649 4842 813 4912 capiti
858 4858 957 4917 suo
1004 4860 1069 4898 ex
1102 4845 1370 4917 hedera»
1413 4844 1564 4912 Item,
1614 4842 1733 4914 cap.
1765 4845 1870 4897 24:

243 4935 266 4967 ι
309 4914 722 4973 Alexandrum
750 4929 879 4972 vero
909 4915 980 4970 ob
1009 4914 1282 4970 raritatem
1314 4914 1388 4969 ita
1415 4922 1674 4971 coronato
1713 4929 1874 4969 exer-

237 4988 370 5056 citu,
435 4988 721 5044 victorem
783 5001 849 5040 ex
905 4985 1057 5040 India
1117 4985 1342 5042 rediisse
1397 4985 1644 5058 exemplo
1697 4985 1878 5042 Liberi

239 5062 443 5130 patris,
501 5081 529 5109 ι
548 5064 697 5130 Aetc.»
722 5058 910 5130 lineis.

307 5135 465 5209 (56L
483 5127 575 5209 Ab
612 5127 804 5209 heiuco
823 5128 1136 5209 defensare.
1161 5126 1442 5209 Signiﬁcat
1473 5128 1723 5209 helacus,
1755 5143 1880 5184 auc-

2050 2991 2161 3060 (57)
2199 2991 2272 3070 Si.
2286 2995 2336 3046 et
2369 2993 2559 3070 Leonis
2601 2993 2845 3070 Egyptii
2874 2995 3084 3070 scripta
3118 2998 3385 3056 revolvas.
3419 3001 3576 3060 Hunc

1977 3064 2214 3117 Leonem
2245 3064 2580 3132 Augustinus
2609 3079 2681 3137 ex
2703 3064 3010 3137 Alexandro
3058 3083 3315 3137 magnum
3355 3075 3571 3128 antisti.

1979 3140 2086 3211 t_ern
2109 3139 2264 3187 vocat
2287 3133 3042 3211 ιβιιίειῇοςιξῐη...ιίτῖςδψιίρτυιη,Δ
3071 3133 3173 3211 lib:
3195 3155 3318 3204 vm,
3361 3144 3427 3197 de
3452 3148 3566 3202 Civ.

1977 3204 2095 3292 θεῖν
2128 3204 2541 3292 059ςὲςέΨῆ
2564 3203 3151 3292 Ηὲβίέὶέἓξξῗηίίνίειβ»
3183 3225 3274 3292 r98.
3294 3213 3572 3292 ίίξεγριίμει

1979 3272 2380 3351 conscripsisse
2397 3272 2498 3351 ait.
2525 3274 2673 3351 Idem
2704 3272 2946 3351 Hyginus
2979 3272 3174 3351 passim
3206 3272 3415 3336 fabulis"
3433 3272 3564 3351 suis,

1977 3354 2030 3424 et
2076 3345 2403 3424 Gallimachi,
2433 3350 2507 3424 et
2555 3344 2988 3424 Pherecydisnet'
3024 3346 3253 3403 aliorum
3301 3353 3392 3424 qui
3425 3355 3508 3411 hic
3539 3344 3572 3410 a

1980 3417 2242 3488 Septimio
2280 3415 2531 3488 citantur,
2551 3415 2953 3469 .commeminit.

2048 3486 2160 3558 (58)
2198 3486 2466 3561 Ciaudius
2485 3487 3086 3561 Saturninusailuj‘us
3100 3504 3265 3561 opera
3293 3495 3437 3549 nulla
3465 3513 3567 3551 ex-

1978 3555 2153 3624 stant,
2172 3558 2267 3613 sed
2295 3560 2456 3612 credo
2485 3555 2679 3611 librum
2709 3555 3024 3613 Tertulliani
3055 3560 3120 3616 de
3137 3555 3365 3620 'Corona
3399 3569 3563 3625 Mt’lit.

1977 3646 2099 3686 esse
2129 3630 2285 3699 plane
2313 3627 2588 3699 epitomen
2618 3626 2764 3682 illius
2795 3629 2936 3684 libri.
2971 3631 3104 3686 Lac.
3647 3671 3654 3678 .

2047 3701 2164 3771 (59)
2188 3701 2306 3756 Non
2328 3699 2487 3772 quasi
2506 3699 2726 3772 aliquid
2743 3701 2819 3772 sit
2838 3701 3073 3758 idolum.
3098 3703 3189 3758 Ait
3209 3705 3570 3766 Tertullianus

1977 3770 2348 3852 idOloiatriain'
2377 3785 2496 3826 esse
2525 3770 2864 3852 mendacium
2895 3772 3207 3844 divinitatis,
3256 3783 3407 3852 quod,
3455 3784 3570 3852 jam

1979 3859 2008 3898 a
2053 3843 2369 3915 primordio“
2397 3841 2628 3915 mendax
2665 3841 2928 3915 diabolus
2957 3841 3212 3913 operatus
3256 3841 3353 3915 est,
3397 3841 3474 3907 ita
3515 3864 3571 3911 ut

1978 3912 2270 3991 providerit
2307 3912 2412 3968 sibi
2444 3927 2506 3968 ac
2533 3912 2874 3991 prospexerit
2920 3912 3169 3991 homines
3205 3917 3259 3972 in
3289 3912 3486 3991 quibus
3513 3926 3568 3980 id

1980 3983 2322 4058 mendacium
2366 3991 2635 4056 ageretur.
2668 3983 2894 4058 Etenim
2921 3984 2995 4058 dii
3024 3988 3271 4058 gentium
3297 3983 3360 4046 ex
3392 3995 3570 4050 homi-

1979 4056 2146 4112 nibus
2174 4057 2343 4122 fuere,
2374 4055 2514 4125 quos
2542 4063 2731 4126 gentes
2767 4055 2877 4111 vita
2926 4055 3157 4123 functos,
3189 4062 3273 4116 vel
3314 4065 3568 4122 adulandi

1187 4133 1313 4203 ujus
1341 4117 1619 4202 scriptura:
1651 4130 1870 4203 vestigia
1903 4117 1948 4195 Ι]
1981 4127 2179 4203 studio,
2227 4117 2695 4203 posteiiseo'rum
2725 4127 2860 4203 forte
2884 4117 3245 4203 petentibus,
3285 4117 3369 4189 vel
3395 4117 3571 4192 Béiié.’

1977 4196 2240 4254 ﬁciorum'
2267 4196 2546 4266 memoria,
2596 4213 2694 4267 pro
2736 4197 2840 4252 diis
2884 4198 3138 4256 habuere.
3187 4202 3283 4259 Hic
3328 4205 3430 4260 fuit
3466 4225 3568 4265 ve-

1977 4269 2303 4344 tustissimus
2345 4267 2612 4344 referendi
2649 4269 2786 4344 bene
2818 4271 3145 4344 merentibus
3174 4275 3395 4342 gratiam
3427 4295 3566 4344 mos,

1977 4350 2049 4414 ut
2081 4340 2212 4414 tales
2259 4337 2569 4414 numinibus
2604 4337 3018 4414 ascriberentur.
3068 4337 3256 4414 Neque
3310 4347 3464 4405 aliter
3499 4337 3568 4406 de

1979 4411 2082 4467 diis
2109 4411 2211 4466 aevi
2239 4409 2557 4490 suinPlinius
2603 4409 2945 4490 epinabatur.
2978 4409 3350 4490 Hosce'igitur
3387 4421 3567 4476 homi-

1978 4499 2095 4548 nes,
2124 4497 2265 4556 quos
2293 4480 2396 4556 sibi
2423 4481 2699 4556 prospexit
2733 4480 2999 4556 diabolus,
3046 4501 3104 4556 ex
3136 4480 3356 4556 quibus
3404 4490 3566 4556 idola,

1981 4570 2076 4610 seu
2105 4550 2396 4630 divinitatis
2428 4550 2581 4630 ’furia
2618 4560 2780 4630 atque
2816 4553 3094 4630 mendacia
3123 4550 3349 4630 fierent,
3368 4550 3570 4614 diaboli

1981 4625 2296 4681 candidatos
2321 4629 2479 4680 vocat
2507 4622 2877 4686 Tertullianus,
2924 4624 3017 4692 qui
3063 4640 3185 4679 cum
3232 4622 3566 4684 adviverent.

1977 4698 2088 4766 jam
2116 4695 2261 4750 idola
2290 4709 2429 4761 esse,
2461 4700 2517 4749 et
2544 4692 2874 4766 sibistatuas
2914 4694 3041 4766 poni
3060 4701 3139 4766 _et
3157 4695 3271 4766 coli
3299 4697 3568 4755 ambitiosi

1981 4762 2375 4839 affectaverint.
2421 4768 2593 4839 Atque
2650 4765 2766 4839 haec
2813 4762 2992 4820 omnia
3037 4764 3398 4839 ‘Christianis,
3458 4772 3570 4828 veri

1983 4835 2440 4912 Deiicultoribus,
2471 4835 2805 4912 abhorrenda
2842 4850 2965 4912 esse
3002 4835 3093 4902 ait,
3114 4851 3236 4912 _non
3283 4835 3437 4912 quasi
3467 4844 3571 4899 an-

1983 4910 2112 4982 quid
2142 4907 2249 4982 sint
2275 4907 2422 4982 idola
2450 4907 2535 4982 vel
2564 4915 2786 4982 statuae;
2816 4907 2914 4982 sed
2963 4907 3216 4982 quoniam
3261 4907 3436 4970 cultus
3481 4917 3574 4974 ille

1983 4977 2142 5054 quem
2183 4978 2426 5054 homines
2464 4977 2629 5054 idolis
2662 4977 2928 5054 Astatuisve
2973 4977 3233 5054 tribuunt,
3273 4983 3340 5038 ad
3368 4987 3572 5044 daemo-

1983 5048 2098 5119 nes,
2133 5051 2352 5127 aemulos
2372 5049 2500 5127 _Dci,
2530 5049 2787 5127 pertinet.
2816 5048 3054 5127 _Deiude‘
3084 5051 3303 5127 adjicit:
3339 5056 3496 5127 Quod
3527 5061 3574 5116 si

1986 5141 2047 5182 ea
2077 5139 2195 5196 quae
2238 5119 2492 5178 homines
2529 5120 2687 5202 idolis
2729 5119 2945 5202 faciunt,
2991 5123 3070 5202 ad
3108 5119 3385 5202 daemones:
3408 5133 3577 5202 peni-

238 5199 354 5260 tore
420 5199 622 5258 Sexto
668 5199 947 5272 Pompeio,
1006 5199 1318 5272 languidum
1373 5209 1426 5256 et
1471 5199 1874 5272 semisomnum,

241 5283 288 5328 α
332 5276 635 5344 hesterno
680 5269 819 5344 vino
858 5269 1220 5344 languentem,
1251 5269 1339 5344 sic
1378 5271 1577 5344 dictum
1616 5271 1684 5326 ab
1729 5269 1879 5344 hiatu

241 5344 350 5402 oris
376 5355 443 5404 et
479 5343 840 5416 oscitatione.
887 5340 1203 5416 Quanquam
1250 5341 1614 5399 Tertulliauus
1639 5357 1738 5414 pro
1766 5341 1884 5414 ipsa

238 5419 432 5488 potius
468 5413 781 5489 affectione
811 5413 1258 5489 capitisvidetur
1296 5429 1578 5489 usurpare,
1601 5413 1715 5489 qua
1751 5413 1886 5489 pro-

246 5485 434 5560 clives
466 5488 537 5546 in
570 5500 832 5560 somnum
876 5485 1199 5560 reddimur,
1229 5500 1393 5560 quam
1427 5485 1641 5560 Qrteci'
1661 5485 1885 5560 καρὴϐα-

243 5559 352 5634 θίπν
393 5559 724 5637 appellant.
757 5558 839 5616 De
889 5557 1106 5620 hederae
1149 5555 1206 5622 vi
1246 5555 1549 5634 frigoriﬁca
1575 5555 1742 5620 multa
1767 5555 1893 5622 aunt

482 5678 752 5744 Pauor"
796 5675 864 5738 Π.

3346 5672 3373 5729 8

1987 5191 2132 5262 nent,
2171 5203 2370 5271 quanto
2413 5193 2584 5271 magis
2626 5191 2924 5271 quqd_ip_sa
2971 5193 3073 5251 sibi
3121 5197 3266 5254 idola
3312 5191 3574 5271 fecerunt,

1985 5283 2110 5324 cum
2139 5262 2312 5322 adhuc
2339 5262 2526 5320 essent
2549 5264 2604 5318 in
2631 5262 2809 5321 vivis?
2831 5262 2968 5322 Βία.

2065 5341 2176 5413 (60)
2207 5340 2380 5413 Porro
2408 5337 2458 5394 si
2485 5352 2608 5409 quia
2633 5337 2902 5413 glii,_etc.
2930 5336 3173 5413 Videtur
3200 5355 3320 5413 esse
3351 5357 3538 5413 sensus
3563 5358 3579 5399 :

1989 5405 2236 5492 Porro'_s_i
2263 5425 2326 5466 ea
2353 5423 2474 5491 qua:
2496 5405 2730 5492 gentiles
2769 5405 2993 5492 faciunt,
3021 5409 3079 5468 in
3121 5410 3281 5468 idolis
3307 5413 3441 5492 suis,
3472 5412 3582 5492 alii,

2036 5493 2130 5542 uta
2173 5479 2438 5539 Mercurio
2476 5479 2562 5538 vel
2607 5479 2774 5537 Jovis.
2825 5479 3088 5554 Loquitur
3114 5491 3290 5542 autem
3320 5484 3388 5540 de
3416 5479 3589 5543 Sacri-'-

1996 5500 2134 5613 gciis
2171 5565 2220 5611 et
2244 5551 2629 5610 immolatione.
2661 5552 2850 5608 RnnN.

2039 5555 2134 5616 ciis
2171 5565 2220 5611 et
2244 5551 2629 5610 immolatione.
2661 5552 2850 5608 RnnN.
