4036 6172
454 282 548 339 1οἷ
1145 273 1585 335 TERTULLIANI
1622 273 1885 335 OPERUM
1924 273 2088 332 PARS
2128 273 2194 329 ll.
2226 302 2297 314 -—
2334 271 2557 333 SERIES
2599 274 2641 340 ι,
2685 272 3024 334 POLEMICA.
3634 280 3726 337 [08

443 406 730 463 viverent?
761 401 869 474 Ipsi
901 401 1102 458 scilicet
1128 402 1234 458 sibi
1283 410 1698 473 procuraverunt
1736 400 2028 466 daemones,
2068 419 2113 497 Α
2144 400 2305 455 stioni
2363 401 2439 455 sic
2494 401 2697 473 ubique
2754 404 3095 474 respondeo,
3155 404 3442 461 admittens
3512 406 3726 476 quidem

446 514 537 568 per
568 512 660 551 eos
684 495 736 548 in
768 494 964 565 quibus
1010 493 1314 548 esurierant
1344 493 1391 530 36
1438 502 1557 546 ante
1598 493 1737 561 quod
1778 505 2032 560 procura-

443 595 632 641 verunt
662 587 705 622 37
737 584 870 656 (61).

1035 672 1262 727 CAPUT
1301 672 1439 726 VIII.

512 767 659 819 Tene
691 764 902 819 interim
936 763 1073 816 hanc
1104 761 1285 826 ﬁdem,
1320 761 1446 815 dum
1479 760 1751 815 incursum
1781 756 2033 831 quaestio-

445 853 526 905 nis
587 854 699 925 (62)
754 852 985 907 excutio.
1031 851 1147 903 Jam
1197 850 1341 903 enim
1389 849 1546 905 audio
1600 850 1740 904 dici:
1801 850 1869 903 Et
1925 847 2033 902 alia

444 942 610 997 multa
641 943 705 995 ab
736 945 812 997 eis
851 942 1083 1011 prolata,
1124 953 1261 1009 quos
1302 938 1555 994 saaculum
1604 937 1736 993 deos
1767 938 2025 1005 credidit;

443 1045 622 1087 tamen
672 1032 725 1084 in
776 1029 968 1085 nostris
1012 1028 1173 1083 hodie
1218 1030 1424 1096 usibus,
1484 1037 1535 1082 et
1579 1028 1631 1080 in
1678 1027 2029 1097 pristinorum

442 1128 774 1183 sanctorum,
834 1124 887 1172 et
944 1118 995 1169 in
1045 1115 1142 1170 Dei
1198 1114 1377 1180 rebus,
1438 1123 1490 1168 et
1536 1116 1591 1167 in
1640 1114 1755 1184 ipso
1813 1114 2029 1168 Christo

442 1207 811 1279 deprehendi,
863 1221 971 1261 non
1018 1203 1148 1259 alias
1203 1203 1416 1259 scilicet
1473 1202 1743 1257 hominem
1801 1201 2024 1269 functo,

439 1313 597 1368 quam
645 1313 740 1367 per
786 1294 1096 1351 communia
1141 1293 1242 1348 ista
1284 1294 1642 1347 instrumenta
1688 1291 2031 1345 exhibitionis

438 1389 684 1442 humana)
713 1388 848 1458 (63).
900 1384 1064 1439 Plane
1104 1381 1179 1436 ita
1207 1382 1297 1447 sit,
1327 1397 1427 1436 nec
1458 1381 1726 1451 antiquius
1773 1382 1946 1436 adhuc
1974 1380 2028 1434 in

439 1476 679 1547 origines
708 1472 1040 1543 disceptabo.
1074 1472 1282 1526 Primus
1313 1470 1519 1524 litteras
1555 1471 1855 1525 Mercurius
1881 1485 2031 1524 enar-

438 1564 670 1630 raverit;
711 1560 1040 1615 necessarias
1069 1556 1364 1614 conﬁtebor
1394 1564 1447 1611 et
1475 1555 1817 1611 commerciis
1847 1572 2029 1612 rerum

436 1660 487 1709 et
516 1653 712 1707 nostris
741 1665 872 1718 erga
902 1649 1078 1702 Deum
1114 1645 1329 1701 studiis.
1363 1645 1465 1699 Sed
1504 1653 1555 1699 et
1587 1645 1633 1699 si
1663 1659 1856 1701 nervos
1884 1645 2027 1699 idem

437 1744 492 1798 in
542 1757 735 1799 sonum
783 1737 1016 1804 strinxit,
1071 1749 1179 1790 non
1223 1734 1438 1807 negabo
1487 1739 1538 1787 et
1594 1733 1695 1788 hoc
1752 1734 2026 1804 ingenium
2062 1709 2106 1785 Β

439 1849 563 1889 cum
623 1829 827 1885 sanctis
869 1826 1086 1893 fecisse,
1120 1830 1174 1880 et
1201 1824 1313 1878 Deo
1368 1822 1740 1890 ministrasse,
1798 1823 2026 1879 audiens

437 1920 635 1977 David.
680 1918 890 1974 Primus
945 1913 1186 1969 medelas
1240 1911 1579 1980 [Esculapius
1636 1912 2022 1983 exploraverit;

436 2007 654 2065 memini
684 2014 737 2062 et
772 2005 960 2060 Isaiam
1006 2001 1247 2057 Ezechiae
1294 2000 1572 2073 languenti
1610 2000 1809 2071 aliquid
1854 2001 2024 2057 medi-

437 2098 607 2155 cinale
638 2097 921 2151 mandasse
971 2094 1100 2163 (15a.
1147 2106 1394 2159 xxxvut,
1445 2093 1558 2161 21).
1610 2092 1724 2145 Scit
1750 2100 1803 2147 et
1834 2091 2026 2147 Paulus

437 2189 713 2245 stomacho
739 2187 927 2241 vinum
972 2180 1236 2237 modicum
1286 2180 1545 2250 prodesse
1581 2179 1623 2247 (Ι
1660 2181 1795 2235 Tim.
1825 2196 1876 2245 v,
1912 2184 2025 2249 23).

438 2277 546 2333 Sed
599 2285 650 2332 et
694 2274 931 2329 Minerva
976 2272 1149 2342 prima
1194 2269 1379 2323 molita
1438 2268 1509 2322 sit
1550 2284 1775 2337 navem;
1828 2268 2024 2324 videbo

436 2366 777 2439 navigantem
805 2363 995 2417 Jonam
1024 2360 1072 2397 33
1110 2361 1254 2428 (Jon.
1298 2374 1336 2424 ι,
1370 2360 1423 2425 3)
1452 2366 1503 2413 et
1541 2360 1834 2427 apostolos,
1867 2359 2024 2430 (Luc.

434 2470 551 2519 VIII,
586 2454 665 2522 2).
700 2452 822 2506 Plus
868 2456 950 2504 est
999 2449 1142 2519 (Act.
1195 2461 1317 2515 xm,
1369 2446 1446 2516 4),
1495 2446 1640 2517 quod
1677 2455 1727 2501 et
1776 2445 2027 2502 Christus

434 2544 727 2599 vestietur:
784 2538 1001 2595 habebit
1045 2540 1206 2591 etiam
1257 2535 1506 2607 penulam
1537 2536 1733 2591 Paulus
1781 2535 1849 2604 (ll
1888 2536 2020 2591 Tim.

434 2651 515 2703 IV,
577 2634 688 2703 13).
731 2630 787 2684 Si
842 2637 895 2685 et
939 2627 1368 2696 uniuscujusque
1414 2624 1762 2693 supellectilis
1815 2622 1924 2679 88
1973 2633 2026 2681 et

432 2723 771 2797 singulorum
846 2716 1188 2774 vasculorum
1251 2713 1481 2785 aliquem
1547 2730 1611 2769 ex
1667 2712 1771 2767 diis
1843 2712 2026 2769 szeculi

430 2822 704 2869 auctorem
749 2807 1048 2870 nominant,
1097 2810 1389 2876 agnoscant
1435 2816 1656 2857 necesse
1701 2808 1784 2856 est
1831 2809 1884 2855 ει
1933 2816 2025 2855 Γε-

429 2902 773 2957 cumbcntem
803 2896 855 2950 in
884 2894 1082 2950 lectulo
1110 2892 1378 2947 Christum
1400 2891 1539 2962 (64),
1586 2898 1639 2944 et
1676 2905 1797 2945 cum
1826 2888 2024 2959 pelvim

2145 489 2453 546 utensilium
2502 493 2958 560 communionem,
3010 495 3104 548 sed
3163 510 3460 564 provocans
3506 510 3622 549 eam
3664 498 3724 548 ad

2142 582 2478 636 rationalium
2537 590 2589 635 et
2654 581 3043 637 irrationalium
3109 582 3549 649 distinctionem,
3606 584 3723 653 quia

2142 670 2419 739 passivitas
2478 671 2525 707 39
2580 670 2713 725 fallit
2766 672 2922 742 (66),
2980 673 3306 728 obumbrans
3368 673 3725 743 corruptelam

2141 759 2487 827 conditionis,
2547 778 2651 831 qua
2708 762 2946 831 subjecta
3011 770 3095 817 est
3138 762 3357 818 vanitati
3383 763 3562 831 (Rom.
3605 780 3726 829 vui,

2142 850 2256 920 28).
2287 849 2533 905 Dicimus
2562 851 2705 905 enim
2735 866 2799 905 ea
2826 852 3041 907 demum
3072 860 3126 906 et
3152 853 3365 921 nostris,
3401 862 3453 908 et
3481 855 3725 923 superio-

2141 954 2259 993 rum
2289 940 2494 1006 usibus,
2528 948 2581 994 et
2608 940 2708 994 Dei
2734 942 2920 1008 rebus,
2953 950 3005 996 et
3052 942 3155 1013 ipsi
3202 942 3414 997 Christo
3446 945 3729 1015 competis-

2138 1042 2217 1091 se,
2251 1042 2372 1098 qua:
2420 1044 2594 1083 meras
2641 1029 2917 1095 utilitates,
2952 1038 3005 1085 et
3050 1040 3193 1086 certa
3244 1031 3501 1097 subsidia,
3546 1042 3599 1087 et
3638 1036 3728 1089 h0-

2139 1125 2290 1170 nesta
2310 1116 2494 1171 solatia
2514 1118 2843 1174 necessariis
2863 1120 2989 1174 vitm
3007 1120 3255 1175 humanm
3273 1122 3382 1191 (67)
3407 1130 3723 1193 procurant:

2139 1212 2198 1258 ut
2234 1206 2301 1260 ab
2332 1204 2452 1275 ipso
2480 1207 2593 1261 Deo
2638 1206 2899 1278 inspirata
2948 1208 3235 1264 credantur
3282 1210 3459 1280 priore
3504 1227 3727 1282 prospe-

2138 1302 2306 1363 ctore,
2340 1305 2393 1351 et
2437 1296 2777 1363 instructore,
2809 1306 2862 1353 et
2908 1298 3251 1369 oblectatore,
3284 1299 3329 1354 si
3351 1300 3514 1371 forte,
3548 1301 3722 1357 homi-

2138 1380 2223 1434 nis
2252 1382 2355 1435 sui.
2388 1382 2518 1451 Quae
2548 1398 2679 1440 vero
2704 1385 2849 1440 hunc
2877 1385 3121 1441 ordinem
3150 1389 3498 1454 excesserint,
3530 1404 3593 1444 ea
3621 1404 3723 1445 non

2136 1470 2422 1526 convenire
2470 1472 2661 1527 usibus
2707 1475 2926 1544 nostris,
2959 1476 3257 1545 praesertim
3286 1493 3406 1548 quae
3444 1486 3725 1549 prOpterea

2138 1557 2359 1624 scilicet,
2394 1576 2496 1615 nec
2524 1560 2668 1631 apud
2687 1563 2959 1628 saeculum,
2990 1578 3089 1619 nec
3116 1563 3173 1618 in
3204 1564 3302 1619 Dei
3332 1567 3511 1637 rebus,
3541 1582 3643 1623 nec
3672 1568 3722 1622 in

2138 1649 2634 1707 conversationibus
2661 1650 2857 1708 Christi
2885 1655 3201 1725 recognosci
3230 1662 3334 1715 est.

2748 1797 2978 1854 CAPUT
3013 1799 3111 1854 IX.

2204 1900 2335 1971 Quis
2391 1901 2623 1976 denique
2671 1906 3028 1975 patriarches,
3072 1907 3196 1978 quis
3243 1908 3555 1981 prOphetes,
3604 1910 3722 1984 quis

2132 1992 2339 2063 levites,
2394 2004 2484 2050 aut
2541 1996 2811 2062 sacerdos,
2871 2005 2963 2052 aut
3005 1998 3225 2064 archon,
3275 2001 3397 2071 quis
3427 2001 3509 2057 vel
3539 2013 3720 2071 postea

2131 2083 2429 2152 apostolus,
2471 2089 2562 2139 aut
2606 2082 3021 2155 cvangelizator,
3061 2093 3151 2140 aut
3185 2086 3473 2158 episcopus
3518 2089 3721 2147 inveni-

2132 2178 2219 2224 tur
2246 2170 2578 2226 coronatus?
2627 2170 2761 2229 Puto
2811 2188 2910 2227 nec
2952 2172 3129 2243 ipsum
3177 2175 3272 2229 Dei
3315 2177 3589 2247 templum,
3623 2195 3721 2234 nec

2132 2272 2257 2314 arca
2302 2258 2630 2326 testamenti,
2680 2275 2780 2314 nec
2831 2261 3229 2317 tabernaculum
3288 2265 3525 2334 martyrii
3583 2268 3716 2337 (68),

2133 2361 2228 2401 nec
2273 2347 2461 2416 altare,
2510 2363 2607 2403 nec
2653 2348 3036 2405 candelabrum
3086 2352 3179 2423 (III
3223 2356 3352 2425 Reg.
3389 2370 3447 2408 v1
3474 2362 3525 2409 et
3554 2359 3715 2427 vm):

2131 2434 2328 2506 quibus
2357 2440 2541 2508 utique
2589 2434 2705 2493 89
2743 2446 2797 2493 et
2836 2439 2889 2494 in
2945 2439 3119 2511 prima
3146 2441 3497 2497 dedicationis
3524 2442 3720 2501 solem-

2130 2524 2326 2592 nitate,
2371 2535 2425 2581 et
2470 2526 2523 2580 in
2572 2529 2813 2583 secunda
2868 2530 3220 2586 restitutionis
3274 2531 3324 2567 ἰο
3370 2534 3719 2604 gratulatione

2129 2616 2475 2685 competisset
2498 2617 2764 2683 coronari,
2814 2619 2859 2672 si
2904 2619 3127 2692 dignum
3158 2620 3269 2677 Deo
3299 2629 3444 2677 esset
3475 2622 3518 2693 (Ι
3558 2621 3715 2681 Esdr.

2130 2721 2181 2769 ν,
2218 2708 2277 2759 11
2309 2721 2324 2776 ;
2356 2704 2377 2758 Ι
2412 2706 2532 2761 Cor.
2568 2705 2649 2776 Χ).
2683 2705 2901 2778 Atquin,
2937 2707 2983 2762 si
3020 2706 3206 2781 ﬁgurae
3254 2717 3453 2765 nostrm
3500 2710 3718 2767 fuerunt

2131 2798 2250 2863 (nos
2280 2793 2421 2848 enim
2452 2810 2639 2849 sumus
2668 2804 2719 2849 et
2758 2796 2952 2866 templa
2996 2795 3110 2863 Dei,
3141 2808 3195 2852 et
3242 2799 3448 2867 altaria,
3482 2811 3535 2855 et
3564 2800 3724 2855 lumi-

2135 2884 2304 2949 naria,
2337 2891 2392 2939 et
2427 2886 2594 2956 vasa),
2645 2884 2749 2939 hoc
2790 2900 3003 2957 quoque
3051 2885 3278 2960 figurate
3316 2890 3727 2961 portendebant,

431 2988 816 3058 diSCiPUIOWm
867 2983 1094 3055 Pedibus
1139 2980 1300 3036 οῖίοτι
1332 2981 1512 3049 (Joan-
1547 2993 1673 3048 Χιιι,
1707 2980 1787 3048 5),
1819 2985 1873 3032 et
1901 2994 2022 3035 cum
2057 2992 2100 3070 ε
2134 2972 2378 3070 homines
2406 2972 2505 3028 Dei
2533 2974 2781 3070 coronari
2828 2989 2937 3030 non
2977 2984 3247 3046 oportere.
3279 2978 3506 3049 Imagini
3534 2979 3726 3035 veritas

430 3093 621 3152 aquam
652 3092 717 3131 ex
757 3088 920 3130 urceo
952 3070 1171 3143 ingerit,
1201 3077 1256 3125 et
1285 3084 1408 3124 cum
1455 3068 1621 3123 linteo
1654 3067 2024 3123 circumstrin-

430 3170 591 3243 gitur,
624 3165 839 3237 prepria
870 3160 1101 3218 Osiridis
1146 3166 1296 3216 veste
1345 3159 1479 3229 (65).
1523 3156 1846 3227 Hujusmodi
1874 3172 2025 3227 quae-

2132 3060 2465 3133 respondere
2538 3062 2792 3119 debebit.
2853 3064 2909 3119 Si
2965 3064 3189 3123 forsitan
3254 3069 3488 3140 Opponis
3542 3069 3720 3141 ipsum

2134 3152 2407 3209 Christum
2454 3161 2791 3220 coronatum,
2840 3156 2906 3209 ad
2955 3155 3058 3213 hoc
3105 3158 3333 3215 breviter
3380 3159 3596 3216 interim
3626 3177 3721 3216 au-

1792 3254 1985 3316 Variae
2028 3255 2343 3316 lectiones.

1804 3275 1985 3317 variae
2028 3275 2343 3316 tecuones.

499 3339 548 3377 36
578 3338 895 3408 Esurierant
931 3336 1104 3395 Fran.
1137 3336 1321 3395 Paris.
1350 3335 1397 3376 3"
1424 3338 1726 3407 Antequam
1747 3341 2168 3408 procuraverant
2198 3333 2357 3387 Pam.
2390 3331 2440 3369 ³⁸
2458 3331 2649 3389 Jonam
2669 3335 2863 3391 caeteri
2882 3350 3092 3392 omnes.
3122 3333 3170 3375 39
3192 3335 3523 3395 Passibilitas
3543 3339 3717 3397 Rhea.

428 3411 477 3448 ίιο
508 3405 920 3466 Prtestitutionis
948 3412 1131 3465 Paris.

1803 3477 2306 3541 Commentarius.

501 3591 609 3659 (6|)
639 3589 755 3659 Ipsi
774 3588 993 3643 scilicet
1008 3590 1113 3645 sibi
1129 3592 1581 3661 procuraverant
1602 3588 1899 3653 dwmones,
1921 3604 2023 3659 per

425 3678 513 3717 eos
538 3663 596 3714 in
617 3661 813 3729 quibus
834 3659 1161 3717 esurierant
1185 3666 1330 3733 (ante
1361 3659 1506 3733 quod
1535 3666 2018 3733 procuraverant.

423 3732 516 3788 Ait
536 3732 811 3785 daemonas
826 3745 1139 3801 procurasse
1154 3732 1257 3786 sibi
1275 3731 1440 3798 idola,
1460 3738 1513 3785 et
1532 3738 1753 3801 statuas,
1770 3739 1821 3787 et
1846 3731 2016 3795 thura,

424 3814 477 3858 et
508 3804 748 3857 nidorem
796 3800 1205 3868 sacriﬁciorum,
1246 3819 1342 3874 per
1384 3817 1479 3858 eos
1515 3803 1763 3874 homines
1790 3818 2019 3874 quorum

423 3875 600 3929 adhuc
649 3874 785 3945 inter
832 3875 1085 3929 mortales
1131 3873 1408 3945 agentium
1455 3873 1647 3928 animis
1692 3874 1765 3928 ita
1794 3873 2016 3928 insede-

422 3953 560 4011 rant,
592 3952 651 3998 ut
678 3943 744 3997 iis
773 3951 833 4016 et
856 3960 952 4016 per
1000 3961 1092 4000 eos
1140 3943 1245 4014 ipsi
1292 3945 1490 4011 vivere,
1537 3952 1698 4016 atque
1744 3946 1883 3999 inter
1912 3946 2001 3998 ho-

421 4017 596 4071 mines
625 4031 741 4070 esse
788 4015 1113 4072 viderentur.
1158 4017 1346 4085 Itaque
1387 4018 1500 4085 jam
1527 4015 1651 4070 ante
1680 4016 1785 4084 ipsi
1822 4017 2019 4071 daemo-

422 4104 524 4143 nes
556 4088 609 4141 in
654 4085 718 4141 iis
765 4086 1072 4142 hominibus
1109 4088 1411 4142 esurierant
1452 4095 1505 4142 et
1532 4088 1864 4157 appetierant
1891 4104 2015 4142 om-

422 4177 541 4215 nem
576 4158 725 4212 ittunt
756 4157 1069 4213 idololatriae
1097 4168 1435 4230 apparatum.
1469 4158 1760 4214 Esuriendi
1790 4159 2017 4213 verbum

421 4231 510 4285 hic
567 4238 854 4298 usurpatur
910 4244 1009 4300 pro
1082 4229 1419 4286 vehementis
1474 4229 1727 4286 desiderii
1776 4231 2014 4286 ardore:

421 4301 882 4382 quemadmodum
925 4306 981 4356 et
1025 4300 1081 4356 in
1124 4301 1443 4382 Scorpiaco,
1478 4302 1572 4357 ubi
1603 4302 1669 4358 de
1697 4302 1895 4358 sanctis
1921 4302 2015 4382 qui

413 4371 530 4454 jam
586 4371 641 4425 in
697 4387 909 4453 carcere
971 4371 1536 4454 tormenta—quamam
1601 4382 1754 4454 erant
1809 4371 1955 4454 passi
1998 4390 2013 4429 :

426 4465 451 4496 ι
490 4446 804 4515 Degustata,
839 4444 1033 4515 inquit,
1065 4444 1122 4501 in
1167 4460 1379 4502 carcere
1404 4445 1661 4516 martyria
1688 4444 1952 4501 esuriunt.
1983 4464 2007 4494 ν

419 4516 541 4572 th.

494 4617 562 4629 —
588 4587 706 4661 _Ipsi
732 4587 947 4644 scilicet
977 4589 1081 4645 sibi
1104 4591 1565 4661 procuraverant
1592 4588 1759 4644 diem.
1792 4586 1879 4643 Sic
1896 4584 2011 4661 ipse

419 4659 532 4734 lib._
564 4659 631 4716 de
681 4660 1056 4734 Spectaculis,
1094 4659 1248 4734 (pag.
1279 4663 1365 4727 95,
1416 4662 1520 4716 ait:
1570 4680 1594 4711 α
1635 4659 2011 4734 Dzemonasab

418 4731 572 4787 initio
619 4730 1014 4803 prospicientes
1044 4730 1198 4800 sibi,
1236 4732 1376 4789 inter
1428 4738 1621 4788 caetera
1670 4730 2007 4800 idololatrite,

419 4803 577 4877 etiam
608 4803 1039 4871 spectaculorum
1069 4804 1490 4877 inquinamenta,
1512 4803 1711 4877 quibus
1736 4803 2013 4859 hominem

421 4888 453 4926 a
499 4874 612 4951 Deo
656 4884 959 4951 avocarent,
1017 4882 1071 4930 et
1126 4874 1224 4933 suo
1269 4875 1465 4931 honori
1511 4876 1837 4950 obligarent,
1885 4887 2011 4946 pro-

420 4947 681 5015 spexisse.
716 4964 738 4993 s
774 4947 898 4999 Ittc.

491 5042 559 5055 —
573 5015 709 5085 Ipsis
730 5018 945 5091 scilicet
964 5018 1071 5073 sibi
1089 5022 1538 5091 procuraverant
1558 5017 2011 5091 dcemonesLPro-

419 5101 610 5159 curare
639 5102 758 5141 cum
790 5088 989 5155 dativo,
1028 5088 1211 5145 ut'lib.
1246 5106 1264 5144 ι
1294 5090 1419 5149 adv.
1446 5090 1799 5159 Marcionem,
1828 5088 2012 5159 Emu-

418 5157 548 5233 latio
572 5165 773 5233 autem
820 5159 1101 5233 liberando
1158 5162 1363 5217 homini
1418 5172 1690 5233 procurat,
1739 5157 1795 5217 et
1828 5157 2013 5215 multis

421 5230 539 5287 aliis
568 5229 622 5284 in
652 5229 802 5286 locis.
825 5231 1012 5287 RnEN.

494 5305 608 5373 (62)
640 5304 937 5378 Incursum
969 5306 1317 5377 quwstionis.
1350 5306 1640 5378 Impetum.
1670 5303 1793 5362 Rm.

490 5378 601 5447 (63)
633 5374 1013 5435 Exhibitionis
1035 5378 1303 5434 humana:
1346 5374 1461 5435 Hoc
1492 5386 1572 5433 est
1596 5377 1720 5434 vitae
1739 5378 2008 5433 humanae.

420 5445 890 5517 Quemadmodum
931 5456 985 5504 et
1026 5449 1164 5520 juris
1208 5456 1456 5507 auctores
1491 5448 1720 5506 dicunt:
1768 5470 1789 5498 σε
1834 5448 2014 5505 Onera

419 5520 737 5649 Exhibeudae
768 5520 978 5594 uxoris,
1006 5526 1063 5580 et
1090 5530 1342 5597 parentes
1367 5538 1399 5581 a
1426 5520 1554 5580 ﬁliis
1584 5521 1940 5581 exhibendas.
1980 5538 2006 5577 ι

468 5606 543 5649 IG.

468 5606 543 5652 IG.

2199 3583 2316 3655 (64)
2347 3584 2778 3642 Rccumbentem
2815 3586 2880 3644 in
2919 3584 3124 3644 lectulo
3166 3585 3478 3646 Christum.
3511 3590 3723 3648 Tractat

2129 3656 2276 3730 hunc
2306 3658 2479 3730 locum
2499 3657 2828 3730 Sirmondus
2856 3667 3037 3713 noster
3084 3660 3137 3713 in
3168 3675 3254 3730 ep.
3289 3663 3342 3726 2,
3382 3662 3472 3716 lib.
3507 3679 3525 3717 ι
3567 3663 3724 3719 Sido-

2128 3726 2224 3801 nii,
2274 3727 2455 3799 aitque
2494 3729 2638 3795 ideo,
2687 3729 2811 3801 quia
2859 3730 3102 3785 Christus
3148 3726 3410 3799 recubuit,
3455 3734 3718 3789 Joannem

2127 3798 2218 3867 qui
2247 3813 2344 3876 per
2373 3798 2596 3876 tetatem
2616 3798 2845 3856 fortasse
2866 3801 3271 3876 (ultimus_erat,
3302 3798 3499 3876 Christi
3538 3807 3722 3876 proxi-

2126 3885 2277 3924 mum
2302 3869 2358 3924 in
2386 3873 2680 3945 _ejusLsinu
2727 3873 3063 3945 accubuisse.
3106 3872 3322 3928 Etenim
3353 3874 3431 3930 sic
3457 3869 3721 3945 disposita

2126 3949 2242 3995 erat
2269 3956 2355 4013 res
2381 3941 2436 3996 in
2468 3942 2718 4009 stibadio,
2751 3951 2811 3998 ut
2850 3943 3060 3999 Christo
3111 3946 3315 4013 primus
3356 3945 3509 3999 locus
3544 3941 3716 4003 dare-

2124 4019 2232 4077 tur,
2254 4011 2465 4085 _deinde
2495 4014 2677 4069 caeteri
2705 4011 3120 4085 accumberent,‘
3149 4024 3202 4070 et
3242 4015 3427 4072 ultimo
3473 4020 3591 4074 loco
3631 4036 3718 4074 es-

2123 4090 2209 4137 set
2245 4082 2605 4160 Joannes,_ac
2653 4094 2942 4155 prepterea
2990 4088 3045 4140 in
3090 4082 3213 4160 sinu
3259 4086 3454 4160 Christi
3480 4089 3719 4160 acquies-

2121 4160 2288 4229 ceret,
2321 4153 2688 4229 ita_videlicet
2711 4153 2828 4213 erat
2872 4172 3030 4212 creua
3079 4158 3300 4229 Christi,
3348 4174 3456 4215 non
3488 4153 3718 4217 ut'nunc

2122 4225 2652 4301 volunt__p_ictores,
2720 4230 2776 4301 in
2830 4229 3015 4284 medio
3063 4225 3327 4296 Christus,
3388 4232 3716 4301 stipantibus

2120 4296 2391 4366 apostolis
2415 4298 2540 4354 hinc
2572 4301 2695 4355 inde
2742 4300 2942 4368 latera;
2996 4302 3087 4354 sed
3134 4315 3260 4356 vere
3297 4302 3353 4355 in
3381 4296 3573 4359 deitro
3603 4319 3719 4360 cor-

2120 4383 2214 4448 pu,
2250 4375 2304 4423 et
2334 4368 2747 4448 circumdabant
2776 4371 2985 4448 reliqui,
3018 4378 3072 4425 et
3110 4372 3616 4448 claudebatagmen
3644 4376 3717 4431 il-

2121 4436 2215 4565 }:uhd
2234 4455 2461 4569 _sacrtlim
2490 4444 2742 4513 Joannes,
2772 4442 2865 4514 qui
2888 4436 3174 4513 propterea
3200 4436 3547 4501 recubuit'ad
3575 4448 3719 4503 latus

2205 4525 2341 4567 risu.
2415 4527 2501 4569 se.

2205 4525 2341 4567 l'ISll.
2370 4525 2501 4571 LAC.

2198 4583 2313 4655 (65)
2343 4586 2583 4657 Propria
2609 4583 2841 4657 Osidiris
2868 4588 3036 4642 veste.
3070 4584 3273 4642 Auctor
3293 4593 3377 4643 est
3407 4587 3719 4645 Herodotus

2118 4660 2268 4716 nefas
2297 4656 2461 4725 apud
2486 4657 2769 4727 Egyptios
2813 4656 2981 4712 fuisse
3023 4658 3205 4713 laneas
3257 4666 3433 4714 vestes
3479 4660 3534 4715 in
3570 4660 3718 4717 aedes

2117 4741 2294 4788 sacras
2320 4728 2538 4795 inferre,
2568 4726 2796 4796 proinde
2817 4726 2974 4783 lineis
3000 4730 3304 4786 utebantur.
3336 4730 3522 4787 RBBN.

2187 4798 2475 4923 (66I){lQuia
2510 4799 2814 4869 passivitas
2840 4800 3021 4871 fallit.
3056 4799 3361 4874 Passivitas,
3386 4802 3444 4858 id
3470 4809 3572 4871 est,
3597 4803 3717 4861 vul-

2187 4889 2241 4923 .s.
2344 4884 2398 4923 α.

2159 4889 2241 4929 US.
2272 4883 2398 4923 ωε.

2115 4890 2662 5014 gu($6.’71:)‘xecessariis
2683 4943 2817 5000 vitae
2837 4943 2997 5002 hum.
3024 4944 3138 5001 Hoc
3156 4950 3255 5012 est,
3278 4946 3718 5005 necessitatibus.

2115 5017 2243 5074 Βία.

2184 5088 2295 5161 (68)
2348 5084 2785 5161 Tabemaculum
2810 5088 3098 5161 martyrii.
3130 5087 3200 5144 Ut
3228 5086 3281 5161 in
3313 5088 3495 5145 Veteri
3522 5091 3719 5148 Testa-

2113 5158 2295 5233 mento
2324 5158 2614 5233 testimonii
2633 5158 3053 5233 tabernaculum,
3082 5159 3159 5215 ita
3185 5166 3237 5215 et
3261 5158 3492 5233 inLNovo
3517 5180 3529 5233 ;
3565 5164 3724 5220 testi.»

2115 5232 2357 5290 monium
2384 5231 2587 5305 quippe
2633 5240 2713 5289 est
2740 5232 3001 5305 μαρτύριον
3030 5231 3409 5305 (Septuaginta
3435 5231 3579 5300 int.).
3607 5236 3721 5291 Pro

2115 5315 2416 5376 martyrum
2470 5304 2704 5360 basilicis
2743 5319 3077 5376 eaqueque
3124 5304 3587 5376 voxuusurpatur,
3634 5308 3722 5363 sic

2116 5373 2312 5453 coacta
2331 5374 2428 5430 fuit
2456 5378 2697 5453 synodus
2722 5373 3185 5453 Chalcedonensis
3222 5373 3308 5453 Ἐγ
3346 5373 3429 5453 sig;
3462 5373 3724 5453 μαρτυρίῳ

2115 5454 2201 5522 τῆς
2230 5448 2370 5521 ἁγίας
2392 5446 2472 5500 καὶ
2491 5446 2776 5504 ’καλλινίκου
2808 5447 3051 5522 pcipi-ope;
3094 5446 3370 5522 ξῦφημίας.
3396 5446 3440 5503 ἀ
3463 5446 3546 5505 Ἰιί
3564 5446 3722 5507 basi;

2115 5520 2223 5595 lica
2251 5520 2446 5578 sanctae
2474 5530 2528 5578 et
2556 5522 2766 5579 invictae
2807 5520 3069 5595 martyris
3104 5520 3438 5595 Euphemus.
3473 5542 3500 5576 η
3537 5529 3597 5580 ut
3623 5522 3724 5580 ha-

2116 5593 2275 5655 betur
2298 5603 2401 5655 act.
2436 5595 2469 5652 4
2498 5595 2743 5668 ejusdem
2770 5607 2890 5670 syn.
2921 5591 3002 5653 La
3040 5591 3139 5652 Pa.
