4042 6172
449 318 540 377 lli
1120 309 1558 371 TERTULLIANI
1602 305 1861 366 OPERUM
1904 304 2068 364 PARS
2108 305 2174 363 ll.
2214 336 2286 348 —
2323 299 2552 365 SERIES
2595 304 2633 374 l,
2680 303 3019 365 POLEM‘ICA.

3636 312 3733 370 112

440 444 608 499 Altius
634 439 738 496 9|
770 440 1039 494 Joannes:
1076 436 1280 503 Filioli,
1317 436 1509 509 inquit,
1533 435 1820 524 custodite
1843 448 1931 488 vos
1961 431 2026 487 ab
2063 446 2108 524 Α
2140 434 2307 488 Deum
2346 430 2462 524 9:9
2500 432 2654 524 diligi
2683 434 2881 524 (Exod.
2913 449 2991 524 xx
3018 452 3032 499 ;
3065 436 3237 489 Leuit.
3273 435 3397 503 xxx)
3452 437 3733 511 prmcipit;

442 533 605 589 idolis
634 531 683 600 (I
708 532 864 586 Jorm.
894 542 949 593 v,
983 526 1110 595 2i);
1145 541 1253 579 non
1298 527 1411 594 jam
1461 525 1527 579 ab
1555 521 1859 577 idololatria
1891 538 2028 591 qua-

441 624 486 676 si
515 622 581 675 ab
630 618 835 685 ofﬁcio,
874 616 971 671 sed
1000 616 1066 671 ab
1114 616 1231 686 ipsa
1261 614 1441 687 efﬁgie
1487 630 1699 671 eorum.
1747 611 2033 683 Indignum

438 713 580 765 enim
611 715 667 762 ut
688 707 866 775 imago
896 704 993 760 Dei
1023 703 1153 769 vivi,
1180 704 1358 773 imago
1388 703 1515 759 idoli
1543 712 1595 757 et
1616 700 1813 756 mortui
1834 698 1930 753 ﬁas
1960 700 2030 752 43.

438 800 619 867 Usque
649 796 819 850 adhuc
847 792 1229 865 proprietatem
1261 792 1414 847 istius
1442 790 1655 845 habitus
1693 799 1745 844 et
1774 806 1837 845 ex
1875 787 2037 860 origi-

440 887 524 940 nis
556 899 739 948 censu,
763 892 816 937 et
845 898 909 935 ex
938 880 1334 952 superstitionis
1365 897 1465 935 usu
1499 880 1652 934 idolis
1681 878 2032 939 vindicamus,

442 991 503 1030 ex
537 990 600 1029 eo
630 981 889 1042 prmterea
921 970 1082 1042 quod,
1107 969 1232 1024 dum
1265 970 1316 1022 in
1341 969 1505 1023 rebus
1530 966 1627 1022 Dei
1661 981 1763 1030 non
1784 965 2031 1031 refertur,

442 1065 615 1135 magis
638 1062 916 1132 magisque
945 1060 1124 1131 imago
1146 1059 1352 1113 illorum
1385 1058 1689 1129 deputatur,
1715 1055 1769 1108 in
1801 1070 2035 1124 quorum

440 1161 493 1209 et
525 1149 942 1222 antiquitatibus,
976 1157 1028 1202 et
1078 1146 1544 1214 solemnitatibus,
1588 1152 1638 1198 et
1679 1143 1870 1199 ofﬁciis
1908 1157 2039 1196 con-

441 1240 671 1296 venitur.
722 1240 856 1306 ipsae
888 1235 1119 1305 denique
1148 1234 1315 1300 fores,
1350 1244 1404 1289 et
1435 1234 1565 1303 ipsa:
1592 1231 1781 1286 hostiae
1811 1240 1863 1286 et
1905 1247 2030 1296 arae,

440 1328 541 1399 ipsi
602 1326 832 1380 ministri
880 1333 933 1379 et
973 1325 1278 1379 sacerdotes
1329 1324 1440 1391 (78)
1482 1336 1669 1376 eorum
1710 1328 2038 1375 coronantur

441 1415 705 1488 (Baruch,
754 1430 833 1481 vr,
867 1413 941 1484 9).
990 1413 1166 1466 Habes
1192 1411 1431 1466 omnium
1461 1409 1814 1481 collegiorum
1852 1425 2035 1464 sacer-

441 1504 698 1560 dotalium
728 1516 955 1556 coronas
993 1499 1135 1570 apud
1165 1499 1471 1554 Claudium.
1521 1498 1626 1553 Sed
1666 1507 1720 1551 et
1758 1498 1906 1551 illam
1950 1499 2038 1551 in-

439 1591 811 1648 terstruximus
864 1587 1265 1643 distinctionem
1315 1586 1636 1642 differentia
1694 1586 2037 1642 rationalium

440 1686 495 1737 et
530 1678 939 1742 irrationalium,
974 1677 1056 1731 eis
1079 1683 1451 1732 occurrentem
1482 1676 1569 1745 qui
1603 1677 2035 1733 communionem

440 1772 495 1827 in
535 1769 785 1825 omnibus
830 1768 899 1822 de
946 1765 1299 1837 quorumdam
1348 1765 1716 1836 exemplorum
1756 1767 2038 1822 occasione

442 1858 758 1914 defendunt.
830 1854 913 1910 Ad
975 1854 1111 1910 hanc
1163 1854 1340 1926 itaque
1398 1860 1607 1925 partem
1681 1871 1864 1911 causas
1924 1855 2037 1924 jam

440 1949 588 2019 ipsas
636 1944 950 2001 coronarias
1010 1942 1199 2015 inspici
1251 1951 1513 2014 superest,
1564 1951 1622 1998 ut
1684 1942 1813 1997 dum
1851 1951 2037 1999 osten-

441 2036 617 2092 dimus
656 2044 961 2100 extraneas,
992 2031 1100 2086 imo
1136 2039 1187 2086 et
1225 2031 1520 2087 contrarias
1566 2031 1881 2103 disciplinae,
1914 2033 2037 2087 nul-

441 2123 546 2179 lam
610 2138 792 2178 earum
848 2119 1073 2176 rationis
1110 2118 1410 2191 patrocinio
1480 2119 1669 2176 fultam
1727 2121 2036 2192 probemus,

441 2228 550 2285 quo
583 2210 749 2285 possit
780 2209 991 2265 habitus
1029 2209 1364 2278 hujusmodi,
1404 2226 1534 2264 usus
1564 2225 1774 2281 quoque
1803 2225 2041 2266 commu-

442 2302 589 2358 nioni
620 2299 878 2356 vindicari
909 2317 922 2354 :
957 2300 1061 2357 etsi
1104 2306 1232 2356 sunt
1260 2296 1480 2371 quidam
1526 2315 1754 2372 quorum
1788 2299 2039 2373 exempla

442 2390 602 2448 nobis
633 2391 993 2462 objectantur.

1057 2538 1284 2595 CAPUT
1327 2538 1426 2595 Χῐ.

512 2662 742 2731 Etenim,
774 2672 831 2719 ut
869 2662 1037 2736 ipsam
1071 2680 1286 2719 causam
1315 2679 1533 2719 coronae
1573 2664 1817 2721 militaris
1843 2682 2036 2738 aggre-

440 2754 580 2825 diar,
611 2762 744 2825 puto
792 2752 941 2823 prius
986 2750 1417 2822 conquirendum
1474 2768 1542 2806 an
1591 2754 1642 2808 in
1675 2762 1842 2810 totum
1880 2755 2035 2809 Chri-

439 2842 621 2899 stianis
652 2843 769 2912 ('79)
815 2840 1001 2894 militia
1040 2840 1341 2896 conveniat.
1373 2839 1541 2908 Quale
1587 2853 1668 2898 est
1696 2843 1933 2915 alioquin
1966 2845 2034 2901 de

440 2931 810 2988 accidentibus
839 2938 1145 2996 retractare,
1190 2945 1312 2983 cum
1361 2947 1391 2983 a
1436 2931 1857 3000 praecedentibus
1886 2934 2041 3004 culpa

440 3021 556 3076 sit?
587 3019 936 3075 Credimusne
966 3017 1255 3072 humanum
1304 3028 1693 3074 sacramentum
1714 3022 1829 3092 (80)
1857 3022 2037 3080 divino

443 3108 730 3180 superduci
775 3107 960 3172 licere,
989 3116 1041 3161 et
1087 3106 1138 3159 in
1172 3105 1338 3161 alium
1384 3108 1662 3163 dominum
1709 3113 2037 3181 respondere

444 3208 565 3269 post
588 3197 857 3253 Christum
881 3194 907 3248 ‘l
938 3204 991 3248 et
1020 3196 1229 3263 ejerare
1253 3204 1460 3266 patrem
1484 3211 1548 3252 ac
1576 3206 1799 3254 matrem
1823 3202 1955 3270 (81),
1988 3212 2039 3257 et

443 3302 661 3344 omnem
715 3284 1039 3357 proximum,
1080 3300 1213 3356 quos
1258 3293 1313 3340 et
1367 3286 1454 3340 lex
1512 3286 1764 3343 honorari
1812 3300 1865 3344 et
1912 3300 2039 3361 post

2141 528 2278 593 quos
2304 531 2357 575 et
2404 522 2753 593 Evangelium
2785 522 3009 591 (Matth.
3040 539 3201 592 xxvr,
3240 525 3328 593 Η)
3370 525 3484 580 solo
3522 526 3737 582 Christo

2142 612 2313 682 pluris
2342 628 2448 668 non
2480 613 2706 677 faciens,
2738 614 2814 667 sic
2842 628 3056 684 quoque
3088 614 3367 669 honoravit
3395 616 3505 686 (82)
3530 618 3580 683 (I
3612 618 3733 674 Cor.

2141 716 2227 765 vr;
2254 702 2450 756 Matth.
2473 717 2531 767 v;
2550 703 2576 755 Ι
2586 703 2706 758 Cor.
2721 700 2875 770 vni)?
2896 700 3104 755 Licebit
3127 702 3179 755 in
3204 702 3383 775 gladio
3402 706 3733 775 conversari,

2144 789 2373 843 Domino
2412 790 2819 861 pronuntiante,
2856 789 3035 860 gladio
3076 790 3375 860 periturum
3429 792 3518 862 qui
3553 794 3736 863 gladio

2142 878 2305 934 fuerit
2332 895 2465 933 usus
2484 879 2510 933 ‘1
2532 879 2598 933 Et
2619 878 2807 949 praslio
2829 878 3143 947 operabitur
3160 878 3299 934 ﬁlius
3324 880 3495 949 pacis,
3533 882 3615 935 cui
3642 897 3738 937 nec

2146 968 2355 1042 litigare
2369 968 2649 1024 con-veniet
2671 967 2825 1037 (83)?
2853 968 3147 1022 Etvincula
3176 976 3229 1023 et
3260 985 3531 1023 carcerem
3553 978 3605 1025 et
3626 978 3736 1025 tor-

2143 1066 2324 1113 menta
2363 1066 2415 1113 et
2458 1057 2721 1128 supplicia
2749 1056 3162 1126 administrabit,
3191 1073 3292 1113 nec
3345 1075 3566 1114 suarum
3597 1061 3738 1115 ultor

2144 1147 2457 1215 injuriarum
2477 1147 2503 1199 ?
2528 1148 2643 1199 Jam
2667 1145 2946 1211 stationes,
2980 1146 3173 1200 autalii
3197 1147 3369 1219 magis
3396 1147 3555 1203 faciet
3575 1166 3735 1221 quam

2146 1235 2354 1289 Christo
2376 1234 2403 1287 ‘2
2431 1242 2523 1289 aut
2554 1242 2607 1288 et
2637 1234 2919 1289 Dominico
2956 1234 3066 1298 die,
3110 1236 3323 1307 quando
3355 1251 3455 1290 nec
3482 1237 3738 1293 Christo?

2143 1333 2196 1378 et
2240 1322 2524 1377 excubabit
2573 1338 2669 1393 pro
2718 1322 2953 1393 templis,
3012 1324 3216 1393 quibus
3267 1325 3643 1380 renuntiavit?
3685 1334 3738 1380 et

2145 1411 2379 1466 manabit
2417 1411 2522 1466 illic
2566 1410 2656 1465 ubi
2699 1411 2960 1481 Apostolo
2990 1427 3096 1465 non
3138 1412 3348 1481 placet?
3379 1422 3432 1467 et
3465 1428 3603 1483 quos
3648 1414 3737 1469 in-

2148 1499 2319 1554 terdiu
2365 1498 2677 1556 exorcismis
2720 1498 2949 1570 fugavit,
3005 1499 3255 1555 noctibus
3286 1501 3602 1569 defensabit,
3648 1504 3738 1557 in-

2147 1588 2404 1644 cumbens
2454 1596 2504 1643 et
2551 1589 2599 1625 44
2643 1589 2981 1659 requiescens
3028 1604 3191 1657 super
3249 1590 3419 1661 pilum
3468 1591 3583 1663 (84)
3628 1609 3738 1664 quo

2148 1676 2450 1749 perfossum
2490 1684 2569 1733 est
2608 1678 2744 1732 latus
2773 1676 2967 1732 Christi
3004 1678 3186 1745 (Joan.
3236 1694 3360 1745 xxx,
3403 1679 3530 1750 34)?
3558 1680 3737 1735 vexil-

2075 1731 2117 1807 Β
2148 1731 2258 1821 lum
2302 1781 2515 1839 quoque
2559 1764 2791 1839 portabit
3408 1731 3736 1842 et,

2146 1853 2439 1926 postulabit
2466 1871 2496 1909 a
2526 1852 2787 1924 principe,
2820 1854 2909 1925 qui
2937 1855 3046 1924 jam
3080 1870 3109 1907 a
3137 1856 3251 1911 Deo
3291 1856 3553 1929 accepit?
3585 1873 3735 1915 mor-

2146 1954 2270 2001 tuus
2315 1944 2473 2000 etiam
2516 1945 2648 2001 tuba
2685 1943 3070 2017 inquietabitur
3113 1945 3416 2009 aeneatoris,
3457 1947 3544 2018 qui
3592 1947 3738 2004 exei-

2147 2036 2247 2089 tari
2276 2050 2306 2089 a
2333 2036 2463 2092 tuba
2491 2032 2667 2107 angeli
2716 2034 3038 2105 exspectat?
3072 2042 3127 2089 et
3165 2036 3490 2091 cremabitur
3527 2052 3592 2091 ex
3622 2038 3737 2093 dis-

2147 2123 2345 2197 ciplina
2392 2122 2651 2180 castrensi
2698 2121 3055 2189 Christianus,
3108 2121 3192 2179 cui
3241 2139 3481 2180 cremare
3538 2141 3645 2182 non
3678 2125 3739 2181 li-

2146 2213 2256 2271 cuit
2286 2213 2417 2285 (85),
2449 2213 2533 2269 cui
2563 2212 2804 2270 Christus
2835 2214 3022 2268 merita
3053 2212 3197 2286 ignis
3222 2213 3446 2270 indulsit
3469 2213 3498 2271 ?
3527 2214 3740 2284 Quanta

2147 2304 2249 2359 alia
2277 2304 2332 2358 in
2371 2303 2578 2359 delictis
2607 2301 2944 2374 circumspici
2978 2310 3203 2375 possunt
3231 2305 3587 2362 castrensium
3629 2324 3743 2361 mu-

2147 2394 2313 2459 nium,
2368 2391 2728 2465 transgressio
2785 2392 3229 2462 interpretanda?
3276 2394 3458 2463 Ipsum
3499 2396 3563 2451 de
3614 2412 3737 2452 cas-

2146 2483 2243 2539 tris
2298 2483 2435 2539 lucis
2491 2483 2543 2538 in
2584 2491 2758 2538 castra
2817 2482 3159 2539 tenebrarum
3247 2498 3445 2539 nomen
3502 2483 3738 2553 deferre,

2147 2571 2507 2645 transgressio
2558 2582 2640 2628 est
2671 2573 2817 2645 (86).
2866 2572 3048 2642 Plane,
3094 2573 3139 2628 si
3170 2588 3309 2646 quos
3353 2573 3543 2631 militia
3592 2592 3738 2648 pra:-

2146 2671 2341 2719 ventos
2388 2660 2524 2716 ﬁdes
2553 2662 2819 2734 posterior
2841 2660 3084 2732 (invenit,
3120 2661 3223 2717 alia
3269 2664 3503 2719 conditio
3548 2672 3647 2731 est,
3682 2676 3742 2720 ut

2149 2753 2366 2808 illorum
2396 2765 2532 2822 quos
2578 2752 2812 2806 Joannes
2840 2750 3146 2806 admittebat
3175 2752 3243 2806 ad
3274 2752 3543 2810 lavacrum
3574 2752 3737 2825 (Luc.

2149 2858 2232 2911 ιιι,
2274 2842 2349 2909 3),
2376 2848 2435 2894 ut
2461 2839 2833 2896 centurionum
2888 2837 3342 2905 ﬁdelissimorum,
3371 2857 3533 2912 quem
3580 2841 3741 2897 Chri-

2149 2939 2263 2987 stus
2299 2930 2489 3002 probat
2517 2929 2735 2999 (Matth.
2766 2928 2906 2997 vm),
2946 2934 2999 2984 et
3041 2944 3197 2999 quem
3225 2930 3414 2985 Petrus
3450 2930 3745 2987 catechizat

2072 2976 2114 3055 ο
2146 2976 2421 3093 (Actrx):
2464 2976 2591 3073 dtim
2638 3025 2839 3086 tamen,
2869 2976 3119 3088 lsiiscep‘ta
3148 3016 3254 3071 ﬁde
3302 3024 3460 3088 atque
3500 3020 3737 3092 signata,

2146 3118 2237 3166 aut
2268 3109 2624 3165 deserendum
2673 3104 2850 3161 statim
2881 3104 2951 3159 sit
2990 3105 3099 3177 (87)
3132 3115 3187 3161 ut
3236 3123 3265 3161 a
3307 3107 3487 3161 multis
3532 3116 3739 3178 actum,

2148 3206 2239 3254 aut
2267 3197 2514 3255 omnibus
2544 3194 2721 3250 modis
2747 3193 3121 3260 cavillandum,
3154 3209 3223 3249 ne
3252 3191 3368 3249 93
3392 3195 3520 3267 quid
3550 3196 3743 3251 adver-

2149 3306 2241 3344 sus
2269 3289 2442 3343 Deum
2474 3284 2855 3355 committatur,
2889 3299 3010 3355 quae
3053 3298 3151 3339 nec
3186 3298 3249 3340 ex
3288 3283 3483 3339 militia
3516 3285 3742 3357 permit-

1822 3387 2015 3453 Varite
2056 3393 2372 3453 lectiones.

515 3465 565 3504 ¹ι³
594 3464 709 3521 Fiat
741 3463 909 3521 Seml.
942 3463 990 3501 ’ίά
1014 3463 1233 3519 Luncho
1262 3464 1434 3520 Fran.
1461 3465 1643 3522 Paris.

1846 3537 2348 3606 Commentarius.

446 3633 566 3672 esse
615 3616 902 3689 aitgquam
944 3613 1331 3689 longissime,
1361 3615 1485 3689 quia
1540 3617 1711 3689 Draco
1770 3626 2029 3689 terrenus,

449 3703 641 3756 nempe
691 3684 913 3741 Satanas
943 3684 1205 3757 infernus,
1257 3684 1444 3757 spiritu
1474 3697 1525 3742 et
1563 3688 1748 3746 afﬂatu
1798 3709 1895 3748 suo
1944 3684 2039 3748 hol-

448 3755 623 3833 mines
661 3755 1128 3833 absorbet,qetiam_
1170 3761 1236 3833 de
1274 3755 1582 3833 longinquo.
1618 3761 1825 3833 Dcinde
1856 3764 2039 3833 adjicit

446 3846 510 3883 ex
544 3829 714 3897 prima
760 3829 980 3883 Joannis
1015 3844 1029 3881 :
1064 3827 1252 3883 Altius
1283 3827 1523 3886 Joaimés
1556 3850 1573 3884 .-
1612 3832 1815 3897 Filioli,
1848 3827 2036 3892 custo-

449 3901 567 3954 dite
605 3917 692 3956 vos
736 3900 802 3953 ab
845 3898 1026 3954 idolis.
1079 3898 1194 3955 Hoc
1222 3910 1319 3965 est,
1352 3900 1590 3956 Joannes
1628 3918 1737 3957 rem
1773 3904 1930 3961 altius
1962 3923 2043 3962 re-

448 3972 602 4048 petit,
627 3980 675 4023 et
704 3986 808 4023 non
840 3970 1016 4048 solum
1046 3967 1354 4048 fugiendam
1380 3987 1499 4048 esse
1526 3972 1876 4048 idololatriam
1908 3994 2037 4048 pro-

452 4041 680 4115 nuntiat,
708 4056 895 4115 verum
926 4041 1084 4115 etiam
1110 4041 1365 4115 fugienda
1394 4041 1535 4097 idola
1565 4046 1699 4115 ipsa.
1734 4045 1859 4102 Rm.

519 4114 630 4184 (78)
667 4113 774 4184 Ipsi
802 4113 1054 4184 ministri
1076 4116 1131 4167 et
1149 4112 1481 4168 sacerdotes.
1517 4112 1702 4172 Tradit
1718 4118 1917 4175 Plinius
1937 4135 2036 4176 co-

452 4183 613 4241 ronas
656 4183 883 4252 primum
918 4183 1058 4237 inter
1087 4198 1236 4238 sacra
1268 4192 1469 4238 tantum
1500 4196 1553 4241 et
1597 4188 1821 4245 bellicos
1862 4193 2039 4246 hono-

450 4272 535 4309 res
574 4270 729 4308 suum
756 4268 952 4307 nomen
999 4254 1317 4311 vindicasse.
1350 4255 1534 4311 RHEN.

522 4326 635 4396 (79)
689 4325 1134 4396 Conquirendum
1182 4342 1257 4380 an
1300 4328 1363 4381 in
1404 4332 1589 4385 totum
1641 4332 1869 4389 Christi.

449 4395 554 4452 non
614 4395 874 4467 permittit
921 4403 981 4450 ut
1029 4395 1360 4475 Christianus
1425 4400 1642 4457 ethnico
1699 4395 2039 4475 belligeranti

450 4477 607 4523 navet
649 4483 889 4537 operam,
940 4483 1008 4521 an
1064 4468 1418 4539 permissurus
1475 4478 1557 4525 est
1598 4483 1656 4527 ut
1702 4468 2038 4530 Christianus

451 4539 1035 4612 Christiano,._hoc_es_t
1072 4539 1262 4612 fratres
1308 4552 1662 4612 persecuturo
1713 4560 1771 4600 se
1809 4546 2037 4602 militem

448 4609 749 4683 adjungat?
798 4609 1148 4683 haudgduﬁbie
1196 4609 1464 4683 nunquam
1513 4614 1741 4671 credidit
1796 4618 2037 4673 futurum

445 4680 802 4808 Tertullfi‘anus
849 4692 906 4738 ut
944 4680 1227 4738 Christiani
1283 4680 1483 4739 mutuis
1542 4686 1708 4742 armis
1742 4704 2035 4746 concurre-

447 4762 588 4808 rent.
678 4768 815 4808 nEN.

447 4762 588 4810 rent.
629 4762 815 4809 HHEN.

519 4824 632 4890 (80)
670 4823 1035 4880 Credimusne
1066 4825 1380 4881 humanum
1420 4836 1868 4888 sacramentum.
1897 4831 2036 4887 Allu-

448 4894 525 4966 dit
563 4894 628 4947 ad
660 4903 1054 4966 sacramentum
1083 4906 1137 4951 et
1167 4897 1575 4966 responsionem
1608 4903 1722 4957 sive
1759 4910 2033 4959 contesta-

446 4965 649 5019 tionem
682 4964 800 5018 ﬁdei
838 4965 891 5018 in
924 4965 1192 5036 baptismo
1224 4964 1435 5023 factam.
1466 4971 1601 5025 PAM.

515 5036 627 5105 (81)
759 5038 973 5116 ejerare
1008 5041 1237 5116 patrem
1264 5056 1329 5094 ac
1350 5045 1612 5105 matrem,
1646 5050 1747 5116 etc.
1793 5040 1919 5116 Vox,
1946 5043 2035 5099 illa

444 5108 662 5177 ejerare
679 5107 818 5159 idem
838 5113 918 5160 est
939 5107 1098 5179 atque
1111 5110 1367 5166 abdicare
1384 5128 1477 5165 seu
1498 5115 1860 5171 renuntiare.
1894 5114 2035 5171 Sen-

444 5193 535 5233 sus
572 5186 759 5249 autem
798 5179 1032 5232 auctoris
1079 5190 1178 5249 est,
1235 5181 1484 5249 baptismi
1540 5196 1875 5241 sacramento
1924 5202 2032 5242 non

441 5248 585 5303 aliud
634 5262 753 5303 esse
782 5248 1316 5319 superinducendum’
1340 5262 1729 5310 sacramentum
1762 5257 2024 5317 militare.

439 5320 572 5398 Cum
601 5319 744 5398 enim
772 5320 1031 5398 castrensi
1064 5326 1396 5398 sacramento
1426 5337 1482 5378 se
1510 5322 1799 5398 obstringit
1836 5330 2031 5386 Chris-

381 5442 394 5451 .
435 5392 635 5471 genus,
688 5391 894 5462 ejerare
931 5390 1157 5471 videtur
1187 5391 1297 5471 _D_ei
1338 5391 1519 5471 legem
1581 5412 1684 5471 qua
1721 5390 2031 5459 secundum

438 5412 635 5459 uanus,
688 5412 894 5462 CJCI‘HI'B
940 5412 1157 5446 Vluellﬂ'
1197 5412 1297 5447 uel
1338 5412 1514 5468 legem
1616 5413 1684 5453 ua

434 5465 607 5522 Deum
638 5470 888 5537 parentes
913 5460 1152 5537 diligere
1172 5463 1453 5537 iubentur.
1500 5412 1703 5525 [λεῖα.

507 5534 798 5607 (82)Ὠαο.ς
832 5539 889 5595 et
913 5534 1282 5608 Eva’ngelium
1302 5537 1417 5597 solo
1452 5537 1671 5601 Christo
1697 5540 1883 5608 pluris
1910 5561 2025 5604 non

433 5605 654 5683 faciem
673 5605 754 5671 sic
765 5622 980 5693 quoque
992 5605 1302 5673 hoizoravtt.
1319 5609 1487 5670 Vetus
1505 5605 1776 5689 exemplar
1792 5631 1803 5673 :
1827 5636 1850 5670 α
1876 5616 2024 5690 Quos

2144 3630 2198 3677 et
2254 3615 2610 3691 Evangelium
2673 3615 3109 3691 soloChristum
3170 3613 3458 3691 pluris._..._.
3516 3631 3738 3691 quoque

2145 3685 2445 3748 honoravit.
2499 3711 2520 3739 υ
2567 3689 2743 3754 Unde,
2793 3687 2905 3743 sive
2950 3685 3212 3758 legamus,
3264 3707 3290 3739 ‹‹
3348 3685 3548 3742 Solum‘
3578 3685 3739 3742 Chri-

2144 3774 2284 3818 stum
2316 3762 2482 3831 pluris
2536 3759 2762 3831 faciens;
2805 3780 2841 3831 »_
2876 3758 3009 3824 sive,
3047 3779 3069 3808 α
3125 3758 3251 3831 Splo
3312 3759 3521 3813 Christo
3572 3759 3739 3829 pluris

2148 3851 2253 3891 non
2287 3829 2501 3895 faciens,
2542 3851 2563 3880 ι
2599 3830 2739 3884 idem
2767 3829 2869 3884 erit
2898 3844 3117 3885 sensus.
3155 3830 3280 3885 RIG.

2217 3936 2288 3947 -
2317 3906 2405 3961 Sic
2436 3903 2577 3975 quod
2609 3901 2919 3959 honoravit.
2954 3902 3068 3956 Hoc
3097 3909 3213 3957 est:
3248 3900 3593 3975 Evangelium
3625 3915 3734 3975 non

2150 3975 2329 4030 minus
2404 3971 2652 4044 parentes
2717 3983 2769 4028 et
2826 3986 3042 4044 omnem
3117 3971 3421 4044 proximum
3480 3971 3735 4044 honorari

2189 4042 2417 4117 rzecepit
2454 4060 2616 4117 quam
2646 4044 2767 4116 lege
2808 4043 3052 4117 (Mosaica
3112 4042 3484 4117 praescripth
3536 4042 3733 4117 fuerat.

2196 4112 2354 4173 tenin'i
2386 4112 2489 4171 lex"
2523 4132 2617 4172 eos
2667 4112 2907 4185 pioxime
2961 4121 3083 4184 post
3137 4116 3326 4180 Deum,
3384 4112 3732 4185 Evangelium

2150 4188 2395 4260 proxime
2426 4198 2547 4257 post
2578 4184 2847 4260 Christum
2896 4185 3159 4260 honorare
3183 4186 3361 4260 jussit.
3393 4185 3519 4260 itte.

2221 4262 2332 4330 (83)
2370 4253 2470 4315 Gai
2508 4274 2609 4315 nec
2642 4257 2865 4330 litigare
2902 4258 3230 4330 conveniet?
3264 4255 3465 4330 _Alludit
3494 4254 3557 4308 ad
3597 4253 3732 4330 illud

2174 4118 2188 4131 ς

2070 4285 2115 4363 D
2221 4285 2332 4330 (οδ)
2370 4285 2469 4315 (λιιι
2508 4285 2609 4315 uel;
2642 4285 2864 4328 ttugul'c
2902 4285 3222 4339 vwwctowo:
3265 4285 3465 4338 ιξιιυυιι
3494 4285 3557 4308 au
3597 4285 3732 4308 usuu

1928 4331 2030 4402 Qui
2147 4333 2177 4387 Ι
2196 4332 2316 4388 Cor.
2342 4346 2420 4396 vr,
2440 4332 2511 4402 7:
2540 4331 2664 4385 Jam
2694 4328 2915 4402 quidem
2935 4342 3163 4402 omnino
3185 4326 3557 4402 delictumest
3586 4325 3734 4402 quod

2137 4404 2363 4475 judicia
2384 4401 2599 4475 habetis
2616 4399 2769 4475 inter
2786 4415 2894 4455 vos.
2918 4400 3099 4475 Qua-re
3117 4414 3233 4475 agri
3250 4400 3430 4475 magis
3446 4399 3734 4475 injuriam

2145 4469 2443 4548 accipitis?
2470 4472 2652 4548 Atque
2680 4471 2813 4526 adeo
2843 4485 2951 4548 non
2989 4471 3127 4525 male
3156 4469 3326 4526 Rhen.
3361 4469 3606 4548 litigare,
3648 4484 3738 4548 vo_.

2144 4540 2278 4601 cem'
2304 4540 2836 4615 jurisconsultorum,
2886 4540 3267 4615 interpretatur
3328 4540 3593 4615 actionem
3649 4540 3736 4595 vel

2144 4616 2197 4670 in
2240 4610 2525 4686 personam
2562 4613 2674 4686 vel_
2697 4612 2753 4667 in
2798 4626 2909 4667 rem
2936 4610 3102 4686 apud
3130 4611 3400 4686 Ajudicem
3432 4610 3730 4686 suscipere.

2146 4680 2345 4744 Verum
2392 4684 2773 4741 advertendum
2811 4681 2955 4754 quod
2995 4680 3253 4739 continuo
3283 4682 3562 4753 subjungit
3588 4680 3731 4754 _ibi-

2142 4759 2263 4815 dem
2295 4757 2587 4829 Apostolus
2611 4773 2624 4809 :
2648 4754 2753 4811 Sed
2782 4751 2875 4812 vos
2902 4755 3182 4829 injuriam
3202 4751 3419 4829 facitis,
3449 4751 3554 4829 etc.
3586 4751 3730 4808 ΡΑιι.

2214 4824 2733 4901 (84)“Ηθᾳαὶᾳδεθηξ
2782 4824 2979 4901 δίψει(
3001 4824 3209 4901 pilum.
3276 4824 3423 4879 Libri
3471 4824 3735 4901 hactenus

2138 4895 2316 4966 edi‘ti,’
2345 4895 2515 4971 super
2563 4898 2789 4956 tuncho.
2821 4895 2883 4971 Τ.
2923 4895 3125 4971 Livius,
3147 4898 3232 4971 _I._
3256 4910 3393 4971 xaiv
3424 4910 3448 4971 ε
3507 4916 3546 4971 ιιΔ
3567 4895 3735 4950 Scuto

2139 4987 2251 5054 prae
2281 4985 2340 5026 se
2370 4965 2550 5054 erecto
2580 4977 2723 5054 stare
2750 4970 2989 5042 galeatos
3021 4986 3035 5023 :
3072 4966 3269 5050 deinde
3299 4965 3733 5054 ubi.fessius_unt,

2139 5037 2356 5097 innixos
2384 5042 2512 5113 pilo,
2547 5043 2720 5111 capite
2748 5037 2908 5113 super
2954 5040 3254 5111 marginem
3274 5037 3413 5094 scuti
3444 5037 3622 5110 posito
3651 5051 3737 5093 so-

2140 5117 2282 5187 pitos
2309 5124 2473 5187 stare.
2512 5135 2533 5163 ι
2571 5114 2696 5169 Βια.

2213 5185 2326 5310 (85)
2349 5186 2450 5242 Cui
2479 5200 2732 5269 cremare
2748 5200 2863 5241 non
2888 5182 3069 5267 licuit.
3093 5182 3291 5247 Thura,
3310 5178 3574 5252 videlicet,
3607 5179 3734 5235 ido-

2255 5258 2302 5310 G
2326 5272 2463 5310 ossae
2493 5257 2703 5310 [SldOt‘L
2750 5258 3119 5310 Cremutmm.
3151 5254 3561 5310 Holocaustum.
3603 5250 3733 5309 RIG.

2139 5250 2232 5315 lo.‘
2255 5250 2463 5313 Glossse
2493 5257 2703 5315 Isidori.
2750 5257 3119 5319 Cremutium,
3151 5250 3569 5310 Holocaustum.
3603 5250 3733 5309 RIG.

2170 5400 2181 5413 ο
2209 5331 2321 5411 (86)
2361 5330 2737 5413 Transgressio
2750 5334 2852 5385 est.
2886 5325 2998 5381 Cod
3026 5322 3321 5398 Agobardi,
3354 5344 3379 5373 α
3404 5323 3737 5396 Transgres-

2138 5410 2305 5458 sionis
2337 5410 2437 5457 est.
2472 5420 2497 5451 ›)
2536 5410 2663 5456 litt}.

2211 5473 2323 5543 (87)
2366 5471 2751 5546 Susceptaﬁde
2780 5472 2947 5546 atque
2975 5469 3335 5546 signataaut
3350 5463 3735 5546 deserendum

2136 5538 2342 5607 statim
2370 5546 2469 5605 sit.
2494 5538 2607 5603 Hoc
2642 5538 2742 5613 'est,
2772 5538 3068 5599 deserenda
3105 5540 3316 5601 militia.
3350 5538 3476 5607 Ilia.
