4036 6172
380 277 465 344 ita
1701 244 1729 270 ’
1789 259 1873 340 De
1913 277 2190 341 CORONA.

387 418 542 503 tantur
566 407 666 481 (88)
688 428 717 503 ἱ
742 413 845 503 aut
875 403 1168 467 novissime
1198 407 1608 503 perpetiendum
1639 421 1749 503 pro
1781 405 1921 473 Deo,
1952 423 1998 503 Α

390 502 505 578 quod
535 515 664 572 teque
684 496 822 554 ﬁdes
844 514 1054 571 pagana
1080 497 1320 555 condixit
1353 497 1492 571 (89).
1523 499 1634 555 Nec
1663 495 1806 552 enim
1830 496 1925 552 de-

391 591 585 647 lictorum
615 587 1009 660 impunitatem,
1050 596 1141 644 aut
1186 587 1566 659 martyriorum
1604 585 1924 643 immunita-

394 693 470 736 tem
501 679 666 733 militia
728 677 1028 750 promittet.
1075 679 1351 751 Nusquam
1397 677 1730 733 Christianus
1777 673 1925 731 aliud

389 778 463 825 est.
486 769 642 824 Unum
690 765 1070 842 Evangelium,
1111 775 1166 822 et
1205 765 1351 824 idem
1396 767 1575 833 Jesus,
1624 772 1925 839 negaturus

381 874 551 913 omnem
599 865 933 932 negatorem,
988 866 1042 910 et
1077 853 1422 913 confessurus
1451 870 1666 910 omnem
1706 853 1923 910 confes-

372 963 514 1003 sorem
542 946 653 1011 Dei,
683 955 735 1001 et
766 945 973 1001 salvam
1021 942 1258 1000 facturus
1302 945 1534 999 animam
1572 958 1671 1017 pro
1711 941 1926 998 nomine

371 1038 468 1106 ejus
487 1035 747 1100 amissam,
785 1032 1092 1104 perditurus
1128 1043 1306 1088 autem
1335 1034 1403 1089 de
1431 1032 1698 1089 contrario
1736 1034 1929 1086 adver-

371 1141 446 1179 sus
477 1140 657 1180 nomen
684 1125 810 1193 ejus
847 1120 982 1178 lucri
1021 1121 1255 1176 habitam
1288 1121 1509 1191 (Matth.
1541 1137 1600 1186 χ,
1626 1121 1737 1190 39).
1770 1118 1926 1190 Apud

372 1211 491 1264 hunc
518 1218 618 1263 tam
642 1208 804 1264 miles
849 1220 929 1265 est
969 1226 1212 1285 paganus
1254 1210 1447 1282 ﬁdelis,
1480 1227 1640 1282 quam
1685 1225 1928 1282 paganus

369 1305 437 1350 est
467 1295 610 1350 miles
630 1294 889 1350 infidelis.
925 1298 1042 1351 Non
1072 1297 1309 1355 admittit
1344 1308 1512 1354 status
1539 1297 1664 1354 fidei
1694 1297 1926 1352 necessi-

371 1395 485 1442 tates
508 1388 628 1454 (90).
674 1385 842 1440 Nulla
879 1396 960 1441 est
989 1387 1279 1444 necessitas
1316 1387 1682 1458 delinquendi,
1733 1385 1928 1457 quibus

370 1492 458 1529 una
511 1485 583 1530 est
636 1475 934 1530 necessitas
997 1490 1105 1530 non
1162 1476 1526 1548 delinquendi.
1584 1477 1718 1531 Nam
1767 1481 1820 1530 et
1861 1472 1927 1527 ad

371 1563 744 1619 sacriﬁcandum
779 1574 833 1617 et
870 1561 1075 1618 directo
1120 1565 1429 1638 negandum
1461 1564 1780 1620 necessitate
1807 1564 1929 1634 quis

374 1656 591 1723 premitur
661 1659 1061 1708 tormentorum
1135 1653 1254 1710 sive
1327 1668 1667 1724 pmnarum:
1749 1662 1925 1724 tamen

378 1715 461 1800 nec
496 1743 564 1798 illi
607 1740 919 1798 necessitati
947 1739 1236 1812 disciplina
1263 1715 1530 1805 connivet,
1576 1740 1702 1812 quia
1750 1721 1926 1810 potior
1960 1715 2004 1792 Β

389 1845 459 1888 est
486 1834 737 1888 necessitas
765 1831 1027 1887 timendae
1062 1831 1362 1902 negationis
1391 1839 1444 1886 et
1472 1830 1708 1887 obeundi
1729 1838 1926 1900 marty-

397 1920 468 1989 rii,
516 1939 649 1992 quam
689 1920 979 1974 evadentia:
1036 1919 1302 1992 passionis
1345 1929 1398 1974 et
1443 1918 1699 1990 implendi
1739 1915 1925 1972 officii.

388 2013 613 2066 Caeterum
665 2011 922 2065 subvertit
980 2018 1143 2063 totam
1205 2008 1555 2063 substantiam
1614 2005 1930 2062 sacramenti

373 2100 575 2155 causatio
602 2099 895 2169 ejusmodi,
926 2107 986 2153 ut
1020 2097 1179 2152 etiam
1211 2095 1524 2153 voluntariis
1553 2096 1766 2151 delictis
1787 2095 1927 2150 tibu-
1962 2165 1968 2173 Ι

368 2191 452 2241 lam
509 2191 652 2245 laxet.
709 2191 844 2242 Nam
905 2195 958 2242 et
1008 2187 1257 2242 voluntas
1313 2187 1509 2257 poterit
1546 2185 1595 2222 ⁴⁵
1638 2184 1930 2240 necessitas

356 2279 590 2344 contendi,
632 2279 845 2334 habens
885 2276 1091 2333 scilicet
1136 2276 1280 2331 unde
1326 2284 1576 2348 cegatur.
1633 2275 1723 2330 Vel
1757 2274 1928 2346 ipsam

353 2370 733 2439 prestruxerim
775 2375 828 2421 et
865 2367 932 2421 ad
971 2372 1196 2420 caeteras
1242 2363 1556 2420 officialium
1603 2377 1928 2419 coronarum

347 2473 538 2527 causas,
581 2456 790 2529 quibus
828 2452 1244 2510 familiarissima
1294 2459 1378 2508 est
1415 2452 1690 2508 advocatio
1730 2467 1925 2508 neces-

342 2549 525 2603 sitatis:
559 2564 686 2604 cum
727 2546 934 2602 idcirco
983 2552 1073 2599 aut
1115 2543 1292 2602 officia
1331 2543 1588 2616 fugienda
1617 2543 1743 2608 sint,
1776 2559 1842 2598 ne
1875 2542 1930 2596 in

338 2636 526 2692 delictis
600 2635 965 2704 incidamus;
1039 2642 1129 2688 aut
1207 2643 1262 2690 et
1330 2632 1584 2703 martyria
1655 2631 1930 2687 toleranda

337 2727 447 2788 sint,
485 2735 542 2779 ut
572 2725 762 2779 officia
809 2739 1141 2794 rumpamus.
1188 2723 1266 2778 De
1313 2721 1486 2792 prima
1530 2721 1712 2793 specie
1750 2737 1930 2792 quies-

336 2815 483 2870 tionis
513 2815 680 2869 etiam
713 2812 918 2867 militiae
958 2812 1129 2884 ipsius
1160 2811 1378 2876 illicita),
1413 2811 1567 2882 plura
1594 2825 1703 2865 non
1742 2809 1931 2866 faciam

331 2908 456 2973 (91),
489 2915 551 2958 ut
600 2901 844 2958 secunda
879 2900 1151 2968 reddatur,
1181 2916 1249 2955 ne
1296 2899 1341 2954 si
1365 2899 1510 2954 omni
1542 2913 1646 2970 ope
1675 2898 1929 2970 expulero

3527 281 3620 345 ιι(

2555 407 2671 470 91
2699 411 2929 470 CAPUT
2971 411 3093 468 XII.

2102 499 2236 557 Puta
2278 499 2516 573 denique
2565 499 2730 558 licere
2777 500 3021 558 militiam
3069 516 3240 572 usque
3293 499 3359 556 ad
3407 515 3622 559 causam

2031 603 2268 645 coronat.
2314 589 2419 646 Sed
2459 601 2511 646 et
2556 589 2625 644 de
2671 605 2870 646 corona
2915 590 3065 660 prius
3115 587 3375 645 dicamus.
3419 589 3624 646 Laurea

2032 676 2132 734 ista
2161 677 2432 750 Appolliui
2465 679 2546 732 vel
2576 677 2770 734 Libero
2801 694 2952 734 sacra
2980 688 3100 734 est:
3132 677 3230 745 illi,
3262 687 3319 733 ut
3349 680 3451 735 deo
3491 681 3624 736 telo-

2032 782 2152 822 rum
2201 767 2354 839 (92);
2404 768 2546 832 huic,
2608 778 2666 822 ut
2711 767 2812 823 deo
2863 767 3276 838 triumphorum.
3331 767 3422 824 Sic
3467 769 3625 824 docet

2035 857 2292 914 Claudius
2343 866 2550 914 cumet
2599 865 2775 930 myrto
2830 857 2944 928 (93)
3002 856 3075 912 ait
3132 856 3332 912 milites
3385 857 3624 912 redimiri

2031 945 2222 1001 solere.
2270 945 2492 1001 Veneris
2540 946 2681 1000 enim
2727 954 2981 1016 myrtum,
3031 945 3218 1000 matris
3265 945 3467 1016 Encas,
3517 961 3626 1002 non

2033 1033 2264 1100 laurum,
2314 1034 2475 1090 etiam
2515 1033 2761 1088 amiculae
2808 1033 3016 1099 Martis,
3074 1048 3169 1103 per
3216 1034 3366 1088 Iliam
3411 1043 3461 1090 et
3512 1033 3623 1090 Bo-

2035 1123 2210 1176 mulos
2257 1121 2507 1178 Romani.
2551 1110 2656 1179 Sed
2703 1137 2808 1194 ego
2855 1121 3121 1177 Venerem
3175 1137 3282 1178 non
3339 1121 3502 1178 credo
3558 1139 3627 1178 ex

2035 1212 2134 1266 hac
2152 1222 2301 1282 parte
2329 1228 2451 1268 cum
2482 1213 2647 1268 Marte
2667 1213 2962 1269 Romanam
2995 1213 3136 1281 (94),
3166 1227 3270 1281 qua
3300 1211 3509 1282 pellicis
3528 1213 3626 1266 do-

2032 1302 2114 1356 lor
2151 1310 2252 1355 est.
2293 1301 2429 1359 Cum
2467 1309 2520 1356 et
2563 1302 2685 1356 olea
2733 1300 2917 1355 militia
2960 1311 3270 1369 coronatur,
3318 1301 3382 1355 ad
3424 1300 3626 1356 Miner-

2032 1405 2153 1443 vam
2198 1391 2248 1428 ἰδ
2295 1399 2378 1446 est
2423 1387 2742 1453 idololatria,
2787 1405 3059 1444 armorum
3109 1405 3261 1459 aeque
3305 1388 3484 1455 deam,
3531 1390 3626 1443 sed

2031 1486 2084 1534 et
2113 1478 2226 1548 paci
2265 1493 2395 1535 cum
2439 1477 2688 1548 Neptuno
2721 1478 2833 1546 (95)
2865 1477 3009 1532 initae
3055 1493 3118 1532 ex
3166 1477 3264 1532 hac
3301 1478 3496 1532 arbore
3527 1492 3626 1533 co-

2037 1577 2279 1622 ronatam
2319 1565 2389 1621 ‘7.
2431 1568 2486 1620 Iu
2532 1565 2617 1620 his
2673 1566 2774 1620 erit
2839 1564 2965 1620 serti
3013 1564 3258 1619 militaris
3314 1565 3626 1635 superstitio

2039 1657 2244 1726 polluta
2287 1663 2340 1712 et
2388 1653 2664 1726 pollucns,
2717 1653 3010 1724 omniaque
3055 1653 3168 1722 jam
3221 1652 3523 1722 polluentur
3572 1662 3625 1708 et

2035 1745 2236 1801 causis.
2285 1744 2422 1799 Ecce
2467 1758 2642 1797 annua
2691 1750 2941 1798 votorum
2987 1741 3314 1810 nuncupatio
3353 1740 3488 1812 quid
3537 1739 3624 1796 vi-

2033 1835 2238 1890 detur?
2278 1833 2451 1905 prima
2496 1833 2549 1886 in
2600 1831 2900 1902 principiis,
2947 1829 3185 1886 secunda
3232 1829 3285 1882 in
3337 1828 3622 1899 capitoliis.

2035 1925 2229 1995 Accipe
2261 1932 2383 1995 post
2414 1925 2529 1978 loca
2559 1929 2611 1977 et
2641 1923 2841 1976 verba:
2875 1921 3028 1976 Tum:
3065 1935 3197 1985 TIBI,
3229 1920 3482 1984 JUPITEB,
3533 1935 3628 1974 BO-

2038 2030 2109 2068 ΥΕ
2152 2029 2429 2068 COBNIBUS
2475 2027 2623 2067 AURO
2661 2025 2970 2066 DECORATIS
3000 2025 3242 2065 VOVIMUS
3274 2024 3411 2064 ESSE
3451 2024 3624 2064 FUTU-

2036 2119 2148 2159 nuu
2197 2102 2343 2173 (96).
2394 2102 2561 2172 Cujus
2599 2099 2880 2156 sententiae
2924 2115 3026 2156 vox
3065 2099 3188 2154 est?
3228 2098 3412 2169 utique
3462 2115 3630 2171 nega-

2037 2191 2216 2248 tionis.
2266 2191 2437 2245 Etiam
2495 2191 2541 2245 si
2587 2196 2725 2244 tacet
2772 2187 2880 2244 illic
2916 2187 3257 2243 Christianus
3298 2202 3413 2254 ore,
3461 2202 3626 2243 coro-

2036 2290 2194 2336 natus
2245 2281 2420 2349 capite
2463 2275 2760 2348 respondit.
2817 2275 3020 2330 Eadem
3069 2274 3251 2330 laurea
3289 2275 3342 2329 in
3388 2275 3630 2330 donativi

2036 2367 2439 2440 dispensatione
2459 2364 2810 2421 denuntiatur
2839 2363 2994 2435 plane
3014 2380 3122 2419 non
3144 2364 3377 2436 gratuita
3403 2361 3631 2420 idolola-

2038 2457 2154 2523 tria,
2203 2454 2471 2526 aliquibus
2519 2452 2699 2509 aureis
2744 2451 3028 2508 venditans
3096 2450 3386 2516 Christum,
3438 2459 3494 2505 ut
3538 2468 3630 2505 ar-

2036 2542 2246 2616 genteis
2285 2543 2448 2598 Judas
2492 2542 2714 2610 (Matth.
2763 2540 2942 2610 xxvr).
2979 2539 3093 2594 Hoc
3129 2539 3267 2594 erit:
3306 2541 3426 2595 Non
3472 2545 3629 2612 pote-

2036 2635 2140 2691 stis
2182 2635 2289 2689 Deo
2337 2633 2546 2688 servire
2577 2635 2632 2688 et
2689 2645 3029 2686 mammona:
3075 2630 3291 2695 (Matth.
3326 2643 3441 2693 ινι,
3502 2631 3626 2697 24);

2039 2737 2357 2778 mammona:
2382 2737 2600 2776 manum
2649 2721 2859 2774 tradere
2907 2721 2976 2783 ⁸⁸,
3009 2726 3063 2774 et
3092 2734 3123 2771 a
3165 2718 3279 2772 Deo
3326 2718 3629 2772 absistere?

2040 2814 2152 2867 Hoc
2179 2812 2315 2868 erit:
2351 2811 2577 2867 Reddite
2599 2827 2723 2882 quia
2747 2812 2884 2863 sunt
2919 2807 3150 2864 Cwsaris
3178 2806 3402 2869 Cwsari,
3429 2809 3480 2861 et
3505 2823 3630 2877 qua:

2043 2901 2138 2956 Dei
2168 2903 2273 2956 Deo
2303 2898 2529 2969 (Matth.
2566 2912 2708 2961 xxii,
2752 2899 2842 2966 2t)
2870 2912 2880 2950 :
2921 2911 3020 2949 nec
3051 2894 3320 2949 hominem
3359 2895 3472 2948 Deo
3503 2893 3628 2948 red-

335 2994 602 3064 militiam,
635 2991 833 3046 frustra
860 2993 968 3060 jam
997 2989 1064 3044 de
1093 3005 1293 3046 corona
1323 2987 1540 3044 militari
1570 2987 1923 3059 provocarim.
1958 3002 2001 3081 c
2032 2988 2159 3043 dere
2189 2987 2324 3057 (97),
2377 2995 2430 3042 et
2476 2985 2758 3039 denarium
2799 2983 2995 3040 Caesari
3042 2983 3304 3038 auferre?
3348 2983 3626 3052 Triumphi

2029 3079 2212 3132 laurea
2249 3074 2390 3130 foliis
2419 3073 2665 3138 struitur,
2701 3088 2767 3126 an
2805 3070 3204 3127 cadaveribus?
3235 3071 3429 3126 lamnis
3457 3086 3628 3127 orna-

1703 3173 1894 3238 Variae
1930 3178 2244 3238 lectiones.

387 3287 437 3325 *⁵
467 3289 696 3342 Poterat
729 3287 898 3342 Semt.
940 3284 990 3323 46
1021 3284 1258 3340 Minerva
1284 3285 1455 3339 Fran.
1487 3281 1535 3320 4⁷
1565 3279 1708 3349 Quin
1739 3292 1792 3336 et
1820 3283 1934 3337 olea
1965 3282 2208 3336 militiam
2235 3277 2484 3336 coronari
2512 3293 2544 3330 a
2572 3275 2807 3331 Minerva
2835 3289 2948 3349 non
2974 3273 3148 3349 solum
3181 3271 3394 3337 artium,
3420 3273 3629 3349 sedar-

324 3375 530 3413 morum
563 3373 785 3428 quoque
806 3358 905 3412 dea
929 3374 943 3412 :
969 3366 1022 3410 et
1043 3371 1228 3426 pacem
1250 3371 1373 3411 cum
1402 3344 1854 3428 Neptunoituisse
1891 3369 1956 3408 ex
1998 3355 2096 3409 hac
2125 3355 2338 3416 arbore,
2373 3361 2477 3405 etc.
2505 3352 2675 3405 Fran.
2701 3349 2883 3404 Paris.
2917 3345 3020 3401 Sed
3053 3352 3106 3400 et
3146 3360 3278 3416 pace
3321 3359 3444 3400 cum
3479 3344 3631 3414 Nep-

323 3440 450 3487 tuno
491 3426 636 3485 inita
652 3426 720 3484 ei
752 3431 852 3485 hac
880 3429 1070 3484 arbore
1097 3434 1426 3497 coronatam,
1461 3427 1596 3482 Jun.
1631 3427 1677 3462 48
1704 3426 1798 3480 Est
1826 3427 1985 3498 Le0p.

1741 3521 2244 3586 Commentarius.

390 3639 501 3706 (88)
540 3639 684 3706 Quae
731 3650 834 3690 nec
865 3651 938 3691 ex
967 3634 1181 3688 militia
1208 3631 1648 3706 permittuntur.
1683 3629 1833 3697 Quod
1875 3628 1926 3706 in

324 3699 614 3780 exemplari
664 3706 887 3777 legitur,
934 3699 1448 3780 Extraumilitiam,
1493 3701 1822 3780 minusnesse
1849 3699 1931 3780 vi-

324 3770 490 3835 detur.
523 3784 592 3833 ad
649 3770 891 3831 mEntem
935 3773 1270 3830 Tertulliani.
1317 3773 1454 3827 Nam
1493 3773 1594 3827 hoc
1643 3771 1745 3826 sibi
1772 3770 1924 3826 vult:

327 3851 638 3904 Christiano
685 3863 862 3920 quem
892 3847 1030 3920 ﬁdes
1073 3848 1126 3900 in
1174 3843 1359 3920 militia
1416 3842 1790 3920 deprehendit,
1841 3850 1932 3920 aut

324 3923 498 3976 statim
539 3913 806 3990 suscepta
836 3917 939 3972 ﬁde
967 3917 1319 3990 deseretidam
1348 3930 1465 3969 esse
1491 3913 1758 3990 militiam,
1789 3913 1931 3983 quod

325 4010 384 4048 ex
415 3993 644 4057 militia,
668 3984 734 4044 id'
751 3997 832 4044 est
863 4005 958 4058 per
987 3988 1191 4042 militiae
1221 3985 1368 4058 leges
1396 4001 1503 4058 non
1525 3984 1650 4040 licet
1669 4003 1695 4058 ελ
1714 3992 1806 4058 aut
1825 3999 1932 4038 mo-

325 4065 403 4117 dis
430 4055 698 4119 omnibus
747 4055 1043 4116 cavendum
1091 4075 1156 4114 ne
1193 4055 1324 4128 quid
1362 4055 1618 4128 adversus
1669 4055 1930 4110 Christia-

325 4151 444 4189 nam
486 4135 658 4189 ﬁdem
690 4132 1007 4196 committat,
1033 4130 1179 4202 Quod
1211 4126 1340 4184 item
1362 4143 1429 4181 ex
1463 4126 1664 4181 militiae
1697 4141 1932 4202 romanae

323 4207 540 4278 legibus
569 4207 668 4259 vix
704 4203 857 4278 liceat
883 4219 896 4270 ;
940 4209 1030 4278 aut
1052 4197 1298 4278 extrema
1325 4214 1549 4278 quaeque
1584 4197 1934 4278 perpetienda

327 4268 418 4347 pro
447 4279 593 4365 Pco,
628 4274 789 4365 'quod
829 4268 1002 4331 omnis
1047 4272 1383 4329 Christianus
1412 4268 1623 4325 Christo
1663 4268 1769 4322 fide
1799 4268 1939 4322 dicta
1968 4290 2013 4365 ο

326 4349 592 4406 condixit.
628 4347 758 4400 th.

391 4424 504 4489 (89)
541 4417 703 4487 Quod
745 4433 900 4488 (eque
926 4416 1066 4489 ﬁdes
1104 4430 1331 4489 pagana
1361 4411 1638 4489 condixit,
1663 4409 1930 4489 _Mortem,

327 4482 582 4548 scilicet:
607 4490 745 4543 Nam
796 4482 896 4542 hoc
926 4482 1282 4540 ‘Chrisiianus
1319 4499 1586 4554 paganus,
1628 4482 1679 4536 id
1719 4489 1798 4554 est
1830 4497 1936 4535 non

325 4562 501 4628 miles,
539 4574 703 4630 aeque
735 4558 948 4613 Christo
977 4556 1215 4612 condixit
1242 4551 1518 4630 ac'mjles.
1571 4553 1720 4607 Hanc
1764 4551 1936 4608 inter-

325 4626 698 4702 pretationem
728 4637 1030 4702 suggerunt
1057 4626 1351 4702 sequentia.
1386 4628 1512 4702 lito.

394 4707 515 4772 (90)
564 4703 688 4757 Non
738 4693 1000 4755 admittit
1034 4693 1230 4772 status
1269 4699 1401 4766 ﬁdei
1429 4698 1819 4772 necessitates.
1870 4693 1941 4772 At

323 4765 736 4830 extra'statum
793 4772 917 4825 tidei
983 4770 1339 4824 admittuntur
1383 4769 1622 4838 (Apolog.
1685 4781 1816 4838 xcv,
1876 4765 1942 4820 de

327 4847 592 4901 Exhort.
659 4846 820 4898 cast.
880 4841 996 4910 Vl).
1067 4839 1374 4910 Necessitas
1424 4836 1492 4910 ad
1544 4836 1942 4910 eitcusationem

325 4921 636 4988 deputatur
689 4915 788 4982 (De
840 4908 1042 4988 _Iddlol.
1090 4911 1214 4988 _x),
1275 4908 1585 4988 Opponitur
1651 4908 1944 4988 necessitas

327 4979 488 5058 qn'asi
547 4979 887 5058 deprecatrix
944 4979 1188 5058 (Apolog.
1239 4979 1482 5058 1v,f_vtt),
1541 4989 1595 5034 et
1629 4979 1751 5058 _hic_
1783 4979 1944 5058 paulo

325 5052 471 5128 post:
497 5052 981 5128 Familiarissima
1009 5052 1092 5128 est
1111 5052 1397 5128 advocatio
1427 5053 1802 5128 necessitatis.
1821 5052 1945 5128 lite.

395 5129 526 5196 (91)
569 5125 745 5181 Plura
787 5142 901 5184 non
949 5125 1185 5196 faciam.
1233 5123 1394 5179 Liber
1432 5121 1727 5196 Agobardi,
1767 5122 1949 5177 Plura.

332 5193 446 5255 non
478 5193 740 5268 faciunt.
766 5193 968 5268 Ursini,
987 5198 1159 5251 Plura
1192 5211 1304 5252 non
1319 5195 1579 5268 faciant.
1606 5193 1734 5268 Bm.

401 5264 532 5338 (92)
603 5269 694 5324 Illi
744 5273 810 5324 ut
855 5264 965 5324 deo
999 5269 1266 5338 telorum.
1318 5265 1438 5320 Huc
1483 5264 1890 5338 pertinetquod
1919 5280 1951 5317 a

334 5334 570 5396 Platone
626 5340 834 5410 Apollo-
881 5338 1088 5394 dicatur
1147 5336 1244 5390 ἀπὸ
1300 5341 1388 5390 τοῦ
1433 5337 1660 5404 πάλλειν,
1719 5334 1771 5389 id
1815 5345 1896 5391 est
1921 5351 1951 5389 a

335 5410 663 5478 jaculaudo,
703 5410 844 5464 unde
883 5411 1041 5465 etiam
1091 5410 1288 5466 factum
1336 5415 1394 5460 ut
1431 5423 1555 5463 cum
1593 5423 1723 5463 arcu
1762 5414 1813 5462 et
1863 5423 1950 5461 sa-

339 5485 498 5554 gittis
531 5479 658 5554 ejus
681 5481 965 5536 simulacra
1002 5480 1226 5554 formari
1265 5478 1492 5554 soleant.
1525 5480 1661 5534 Pw.

419 5554 543 5623 (93)
568 5548 722 5609 'Cum
745 5559 801 5611 et
829 5558 1034 5626 myrto.
1074 5553 1281 5624 Myrtus
1309 5548 1516 5606 bellicis
1543 5565 1760 5622 quoque
1791 5550 1952 5606 rebus

2040 3627 2284 3697 inservit,
2349 3623 2795 3697 triumphansque
2869 3621 2935 3697 de
3002 3618 3214 3697 Sabinis
3285 3617 3635 3697 Ppsthumius

2039 3689 2309 3754 Tubertus
2354 3699 2408 3752 in
2455 3689 2760 3761 consulatu,
2801 3691 2892 3763 qui
2939 3691 3146 3763 primus
3191 3689 3431 3763 omnium
3469 3705 3634 3763 ovans

2039 3770 2228 3826 urbem
2285 3771 2560 3842 ingressus
2631 3760 2752 3828 est,
2785 3760 3042 3842 quoniam
3095 3777 3217 3842 rem
3251 3761 3464 3839 Oleviter
3518 3760 3633 3815 sine

2039 3857 2230 3914 cruore
2275 3832 2536 3914 gesserat,
2572 3845 2746 3906 myrto
2785 3832 3010 3914 Yeneris
3046 3832 3294 3914 victricis
3342 3840 3634 3914 coronatus

2042 3913 2262 3977 incedit,
2275 3902 2704 3982 “optabilemq'ue
2723 3907 2978 3982 arborem
3008 3904 3170 3982 etiam
3217 3902 3462 3960 hostibus
3489 3903 3630 3958 fecit.

2041 3984 2167 4038 Haec
2194 3976 2382 4053 peste'a
2412 3976 2686 4053 ovantitirn
2718 3977 2817 4032 fuit
2843 3991 3065 4032 corona.
3089 3976 3276 4053 Rtierv.

2114 4044 2248 4124 (94').
2282 4053 2386 4110 Sed
2435 4069 2558 4120 ergo
2614 4051 2873 4124 Venerem
2904 4064 3018 4104 non
3047 4047 3308 4124 credoex
3336 4044 3440 4124 [tae
3465 4049 3634 4116 parte

2041 4116 2171 4181 cum
2199 4116 2372 4181 Marte
2411 4116 2739 4180 Romanam.
2795 4121 3038 4181 Martem,
3087 4116 3281 4188 inquit,
3322 4116 3634 4188 iliomanutn

2043 4196 2366 4251 crediderim
2397 4211 2460 4249 ex
2492 4210 2554 4248 ea
2578 4199 2727 4262 parte
2753 4207 2857 4260 qua
2903 4186 3177 4262 Romulos
3207 4186 3414 4262 exullia
3443 4202 3634 4262 susce-

2041 4268 2139 4338 pit.
2170 4269 2238 4322 At
2269 4267 2528 4338 Venerem
2559 4258 2624 4338 ex
2654 4279 2716 4338 ea
2742 4258 2892 4332 parte
2922 4277 3028 4332 qua
3058 4259 3206 4314 Iliam
3245 4258 3353 4312 sibi
3387 4258 3632 4338 pellicem

2043 4329 2209 4394 sensit
2259 4347 2313 4392 et
2369 4335 2616 4398 indoluit,
2677 4329 2970 4388 Romanam
3029 4347 3151 4386 esse
3218 4345 3323 4386 nou
3383 4329 3631 4385 arbitror.

2044 4411 2169 4466 th.

2117 4481 2232 4554 (95)
2262 4481 2396 4535 Paci
2433 4494 2563 4532 cum
2612 4477 2886 4554 Neptuno.
2932 4471 3486 4554 Quoniamnltlinerva
3515 4485 3636 4554 cum

2047 4541 2330 4624 oleaginea
2377 4563 2577 4624 corona
2623 4541 2811 4624 pacein
2869 4543 2988 4596 iniit
3035 4557 3160 4598 cum
3210 4541 3465 4609 Neptuno
3515 4541 3638 4593 ideo

2048 4617 2201 4694 pacis
2225 4633 2347 4677 uota
2379 4630 2460 4674 est
2482 4619 2629 4694 (olea,
2665 4618 2751 4694 Le
2782 4617 2875 4668 Pa.

2118 4695 2226 4762 (96)
2267 4696 2410 4748 Tunc
2443 4693 2561 4754 tibi,
2595 4690 2839 4759 Jupiter,
2873 4687 2998 4762 boue
3029 4680 3288 4762 cornibus
3319 4695 3458 4760 auro
3488 4679 3641 4762 deco-

2049 4750 2196 4822 ratis
2211 4750 2473 4820 'vovimus
2495 4750 2610 4832 esse
2631 4750 2918 4832 futuram.
2948 4755 3070 4808 Haec
3091 4750 3641 4832 estveterisocodicis,

2050 4835 2330 4905 scriptura,
2374 4849 2495 4902 quae
2540 4823 2742 4905 firmari
2779 4828 2938 4884 etiam
2969 4824 3138 4905 possit
3175 4823 3523 4905 inscriptione
3551 4838 3646 4876 au-

2051 4895 2202 4979 tiqua
2221 4895 2463 4960 Fratrum
2506 4902 2806 4966 Arvalium,
2848 4895 2982 4969 quae
3004 4896 3082 4979 sic
3118 4895 3312 4952 habet:
3349 4896 3524 4951 Bovs.
3555 4908 3648 4949 AU-

2055 4969 2497 5034 nirowovruus.
2530 4989 2683 5029 esse.
2718 4984 2993 5027 FUTURUM.
3025 4969 3150 5023 Βία.

2127 5050 2241 5121 (97)
2287 5050 2392 5106 Nec
2438 5047 2744 5121 hominem_
2779 5045 2877 5121 I_)e0
2919 5041 3171 5121 reddere.
3207 5037 3323 5121 Qui
3363 5047 3540 5121 tamen
3569 5044 3651 5091 est

2057 5109 2322 5176 numisma
2378 5127 2431 5173 et
2475 5118 2655 5190 imago
2713 5113 2848 5171 Dei.
2902 5113 2994 5168 Ait
3048 5109 3648 5190 igitu[_Christiattutn,

2059 5209 2181 5248 eum
2208 5192 2276 5246 sit
2298 5200 2350 5246 et
2379 5191 2537 5244 miles
2565 5179 2619 5243 εἴ
2649 5194 2956 5251 coronatus,
2991 5179 3097 5238 non
3128 5180 3350 5236 reddere
3381 5179 3648 5236 hominem

2059 5265 2202 5333 Deo,
2259 5263 2384 5334 quia
2429 5277 2552 5334 cum
2617 5269 2808 5334 ornatu
2864 5254 3063 5334 incedit
3093 5252 3283 5334 “idolis
3309 5252 3654 5334 "dicato,‘ct

2061 5318 2340 5390 denarium
2373 5333 2582 5387 auferre
2610 5329 2830 5392 Caesari,
2861 5326 2986 5399 quia
3024 5324 3191 5381 refert
3209 5324 3275 5376 ab
3305 5318 3651 5400 Caesarendo-

2063 5406 2340 5476 nativum;
2393 5405 2570 5476 itaque
2619 5418 2728 5457 non
2777 5391 3172 5476 redderequ
3224 5401 3351 5470 sunt
3382 5391 3478 5476 Rei
3516 5391 3652 5476 Pco,

2062 5462 2241 5550 neque
2285 5462 2444 5550 etiam
2487 5462 2622 5546 'qute
2661 5481 2788 5528 sunt
2834 5462 3321 5550 Caesaris'Cazsari.
3353 5462 3655 5550 .Sign‘iticat

2063 5532 2263 5606 militiae
2294 5532 2709 5621 praediorumque
2748 5541 2959 5614 negotia
2990 5551 3097 5592 non
3141 5532 3428 5590 convenire
3483 5532 3645 5587 Chri~
