4042 6172
374 265 476 330 115

1045 258 1487 324 TERTULLIANI
1522 255 1790 321 OPERUM
1827 253 1991 318 PARS
2025 252 2094 316 Π.
2133 284 2206 301 -
2243 251 2471 318 SERIES
2506 252 2551 325 Ι,
2589 252 2936 318 POLEMIGA.

3561 247 3660 315 116

368 403 457 452 tur
484 394 620 468 (98),
651 409 718 450 an
747 393 965 452 bustis?
998 393 1286 470 unguentis
1331 392 1627 451 delibuitur
1661 392 1711 430 49
1737 389 1853 449 95
1883 404 1951 445 an
1983 407 2031 488 ⁸
2064 399 2164 440 nec
2209 383 2419 439 asinum
2466 381 2649 440 habuit
2697 383 2966 455 privatum
3004 398 3019 439 :
3051 381 3160 441 Isti
3208 398 3273 439 tn
3309 380 3570 442 curribus
3601 386 3656 441 et

366 485 621 558 lacrymis
670 487 969 558 conjugum
1018 492 1070 541 et
1106 485 1381 542 matrum?
1411 486 1664 543 Fortasse
1692 499 1953 556 quorum-

365 574 493 629 dam
524 583 577 630 et
598 574 1061 632 Christianorum:
1092 584 1145 631 et
1173 575 1316 645 apud
1344 576 1610 633 Barbaros
1646 573 1791 630 enim
1811 571 1959 631 Chri-

367 671 481 718 stus
508 664 644 735 (99).
676 664 780 734 Qui
810 664 949 719 hanc
975 665 1275 737 portaverit
1310 664 1365 719 in
1400 664 1575 737 capite
1611 680 1827 721 causam
1856 666 1952 733 (t),

366 768 546 809 nonne
578 762 631 808 et
668 752 783 822 ipse
828 753 1212 826 oppugnavit?
1258 755 1354 810 Est
1398 764 1451 811 et
1490 755 1598 810 alia
1644 752 1834 808 militia
1871 768 1958 807 re-

364 842 571 915 giarum
632 842 972 901 familiarum.
1019 847 1154 899 Nam
1208 853 1261 900 et
1316 852 1619 901 castrenses
1674 842 1956 916 appellan-

366 942 454 987 tur
483 931 766 989 muniﬁciae
796 943 851 989 et
877 933 1011 1004 ipsae
1040 933 1361 990 solcmnium
1390 933 1823 990 Caesareanorum
1858 933 1953 1002 (2).

364 1019 472 1076 Sed
502 1028 554 1077 et
583 1030 637 1076 tu
679 1021 904 1093 proinde
955 1022 1112 1082 miles
1157 1041 1219 1080 ac
1266 1040 1456 1082 servus
1499 1024 1723 1081 alterius
1767 1038 1827 1079 es
1859 1041 1871 1080 :
1907 1032 1960 1079 et

304 1140 308 1145 ~
365 1110 412 1166 si
440 1110 691 1180 duorum,
726 1112 825 1167 Dei
853 1120 907 1167 et
934 1112 1185 1179 Caesaris,
1227 1121 1373 1170 certe
1413 1122 1541 1170 tunc
1567 1126 1677 1169 non
1701 1113 1953 1178 Caesaris,

365 1214 485 1326 pum.
520 1210 569 1257 te
596 1201 712 1258 Deo
743 1201 935 1268 debes,
966 1203 1130 1259 etiam
1150 1202 1206 1258 in
1226 1203 1622 1272 communibus,
1644 1201 1958 1273 credo,po-

388 1287 510 1326 IOI‘I.

388 1287 510 1327 lOl'l.

968 1414 1198 1471 CAPUT
1228 1414 1373 1470 XIII.

435 1541 711 1597 Coronant
774 1549 827 1597 et
888 1539 1134 1611 publicos
1197 1539 1420 1597 ordines
1472 1539 1672 1597 laureis
1728 1539 1957 1612 publicae

364 1646 565 1695 causa),
598 1628 941 1702 magistratus
970 1645 1100 1687 vero
1136 1629 1354 1700 insuper
1383 1629 1563 1685 aureis
1591 1629 1657 1685 ⁵ο.
1692 1628 1955 1699 Super-fe-

2063 473 2164 529 isti
2218 476 2279 531 in
2325 474 2497 546 equis,
2543 488 2646 528 nos
2694 477 2887 531 autem
2934 474 2997 529 in
3042 473 3271 531 nomine
3301 474 3527 530 Domini
3559 474 3654 530 Det

2065 563 2248 620 nostri
2276 564 2661 620 invocabimus
2709 563 2881 631 (Psal.
2928 560 3074 635 xxx).
3124 559 3241 619 96
3285 562 3371 619 Ab
3417 562 3537 635 ipso
3576 561 3658 617 in-

2065 653 2240 708 colatu
2319 649 2609 722 Babylonis
2682 649 2826 704 illius
2898 649 2954 705 in
3024 650 3356 722 Apocalypsi
3436 650 3658 707 Joannis

2065 741 2444 798 submovemur
2496 741 2679 812 (Apoc.
2728 740 2918 809 xvru),
2959 739 3157 797 nedum
3208 757 3239 795 a
3286 751 3549 814 suggestu
3587 740 3657 794 ⁵2.

2067 828 2368 884 Coronatur
2397 835 2448 884 et
2475 828 2672 901 vulgus
2719 844 2862 884 nunc
2908 844 2977 885 ex
3023 829 3400 901 principalium
3427 844 3656 902 prospe-

2067 917 2281 974 ritatum
2310 918 2685 982 exsultatione,
2719 933 2861 975 nunc
2907 933 2973 974 ex
3020 919 3421 989 municipalium
3465 918 3660 976 solem-

2066 1006 2293 1063 nitatum
2341 1007 2672 1079 preprietate
2717 1023 2729 1064 :
2772 1012 2826 1064 et
2873 1015 2955 1063 est
2984 1007 3159 1063 omnis
3195 1008 3422 1078 publicae
3453 1006 3653 1063 laetitias

2065 1095 2279 1152 luxuria
2306 1095 2587 1169 captatrix.
2638 1095 2745 1152 Sed
2776 1103 2833 1151 tu
2873 1096 3199 1169 peregrinus
3242 1097 3427 1153 mundi
3472 1098 3653 1168 hujus,

2065 1184 2202 1243 civis
2244 1200 2494 1256 superna:
2541 1184 2842 1241 Jerusalem
2875 1204 2887 1240 :
2922 1187 3138 1251 Noster,
3179 1186 3353 1257 inquit
3381 1186 3651 1260 (Philipp.

2064 1289 2145 1344 ιιι,
2178 1275 2293 1343 20),
2322 1276 2710 1348 municipatus
2740 1275 2806 1330 in
2835 1276 3009 1332 cwlis.
3052 1276 3232 1332 Habes
3277 1285 3398 1330 tuos
3434 1290 3653 1341 sensus,

2064 1373 2187 1421 tuos
2213 1364 2383 1420 fastos
2414 1363 2523 1436 (7):
2573 1363 2705 1420 nihil
2753 1364 2850 1420 tibi
2887 1380 3012 1420 cum
3040 1364 3252 1437 gaudiis
3289 1364 3512 1431 saeculi;
3543 1364 3650 1420 imo

2066 1453 2389 1508 contrarium
2436 1452 2645 1508 debes:
2705 1453 2991 1510 Saeculum
3032 1453 3178 1509 enim
3222 1454 3505 1527 gaudebit,
3562 1470 3652 1511 vos

2065 1558 2192 1600 vero
2223 1544 2477 1614 lugebitis
2502 1544 2686 1615 (Joan.
2728 1558 2843 1612 xvr,
2874 1545 2983 1611 20).
3024 1540 3092 1597 Et
3122 1550 3268 1614 puto,
3310 1544 3529 1614 felices,
3559 1542 3650 1607 ait,

2068 1629 2320 1702 lugentes
2347 1632 2566 1703 (Matth.
2597 1648 2655 1697 v,
2687 1632 2764 1701 5),
2802 1646 2909 1688 non
2952 1639 3260 1689 coronatos.
3302 1630 3575 1687 Coronant
3600 1638 3654 1686 et

362 1728 554 1774 runtur
591 1697 751 1775 etiam
780 1718 890 1773 illis
917 1720 1214 1775 Heu-nscas.
1248 1697 1328 1792 (3)
1354 1721 1473 1776 Hoc
1515 1697 1837 1775 vocabulum
1874 1726 1958 1773 est
1990 1697 2035 1776 Β
2066 1697 2267 1789 nuptiae
2314 1697 2543 1790 sponsos
2594 1722 2693 1791 (8),
2720 1697 2860 1776 video
2916 1736 3022 1776 non
3080 1721 3346 1776 nubamus
3402 1719 3649 1787 ethnicis,

360 1822 701 1878 coronarum,
742 1824 876 1878 quas
904 1807 1136 1880 gemmis
1165 1815 1219 1863 et
1244 1806 1389 1863 foliis
1430 1823 1497 1863 ex
1524 1822 1657 1863 auro
1686 1806 1958 1879 quercinis

360 1897 433 1951 ob
461 1899 644 1953 Jovem
691 1896 920 1968 insignis
956 1896 1022 1952 ad
1052 1896 1396 1954 deducendas
1433 1897 1653 1953 thensas
1692 1897 1793 1967 (4),
1832 1911 1956 1952 cum

359 1986 614 2059 palmatis
645 1985 789 2059 togis
839 1994 1077 2042 sumunt.
1111 1986 1247 2043 Sunt
1273 1992 1328 2041 et
1371 1986 1726 2059 provinciales
1754 2002 1951 2054 aureae,

361 2075 656 2148 imaginum
701 2062 833 2147 jam,
885 2091 995 2131 non
1041 2075 1306 2146 virOrum,
1353 2076 1527 2147 capita
1572 2076 1777 2145 majora
1806 2091 1956 2148 quie-

361 2176 560 2221 rcntes.
592 2164 701 2220 Sed
733 2165 810 2220 tui
848 2164 1070 2221 ordines
1096 2170 1148 2220 et
1176 2164 1253 2220 tui
1282 2165 1648 2240 magistratus,
1690 2172 1744 2221 et
1779 2165 1952 2235 ipsum

360 2253 528 2310 curiae
574 2269 774 2310 nomen
819 2253 1062 2310 Ecclesia
1108 2263 1191 2309 est
1243 2252 1459 2309 Christi.
1516 2252 1664 2308 Illius
1711 2269 1772 2308 es
1826 2268 1955 2310 con-

359 2343 595 2415 scriptus
623 2343 679 2397 in
716 2343 869 2398 libris
896 2344 1021 2398 vitae
1053 2341 1129 2415 (5)
1159 2342 1430 2415 (Philipp.
1465 2358 1557 2411 Iv;
1598 2344 1765 2417 Apoc.
1804 2343 1948 2409 xui).

360 2430 477 2487 Illic
515 2448 771 2504 purpurae
816 2440 918 2488 tua:
962 2432 1184 2506 sanguis
1232 2431 1446 2486 Domini
1495 2440 1549 2486 et
1590 2431 1770 2488 clavus
1815 2433 1953 2487 latus

357 2521 413 2576 in
441 2536 597 2577 cruce
626 2521 797 2593 ipsius
827 2522 1061 2591 (Matth.
1090 2521 1315 2591 xxvn);
1352 2519 1460 2575 illic
1485 2520 1694 2578 securis
1723 2519 1789 2573 ad
1820 2536 1948 2575 cau-

357 2608 531 2666 dicem
570 2611 616 2647 ⁵ι
657 2610 863 2665 arboris
909 2610 1090 2681 posita
1139 2611 1357 2680 (Matth.
1410 2625 1491 2680 ιιι,
1537 2609 1648 2681 10),
1678 2609 1787 2663 illic
1816 2611 1946 2680 (Isa.

359 2712 441 2751 xx.
478 2698 529 2766 I)
564 2697 731 2770 virgae
764 2714 831 2753 ex
854 2699 1006 2754 .lcsse
1049 2698 1147 2769 (6).
1201 2697 1448 2754 Viderint
1491 2705 1544 2753 et
1590 2697 1792 2767 publici
1822 2697 1950 2768 equi

358 2802 482 2842 cum
527 2789 745 2843 coronis
798 2787 939 2842 suis.
988 2788 1252 2845 Dominus
1306 2795 1461 2854 tuus,
1513 2787 1606 2843 ubi
1653 2787 1950 2843 secundum

360 2874 692 2949 Scripturam
738 2877 958 2947 (Matth.
1007 2880 1131 2948 xxx)
1170 2878 1468 2934 Jerusalem
1517 2877 1724 2950 ingredi
1759 2876 1947 2946 voluit,

2066 1823 2133 1864 ne
2162 1823 2262 1864 nos
2293 1808 2356 1863 ad
2399 1808 2472 1864 id=
2497 1809 2757 1866 lolatriam
2790 1826 2960 1882 usque
2992 1810 3279 1873 deducant,
3311 1826 3342 1865 a
3369 1826 3479 1882 qua
3507 1808 3650 1882 apud

2064 1896 2183 1951 illos
2230 1896 2432 1969 nuptias
2479 1897 2774 1970 incipiunt:
2830 1899 2997 1954 habes
3043 1899 3216 1972 legem
3263 1915 3291 1952 a
3338 1898 3654 1971 patriarchis

2063 1984 2277 2057 quidem
2325 1986 2487 2056 (Gen.
2538 2002 2702 2053 xxxv,
2736 1988 2807 2054 3;
2845 1988 3030 2043 Galat.
3076 1990 3181 2059 III),
3216 1987 3380 2043 habes
3424 1987 3654 2059 Aposto-

2062 2072 2175 2128 lum
2206 2075 2270 2129 in
2299 2077 2532 2132 Domino
2570 2078 2783 2133 nubere
2817 2076 3099 2145 jubentem
3140 2077 3183 2147 (Ι
3226 2078 3345 2134 Cor.
3379 2077 3496 2147 vn).
3548 2077 3651 2133 Co-

2063 2171 2215 2218 ronat
2244 2171 2295 2219 et
2326 2162 2545 2220 libertas
2590 2164 2880 2221 saecularis.
2931 2165 3032 2220 Sed
3078 2172 3135 2220 tu
3175 2166 3289 2236 jam
3338 2165 3653 2235 redemptus

2060 2266 2118 2307 es
2154 2268 2186 2306 a
2223 2252 2456 2319 Christo,
2509 2260 2562 2309 et
2606 2253 2826 2325 quidem
2872 2268 3092 2327 magno.
3136 2253 3360 2311 Servum
3418 2253 3650 2310 alienum

2062 2343 2336 2412 quomodo
2367 2343 2619 2398 saeculum
2666 2343 3046 2398 manumittet‘?
3092 2342 3204 2397 Etsi
3243 2342 3464 2398 libertas
3506 2341 3652 2397 vide-

2059 2439 2148 2486 tur
2175 2430 2244 2501 ⁵³,
2274 2430 2370 2485 sed
2409 2439 2463 2486 et
2492 2431 2719 2487 servitus
2762 2432 3063 2488 videbatur.
3107 2431 3302 2488 Omnia
3332 2430 3650 2503 imaginaria

2058 2519 2112 2574 in
2142 2520 2355 2586 saeculo,
2391 2529 2446 2576 et
2474 2520 2609 2579 nihil
2654 2521 2787 2577 veri.
2827 2521 2964 2577 Nam
2996 2530 3050 2577 et
3082 2530 3207 2578 tunc
3237 2521 3376 2578 liber
3418 2520 3650 2577 hominis

2059 2626 2177 2665 eras
2245 2610 2553 2681 redemptus
2606 2626 2637 2665 a
2690 2612 2950 2667 Christo:
3009 2618 3064 2665 ct
3116 2626 3263 2666 nunc
3328 2626 3521 2667 servus
3590 2626 3649 2665 es

2060 2698 2273 2763 Christi,
2305 2699 2431 2755 licet
2467 2699 2827 2754 manumissus
2864 2702 2930 2755 ab
2968 2699 3205 2754 homine.
3239 2699 3294 2754 Si
3332 2715 3513 2755 veram
3561 2716 3651 2769 pu-

2057 2797 2136 2845 tes
2173 2788 2352 2844 saeculi
2373 2788 2690 2853 libertatem,
2725 2797 2784 2845 ut
2811 2800 2864 2846 et
2903 2803 3097 2845 corona
3136 2789 3182 2826 5'4
3223 2789 3534 2861 consignes,
3565 2806 3651 2843 re-

2065 2877 2211 2935 diisti
2237 2878 2293 2934 in
2314 2877 2627 2935 servitutem
2649 2878 2900 2949 hominis,
2928 2893 3088 2950 quam
3114 2890 3271 2949 putes
3299 2878 3605 2935 libertatem

1755 3006 1946 3070 Variae
1974 3008 2287 3070 lectiones.

429 3115 479 3155 ‘9
520 3115 659 3171 Hinc
705 3113 940 3170 adversis
984 3111 1279 3177 lemniscis,
1308 3112 1587 3167 inauratur
1631 3111 1905 3178 lamnulis,
1935 3111 2247 3183 unguentis,
2274 3114 2462 3183 (Paris.
2494 3109 2636 3166 foliis
2673 3108 2914 3183 struitur,
2946 3110 3239 3183 adornatur
3266 3111 3556 3183 lemniscis,
3584 3113 3641 3168 ο.

370 3192 572 3248 Wouw.
605 3185 893 3250 Triumphi
926 3187 1108 3239 laurea
1137 3183 1277 3239 foliis
1306 3184 1585 3239 instruitur
1613 3184 1741 3238 hinc
1767 3181 2332 3245 adversis'lemniscis,
2362 3184 2487 3237 hinc
2513 3190 2733 3237 auratur
2762 3182 3041 3252 lamnulis;
3077 3181 3367 3255 unguentis
3413 3183 3646 3238 delibui-

359 3270 465 3316 tur.
500 3262 635 3317 Jun.
667 3274 740 3314 ex
773 3257 867 3312 Ms.
902 3257 951 3294 50
980 3256 1047 3311 Ut
1074 3255 1324 3321 Athenis,
1359 3264 1418 3310 ut
1445 3256 1630 3311 Romae
1668 3256 1874 3311 inserit
1904 3255 2157 3326 Semler.,
2182 3260 2237 3309 et
2264 3256 2432 3326 forte,
2464 3255 2683 3326 inquit.
2709 3255 2775 3309 ab
2810 3255 3126 3326 interprete
3155 3255 3390 3326 quodam
3420 3255 3644 3326 adjecta

358 3337 516 3390 sunt.
549 3331 597 3370 δι
625 3329 708 3387 Ad
738 3327 946 3385 radices
973 3328 1106 3384 Jun.
1130 3326 1180 3364 ⁵³
1208 3326 1293 3381 Ad
1322 3336 1641 3398 suggestum
1670 3327 1803 3381 Jun.
1836 3326 1887 3363 ⁵³
1906 3323 2161 3382 Videatur
2188 3323 2309 3383 cod.
2354 3323 2552 3383 Wouwl
2584 3325 2633 3363 ⁵4
2654 3324 2918 3380 Coronam

3019 3326 3124 3382 tin.
3158 3324 3333 3383 Rhen.
3369 3324 3539 3383 Fran.

1755 3450 2255 3515 Commentarius.

360 3580 533 3653 stiano
553 3563 803 3653 .nPrselia
849 3561 1205 3653 relinquenda
1248 3559 1445 3641 Caesari
1472 3601 1485 3624 ,
1519 3572 1800 3653 .coronpm
1855 3575 1954 3653 sge-
1983 3574 2026 3653 c
2054 3573 2173 3653 esse
2198 3558 2503 3653 vehiculum
2532 3565 2865 3641 argenteum,
2912 3575 3021 3653 quo
3068 3558 3276 3653 e'xuviaa
3305 3558 3646 3653 deoriim‘lu-

360 3641 481 3697 culo
510 3646 562 3695 et
579 3640 790 3695 Satanae
815 3653 828 3686 :
860 3629 1133 3689 hominem
1166 3632 1340 3701 ipsum
1372 3629 1656 3702 imaginem
1687 3631 1804 3702 Dei,
1830 3631 1953 3686 red-

360 3712 595 3768 dendum
622 3710 760 3772 Deo,
790 3705 889 3761 sed
934 3720 1146 3775 purum,
1181 3703 1273 3759 sed
1314 3701 1567 3775 liberum,
1612 3701 1811 3759 nullius
1836 3718 1951 3759 ser-

360 3799 507 3847 vum,
541 3779 745 3835 nullius
772 3774 1014 3843 militem,
1042 3781 1239 3847 praeter
1260 3774 1378 3831 Dei.
1401 3774 1522 3829 Βισ.

434 3843 545 3925 (98)
578 3852 806 3925 Lcmnia;
851 3843 1111 3905 ornatur.
1158 3846 1328 3903 Vetus
1372 3843 1667 3913 exemplar,
1699 3844 1949 3901 Lemnia.

358 3923 677 3983 Lemniacis.
709 3923 837 3978 Rm.

435 3998 546 4068 (99)
572 3997 645 4068 Et
681 3993 831 4068 apud
870 3990 1142 4068 Barbaros
1180 3990 1335 4068 enim
1368 3989 1650 4068 Christus.
1674 3987 1834 4068 _Idem
1863 4002 1954 4042 re-

361 4059 579 4139 spondit
604 4059 863 4137 Tryphon
911 4061 1231 4116 Lucianicus
1278 4060 1633 4139 interronganti
1666 4059 1845 4139 Critiae
1884 4075 1951 4139 an

360 4130 997 4210 S'cytharumvg'rescurze
1036 4140 1217 4210 essent
1265 4131 1415 4210 deo?
1463 4130 1715 4197 Omnino,
1752 4130 1947 4203 inquit,

362 4212 405 4266 εἰ
433 4201 575 4279 Ῑτύχοι
598 4230 657 4282 γε
682 4207 886 4282 Χριστὸς
922 4205 1005 4257 καὶ
1043 4201 1092 4256 ἐν
1116 4205 1298 4282 ἔθνεσι.
1330 4204 1452 4282 Βιᾳᾼ.

372 4282 384 4293 ⁸
434 4273 525 4353 (1)
542 4273 644 4350 Qui
673 4273 821 4353 hanc
842 4276 1154 4351 portaverit
1195 4276 1257 4331 in
1286 4277 1473 4353 capite
1502 4291 1750 4353 causam.
1783 4273 1952 4329 Coro-

363 4345 505 4411 nain'
537 4345 934 4420 triumphalem,
983 4361 1198 4404 causam
1222 4345 1591 4419 _cadavcrum,
1648 4348 1949 4412 bustorum,

362 4428 735 4496 lacrymarum.
771 4422 899 4477 RIG.

430 4490 507 4569 (2')
534 4496 855 4569 Muniﬁciw,
878 4494 937 4569 et
954 4494 1088 4563 ipsa:
1113 4490 1452 4569 solemninm
1477 4490 1949 4569 Cwsarianqrttm.

360 4558 524 4641 Apud
571 4558 801 4641 Festum
838 4558 1083 4641 legitimus
1115 4562 1393 4617 muniﬁces
1443 4569 1673 4641 vocatos
1728 4558 1951 4641 milites,

362 4630 456 4714 qui
501 4655 608 4696 non
639 4630 943 4714 ‘vacabanvt,
973 4633 1087 4714 _sed
1132 4649 1331 4714 munus
1371 4630 1951 4714 principiufacirebant;

360 4702 452 4781 qui
507 4705 1241 4781 vacabant‘appellabantnr
1316 4702 1842 4781 beneﬁciarii._Sed
1897 4709 1953 4757 et

364 4773 593 4856 Vegetio
632 4773 920 4856 _muniﬁces
948 4784 1075 4832 sunt
1102 4776 1305 4856 milites
1338 4777 1434 4856 qui
1465 4790 1664 4856 munus
1691 4773 1891 4831 faciunt
1917 4789 1950 4829 a

360 4847 476 4927 qué’
492 4853 646 4940 ueri
676 4860 803 4940 ξιξηι
826 4851 1098 4940 imam“
1126 4847 1944 4940 ait..sissetsr-Eieeesﬁrse
1980 4862 2026 4940 ι)

359 4918 665 4995 muniﬁcat,
682 4923 739 4978 id
758 4930 843 4995 est
862 4921 931 4975 ad
950 4918 1153 4995 mu_nus
1174 4918 1495 4995 solemnium
1520 4918 1945 4995 Caesarianorum

360 4989 628 5054 adstrictae
645 5004 697 5050 et
725 4993 997 5065 obligatae.
1016 4990 1449 5065 _lfosterioraatas
1476 4989 1817 5065 muniﬁcum
1848 5001 1944 5055 pro

358 5070 632 5138 muniﬁce
676 5058 974 5138 usurpavit.
1014 5063 1151 5138 Nam
1198 5070 1255 5138 et
1301 5060 1705 5138 Paulus-Jurec.
1737 5058 1943 5138 inncap.

355 5127 593 5207 Muniis,
625 5140 699 5193 De
727 5127 879 5195 verb.
919 5133 1327 5209 signif._,_etiam
1367 5130 1616 5209 ofﬁcium
1645 5127 1951 5209 significare

354 5216 535 5276 docet,
576 5198 728 5265 unde
773 5198 1000 5263 muneri
1044 5203 1311 5272 militaria,
1349 5213 1404 5258 et
1446 5201 1710 5273 quosdam
1750 5198 1948 5255 milites

352 5285 635 5339 niuniﬁces
672 5279 872 5336 vocari.
905 5279 1092 5333 RnnN.
1118 5348 1153 5353 Α
1504 5346 1539 5353 η
1584 5346 1594 5353 _
1860 5341 1912 5353 η,

426 5360 501 5425 (3)
560 5353 1009 5427 Super/Pruntur
1074 5348 1255 5427 etiam‘
1302 5346 1418 5427 illis
1495 5346 1802 5427 llr'tlruscfe.
1858 5341 1949 5427 Sic

349 5415 511 5482 habet
545 5415 698 5484 vetus
724 5415 1020 5487 exemplar,
1049 5419 1491 5489 super/eruntur
1540 5415 1677 5481 illis,
1719 5416 1817 5470 hoc
1844 5423 1947 5486 est,

347 5502 507 5554 etiam
537 5498 713 5553 aureis
745 5491 1041 5549 nobiliores
1076 5487 1359 5543 habentur.
1391 5487 1517 5542 Rm.

421 5575 498 5641 (4)
524 5571 601 5627 Ad
628 5565 975 5626 deducendas
1007 5563 1253 5620 thensas.
1283 5562 1549 5618 Thensam
1571 5557 1763 5615 Festus
1789 5557 1947 5615 docet

2056 3630 2145 3758 gis
2196 3630 2522 3688 circensibus
2567 3630 2624 3686 in
2671 3631 2870 3686 circum
2916 3630 2979 3687 ad
3021 3631 3269 3702 pulvinar
3295 3631 3644 3688 vehebantur.

2106 3717 2249 3757 neu.

2106 3717 2249 3757 BEN.

2132 3774 2214 3846 (5)
2238 3775 2597 3846 Conscriptus
2619 3773 2872 3846 inlibris
2908 3775 3061 3831 vitae.
3091 3775 3170 3846 De
3196 3772 3313 3846 istis
3347 3773 3649 3846 quoqueli-

2059 3844 2175 3903 bris
2203 3843 2507 3901 inaudierat
2543 3843 2749 3915 aliquid
2796 3846 3049 3915 Tryphon
3096 3845 3336 3900 Luciani.
3366 3843 3649 3915 'Ait‘enim

2059 3919 2125 3972 ad
2178 3916 2434 3972 Critiam:
2466 3914 2616 3969 Ὥστε
2679 3916 2823 3969 ἔασον
2882 3917 3073 3969 ἅπαντα
3126 3916 3193 3977 ὡς
3238 3917 3321 3967 καί
3359 3935 3411 3968 σε
3451 3914 3496 3967 ἐν
3543 3919 3650 3976 ταῖς

2058 3986 2360 4059 ἐπουρανίοις
2445 3988 2619 4059 βίϐλοις
2715 3994 2815 4041 τῶν
2908 3986 3101 4058 ἀγαθῶν
3210 3988 3589 4059 ἀπογράψωνται
3629 4027 3643 4040 .

2058 4059 2188 4115 RIG.

2127 4129 2208 4201 (6)
2239 4131 2369 4203 Illic
2388 4131 2560 4200 virgae
2574 4145 2661 4203 ea:
2699 4128 2888 4186 radice
2908 4131 3075 4189 Jesse.
3107 4129 3298 4203 Yirgas
3344 4128 3489 4198 dicit,
3523 4130 3649 4203 allu-

2057 4200 2194 4257 dens
2235 4203 2301 4257 ad
2349 4202 2524 4258 fasces
2572 4202 2932 4273 Romanorum
2978 4200 3383 4273 magistratuum
3407 4243 3421 4267 ,
3472 4210 3529 4257 et
3572 4202 3648 4257 sic

2060 4273 2254 4344 legitur
2279 4274 2333 4327 in
2358 4274 2479 4329 cod.
2509 4272 2805 4345 Agobardi.
2838 4274 2962 4329 RIG.

2132 4342 2211 4417 (7)
2249 4347 2384 4417 Tuos
2403 4342 2602 4417 fastos.
2627 4344 2768 4417 Fasti
2795 4354 2949 4417 erant
2977 4342 3099 4397 libri
3120 4342 3457 4401 continentes
3483 4342 3649 4417 totius

2058 4416 2185 4470 anni
2232 4414 2492 4472 rationem
2536 4423 2590 4471 et
2642 4414 2975 4471 celebritates
3015 4433 3029 4468 :
3085 4430 3208 4470 cum
3273 4422 3521 4485 respectu
3577 4415 3644 4469 ad

2060 4488 2425 4559 hosloquitur
2470 4486 2842 4559 Tertullianus.
2892 4486 3236 4559 InAEcclesia
3277 4502 3493 4559 quoque
3523 4493 3649 4540 sunt

2059 4558 2200 4624 fasti,
2258 4556 2328 4614 ne
2385 4570 2439 4614 tu
2494 4556 2907 4627 municipiorum
2958 4557 3123 4613 fastos
3175 4568 3229 4613 et
3282 4556 3648 4614 solemnitates

2060 4646 2206 4686 cura.
2274 4628 2553 4685 Notandus
2607 4626 2735 4684 sane
2789 4626 2938 4682 locus
2982 4628 3049 4683 ad
3105 4643 3311 4684 morem
3371 4628 3645 4693 Ecclesiae,

2059 4718 2181 4773 qua
2227 4700 2536 4757 conferebat
2581 4697 2832 4773 natalitia,
2878 4697 2934 4773 id
2970 4707 3056 4773 est
3089 4699 3286 4773 _obitus
3333 4709 3644 4773 martyrum,

2058 4769 2114 4827 in
2160 4772 2367 4839 fastos;
2415 4786 2555 4841 quos
2613 4771 2777 4841 fastos
2807 4769 3169 4826 ecclesiastico
3215 4771 3433 4827 nomine
3472 4769 3645 4827 voca-

2057 4859 2177 4916 mus
2203 4840 2625 4916 martyrologiq.
2674 4840 2848 4910 Hujus
2890 4842 2967 4897 rei
3016 4850 3095 4899 est
3121 4842 3271 4899 locus
3298 4841 3518 4916 elegans
3543 4844 3648 4915 Cy-

2056 4913 2232 4985 priani
2261 4914 2419 4985 epist.
2453 4917 2540 4969 83.
2572 4913 2700 4968 an.

2129 4987 2204 5053 (8)
2227 4983 2511 5057 Coronant
2534 4988 2590 5039 et
2605 4983 2826 5057 nuptiae
2842 5000 3085 5055 sponsos.
3112 4984 3230 5041 Huc
3250 4986 3481 5057 pertinet
3503 4984 3647 5054 quod

2057 5056 2348 5127 sponsaad
2388 5054 2564 5109 virum
2603 5054 2725 5127 iterg
2754 5054 2963 5125 parans,
2996 5072 3061 5110 ex
3104 5054 3335 5112 verbena
3387 5072 3508 5127 quae
3548 5057 3648 5110 Ve-

2054 5124 2171 5183 neri
2206 5126 2399 5199 dicata
2452 5134 2554 5195 cst,
2622 5124 2926 5199 et_ﬂoribus
2977 5127 3264 5199 herbisque
3309 5143 3339 5181 a
3386 5124 3646 5199 selectis

2055 5198 2310 5254 corollam
2378 5209 2556 5254 texere
2610 5196 2799 5262 soleat,
2867 5213 3091 5269 eamque
3147 5196 3335 5253 secum
3392 5198 3643 5254 deferre:

2054 5285 2178 5324 nam
2209 5278 2390 5340 empta
2424 5276 2641 5339 gestare
2687 5279 2832 5325 serta
2884 5269 3014 5325 vitio
3061 5270 3309 5325 dabatur.
3342 5269 3473 5325 Item
3504 5270 3645 5341 quod

2054 5357 2287 5412 sponsus
2313 5342 2460 5395 domi
2491 5341 2634 5395 illam
2665 5341 2933 5413 operiens,
2966 5351 3153 5409 paratu
3187 5356 3385 5411 magno
3427 5342 3643 5410 januam

2054 5428 2332 5477 coronare,
2366 5414 2638 5482 multaque
2667 5412 2835 5484 lauro
2864 5428 3124 5484 exornare
3153 5413 3343 5478 soleat,
3374 5412 3643 5484 quemad-

2054 5485 2273 5540 modum
2301 5493 2485 5541 auctor
2505 5494 2588 5541 est
2609 5483 2903 5541 Alexander
2921 5483 2990 5538 ab
3021 5484 3173 5539 Alex.
3204 5484 3340 5540 ΡΑιι.
