4036 6172
314 306 400 371 ll?

317 434 510 498 amisisti
539 432 821 490 libertatem
867 428 1087 498 Christi,
1119 446 1278 506 quam
1320 438 1478 504 putas
1516 428 1853 489 servitutem.
1887 439 1934 522 Α

320 526 550 600 Numquid
577 531 624 580 et
650 523 963 597 agonisticaa
983 539 1159 582 causae
1175 524 1590 597 disputabuntur
1609 525 1704 598 (9),
1725 541 1858 600 quas

329 617 471 674 statim
493 613 608 671 tituli
636 613 723 668 sui
759 613 1066 669 damnant?
1097 622 1150 670 et
1180 630 1358 672 sacras
1387 624 1439 673 et
1469 614 1727 672 funebres
1755 615 1861 672 sci-

330 702 444 765 licet,
478 701 560 754 hoc
599 698 739 753 enim
788 708 1040 770 superest
1093 709 1150 754 ut
1199 699 1483 772 Olympius
1520 701 1756 772 Jupiter,
1805 708 1862 756 et

329 791 522 848 Narseus
542 787 828 855 Hercules,
857 796 913 842 et
938 787 1181 844 misellus
1199 786 1312 845 97
1337 789 1703 845 Archemorus
1718 789 1856 859 (10),

325 890 364 933 et
382 878 614 932 Antinous
642 875 833 932 infelix
861 878 978 945 (ll)
1010 877 1065 932 in
1095 877 1398 933 Christiano
1419 884 1768 946 coronentur,
1799 882 1861 931 ut

317 967 403 1038 ipse
463 966 818 1034 spectaculum
895 966 1008 1032 fiat,
1072 967 1217 1038 quod
1287 976 1529 1037 spectare
1601 967 1757 1023 debet
1785 966 1854 1018 55.

317 1057 573 1120 [*niversas,
652 1063 715 1110 ut
798 1056 1049 1122 arbitror,
1118 1073 1312 1114 causas
1399 1057 1856 1113 enumeravimus.

308 1145 393 1201 Nec
436 1145 538 1200 ulla
583 1145 869 1202 nobiscum
919 1153 1004 1202 est
1044 1164 1057 1200 :
1099 1163 1291 1203 omnes
1337 1147 1544 1215 alienae,
1596 1146 1854 1217 profanae,

305 1234 487 1299 illicitae,
535 1234 704 1289 semel
744 1235 861 1304 jam
911 1235 965 1292 in
1031 1235 1349 1292 sacramenti
1401 1233 1686 1291 testatione
1735 1235 1855 1306 eje-

303 1331 425 1377 ratae.
451 1325 566 1378 Haec
593 1323 747 1378 enim
785 1333 939 1380 erant
974 1340 1189 1398 pompm
1227 1323 1425 1380 diaboli
1456 1331 1509 1379 et
1538 1326 1856 1396 angelorum

303 1415 401 1481 ejus
424 1411 604 1478 ofﬁcia,
644 1414 833 1470 saeculi
890 1416 1147 1481 honores,
1186 1414 1570 1480 solemnitates,
1623 1415 1856 1487 papula-

304 1503 471 1566 ritates,
517 1500 640 1558 falsa
687 1511 834 1568 vota,
884 1503 1120 1559 humana
1177 1503 1411 1574 servitia,
1458 1503 1643 1558 laudes
1681 1519 1854 1571 vanae,

305 1590 460 1661 gloriae
489 1601 660 1664 turpes
689 1609 701 1648 :
725 1602 781 1649 et
808 1593 865 1647 in
889 1593 1143 1649 omnibus
1173 1592 1291 1648 istis
1318 1591 1636 1657 idololatria,
1663 1591 1716 1646 in
1739 1592 1854 1647 solo

307 1694 486 1749 quoque
528 1696 682 1735 sensu
739 1697 1064 1737 coronarum
1111 1681 1310 1752 quibus
1341 1681 1521 1736 omnia
1566 1679 1666 1736 ista
1704 1678 1854 1735 redi-

1725 296 1812 360 DB
1865 294 2157 360 CORONA.

3462 296 3564 358 118

2559 427 2780 484 CAPUT
2818 425 2962 484 XIV.

2036 517 2209 575 Tanto
2237 518 2387 575 abest
2432 526 2491 576 ut
2538 519 2696 589 capiti
2727 535 2828 578 suo
2871 537 3068 578 munus
3108 521 3299 582 inferat
3326 523 3559 584 idolola-

1968 609 2104 681 trim,
2131 607 2246 666 98
2274 609 2381 666 imo
2409 612 2518 681 jam
2563 610 2794 667 dixerim
2825 611 3059 679 Christo,
3089 613 3358 685 siquidem
3399 625 3560 686 caput

1965 702 2064 759 viri
2084 699 2334 757 Christus
2365 709 2447 756 est
2477 701 2528 771 (I
2556 703 2677 759 Cor.
2709 716 2791 769 ιι,
2817 702 2892 769 3),
2925 710 3030 757 tam
3063 701 3294 758 liberum
3323 721 3481 774 quam
3505 715 3560 760 et

1966 791 2212 848 Christus
2252 806 2266 848 :
2304 785 2395 845 'ne
2421 789 2724 848 velamento
2762 789 2980 862 quidem
3011 791 3324 857 obnoxium,
3358 793 3559 848 nedum

1965 881 2350 955 obligamento.
2373 881 2542 937 Porro
2573 887 2628 935 et
2655 879 2800 952 quod
2818 881 3112 937 obnoxium
3133 891 3212 938 est
3232 882 3562 954 velamento,

1965 979 2126 1042 caput
2155 969 2390 1035 feminae,
2420 971 2525 1025 hoc
2564 969 2686 1038 ipso
2719 970 2832 1039 jam
2862 979 3204 1041 occupatum,
3257 986 3366 1028 non
3407 981 3560 1030 vacat

1965 1061 2125 1116 etiam
2153 1059 2547 1132 obligameuto;
2579 1059 2743 1115 habet
2770 1059 3094 1117 humilitatis
3125 1077 3237 1116 suae
3267 1061 3556 1118 sarcinam.

1967 1149 2024 1206 Si
2062 1150 2207 1205 nudo
2254 1150 2428 1221 capite
2473 1148 2644 1206 videri
2690 1163 2798 1205 non
2843 1150 3003 1206 debet
3043 1158 3267 1222 propter
3313 1151 3558 1221 angelos,

1967 1237 2136 1293 multo
2176 1237 2348 1309 magis
2388 1246 2676 1293 coronatos
2702 1238 2929 1294 fortasse
2961 1246 3088 1295 tunc
3118 1238 3242 1296 illos
3270 1248 3558 1297 coronatos

1965 1327 2406 1385 scandalizaverit
2434 1327 2621 1399 (15)(Ι
2641 1329 2763 1386 Cor.
2793 1343 2874 1396 ιι,
2905 1328 3012 1399 10).
3044 1328 3188 1396 Quid
3219 1329 3363 1385 enim
3392 1339 3477 1386 est
3506 1331 3559 1386 in

1963 1417 2144 1490 capite
2165 1417 2378 1472 feminae
2408 1431 2626 1482 corona,
2661 1431 2821 1485 quam
2850 1415 3039 1472 formae
3068 1417 3204 1485 lena,
3239 1434 3399 1487 quam
3421 1435 3558 1474 sum-

1965 1521 2054 1561 ma
2084 1505 2315 1561 lascivia:
2340 1513 2486 1572 nota,
2516 1511 2755 1560 extrema
2783 1505 3000 1576 negatio
3038 1507 3395 1572 verecundia,
3427 1522 3549 1562 con-

1963 1593 2113 1651 ﬂatio
2160 1594 2465 1650 illecebrze?
2503 1595 2790 1665 Pr0pterea
2823 1609 2924 1648 nec
2951 1593 3234 1650 ornabitur
3271 1596 3558 1665 operosius

1962 1683 2153 1738 mulier
2182 1699 2249 1739 ex
2277 1681 2524 1754 Apostoli
2570 1689 2878 1752 prospectu,
2929 1689 2990 1737 ut
3017 1697 3115 1738 nec
3159 1683 3387 1739 crinium
3419 1683 3555 1738 arti-

314 1743 425 1821 rnita
458 1779 584 1824 sunt.
615 1771 929 1827 Prtefabitur
965 1743 1183 1843 quidem
1232 1770 1486 1828 Claudius
1540 1770 1699 1826 etiam
1744 1786 1855 1826 coe-
1889 1743 1932 1820 Β
1963 1772 2088 1829 ficio
2117 1743 2426 1830 coronetur.
2469 1743 2585 1840 Qui.
2610 1743 2790 1827 tamen
2820 1743 2874 1825 et
2925 1769 3022 1826 viri
3059 1778 3218 1842 caput
3247 1782 3345 1836 est,
3381 1780 3434 1827 et
3474 1772 3555 1827 fe-

321 1854 418 1908 lum
453 1857 680 1914 sideribus
734 1861 874 1930 apud
917 1860 1136 1916 Homeri
1202 1860 1434 1916 carmina
1494 1873 1850 1927 coronatum;

328 1955 452 2000 certe
489 1963 518 2000 a
554 1949 672 2012 Deo,
713 1959 845 2005 certe
890 1951 1120 2020 homini,
1162 1949 1324 2022 igitur
1372 1957 1424 2004 et
1469 1950 1632 2006 homo
1669 1948 1786 2020 ipse
1823 1963 1854 2002 a

321 2034 418 2088 Deo
455 2040 756 2093 coronandus
819 2048 925 2096 est.
968 2041 1232 2097 Caeterum
1277 2056 1308 2093 a
1345 2039 1542 2094 saeculo
1579 2054 1849 2094 coronan-

312 2132 383 2176 tur
425 2134 471 2179 et
513 2125 778 2195 lupanaria
835 2130 973 2200 (l2),
1024 2138 1079 2184 et
1134 2128 1363 2196 latrinae,
1400 2138 1452 2183 et
1508 2127 1751 2200 pistrina,
1800 2136 1854 2182 et

302 2227 468 2276 carcer,
519 2224 566 2270 et
617 2217 802 2281 ludus,
843 2226 898 2272 et
966 2217 1082 2288 ipsa
1138 2218 1544 2287 amphitheatra,
1619 2222 1671 2270 et
1735 2215 1854 2286 ipsa

294 2300 524 2368 spolieris,
572 2304 824 2378 ipsaeque
877 2305 1122 2364 libitinae.
1187 2304 1359 2374 Quam
1406 2321 1558 2361 sacer
1612 2315 1848 2373 sanctus,

289 2406 516 2461 quamque
540 2394 812 2451 honestus
851 2396 964 2467 (13)
997 2411 1060 2452 ac
1089 2394 1324 2451 mundus
1367 2394 1437 2448 sit
1469 2394 1684 2450 habitus
1722 2393 1846 2461 iste,

287 2478 372 2533 noli
395 2480 454 2536 de
489 2499 590 2539 uno
622 2487 844 2556 poetico
874 2486 1034 2555 coelo,
1068 2487 1159 2540 sed
1191 2485 1257 2540 de
1288 2484 1452 2540 totius
1490 2484 1672 2539 mundi
1703 2498 1850 2538 com-

285 2571 465 2625 merciis
491 2575 785 2630 aestimare.
830 2575 904 2630 At
947 2576 1090 2630 enim
1119 2574 1457 2630 Christianus
1494 2590 1595 2629 nec
1627 2574 1846 2643 jauuam

279 2673 402 2713 suam
431 2662 624 2718 laureis
656 2664 968 2734 infamabit,
999 2664 1044 2718 si
1089 2663 1232 2720 norit
1261 2672 1490 2733 quantos
1516 2664 1646 2719 deos
1683 2664 1845 2718 etiam

273 2749 396 2802 ostiis
423 2751 673 2808 diabolus
719 2752 1012 2820 afﬁnxerit,
1042 2754 1234 2808 Janum
1265 2768 1294 2806 a
1314 2755 1526 2823 janua,
1574 2753 1843 2808 Limenti-

271 2849 370 2890 num
396 2855 424 2892 a
455 2841 686 2906 limine,
731 2842 1023 2898 Forculum
1054 2843 1158 2911 (14)
1191 2849 1248 2896 et
1294 2841 1520 2896 Cardam
1564 2857 1594 2895 a
1623 2842 1845 2912 foribus

269 2935 310 2977 et
333 2929 658 2986 cardinibus
691 2939 747 2986 et
790 2931 932 3002 apud
961 2931 1181 2988 Graecos
1219 2930 1495 3002 Thyreum
1533 2930 1836 3001 Apollinem

263 3021 304 3068 et
328 3018 567 3074 Autelios
599 3020 897 3075 daemonas.

1965 1863 2122 1918 minae
2165 1862 2328 1919 facies
2377 1863 2428 1931 (I
2484 1863 2622 1918 Tim.
2661 1877 2722 1926 II,
2774 1860 2850 1932 5),
2904 1860 2985 1918 vir
3027 1861 3278 1917 Ecclesiae
3309 1862 3553 1917 Christus

1961 1952 2141 2017 Jesus,
2177 1951 2336 2024 quale
2373 1965 2472 2008 oro
2522 1959 2596 2017 te,
2646 1957 2850 2005 sertum
2897 1965 2996 2019 pro
3028 1958 3255 2020 utroque
3285 1965 3418 2005 sexu
3457 1968 3555 2005 su-

1961 2041 2058 2096 biit
2087 2041 2313 2110 (Matth.
2344 2055 2534 2108 xxvrr,
2563 2038 2692 2109 29)?
2722 2039 2798 2094 Ex
2830 2037 3002 2108 spinis
3031 2038 3222 2110 Opinor
3242 2047 3293 2094 et
3324 2039 3554 2106 tribulis,

1961 2131 2015 2185 in
2048 2129 2271 2206 ﬁguram
2300 2131 2614 2186 delictorum
2644 2144 2767 2199 quas
2797 2126 2954 2183 nobis
2984 2127 3206 2197 protulit
3253 2135 3398 2184 terra
3427 2143 3554 2183 car-

1962 2220 2066 2286 nis,
2114 2221 2339 2275 abstulit
2385 2227 2560 2274 autem
2608 2218 2778 2276 virtus
2813 2218 3010 2286 crucis,
3053 2233 3266 2272 omnem
3305 2217 3553 2273 aculeum

1961 2309 2148 2364 mortis
2212 2310 2267 2363 in
2319 2306 2587 2363 Dominici
2653 2307 2847 2378 capitis
2907 2307 3186 2362 tolerantia
3251 2308 3554 2363 obtundens

1961 2399 2072 2467 (Isa.
2101 2413 2220 2464 Lm,
2261 2398 2335 2469 5).
2387 2398 2540 2454 Certe
2583 2405 2778 2468 praeter
2825 2396 3078 2469 ﬁguram,
3126 2396 3453 2452 contumelia
3501 2396 3552 2450 in

1959 2496 2212 2560 promptu
2267 2497 2367 2553 est,
2427 2499 2482 2544 et
2537 2487 2815 2560 turpitudo
2871 2493 2924 2542 et
2961 2485 3330 2556 dedecoratio,
3375 2494 3429 2540 et
3466 2486 3552 2542 his

1958 2578 2186 2649 implexa
2215 2579 2436 2646 saevitia,
2468 2596 2589 2650 quae
2625 2587 2753 2635 tunc
2798 2577 3017 2632 Domini
3062 2585 3310 2648 tempora
3337 2585 3391 2631 et
3441 2577 3546 2632 foe-

1955 2668 2218 2724 daverunt
2249 2674 2303 2724 et
2351 2666 2792 2735 lanciuaveruut;
2845 2667 2921 2722 uti
2971 2674 3028 2720 tu
3067 2681 3212 2722 nunc
3258 2667 3460 2732 laurea,
3494 2671 3548 2722 et

1955 2762 2153 2824 myrto,
2190 2762 2243 2809 et
2289 2753 2428 2821 olea,
2475 2760 2528 2809 et
2573 2753 2764 2809 illustri
2807 2752 2985 2825 aliqua
3030 2752 3245 2822 fronde,
3289 2762 3342 2807 et
3396 2753 3544 2823 quod

1954 2843 2127 2916 magis
2163 2843 2285 2900 usui
2339 2851 2440 2911 est,
2474 2843 2797 2900 centenariis
2839 2858 3054 2914 quoque
3087 2841 3224 2897 rosis
3271 2841 3338 2896 de
3387 2841 3544 2897 horto

1949 2931 2107 2986 Midae
2142 2931 2292 2987 lectis
2329 2932 2466 3003 (16),
2516 2941 2570 2988 et
2619 2930 2738 2987 99
2793 2931 3076 3002 utriusque
3131 2930 3256 2985 liliis
3312 2930 3444 2999 (17),
3490 2940 3544 2986 ct

1869 2997 1911 3074 θ
1941 3019 2191 3075 omnibus
2227 3019 2384 3078 violis
2428 3019 2721 3086 coroneris,
2771 3019 2929 3074 etiam
2979 3018 3209 3092 gemmis
3238 3016 3460 3073 forsitan
3491 3024 3542 3073 et

1644 3090 1832 3156 Varim
1863 3094 2173 3155 lectiones.

313 3167 350 3205 ⁵⁵
366 3167 631 3240 Spectari
660 3185 770 3226 non
807 3171 992 3229 debeat
1017 3173 1196 3232 Rhen.

1643 3243 2139 3309 Commentarius.

301 3322 366 3389 (9)
397 3324 697 3396 Numquid
725 3329 780 3379 et
807 3325 1113 3395 agnosticre
1141 3340 1328 3382 causa
1355 3324 1821 3396 disputabuntur.

250 3389 292 3469 Id
316 3402 388 3448 est
417 3389 654 3469 agones.
695 3389 965 3469 Numquid
1002 3397 1164 3469 etiam
1195 3411 1400 3469 agones
1428 3389 1480 3449 iu
1511 3405 1825 3452 controver-

246 3467 357 3538 siam
400 3467 659 3538 venient,
695 3467 888 3537 inquit,
930 3477 988 3522 ut
1017 3469 1085 3521 de
1115 3467 1182 3522 iis
1208 3468 1366 3522 etiam
1414 3477 1706 3538 quaeratur,
1736 3470 1820 3526 vi-

245 3536 361 3588 laudi
388 3538 495 3590 sint
524 3536 870 3606 Christiano,
910 3555 1076 3594 necne
1095 3542 1122 3592 ἓ)
1164 3540 1284 3595 RIG.

292 3610 396 3678 (10)
411 3612 480 3664 Et
498 3611 772 3683 misellus
791 3609 1179 3666 Archemorus.
1201 3609 1562 3683 Archemorus
1583 3609 1818 3683 Lycurgi

235 3675 414 3735 ﬁliusa
440 3689 710 3749 serpente
764 3682 929 3736 Iasus
957 3683 1133 3737 adhuc
1171 3683 1349 3736 infans
1393 3681 1572 3747 periit,
1615 3675 1679 3735 ἐχ
1729 3675 1817 3736 iri-

234 3750 359 3836 curia
401 3753 644 3836 nutricis
696 3768 806 3807 suae
838 3752 1542 3836 Hypsipyles,nquze.ill‘trm
1594 3751 1643 3806 in
1683 3770 1814 3836 gnra-

233 3822 441 3897 uiinibus
487 3824 822 3897 reliquerat,
873 3822 1152 3897 ostensum
1196 3822 1403 3897 Graecis
1447 3822 1815 3897 laborantibus

230 3894 303 3945 siti
329 3895 588 3965 Langiarrr
615 3894 620 3895 ⁷
645 3895 870 3950 fontem.
912 3894 971 3948 In
1015 3896 1134 3963 ejus
1181 3894 1680 3966 pueriimemoriam
1710 3911 1814 3948 an-

232 3976 517 4041 nuus__agon
550 3966 841 4021 institutus
859 3976 973 4041 est:
999 3975 1052 4020 et
1081 3965 1220 4041 quia
1235 3965 1389 4036 periit
1415 3965 1590 4022 adhuc
1619 3965 1809 4034 infans,

230 4037 473 4092 misellum
504 4050 699 4104 vocat,
730 4053 838 4092 non
880 4037 1152 4094 miserum.
1194 4039 1385 4096 RHEN.

287 4109 391 4179 (11)
423 4111 720 4164 Antinous
747 4109 980 4179 infelix.
1023 4110 1176 4164 Hunc
1203 4109 1474 4164 Adrianus
1507 4108 1682 4163 Caesar
1711 4109 1810 4163 ba-

233 4174 323 4231 huit
368 4174 423 4234 in
462 4180 715 4242 deliciis,
765 4174 820 4234 et
864 4190 969 4233 tam
1013 4187 1194 4235 tenere
1230 4179 1443 4246 dilexit,
1492 4187 1551 4234 ut
1611 4180 1679 4232 ab
1719 4179 1812 4234 illo

230 4247 471 4306 civitatem
512 4251 761 4323 .Egypti
791 4251 1200 4323 cognominarit,
1234 4251 1345 4323 ubi,
1377 4261 1430 4306 et
1467 4266 1696 4323 agonem
1737 4249 1811 4304 illi

231 4323 494 4387 quotannis
549 4308 808 4378 iristituit.
850 4308 1020 4390 Quam
1071 4308 1198 4375 rem'
1233 4322 1286 4376 in
1335 4308 1540 4376 littera?
1588 4322 1814 4392 pulchre

229 4395 388 4466 retulit
418 4394 797 4466 Hegesippus,
840 4394 1106 4450 referente
1135 4393 1196 4448 B.
1246 4391 1601 4466 Hieronymo.
1627 4393 1810 4466 llum.

283 4465 387 4534 (l2)
425 4462 803 4522 Coronuutur
831 4470 885 4522 et
910 4466 1235 4534 lupanaria.
1269 4464 1495 4519 Videtur
1513 4462 1813 4532 intelligere

283 4481 387 4534 (ιτ)
425 4481 803 4522 coronamur
831 4481 885 4522 et
910 4481 968 4520 tu
1009 4481 1235 4520 anaria.
1276 4481 1813 4532 Videturtnreiugerc

224 4545 426 4608 coronas
455 4537 670 4608 quibus
714 4538 851 4591 lares
899 4481 1104 4607 publici
1144 4536 1236 4608 vel
1260 4536 1453 4608 privati
1481 4535 1542 4608 in
1586 4534 1814 4608 singulis

224 4605 447 4678 domibus
477 4605 934 4672 coronabantur,
965 4616 1128 4678 atque
1174 4605 1313 4662 adeo
1344 4615 1397 4662 et
1445 4607 1498 4661 in
1531 4605 1811 4676 lupanari-

227 4672 323 4739 bus,
351 4688 455 4735 etc.
496 4679 649 4735 PAII.

280 4751 384 4819 (l3)
435 4753 631 4821 Quam
679 4764 855 4821 sacer,
895 4753 1160 4821 sanctus,
1199 4765 1474 4821 quamque
1523 4749 1808 4806 honestus.

223 4814 375 4875 Placet
415 4814 642 4877 codicis
679 4820 1024 4875 Divionensis
1050 4814 1326 4889 Scriptura
1360 4814 1394 4877 ;’
1421 4822 1601 4889 Quam
1650 4835 1812 4878 sacer

222 4898 563 4964 sanctusque.
615 4908 782 4963 quam
813 4892 1098 4964 honestus,
1125 4900 1228 4964 etc.
1262 4891 1385 4964 Βία,

276 4966 381 5028 (tt)
422 4961 762 5021 Ferculum.
811 4961 934 5025 Alii,
970 4963 1326 5018 Foreculum.
1366 4963 1490 5018 Βία.

278 5035 384 5100 (15)
419 5035 614 5091 Multo
660 5035 838 5104 magis
879 5037 1175 5089 coronatos
1214 5037 1456 5104 fortasse
1497 5037 1635 5089 tunc
1683 5035 1810 5090 illos

223 5112 494 5178 coronatos
528 5104 1038 5161 scandalizaverit.
1060 5106 1261 5178 Alludit
1284 5108 1348 5159 ad
1379 5105 1564 5178 viginti
1585 5117 1813 5176 quatuor

223 5173 320 5248 illos
362 5179 630 5233 seniores
673 5178 908 5248 coronis,
934 5176 1113 5231 aureis
1152 5173 1463 5248 coronatos,
1505 5173 1704 5248 Apoc,
1737 5193 1808 5240 tv,

225 5243 262 5298 4.
289 5247 340 5300 Si
368 5250 532 5303 nudo
567 5246 744 5320 capite
783 5246 975 5302 mulier
1013 5247 1337 5320 scandalizat
1374 5243 1618 5320 angelos,
1671 5248 1811 5320 mul-

225 5322 264 5367 to
288 5321 457 5391 magis
486 5317 682 5391 capite
722 5327 979 5375 coronato
1018 5317 1468 5375 scandalizaverit
1489 5318 1609 5376 illos
1637 5319 1813 5375 senio-

224 5399 288 5438 res
307 5389 632 5445 coronatos.
654 5389 778 5444 RIG.

254 5531 256 5534 ν
277 5462 381 5526 (16)
407 5464 477 5517 Et
504 5461 661 5533 quod
676 5461 856 5534 magis
873 5461 1004 5516 usui
1024 5467 1108 5518 est
1129 5463 1478 5534 centenariis
1498 5480 1705 5534 quoque
1730 5479 1812 5534 roe

227 5531 280 5580 si:
324 5534 386 5589 de
448 5531 628 5589 horto
691 5533 848 5588 Mida?
907 5535 1084 5589 lectis.
1143 5533 1319 5589 Prima
1355 5531 1520 5588 editio
1571 5531 1812 5588 Rhenani

229 5603 540 5674 scripturam
623 5603 825 5660 codicis
899 5603 1242 5664 Divionensis
1321 5605 1725 5677 repraesentavit
1797 5622 1809 5659 :

1939 3345 1962 3374 α
2013 3320 2315 3380 Centauriis
2354 3335 2572 3394 quoque
2619 3317 2760 3375 roris
2805 3325 2859 3372 et
2911 3316 3146 3394 hortomi
3173 3317 3455 3394 _de_lectis;
3501 3340 3524 3369 ν

1931 3410 2092 3466 quam
2139 3409 2260 3449 esse
2310 3387 2618 3447 mendosam
2658 3403 2819 3444 nemo
2875 3387 3126 3466 ambigit,
3164 3388 3346 3466 Codex
3383 3389 3529 3466 Ago-

1928 3459 2081 3520 bardi
2112 3466 2212 3521 hac
2253 3472 2402 3536 parte
2448 3478 2634 3519 erosus
2663 3470 2867 3517 tantum
2908 3459 3174 3536 servavit,
3213 3481 3238 3512 ‹‹
3283 3462 3347 3536 Et
3375 3459 3523 3536 quod

1927 3537 2102 3611 magis
2348 3536 2524 3611 narint
2553 3548 2768 3611 quoque
2812 3532 2952 3587 rosis
2993 3531 3061 3611 _de
3099 3531 3266 3611 horto
3285 3531 3455 3611 lectis.
3495 3553 3518 3581 »

1927 3602 2050 3664 Cuiv
2068 3608 2305 3679 quidem
2354 3602 2631 3679 scriptura
2684 3604 2846 3658 tidem
2892 3603 3072 3679 potius
3110 3602 3370 3679 adhiberi
3401 3619 3522 3679 __par

1926 3689 2026 3749 est,
2085 3674 2208 3734 cum
2266 3677 2335 3732 sit
2397 3674 2828 3749 membranarum
2892 3675 3053 3749 longe
3105 3674 3519 3749 Divionensibus

1923 3746 2034 3805 illis
2073 3749 2449 3806 vetustiorum.
2508 3750 2692 3818 Itaque
2739 3746 2984 3818 Rhenani
3022 3746 3384 3818 conjecturam
3432 3762 3520 3818 se-

1923 3823 2165 3894 quimur,
2234 3815 3030 3894 legendumque“arbitramur
3098 3836 3121 3865 α
3187 3815 3521 3894 Centenariis

1921 3887 2317 3964 quoque'rosis’
2338 3893 2402 3947 de
2433 3893 2588 3946 horto
2617 3887 2980 3964 Mida:_lectis;
3015 3907 3038 3938 ι
3059 3887 3228 3964 _quo_d
3267 3888 3333 3942 ad
3367 3897 3515 3964 vete—

1921 3957 2226 4020 rem-illam
2273 3965 2594 4033 scripturam
2643 3958 2867 4033 prep‘ius
2912 3957 3136 4014 accedit.
3172 3958 3520 4033 Centeuarias

1921 4045 2098 4092 autem
2167 4050 2315 4090 rosas
2376 4029 2510 4088 dixit
2564 4029 2950 4095 Tertullianus,
2991 4046 3022 4084 a
3078 4037 3294 4084 centum
3354 4029 3514 4094 foliis,

1919 4105 2372 4178 quemadmodum
2430 4106 2484 4159 in
2523 4102 2999 4178 Apologeticohp.
3049 4103 3106 4178 ’_7,
3155 4101 3516 4178 centenarias

1923 4171 2104 4234 (frenas
2143 4194 2173 4231 a
2217 4178 2469 4232 centenis
2500 4171 2783 4237 sestertiis,
2811 4181 2862 4228 et
2903 4171 2995 4226 lib.
3031 4172 3099 4226 de
3149 4172 3352 4236 Pallio,
3385 4188 3514 4242 pag.

1928 4253 2050 4320 138,
2089 4249 2418 4320 Centeuarii
2464 4245 2723 4316 ponderis
2754 4245 2952 4320 lances.
2997 4242 3516 4320 Convenientissime

1923 4314 2104 4376 autem
2148 4319 2284 4374 dixit
2326 4314 2592 4373 coronam
2642 4334 2714 4372 ea:
2757 4316 2915 4378 rosis,
2958 4330 3080 4385 quae
3134 4314 3424 4384 spectaculi
3464 4321 3519 4368 et

1923 4391 2180 4462 spiraculi
2227 4405 2312 4446 res
2357 4400 2458 4454 est,
2507 4389 2608 4462 hoc
2646 4395 2755 4462 est,_
2798 4387 2984 4441 oculos
3036 4385 3222 4462 colore
3254 4394 3326 4462 et_
3361 4401 3518 4439 nares

1923 4455 2092 4519 odore
2137 4461 2387 4530 delectat,
2424 4457 2593 4529 magis
2640 4457 2950 4530 usui_esse_,
3002 4471 3162 4530 quam
3195 4455 3287 4530 de_
3314 4455 3518 4519 laurea,

1924 4542 2123 4606 myrto,
2172 4534 2308 4602 olea,
2363 4525 2454 4586 aut
2501 4525 2691 4606 quavis
2739 4526 2843 4580 alia
2891 4527 3082 4582 illustri
3131 4525 3342 4592 fronde,
3394 4542 3516 4594 quae

1921 4601 2108 4662 oculos
2135 4601 2340 4660 tantum
2373 4602 2569 4674 pascit.
2592 4601 2730 4674 illo.
2905 4667 2915 4674 _
3024 4673 3029 4674 ί
3329 4663 3339 4673 .

1995 4678 2108 4745 (17)
2158 4679 2227 4732 Et
2282 4664 2751 4746 utrisquculiliis.
2791 4667 2950 4722 Albis
2987 4673 3037 4720 et
3067 4664 3392 4746 purpureis.
3437 4664 3516 4719 De

1921 4737 2118 4820 quibus
2137 4754 2264 4820 sunt
2281 4747 2418 4820 apud
2439 4737 2691 4802 Ovidium
2706 4755 2903 4795 versus
2927 4737 3186 4810 praeclari,
3208 4737 3426 4794 Metam.
3452 4752 3510 4803 x,

1923 4817 2012 4874 tibi
2050 4820 2119 4875 de
2157 4817 2460 4890 Hyacintho
2495 4832 2508 4869 ε

2260 4983 2520 5048 Tyrioque
2546 4980 2785 5032 nitentior
2816 4987 2952 5048 ostro

2045 5048 2158 5098 Flos
2192 5041 2368 5109 oritur,
2400 5041 2714 5109 formamque
2744 5043 2878 5108 capit
2905 5055 3056 5108 quam
3086 5041 3288 5109 lilia,__s_i
3319 5055 3420 5092 non

2045 5111 2332 5176 Purpureus
2357 5104 2501 5161 'color
2528 5104 2938 5170 his,'argen'teus'
2960 5114 3091 5156 esset
3124 5106 3178 5155 in
3210 5104 3330 5156 illis.

1920 5245 2104 5316 Itaque
2131 5244 2246 5299 lilia
2276 5259 2545 5316 purpurea
2575 5250 2750 5313 poetic
2787 5247 2910 5316 nata
2948 5239 3016 5295 de
3054 5255 3246 5296 cruore
3275 5238 3512 5316 Hyacin-

1923 5316 1999 5370 thi
2019 5311 2336 5388 fabulantur
2362 5311 2686 5388 Vz'rprzcte'rea
2715 5328 2846 5388 v‘ero
2868 5313 3056 5388 luctus
3087 5322 3142 5366 et
3168 5311 3508 5388 querelarum

1921 5386 2200 5461 inscripta“
2224 5381 2443 5461 syllabis
2459 5401 2548 5461 _Al,
2578 5399 2672 5461 _Ar.
2725 5384 2883 5461 Quod
2913 5381 3293 5461 autemuvulgo
3343 5381 3506 5434 tradi-

1923 5466 2027 5524 tur,
2060 5453 2123 5515 ea
2149 5453 2270 5515 lilia'
2297 5455 2591 5531 signiﬁcari
2636 5455 2937 5531 notissimo
2951 5455 3044 5509 illo
3077 5453 3305 5530 Virgilii_
3326 5465 3505 5531 versu,

1922 5532 2020 5603 Dic
2049 5526 2690 5603 q‘uibusuinr'ter'ris,‘etc,
2725 5529 2823 5581 hoc
2871 5526 3062 5603 falsum
3092 5538 3235 5603 esse,
3263 5526 3309 5602 si
3339 5526 3511 5603 tantu-

1920 5602 2033 5658 lum
2060 5593 2282 5676 digredi
2329 5602 2506 5665 liceat,
2543 5593 3064 5653 demonstrabimus.
3097 5593 3298 5660 Quidni
3327 5600 3506 5648 autem
