4036 6172
383 287 462 354 1‘21
1747 283 1830 348 DE
1867 275 2149 348 CORONA.

3499 283 3604 351 122

384 417 568 491 scriptus
607 409 768 480 cruci;
799 409 1098 472 minoratus
1131 411 1308 488 primo
1338 429 1373 472 a
1427 425 1578 490 patre
1619 413 1892 474 modicum
1925 431 1970 512 Α
2004 413 2164 474 Ιω
2190 415 2440 480 damnas,
2464 413 2754 474 diademati
2787 413 3158 478 destinatum?
3185 417 3332 478 Nam
3362 429 3416 476 et
3441 433 3602 492 reges

393 509 493 582 quid
527 505 632 560 citra
654 503 895 576 angelos,
927 513 982 560 et
1025 503 1098 559 ita
1123 503 1300 578 gloria
1336 513 1386 561 et
1415 507 1622 564 honore
1658 519 1892 564 corona-

395 609 460 656 tus
494 595 622 664 (Pint.
659 607 780 657 vui,
811 596 874 662 6;
927 592 1087 650 Hebr.
1137 597 1308 666 11,7).
1361 595 1416 650 Si
1467 598 1538 652 ob
1577 597 1692 652 haec
1737 603 1898 667 caput

393 691 430 745 ei
451 697 558 741 tuum
582 683 751 748 debes,
783 681 890 738 tale
927 685 974 738 si
1003 692 1162 756 potes
1187 684 1236 739 ei
1267 685 1522 756 repende,
1556 686 1712 758 quale
1738 700 1898 740 suum

387 791 456 848 pro
475 783 540 828 tuo
575 771 758 828 obtulit
787 788 803 825 :
835 779 928 826 aut
957 785 1058 827 nec
1083 773 1308 828 ﬂoribus
1361 775 1654 842 coroneris,
1704 773 1750 829 si
1779 775 1896 845 spi-

379 867 435 920 nis
457 879 537 918 non
565 873 722 932 potes,
757 861 888 934 quia
931 876 1036 915 non
1069 863 1293 918 ﬂoribus
1324 871 1500 934 potes.

904 951 1129 1006 CAPUT
1177 952 1302 1008 XV.

421 1045 554 1098 Serva
591 1041 696 1094 Deo
741 1055 860 1094 rem
909 1055 1064 1094 suam
1113 1040 1502 1098 intaminatam.
1537 1045 1636 1099 Ille
1664 1061 1802 1110 eam,
1851 1046 1895 1100 si

369 1133 490 1198 ioiet,
519 1128 804 1194 coronabit;
837 1129 946 1182 imo
995 1138 1048 1184 et
1077 1129 1220 1198 vult;
1254 1131 1488 1204 denique
1517 1133 1710 1188 invitat
1741 1153 1754 1188 :
1793 1135 1897 1202 Qui

365 1223 538 1284 riserit,
565 1219 744 1292 inquit,
795 1219 930 1276 dabo
991 1221 1046 1276 ei
1087 1237 1356 1278 coronam
1401 1224 1554 1278 vitm.
1589 1226 1720 1282 Esto
1759 1231 1810 1278 et
1839 1231 1896 1279 tu

361 1309 504 1379 ﬁdelis
539 1308 600 1362 ad
641 1311 886 1362 mortem
955 1307 1142 1380 (Apoc.
1193 1325 1254 1374 ll,
1305 1309 1416 1380 10).
1459 1311 1688 1367 Decerta
1735 1320 1789 1367 et
1840 1321 1894 1368 tu

363 1401 519 1452 bonum
559 1412 806 1470 agonem,
837 1398 990 1464 cujus
1018 1413 1278 1453 coronam
1309 1407 1362 1456 et
1399 1399 1694 1470 Apostolus
1725 1419 1892 1475 repo-

363 1487 484 1540 sitam
507 1485 590 1540 sibi
615 1485 808 1540 merito
833 1484 1058 1540 confidit
1087 1485 1160 1558 (Il
1203 1489 1336 1544 Tim.
1373 1505 1454 1555 tv,
1479 1493 1534 1556 7,
1569 1493 1646 1560 8).
1681 1491 1896 1564 Accipit

365 1587 406 1631 et
424 1577 605 1646 angelus
637 1573 880 1630 victoriae
931 1591 1189 1630 coronam
1221 1579 1526 1647 procedens
1577 1580 1631 1636 in
1660 1582 1894 1638 candido

367 1679 495 1735 equo,
534 1672 584 1718 ut
625 1663 864 1720 vinceret
921 1663 1110 1735 (Apoc.
1161 1681 1240 1730 γι,
1291 1668 1368 1737 2).
1435 1669 1506 1722 Et
1551 1667 1689 1724 alius
1744 1667 1897 1724 iridis

2003 521 2104 562 nos
2133 507 2244 563 Deo
2271 515 2323 563 et
2349 507 2494 563 Patri
2522 520 2624 564 suo
2657 505 2776 562 fecit
2805 506 2918 580 (20)
2947 509 3192 565 Christus
3219 509 3376 566 Iesus
3403 508 3596 583 (Apoc.

2003 611 2044 666 t,
2075 599 2134 664 6;
2169 613 2226 666 v,
2273 598 2382 666 10).
2437 595 2579 665 Quid
2613 597 2703 653 tibi
2759 613 2879 654 cum
2917 597 3053 654 ﬂore
3082 598 3383 655 morituro?
3420 599 3599 656 Habes

2003 683 2192 741 ﬂorem
2221 703 2288 742 ex
2321 686 2470 758 virgo
2515 687 2690 752 Jesse,
2723 703 2888 755 super
2934 703 3093 756 quem
3127 694 3236 741 tota
3283 687 3448 742 divini
3479 687 3602 760 Spi-

2003 773 2138 830 ritus
2184 775 2358 845 gratia
2421 775 2684 846 requievit
2723 776 2858 846 (Isa.
2915 791 2996 841 x1,
3047 777 3126 845 l),
3179 775 3362 832 ﬂorem
3419 777 3596 832 incor-

2003 875 2242 932 ruptum,
2305 863 2814 936 immarcescibilem,
2860 864 3250 937 sempiternum
3307 883 3318 920 :
3355 882 3514 936 quem
3548 873 3602 922 et

2003 955 2178 1008 bonus
2223 953 2380 1010 miles
2422 956 2538 1026 (21)
2588 956 2858 1027 eligendo,
2893 953 2946 1010 in
2977 955 3188 1012 caelesti
3237 955 3598 1024 ordinatione,

2001 1041 2320 1114 dignatione
2349 1043 2595 1116 profecit.
2637 1043 2974 1114 Erubescite,
3015 1045 3416 1101 commilitones
3455 1044 3596 1112 ejus,

1999 1132 2111 1201 jam
2161 1147 2269 1187 non
2309 1134 2376 1186 ah
2425 1134 2548 1203 ipso
2589 1133 2892 1202 judicandi,
2927 1134 3022 1187 sed
3073 1135 3142 1188 ab
3180 1133 3360 1206 aliquo
3393 1134 3596 1190 Mithrae

2003 1219 2194 1290 milite,
2237 1219 2330 1292 qui
2379 1235 2501 1276 cum
2531 1219 2772 1278 initiatur
2819 1221 2874 1276 in
2900 1223 3125 1292 spelaea,
3161 1223 3212 1278 in
3241 1223 3432 1278 castris
3477 1237 3602 1278 vere

2005 1309 2368 1372 tenebrarum,
2413 1309 3028 1381 coronam‘interposito
3085 1311 3266 1383 gladio
3304 1311 3410 1366 sibi
3441 1310 3596 1366 obla-

2005 1405 2130 1462 tam,
2187 1397 2340 1466 quasi
2405 1397 2626 1452 mimum
2689 1397 2950 1470 martyrii,
3021 1399 3218 1454 dehinc
3279 1399 3444 1469 capiti
3503 1415 3603 1456 suo

2001 1485 2478 1554 accommodatam,
2529 1494 2777 1540 monetur
2827 1485 2987 1542 obvia
3015 1503 3178 1541 manu
3207 1503 3237 1542 a
3268 1489 3446 1560 capite
3475 1489 3598 1558 pel-

2005 1575 2132 1642 lere,
2183 1585 2236 1631 et
2276 1577 2328 1632 in
2392 1576 2697 1638 humerum,
2745 1574 2790 1630 si
2840 1575 2998 1644 forte,
3047 1575 3356 1644 transferre,
3412 1578 3600 1633 dicens

2005 1667 2250 1722 Mithram
2275 1681 2391 1722 esse
2453 1680 2708 1722 coronam
2765 1681 2937 1730 suam,
2992 1673 3155 1736 atque
3201 1666 3400 1722 exinde
3451 1683 3598 1722 nun-

373 1755 528 1848 ambitu
565 1760 770 1807 ornatur
807 1751 996 1848 (Apoc.
1049 1768 1108 1822 χ,
1168 1755 1244 1848 i),
1299 1754 1500 1811 caelesti
1548 1765 1702 1830 prato
1761 1758 1890 1826 (t8).
1929 1771 1974 1848 Β
2003 1773 2170 1828 quam
2215 1764 2522 1820 coronatur,
2557 1753 2712 1848 idque
2741 1753 2796 1810 in
2853 1755 3066 1848 signum
3117 1755 3278 1848 habet
3309 1756 3378 1810 ad
3407 1756 3604 1826 proba-

383 1839 538 1894 Sedent
559 1851 600 1892 et
619 1839 912 1912 presbyteri
944 1842 1182 1898 coronati
1215 1845 1402 1916 (Apoc.
1435 1847 1601 1914 tv,’4)
1635 1847 1894 1902 :eodem-

387 1947 468 2000 que
491 1945 594 1984 auro
615 1937 654 1984 et
677 1931 789 2000 ipse
829 1930 1000 1986 Filius
1039 1932 1276 1988 hominis
1306 1951 1470 2004 supra
1501 1936 1700 1992 nubem
1738 1937 1898 1993 micat

381 2021 529 2090 (Aper.
557 2033 648 2086 κη’,
679 2021 788 2088 ti).
823 2020 882 2076 Si
923 2020 1056 2074 tales
1086 2020 1352 2092 imagines
1387 2025 1438 2078 in
1461 2024 1688 2091 visione,
1714 2028 1899 2096 quales

373 2109 570 2162 veritates
619 2108 664 2162 in
729 2110 1262 2180 repraesentatione?
1317 2111 1438 2167 illas
1507 2114 1710 2182 aspice,
1779 2113 1900 2168 illas

361 2195 506 2248 odora.
553 2191 676 2261 Quid
711 2207 882 2268 caput
923 2198 1219 2268 strOphiolo
1255 2206 1347 2256 aut
1390 2199 1728 2258 dracontario
1782 2201 1896 2272 (19)

2007 1846 2207 1901 tionem
2273 1845 2382 1912 sui,
2413 1843 2586 1900 sicubi
2633 1851 2868 1899 tentatus
2925 1842 3086 1898 fuerit
3121 1843 3188 1898 de
3217 1853 3552 1900 sacramento
3584 1861 3600 1899 :

2005 1935 2290 2006 statimque
2328 1933 2564 1989 creditur
2611 1932 2824 1987 Mithrae
2856 1931 3034 2000 miles,
3067 1932 3112 1988 si
3142 1933 3402 2002 dejecerit
3439 1946 3598 1988 coro-

2005 2039 2152 2087 nam,
2203 2023 2245 2077 si
2276 2038 2392 2076 eam
2443 2021 2498 2076 in
2525 2019 2640 2075 Deo
2681 2035 2780 2074 suo
2827 2036 2947 2074 esse
2975 2020 3191 2074 dixerit.
3223 2023 3602 2090 Aguoscamus

2005 2111 2224 2184 ingenia
2265 2111 2484 2172 diaboli.
2529 2109 2730 2166 idcirco
2778 2109 3030 2181 quaedam
3071 2111 3140 2166 de
3187 2109 3384 2166 divinis
3423 2109 3597 2164 affec-

2003 2201 2184 2266 tantis,
2233 2207 2291 2254 ut
2321 2213 2419 2254 nos
2464 2199 2533 2254 de
2558 2212 2778 2254 suorum
2827 2197 2932 2254 fide
2961 2197 3258 2256 confundat
3295 2208 3350 2256 et
3374 2199 3596 2270 judicet.

1707 2319 2210 2382 Commentarius.

347 2419 416 2490 qui
455 2437 534 2476 rex
567 2437 854 2496 nunquam
895 2423 1096 2488 fuerit;
1145 2423 1290 2495 quod
1349 2423 1702 2496 Virgilianum
1744 2443 1886 2492 esse,

345 2509 492 2567 parum
515 2566 520 2567 ί
541 2495 670 2548 mihi
703 2495 939 2550 'videtur
971 2497 1246 2563 probabile
1277 2514 1288 2549 :
1341 2495 1468 2567 quid
1528 2497 1572 2551 si
1602 2507 1780 2552 autem
1837 2507 1890 2552 et

341 2561 488 2636 Ajacis
511 2566 662 2620 istius
705 2581 908 2621 nomen
956 2561 1024 2620 de
1061 2568 1192 2622 ﬂore
1221 2561 1628 2636 expu-ngimus‘?
1663 2570 1890 2625 Obstarc

339 2634 518 2710 videtur
557 2637 808 2702 Ovidius,
856 2653 977 2692 cum
1037 2639 1130 2700 ait,
1183 2634 1372 2694 mediis
1409 2634 1886 2710 foliisinscriptam

335 2719 432 2782 esse
457 2707 670 2782 litteram
705 2724 1048 2782 communem
1081 2710 1375 2782 Hyacintlio
1415 2723 1466 2764 et
1499 2711 1670 2780 Ajaei,
1719 2707 1888 2782 puero

333 2777 539 2855 viroque,
609 2781 848 2833 litteram
905 2777 1600 2855 scilicet'l‘unestam,_iseu
1656 2777 1886 2855 lugubre

331 2847 650 2923 epigramma.
703 2865 782 2912 Al,
813 2867 892 2916 Al,
941 2862 1004 2923 ut
1029 2851 1329 2920 Hyacintlto
1375 2847 1596 2923 quidem
1647 2847 1886 2910 situnota

325 2933 400 2970 seu
423 2921 594 2994 littera
649 2923 906 2992 querelae,
943 2921 1414 2994 Ajztcitnomiuis.
1467 2925 1574 2980 Sed
1614 2926 1882 2994 objectio-

327 3003 420 3043 ncm
447 2991 588 3069 hanc
619 3007 865 3069 amovere
913 2991 1052 3048 haud
1081 2993 1304 3069 difficile
1332 2993 1494 3069 fuerit
1525 2991 1885 3069 cogitantibus

325 3075 392 3112 eas
447 3061 660 3136 litteras
711 3064 908 3119 luctum
967 3065 1312 3136 querelamve
1394 3061 1679 3122 denotasse
1737 3067 1888 3136 prius

324 3147 466 3209 quam
493 3135 758 3209 _Aj_acem;
793 3136 914 3200 imo,
963 3135 1060 3209 nec
1106 3151 1203 3206 pro
1245 3137 1413 3209 Ajace
1445 3139 1664 3209 quidem
1697 3135 1750 3192 in
1779 3137 1883 3192 ﬂo-

319 3203 448 3279 ribus
487 3203 604 3279 istis
661 3207 1066 3279 usurpari,_nisi
1107 3203 1214 3276 per
1243 3203 1479 3276 lu’ctumi
1511 3211 1728 3264 nomine
1767 3209 1884 3279 ipso

317 3275 472 3341 Ajacis
517 3277 722 3350 luctum
771 3275 1330 3350 s’ignilicante,atque
1376 3279 1502 3334 inde
1540 3279 1734 3336 Ovidio
1785 3275 1884 3334 ua-

319 3353 410 3423 tam
449 3347 788 3423 occasionem
824 3347 1186 3423 'vaticinandi,
1219 3347 1334 3405 fore
1379 3359 1594 3421 tempus
1626 3367 1736 3422 quo
1767 3351 1883 3405 for-

317 3417 528 3490 tissimus
561 3421 724 3490 heros
773 3420 1006 3490 lugubre
1036 3436 1196 3474 suum
1239 3435 1433 3475 nomen
1462 3417 1624 3476 addat
1645 3417 1704 3476 in
1743 3423 1888 3478 hunc

315 3485 481 3562 limem
502 3490 610 3562 jam
642 3485 954 3562 lugubrEm.
985 3491 1074 3546 Sic
1103 3501 1278 3546 autem
1309 3491 1445 3560 ﬁeri,
1479 3503 1538 3548 ut
1567 3493 1622 3547 in
1653 3493 1887 3562 Hyacin-

315 3557 392 3634 tbo
417 3559 540 3614 nihil
592 3557 832 3634 lugubre
883 3562 1114 3632 legatur,
1145 3571 1290 3634 certe
1321 3557 1450 3616 nihil
1501 3557 1730 3634 regium.
1773 3565 1884 3618 Pli-

313 3629 434 3704 nius,
461 3647 574 3704 cap.
641 3629 728 3694 ft,
773 3633 865 3686 lib.
925 3629 1020 3687 ixr
1054 3652 1066 3688 :
1103 3629 1147 3682 ’c
1193 3629 1888 3704 Hyacinthum'comitatur

315 3697 476 3776 fabula
497 3697 740 3776 luctuum
791 3705 1100 3776 ejus‘quem
1143 3697 1342 3776 Apollo
1371 3705 1648 3775 dilexerat,
1680 3715 1733 3761 et
1761 3707 1888 3774 Aja-

312 3773 380 3822 cis
406 3787 424 3824 ι
461 3773 532 3846 ita
574 3773 1008 3829 discurrentibus
1059 3773 1228 3846 venis,
1261 3785 1317 3830 ut
1345 3773 1656 3832 Graecarum
1685 3773 1888 3832 littera-

311 3855 412 3894 rum
442 3841 646 3916 ﬁgura,
683 3860 740 3899 tu
785 3861 862 3916 At,
897 3847 1111 3916 legatur
1159 3841 1496 3916 inscriptum.
1543 3869 1565 3899 ι
1603 3851 1682 3904 De
1711 3848 1886 3905 nomi-

313 3924 374 3964 ne
397 3913 562 3981 Ajaeis
587 3915 844 3988 lugubri,
875 3913 991 3987 ipse
1018 3917 1158 3987 Ajax
1189 3913 1341 3988 apud
1364 3919 1666 3991 Saphoclen
1701 3938 1716 3975 :

427 4075 504 4149 ξι,
529 4075 622 4138 ΑΙ,
657 4075 728 4149 tt;
759 4075 818 4126 div
849 4085 958 4128 ποτ’
988 4076 1092 4146 ᾤεθ’
1123 4072 1214 4128 ὧδ’
1248 4077 1504 4149 ἐπώνυμον

431 4145 528 4197 Τοῦ
559 4146 650 4216 μὲν
681 4145 907 4208 ξυιοοῖσειν
939 4145 1086 4216 Evoti:
1115 4151 1218 4208 τοῖς
1249 4147 1382 4220 ἐμοῖς
1411 4145 1615 4220 5:12:qu;

431 4217 528 4292 ξῖῦν
555 4219 656 4287 γὰρ
685 4221 892 4288 πάρεστι
917 4220 998 4271 καὶ
1022 4221 1094 4280 δὶς
1123 4217 1302 4281 uidisti:
1327 4219 1436 4292 ἐμοὶ

429 4287 522 4340 Καὶ
550 4289 680 4359 τρίς.

305 4406 380 4484 Sic
405 4411 544 4490 apud
613 4411 893 4490 Theocriti
935 4413 1309 4482 interpretem.
1351 4413 1524 4490 ldyll._
1551 4413 1622 4490 X_.
1669 4415 1890 4490 Eupho-

307 4483 404 4554 rion
435 4483 486 4536 in
527 4483 680 4536 luctu
709 4483 946 4536 zEacidae
995 4500 1322 4554 purpuream
1371 4485 1722 4554 hyacintlium
1751 4483 1888 4538 allo-

303 4551 470 4625 guitur
518 4554 846 4624 λεγραμμένα
885 4551 1170 4607 attentionem
1209 4573 1220 4611 :
1266 4551 1461 4625 nempe
1500 4556 1552 4609 in
1600 4555 1892 4625 hyacintho

305 4616 506 4692 legebat
553 4616 930 4696 n'on'regium
989 4641 1184 4680 nomen
1215 4616 1470 4689 (Eacid'te,
1517 4616 1892 4696 sed-lugubre

301 4704 656 4768 carmen,__At,
704 4709 782 4749 Αι.
837 4697 951 4768 Nec
1006 4697 1116 4751 alio
1167 4713 1334 4752 sensu
1389 4697 1732 4768 accipiendas
1763 4706 1894 4767 puto

301 4765 510 4842 easdem
544 4765 774 4842 litteras,
807 4781 884 4834 Al,
915 4767 968 4820 in
1017 4783 1230 4842 gemma
1259 4769 1457 4842 veteri,
1487 4765 1608 4840 quae
1646 4765 1892 4842 humanae

301 4835 476 4902 ﬁgura:
547 4836 608 4890 in
667 4839 850 4890 ﬂorem
917 4835 1238 4912 transeuntis
1299 4835 1584 4912 imaginem
1653 4840 1890 4912 exhibet,

299 4915 671 4980 servaturque,
715 4923 884 4980 penes
971 4909 1146 4965 virum
1209 4909 1708 4980 [iimstantissimtim
1767 4911 1888 4965 Nic.

297 4971 518 5052 fabrum
552 4971 932 5052 :Peiréscium.
991 4981 1173 5051 Atque
1210 4971 1272 5035 ex
1331 4981 1414 5036 his
1451 4985 1664 5052 Opinor,
1720 4983 1896 5036 mani-

297 5045 478 5102 festum
541 5049 636 5104 fiet
679 5049 812 5104 satis
857 5067 1052 5107 vanam
1083 5045 1288 5110 eorum
1331 5069 1454 5110 esse
1487 5045 1892 5124 conjecturam,

1999 2423 2094 2496 qui
2141 2422 2286 2496 quod
2341 2422 2407 2496 in,
2443 2422 2570 2496 lilio,
2611 2439 2904 2496 purpureo,
2960 2431 3242 2496 poetarum
3291 2423 3597 2494 hyacintho,

1998 2495 2204 2550 Graecis
2251 2494 2442 2550 litteris
2470 2494 2664 2562 legitur
2709 2494 3022 2565 inscriptum
3059 2511 3110 2549 AI
3137 2511 3214 2560 Αι,
3249 2496 3470 2550 nomina
3501 2513 3594 2550 re-

1997 2583 2120 2638 gum
2175 2582 2294 2622 esse
2349 2565 2702 2632 arbitrantur,
2749 2567 2980 2636 pastoris
3012 2567 3294 2638 Virgiliani
3324 2569 3594 2624 versiculo

1998 2637 2390 2693 subintellecta.
2426 2639 2550 2694 Καὶ.

2067 2738 2136 2782 -έ
2187 2711 2440 2782 Utrisque
2490 2711 2628 2766 [iliis
2650 2714 2704 2763 ct
2723 2710 3203 2782 omnibusipiolis.
3253 2709 3342 2764 Sic
3389 2707 3444 2761 in
3493 2707 3599 2763 fine

1997 2777 2120 2834 libri
2172 2783 2236 2836 dc
2287 2777 3109 2852 spectat...spectaculadixit
3160 2791 3388 2852 utraque
3435 2795 3598 2835 cavea

1920 2869 1962 2946 ε
1995 2861 2048 2905 et
2081 2853 2226 2905 omni
2257 2850 2429 2908 stadio
2467 2851 2705 2946 gratiora
2737 2853 2874 2906 Alba
2903 2850 3014 2906 lilia
3045 2859 3166 2906 sunt
3189 2850 3590 2920 cont‘cssorum,

1999 2938 2267 2990 purpurea
2297 2923 2610 2991 martyrum.
2647 2923 2770 2976 R16.

2064 2993 2180 3067 (ιβ)
2199 2997 2276 3067 _Et
2297 2996 2443 3048 ali-us
2475 2995 2640 3048 iridis
2663 2993 2882 3067 ambitu
2907 2999 3150 3067 ornatus
3169 2995 3380 3050 cwiesti
3403 2999 3595 3067 prato.

1995 3063 2290 3136 SicAhabﬂet
2329 3073 2476 3136 vetus
2524 3065 2817 3136 exemplar.
2859 3063 3143 3136 Eleganter
3182 3077 3356 3136 autem
3403 3063 3457 3121 et
3494 3083 3596 3136 ap-

1997 3133 2166 3203 posite
2209 3133 2496 3206 Septimius
2549 3135 2738 3188 iridem
2807 3135 3136 3206 nuncupavit
3185 3135 3399 3190 cmleSte
3469 3133 3595 3206 pra-

1999 3219 2132 3269 tum,
2183 3206 2253 3260 ob
2299 3205 2538 3274 speciem
2583 3203 2856 3275 smaragdi
2893 3203 3070 3275 instar,
3107 3203 3592 3275 viridantem.‘Sic

1994 3275 2132 3330 enim
2167 3276 2218 3329 in
2261 3273 2480 3345 Apocal.
2533 3273 2954 3346 describuntur:
2989 3273 3080 3328 Καὶ
3107 3273 3200 3346 ἶρις
3227 3277 3457 3328 κυκλόθεν
3509 3282 3594 3329 τοῦ

1993 3349 2162 3418 θρόνου
2191 3348 2344 3419 ὁμοία.
2363 3348 2530 3417 ὁράσει
2562 3349 2904 3419 σμαρᾳγδινῷ.
2931 3345 3056 3402 RIG.

2067 3421 2180 3491 (19)
2225 3416 2520 3491 'Cuputﬂin
2555 3416 2870 3491 strephiolo‘
2910 3423 3014 3491 aut
3044 3416 3434 3491 dracontario,
3487 3417 3593 3491 Tc—

1995 3489 2278 3543 nuioribus
2309 3488 2544 3544 'scilicet
2603 3488 2819 3544 coronis
2865 3489 3164 3542 utebantur
3232 3489 3460 3557 antiqui,
3509 3489 3596 3542 in-

1996 3561 2112 3629 quit
2153 3560 2373 3626 Plinius,
2413 3559 2652 3626 strophia
2689 3558 3042 3627 appellantes,
3085 3560 3228 3614 unde
3267 3559 3592 3630 strephiola.

1995 3633 2160 3686 Porro
2192 3631 2586 3686 draconlarium
2633 3630 2846 3685 videtur
2884 3633 3005 3700 ejus
3047 3630 3232 3686 saeculi
3271 3630 3594 3690 vocabulum

1997 3701 2167 3756 fuisse
2201 3717 2297 3770 pro
2326 3703 2558 3758 corolla.
2585 3703 2771 3758 RttEN.

2064 3799 2137 3816 —
2178 3773 2290 3842 Ego
2339 3789 2463 3828 vero
2504 3781 2630 3842 puto
2659 3773 3060 3828 dracontarium
3116 3787 3371 3829 coronam
3431 3773 3593 3828 intel-

1995 3843 2086 3914 ligi
2115 3843 2432 3908 confectam,
2483 3855 2574 3898 aut
2601 3859 2666 3899 ex
2697 3843 2968 3899 dracontia
3017 3846 3180 3899 herba
3213 3845 3458 3900 antidoto
3488 3844 3590 3898 ad-

1994 3931 2181 3970 versus
2238 3931 2460 3978 venena,
2511 3915 2662 3984 cujus
2725 3915 2970 3970 meminit
3035 3915 3240 3970 Plinius
3293 3917 3386 3970 lib.
3435 3931 3592 3982 xxrv,

2003 4001 2124 4058 cap.
2191 3989 2274 4054 t9,
2324 3994 2418 4058 aut
2462 4001 2530 4040 ex
2590 3987 2822 4058 gemmis
2869 3986 3238 4044 draconilibus
3285 3987 3352 4042 de
3395 3989 3595 4056 quibus

2003 4055 2148 4110 idem
2177 4059 2259 4111 Pl.
2299 4057 2391 4111 lib.
2425 4055 2650 4126 xxxvii,
2683 4073 2733 4113 c.
2767 4059 2852 4112 10.
2888 4059 3025 4112 Pw.

2073 4155 2142 4168 —
2171 4131 2282 4186 Aut
2339 4129 2722 4184 dracontario.
2775 4129 3047 4183 Catenulte
3086 4135 3210 4182 sunt
3257 4127 3595 4184 dracontaria

2003 4214 2066 4271 ex
2097 4215 2230 4254 auro
2284 4207 2578 4271 argentove
2616 4207 2712 4254 aut
2755 4199 2914 4271 etiam
2963 4199 3064 4253 alia
3112 4199 3331 4271 materia
3379 4199 3433 4252 in
3479 4215 3595 4254 mo-

2005 4269 2134 4326 dum
2166 4269 2414 4326 draconis
2469 4269 2681 4326 efﬁctas.
2731 4269 2946 4325 Monilia
3001 4280 3156 4325 vocat
3189 4270 3452 4326 dracones
3479 4271 3592 4326 Lu-

1927 4313 1972 4389 D
2002 4341 2209 4414 cianus,
2237 4341 2350 4403 τοὺς
2377 4339 2484 4410 περὶ
2511 4343 2763 4411 καρποῖςῆ
2794 4341 3036 4413 βράχίοσι,
3068 4343 3356 4414 δράκοντας.

3105 4413 3182 4466 Le
3211 4415 3309 4468 Pu.

2073 4485 2185 4554 (20)
2219 4485 2358 4539 Nam
2375 4489 2431 4539 et
2453 4500 2602 4554 reges
2633 4499 2732 4554 nos
2764 4481 2872 4554 Deo
2894 4487 2950 4538 ct
2979 4485 3142 4554 Patri
3171 4500 3270 4540 suo
3293 4483 3596 4554 [geiLHoc

2001 4551 2309 4626 smpissime
2341 4551 2540 4626 ingerit
2585 4553 2893 4620 Septimius,
2947 4551 3230 4626 sublimem
3279 4552 3594 4626 Christiana:

2003 4621 2215 4680 familize
2259 4621 2598 4694 dignitatem,
2637 4639 2792 4693 quam
2839 4631 2893 4676 et
2941 4623 3200 4694 praeclare
3258 4621 3448 4694 extulit
3490 4624 3594 4694 Ju-

2003 4697 2176 4750 stinus
2233 4691 2491 4750 adversus
2549 4691 2930 4764 Thr—yphonem
2973 4693 3104 4746 Jud.
3145 4691 3484 4764 ἀρχιερατικὸν
3539 4693 3596 4746 τὸ

2005 4766 2228 4834 ἀληθινὸν
2247 4767 2380 4836 γένος
2399 4765 2544 4837 ἐσμὲν
2565 4772 2650 4819 τοῦ
2673 4765 2819 4818 Θεοῦ.

2079 4839 2193 4907 (2t)
2231 4834 2400 4906 Quem
2443 4834 2501 4892 et
2557 4840 2729 4894 bonus
2767 4837 2952 4891 miles.
3013 4835 3276 4907 Loquitur
3315 4835 3382 4890 de
3433 4834 3595 4889 milite

2004 4906 2104 4964 isto
2151 4911 2244 4981 qui
2283 4924 2536 4964 coronam
2581 4909 2634 4981 in
2681 4923 2863 4974 manu,
2897 4921 3006 4960 non
3047 4906 3118 4960 in
3153 4906 3351 4981 capite,
3409 4919 3596 4980 gesta-

2003 4979 2183 5050 verat,
2205 4983 2272 5036 ob
2303 4996 2420 5035 eam
2453 4996 2564 5034 rem
2595 4979 2650 5034 in
2688 4995 2959 5036 carcerem
2990 4983 3196 5050 raptus.
3225 4979 3409 5034 RHEN.
