4042 6172
418 254 518 318 123
1111 258 1549 320 TERTULLIANI
1588 260 1850 323 OPERUM
1890 264 1947 325 Pl

2050 266 2059 324 ἰ
2092 266 2156 325 lI.
2204 297 2267 310 -
2306 267 2531 330 SERIES
2567 270 2609 340 Ι,
2652 270 2997 335 POLEMICA.
3604 284 3699 346 124

417 382 3695 424 Ἢ

615 654 765 805 Q,
908 653 1397 785 SEPT.
1572 657 2077 790 FLOR.
2211 665 3481 805 TERTULLIANI

1876 934 2236 1021 LIBER

1147 1155 1296 1254 DE
1373 1150 1715 1259 FUGA
1788 1157 1912 1263 IN
1985 1158 2949 1271 PERSECUTIONE.

459 1641 882 1700 ARGUMENTUM.
906 1673 973 1685 —
1003 1644 1161 1700 Liber
1188 1646 1256 1703 de
1286 1649 1436 1718 Fuga
1464 1664 1528 1701 in
1554 1654 1962 1720 persecutione,
1994 1650 2095 1706 hac
2129 1650 2241 1721 jam
2268 1649 2509 1707 fervente
2539 1666 2677 1707 anno
2714 1654 2816 1707 202
2848 1652 3099 1725 scriptus,
3136 1653 3452 1712 Tertulliani
3485 1656 3694 1730 ingenii

385 1731 539 1788 valde
576 1735 845 1807 praefracti
875 1736 1167 1792 etiamnum
1198 1737 1413 1811 signum
1445 1747 1545 1803 est,
1580 1738 1635 1794 in
1669 1755 1780 1811 quo
1809 1741 2158 1797 Paracletum
2187 1742 2425 1798 Montani
2459 1743 2629 1812 palam
2660 1743 2851 1799 astruit
2883 1761 2897 1799 :
2934 1744 3175 1800 nondum
3207 1752 3382 1801 tamen
3412 1747 3466 1801 in
3497 1748 3693 1804 Catho-

381 1821 515 1879 licos
542 1825 690 1879 velut
726 1826 1021 1897 Psychicos
1059 1826 1292 1883 insultat.
1324 1829 1445 1883 Non
1476 1828 1654 1899 inepte
1678 1830 2005 1886 recentiores
2036 1830 2203 1887 critici
2231 1832 2555 1888 arbitrantur
2585 1833 2724 1888 hunc
2755 1840 3033 1890 tractatum
3072 1835 3326 1891 eumdem
3356 1852 3479 1893 esse
3520 1854 3685 1909 quem

382 1911 435 1966 in
457 1913 548 1969 lib.
582 1916 647 1972 de
673 1918 1038 1986 Corona,cap.
1073 1921 1124 1985 1,
1154 1931 1212 1972 se
1240 1917 1508 1975 editurum
1532 1918 1778 1991 promisit
1806 1920 1871 1978 de
1906 1922 2313 1991 Qucestionibus
2339 1924 2778 1993 Confessionum,
2799 1924 2983 1996 utique
3005 1931 3190 1979 contra
3219 1933 3463 1996 pastores
3493 1937 3693 1998 tempo-

381 2019 438 2057 re
461 2007 888 2074 persecutionum
922 2024 1142 2080 gregem
1170 2025 1325 2063 suum
1353 2009 1684 2066 deserentes.
1719 2009 1849 2065 Orta
1870 2012 2005 2066 inter
2026 2011 2355 2068 Christianos
2384 2014 2730 2070 contentione
2759 2030 2825 2070 an
2881 2014 3279 2083 persecutionis
3322 2023 3567 2085 tempore
3594 2018 3686 2072 fu-

379 2108 526 2163 gere,
560 2102 652 2149 aut
684 2112 814 2152 auro
844 2105 1135 2168 argentove
1162 2098 1497 2154 vexationem
1529 2100 1797 2155 redimere
1835 2102 1904 2155 sit
1938 2101 2165 2167 licitum,
2198 2102 2588 2171 Tertullianus,
2608 2118 2729 2159 cum
2766 2103 2832 2159 de
2854 2105 2952 2159 hac
2972 2105 3268 2174 quaestione
3288 2120 3380 2160 ore
3408 2116 3562 2161 tenus
3585 2122 3690 2162 non

380 2182 839 2251 nihil'dissercret,
873 2187 1233 2258 interrogatus
1261 2204 1292 2243 a
1321 2189 1486 2244 Fabio
1516 2189 1749 2260 quodam
1784 2189 2029 2244 familiari
2055 2232 2067 2255 ,
2100 2191 2317 2245 demum
2357 2192 2499 2247 hunc
2530 2202 2817 2247 tractatum
2849 2193 3102 2257 exaravit,
3140 2193 3193 2247 in
3228 2209 3336 2264 quo
3366 2195 3471 2249 late
3503 2204 3690 2251 contra

378 2275 708 2331 orthodoxos
746 2278 974 2347 probare
1000 2289 1246 2347 conatur,
1277 2280 1537 2337 ministris
1565 2280 1662 2334 Dei
1692 2280 1745 2334 in
1768 2282 2142 2350 persecutione
2172 2297 2272 2337 nec
2300 2282 2613 2353 fugiendum
2645 2299 2784 2349 esse,
2817 2299 2917 2338 nec
2947 2283 3383 2355 persecutionem
3413 2297 3688 2342 numerata

378 2364 606 2432 pecunia
635 2367 1022 2439 redimendam,
1052 2368 1192 2424 inter
1218 2378 1407 2425 caetera
1436 2369 1510 2425 ita
1529 2370 1798 2425 disserens
1838 2388 1849 2423 :
1877 2372 1936 2427 Si
1954 2374 2179 2428 constat
2209 2389 2245 2426 a
2264 2388 2370 2444 quo
2401 2376 2713 2445 persecutio
2745 2376 2989 2443 eveniat,
3021 2391 3315 2447 possumus
3335 2376 3456 2446 iam
3475 2379 3692 2433 consul-

380 2456 657 2513 tationem
681 2460 844 2537 tuam
862 2459 1145 2526 inducere,
1176 2465 1232 2516 et
1261 2461 1645 2517 determinare
1673 2477 1745 2516 ea:
1775 2462 1871 2519 hoc
1897 2462 2016 2533 ipso
2046 2465 2408 2533 pertractata
2438 2464 2777 2536 fugiendum
2800 2466 2861 2518 in
2887 2465 3277 2537 persecutione
3306 2482 3423 2520 non
3463 2482 3597 2523 esse.
3624 2468 3684 2523 St

376 2547 527 2601 enim
544 2536 860 2619 persecutio
881 2565 915 2603 a
934 2552 1039 2605 Deo
1060 2552 1431 2617 evenit,nullo
1447 2552 1605 2607 modo
1626 2552 1962 2622 fugiend-um
1983 2552 2096 2607 erit
2117 2553 2260 2624 quod
2276 2570 2310 2607 a
2334 2553 2442 2610 Deo
2464 2555 2833 2611 euenit.Sicut
2855 2554 3066 2626 duplex
3085 2556 3233 2611 ratio
3254 2555 3523 2625 defendit,
3550 2559 3685 2627 quia

374 2651 555 2707 neque
574 2638 765 2694 debeat
786 2639 1047 2707 devitari,
1068 2657 1243 2713 neque
1273 2640 1432 2697 evadi
1441 2643 1636 2712 possit,
1662 2642 1804 2713 quod
1819 2657 1853 2694 a
1874 2645 1979 2697 Deo
2001 2644 2205 2698 evenit.
2227 2644 2344 2697 Non
2362 2643 2514 2699 debet
2535 2643 2799 2707 devitari,
2820 2645 2953 2714 quia
2972 2645 3143 2700 bonus
3157 2663 3174 2709 ;
3188 2660 3406 2701 necesse
3426 2650 3509 2700 est
3530 2648 3684 2701 enim

366 2722 574 2783 bonum
600 2744 712 2785 esse
734 2745 897 2785 omne
916 2730 1056 2800 quod
1083 2732 1188 2787 Deo
1219 2732 1403 2786 visum
1430 2735 1535 2785 est.
1559 2759 1630 2771 —
1649 2730 1873 2795 Caetera,
1906 2746 2026 2801 quae
2053 2730 2107 2785 in
2129 2747 2244 2786 sum
2264 2733 2544 2787 sententiae
2564 2726 3195 2789 confirmationem‘addit
3227 2734 3471 2803 pluribus
3502 2750 3679 2804 perse-

369 2814 461 2882 qui
492 2816 659 2887 piget;
691 2818 926 2888 quisque
954 2820 1099 2873 enim
1130 2819 1284 2874 facile
1306 2819 1575 2891 intelligit,
1609 2819 1846 2876 insanire
1863 2819 2066 2875 ibidem
2084 2821 2474 2876 Tertullianum
2504 2832 2609 2875 tam
2650 2823 2831 2894 inepta
2861 2822 3339 2893 argumentatione,
3372 2823 3454 2878 cui
3486 2823 3683 2880 Christi
3740 2862 3761 2880 .

367 2906 693 2976 exemplum,
727 2917 885 2977 atque
933 2909 1286 2980 Evangelium
1335 2924 1440 2980 quo
1490 2909 1880 2979 persecutionis
1909 2918 2151 2979 tempore
2179 2909 2308 2981 fuga
2339 2912 2674 2983 praecipitur,
2703 2921 2754 2967 et
2777 2920 3085 2967 sanctorum
3116 2911 3353 2968 virorum
3387 2913 3677 2969 auctoritas

365 2993 700 3063 apertissime
747 2996 1117 3052 adversantur.
1170 2998 1340 3053 Luup.

1982 3134 2050 3147 —

791 3266 829 3320 I
842 3264 960 3321 08
988 3266 1216 3320 CAPUT
1246 3266 1534 3321 PRIMUM.

431 3354 678 3421 Quaesisti
733 3354 993 3425 proxime,
1063 3353 1195 3407 Fabi
1258 3353 1422 3409 frater
1472 3354 1572 3421 (l),
1659 3352 1953 3425 uglendum

359 3458 529 3498 necne
559 3444 626 3500 sit
665 3445 724 3498 in
767 3443 1163 3514 persecutione,
1197 3444 1342 3514 quod
1373 3442 1554 3497 nescio
1583 3442 1709 3514 quid
1742 3458 1951 3497 annun-

361 3531 602 3589 tiaretur.
649 3533 857 3588 Ibidem
906 3548 1009 3605 ego
1039 3533 1323 3587 oblocutus
1371 3531 1573 3603 aliquid
1604 3547 1702 3602 pro
1731 3532 1849 3588 loco
1888 3549 1952 3587 ac

359 3630 620 3692 tempore,
678 3630 732 3676 et
796 3622 1148 3692 quarumdam
1208 3637 1557 3690 personarum
1630 3621 1948 3691 importuni-

358 3719 482 3774 tate,
530 3711 942 3766 semitractatam
990 3710 1271 3767 materiam
1314 3711 1508 3766 abstuli
1558 3728 1784 3775 mecum,
1840 3712 1952 3784 ple-

356 3800 477 3855 nius
505 3815 621 3854 eam
671 3800 737 3854 de
764 3800 901 3871 stylo
932 3817 1074 3857 nunc
1121 3800 1544 3867 renuntiaturus,
1576 3809 1758 3871 utpote
1787 3818 1946 3871 quam

356 3889 484 3943 mihi
514 3891 529 3927 ι
565 3898 617 3944 et
656 3898 745 3946 tua
791 3890 1107 3946 consultatio
1151 3889 1573 3957 commendarat,
1615 3898 1668 3944 et
1711 3891 1947 3949 conditio

356 3988 652 4047 temporum
707 3994 805 4033 suo
860 3979 974 4047 jam
1039 3977 1255 4034 nomine
1328 3977 1656 4047 injunxerat.
1734 3978 1946 4047 Quanto

353 4066 495 4120 enim
561 4066 930 4138 requentiores
995 4066 1275 4122 imminent
1324 4066 1743 4135 persecutiones,
1800 4075 1944 4122 tanto

353 4156 675 4212 examinatio
725 4156 1059 4227 procuranda
1103 4168 1202 4221 est,
1239 4156 1512 4227 quomodo
1560 4171 1654 4211 eas
1699 4156 1943 4227 excipere

355 4243 488 4299 fides
533 4246 743 4301 debeat.
786 4245 1127 4301 Procuranda
1168 4253 1350 4299 autem
1395 4245 1717 4301 examinatio
1776 4263 1944 4317 penes

350 4348 464 4399 vos,
517 4333 658 4403 qui'
691 4334 735 4388 si
784 4333 945 4401 forte,
988 4335 1317 4390 Paracletum
1364 4350 1475 4389 non
1521 4328 1828 4405 recipiendo
1858 4334 1947 4391 de-

348 4421 625 4478 ductorem
674 4422 849 4477 omnis
891 4423 1154 4489 veritatis,
1188 4423 1376 4479 merito
1421 4424 1595 4479 adhuc
1640 4424 1798 4478 etiam
1823 4424 1941 4479 aliis

347 4512 737 4582 quaestionibus
801 4512 1019 4569 obnoxii
1095 4513 1242 4569 estis.
1323 4513 1490 4585 Igitur
1558 4512 1938 4568 consultationi

348 4611 453 4656 tuae
511 4600 757 4656 ordinem
811 4616 1027 4673 quoque
1106 4601 1399 4669 induimus,
1455 4603 1937 4660 animadvertentes
1973 4565 2015 4642 Β

346 4697 467 4751 ante
511 4690 857 4746 determinari
904 4700 1153 4762 oportere
1199 4693 1267 4747 de
1316 4700 1456 4745 statu
1485 4691 1651 4761 ipsius
1686 4708 1936 4762 persecu-

346 4777 524 4843 tionis,
573 4786 750 4834 utrum
802 4796 832 4833 a
856 4781 973 4836 Deo
1021 4781 1273 4836 obveniat
1320 4780 1361 4851 3,
1393 4796 1461 4835 an
1491 4797 1521 4836 a
1551 4781 1786 4853 diabolo,
1826 4798 1933 4853 quo

346 4864 553 4921 facilius
591 4867 655 4922 de
702 4867 851 4923 obitu
893 4870 1009 4938 ejus
1046 4878 1296 4925 constare
1345 4868 1532 4938 possit.
1575 4869 1762 4925 Omnis
1791 4870 1935 4924 enim

1997 3279 2042 3357 Α
2076 3266 2148 3319 rei
2204 3265 2491 3337 inspectio,
2542 3275 2761 3324 auctore
2798 3268 3043 3340 cOgnito,
3103 3268 3332 3337 planior.
3391 3269 3535 3326 Satis
3589 3282 3675 3329 est

2072 3354 2286 3425 quidem
2347 3356 2696 3427 prmscribere
2754 3357 2909 3412 linihil
2942 3357 3057 3414 fieri
3102 3358 3219 3413 sine
3247 3359 3342 3413 Dei
3373 3359 3664 3415 voluntate.

2062 3444 2165 3497 Sed
2197 3459 2305 3499 non
2338 3446 2513 3498 statim
2543 3447 2639 3501 hac
2681 3446 2947 3502 sententia
2976 3447 3185 3501 cazteris
3228 3449 3608 3503 retractatibus
3639 3452 3663 3487 ⁵

2060 3532 2236 3588 locum
2280 3534 2548 3600 dabimus,
2602 3551 2667 3589 ne
2713 3552 2743 3588 a
2785 3534 3037 3603 prwsenti
3074 3536 3300 3591 articulo
3350 3552 3658 3605 avocemnr,

2059 3621 2105 3675 si
2133 3623 2253 3692 quis
2292 3624 2633 3695 responderit
2682 3642 2693 3680 :
2730 3624 2877 3695 Ergo
2921 3634 2974 3680 et
3003 3625 3200 3679 malum
3246 3642 3276 3679 a
3307 3626 3442 3689 Deo,
3483 3634 3539 3681 et
3566 3628 3662 3680 de-

2058 3711 2240 3765 lictum
2272 3728 2303 3766 a
2348 3715 2492 3780 Deo;
2543 3712 2673 3767 nihil
2707 3713 2821 3782 jam
2862 3713 2915 3767 in
2963 3696 3199 3781 diabolo,
3234 3712 3366 3769 nihil
3413 3716 3571 3769 etiam
3604 3717 3660 3771 in

2058 3801 2216 3855 nobis
2262 3802 2415 3872 ipsis.
2466 3803 2540 3856 De
2590 3802 2967 3871 persecutione
3019 3819 3161 3857 nunc
3193 3802 3471 3874 quaeritur.
3504 3804 3659 3860 Circa

2058 3890 2193 3944 hanc
2224 3890 2437 3946 interim
2484 3890 2711 3947 dixerim
2745 3891 2875 3945 nihil
2923 3890 3044 3946 fieri
3071 3893 3182 3947 sine
3210 3892 3310 3946 Dei
3345 3894 3652 3959 voluntate,

2055 3979 2353 4048 respiciens
2402 3996 2518 4034 eam
2567 3981 2621 4033 in
2668 3979 2853 4049 primis
2902 3979 3121 4049 dignam
3163 3982 3275 4035 Deo
3318 3996 3458 4046 esse,
3493 3993 3564 4046 et,
3600 3988 3657 4035 ut

2053 4066 2125 4121 ita
2183 4067 2427 4133 dixerim,
2489 4068 2864 4135 necessariam,
2916 4070 2981 4123 ad
3028 4069 3395 4140 probationem
3454 4069 3654 4124 scilicet

2054 4171 2331 4210 servorum
2380 4157 2513 4225 ejus,
2557 4157 2669 4211 sive
2726 4157 3183 4227 reprobationem.
3235 4155 3370 4223 Quis
3400 4166 3481 4213 est
3509 4160 3650 4213 enim

2050 4244 2225 4299 exitus
2269 4245 2683 4315 persecutionis,
2735 4246 2854 4318 quis
2902 4246 3127 4302 effectus
3177 4247 3333 4311 alius,
3381 4247 3480 4302 nisi
3513 4262 3643 4317 pro-

2050 4335 2192 4390 batio
2222 4341 2275 4389 et
2323 4334 2628 4404 reprobatio
2674 4335 2815 4400 fidei,
2864 4352 2966 4407 qua
3017 4351 3143 4391 suos
3174 4336 3353 4408 utique
3386 4335 3649 4391 Dominus

2051 4422 2405 4481 examinavit?
2454 4424 2569 4480 Hoc
2627 4439 2787 4479 omne
2832 4426 2856 4462 6
2902 4424 3167 4494 judicium
3210 4434 3293 4479 est
3339 4424 3645 4493 persecutio

2050 4530 2146 4585 per
2175 4530 2335 4585 quam
2366 4515 2487 4584 quis
2534 4520 2624 4567 aut
2654 4515 2906 4584 probatus
2954 4522 3046 4569 aut
3075 4515 3390 4584 reprobatus
3433 4514 3644 4584 judica-

2045 4613 2149 4660 tur.
2196 4605 2357 4659 Porro
2403 4602 2666 4671 judicium
2720 4602 2821 4658 soli
2866 4603 2981 4659 Deo
3038 4603 3317 4676 competit.
3372 4604 3496 4658 Huic
3525 4606 3642 4674 pala

2043 4693 2132 4747 illa
2158 4693 2238 4763 (2)
2274 4708 2395 4762 quae
2442 4700 2494 4745 et
2524 4706 2667 4746 nunc
2696 4690 3034 4747 Dominicam
3088 4708 3267 4748 aream
3300 4702 3509 4766 purgat,
3544 4694 3645 4747 Ec-

2044 4780 2259 4837 clesiam
2310 4778 2530 4843 scilicet,
2576 4778 2856 4834 confusum
2898 4794 3153 4836 acervum
3185 4780 3426 4836 ﬁdelium
3470 4795 3639 4835 even-

2044 4870 2224 4934 tilans,
2258 4868 2588 4924 frumentum
2617 4876 2912 4941 martyrum
2937 4870 2958 4908 ⁷
2989 4878 3045 4925 et
3074 4872 3257 4941 paleas
3291 4879 3633 4941 negatorum.

414 5048 431 5083 ι
463 5046 635 5120 Quam
667 5045 906 5120 eiSeml.
946 5049 1161 5106 Oberth.
1193 5065 1350 5119 quam
1385 5048 1513 5120 mihi
1536 5056 1587 5102 et
1610 4968 2028 5120 Rlielilqiiiai:
2033 4982 2313 5105 (52:13:35.2
2341 5046 2444 5117 Qui
2475 5048 2624 5105 deest
2654 5050 2823 5105 Seml.
2858 5049 3077 5107 Oberth.
3104 5050 3126 5087 3
3156 5048 3386 5104 Obvenit
3414 5048 3633 5120 Fran.‘l

342 5118 676 5174 Perscribere
705 5119 873 5174 Seml.
913 5121 1132 5176 Oberth.
1168 5122 1189 5158 5
1216 5118 1640 5175 ltetractavimus
1681 5120 1849 5176 Seml.
1879 5118 2104 5177 ‘Oberth.
2134 5120 2616 5177 Retractaverimus
2666 5124 2835 5176 Fran.
2873 5121 2898 5158 δ
2937 5120 3152 5176 Domini
3191 5121 3358 5176 Seml.
3405 5118 3628 5177 Obcrth.

341 5192 498 5261 Leop.
540 5189 749 5243 Nomen
782 5189 958 5246 Rhen.
992 5192 1012 5229 ⁷
1043 5192 1306 5246 Maturum
1336 5190 1512 5247 Rhen.

1700 5261 2196 5327 Commentarius.

410 5369 486 5437 (l)
520 5370 652 5425 Fabi
686 5371 890 5439 frater.
944 5368 1223 5423 Communi
1254 5368 1679 5425 Christianorum
1710 5370 1924 5426 nomine

340 5438 555 5495 fratrem
584 5438 1012 5510 hicvocat.Quis
1039 5450 1215 5495 autem
1246 5439 1421 5505 fuerit,
1436 5440 1743 5568 1i‘nclqrtum.

1480 5531 1513 5568 Ε
1588 5529 1639 5568 ιι.

1480 5531 1513 5568 Ε
1546 5529 1639 5568 ιλιι.

407 5581 482 5651 (2)
530 5584 652 5639 Have
688 5583 817 5653 pata
860 5584 981 5640 illa.
1018 5583 1181 5641 Recte
1227 5584 1512 5641 Rhenanus
1550 5586 1926 5657 interpretatur

2030 5374 2243 5452 pala2n_
2281 5370 2699 5452 instrumentum
2747 5370 3000 5452 rusticum
3028 5390 3065 5452 ﬁ:
3118 5370 3306 5452 alludit
3346 5370 3489 5451 enim
3538 5440 3548 5450 .

2032 5442 2160 5497 illud
2193 5442 2388 5497 Matth.
2444 5458 2526 5507 ιιι,
2554 5445 2708 5510 juxta
2748 5442 2978 5514 similem
3028 5443 3087 5497 Β.
3120 5442 3377 5514 Cypriani
3405 5442 3621 5497 versio-

3118 5370 3306 5426 alludit
3346 5368 3489 5426 enim
3558 5368 3627 5423 ad

2036 5530 2188 5582 nem;
2242 5514 2365 5585 quia
2414 5516 2598 5569 veniet
2638 5511 2884 5568 dominus
2933 5514 3119 5568 ferens
3160 5511 3335 5584 palam
3366 5514 3421 5568 in
3462 5528 3625 5567 manu

2034 5602 2151 5655 sua,
2184 5594 2238 5641 et
2267 5585 2547 5641 mundabit
2582 5599 2762 5640 arcam
2802 5600 2972 5639 suam.
3012 5586 3150 5641 Pan.
