4036 6172
285 343 357 405 125
1323 327 1411 391 ns
1446 322 1625 390 FUGA
1661 325 1731 391 IN
1768 326 2275 397 PBRSECUTIONB.
2560 346 2585 363 ο
3304 308 3307 311 ’
3351 341 3458 405 126

284 474 378 530 Hec
410 466 509 527 enim
529 465 564 535 ⁸,
589 464 736 524 scale
765 482 900 540 quas
928 466 1161 527 somniat
1185 464 1377 538 Jacob,
1407 463 1531 524 aliis
1556 474 1751 553 ascen-
1785 471 1834 553 Α
1857 461 2081 553 pientia
2120 461 2191 553 (Ir
2218 463 2340 525 Cor.
2383 477 2426 534 ι,
2457 464 2575 553 27).
2606 464 2687 553 lta
2723 472 2779 523 et
2805 463 3057 542 iniquitas
3084 468 3372 530 adhibetur
3396 481 3459 531 ut

290 577 381 617 sum
433 558 470 613 in
500 554 753 630 superiora,
805 557 929 614 aliis
983 560 1305 616 descensum
1368 556 1437 613 ad
1502 549 1754 610 inferiora
1786 549 1832 553 “”
1856 549 2065 620 justitla
2083 552 2361 622 probetur,
2383 552 2719 611 confundens
2749 553 3104 629 iniquitatem.
3124 558 3456 634 Igiturquod

292 651 615 706 demonstrantes.
642 647 731 704 Sic
759 656 816 703 et
842 664 1078 723 agonem
1107 648 1340 722 intelligi
1388 646 1531 717 capit
1558 656 1748 716 perse-
1862 639 2215 699 ministerium
2260 659 2368 701 non
2421 652 2506 702 est
2559 644 2760 701 arbitrii
2788 645 2884 702 sed
2915 647 3125 705 servitii
3155 647 3456 722 (arbitrium

244 772 247 775 -
294 739 485 796 cntionem.
526 737 565 792 Α
604 752 700 809 quo
745 744 1016 794 certamen
1071 728 1313 803 edicitur,
1381 735 1488 791 nisi
1542 751 1577 792 a
1641 750 1751 808 quo
1854 729 2001 787 enim
2055 731 2298 799 Domini,
2354 734 2679 804 persecutio,
2730 745 2956 808 propter
3010 735 3135 792 ﬁdei
3182 740 3457 809 probatio-

296 841 426 881 corona
465 832 501 878 et
552 824 756 894 praemia
813 827 1231 896 proponuntur?
1282 825 1439 895 Legis
1511 824 1750 882 edictum
1857 834 2002 887 nem,
2068 821 2426 878 ministerium
2504 823 2551 861 ³2
2622 832 2799 879 autem
2889 825 3148 898 iniquitas
3204 826 3461 898 diaboli,

291 914 414 987 igneis
445 913 566 969 istius
619 913 671 969 in
724 913 1076 986 Apocalypsi,
1139 914 1339 987 quibus
1393 914 1629 985 praemiis
1682 914 1749 969 ad
1855 919 2077 982 prOpter
2122 912 2512 981 persecutionis
2567 911 3022 985 instructionem);
3072 916 3146 972 ita
3195 931 3312 972 eam
3356 932 3454 986 per

287 1001 470 1056 victoriam
520 1002 704 1070 invitet,
763 1005 851 1062 vel
908 1004 1141 1060 maxime
1202 1005 1324 1062 illos
1379 1004 1472 1077 qui
1529 1004 1749 1075 pr0prie
1857 998 2153 1067 diabolum,
2203 1001 2249 1058 si
2296 999 2434 1058 forte
2463 1018 2572 1058 non
2601 1020 2632 1059 a
2678 1003 2894 1061 diabolo
2925 1004 3142 1061 evenire
3169 1004 3458 1061 credimus.

282 1091 427 1145 ticerint
468 1092 513 1145 in
558 1093 950 1163 persecutione,
1000 1092 1267 1151 vincendo
1315 1094 1521 1162 luctati,
1581 1091 1749 1149 I04
1858 1087 2004 1144 Nihil
2038 1088 2252 1145 Satanae
2295 1088 2352 1144 in
2381 1105 2568 1147 servos
2615 1090 2713 1147 Dei
2742 1092 2848 1148 vivi
2880 1092 3076 1161 licebit,
3117 1091 3223 1148 nisi
3249 1091 3457 1165 permi-

276 1196 397 1236 πίνετε
434 1197 518 1237 non
573 1184 828 1241 adversus
890 1200 1107 1242 carnem
1162 1194 1216 1242 et
1274 1185 1616 1260 sanguinem,
1651 1184 1749 1240 sed
1858 1176 1989 1232 serit
2024 1176 2190 1235 I05
2252 1180 2536 1245 Dominus,
2593 1187 2653 1235 ut
2717 1188 2810 1238 aut
2865 1182 3041 1253 ipsum
3097 1183 3341 1239 destruat
3360 1199 3458 1254 per

270 1269 447 1326 adversus
478 1270 710 1341 spiritalia
762 1273 985 1346 (15pm,
1040 1290 1121 1345 γι,
1177 1276 1269 1346 42)
1327 1274 1601 1348 nequitiae,
1668 1274 1750 1329 Ῑιε,
1855 1263 2019 1321 ﬁdem
2057 1265 2353 1325 electorum
2381 1268 2436 1324 in
2466 1269 2758 1325 tentstione
2790 1269 3075 1328 'victricem
3106 1272 3189 1327 13:
3222 1272 3315 1327 aut
3351 1271 3457 1327 ho-

267 1373 452 1432 ignosees
484 1362 541 1415 ad
580 1363 830 1418 eumdem
868 1365 1256 1438 agonoiheiam
1304 1364 1574 1436 pertinere
1619 1378 1747 1420 cei-—
1857 1355 2028 1411 mines
2073 1356 2196 1426 ejus
2247 1356 2416 1413 fuisse
2470 1357 2717 1415 traducat
2768 1360 2870 1429 (4),
2928 1362 3019 1432 qui
3050 1360 3355 1418 defecerint
3388 1361 3457 1415 ad

266 1448 414 1504 laminis
442 1451 700 1518 arbitrium,
744 1455 835 1525 qui
879 1453 1068 1512 invita;
1101 1455 1170 1511 ad
1200 1456 1504 1529 prmmium,
1552 1454 1748 1510 Τοιυω
1856 1443 2031 1500 illum.
2089 1445 2266 1501 Habes
2318 1446 2626 1517 exemplum
2679 1448 2801 1514 Job,
2832 1449 2919 1504 cui
2957 1449 3213 1507 diabolus
3252 1449 3459 1506 nullam

264 1535 361 1606 quod
380 1537 516 1608 agitur
539 1542 583 1597 in
616 1542 1009 1614 persecutione,
1042 1544 1219 1616 gloria
1261 1544 1367 1601 Dei
1395 1552 1477 1600 est
1505 1542 1746 1614 proban-
1857 1534 2030 1604 potuit
2089 1534 2324 1591 incutere
2376 1535 2748 1600 tentationem,
2782 1535 2884 1591 nisi
2938 1554 2969 1592 a
3000 1538 3115 1593 Deo
3157 1536 3459 1609 accepisset

263 1622 309 1678 tis
338 1633 377 1679 et
412 1630 730 1698 reprobantis,
758 1632 1089 1703 imponentis
1115 1640 1170 1689 et
1206 1631 1545 1704 deponentis.
1587 1630 1747 1701 Quod
1856 1632 2195 1693 potestatem,
2245 1640 2347 1680 nec
2398 1624 2454 1680 in
2508 1625 2856 1680 substantiam
2913 1626 3129 1698 quidem
3174 1626 3315 1696 ejus,
3348 1624 3455 1682 nisi

263 1722 389 1768 autem
415 1717 467 1770 ad
488 1718 694 1789 gloriam
726 1719 826 1777 Dei
864 1722 1114 1793 pertinet,
1148 1722 1332 1794 utique
1374 1738 1440 1777 ex
1474 1720 1747 1778 voluntate
1783 1756 1828 1835 Β
1856 1712 2138 1778 Dominus,
2196 1716 2352 1779 Ecce,
2393 1712 2636 1779 dixisset,
2687 1728 2881 1770 mnum
2919 1730 3042 1787 qua:
3078 1720 3217 1772 sunt
3270 1715 3345 1777 ei,
3387 1715 3454 1771 in

264 1798 364 1835 illim
410 1807 563 1835 “ma...
634 1810 751 1835 Q-A
803 1811 1011 1835 ..η-,1,
1070 1812 1213 1835 πμ--
1272 1810 1446 1835 __..._:..
1493 1810 1728 1835 -..-.l:s.._
1858 1818 2033 1835 manas
2064 1806 2159 1835 hu.
2182 1802 2247 1835 Αη
2286 1804 2345 1835 δρα
2369 1804 2556 1835 ini-um
2582 1802 3447 1835 ηηιιοωωηηωιαηιιακέρακηυη...

263 1798 366 1857 illius
409 1807 582 1866 eveniet.
633 1810 755 1865 Sed
797 1811 1014 1884 quando
1069 1812 1217 1868 Deus
1271 1810 1449 1883 magis
1490 1810 1747 1877 creditur,
1783 1798 1828 1835 ¹³
1858 1818 2037 1859 manu
2062 1806 2163 1859 tua
2180 1802 2268 1869 do,
2286 1804 2350 1858 in
2369 1804 2561 1874 ipsum
2579 1805 2861 1860 autemne
2876 1802 3453 1860 extenderismanum

270 1889 457 1947 nisicam
474 1899 602 1967 magis
624 1899 865 1967 timetur,
898 1900 1004 1957 nisi
1032 1901 1057 1941 9
1102 1902 1158 1957 in
1214 1908 1459 1973 tempore
1490 1915 1748 1973 persecu-
1860 1888 2001 1957 (Job,
2035 1903 2077 1953 ι,
2108 1887 2217 1960 l2).
2246 1887 2491 1959 Denique
2526 1902 2626 1943 nec
2653 1887 2916 1950 extendit,
2948 1886 3053 1942 nisi
3103 1894 3455 1957 posteaquam

280 1976 565 2041 tionis?Tunc
583 1988 807 2045 Εωιεεῖα
845 1990 904 2045 in
930 1990 1153 2047 attonito
1196 1999 1306 2057 est;
1340 1999 1468 2047 ωηο
1515 1998 1570 2045 ει
1612 1988 1750 2044 ﬁdes
1858 1987 1911 2034 et
1955 1979 2056 2033 hoc
2102 1976 2391 2049 postulanti
2438 1975 2719 2041 Dominus,
2772 1979 2932 2041 Ecce,
2990 1975 3239 2042 dixisset,
3294 1974 3457 2031 trado

276 2065 315 2119 in
342 2071 592 2139 ειρεάἱιίοηθ
616 2078 897 2135 sollicitior
914 2090 969 2135 et
1002 2079 1392 2152 disciplinatior
1430 2080 1482 2135 in
1528 2077 1751 2148 jejuniis
1859 2079 1870 2120 ¹

1859 2065 1965 2121 tibi
1991 2065 2174 2131 illum,
2209 2068 2439 2121 tantum
2462 2065 2717 2120 animum
2737 2066 2861 2136 ejus
2888 2064 3265 2133 custodi(Job.
3292 2079 3354 2128 ιι,
3376 2063 3452 2134 6).

268 2162 305 2209 et
335 2160 590 2231 stationibus,
614 2176 665 2223 ει
716 2169 1081 2240 orationibus,
1120 2176 1174 2226 ει
1200 2169 1529 2235 humilitate,
1566 2168 1620 2223 in
1663 2167 1748 2223 al-
1859 2153 1949 2211 Sic
1991 2161 2043 2209 et
2089 2154 2144 2208 in
2190 2154 2467 2224 apostolos
2512 2154 2827 2210 facultatem
2858 2154 3169 2211 temtationis
3209 2154 3454 2225 postula-

260 2251 401 2301 teraua
434 2250 657 2323 diligentia
720 2265 775 2311 ει
817 2257 1105 2315 άίιθοιὶοῃθ
1152 2258 1254 2329 (3),
1293 2258 1350 2313 in
1379 2256 1657 2314 εαηοιίιειρ
1695 2247 1777 2311 ei'
1856 2244 1950 2313 vit,
2008 2258 2118 2299 non
2165 2244 2369 2298 habens
2423 2259 2539 2299 eam
2595 2243 2698 2298 nisi
2742 2259 2807 2299 ex
2840 2244 3131 2312 permissu.
3173 2241 3454 2315 Siquidem

251 2332 476 2394 sobrietate.
492 2341 592 2399 Non
617 2345 771 2399 enim
793 2355 1011 2403 vacatur
1038 2346 1143 2402 nisi
1164 2347 1343 2404 timori
1364 2354 1417 2403 et
1435 2346 1572 2419 Spei.
1595 2346 1746 2403 Adeo

1856 2332 2123 2389 Dominus
2167 2331 2223 2388 in
2274 2332 2567 2406 Evangelio
2610 2333 2678 2387 ad
2718 2333 2934 2388 Petrum
2970 2350 2983 2387 :
3042 2336 3198 2399 Ecce,
3257 2332 3450 2403 inquit,

245 2430 283 2473 et
316 2440 363 2479 ex
396 2428 476 2485 hoc
510 2432 617 2504 ipso
646 2434 957 2491 ostenditur
992 2435 1152 2492 nobis
1178 2451 1288 2492 ιιοη
1340 2450 1504 2507 posse
1531 2434 1747 2493 diabolo
1850 2422 2159 2494 postulavit
2183 2423 2423 2479 Satanas
2438 2425 2529 2479 uti
2543 2428 2902 2479 cemeretnos
2925 2422 3005 2494 (5)
3026 2425 3182 2481 velut
3201 2425 3456 2493 frumen-

245 2508 413 2582 tis-putari
446 2535 561 2588 eam,
588 2540 716 2596 qua;
751 2524 1004 2580 meliores
1041 2522 1204 2582 efﬁcit
1232 2523 1332 2580 Dei
1358 2539 1562 2581 servos,
1856 2515 2018 2566 tum:
2067 2526 2261 2566 verum
2316 2527 2409 2582 ego
2447 2513 2635 2583 rogaui
2678 2526 2782 2583 pro
2817 2517 2889 2579 te,
2930 2526 2998 2567 ne
3025 2512 3282 2581 deﬁceret
3315 2511 3454 2581 ﬁdes

1857 2604 1959 2656 tua
2012 2599 2186 2671 (Luc.
2243 2615 2373 2666 χχιι,
2421 2600 2549 2669 31);
2612 2600 2666 2654 id
2718 2610 2818 2671 est,
2879 2617 2947 2656 ne
2988 2608 3190 2656 tantum
3232 2600 3448 2657 diabolo

787 2648 1013 2705 CAPUT
1042 2647 1107 2704 Ιῐο
1854 2647 2373 2716 ᾅῖῖηέ.ζῖζξ..ᾇ“ζῖῖ⁷
2404 2647 2548 2716 Si:
2583 2647 2972 2716 ηἠἶςηῖἷῖἰηῗῖ-
2990 2647 3407 2716 "XXXIIII;

1854 2687 2253 2758 permitteretur
2299 2697 2357 2743 ut
2403 2687 2536 2743 ﬁdes
2583 2688 2990 2757 periclitaretur.
3053 2690 3173 2760 Quo
3200 2689 3445 2747 ostendi-

281 2763 453 2837 Siquod
482 2772 525 2809 ιο
552 2772 808 2845 iniquitas
834 2792 864 2829 a
890 2775 1006 2829 Deo
1045 2789 1153 2830 non
1184 2782 1285 2840 est,
1319 2773 1414 2828 sed
1445 2789 1475 2827 a
1504 2773 1743 2843 diabolo,
1853 2784 1958 2846 tur,
2008 2785 2299 2848 utrumque
2347 2776 2491 2846 apud
2536 2776 2708 2832 Deum
2767 2794 2909 2846 esse,
2950 2785 3003 2834 et
3035 2777 3449 2833 concussionem

235 2858 457 2944 persecutio
496 2872 673 2918 autem
717 2878 783 2919 ex
812 2862 1087 2934 iniquitate
1125 2862 1371 2919 consistit
1410 2862 1561 2933 (quid
1600 2865 1744 2921 enim
1853 2863 1999 2930 ﬁdei,
2050 2868 2103 2919 et
2144 2864 2549 2936 protectionem,
2593 2880 2717 2921 cum
2766 2874 3057 2939 utrumque
3099 2866 3165 2921 ab
3195 2881 3262 2922 eo
3302 2864 3450 2935 peti-

232 2940 393 3012 iniQHius
430 2967 583 3020 quam
630 2952 749 3009 veri
776 2952 874 3007 Dei
906 2952 1195 3018 antistites,
1223 2951 1400 3007 omnis
1431 2952 1473 2989 ιι
1504 2961 1739 3010 scctato-
1857 2962 1963 3023 tur,
2018 2954 2301 3011 concussio
2355 2970 2387 3007 a
2429 2954 2665 3025 diabolo,
2699 2956 2964 3027 protectio
2995 2973 3025 3011 a
3053 2955 3210 3011 Filio.
3241 2956 3307 3011 Et
3334 2954 3448 3012 uti-

236 3041 286 3122 rts
315 3035 545 3109 veritatis,
574 3039 1079 3097 nocentissimorum
1125 3055 1274 3096 more
1308 3040 1591 3111 tractari)?
1623 3041 1743 3096 ideo
1779 3038 1821 3117 ε
1852 3058 1960 3116 que
2003 3058 2127 3099 cum
2155 3042 2322 3096 Filius
2340 3041 2439 3097 Dei
2469 3042 2863 3113 protectionem
2908 3043 3032 3099 ﬁdei
3063 3043 3229 3099 habet
3258 3044 3313 3098 in
3351 3059 3450 3099 sua

236 3116 375 3175 videtur
399 3128 707 3194 persecutio
736 3145 767 3184 a
803 3129 1009 3186 diabolo
1053 3130 1265 3188 evenire
1288 3171 1304 3199 ,
1336 3146 1367 3184 a
1407 3144 1515 3200 quo
1543 3127 1746 3200 iniqui-
1858 3138 2121 3201 potestate
2150 3146 2312 3201 quam
2340 3145 2374 3184 a
2402 3131 2555 3184 Patre
2581 3131 2837 3200 postulat,
2881 3149 2918 3186 a
2953 3149 3059 3205 quo
3096 3148 3322 3187 omnem
3348 3148 3450 3187 ac—

233 3208 462 3280 ίλδθὲίῑυτ,
503 3230 570 3269 ex
609 3232 716 3286 qua
754 3229 953 3275 constat
999 3219 1303 3289 persecutio
1347 3237 1360 3273 :
1402 3217 1540 3274 scire
1574 3216 1745 3273 debe-
1854 3223 1994 3294 cipit
2022 3220 2442 3297 potestatemin
2474 3218 2629 3274 caelis
2650 3222 2706 3274 et
2736 3219 2799 3273 in
2823 3220 2992 3276 terris
3023 3219 3244 3288 (Matth.
3259 3234 3449 3286 XXVIII,

224 3305 324 3382 lim;
371 3313 632 3372 quatenus
687 3323 786 3362 nec
840 3309 1140 3379 persecutio
1194 3317 1278 3365 est
1320 3307 1436 3364 sine
1465 3308 1742 3380 iniquitate
1857 3313 1966 3382 t8),
2025 3311 2182 3381 quale
2236 3318 2318 3365 est
2370 3316 2430 3363 ut
2476 3308 2885 3363 concussionem
2946 3305 3073 3361 ﬁdei
3119 3305 3368 3360 diabolus
3395 3307 3449 3361 in

219 3379 379 3453 diaboli,
406 3408 499 3447 nec
525 3396 778 3465 probatio
806 3396 930 3453 ﬁdei
978 3397 1093 3453 sine
1136 3397 1537 3469 persecutione,
1564 3379 1746 3469 iprop-
1854 3379 2017 3457 manu
2044 3379 2143 3456 sua
2176 3399 2406 3455 habeat?
2438 3395 2547 3452 Sed
2576 3395 2631 3450 in
2675 3395 2917 3468 legitima
2945 3396 3187 3451 oratione
3218 3393 3297 3465 (6)
3327 3409 3449 3450 cum

219 3475 273 3524 ter
286 3478 630 3544 probationem
659 3483 786 3542 ﬁdei
832 3487 1195 3542 necessariam
1242 3485 1600 3556 iniquitatem,
1634 3501 1743 3541 non
1852 3488 2082 3546 dicimus
2116 3488 2187 3544 ad
2211 3489 2420 3542 Patrem
2448 3504 2461 3540 :
2494 3486 2572 3542 Ne
2601 3502 2700 3542 nos
2730 3485 2967 3541 inducas
2986 3486 3053 3541 in
3085 3484 3450 3542 tentationem

216 3566 500 3656 patrocinium
555 3584 817 3644 praestare
870 3575 1225 3647 persecutioni
1258 3615 1273 3641 ,
1333 3575 1432 3631 sed
1494 3575 1743 3633 ministe-
1853 3578 2079 3651 (Matth.
2135 3594 2207 3645 vi,
2255 3577 2339 3645 13)
2386 3577 2531 3647 (quae
2558 3581 2647 3630 aut
2673 3576 2846 3643 major
2881 3574 3103 3631 tentatio
3130 3589 3292 3646 quam
3318 3588 3447 3643 per-

213 3663 340 3721 mm;
372 3664 669 3727 praecedere
718 3664 859 3719 enim
906 3664 1012 3719 Dei
1058 3665 1382 3720 voluntatem
1431 3664 1575 3720 circa
1622 3662 1747 3721 ﬁdei
1853 3669 2155 3738 secutio?);
2188 3667 2254 3722 ab
2291 3680 2357 3721 eo
2402 3664 2549 3719 illam
2596 3663 2912 3735 proﬁtemur
2961 3662 3228 3729 accidere,
3264 3678 3294 3715 a
3340 3675 3450 3733 quo

209 3747 538 3821 waalionem,
589 3770 719 3826 quae
774 3762 857 3808 est
902 3752 1041 3809 ratio
1109 3752 1521 3825 persecutionis,
1590 3754 1744 3826 sequi
1852 3758 2068 3814 veniam
2096 3757 2216 3825 ejus
2234 3755 2631 3825 deprecamur:
2665 3753 2771 3808 hoc
2802 3759 2887 3808 est
2914 3751 3059 3807 enim
3096 3752 3242 3823 quod
3274 3750 3454 3822 sequi-

207 3843 343 3889 antem
380 3838 567 3895 diaboli
615 3841 971 3914 iniquitatem
1015 3841 1085 3896 ad
1113 3841 1528 3896 instrumentum
1560 3857 1745 3911 perse-
1856 3856 1976 3903 tur:
2010 3847 2115 3904 Sed
2145 3861 2278 3903 erue
2305 3861 2405 3901 nos
2436 3860 2469 3899 a
2500 3842 2745 3914 maligno
2775 3840 2996 3912 (11nd,);
3028 3840 3080 3894 id
3110 3847 3209 3906 est,
3253 3854 3321 3894 ne
3350 3853 3453 3894 nos

206 3920 404 3991 θυῧοηίει
446 3944 565 3999 quae
612 3929 760 3984 ratio
808 3939 892 3985 es)
935 3929 1290 4002 Ρτοδᾶῐὶοηίεο
1330 3930 1466 3984 Nam
1505 3938 1562 3986 et
1587 3930 1742 3995 alias.
1854 3936 2125 3993 induxeris
2154 3936 2214 3989 in
2244 3932 2613 3996 tentationem,
2650 3931 3011 4002 permittendo
3048 3945 3149 3985 nos
3190 3928 3449 4000 maligno.

206 4005 245 4058 in
287 4023 512 4082 (ιιιιηιιιω
537 4017 769 4087 iustitia:
796 4018 1048 4089 iniquitas
1073 4020 1267 4075 aemula
1306 4028 1405 4083 est,
1438 4019 1493 4073 in
1541 4025 1745 4075 tantum
1853 4026 2007 4080 Tunc
2035 4023 2177 4078 enim
2210 4021 2453 4076 eruimur
2479 4019 2677 4076 diaboli
2711 4019 2980 4085 manibus,
3022 4034 3144 4074 cum
3200 4017 3277 4073 illi
3342 4032 3451 4073 non

206 4103 375 4156 materia
413 4116 493 4161 est
538 4109 607 4163 ad
639 4106 949 4163 testimonia
992 4108 1132 4177 ejus,
1182 4109 1336 4178 cujus
1383 4115 1466 4163 est
1510 4111 1740 4176 aemula;
1854 4114 2113 4169 tradimur
2160 4110 2620 4166 intentationem.
2658 4110 2770 4163 Nec
2798 4107 2851 4162 in
2892 4120 3177 4177 porcorum
3224 4120 3452 4177 gregem

212 4192 249 4237 II
286 4190 352 4245 sic
394 4195 594 4261 iustitia
652 4197 713 4250 in
768 4196 1049 4267 iniquitate
1099 4195 1428 4268 perﬁciatur,
1477 4199 1747 4268 quomodo
1857 4201 2054 4258 diaboli
2084 4201 2229 4273 legio
2286 4195 2475 4253 habuit
2514 4202 2850 4267 potestatem,
2910 4194 3015 4250 nisi
3070 4209 3189 4251 eam
3240 4193 3308 4248 de
3336 4192 3451 4247 Deo

204 4274 327 4363 imus
363 4280 413 4334 in
472 4283 790 4340 inﬁrmitate
844 4283 1116 4355 perﬁcitur
1171 4284 1249 4356 (II
1298 4285 1417 4340 Cor.
1475 4299 1573 4351 χιι,
1624 4288 1678 4355 9)
1732 4302 1744 4341 :
1856 4292 2217 4363 impetrasset,
2252 4293 2456 4342 tantum
2491 4286 2643 4341 abest
2688 4293 2745 4341 ut
2789 4284 2844 4339 in
2899 4299 3027 4340 oves
3086 4282 3185 4338 Dei
3235 4281 3447 4336 habeat.

207 4362 304 4456 iam
328 4372 552 4440 inﬁrma
581 4374 797 4430 mundi
824 4374 1001 4431 electa
1022 4377 1157 4430 sunt
1185 4390 1221 4427 a
1260 4376 1385 4437 Deo,
1420 4379 1487 4427 ut
1507 4378 1752 4445 confun-
1782 4380 1801 4456 |

1855 4362 2081 4439 Possum
2127 4380 2328 4446 dicere,
2362 4390 2648 4447 porcorum
2677 4389 2898 4446 quoque
2930 4382 3070 4429 setas
3101 4380 3229 4428 tunc
3253 4388 3448 4427 nume-

198 4452 366 4514 άυιιιιν
388 4464 606 4532 fortia;
628 4468 689 4521 et
718 4464 905 4521 stulta
933 4465 1073 4534 ejus,
1104 4468 1171 4519 ut
1199 4461 1639 4533 confundantur
1666 4483 1754 4522 sa-
1784 4452 1818 4456 -
1863 4475 2006 4526 ratas
2070 4467 2211 4540 apud
2258 4466 2431 4521 Deum
2485 4462 2682 4529 fuisse;
2742 4461 2940 4517 nedum
2988 4459 3209 4531 capillos
3235 4466 3452 4514 sancto-

1478 4621 1667 4688 Varim
1711 4632 2027 4692 lectiones.

240 4741 259 4776 δ
280 4745 362 4822 ῌεὲ
388 4749 763 4822 θῑίειπινδεηιὶ.
802 4748 1031 4822 Oberth.
1057 4750 1217 4822 Leop.
1252 4746 1277 4781 θ
1306 4744 1425 4822 Nisi
1464 4760 1588 4822 cum
1616 4778 1686 4791 —
1724 4750 2123 4822 persecutionis
2148 4748 2388 4822 Ecclesia
2417 4748 2605 4822 Latia.
2641 4745 2686 4782 ιο
2706 4741 2976 4822 Quoniam
3002 4740 3193 4822 datin.
3226 4738 3274 4822 ξι
3313 4737 3471 4822 ραι-ν

192 4824 257 4866 09$
281 4818 503 4877 Semler.
545 4821 771 4877 Oberth.
805 4823 965 4893 Leop.
991 4821 1037 4858 13
1075 4810 1244 4877 Verba
1274 4816 1635 4893 ministerium
1664 4810 1739 4861 —'
1763 4823 2171 4880 instructionem
2198 4820 2382 4879 nescio
2411 4836 2522 4892 qua
2551 4817 2617 4873 de
2646 4810 2820 4875 causa
2847 4813 3041 4874 omisit
3088 4810 3259 4869 Seml.
3292 4812 3449 4875 eius-

193 4898 264 4950 (ἶυε
285 4905 486 4961 sequax
519 4892 815 4950 0berth.13
844 4888 1270 4947 [n'tentationem
1292 4888 1566 4945 victricem
1585 4892 1755 4950 Seml.
1785 4895 2003 4954 Oberth.

1484 5004 2005 5095 ICommentarius.

208 5215 215 5224 ,
244 5151 379 5227 ἷῧιιη
402 5156 702 5212 alterutra
721 5154 1019 5226 diligentia
1038 5159 1098 5211 et
1117 5154 1434 5214 dilectione.
1457 5156 1550 5211 His
1573 5156 1745 5213 verbis
1923 5155 2003 5227 (5)
2030 5152 2343 5227 Postulavit
2368 5152 2633 5227 Satanas,
2664 5148 2756 5204 uti
2782 5149 3039 5227 cerneret
3077 5162 3188 5227 vos.
3222 5145 3455 5202 Cernere

190 5220 404 5299 gsntﬁcat
454 5245 469 5280 :
549 5220 891 5297 quaecunque
962 5236 1111 5299 sunt.‘
1160 5227 1474 5299 Christianae
1528 5227 1745 5296 pietatis
1853 5220 1954 5299 pro
1984 5220 2556 5299 ierihrare,quod__vox
2587 5221 2774 5299 Graeca
2792 5220 3111 5299 κοσκινιᾴᾳριι,
3141 5220 3271 5274 Luc.
3319 5230 3453 5280 χχιι,

324 5296 524 5377 Deum”
561 5290 620 5351 ἐι
656 5290 985 5377 (proximum.
1027 5296 1220 5365 ofﬁcia,
1281 5300 1465 5377 quales
1505 5290 1744 5377 ﬁdelium
1853 5290 2145 5377 signiﬁcat,
2179 5290 2341 5351 etiam
2380 5293 2549 5349 Plinio
2580 5296 2835 5349 usitatum
2866 5302 2951 5346 est
2991 5290 3090 5344 lib.
3137 5304 3287 5353 xvm,
3330 5302 3449 5356 cap.

192 5372 386 5439 'ﬁtirse,
420 5367 780 5439 diligentiam
827 5376 882 5424 et
915 5367 1237 5425 dilectorum
1295 5370 1537 5436 affectus,
1585 5371 1746 5425 etiam
1855 5367 1940 5425 11⁷⁷.
1975 5370 2117 5425 Pu.
2360 5438 2363 5439 ν
2410 5438 2417 5439 ί
2677 5437 2683 5439 _
2840 5434 2866 5439 _
2968 5432 2978 5439 _
3163 5431 3175 5439 _

190 5438 345 5513 etquiet
377 5431 707 5513 laudabant,
739 5447 790 5495 et
819 5440 1168 5506 mirabantur,
1229 5440 1282 5493 in
1316 5431 1583 5513 Apologet.
1617 5443 1743 5497 ιὶιῦ.
1860 5454 1863 5457 ‘
1898 5441 2005 5513 7(6)
2045 5440 2145 5497 Sed
2174 5441 2234 5493 in
2260 5431 3451 5513 legitimaorationgorationem‘legitimatu

240 5506 420 5572 (Insui
440 5500 704 5584 homines
726 5512 850 5584 ejus
872 5514 1045 5584 fuisse
1068 5500 1635 5584 traducatbsteiidat,
1665 5513 1751 5568 de
1853 5500 2003 5575 dicit;
2062 5527 2221 5584 quam
2271 5500 2432 5563 nobis
2497 5506 2714 5584 dictavit
2766 5506 3023 5584 Christus.
3058 5500 3453 5584 ctplestisﬂjutm

190 5587 409 5659 ῖιιξιιειιςι
462 5575 939 5659 homines
979 5583 1201 5659 diaboli,
1250 5584 1342 5657 qui
1394 5575 1750 5641 deserto'Deo
1858 5575 2242 5659 ρίει-ἰιιιειί-ξίο⁸
2263 5596 2488 5659 precem
2528 5580 2865 5659 _tegitimam
2915 5575 3052 5630 dixit
3091 5575 3449 5642 Augustinus,

196 5643 454 5709 dieiecerint
480 5654 561 5711 ad
592 5652 877 5713 diabolum.
907 5655 1033 5714 Pus.
1188 5643 1201 5659 ’
1268 5643 1287 5657 ⁸
1856 5643 2018 5711 serm.
2054 5655 2178 5723 125,
2207 5643 2279 5709 de
2306 5651 2499 5721 Temp.
2524 5643 2653 5706 R16.
