4042 6172
487 357 586 422 127

1153 357 1602 422 TERTULLIANI
1640 353 1904 424 OPERUM
1941 358 2107 424 PARS
2144 359 2213 425 ll.
2269 392 2342 409 --
2378 361 2607 430 SEBIES
2643 366 2686 437 Ι,
2730 366 3078 433 POLEMICA.

3683 374 3785 439 128

480 505 620 546 rum.
664 488 875 546 Habere
913 487 1126 546 videtur
1155 486 1402 546 diabolus
1453 495 1720 564 propriam
1755 492 1864 563 jam
1913 503 2076 568 pote-
2108 504 2156 585 Α
2188 493 2368 585 plures
2406 497 2774 556 concurrimus
2803 499 2855 554 in
2900 497 3212 567 Ecclesium,
3261 501 3552 575 quaerimur
3607 523 3638 562 a
3683 524 3782 564 na-

478 585 692 649 statem,
727 579 772 633 si
803 579 938 636 forte
966 577 1021 634 in
1052 593 1146 635 eos
1176 579 1265 651 qui
1303 579 1370 634 ad
1417 581 1587 637 Deum
1634 598 1742 638 non
1791 585 2080 653 pertinent,

480 668 651 725 semel
682 670 736 724 in
765 669 989 724 stillam
1017 668 1211 725 situla
1240 670 1372 739 (Isa.
1405 685 1493 737 χι..
1527 675 1640 742 15),
1683 681 1738 729 et
1789 673 1842 729 in
1883 675 2082 748 pulve-

481 775 599 813 rem
633 776 780 816 arere
813 763 871 815 et
898 759 951 812 in
999 760 1238 815 saliuam
1269 759 1573 816 nationibus
1601 763 1872 833 deputatis
1929 767 2006 835 (7)
2051 781 2082 820 a

481 850 617 921 Deo,
649 866 709 905 ac
736 866 832 920 per
858 850 960 905 hoc
989 849 1202 904 diabolo
1245 850 1503 922 expositis
1559 851 1616 906 in
1659 869 1876 910 vacuam
1935 872 2074 927 quo-

479 939 765 994 dammodo
828 938 1252 1009 possessionem.
1287 940 1577 1008 therum,
1636 942 1692 998 in
1748 945 2079 1003 domesticos

480 1028 575 1082 Dei
607 1027 734 1082 nihil
771 1027 844 1082 illi
874 1028 1001 1082 licet
1029 1043 1093 1081 ex
1118 1027 1338 1099 prOpria
1369 1038 1672 1103 potestate;
1703 1032 1828 1105 quia
1857 1034 2073 1107 quando

478 1117 652 1188 liceat,
695 1118 876 1181 idest,
920 1132 986 1172 ex
1034 1116 1231 1189 quibus
1286 1118 1482 1184 causis,
1528 1123 1780 1192 exempla
1811 1122 1864 1178 in
1895 1123 2077 1195 Scrip-

479 1207 613 1262 turis
640 1206 850 1278 signata
886 1209 1268 1264 demonstrant.
1326 1208 1438 1262 Aut
1484 1209 1627 1264 enim
1658 1228 1722 1265 ex
1753 1227 1911 1267 causa
1943 1229 2075 1284 pro-

478 1297 708 1360 bationis
737 1295 1046 1352 conceditur
1085 1297 1134 1350 ei
1160 1310 1162 1312 '
1181 1298 1270 1366 jus
1300 1296 1609 1353 tentationis
1640 1313 1930 1371 provocato
1990 1305 2070 1361 vel

482 1385 810 1455 provocanti,
843 1394 899 1439 ut
929 1385 981 1438 in
1010 1384 1377 1455 superioribus
1411 1403 1423 1440 :
1474 1393 1562 1441 aut
1589 1403 1655 1442 ex
1695 1404 1852 1445 causa
1883 1407 2074 1461 repro-

481 1473 714 1530 bationis
763 1473 933 1528 I06
971 1472 1194 1526 traditur
1245 1473 1290 1527 ei
1349 1483 1597 1545 peccator
1630 1478 1782 1549 quasi
1838 1481 2074 1538 carniﬁci

479 1565 531 1618 in
574 1579 804 1632 paenam,
839 1571 896 1616 ut
953 1562 1120 1616 Saul:
1175 1564 1239 1617 Et
1288 1565 1569 1626 abscessit,
1603 1566 1791 1636 inquit,
1829 1572 2072 1642 spiritus

476 1653 703 1709 Domini
717 1670 752 1708 ιι
774 1652 960 1717 Saule,
985 1653 1552 1711 etconeutiebateum
1572 1657 1813 1728 spiritus
1836 1676 2080 1732 nequam

477 1759 513 1796 α
568 1744 800 1798 Domino
829 1784 842 1809 ,
899 1745 954 1796 et
1001 1741 1317 1812 suffocabat
1349 1743 1414 1811 (Ιῐ
1460 1746 1583 1816 Reg.
1617 1761 1734 1811 xvr,
1765 1750 1841 1816 2).
1876 1747 1986 1804 Aut
2014 1766 2079 1806 ex

477 1847 637 1887 causa
683 1830 1030 1886 cohibitionis
1093 1831 1158 1899 14,
1210 1841 1268 1887 ut
1307 1831 1606 1904 Apostolus
1634 1833 1800 1890 refert
1837 1836 1911 1906 (II
1950 1839 2072 1896 Cor.

480 1935 577 1985 xit,
635 1920 692 1990 7)
757 1920 938 1974 datum
999 1919 1100 1975 sibi
1130 1919 1315 1976 sudem
1364 1920 1439 1993 (8)
1473 1923 1724 1994 angelum
1771 1924 1990 1982 Satanas
2019 1938 2077 1983 ut

479 2009 887 2079 colaphizctur:
951 2026 1049 2065 nec
1105 2011 1244 2066 hanc
1299 2010 1534 2081 speciem
1592 2013 1828 2083 permitti
1863 2015 2078 2073 diabolo

483 2100 536 2154 in
596 2106 807 2154 sanctos
846 2097 1205 2154 humiliandos
1239 2115 1334 2170 per
1363 2101 1538 2155 carnis
1571 2103 1931 2176 vexationem,
1976 2107 2078 2162 nisi

481 2187 637 2242 simul
669 2197 725 2242 ut
756 2197 808 2243 ct
839 2188 1008 2244 virtus
1063 2188 1360 2246 tolerantiae
1401 2190 1614 2246 scilicet
1672 2193 1725 2247 in
1774 2193 2078 2251 inﬁrmitate

483 2276 671 2355 perﬁci
695 2277 864 2348 possit
895 2294 910 2348 ;
954 2293 1074 2333 nam
1105 2287 1157 2333 et
1202 2278 1316 2349 ipse
1346 2278 1645 2350 Apostolus
1677 2280 1976 2355 Phigellum
2026 2292 2077 2339 ct

482 2349 875 2440 Hermogenem
920 2366 1137 2422 tradidit
1168 2349 1515 2436 Satanae,iuli
1565 2371 1963 2437 emendentur,
2007 2391 2078 2430 ne

483 2455 869 2528 blaspheme-nt
896 2457 968 2526 (ll
1004 2457 1139 2512 Tim.
1174 2471 1213 2524 ι,
1248 2455 1357 2526 μς).
1413 2454 1583 2511 Vides
1607 2457 1717 2525 jam
1749 2465 1801 2512 et
1853 2475 1883 2513 a
1910 2460 2078 2514 servis

482 2545 581 2599 Dei
644 2544 853 2599 facilius
909 2543 1182 2600 diabolum
1231 2544 1471 2614 accipere
1530 2554 1864 2616 potestatem,
1932 2557 2077 2605 tanto

482 2633 636 2689 abest
664 2642 722 2688 ut
751 2649 869 2689 eam
898 2649 967 2688 ex
997 2633 1331 2705 pr0prietate
1362 2633 1658 2704 possideat.

1120 2723 1349 2777 CAPUT
1379 2722 1469 2778 IIl.

554 2809 685 2864 Cum
716 2824 846 2883 ergo
872 2817 924 2865 et
964 2811 1081 2864 haec
1113 2811 1356 2881 exempla
1405 2810 1573 2884 magis
1602 2810 1655 2865 in
1684 2813 2075 2882 persecutioni-

483 2897 583 2952 bus
609 2898 881 2966 eveniant,
910 2897 1172 2968 siquidem
1211 2899 1383 2970 magis
1414 2907 1541 2955 tunc
1560 2902 1852 2971 probamur
1873 2902 1955 2958 vel
1989 2920 2072 2958 re-

486 2988 796 3055 probamur,
831 2996 884 3040 et
914 2987 1083 3058 magis
1143 2996 1266 3044 tunc
1297 2989 1640 3043 humiliantur
1687 2991 1767 3043 vel
1827 2993 2078 3046 emenda-

2191 574 2444 646 tionibus,
2503 591 2557 634 et
2617 580 2863 637 timemus
2915 597 2984 638 ne
3038 574 3318 639 turbentur
3371 585 3634 642 nationes-
3669 588 3780 644 An-

2189 681 2296 722 non
2320 667 2364 706 19
2385 670 2533 726 scitis
2569 671 2711 743 quod
2738 673 2885 728 Deus
2913 670 3160 728 omnium
3187 672 3257 730 sit
3301 674 3602 734 Dominus?
3636 679 3699 734 Et
3736 682 3784 735 si

2188 756 2316 812 velit
2371 758 2535 825 Deus,
2587 769 2714 815 tunc
2769 762 3196 830 persecutionem
3241 762 3505 835 patieris;
3560 767 3605 821 si
3656 785 3784 824 vero

2188 845 2436 916 noluerit,
2479 848 2713 906 silebunt
2741 849 3000 907 nationes.
3031 851 3236 907 Credas
3263 852 3449 926 utique
3476 873 3489 920 ;
3531 855 3578 910 si
3609 866 3785 913 tamen

2185 933 2241 989 in
2267 952 2389 992 eum
2426 936 2598 994 Deum
2629 938 2822 1004 credis,
2854 939 2971 995 sine
3017 940 3172 1008 cujus
3200 941 3474 1001 voluntate
3512 961 3613 1002 nec
3650 963 3783 1017 pas-

2185 1039 2274 1078 ser
2301 1025 2458 1080 unius
2488 1027 2627 1081 assis
2673 1028 2817 1083 cadit
2860 1027 2912 1082 in
2946 1035 3143 1084 terram
3173 1029 3396 1101 (Matth.
3426 1049 3481 1100 χ,
3513 1035 3632 1104 29).
3673 1037 3785 1091 Nos

2185 1121 2384 1182 autem,
2421 1122 2574 1186 puto,
2609 1115 2794 1171 multis
2832 1117 3146 1188 passeribus
3204 1119 3543 1177 antistamus.

2821 1204 3057 1260 CAPUT
3100 1206 3192 1260 IV.

2254 1291 2421 1360 Igitur
2448 1291 2489 1346 si
2521 1299 2728 1348 constat
2767 1308 2797 1346 a
2826 1309 2932 1364 quo
2985 1295 3293 1367 persecutio
3323 1297 3555 1366 eveniat,
3590 1316 3784 1369 possu-

2184 1396 2301 1435 mus
2333 1379 2503 1437 107
2531 1381 2642 1450 jam
2679 1382 3126 1438 consultationem
3176 1391 3321 1441 tuam
3373 1385 3628 1444 inducere
3679 1390 3786 1459 (9),

2183 1478 2236 1524 et
2274 1469 2634 1526 determinare
2662 1487 2730 1528 ex
2769 1473 2870 1528 hoc
2905 1473 3024 1545 ipso
3055 1480 3419 1543 praetractatu,
3468 1477 3789 1548 fugiendum

2183 1557 2235 1611 in
2276 1560 2648 1629 persecutione
2675 1575 2781 1616 non
2816 1577 2954 1618 esse.
3006 1564 3062 1619 Si
3093 1567 3238 1622 enim
3269 1567 3576 1636 persecutio
3612 1583 3644 1621 a
3674 1569 3788 1625 Deo

2189 1648 2385 1714 evenit,
2430 1649 2579 1705 nullo
2609 1649 2769 1706 modo
2797 1649 3112 1727 fugiendum
3142 1656 3245 1710 erit
3275 1653 3418 1726 quod
3448 1671 3479 1708 a
3508 1653 3621 1710 Deo
3652 1672 3786 1711 eve-

2189 1734 2284 1792 nit.
2329 1737 2477 1795 Sicut
2514 1738 2713 1810 duplex
2759 1741 2893 1797 ratio
2940 1740 3182 1800 defendit
3209 1745 3278 1810 2ο,
3313 1742 3436 1812 quia
3475 1758 3648 1814 neque
3676 1744 3785 1800 de-

2187 1825 2312 1882 beat
2341 1826 2590 1894 devitari,
2622 1843 2800 1900 neque
2826 1831 2982 1887 evadi
3005 1831 3171 1902 possit
3199 1833 3345 1905 quod
3375 1846 3405 1885 a
3437 1830 3546 1888 Deo
3575 1832 3778 1889 evenit.

2185 1915 2300 1970 Non
2330 1915 2493 1972 debet
2522 1915 2765 1986 devitari,
2815 1919 2942 1991 quia
2978 1920 3197 1976 bonum.
3228 1921 3461 1978 Necesse
3507 1928 3588 1976 est
3633 1921 3781 1978 enim

2184 2005 2386 2060 bonum
2416 2021 2534 2062 esse
2563 2022 2722 2062 omne
2750 2009 2894 2080 quod
2923 2009 3032 2064 Deo
3078 2009 3247 2066 visum
3297 2021 3396 2067 est.
3429 2010 3490 2064 Et
3520 2011 3783 2082 numquid

2186 2093 2308 2149 ideo
2331 2095 2386 2148 in
2424 2095 2624 2152 Genesi
2652 2097 2730 2152 sic
2759 2097 2989 2168 positum
3031 2109 3147 2154 est:
3181 2102 3254 2156 Et
3280 2101 3427 2156 vidit
3465 2101 3608 2158 Deus
3647 2103 3784 2172 quia

2187 2183 2392 2240 bon-um
2421 2188 2505 2241 est
2528 2187 2684 2254 (Gen.
2719 2201 2756 2250 ι,
2784 2189 3018 2258 passim)
3045 2205 3058 2242 :
3092 2203 3200 2242 non
3228 2189 3372 2260 quod
3397 2187 3672 2260 ignoraret
3692 2189 3786 2243 bo-

2187 2289 2313 2328 num
2345 2290 2483 2339 esse,
2516 2275 2620 2329 nisi
2649 2276 2908 2343 vidisset;
2945 2277 3039 2332 sed
3095 2287 3153 2333 ut
3182 2277 3285 2331 hoc
3333 2291 3465 2332 sono
3498 2277 3786 2346 portende-

2190 2370 2268 2419 ret
2313 2363 2512 2418 bonum
2549 2379 2690 2430 esse,
2733 2365 2877 2436 quod
2924 2365 3038 2420 Deo
3095 2365 3266 2421 visum
3306 2365 3426 2420 est?
3470 2365 3627 2421 Multa
3655 2367 3782 2440 qui-

2186 2452 2304 2508 dem
2338 2459 2481 2519 sunt,
2503 2470 2623 2526 quae
2661 2469 2692 2507 a
2719 2455 2834 2512 Deo
2865 2455 3130 2522 eveniant,
3165 2463 3217 2510 et
3238 2454 3466 2524 alicujus
3495 2455 3632 2511 malo
3667 2471 3787 2512 eve-

2184 2541 2348 2597 niant.
2408 2543 2520 2599 Imo
2580 2544 2780 2599 bonum
2809 2551 2889 2600 est
2918 2545 3059 2611 ideo,
3111 2544 3235 2616 quia
3283 2563 3312 2600 a
3345 2545 3458 2601 Deo
3487 2546 3683 2612 evenit,
3725 2556 3785 2602 ut

2185 2629 2427 2687 divinum
2458 2637 2512 2686 et
2541 2631 2820 2689 rationale.
2855 2631 2997 2701 Quid
3029 2635 3172 2689 enim
3202 2633 3442 2691 divinum
3471 2650 3578 2689 non
3610 2635 3782 2689 ratio-

2187 2720 2328 2792 nale,
2370 2736 2476 2776 non
2533 2721 2777 2776 bonum?
2829 2721 2968 2791 Quid
3017 2724 3215 2780 bonum
3269 2740 3376 2779 non
3425 2723 3699 2781 divinum?
3730 2724 3787 2780 Si

2186 2809 2362 2862 autem
2392 2809 2574 2862 sensui
2604 2810 2867 2880 cujusque
2917 2811 3150 2880 videtur,
3184 2828 3291 2867 non
3332 2829 3520 2869 sensus
3552 2813 3789 2868 hominis

2189 2894 2500 2964 praejudicat
2529 2897 2574 2934 21
2623 2897 2802 2967 statui,
2837 2897 2931 2953 scd
2979 2907 3149 2955 status
3184 2901 3385 2960 sensui.
3419 2903 3599 2956 Status
3627 2900 3772 2957 enim

2186 2984 2606 3055 uniuscujusque
2657 2987 2706 3023 22
2734 2995 2938 3042 certum
2979 2989 3105 3059 quid
3136 2998 3236 3057 est,
3287 3002 3338 3046 et
3389 2991 3476 3044 dat
3523 2991 3572 3028 2³
3600 2990 3787 3045 sensui

485 3088 626 3139 mur,
670 3073 736 3127 ab
775 3089 841 3128 eo
875 3074 1205 3144 permittatur
1254 3077 1337 3134 vel
1391 3077 1684 3146 imperetur
1739 3093 1964 3134 necesse
1997 3087 2080 3136 est
2111 3068 2154 3146 ο
2183 3071 2383 3145 legem,
2436 3075 2507 3128 ita
2562 3075 2827 3130 sentiendi
2877 3087 3094 3144 statum,
3146 3078 3301 3134 sicuti
3345 3087 3446 3134 est.
3508 3079 3563 3134 Si
3607 3086 3784 3134 autem

483 3162 743 3218 catholice
795 3161 907 3218 ﬁeri
965 3163 1102 3229 hmo,
1164 3180 1193 3218 a
1222 3180 1332 3234 quo
1361 3174 1411 3220 et
1448 3181 1512 3220 ex
1556 3172 1727 3235 parte,
1760 3167 1966 3223 scilicet
2010 3170 2077 3225 ab

480 3251 572 3308 illo
601 3252 689 3323 qui
720 3251 883 3307 dicit:
921 3252 1028 3324 Ego
1081 3270 1210 3310 sum
1241 3255 1337 3325 qui
1387 3255 1533 3325 facio
1571 3271 1783 3326 pacem,
1819 3261 1874 3312 et
1903 3258 2077 3312 condo

482 3342 639 3396 mala
669 3342 800 3409 (Isa.
832 3357 954 3404 xnv,
987 3340 1063 3411 7),
1098 3340 1152 3394 id
1183 3349 1262 3394 est
1290 3341 1513 3397 bellum.
1540 3342 1651 3396 Hoc
1679 3352 1759 3399 est
1786 3343 1927 3398 enim
1948 3360 2080 3400 con-

483 3429 699 3483 trarium
730 3431 868 3500 paci.
899 3431 1109 3484 Nostras
1137 3438 1318 3483 autem
1352 3429 1471 3500 paci
1497 3430 1630 3501 quid
1664 3431 1710 3468 15
1738 3439 1820 3486 est
1857 3432 2077 3501 bellum,

483 3534 644 3589 quam
673 3517 1008 3587 persecutio?
1040 3517 1095 3572 Si
1129 3520 1511 3588 persecutionis
1548 3519 1635 3574 vel
1674 3520 1905 3576 maxime
1956 3522 2078 3578 exi—

487 3617 573 3660 tus
599 3617 692 3663 aut
745 3606 906 3661 vitam
937 3605 1174 3662 afferunt
1212 3617 1303 3663 aut
1330 3613 1581 3673 mortem,
1619 3616 1710 3664 aut
1741 3609 1958 3682 plagam
1988 3619 2081 3666 aut
2111 3605 2114 3608 ’

485 3694 837 3763 sanationem,
878 3694 1045 3750 habes
1084 3703 1352 3750 auctorem
1397 3695 1680 3765 ejusdem:
1721 3699 1830 3769 Ego
1865 3715 2079 3770 percu-

485 3784 646 3848 tiam,
667 3787 724 3836 et
746 3783 984 3850 sonabo;
1006 3801 1098 3855 ego
1119 3784 1426 3854 viviﬁcabo,
1448 3790 1502 3840 et
1523 3787 1873 3855 mortiﬁcabo
1891 3787 2075 3858 (Deut.

486 3887 655 3939 xxx",
688 3873 798 3942 39).
857 3875 1044 3941 Ura-m,
1078 3874 1269 3945 inquit,
1302 3875 1448 3944 illos,
1481 3877 1627 3932 sicut
1643 3877 1841 3932 uritur
1883 3893 2083 3950 argen-

487 3967 609 4016 tum
641 3961 722 4028 l6;
763 3964 818 4016 et
835 3963 1088 4033 probabo,
1108 3961 1299 4034 inquit,
1331 3965 1480 4028 illos,
1512 3966 1664 4019 sicut
1693 3965 1968 4037 probatur
1988 3985 2084 4024 au-

487 4066 614 4105 rum
647 4050 900 4122 (Zachar.
925 4067 1042 4112 xm,
1075 4054 1150 4121 9).
1182 4051 1316 4106 Cum
1347 4056 1490 4108 enim
1511 4053 1784 4109 exurimur
1824 4070 2081 4126 persecu-

488 4139 648 4194 tionis
675 4139 888 4203 ardore,
935 4148 1059 4194 tunc
1092 4140 1380 4206 probamur
1403 4142 1471 4196 de
1505 4140 1632 4195 ﬁdei
1692 4150 1898 4199 tenore.
1956 4145 2083 4199 Haec

486 4237 648 4283 erunt
672 4231 832 4300 ignea
860 4228 1292 4301 iaeula(Ephes.
1327 4233 1408 4300 tu)
1429 4231 1648 4297 diaboli,
1682 4247 1777 4302 per
1793 4247 1913 4304 quae
1953 4233 2077 4288 ﬁdei

488 4317 629 4372 ustio
659 4325 712 4372 et
758 4316 1005 4372 conﬂatio
1035 4317 1474 4386 administratur;
1523 4335 1587 4375 ex
1618 4321 1717 4375 Dei
1756 4330 1930 4376 tamen
1975 4337 2077 4378 vo-

2186 3170 2329 3216 statu
2377 3161 2594 3234 quidem
2631 3164 2830 3220 bonum
2863 3166 3010 3236 quod
3056 3183 3083 3221 a
3113 3165 3226 3223 Deo
3272 3167 3420 3222 venit
3467 3166 3621 3239 (nihil
3642 3167 3786 3221 enim

2185 3271 2215 3309 a
2262 3256 2377 3310 Deo
2432 3271 2540 3312 non
2588 3257 2812 3320 bonum,
2846 3253 2971 3326 quia
3000 3254 3264 3321 divinum,
3318 3256 3445 3325 quia
3485 3255 3783 3324 rationale),

2185 3343 2369 3398 sensui
2400 3359 2526 3400 vero
2575 3343 2772 3398 malum
2827 3342 3056 3414 videtur,
3101 3344 3203 3398 erit
3257 3352 3420 3398 status
3478 3343 3533 3397 in
3566 3353 3679 3400 tuto
3713 3343 3785 3408 ³⁵,

2186 3445 2374 3485 sensus
2414 3432 2470 3486 in
2499 3431 2650 3487 vitio.
2695 3432 2848 3488 Statu
2888 3431 3088 3501 optima
3117 3447 3206 3486 res
3237 3432 3516 3502 pudicitia,
3550 3441 3603 3488 et
3631 3433 3787 3487 veri-

2190 3528 2290 3586 tas,
2341 3528 2394 3574 et
2426 3520 2654 3591 justitia,
2704 3536 2826 3592 quae
2884 3536 2914 3574 a
2942 3521 3232 3575 multorum
3264 3535 3424 3575 sensu
3472 3520 3786 3592 displicent.

2185 3601 2440 3679 Nunquid
2471 3608 2592 3664 ideo
2644 3616 2814 3664 status
2871 3608 3055 3662 sensui
3096 3607 3394 3664 addicitur?
3435 3611 3510 3664 lta
3567 3619 3618 3665 et
3657 3625 3780 3678 per-

2187 3697 2390 3753 secutio
2419 3706 2556 3752 statu
2587 3697 2726 3752 bona
2755 3706 2856 3768 est,
2885 3697 3012 3770 quia
3063 3697 3246 3752 divina
3274 3708 3327 3752 et
3366 3697 3636 3754 rationalis
3666 3696 3784 3751 dis-

2191 3786 2423 3857 positio;
2467 3786 2647 3842 sensui
2705 3801 2890 3841 eorum
2948 3800 3076 3842 vero
3133 3802 3362 3856 quorum
3425 3787 3562 3840 malo
3619 3785 3786 3853 venit,

2191 3874 2457 3945 displicet.
2491 3873 2655 3929 Vides
2696 3874 2855 3928 etiam
2887 3873 3015 3928 illud
3048 3874 3245 3929 malum
3276 3875 3537 3929 rationem
3568 3875 3617 3912 2⁵
3645 3874 3788 3944 apud

2190 3965 2365 4018 Deum
2394 3964 2610 4028 habere,
2667 3979 2787 4018 cum
2840 3963 2964 4033 quis
3020 3963 3074 4017 iu
3129 3962 3502 4034 persecutione
3532 3961 3791 4017 evertitur

2191 4055 2258 4108 de
2287 4053 2474 4120 salute,
2507 4052 2648 4107 sicut
2683 4059 2733 4106 et
2787 4049 2919 4105 illud
2950 4052 3150 4106 bonum
3200 4051 3404 4106 ratione
3451 4050 3789 4120 contingere,

2189 4158 2310 4197 cum
2340 4141 2461 4213 quis
2499 4157 2564 4196 ex
2606 4139 2981 4211 persecutione
3045 4140 3257 4210 proﬁcit
3310 4140 3363 4194 in
3410 4140 3622 4194 salute?
3670 4138 3791 4193 Nisi

2191 4231 2235 4286 si
2294 4229 2672 4285 irrationaliter
2717 4229 2837 4300 quis
2865 4237 2957 4283 aut
2996 4229 3134 4298 perit
3163 4228 3304 4299 apud
3343 4227 3651 4294 Dominum,
3698 4236 3795 4281 aut

2187 4319 2364 4374 salvus
2421 4328 2532 4373 est:
2588 4319 2632 4373 is
2690 4332 2799 4373 non
2881 4319 3081 4389 poterit
3121 4317 3557 4387 persecutionem
3592 4315 3795 4368 malum

487 4405 713 4461 luutate.
747 4406 820 4462 De
845 4405 946 4461 'sto
977 4405 1097 4476 quis
1117 4406 1361 4463 dubitare
1382 4408 1550 4479 possit
1572 4410 1899 4482 ignoro,nisi
1923 4410 2078 4480 plane
2111 4386 2156 4463 Β
2189 4409 2388 4476 dicere,
2437 4423 2558 4479 quae
2612 4405 2766 4461 etiam
2804 4405 2856 4459 in
2883 4386 3032 4460 mali
3069 4386 3133 4443 257
3173 4413 3322 4476 parte
3377 4405 3579 4458 bonum
3610 4410 3690 4458 est
3719 4403 3798 4469 2⁷,

489 4494 679 4550 frivola
708 4505 760 4550 ct
791 4494 987 4567 frigida
1017 4494 1170 4561 fides,
1201 4497 1609 4568 deprehendens
1638 4513 1734 4553 eos
1761 4497 1855 4569 qui
1903 4497 2082 4554 timide

488 4585 813 4640 conveniunt
851 4584 904 4638 in
936 4584 1254 4640 Ecclesiam.
1305 4587 1493 4643 Dicitis
1540 4587 1683 4642 enim
1718 4588 1783 4654 ιτ,
1817 4586 2083 4654 Quoniam

487 4674 762 4731 incondite
799 4674 1169 4746 convenimus,
1202 4675 1361 4732 simul
1395 4677 1442 4713 1⁸
1468 4676 1836 4743 convenimus,
1871 4685 1923 4730 et
1941 4691 2084 4733 com-

2191 4497 2316 4552 dum
2377 4495 2582 4551 ratione
2638 4493 3060 4548 administratur.
3121 4493 3196 4548 Ita
3227 4493 3272 4548 si
3305 4494 3504 4547 bonum
3535 4506 3801 4562 persecu-

2190 4585 2266 4640 tio
2311 4600 2532 4656 quoquo
2566 4583 2746 4645 modo,
2800 4581 2927 4652 quia
2955 4583 3018 4635 de
3048 4589 3187 4637 statu
3209 4588 3440 4648 constat,
3474 4579 3664 4634 merito
3695 4579 3805 4634 de-

2189 4674 2426 4742 ﬁnimus,
2460 4672 2602 4744 quod
2637 4671 2840 4724 bonum
2877 4679 2956 4726 est
2979 4711 2993 4740 ,
3025 4670 3178 4728 vitari
3213 4685 3318 4726 non
3350 4677 3638 4741 Oportere:
3670 4667 3808 4740 quia

1845 4775 2032 4837 Varia:
2078 4777 2392 4838 lectiones.

563 4873 608 4948 1f
630 4871 1049 4948 (inhabitationis
1079 4873 1248 4948 senii.
1286 4871 1587 4948 Obertlt._{5
1613 4870 1766 4948 Quod
1785 4870 2392 4948 PapiLSeml.__0bgi'tli.
2416 4867 2472 4948 :5
2503 4868 2800 4948 A_rgentum
2838 4865 3214 4948 anurLFraneq.
3251 4864 3296 4948 ις’
3319 4865 3494 4948 lgquit
3515 4862 3671 4948 (ίείίζξε
3715 4864 3812 4917 Πί-

490 4943 628 5013 galt.
657 4943 702 4979 18
730 4944 797 4996 Et
823 4943 967 5014 add.)
987 4945 1152 4998 Se-ml.
1191 4944 1409 5000 Oberth.
1437 4945 1482 4982 19
1512 4935 1834 4999 Non'Rhen.
1859 4944 1910 4983 ²ο
1930 4943 2195 5013 Dependit
2227 4943 2381 5014 Pam.
2409 4935 2822 5014 Semlfqbefth,
2856 4935 3307 5014 21Prmjudiiniil'it
3337 4935 3578 5014 (freni?
3609 4935 3764 5014 linus
3791 4955 3815 4978 -

492 5006 718 5082 quisque
748 5013 920 5068 Rhen.
953 5013 1003 5052 33
1033 5014 1141 5067 Sed
1190 5017 1256 5069 da
1287 5015 1454 5072 Seml.
1479 5014 1701 5071 Oberth.
1736 5015 1784 5052 24
1816 5015 1874 5067 In
1905 5006 2025 5070 toto'
2047 5014 2219 5070 Rhen.
2246 5012 2364 5082 Itig.
2410 5012 2589 5067 Venet.
2613 5010 2661 5047 2⁵
2690 5006 2975 5064 Rationale
2993 5006 3162 5065 Seml.
3193 5008 3411 5066 Oberth.
3437 5007 3486 5044 26
3515 5007 3584 5061 Et
3602 5006 3714 5074 jam
3746 5006 3810 5060 in

494 5083 646 5137 malis
669 5086 827 5138 Pam.
869 5085 916 5122 27
946 5084 1007 5138 In
1039 5084 1190 5138 malis
1218 5101 1314 5154 par
1360 5086 1560 5140 bonum
1597 5093 1681 5138 est
1712 5085 2066 5142 Rhen.Seml.
2106 5083 2326 5141 Oberth.

1850 5207 2332 5270 Commentarius

563 5306 638 5373 (7)
664 5307 729 5360 Et
744 5304 1067 5378 insulivam
1097 5305 1420 5362 nationibus
1457 5304 1760 5376 deputatis.
1791 5304 2094 5378 Despectim

491 5374 878 5444 conspuendis.
909 5376 1037 5431 RIG.

701 5450 911 5522 Datum
1091 5447 1301 5522 sudem.
1357 5446 1800 5522 Palumﬁxolorru
1840 5453 1901 5522 τῇ
1931 5448 2088 5522 σαρκί.

495 5519 584 5574 Sic
613 5519 709 5574 lib.
742 5519 787 5592 V
818 5518 940 5592 adv.
980 5517 1142 5592 Marc.
1183 5519 1503 5592 Creatorem
1531 5519 1660 5576 dicit
1679 5517 1947 5592 angelum
1987 5517 2092 5576 Sa-

497 5595 651 5664 tanae
671 5590 1069 5664 colaphizando
1099 5591 1348 5664 apostolo
1368 5607 1470 5648 suo
1499 5590 1858 5664 applicuisse.
1877 5591 2002 5647 R15.
2023 5620 2091 5632 —-

497 5663 702 5717 Datum
733 5661 838 5718 sibi
866 5661 1082 5718 sudem.
1113 5661 1414 5733 Stimulum,
1446 5661 1684 5720 σκόλόπσι.
1716 5661 1793 5719 LE
1822 5664 1919 5719 Pu.

2271 5303 2350 5372 (9)
2385 5303 2866 5361 Consultatio-nem
2895 5307 3034 5360 tunc
3063 5302 3350 5368 inducere,
3379 5307 3483 5355 etc.
3501 5297 3812 5372 Inducit_ur,

2204 5369 2376 5450 inquit
2429 5376 2628 5450 Ehem,
2687 5375 2937 5450 proprie__
2968 5373 3115 5450 quod
3146 5375 3374 5450 deletur,
3408 5373 3494 5425 hic
3518 5369 3819 5450 consulta-

2203 5441 2403 5500 tionem
2432 5441 2705 5512 inducere,
2739 5441 2821 5500 est
2849 5441 3035 5500 tollere
3078 5444 3302 5498 dubium
3340 5441 3806 5498 consultationis:

2202 5517 2423 5593 exponit
2451 5525 2631 5593 autem
2661 5517 2918 5588 seipsum,
2940 5531 3078 5593 _cum_
3112 5513 3281 5593 addit,
3311 5517 3366 5572 et
3393 5513 3810 5593 determinare.

2203 5581 2634 5661 insequentibus
2662 5581 2756 5643 est'
2771 5585 2988 5658 egregia
3030 5586 3274 5656 ejusdem
3305 5583 3625 5658 recognitio.
3659 5581 3808 5638 ΡΑΜ.
