4042 6172
265 305 373 364 129

253 519 402 590 quod
424 519 539 574 Deo
570 519 747 574 visum
776 528 860 574 est
895 539 904 576 :
933 521 1046 591 jam
1074 536 1204 578 vero
1235 538 1334 578 nec
1353 539 1512 594 posse
1532 523 1707 589 vitari,
1731 523 1856 595 quia

256 623 287 660 a
347 607 465 662 Deo
506 606 707 677 evenit,
757 608 915 678 cujus
967 610 1216 666 voluntas
1271 627 1379 667 non
1429 611 1628 683 poterit
1686 612 1857 669 evadi.

256 697 431 768 Igitur
459 697 558 768 qui
585 703 782 768 putant
810 697 1125 772 fugiendum
1148 701 1287 774 (10),
1319 710 1413 756 aut
1432 702 1632 757 malum
1661 716 1864 771 expro-

255 785 416 839 brant
445 786 585 852 Deo,
621 785 666 840 si
698 789 1134 856 persecutionem
1163 789 1239 846 uti
1270 789 1469 846 malum
1497 790 1741 862 fugiant;
1764 790 1863 844 bo-

257 890 387 928 num
419 875 567 929 enim
601 891 759 931 nemo
789 875 1033 945 devitat;
1075 887 1166 933 aut
1196 877 1450 935 fortiores
1480 895 1540 934 se
1581 881 1692 934 Deo
1742 879 1862 934 exi-

258 963 498 1032 stimant,
542 966 633 1035 qui
680 973 876 1036 putant
914 982 971 1022 se
1008 967 1246 1026 evadere
1275 982 1458 1041 posse,
1489 968 1534 1024 si
1577 969 1727 1024 Deus
1759 969 1863 1024 tale

260 1051 463 1123 aliquid
492 1053 728 1109 voluerit
767 1054 1007 1111 evenire.

895 1199 1126 1255 CAPUT
1164 1200 1232 1256 ν.

333 1318 504 1376 I08
535 1321 664 1388 Sed,
703 1321 864 1390 Quod
891 1340 1066 1380 meum
1101 1333 1205 1396 est,
1234 1324 1429 1397 inquit,
1462 1325 1638 1399 fugio,
1672 1343 1739 1383 ne
1767 1344 1862 1398 pe-

255 1425 406 1467 ream
439 1411 488 1465 si
518 1426 828 1484 negavero;
871 1413 1014 1470 illius
1049 1421 1150 1483 est,
1193 1414 1240 1468 si
1286 1415 1543 1483 voluerit,
1590 1419 1750 1472 etiam
1782 1417 1866 1472 fu-

255 1499 506 1572 gientem
555 1516 640 1556 me
683 1502 944 1559 reducere
991 1502 1046 1558 in
1076 1503 1340 1560 medium.
1373 1505 1490 1562 Hoc
1534 1505 1665 1560 mihi
1714 1507 1868 1578 prius

257 1591 537 1662 responde
569 1609 582 1648 :
620 1591 809 1649 Certus
837 1609 897 1648 es
929 1600 981 1650 te
1015 1601 1336 1667 negaturum
1384 1595 1431 1651 si
1477 1612 1586 1652 non
1637 1595 1860 1668 fugeris,

257 1695 326 1735 an
365 1681 657 1736 incertus?
686 1681 742 1737 Si
771 1682 911 1738 enim
945 1694 1148 1750 certus,
1176 1685 1288 1752 jam
1309 1685 1520 1758 negasti
1544 1702 1556 1754 ;
1578 1686 1703 1757 quia
1724 1703 1867 1758 prae-

257 1769 531 1825 sumendo
582 1771 632 1808 28
690 1779 742 1828 te
796 1779 1145 1848 negaturum,
1205 1773 1262 1829 id
1317 1773 1746 1846 despopondisti,
1798 1777 1867 1833 de
1901 1759 1944 1836 Β

258 1873 369 1930 quo
430 1860 869 1932 praesumpsisti;
919 1869 972 1916 ct
1009 1877 1147 1919 vane
1195 1863 1312 1932 jam
1360 1863 1503 1936 fugis
1556 1881 1623 1920 ne
1679 1880 1864 1937 neges,

255 1947 427 2021 quisi
457 1958 759 2021 negaturus
795 1967 874 2018 es,
903 1952 1016 2023 jam
1062 1953 1294 2026 negasti.
1346 1952 1404 2008 Si
1452 1969 1582 2011 vero
1631 1953 1870 2011 incertus

261 2054 343 2103 es,
375 2054 474 2095 cur
501 2054 614 2094 non
652 2054 720 2096 ex
748 2040 1058 2112 aequalitate
1089 2042 1278 2099 incerti
1298 2051 1480 2099 metus
1501 2042 1644 2100 inter
1658 2054 1870 2099 utrum-

258 2143 370 2202 que
433 2138 712 2197 eventum,
754 2131 913 2188 etiam
960 2132 1205 2189 conﬁteri
1251 2141 1305 2192 te
1354 2149 1513 2206 posse
1559 2135 1866 2207 prmsumis,

260 2228 317 2274 et
374 2220 590 2276 salvum
647 2220 822 2292 magis
859 2220 978 2276 ﬁeri
1025 2223 1321 2294 quominus
1369 2223 1566 2297 fugias,
1629 2223 1769 2280 sicut
1821 2223 1869 2262 29

261 2319 594 2382 negaturum
639 2317 694 2366 te
730 2311 1039 2381 praesumis,
1073 2320 1132 2368 ut
1169 2311 1394 2388 fugias?
1416 2314 1541 2385 ,Jam
1587 2329 1734 2370 nunc
1779 2322 1872 2369 aut

263 2400 316 2454 in
346 2400 510 2455 nobis
539 2407 627 2455 est
664 2407 972 2474 utrumque,
1006 2410 1100 2458 aut
1129 2410 1299 2460 totum
1327 2402 1386 2458 in
1422 2404 1555 2459 Deo.
1595 2402 1652 2459 Si
1680 2402 1734 2457 in
1765 2419 1868 2458 no-

261 2488 340 2543 bis
368 2496 459 2546 est
489 2487 743 2546 conﬁteri
782 2497 871 2545 aut
895 2505 1116 2562 negare,
1142 2507 1240 2548 cur
1268 2507 1378 2547 non
1417 2491 1467 2547 id
1490 2491 1872 2564 prtesumimus

259 2578 408 2650 quod
450 2587 538 2635 est
566 2579 782 2650 melius,
826 2581 881 2636 id
930 2589 1033 2652 est,
1065 2581 1412 2640 confessuros
1463 2596 1564 2637 nos
1590 2583 1618 2638 ?
1647 2581 1774 2649 nisi,
1825 2582 1872 2637 si

256 2665 334 2722 vis
385 2666 662 2733 conﬁteri,
714 2669 824 2738 pati
871 2684 983 2725 non
1019 2671 1122 2727 vis.
1161 2670 1316 2727 Nolle
1364 2680 1541 2726 autem
1599 2669 1866 2738 conﬁteri,

259 2772 464 2831 negare
493 2767 601 2813 est.
636 2756 697 2814 Si
725 2773 855 2813 vero
895 2759 949 2814 in
977 2760 1092 2815 Deo
1142 2766 1312 2816 totum
1343 2767 1443 2831 est,
1491 2775 1591 2816 cur
1634 2775 1741 2815 non
1782 2767 1870 2816 to-

260 2855 371 2900 tum
413 2846 782 2919 relinquimus
811 2849 1040 2906 arbitrio
1081 2851 1252 2920 ejus?
1291 2860 1653 2922 agnoscentes
1701 2851 1872 2908 virtu-

1444 306 1529 366 DE
1570 305 1742 367 FUGA
1780 306 1846 370 IN
1877 306 2389 368 PERSECUTIONE.

255 430 514 487 delictum
546 429 638 501 sit,
671 431 820 502 quod
850 432 1053 487 bonum
1082 441 1164 489 est
1193 447 1471 500 recusare;
1505 450 1569 490 eo
1597 435 1847 506 amplius,
1889 463 1936 541 Α

3465 312 3567 372 13Ο

2585 435 2810 492 CAPUT
2854 433 2941 489 VI.

2041 523 2178 591 Imo,
2209 523 2399 595 inquit,
2434 523 2556 596 quia
2604 532 2929 594 praeceptum
2970 524 3307 594 adimplevit,
3350 525 3566 599 fugiens

1972 612 2038 667 de
2080 612 2293 669 civitate
2331 612 2389 668 in
2444 613 2735 668 civitatem.
2783 612 2871 667 Sic
2920 612 3061 667 enim
3107 615 3277 668 voluit
3320 615 3587 687 quidam,-

1973 704 2068 758 sed
2108 709 2159 757 et
2198 701 2315 772 ipse
2345 701 2625 774 fugitivus,
2667 702 3053 774 argumentari,
3104 711 3155 758 et
3199 702 3289 772 qui
3337 707 3568 774 proinde

1973 789 2164 845 nolunt
2191 789 2489 861 intelligere
2521 805 2733 845 sensum
2757 789 2973 847 Domini
2994 789 3135 846 illius
3165 795 3564 860 pronuntiatio-

1974 879 2077 946 nis,
2111 886 2171 933 ut
2199 895 2316 934 eam
2349 880 2396 918 3’!
2425 881 2491 934 ad
2523 879 2880 936 velamentum
2929 879 3234 934 timiditatis
3265 895 3379 936 suae
3405 891 3563 936 utau-

1975 975 2081 1032 tur,
2114 984 2234 1024 cum
2297 964 2466 1022 I09
2524 976 2576 1023 et
2606 984 2862 1039 personas
2888 983 3014 1024 suas
3043 967 3291 1022 habuerit
3337 976 3387 1022 et
3419 976 3562 1025 tem-

1973 1073 2105 1128 pora
2133 1067 2186 1113 et
2204 1074 2391 1113 causas
2422 1074 2435 1114 :
2465 1060 2604 1115 Cum
2632 1060 2927 1132 coeperint,
2951 1057 3150 1130 inquit,
3174 1063 3435 1132 persequi
3452 1077 3565 1128 vos,

1973 1148 2152 1218 fugite
2173 1148 2238 1203 de
2261 1149 2496 1203 civitate
2524 1149 2588 1202 in
2617 1151 2908 1204 civitatem
2929 1149 3144 1218 (Matth.
3169 1163 3226 1218 x,
3260 1146 3492 1218 23).Hoc
3513 1149 3568 1204 in

1974 1249 2235 1306 personas
2265 1236 2313 1273 35
2343 1235 2561 1306 proprie
2599 1236 2990 1307 apostolorum,
3024 1249 3080 1291 et
3117 1237 3172 1292 in
3211 1244 3472 1308 tempora,
3517 1246 3573 1294 et

1973 1324 2028 1379 in
2074 1340 2261 1380 causas
2287 1340 2474 1380 eorum
2526 1325 2792 1395 pertinere
2825 1324 3185 1393 defendimus,
3227 1325 3367 1382 sicut
3397 1326 3570 1398 (prae-

1973 1413 2227 1469 cedentes
2256 1414 2306 1452 ³6
2334 1413 2408 1484 et)
2436 1414 2831 1485 subsequentes
2878 1430 3070 1470 sensus
3107 1416 3434 1488 probabunt,
3477 1417 3576 1488 qui

1975 1502 2188 1558 nonnisi
2221 1506 2274 1557 in
2317 1503 2596 1573 apostolos
2624 1509 2940 1573 competunt
2971 1520 2981 1559 :
3009 1505 3074 1558 In
3093 1505 3246 1559 viam
3266 1507 3570 1562 nationum

1974 1605 2047 1646 ne
2068 1592 2276 1660 ieritis;
2291 1594 2346 1648 et
2369 1591 2432 1646 in
2452 1591 2743 1647 civitatem
2766 1593 3265 1649 Samaritanorum
3285 1609 3356 1650 ne
3376 1593 3570 1651 intro-

1976 1679 2285 1748 ieritis,sed
2313 1681 2395 1735 ite
2413 1680 2606 1750 potius
2626 1681 2698 1736 ad
2717 1696 2838 1737 oves
2859 1682 3106 1753 perditas
3125 1682 3320 1740 domus
3343 1683 3573 1739 Israelis

1977 1768 2198 1841 (Matth.
2231 1784 2290 1824 χ.
2323 1770 2377 1822 5.
2412 1767 2489 1839 6).
2520 1767 2692 1824 Nobis
2710 1775 2891 1825 autem
2920 1773 2973 1823 et
2995 1770 3085 1824 via
3105 1769 3377 1826 nationum
3403 1781 3568 1842 patet,

1974 1857 2031 1913 in
2061 1874 2166 1930 qua
2215 1867 2268 1914 et
2295 1858 2499 1914 inventi
2543 1873 2750 1927 sumus,
2791 1865 2845 1913 et
2885 1873 3059 1930 usque
3100 1857 3156 1912 in
3209 1859 3367 1914 ﬁnem
3418 1860 3570 1917 ince-

1979 1947 2196 2017 dimus;
2231 1958 2284 2004 et
2313 1947 2463 2003 nulla
2491 1947 2681 2004 civitas
2719 1957 2942 2020 excepta
2979 1954 3081 2017 est,
3121 1963 3224 2018 qua
3263 1964 3360 2020 per
3398 1955 3574 2005 totum

1977 2039 2163 2095 orbem
2194 2039 2592 2111 praedicamus;
2635 2037 2730 2094 sed
2761 2053 2860 2094 nec
2889 2053 3018 2094 cura
3046 2037 3202 2093 nobis
3250 2037 3462 2094 Israelis
3491 2039 3576 2094 in-

1971 2129 2164 2198 juncta
2190 2135 2271 2184 est
2306 2135 2456 2184 extra
2495 2127 2766 2196 ordinem,
2806 2127 2909 2183 nisi
2939 2141 3043 2200 qua
3071 2134 3125 2183 et
3154 2127 3408 2184 omnibus
3436 2144 3574 2202 gen-

1977 2217 2117 2272 tibus
2147 2215 2439 2289 praedicare
2478 2215 2757 2272 debemus.
2802 2215 3036 2272 Etiamsi
3083 2216 3574 2287 apprehendamur,

1976 2321 2084 2362 non
2132 2305 2188 2360 in
2216 2305 2443 2362 concilia
2472 2320 2658 2363 eorum
2686 2305 3070 2376 perducemur,
3097 2321 3200 2362 nec
3252 2306 3306 2360 in
3338 2321 3580 2381 synago-

1978 2395 2064 2470 gis
2089 2394 2308 2452 illorum
2351 2393 2771 2468 ﬂagellabimur,
2806 2395 2903 2451 sed
2953 2394 3211 2452 Romanis
3254 2395 3442 2467 utique
3470 2412 3577 2469 po-

1977 2484 2260 2541 testatibus
2305 2490 2358 2540 et
2405 2483 2762 2540 tribunalibus
2817 2483 3153 2554 objiciemur.
3208 2484 3298 2540 Sic
3327 2483 3376 2524 3"
3409 2485 3580 2558 igitur

1976 2581 2029 2630 et
2056 2573 2198 2644 fugae
2240 2580 2573 2646 praeceptum
2603 2573 2974 2645 apostolorum
3005 2573 3240 2630 conditio
3288 2573 3576 2631 desidera-

1977 2661 2088 2734 bat,
2121 2663 2378 2734 quoniam
2409 2663 2582 2734 primo
2618 2661 3022 2733 praedicandum
3049 2672 3164 2719 erat
3193 2664 3266 2720 ad
3296 2680 3419 2721 oves
3444 2681 3576 2737 per-

1979 2753 2126 2810 ditas
2154 2753 2350 2810 domus
2369 2753 2620 2809 Israelis.
2646 2751 2854 2824 Utergo
2870 2752 3223 2824 perﬁceretur
3240 2753 3574 2823 praedicatio,

1978 2841 2120 2913 apud
2168 2858 2305 2914 quos
2333 2843 2382 2880 33
2431 2841 2638 2914 priores
2683 2841 2869 2913 perﬁci
2928 2844 3228 2912 oportebat,
3257 2842 3336 2896 uti
3381 2857 3575 2914 panem

261 2943 372 2989 rem
399 2945 460 2990 ει
486 2945 840 3007 potestatem,
873 2940 1017 3011 quod
1056 2941 1230 3010 ροεείι
1285 2957 1387 2997 nos
1426 2942 1564 2996 sicut
1604 2941 1875 3015 fugientes
1906 2938 1950 3016 ε
1977 2940 2099 2987 ante
2128 2930 2226 2986 ﬁlii
2257 2947 2416 2998 quam
2446 2946 2604 2986 canes
2627 2939 2922 2998 sumerent,
2947 2931 3072 2988 ideo
3101 2931 3215 2986 illis
3237 2931 3431 3004 fugere
3452 2939 3580 2989 tunc

272 3023 532 3079 reducere
563 3024 615 3062 3°
643 3024 697 3078 in
737 3027 1016 3095 medium;
1052 3028 1122 3082 ita
1168 3036 1221 3083 et
1268 3045 1376 3084 non
1421 3028 1715 3101 fugientes,
1766 3031 1875 3084 imo

281 3119 335 3164 et
359 3110 405 3166 in
442 3110 636 3167 medio
664 3115 851 3184 populo
882 3124 1272 3172 conversantes
1302 3119 1648 3174 obumbrare.
1701 3117 1874 3186 Quale

285 3209 370 3267 est,
415 3205 484 3254 ut
518 3199 591 3254 ad
618 3198 909 3275 fugiendum
940 3203 1053 3260 Deo
1083 3205 1345 3262 honorem
1378 3206 1599 3276 reddas,
1627 3207 1718 3278 qui
1749 3221 1873 3276 pos-

278 3290 348 3343 sit
374 3297 423 3344 te
442 3288 615 3345 etiam
641 3289 927 3365 fugientem
968 3295 1270 3365 producere
1301 3296 1355 3351 in
1377 3297 1636 3364 medium,
1659 3295 1726 3350 ad
1747 3311 1877 3352 con-

267 3378 584 3433 testandum
612 3377 659 3417 31
694 3388 874 3436 autem
906 3383 1200 3441 inhonores
1228 3383 1400 3449 illum,
1432 3385 1730 3456 desperans
1767 3400 1875 3456 po-

264 3467 493 3522 tentiam
523 3469 877 3539 protectionis
924 3473 992 3527 ab
1033 3472 1126 3528 illo
1151 3473 1178 3528 τ
1230 3471 1412 3542 Quare
1445 3474 1494 3512 32
1527 3489 1637 3529 non
1677 3476 1874 3546 magis,

261 3573 326 3613 ex
356 3558 464 3613 hac
493 3566 646 3629 parte
683 3561 998 3618 constantiae
1027 3571 1082 3618 et
1112 3562 1322 3619 ﬁduciae
1367 3563 1421 3617 in
1465 3564 1654 3634 Deum,
1687 3565 1824 3622 dicis
1856 3585 1870 3622 :

265 3644 404 3718 Ego,
438 3649 588 3719 quod
619 3664 800 3703 meum
844 3656 947 3716 est,
989 3649 1146 3720 facio,
1179 3666 1286 3708 non
1324 3650 1548 3708 discedo
1593 3673 1605 3710 :
1650 3653 1798 3710 Deus
1828 3652 1877 3709 si

267 3736 524 3804 voluerit,
557 3739 673 3808 ipse
705 3755 792 3792 me
825 3748 1074 3814 proteget
1104 3757 1117 3797 :
1150 3741 1255 3796 hoc
1289 3741 1468 3810 potius
1496 3749 1739 3798 nostrum
1772 3751 1874 3810 est,

266 3834 416 3882 stare
463 3829 566 3882 sub
615 3828 716 3883 Dei
765 3828 1010 3897 arbitrio,
1041 3847 1198 3902 quam
1249 3829 1438 3903 fugere
1493 3833 1594 3887 sub
1641 3833 1877 3889 nostro?

265 3915 507 3970 Rutilius
537 3918 910 3974 sanctissimus
952 3929 1156 3992 martyr
1195 3919 1334 3992 (11),
1366 3935 1494 3977 cum
1539 3920 1738 3976 totiens
1783 3921 1877 3977 fu-

266 4004 449 4074 gisset
480 4006 914 4078 persecutionem
938 4008 1006 4063 de
1038 4009 1156 4065 loco
1186 4008 1242 4064 in
1281 4009 1484 4076 locum,
1516 4009 1678 4066 etiam
1725 4011 1877 4082 peri-

267 4091 458 4146 culum
489 4092 574 4164 (ut
602 4095 853 4164 putabat)
892 4096 1126 4152 nummis
1165 4096 1510 4165 redemisset,
1543 4107 1667 4170 post
1707 4106 1874 4155 totam

266 4181 626 4238 securitatem
664 4199 824 4256 quam
873 4184 974 4240 sibi
1029 4194 1420 4258 prospexerat,
1467 4202 1534 4243 ex
1594 4187 1874 4258 inopinato

265 4270 669 4342 apprehensus,
701 4281 756 4329 et
783 4272 1003 4344 praesidi
1050 4274 1284 4342 oblatus,
1320 4275 1604 4332 tormentis
1641 4277 1878 4348 dissipa-

269 4368 391 4426 tus,
434 4359 599 4417 credo
647 4376 746 4432 pro
792 4359 935 4436 fugae
985 4362 1359 4435 castigatione,
1418 4364 1612 4422 dehinc
1658 4365 1878 4438 ignibus

267 4447 460 4518 datus,
501 4450 826 4520 passionem,
856 4468 1019 4525 quam
1042 4451 1256 4519 vitarat,
1287 4453 1675 4511 misericordiae
1707 4455 1756 4494 33
1775 4455 1877 4511 Dei

271 4537 490 4595 retulit.
532 4537 675 4608 Quid
714 4539 862 4596 aliud
909 4541 1085 4599 voluit
1129 4542 1396 4598 Dominus
1442 4542 1600 4598 nobis
1644 4543 1874 4598 demon-

268 4632 453 4680 strarc
482 4627 587 4682 hoc
622 4626 972 4698 documento,
1003 4645 1163 4703 quam
1213 4629 1533 4703 fugiendum
1583 4645 1694 4688 non
1730 4646 1872 4699 esse,

271 4714 409 4785 quia
438 4711 573 4768 nihil
611 4714 743 4791 fuga
770 4717 942 4792 prosit
969 4719 1014 4774 si
1053 4719 1200 4776 Deus
1238 4719 1417 4776 nolit?

1985 3019 2051 3073 ad
2091 3027 2304 3088 tempus
2333 3018 2578 3090 prmeipit
2609 3035 2622 3072 :
2660 3033 2769 3073 non
2804 3026 3026 3091 prepter
3062 3020 3388 3076 eludendum
3420 3019 3468 3060 39
3491 3037 3581 3092 pe-

1984 3106 2212 3164 riculum
2272 3106 2494 3177 preprio
2542 3107 2594 3144 ἰο
2640 3107 2862 3162 nomine
2921 3110 3310 3178 persecutionis
3373 3109 3579 3180 (atquin

1985 3194 2389 3268 persecutiones
2418 3209 2511 3250 eos
2541 3209 2800 3266 passuros
2831 3196 3174 3264 praedicabat,
3200 3205 3253 3252 et
3275 3197 3582 3254 tolerandas

1982 3285 2275 3356 docebat);
2343 3283 2439 3338 sed
2498 3289 2720 3354 propter
2776 3282 3075 3354 profectum
3131 3286 3578 3352 annuntiationis,

1985 3393 2072 3442 ne,
2105 3375 2287 3430 statim
2315 3373 2363 3411 θιι
2394 3373 2692 3444 oppressis,
2734 3370 3021 3444 Evangelii
3048 3387 3266 3444 quoque
3322 3372 3580 3429 dissemi-

1985 3464 2135 3521 natio
2174 3461 2545 3536 perimeretur.
2577 3460 2765 3532 Neque
2795 3460 2937 3516 enim
2967 3458 3120 3531 quasi
3172 3460 3326 3514 tacite
3372 3460 3427 3513 in
3475 3460 3580 3514 ali-

1985 3571 2144 3628 quam
2199 3551 2472 3609 civitatem
2533 3549 3005 3622 transfugiendum
3063 3559 3207 3616 erat,
3266 3549 3361 3604 sed
3427 3549 3582 3622 quasi

1987 3643 2186 3714 ubique
2225 3640 2640 3705 annuntiaturis,
2671 3646 2726 3695 et
2757 3654 2821 3694 ex
2871 3639 2974 3696 hoc
3001 3638 3201 3711 ubique
3239 3639 3581 3710 persecutio-

1989 3749 2090 3790 nes
2115 3731 2394 3798 subituris,
2426 3731 2602 3786 donec
2622 3729 2895 3800 replerent
2924 3728 3160 3784 doctrina
3194 3745 3289 3784 sua
3317 3729 3385 3782 ⁸⁸2.
3421 3729 3584 3784 Deni-

1988 3840 2091 3897 que
2124 3842 2135 3880 :
2168 3824 2291 3880 Non
2320 3820 2804 3886 consummabitis,
2839 3818 3034 3891 inquit,
3066 3819 3326 3877 civitates
3357 3819 3582 3874 Israelis

1986 3915 2206 3986 (Matth.
2229 3929 2290 3984 x,
2316 3912 2407 3983 33)
2427 3909 2574 3967 Adeo
2592 3910 2728 3965 intra
2752 3908 3012 3964 terminos
3030 3908 3231 3963 Judtete
3261 3918 3584 3979 praeceptum

1987 4003 2131 4075 fugae
2160 4000 2558 4058 continebatur.
2595 3997 2768 4055 Nobis
2796 4004 2976 4053 autem
3014 3995 3160 4052 nulla
3187 3997 3389 4052 Iudaeae
3438 4013 3584 4067 prae-

1987 4090 2157 4148 ﬁnitio
2188 4090 2446 4163 competit
2467 4087 2892 4162 praedicationis,
2917 4086 2972 4142 in
3001 4100 3218 4142 omnem
3239 4086 3351 4156 jam
3373 4102 3587 4141 carnem

1989 4180 2165 4238 effuso
2217 4180 2421 4250 Spiritu
2477 4187 2684 4234 sancto.
2742 4178 2930 4248 Itaque
2986 4175 3203 4245 Paulus,
3263 4183 3316 4230 et
3352 4175 3587 4247 apostoli

1992 4270 2115 4343 ipsi,
2156 4283 2424 4324 memores
2453 4265 2708 4338 praecepti
2735 4263 3014 4334 dominici,
3048 4270 3418 4321 contestantur
3456 4263 3586 4318 illud

1986 4361 2128 4432 apud
2157 4358 2343 4424 Israel,
2376 4372 2540 4429 quem
2585 4358 2697 4427 jam
2746 4354 2991 4411 doctrina
3035 4369 3134 4409 sua
3175 4353 3523 4426 impleverant
3569 4370 3582 4410 :

1996 4451 2143 4509 Vobis
2173 4449 2431 4521 oportuit
2464 4447 2527 4502 in
2555 4447 2762 4517 primis
2791 4459 3112 4502 sermonem
3134 4444 3234 4500 Dei
3269 4443 3440 4500 tradi.
3483 4440 3587 4499 Sed

1984 4542 2254 4615 quoniam
2280 4536 2574 4610 repulistis
2604 4550 2753 4599 eum,
2778 4549 2881 4590 nec
2910 4534 3107 4604 dignos
3119 4550 3210 4591 vos
3230 4537 3451 4588 aeterna
3468 4533 3587 4587 vita

1981 4631 2379 4697 existimastis,
2401 4640 2525 4685 ecce
2545 4623 2926 4682 convertimus
2951 4638 3050 4679 nos
3071 4621 3144 4677 ad
3160 4621 3418 4677 nationes
3440 4619 3583 4689 (Act.

1979 4733 2105 4786 xui,
2139 4720 2252 4791 46).
2285 4719 2462 4791 Atque
2499 4711 2695 4774 exinde
2725 4709 2971 4770 conversi
3001 4718 3056 4765 et
3083 4707 3214 4780 ipsi,
3244 4707 3386 4764 sicut
3432 4711 3586 4761 ante-

1651 4870 1844 4936 Varim
1888 4872 2200 4938 lectiones.

343 4998 816 5075 1:§_Praesumendo
846 5003 1056 5075 Rigalt.
1081 5000 1128 5044 2‘3
1159 5000 1215 5059 Si
1236 5019 1358 5060 cum
1389 5004 1562 5064 Rheu.
1583 5005 1633 5046 ³ο
1660 5006 1902 5062 Educere
1931 5007 2092 5061 Pam.
2117 5003 2341 5061 Seml.31
2374 5000 2458 5058 Ad
2487 5000 3047 5075 constandumARheu.
3081 4993 3130 5038 ³2
3149 4997 3374 5075 Ωυαιιβᾳ
3401 4996 3586 5075 Rheu.

268 5072 320 5111 ³³
353 5072 731 5128 Misericordia
751 5071 929 5130 RhenI
951 5077 1001 5114 3"
1028 5077 1106 5130 Ea
1140 5077 1266 5134 Cod.
1313 5079 1507 5136 Wouw.
1529 5077 1578 5115 ³⁵
1616 5080 1852 5134 Persona
1881 5079 2041 5134 Pam.
2081 5078 2252 5134 Rhea.
2278 5075 2326 5114 35
2364 5076 2528 5132 Verba
2558 5074 2720 5131 uncis
2752 5073 2978 5129 inclusa
2997 5074 3210 5129 Pamel.
3245 5071 3463 5127 addidit
3495 5089 3590 5129 re-

266 5160 392 5199 σενι

267 5162 330 5199 ce
371 5162 540 5217 Uth8
569 5162 690 5216 mg.
725 5162 768 5184 οι
800 5162 858 5201 Si
888 5162 1062 5205 tmen.
1091 5162 1140 5186 σο
1169 5162 1331 5220 Apud
1353 5165 1420 5206 uo

267 5162 458 5274 Rieu.
493 5216 632 5273 Jun.
664 5217 714 5256 ¹ι²
743 5218 1055 5275 Doctrinam
1085 5235 1241 5276 suam
1259 5222 1421 5277 Pam.

403 5148 540 5220 tque
569 5143 770 5220 819θῖ
800 5145 858 5201 Si
888 5147 1062 5220 Rhea.
1091 5149 1140 5186 38
1169 5149 1331 5220 Apud
1353 5165 1451 5206 nos
1478 5151 1662 5209 Venet.
1692 5149 1742 5190 39
1770 5149 2094 5206 Elidendum
2125 5149 2300 5208 Rhea.
2336 5146 2503 5205 Seml.
2532 5151 2637 5204 etc.
2669 5147 2720 5184 "0
2747 5145 2848 5202 Pro
2880 5145 3097 5202 nomine
3129 5146 3264 5202 Jun.
3288 5145 3334 5184 ⁴ι
3387 5145 3592 5202 Statum

1686 5343 2187 5416 Commentarius.

306 5552 317 5562 _
342 5479 461 5554 (10')
491 5479 678 5567 Igitur
703 5481 1428 5567 quiputantfugiendum.
1469 5483 1529 5541 In
1558 5481 1744 5567 codice
1781 5483 1884 5567 D_i_-

268 5555 548 5630 vioueusi,
592 5556 667 5610 Eo
697 5555 769 5630 ad
797 5555 999 5630 igitur.
1040 5555 1356 5630 ibidemque
1403 5556 1458 5624 in
1503 5555 1774 5630 margine,
1811 5558 1885 5616 Eo

270 5625 364 5699 ad,
397 5624 460 5684 id
499 5630 603 5693 est,
641 5625 796 5687 adeo.
819 5624 960 5684 'Rte.

2063 5483 2182 5559 (ii)
2212 5481 2475 5559 Rutilius
2496 5479 2895 5559 sanctissimus
2913 5481 3156 5559 martyr.
3187 5476 3385 5559 Passus
3423 5479 3508 5559 est
3534 5470 3592 5559 lu

1992 5543 2179 5616 Africa
2225 5570 2349 5613 cum
2397 5554 2621 5614 Silvano
2657 5559 2713 5610 et
2748 5550 2980 5609 Maximo
3011 5543 3095 5608 ut'
3117 5563 3182 5606 ex
3207 5543 3591 5621 MarterIOgio

1993 5636 2159 5707 patet,
2189 5628 2244 5688 in
2275 5641 2384 5706 quo
2413 5626 2573 5696 male,
2600 5624 2847 5684 Rutilus.
2887 5622 2966 5680 Le
2997 5623 3091 5682 Pu.
