4036 6172
425 277 521 337 131

1099 264 1544 331 TERTULLIANI
1583 261 1845 328 OPERUM
1910 262 2081 325 PARS
2118 264 2185 328 ll.
2226 299 2296 312 —
2331 264 2559 329 SEBIES
2595 269 2636 339 Ι,
2679 271 3027 333 POLEMICA.

3613 260 3715 323 132

423 418 669 461 cessores
712 400 1078 464 instituerant,
1129 398 1184 451 in
1228 397 1367 455 viam
1420 398 1694 453 nationum
1743 394 2010 456 abierunt,
2046 407 2091 485 Α
2124 403 2274 462 paret
2321 412 2386 450 ex
2430 397 2514 451 his
2559 413 2778 470 quoque
2826 404 3153 468 praeceptum
3205 390 3346 462 fugai
3394 404 3545 445 suam
3597 397 3725 447 tunc

427 504 482 549 et
531 494 585 548 in
634 490 879 549 civitates
928 488 1382 544 Samaritanorum
1431 487 1792 551 introierunt;
1841 489 1903 537 ut
1952 484 2013 537 In

430 586 611 639 totam
640 581 843 637 scilicet
866 584 1081 636 terram
1103 578 1290 633 exiret
1307 593 1475 632 sonus
1494 592 1709 639 eorum,
1733 577 1789 629 et
1818 574 1880 627 in
1904 576 2016 626 ter-

423 674 609 727 minos
629 670 775 727 orbis
795 686 947 726 voces
969 682 1161 724 eorum
1182 665 1352 736 (Psal.
1375 681 1543 731 xvm,
1571 666 1644 735 l).
1669 663 1723 719 Si
1746 676 1876 734 ergo
1895 676 2014 715 ces-

425 760 560 815 savit
590 757 837 830 exceptio
868 756 967 812 vias
998 755 1296 819 nationum,
1327 764 1378 808 et
1409 752 1664 809 introitus
1684 751 1739 805 in
1769 750 2016 805 civitates

424 848 898 913 Samaritanorum,
947 861 1047 900 cur
1074 859 1179 899 non
1238 842 1523 898 cessaverit
1551 849 1601 897 et
1625 841 1770 914 fuga:
1803 854 2010 909 praece-

425 944 575 1007 ptum
626 937 822 1007 pariter
879 934 1178 989 emissum?
1224 931 1463 1005 Denique
1510 947 1575 986 ex
1623 946 1728 1000 quo
1775 936 2013 983 saturato

424 1025 620 1080 Israele
660 1022 891 1094 apostoli
940 1024 997 1076 in
1049 1021 1293 1075 nationes
1323 1018 1668 1081 transierunt,
1722 1032 1822 1071 nec
1853 1015 2013 1085 fuge-

424 1120 547 1170 runt
576 1113 644 1168 de
671 1111 885 1167 civitate
934 1110 986 1164 in
1018 1109 1307 1173 civitatem,
1350 1122 1451 1162 nec
1484 1106 1590 1178 pati
1618 1105 2012 1160 dubitaverunt.

422 1201 622 1273 Atquin
664 1213 719 1257 et
768 1200 981 1269 Paulus,
1015 1198 1109 1270 qui
1157 1214 1216 1252 se
1264 1213 1358 1267 per
1406 1211 1625 1251 murum
1671 1199 2015 1250 concesserat

362 1322 368 1325 -
422 1288 664 1361 expediri
703 1289 772 1344 de
825 1286 1225 1358 persecutione,
1277 1300 1384 1355 qua
1427 1286 1492 1338 ad
1524 1284 1630 1337 hoc
1660 1289 1875 1352 tempus
1900 1286 2017 1334 erat

425 1376 699 1449 praecepti;
750 1377 890 1432 idem
927 1377 1036 1445 jam
1086 1375 1137 1427 in
1183 1373 1431 1428 clausula
1476 1370 1668 1437 ofﬁcii,
1709 1368 1847 1425 etin
1877 1383 2014 1424 con-

423 1467 778 1523 summatione
822 1462 1097 1536 praecepti,
1154 1460 1324 1517 ιιθ
1367 1458 1651 1530 discipulis
1690 1471 2017 1530 magnopere

425 1553 858 1624 deprecantibus,
891 1568 959 1606 ne
985 1566 1045 1607 se
1074 1550 1447 1621 Hierosolyma
1475 1547 1852 1610 committeret,
1892 1559 2016 1615 pas-

2126 483 2382 539 habuisse
2437 487 2699 541 rationem
2756 503 2919 559 quam
2983 480 3332 539 ostendimus.
3400 479 3508 551 Sed
3569 478 3722 535 infir-

2121 571 2379 643 mitatem,
2431 573 2623 646 inquit,
2669 573 3033 644 quorumdam
3065 567 3403 641 pI‘OSpiCiCIlS
3429 568 3719 638 Dominus,

2124 674 2221 729 pro
2259 677 2357 715 sua
2416 661 2745 717 humanitate
2800 658 3155 715 nihilominus
3202 664 3253 710 et
3311 663 3529 726 portum
3576 658 3717 727 fugai

2122 747 2505 806 demonstravit
2556 765 2711 804 :non
2757 749 2902 804 enim
2946 747 3180 801 idoneus
3225 753 3340 799 erat
3385 742 3544 797 etiam
3599 743 3717 799 sine

2123 838 2250 912 fuga
2281 847 2384 893 tam
2428 840 2592 911 turpi,
2623 846 2677 895 et
2706 839 2929 912 indigno
2961 846 3013 891 et
3044 834 3227 891 servili
3262 833 3512 904 prtesidio
3539 834 3717 890 salvos

2121 927 2303 985 facere
2341 931 2393 984 in
2425 929 2827 1002 persecutione,
2863 944 3000 1001 quos
3032 928 3192 982 sciret
3218 924 3479 979 infirmos.
3514 924 3717 995 Atquin

2122 1033 2231 1072 non
2288 1016 2450 1086 fovet,
2498 1019 2594 1074 sed
2636 1026 2845 1074 recusat
2899 1031 3111 1086 semper
3157 1012 3426 1083 infirmos;
3487 1011 3717 1083 primum

2121 1109 2326 1163 docens
2354 1123 2461 1163 non
2506 1108 2792 1180 fugiendos
2841 1122 2963 1162 esse
2993 1113 3387 1177 persecutores,
3419 1103 3514 1157 sed
3542 1103 3722 1173 potius

2122 1211 2230 1251 non
2262 1196 2547 1251 timendos.
2580 1199 2763 1254 Nolite
2795 1199 2995 1253 timere
3015 1212 3103 1253 eos
3132 1195 3230 1265 qui
3254 1209 3454 1265 corpus
3477 1194 3721 1250 occidere

2119 1289 2379 1356 possunt,
2396 1286 2607 1341 animae
2626 1291 2820 1342 autem
2831 1284 3395 1355 nihilvalent/‘acere.
3412 1283 3517 1339 Sed
3529 1284 3722 1338 timete

2123 1391 2254 1431 eum
2285 1377 2380 1447 qui
2407 1380 2461 1430 et
2483 1392 2687 1448 corpus
2713 1381 2768 1432 et
2785 1376 3041 1430 animam
3057 1374 3290 1446 perdere
3320 1376 3504 1445 potest
3532 1373 3597 1427 in
3628 1390 3722 1444 ge-

2125 1464 2373 1519 hennam
2417 1463 2639 1531 (Matth.
2684 1480 2745 1533 x,
2777 1466 2892 1536 28).
2923 1463 3102 1535 Atque
3130 1461 3327 1518 exinde
3368 1478 3492 1533 quae
3520 1460 3723 1517 timidis

2121 1551 2385 1624 praeﬁnit?
2410 1555 2517 1622 Qui
2536 1555 2721 1626 pluris
2743 1556 2944 1627 fecerit
2965 1554 3224 1610 animam
3243 1568 3406 1608 suam
3416 1569 3587 1625 quam
3608 1568 3718 1618 me,

425 1657 586 1698 sums
613 1640 725 1695 ίηίο
776 1655 899 1711 quae
926 1638 1147 1728 Asabns
1190 1638 1627 1728 PPPPhelaverat,
1661 1631 2013 1728 sollicitudini
2051 1651 2096 1728 Β
2124 1658 2240 1700 non
2259 1645 2341 1699 est
2359 1657 2449 1698 me
2463 1643 2697 1714 dignus;
2720 1651 2809 1699 et:
2839 1644 2944 1711 Qui
2967 1640 3111 1697 Ill
3158 1658 3273 1699 non
3306 1641 3456 1697 tollit
3492 1657 3720 1699 crucem

427 1744 617 1786 eorum
646 1743 757 1783 non
803 1726 1153 1797 subscripsit;
1186 1725 1282 1779 sed
1319 1740 1350 1779 e
1379 1723 1649 1792 contrario
1678 1739 1692 1776 :
1734 1724 1893 1791 Quid,
1928 1720 2015 1774 in-

426 1818 560 1891 quit,
576 1818 770 1888 facitis
793 1817 1174 1889 lacrymantes
1194 1816 1252 1869 et
1268 1811 1669 1871 conturbantes
1685 1826 1780 1867 cor
1795 1824 1984 1866 meum
1999 1812 2022 1865 ἵ

430 1910 539 1979 Ego
558 1908 712 1963 enim
721 1920 836 1961 non
850 1905 1011 1961 modo
1021 1902 1251 1959 vincula
1258 1902 1387 1974 pati
1397 1900 1731 1973 optaverim,
1744 1898 1837 1955 sed
1846 1899 2022 1954 etiam

429 1996 580 2054 mori
631 1995 1024 2067 Hierosolymis
1058 2009 1163 2065 pro
1202 1992 1437 2049 nomine
1480 1990 1709 2047 Domini
1752 1990 1866 2045 mei
1895 1989 2023 2044 Jesu

436 2085 667 2141 Christi.
691 2084 864 2156 Atque
882 2083 955 2138 ita
984 2096 1174 2138 omnes
1193 2079 1401 2135 aierunt
1428 2096 1441 2134 :
1475 2080 1606 2134 Fiat
1627 2078 1890 2135 uoluntas
1918 2078 2024 2134 D0-

430 2175 579 2233 mini
621 2174 764 2243 (Act.
795 2187 921 2243 xxi,
975 2172 1091 2241 17).
1135 2168 1268 2236 Quae
1315 2177 1432 2226 erat
1475 2169 1721 2224 voluntas
1755 2165 2023 2223 Domini?

434 2263 628 2335 utique
655 2279 763 2321 non
800 2261 1050 2334 fugiendi
1092 2262 1205 2331 jam
1242 2258 1689 2330 persecutionem.
1729 2256 2020 2323 Caeterum,

433 2360 685 2425 poterant
710 2359 762 2408 et
792 2351 1029 2424 priorem
1066 2348 1280 2405 Domini
1307 2348 1635 2405 voluntatem
1677 2345 2026 2417 proposuisse

435 2457 544 2513 qua
592 2440 779 2513 fugere
836 2439 1209 2508 mandaverat,
1255 2436 1348 2508 qui
1395 2434 1545 2491 illam
1592 2433 2026 2506 persecutionem

440 2529 640 2588 vitasse
692 2528 1009 2584 maluerant.
1058 2526 1249 2599 Igitur,
1279 2540 1405 2581 cum
1435 2523 1598 2580 etiam
1628 2524 1729 2579 sub
1766 2522 2027 2591 apostolis

437 2616 572 2689 ipsis
604 2616 897 2687 temporale
938 2614 1039 2671 fuit
1065 2614 1207 2686 fugae
1251 2618 1604 2684 prmeeptum,
1636 2610 1774 2667 sicut
1800 2619 1854 2667 et
1889 2611 2024 2667 reli-

436 2720 666 2781 quorum
715 2704 1172 2776 praescriptorum,
1211 2717 1319 2759 non
1366 2709 1547 2774 potest
1571 2701 1715 2773 apud
1745 2715 1846 2757 nos
1892 2717 2025 2771 per-

438 2808 689 2850 severare
730 2793 875 2865 quod
921 2791 1066 2864 apud
1118 2791 1366 2849 doctores
1412 2798 1628 2847 nostros
1675 2791 2023 2857 concessavit,

440 2884 541 2938 etsi
585 2898 693 2939 non
740 2881 958 2955 proprie
989 2882 1056 2938 ad
1096 2881 1221 2937 illos
1265 2879 1458 2937 fuisset
1502 2881 1759 2936 emissum
1795 2896 1808 2935 :
1862 2888 1957 2936 aut
1986 2881 2031 2935 si

440 2987 790 3045 perseverare
853 2971 987 3027 illud
1045 2969 1306 3027 Dominus
1361 2970 1548 3037 voluit,
1599 2970 1940 3043 deliquerunt
1982 2970 2034 3008 4³

442 3060 668 3136 apostoli
700 3061 794 3136 qui
846 3076 955 3117 non
984 3076 1157 3135 usque
1185 3062 1242 3116 in
1271 3059 1438 3117 ﬁnem
1468 3060 1653 3133 fugere
1680 3066 2024 3117 curaverunt.

1049 3201 1276 3261 CAPUT
1307 3203 1422 3261 VII.

508 3329 804 3389 Videamus
858 3344 1002 3386 nunc
1031 3345 1100 3385 an
1125 3336 1181 3385 et
1207 3339 1403 3386 caetera
1430 3326 1664 3389 Domini
1682 3327 1861 3384 edicta
1890 3341 2026 3383 con-

445 3430 639 3495 gruant
682 3427 943 3494 perpetuo
980 3422 1125 3490 fugas
1175 3427 1465 3491 prmeepto.
1496 3416 1675 3473 Primo
1715 3416 1951 3489 quidem,
1983 3416 2029 3471 si

445 3513 616 3567 a‘Deo
654 3507 959 3583 persecutio
989 3516 1093 3575 est,
1125 3506 1284 3580 quale
1326 3514 1407 3563 est
1452 3515 1514 3562 ut
1540 3505 1687 3561 idem
1716 3505 2029 3578 fugiendam

442 3617 563 3657 eam
608 3599 847 3665 mandet,
893 3597 987 3670 qui
1036 3604 1091 3652 et
1116 3596 1317 3654 infert?
1362 3612 1526 3670 quam
1562 3595 1610 3651 si
1657 3595 1813 3655 evadi
1842 3595 2028 3663 vellet,

442 3692 639 3748 melius
694 3704 800 3745 non
846 3689 1176 3755 immitteret,
1239 3704 1305 3743 ne
1351 3688 1629 3744 voluntate
1686 3686 2030 3757 praevaricari

442 3779 741 3837 videretur.
769 3779 875 3832 Aut
903 3776 1012 3846 pati
1056 3774 1199 3832 enim
1244 3791 1343 3832 nos
1369 3774 1539 3832 voluit
1567 3774 2029 3845 persecutionem,

444 3877 535 3924 aut
579 3868 788 3939 fugere.
817 3865 875 3922 Si
916 3865 1126 3938 fugere,
1169 3865 1444 3938 quomodo
1474 3864 1622 3937 pati?
1653 3863 1698 3919 si
1726 3863 1857 3935 pati,
1886 3878 2031 3937 quo-

446 3957 607 4014 modo
638 3956 870 4028 fugere?
898 3957 1017 4010 lam
1058 3970 1190 4012 vero
1221 3962 1421 4027 quanta
1447 3952 1783 4025 inaequalitas
1810 3961 2033 4009 senten-

444 4048 637 4104 tiarum
684 4045 921 4116 jubentis
958 4045 1169 4116 fugere,
1202 4054 1258 4100 et
1305 4043 1579 4099 invitantis
1607 4042 1674 4098 ad
1705 4042 2031 4114 passionem,

445 4134 766 4194 contrariam
794 4133 976 4207 fugae?
1033 4134 1138 4201 Qui
1162 4134 1450 4205 confessus
1492 4134 1677 4204 fuerit
1704 4149 1817 4206 me,
1848 4137 1905 4190 et
1933 4149 2030 4205 ego

445 4224 747 4297 conﬁtebor
763 4238 895 4280 eum
938 4238 1131 4279 coram
1158 4224 1330 4280 Patre
1371 4238 1494 4279 meo
1544 4222 1767 4292 (Matth.
1815 4238 1879 4294 x,
1919 4223 2032 4296 31).

2123 1745 2288 1785 suam
2310 1732 2366 1786 et
2381 1733 2634 1803 sequitur
2643 1747 2752 1797 me,
2774 1746 2889 1788 non
2896 1732 3086 1801 potest
3104 1742 3221 1784 esse
3233 1744 3390 1783 meus
3408 1727 3721 1803 discipulus

2131 1818 2286 1891 (Luc.
2317 1833 2435 1884 XIV,
2462 1817 2572 1889 26).
2603 1819 2903 1883 Postremo,
2935 1818 2989 1871 in
3038 1817 3370 1890 Apocalypsi
3398 1833 3506 1872 non
3537 1815 3722 1890 fugam

2127 1905 2331 1964 timidis
2376 1906 2559 1973 offert,
2591 1906 2689 1963 sed
2736 1907 2875 1963 inter
2903 1913 3134 1962 caeteros
3176 1905 3443 1976 reprobos
3473 1905 3720 1978 particu-

2126 1996 2230 2052 lam
2272 1997 2329 2052 in
2374 2007 2567 2069 stagno
2611 1994 2887 2068 sulphuris
2932 2003 2988 2052 et
3034 1991 3199 2067 ignis,
3250 1995 3399 2066 quod
3451 1998 3535 2051 est
3576 2010 3725 2052 mors

2127 2085 2363 2144 secunda
2384 2084 2528 2159 (cap.
2550 2100 2668 2155 xxx,
2698 2101 2752 2143 v.
2792 2085 2872 2156 8).

2723 2226 2947 2286 CAPUT
2988 2226 3125 2284 VIII.

2200 2352 2422 2428 Refugit
2465 2361 2516 2410 et
2552 2353 2669 2425 ipse
2714 2354 2823 2410 vim
2874 2352 3148 2409 interdum
3210 2351 3343 2422 (l2),
3385 2349 3482 2406 sed
3533 2351 3725 2407 eadem

2132 2445 2339 2501 ratione
2397 2458 2505 2515 qua
2560 2443 2820 2513 apostolis
2866 2443 3057 2514 fugere
3108 2449 3480 2512 praeceperat;
3550 2440 3726 2497 donec

2132 2534 2339 2591 scilicet
2369 2533 2665 2589 doctrinam
2697 2548 2847 2588 suam
2876 2531 3155 2603 impleret;
3197 2544 3304 2601 qua
3331 2539 3722 2600 consummata,

2133 2638 2242 2678 non
2271 2622 2393 2678 dico
2436 2621 2597 2690 stetit,
2639 2620 2737 2676 sed
2785 2636 2886 2675 nec
2932 2618 3189 2674 auxilium
3238 2634 3270 2672 a
3297 2618 3454 2673 Patre
3501 2618 3727 2692 angelo-

2134 2729 2255 2769 rum
2301 2711 2638 2768 exercituum
2685 2709 3033 2779 desideravit,
3066 2707 3331 2779 increpito
3381 2707 3542 2763 etiam
3581 2708 3726 2763 Petri

2139 2800 2337 2874 gladio,
2371 2798 2651 2872 professus
2680 2798 2903 2871 quidem
2929 2806 2980 2853 et
3008 2797 3127 2868 ipse
3147 2804 3229 2852 est
3258 2795 3490 2851 animam
3518 2796 3728 2855 anxiam

2140 2905 2314 2962 usque
2361 2889 2427 2943 ad
2458 2895 2689 2944 mortem
2738 2893 2791 2941 et
2819 2901 3036 2942 carnem
3081 2882 3380 2957 inﬁrmam;
3422 2891 3481 2939 ut
3510 2884 3606 2940 tibi
3634 2900 3731 2941 os-

2142 2980 2408 3045 tenderet,
2454 2977 2650 3048 primo,
2701 2975 2758 3031 in
2808 2991 2868 3031 se
2906 2984 3191 3046 utramque
3239 2974 3591 3031 substantiam
3638 2975 3733 3030 hu-

2141 3085 2353 3125 manam
2402 3066 2587 3133 fuisse,
2618 3082 2683 3121 ex
2731 3065 3065 3139 prOprietate
3112 3063 3404 3120 anxietatis
3431 3063 3645 3132 animae,
3676 3071 3734 3121 et

2136 3155 2520 3215 imbecillitatis
2557 3155 2767 3224 carnis;
2814 3170 2885 3211 ne
2948 3153 3107 3209 aliam
3154 3153 3237 3225 (ut
3301 3153 3520 3225 quidam
3586 3170 3734 3210 nunc

2135 3246 2484 3316 induxerunt)
2528 3252 2621 3298 aut
2666 3258 2885 3300 carnem
2917 3250 3009 3299 aut
3053 3242 3288 3298 animam
3334 3241 3530 3298 Christi
3556 3240 3728 3297 inter-

2136 3334 2461 3409 pretareris;
2512 3332 2727 3402 dehinc,
2781 3341 2841 3390 ut
2904 3333 3288 3390 demonstratis
3329 3332 3736 3389 conditionibus

2137 3440 2345 3493 earum,
2397 3422 2566 3481 scires
2610 3421 2733 3478 illas
2759 3422 2895 3478 nihil
2940 3424 3117 3491 valere
3143 3438 3241 3494 per
3269 3421 3590 3494 semetipsas
3620 3422 3736 3479 sine

2135 3514 2347 3590 spiritu.
2383 3515 2451 3570 Et
2471 3514 2594 3569 ideo
2615 3512 2899 3584 praeponit,
2926 3514 3172 3586 Spiritus
3189 3515 3486 3586 promptus
3507 3510 3734 3584 (Matth.

2138 3619 2294 3671 xxvn,
2319 3603 2432 3673 41),
2454 3608 2511 3657 ut
2529 3608 2812 3674 utramque
2829 3600 3197 3658 conditionem
3213 3600 3525 3657 substantiae
3539 3600 3739 3658 utrius-

2140 3711 2247 3765 que
2291 3690 2613 3763 respiciens,
2659 3689 2930 3763 intelligas
2967 3690 3021 3744 in
3059 3698 3111 3744 te
3142 3705 3263 3745 esse
3309 3691 3469 3745 etiam
3517 3687 3737 3746 fortitu-

2142 3783 2321 3838 dinem
2370 3780 2613 3852 spiritus,
2658 3780 2931 3850 quomodo
2961 3788 3012 3835 et
3038 3777 3404 3834 infirmitatem
3432 3780 3644 3849 carnis;
3673 3795 3737 3835 ac

2140 3873 2252 3943 jam
2271 3870 2398 3926 hinc
2427 3868 2569 3925 scias
2589 3871 2721 3941 quid
2740 3869 2884 3924 unde
2913 3868 3095 3937 facias,
3117 3880 3171 3924 et
3196 3868 3325 3940 quid
3346 3867 3431 3924 cui
3452 3867 3734 3938 subjicias;

2146 3959 2412 4017 infirmum
2443 3957 2650 4014 scilicet
2704 3956 2829 4014 forti
2863 3975 2877 4012 :
2908 3973 2998 4029 ne,
3028 3964 3085 4012 ut
3111 3973 3255 4013 nunc
3284 3955 3432 4023 facis,
3463 3956 3531 4012 de
3560 3954 3739 4013 carnis

2146 4050 2360 4123 quidem
2406 4046 2719 4103 inﬁrmitate
2748 4047 3013 4114 causeris,
3066 4047 3133 4102 de
3161 4045 3381 4119 spiritus
3425 4055 3607 4102 autem
3636 4044 3735 4102 ﬁr-

2145 4133 2329 4191 mitate
2375 4131 2704 4191 dissimules.
2755 4132 3053 4189 Postulavit
3097 4142 3149 4188 et
3195 4132 3314 4202 ipse
3356 4149 3387 4187 a
3426 4133 3580 4187 Patre
3622 4151 3636 4188 :
3679 4133 3741 4189 Si

2143 4226 2271 4297 ﬁeri
2296 4226 2499 4297 posset,
2530 4224 2805 4280 transiret
2821 4224 2887 4280 ab
2906 4224 3007 4280 illo
3029 4222 3188 4279 calix
3205 4224 3503 4295 passionis.
3529 4220 3740 4277 Postula

447 4312 729 4385 Quomodo
753 4311 1095 4369 conﬁtebitur
1123 4309 1375 4383 fugiens?
1400 4310 1678 4382 quomodo
1708 4310 1877 4382 fugiet
1912 4325 2037 4367 con-
2070 4300 2115 4378 Β
2148 4323 2202 4373 et
2231 4321 2307 4381 tu,
2340 4313 2431 4370 sed
2478 4322 2624 4369 stans
2670 4323 2729 4369 ut
2775 4314 2890 4383 ille,
2921 4312 3017 4369 sed
3063 4312 3343 4386 postulans
3384 4320 3611 4381 tantum,
3646 4311 3741 4368 sed

446 4404 644 4461 ﬁtens?
669 4404 774 4473 Qui
789 4403 853 4459 in
873 4418 964 4459 me
974 4405 1242 4475 confusus
1252 4402 1452 4473 fuerit,
1467 4406 1523 4458 et
1533 4416 1631 4473 ego
1642 4400 1962 4473 confundar
1974 4402 2036 4457 in

448 4496 551 4553 illo
580 4508 772 4551 coram
799 4495 971 4551 Patre
1002 4494 1193 4565 (Marc.
1223 4507 1343 4557 vm,
1377 4494 1478 4561 38;
1509 4493 1643 4548 Luc.
1674 4506 1797 4557 xix,
1829 4491 1942 4558 26).
1982 4490 2039 4545 Si

447 4583 630 4642 devito
675 4582 1005 4655 passionem,
1053 4581 1326 4640 confundo
1373 4580 1789 4653 confessionem,
1829 4580 2038 4638 Felices

448 4676 547 4750 qui
574 4674 1023 4749 persecutionem
1043 4673 1199 4745 passi
1224 4671 1453 4741 fuerint
1472 4686 1645 4728 causa
1661 4671 1911 4727 nominis
1929 4673 2041 4729 mei

450 4764 671 4835 (Matth.
706 4779 766 4829 v,
798 4763 908 4833 11).
939 4760 1191 4818 Infelices
1221 4774 1354 4833 ergo
1392 4760 1486 4833 qui
1514 4758 1773 4835 fugiendo
1802 4777 1867 4817 ex
1899 4777 2040 4832 prae-

449 4860 608 4923 cepto
635 4866 744 4907 non
763 4858 924 4907 erunt
949 4850 1117 4923 passi.
1148 4851 1255 4919 Qui
1272 4850 1611 4907 sustinuerit
1631 4850 1696 4905 in
1713 4840 1907 4920 ﬁnem,
1931 4852 2042 4908 iste

448 4940 763 4999 salvabitur
802 4938 1033 5011 (Matth.
1080 4954 1141 5005 κ,
1174 4936 1287 5011 22).
1337 4937 1479 5008 Quid
1524 4952 1673 5009 ergo,
1716 4954 1804 4998 me
1838 4939 2042 5010 jubens

448 5029 662 5101 fugere,
708 5027 792 5085 vis
845 5027 901 5083 in
963 5025 1127 5083 ﬁnem
1174 5025 1481 5083 sustinere?
1528 5026 1699 5083 Tanta
1763 5027 2043 5085 diversitas

450 5116 835 5177 sententiarum
877 5114 923 5173 si
959 5130 1069 5173 non
1114 5114 1366 5191 congruit
1410 5114 1604 5172 divinae
1640 5114 1912 5188 gravitati,
1942 5129 2041 5189 ap-

2146 4404 2483 4478 subjungens
2509 4413 2564 4459 et
2592 4402 2804 4475 reliqua
2835 4419 2850 4459 :
2893 4403 3088 4459 Verum
3115 4417 3232 4457 non
3263 4399 3407 4473 quod
3454 4416 3549 4474 ego
3596 4401 3737 4473 volo,

2148 4494 2244 4551 sed
2276 4492 2416 4567 quod
2438 4499 2501 4550 tu
2533 4492 2757 4565 (Matth.
2789 4507 2950 4555 xxvn,
2982 4492 3087 4561 29).
3119 4490 3359 4564 Fugiens
3385 4498 3563 4547 autem
3601 4506 3740 4563 quo-

2152 4584 2313 4639 modo
2377 4583 2482 4639 hoc
2541 4578 2860 4654 postulabis,
2916 4578 3033 4652 ipse
3078 4578 3174 4635 tibi
3238 4586 3499 4651 praestans
3552 4579 3743 4636 calicis

2149 4670 2576 4740 translationem,
2624 4684 2727 4726 nec
2789 4668 2934 4743 quod
2981 4668 3144 4726 Pater
3187 4668 3303 4730 vult
3357 4667 3585 4739 faciens,
3640 4667 3740 4725 sed

2148 4759 2295 4834 quod
2326 4768 2383 4816 tu
2400 4761 2430 4815 ?

2766 4898 2989 4960 CAPUT
3024 4900 3127 4960 IX.

2221 5025 2413 5085 Omnia
2462 5024 2686 5099 apostoli
2728 5027 3024 5085 secundum
3070 5028 3245 5085 Deum
3307 5022 3492 5099 utique
3547 5023 3746 5082 docue-

2148 5129 2293 5190 runt,
2342 5117 2526 5176 omnia
2572 5118 2946 5197 evangelizare
2986 5118 3035 5156 ⁸⁸4
3106 5116 3416 5175 voluerunt.
3471 5113 3568 5172 Ubi
3621 5113 3745 5170 illos

1814 5218 2007 5285 Varia:
2049 5226 2363 5288 lectiones.

520 5294 570 5338 4³
598 5295 1009 5371 Dereliquerunt
1033 5293 1265 5371 quidam
1287 5296 1457 5357 male.
1484 5296 1534 5338 44
1564 5297 1841 5372 Evangelii
1870 5302 2213 5363 revolvat-unt
2243 5302 2342 5359 Ed.
2377 5302 2403 5356 1
2437 5297 2614 5359 Rhea.
2648 5297 2802 5374 prob.
2827 5299 2959 5358 Jun.

1856 5400 2355 5470 Commentarius.

520 5494 629 5571 (12)
661 5494 969 5573 Refugitet
996 5494 1114 5573 ipse
1131 5498 1247 5573 vim
1275 5496 1605 5573 interdum.
1621 5494 1803 5573 Variis
1821 5499 2048 5559 rationi-

445 5561 556 5630 bus
581 5561 636 5631 et
701 5561 984 5647 exemplis,
1015 5561 1180 5633 etiam
1221 5571 1420 5632 Christi
1448 5569 1667 5632 Domini
1694 5570 1843 5650 fuga,
1884 5589 2049 5653 quam

2160 5501 2441 5578 elegantur
2468 5498 2725 5577 explicat,
2756 5496 3072 5575 fugiendum
3104 5511 3216 5559 non
3245 5511 3370 5629 esis:
3395 5494 3609 5626 gebat.
