4042 6172
257 293 359 354 133

255 415 494 476 ostendis
533 415 864 483 praeceptum
888 402 1147 477 ,fugiendi
1189 402 1258 460 de
1300 403 1518 463 civitate
1560 405 1616 460 in
1663 404 1853 462 civita-

258 518 360 562 tem
419 495 809 558 restaurasse?
873 491 995 562 quia
1055 507 1157 548 nec
1212 493 1512 564 potuissent
1565 491 1669 549 tale
1723 493 1854 566 quid

257 593 585 651 constituere
630 595 737 642 tam
791 579 1119 639 contrarium
1176 582 1438 652 exemplis
1492 581 1626 648 suis,
1669 589 1729 638 ut
1771 583 1860 637 fu-

256 702 379 759 gam
411 678 758 745 mandarent;
792 671 887 744 qui
935 687 1054 727 cum
1107 672 1343 728 maxime
1379 673 1446 727 de
1491 671 1722 729 vinculis
1773 673 1859 728 vel

254 772 464 837 insulis,
533 765 736 837 quibus
782 762 852 816 ob
911 759 1330 827 confessionem,
1381 776 1492 816 non
1547 762 1616 816 ob
1674 760 1858 832 fugam

255 861 511 925 nominis,
567 851 1004 915 continebantur,
1082 848 1150 903 ad
1197 848 1471 906 Ecclesias
1533 849 1858 906 scribebant.

256 950 504 1006 lnﬁrmos
551 942 818 1000 sustinere
861 939 1013 1008 jubet
1070 935 1293 1008 Paulus;
1332 939 1511 1010 utique
1556 938 1700 993 enim
1747 953 1860 993 non

256 1041 532 1111 fugientes
559 1035 580 1104 (
611 1029 885 1104 quomodo
915 1028 1057 1082 enim
1086 1027 1491 1084 sustinebantur
1520 1029 1858 1098 absentes?).

256 1133 330 1185 An
374 1121 648 1198 patientia
676 1118 805 1175 dicit
853 1115 1218 1184 sustinendos,
1265 1115 1433 1171 sicubi
1483 1132 1577 1187 per
1623 1115 1861 1171 infirmi-

256 1226 422 1272 tatem
480 1210 609 1268 ﬁdei
672 1223 783 1263 suae
825 1203 1193 1261 offenderint?
1246 1205 1334 1260 Sic
1389 1213 1444 1260 et
1490 1206 1863 1278 pusillanimes

257 1301 559 1366 consolari,
594 1313 702 1355 non
733 1305 912 1351 tamen
942 1294 998 1347 in
1030 1293 1217 1365 fugam
1256 1292 1414 1350 mitti.
1464 1295 1567 1350 Sed
1606 1311 1727 1350 cum
1757 1296 1860 1349 ad-

255 1399 448 1449 monet
478 1409 493 1446 :
528 1390 605 1446 Ne
640 1387 818 1442 locum
846 1380 995 1437 malo
1020 1381 1217 1438 demus
1251 1381 1475 1453 (Ep/tes.
1507 1399 1580 1451 tv,
1604 1385 1719 1452 27),
1753 1397 1861 1438 non

255 1483 400 1554 fugae
434 1477 678 1553 suggerit
705 1471 1012 1539 consilium,
1054 1469 1151 1525 sed
1194 1469 1484 1525 iracundiae
1531 1470 1685 1526 docet
1725 1479 1866 1527 tem-

256 1577 658 1648 peramentum.
679 1564 750 1619 Et
771 1563 821 1618 si
830 1559 1224 1617 redi-mendum
1246 1564 1461 1631 tempus
1489 1559 1618 1614 dicit
1640 1559 1860 1632 (Ephes.

257 1680 300 1731 v,
333 1665 462 1732 16),
498 1656 636 1731 quia
664 1654 780 1710 dies
807 1667 1051 1722 nequam
1083 1653 1262 1706 sunt:
1292 1663 1398 1705 non
1421 1665 1518 1720 per
1538 1648 1744 1721 fugam,
1768 1650 1861 1706 sed

259 1768 344 1823 per
418 1743 749 1820 sapientiam
819 1737 1280 1805 conversationis,
1337 1739 1534 1795 lucrari
1578 1753 1680 1795 nos
1750 1740 1865 1797 vult

260 1844 623 1896 commeatum
663 1833 802 1904 (13).
855 1830 1141 1895 Caeterum,
1191 1828 1280 1899 qui
1326 1827 1511 1884 lucere
1565 1841 1666 1884 nos
1710 1829 1864 1900 jubet

264 1926 427 1986 ηιξ
460 1925 608 1983 velut
637 1921 778 1977 ﬁlios
805 1917 956 1984 lucis,
1009 1931 1119 1973 non
1152 1917 1307 1988 jubet
1344 1915 1472 1990 fuga
1511 1917 1770 1975 abscondi
1809 1928 1867 1975 ut

261 2018 402 2073 filios
428 2015 800 2072 tenebrarum.
833 2009 990 2065 Stare
1019 2005 1325 2064 immobiles
1360 2005 1624 2078 praecipit,
1675 2009 1866 2081 utique

261 2123 355 2163 nec
378 2106 517 2176 fuga
545 2101 796 2168 mobiles,
830 2107 885 2154 et
923 2095 1212 2165 accinctos,
1243 2093 1300 2149 in
1356 2094 1540 2166 fugam
1569 2112 1637 2150 an
1674 2097 1729 2152 in
1775 2113 1868 2156 oc-

262 2209 483 2251 cursum
523 2185 857 2261 Evangelii?
884 2187 1048 2241 Arma
1085 2198 1302 2255 quoque
1349 2184 1699 2256 demonstrat,
1743 2189 1866 2258 quia

267 2281 522 2357 fugituris
565 2295 671 2335 non
703 2281 888 2332 essent
924 2272 1243 2338 necessaria,
1297 2271 1437 2326 inter
1482 2289 1600 2343 quas
1643 2282 1696 2330 et
1750 2279 1866 2348 cly-

266 2388 443 2444 peum,
479 2385 591 2443 quo
613 2365 843 2441 possitis
870 2365 987 2420 tela
1007 2363 1215 2419 diaboli
1245 2362 1608 2433 exstinguere
1636 2364 1864 2436 (Ep/tes.

271 2480 344 2536 vr,
376 2464 494 2534 t6),
519 2462 840 2517 resistentes
867 2454 984 2510 sine
1010 2451 1193 2517 dubio,
1225 2459 1280 2507 et
1301 2451 1630 2522 excipientes
1652 2467 1868 2509 omnem

270 2558 370 2608 vim
410 2554 584 2608 illius.
616 2547 854 2606 Proinde
892 2554 947 2601 et
971 2545 1207 2600 Joannes
1236 2558 1335 2614 pro
1365 2542 1619 2599 fratribus
1650 2558 1869 2617 quoque

286 2644 483 2698 animas
519 2639 805 2713 ponendas
849 2636 1006 2692 docet
1062 2633 1323 2700 (IJoan.
1373 2649 1452 2702 ιιι,
1489 2635 1599 2703 16),
1667 2635 1868 2690 nedum

291 2749 377 2805 pro
416 2731 677 2789 Domino.
719 2729 830 2784 Hoc
884 2741 916 2780 a
964 2722 1296 2798 fugientibus
1322 2739 1432 2778 non
1480 2729 1657 2793 potest
1691 2724 1870 2778 adim-

289 2823 433 2893 pleri.
494 2820 746 2890 Denique
801 2830 1009 2872 memor
1072 2812 1433 2886 Apocalypsis
1481 2828 1616 2879 suae,
1674 2813 1729 2867 in
1766 2829 1872 2884 qua

293 2912 595 2968 timidorum
626 2907 828 2965 exitum
874 2903 1130 2972 audierat,
1182 2904 1250 2958 de
1294 2918 1460 2959 sensu
1505 2902 1758 2958 admonet
1819 2911 1872 2958 et

1463 277 1548 338 DE
1586 276 1759 339 FUGA
1796 275 1865 338 IN
1901 275 2418 342 PERSECUTIONE.

3465 293 3566 354 134

1890 418 1936 496 A
1967 407 2142 496 magis
2159 407 2413 465 Grmcum
2449 408 2771 467 versiculum
2819 411 3090 468 saecularis
3127 419 3404 474 sententiae
3459 422 3565 480 sibi

1970 495 2224 552 adhibent
2254 516 2268 552 :
2326 500 2429 568 Qui
2455 499 2726 571 fugiebat,
2785 516 2982 556 rursus
3019 504 3380 573 prwliabitur
3407 511 3558 581 (ui);

1968 592 2026 639 ut
2055 594 2107 642 et
2137 603 2329 645 rursus
2358 589 2587 646 forsitan
2616 588 2808 660 fugiat.
2836 589 2901 644 Et
2941 594 3160 661 quando
3207 596 3401 664 vincet,
3443 601 3559 670 qui,

1967 689 2088 728 cum
2140 675 2358 750 fugerit,
2411 677 2584 734 victus
2635 676 2760 732 est?
2805 677 3017 732 Bonum
3075 679 3300 738 militem
3346 686 3565 744 Christo

1968 762 2278 835 imperatori
2308 782 2409 823 suo
2438 775 2677 838 praestat,
2731 767 2823 837 qui
2855 777 2960 821 tam
2994 768 3155 838 plene
3199 772 3267 825 ab
3299 773 3564 844 Apostolo

1967 865 2227 925 armatus,
2278 857 2406 912 tuba
2460 856 2849 927 persecutionis
2904 856 3109 927 audita,
3167 859 3311 914 diem
3369 865 3569 920 deserit

1970 945 2411 1012 persecutionis?
2449 945 2810 1016 Respondebo
2839 953 2894 1002 et
2939 962 3048 1018 ego
3078 948 3144 1004 de
3193 953 3399 1007 swculo
3460 954 3565 1009 ali-

1969 1032 2097 1104 quid
2116 1053 2130 1088 :

2093 1138 2264 1204 Usque
2295 1141 2488 1192 adeone
2520 1142 2646 1191 mori
2675 1143 2919 1191 miserum
2956 1145 3066 1192 est?

2718 1205 2884 1267 (VIRG.
2920 1207 3120 1257 .IEnetd.
3155 1222 3251 1269 xu,
3281 1213 3393 1260 616.

1969 1303 2224 1358 Moriatur
2249 1317 2468 1374 quoquo
2499 1304 2776 1368 modo,aut
2791 1305 2981 1374 victus,
2994 1314 3084 1363 aut
3096 1297 3437 1366 victor.Na'm
3461 1319 3549 1368 ets

1971 1393 2223 1464 negando
2265 1392 2538 1459 ceciderit,
2579 1409 2700 1448 cum
2739 1395 3020 1449 tormentis
3056 1405 3232 1454 tamen
3265 1401 3567 1470 prmliatus.

1971 1481 2110 1535 Malo
2166 1479 2531 1535 miserandum
2591 1497 2748 1552 quam
2781 1482 3228 1540 erubescendum.
3289 1488 3570 1545 Pulchrior

1973 1576 2054 1624 est
2090 1569 2247 1624 miles
2275 1568 2328 1622 in
2371 1570 2559 1640 pratlio
2589 1569 2840 1636 amissus,
2882 1586 3045 1640 quam
3073 1571 3128 1626 in
3185 1574 3311 1645 fuga
3362 1576 3565 1632 salvus.

1973 1658 2154 1713 Times
2185 1657 2482 1727 hominem,
2531 1657 2849 1725 Christiane,
2903 1675 3063 1731 quem
3120 1661 3299 1718 timeri
3351 1671 3569 1734 oportet

1974 1747 2040 1801 ab
2080 1745 2308 1817 angelis,
2356 1744 2622 1816 siquidem
2651 1746 2838 1819 agelos
2862 1747 3201 1816 judicaturus
3255 1765 3350 1822 es;
3403 1768 3567 1824 quem

1972 1835 2154 1891 timeri
2184 1843 2398 1906 oportet
2417 1849 2448 1888 a
2477 1833 2778 1901 daemoniis,
2816 1835 3087 1905 siquidem
3127 1844 3183 1892 et
3208 1837 3264 1892 in
3293 1841 3570 1898 daemonas

1973 1922 2227 1994 accepisti
2273 1929 2624 1993 potestatem;
2656 1938 2818 1995 quem
2849 1923 3020 1979 timeri
3061 1933 3279 1995 Oportet
3326 1928 3394 1982 ab
3441 1930 3568 1985 uni-

1973 2026 2130 2070 verso
2159 2011 2380 2080 mundo,
2415 2009 2683 2082 siquidem
2705 2017 2758 2066 et
2813 2009 2868 2067 in
2906 2018 2958 2067 te
3012 2013 3245 2070 mundus
3294 2015 3602 2086 judicatur~

1975 2100 2246 2157 Christum
2273 2098 2495 2154 indutus
2527 2115 2606 2170 es,
2653 2098 2919 2171 siquidem
2958 2099 3015 2154 in
3071 2101 3345 2160 Christum
3374 2105 3570 2164 tinctus

1974 2202 2054 2242 es.
2087 2185 2192 2254 Qui
2231 2184 2373 2258 fugis
2416 2184 2708 2253 diabolum,
2767 2187 3085 2258 depreciasti
3130 2191 3422 2261 Christum,
3478 2196 3570 2268 qui

1974 2275 2029 2330 in
2060 2283 2111 2329 te
2140 2281 2242 2328 est.
2272 2271 2578 2345 Fugitivum
2608 2289 2729 2329 cum
2762 2275 2976 2331 diabolo
3016 2286 3069 2332 te
3116 2278 3431 2341 reddidisti.
3461 2284 3571 2340 Sed

1976 2363 2268 2419 Dominum
2294 2362 2536 2437 fugiens,
2576 2363 2874 2434 exprobras
2912 2364 3165 2423 omnibus
3207 2368 3454 2441 fugitivis
3489 2371 3572 2427 sui

1974 2451 2267 2509 vanitatem
2288 2451 2521 2508 consilii.
2543 2453 2776 2525 Fugerat
2799 2462 2852 2509 et
2879 2455 3100 2524 quidam
3128 2459 3407 2517 animosus
3435 2477 3571 2532 pro-

1975 2545 2162 2615 phetes
2199 2540 2237 2597 I
2253 2539 2678 2611 I3Dominum,
2703 2545 2991 2614 trajecerat
3019 2545 3087 2600 ab
3105 2546 3279 2619 Joppe
3309 2550 3534 2608 Tarsum
3553 2592 3570 2622 ,

1976 2632 2125 2706 quasi
2155 2648 2186 2687 a
2224 2630 2335 2690 Deo
2372 2630 2776 2699 transfretaret;
2837 2633 2932 2688 sed
2976 2633 3128 2689 illum
3180 2652 3292 2693 non
3340 2639 3463 2697 dico
3516 2642 3572 2698 in

1977 2721 2109 2778 mari
2137 2730 2190 2776 et
2228 2721 2285 2776 in
2318 2731 2480 2789 terra,
2520 2736 2710 2778 verum
2744 2722 2798 2776 in
2840 2729 2996 2778 utero
3035 2726 3196 2780 etiam
3251 2728 3440 2784 bestiae
3480 2730 3571 2785 in-

1976 2811 2154 2880 venio,
2169 2810 2224 2864 in
2246 2825 2356 2882 quo
2378 2826 2482 2866 nec
2503 2810 2642 2867 mori
2654 2825 2750 2882 per
2782 2812 3012 2867 triduum
3043 2814 3238 2885 potuit,
3258 2832 3358 2872 nec
3380 2821 3462 2875 vel
3494 2821 3574 2876 sic

1981 2901 2146 2954 Deum
2177 2898 2423 2953 evadere.
2455 2897 2670 2966 Quanto
2699 2898 2889 2955 melius
2918 2900 3020 2954 Dei
3048 2917 3237 2960 servus
3256 2903 3284 2958 ‘I
3327 2905 3418 2976 qui
3457 2908 3574 2964 sive

297 3002 402 3070 ipse
423 3003 673 3056 timorem
714 2994 1108 3066 rejiciendum:
1147 2994 1346 3057 Timor,
1390 2992 1583 3064 inquit,
1623 3008 1739 3048 non
1779 2997 1864 3049 est
1903 2997 1946 3076 ε
1976 2988 2222 3043 inimicus
2252 2987 2348 3042 Dei
2378 2987 2639 3057 imminet,
2671 3004 2778 3043 non
2833 2989 2970 3061 fugit
3022 3007 3176 3059 eum;
3236 2995 3331 3050 sed
3387 2998 3574 3068 potius

314 3089 369 3140 in
395 3089 705 3145 dilectione.
722 3085 817 3142 Sed
827 3085 982 3142 enim
1001 3083 1259 3155 perfecta
1269 3081 1496 3136 dilectio
1508 3081 1664 3151 foras
1684 3080 1870 3134 mittit

321 3180 565 3235 timerem
627 3177 673 3246 (1
705 3177 952 3240 Joan.tv,
1005 3174 1132 3240 i8);
1201 3170 1328 3244 quia
1377 3171 1534 3225 timor
1585 3170 1878 3241 supplicia-

309 3278 526 3321 mentum
597 3265 775 3331 habet,
831 3265 1017 3337 utique
1070 3262 1252 3333 ignem
1303 3258 1500 3332 stagni.
1535 3256 1638 3326 Qui
1685 3265 1865 3314 autem

292 3357 451 3424 timet,
491 3372 607 3412 non
636 3364 721 3410 est
756 3356 1044 3427 perfectus,
1081 3352 1131 3405 iu
1177 3348 1466 3405 dilectione
1495 3348 1592 3402 Dei
1648 3348 1877 3404 scilicet.

1981 3078 2292 3144 contemnit,
2323 3075 2600 3132 confidens
2623 3077 2825 3133 scilicet
2855 3079 2922 3133 de
2981 3082 3149 3136 tutela
3178 3084 3426 3158 Domini,
3459 3090 3574 3145 sive

1982 3171 2158 3226 Deum
2197 3167 2531 3236 reformidat,
2591 3177 2794 3238 quanto
2855 3169 3032 3242 magis
3076 3173 3178 3226 sub
3232 3177 3401 3232 oculis
3455 3181 3574 3250 ejus

1985 3256 2174 3327 astitit,
2223 3255 2454 3312 dicens:
2489 3254 2750 3311 Dominus
2793 3267 2892 3327 est,
2942 3261 3139 3328 potens
3193 3271 3320 3317 est:
3387 3269 3573 3324 omnia

1987 3346 2132 3402 illius
2160 3355 2326 3401 sunt:
2362 3344 2450 3399 ubi
2483 3345 2770 3415 ubituero,
2798 3345 2853 3399 in
2893 3361 3052 3400 manu
3074 3348 3190 3418 ejus
3222 3365 3372 3420 sum;
3408 3352 3571 3410 faciat

282 3445 465 3516 Porro,
494 3444 622 3517 quis
654 3443 827 3519 fugiet
858 3439 1306 3514 persecutionem,
1339 3435 1447 3492 nisi
1475 3437 1569 3509 qui
1625 3435 1878 3492 timebit?

277 3534 412 3605 Quis
441 3535 669 3602 timebit,
702 3534 808 3589 nisi
836 3533 928 3607 qui
956 3546 1066 3588 non
1105 3529 1354 3586 amavit?
1386 3528 1646 3600 Spiritum
1676 3543 1802 3584 vero
1833 3530 1880 3585 si

277 3626 556 3695 consulas,
596 3624 731 3697 quid
761 3624 934 3697 magis
957 3634 1210 3676 sermone
1238 3618 1333 3674 illo
1365 3617 1599 3689 Spiritus
1639 3618 1831 3689 probat
1851 3618 1880 3672 εἲ

271 3715 526 3786 Namque
557 3729 750 3769 omnes
779 3727 916 3783 pene
945 3710 1010 3764 ad
1037 3707 1358 3780 martyrium
1404 3709 1738 3773 exhortatur,
1769 3722 1879 3764 non

269 3805 336 3858 ad
377 3804 591 3876 fugam,
638 3812 695 3859 ut
724 3811 781 3858 et
820 3802 962 3856 illius
1006 3813 1517 3856 commemoremur:
1563 3797 1876 3868 Publicaris,

264 3893 472 3966 inquit,
509 3894 716 3949 bonum
746 3892 846 3947 tibi
885 3902 985 3948 est.
1017 3890 1124 3960 Qui
1154 3889 1300 3944 enim
1328 3902 1437 3944 non
1492 3888 1797 3959 publicatur
1823 3888 1880 3944 in

264 3983 612 4048 hominibus,
650 3981 952 4053 publicatur
984 3979 1040 4034 iu
1088 3978 1343 4034 Domino.
1383 3979 1466 4033 Ne
1513 3976 1878 4045 confundaris,

255 4071 477 4142 justitia
536 4083 589 4127 te
621 4072 867 4144 producit
893 4070 950 4124 in
997 4069 1252 4124 medium.
1311 4065 1453 4135 Quid
1506 4066 1876 4134 confunderis,

258 4161 481 4220 laudem
517 4161 763 4217 serens?
792 4161 1034 4215 Potestas
1059 4157 1139 4224 fit,
1170 4173 1290 4212 cum
1319 4155 1648 4226 conspiceris
1674 4156 1742 4210 ab
1771 4156 1874 4212 ho-
1987 4156 2142 4212 derit.
2177 4155 2279 4210 Sed
2312 4171 2434 4211 cum
2468 4155 2570 4227 ipsi
2612 4165 2856 4211 auctores
2888 4158 3022 4229 (16),
3074 4158 3129 4213 id
3155 4170 3253 4229 est,
3301 4161 3404 4233 ipsi
3455 4164 3579 4219 dia-

259 4251 541 4308 tninibns.
568 4248 658 4305 Sic
689 4257 743 4305 et
775 4248 929 4303 alibi:
954 4247 1131 4303 Nolite
1162 4247 1217 4300 in
1245 4243 1476 4316 lectulis,
1516 4243 1678 4299 necin
1707 4245 1875 4301 ardo-
1986 4245 2131 4313 coni,
2159 4244 2458 4316 presbyteri
2497 4255 2550 4299 et
2571 4243 2810 4315 episcOpi
2855 4244 3073 4317 fugiunt
3128 4248 3263 4321 (t7),
3304 4254 3575 4324 quomodo

255 4341 410 4398 ribus
439 4350 501 4398 et
540 4338 787 4394 febribus
813 4336 1065 4394 mollibus
1094 4343 1280 4407 optare
1309 4333 1482 4401 exire,
1513 4332 1611 4388 sed
1637 4332 1695 4388 in
1723 4350 1877 4390 mar-
1914 4337 1960 4414 ο
1992 4335 2163 4391 laicus
2240 4333 2541 4407 intelligere
2619 4332 2833 4405 poterit,
2908 4349 3015 4403 qua
3099 4339 3306 4395 ratione
3369 4341 3574 4398 dictum

254 4433 432 4505 tyriis;
480 4437 554 4487 ut
587 4427 917 4502 glorificatur
943 4425 1038 4498 qui
1067 4432 1150 4482 est
1177 4439 1370 4496 passus
1398 4438 1496 4496 pro
1531 4421 1711 4482 vobis.
1997 4424 2220 4499 (Matth.
2253 4439 2308 4479 x.
2340 4422 2461 4494 23):
2487 4425 2681 4494 Fugite
2707 4423 2771 4479 de
2792 4424 3022 4478 civitate
3041 4424 3103 4478 in
3129 4427 3418 4486 civitatem
3441 4435 3581 4488 tlte-

919 4514 1139 4571 CAPUT
1178 4514 1252 4573 Χ.
1997 4533 2102 4589 que
2133 4531 2254 4572 cum
2283 4517 2447 4569 duces
2475 4512 2688 4584 fugiunt
2722 4514 2860 4584 (18),
2907 4511 3028 4583 quis
3081 4514 3148 4569 de
3178 4521 3431 4588 gregario
3471 4539 3578 4577 nu-

315 4612 435 4668 Sed
461 4607 707 4668 omissis
735 4605 954 4681 quidam
971 4604 1172 4664 divinis
1200 4601 1688 4672 exhortationibus,
1729 4602 1884 4660 illum
1992 4620 2146 4662 mero
2175 4601 2465 4660 sustinebit
2492 4602 2560 4657 ad
2590 4602 2818 4671 gradum
2865 4601 2920 4657 in
2975 4604 3092 4660 acie
3119 4603 3400 4678 figendum
3443 4625 3577 4666 sua-

1985 3435 2130 3508 quod
2158 3436 2288 3506 vult,
2318 3449 2427 3488 non
2457 3434 2705 3503 discedo;
2740 3442 2794 3490 et
2820 3434 2865 3488 si
2895 3436 3072 3506 perire
3116 3455 3202 3497 me
3231 3443 3389 3512 volet,
3450 3445 3569 3516 ipse

1986 3540 2073 3580 me
2101 3525 2314 3596 perdat,
2346 3523 2471 3576 dum
2510 3537 2597 3576 me
2643 3537 2744 3595 ego
2793 3538 2948 3580 servo
2979 3524 3079 3583 illi.
3136 3530 3273 3586 Malo
3320 3530 3574 3590 invidiam

1986 3615 2036 3671 ei
2067 3613 2243 3671 facere
2298 3629 2397 3685 per
2443 3612 2777 3670 voluntatem
2814 3613 2984 3686 ipsius
3047 3620 3346 3690 pereundo,
3413 3639 3574 3696 quam

1987 3705 2162 3775 bilem,
2197 3720 2295 3777 per
2335 3718 2503 3760 meam
2525 3703 2818 3761 evadendo.

2589 3794 2820 3853 CAPUT
2867 3798 2964 3853 ΧΙ.

2059 3888 2173 3944 Hoc
2202 3886 2404 3942 sentire
2441 3894 2497 3942 et
2545 3886 2717 3942 facere
2766 3903 2980 3944 omnem
3028 3905 3240 3946 servum
3271 3894 3364 3950 Dei
3409 3909 3576 3968 Opor-

1990 3987 2083 4046 tet,
2118 3976 2280 4033 etiam
2311 3975 2534 4030 minoris
2572 3975 2697 4045 loci,
2729 3986 2790 4030 ut
2826 3976 3048 4049 majoris
3077 3978 3190 4035 fieri
3233 3983 3402 4051 possit
3443 3985 3574 4057 (15),

1987 4067 2033 4122 si
2060 4082 2226 4137 quem
2254 4066 2484 4139 gradum
2513 4080 2581 4121 ex
2617 4066 3011 4136 persecutionis
3059 4070 3340 4127 tolerantia
3385 4091 3580 4130 ascen-

1699 4750 2193 4816 Commentarius.

308 4898 440 4969 (13)
476 4890 745 4969 Luci-ari
789 4905 891 4946 nos
920 4888 1044 4969 vult
1073 4890 1491 4969 commeatum?
1516 4885 1883 4969 Commeatum

245 4959 440 5025 saeculi
507 4965 677 5027 dicit,
727 4977 930 5018 moram
980 4964 1037 5016 in
1094 4964 1293 5016 saeculo
1349 4969 1606 5015 nostram.
1668 4959 1881 5016 Lucrari

242 5052 428 5098 autem
477 5052 612 5093 nos
666 5036 777 5092 vult
829 5040 1208 5100 commeatum,
1253 5032 1356 5087 hoc
1409 5037 1513 5096 est,
1579 5045 1676 5101 pro
1732 5031 1880 5088 lucro

244 5114 405 5168 nobis
449 5106 618 5184 poni
640 5106 821 5184 diem,
854 5117 1246 5184 quemcumque
1277 5104 1609 5184 innocenter,
1643 5103 1776 5171 sive,
1822 5113 1882 5160 ut

245 5186 335 5248 ait,
370 5173 655 5257 sapienti
681 5173 1102 5257 conversatione,
1135 5173 1501 5257 transigimus.
1528 5173 1657 5230 R16.

307 5246 465 5329 (Li)-
492 5249 664 5329 ’évijp
695 5249 724 5302 6
751 5249 943 5329 ipsiing
974 5249 1057 5329 ita}.
1093 5247 1242 5329 luditur
1285 5246 1593 5329 μαχήῗτετέιε

315 5317 443 5399 (15)
512 5326 595 5383 Ut
624 5317 885 5399 "majoris
923 5322 1032 5399 ioci
1077 5320 1206 5390 ﬁeri
1267 5317 1459 5399 possit.
1495 5318 1584 5399 Sic
1629 5317 1766 5374 libro
1817 5317 1889 5399 de

249 5389 577 5474 Baptismo,
612 5389 857 5474 majores
898 5391 1034 5474 dicit
1080 5389 1205 5460 eos,
1247 5389 1341 5464 qui
1367 5391 1422 5446 in
1449 5391 1694 5449 ordinem
1720 5395 1889 5450 eccle-

253 5464 574 5530 siasticum'
598 5473 732 5522 sunt
759 5464 950 5524 allecti.
990 5465 1114 5521 Rm.

319 5546 449 5617 (16)
476 5539 610 5602 Sed
638 5555 769 5617 cum
798 5538 912 5611 ipsi
946 5542 1228 5617 auctores.
1260 5538 1522 5595 Auctores
1549 5535 1680 5617 dicit
1694 5538 1890 5617 Eccle-

256 5609 345 5679 ἠέ
375 5609 742 5695 praepositos
763 5609 829 5671 et
847 5609 1158 5688 magistros,
1187 5625 1326 5688 quos
1345 5625 1512 5688 penes
1541 5620 1623 5672 est
1643 5609 1892 5670 Ecclesiae

1993 4883 2254 4941 habendae
2287 4954 2300 4961 _
2327 4879 2784 4961 auctoritas_.A_Et
2857 4881 2913 4938 in
2987 4882 3198 4961 Glossis
3257 4885 3582 4961 Philoxent,

1991 4961 2222 5032 Auctor,
2274 4954 2509 5032 ἀρχηγὸς,
2581 4952 2824 5032 ᾳῦθέντης,
2875 4966 2930 5012 et
3011 4957 3068 5011 in
3135 4952 3582 5032 Agrimensoruni

1990 5030 2142 5086 libris
2169 5025 2425 5083 auctOres’
2446 5025 2692 5082 absolute
2723 5035 2995 5097 ponuntur
3023 5045 3121 5099 pro
3175 5025 3488 5094 doctoribus
3531 5047 3585 5094 et

1993 5099 2282 5156 magistris.
2313 5101 2433 5156 RIG.

1993 5109 2282 5174 magistris.
2313 5109 2433 5156 lite.

1993 5246 2034 5253 __
2065 5173 2180 5244 (17)
2213 5174 2324 5253 Ipsi
2352 5168 2938 5253 diaconi,_pres‘l_lyteri
2967 5176 3036 5253 eth
3053 5175 3298 5250 episcOpi
3320 5181 3580 5253 fugiunt.

1993 5242 2106 5302 Hoc
2137 5242 2375 5300 dedecus
2429 5242 2723 5317 exprobrat
2749 5242 2846 5317 lib.
2879 5243 2946 5300 de
2999 5242 3254 5317 Corona}
3289 5242 3482 5311 α’Νὸνί
3531 5266 3586 5310 οι

1994 5326 2243 5446 gestores
2271 5331 2480 5390 eorum,
2504 5315 2567 5372 in
2597 5330 2729 5388 pace
2757 5315 2966 5387 leones,
2997 5315 3053 5372 in
3089 5320 3276 5390 praelia
3304 5337 3512 5386 cervos.
3551 5344 3579 5378 xi

2046 5405 2118 5446 ια.

2134 5464 2185 5532 8)
2201 5462 2342 5520 Cum
2362 5461 2527 5544 duces
2550 5462 2808 5544 fugiuut.
2824 5461 2938 5520 Hoc
2952 5468 3322 5544 estauctores,
3355 5467 3584 5544 utmodo

1999 5535 2152 5619 dixit,
2183 5546 2236 5590 et
2288 5542 2552 5619 pastores,
2604 5535 2778 5619 quiin
2821 5550 2956 5619 pace
2995 5537 3229 5619 _leones,
3286 5535 3340 5595 in
3396 5541 3584 5619 praelia

2001 5608 2146 5667 cervi
2176 5622 2297 5666 esse
2337 5609 2532 5678 solent,
2564 5616 2622 5665 ut
2659 5611 2952 5678 exprobrat
2977 5608 3047 5667 de
3102 5608 3335 5672 (Sorana.
3381 5608 3589 5686 muta,
