4036 6172
394 254 497 324 135

1129 246 1573 312 TERTULLIANI
1610 241 1876 307 OPERUM
1915 238 2082 305 PARS
2118 240 2185 302 ll.
2225 272 2299 287 —
2333 231 2560 304 SER'IES
2598 242 2645 317 Ι,
2683 241 3026 303 POLEMICA.

3581 242 3687 302 136

391 391 582 445 dentes
610 385 698 441 ἰδῖ
731 384 889 440 Certe
935 380 1149 453 quidem
1194 381 1367 435 bonus
1406 385 1590 449 pastor
1626 372 1854 429 animam
1892 386 1991 444 pro
2022 392 2068 471 Α
2102 370 2326 443 proinde
2354 386 2456 428 nec
2476 369 2867 426 redimendam.
2922 369 3156 427 Pretium
3206 369 3451 427 interest.
3517 369 3687 425 Caete-

394 478 685 550 pecoribus
721 473 905 544 ponit;
967 477 1027 524 ut
1080 468 1312 540 Moyses,
1362 482 1472 522 non
1526 463 1757 519 Domino
1811 460 1990 515 adhuc

395 566 614 622 Christo
662 563 917 624 revelato,
966 558 1125 613 etiam
1159 558 1212 610 in
1259 571 1319 610 se
1366 554 1617 624 ﬁgurato,
1667 551 1741 606 ait
1788 550 1987 617 (Exod.

395 672 584 721 xxxn,
618 654 709 721 32)
745 669 757 704 :
794 652 854 706 Si
870 648 1062 721 perdis
1094 648 1244 702 hunc
1272 644 1570 716 populum,
1599 639 1791 713 inquit,
1816 642 1873 693 et
1900 656 1991 696 me

395 746 621 818 pariter
657 755 788 796 cum
816 754 874 794 eo
906 735 1179 809 disperde.
1219 734 1502 797 Caeterum,
1538 726 1988 818 Christogconﬁr-

396 813 576 884 mante
615 826 814 896 ﬁguras
844 836 989 889 suas,
1021 820 1211 874 malus
1237 821 1434 889 pastor
1458 819 1560 876 est,
1594 814 1683 886 qui
1709 816 1823 868 viso
1860 813 1988 886 lupo

395 919 568 990 fugit,
587 918 641 972 et
661 927 863 984 pecora
874 908 1191 980 diripienda
1219 906 1559 976 derelinquit
1576 904 1759 973 (Joan.
1784 918 1842 968 x,
1869 904 1987 971 l2):

396 1004 709 1078 projicietur
736 1002 803 1056 de
832 998 956 1054 villa
1001 1007 1183 1068 pastor
1226 993 1574 1064 hujusmodi:
1607 993 1990 1048 detinebuntur

398 1094 474 1148 illi
506 1088 783 1147 missionis
811 1088 861 1125 ίιδ
896 1101 1009 1141 sum
1066 1083 1343 1137 mercedes
1384 1081 1432 1120 4⁷
1488 1081 1543 1135 in
1594 1079 1990 1150 compensatio-

393 1199 514 1237 nem
543 1182 595 1219 ἰθ
625 1177 760 1251 (19),
790 1177 899 1230 imo
930 1184 983 1230 et
1012 1173 1079 1228 de
1119 1173 1300 1243 priore
1341 1169 1546 1240 peculio
1588 1170 1707 1238 ejus
1743 1167 1989 1239 exigetur

392 1267 701 1327 detrimenti
744 1262 1009 1321 Dominici
1045 1259 1335 1317 restitutio.
1403 1257 1609 1313 Etenim
1662 1257 1761 1329 qui
1801 1255 1981 1319 habet,

395 1360 626 1416 dabitur
646 1359 725 1421 ei;
750 1355 815 1408 ab
842 1369 902 1409 eo
934 1356 1122 1407 autem
1151 1350 1253 1421 qui
1282 1364 1397 1404 non
1419 1345 1602 1413 habet,
1638 1347 1813 1403 etiam
1842 1345 1989 1418 quod

392 1449 622 1508 videtur
642 1444 841 1499 habere
877 1441 1183 1510 auferetur
1215 1435 1434 1505 (Matth.
1454 1451 1583 1501 xm,
1624 1432 1733 1505 12).
1766 1433 1854 1489 Sic
1883 1435 1987 1489 Za-

394 1536 604 1594 charias
634 1536 778 1606 (xm,
808 1533 866 1600 ’7)
901 1527 1254 1585 comminatur
1284 1544 1298 1580 :
1331 1527 1587 1597 Ewsurge
1614 1522 1898 1597 romphwa
1924 1525 1987 1578 in

394 1628 662 1702 pastores,
687 1624 744 1677 et
756 1620 977 1677 evellite
997 1632 1139 1683 oves,
1160 1614 1534 1687 superducam
1549 1629 1788 1668 manum
1800 1628 1987 1669 meam

395 1672 1022 1789 inﬂuensfiaquos
1068 1672 1397 1759 et'Ezechiel
1433 1701 1652 1774 (Ezech.
1694 1717 1897 1771 xxxrv,
1930 1704 1982 1774 2)
2021 1672 2065 1751 Β

395 1812 450 1860 et
476 1801 740 1856 Jeremias
774 1794 964 1850 iisdem
994 1791 1156 1847 minis
1200 1799 1470 1861 perorant,
1502 1789 1646 1861 quod
1698 1805 1813 1846 non
1853 1794 1988 1845 tan-

397 1897 521 1949 tum
534 1890 600 1946 de
612 1883 905 1961 pecoribus
917 1879 1161 1954 improbe
1170 1883 1486 1946 vescantur,
1500 1881 1792 1949 pascentes
1797 1879 1990 1949 potius

392 1980 737 2051 semetipsos,
770 1989 966 2031 verum
996 1969 1135 2042 quod
1162 1968 1211 2007 ἰθ
1246 1966 1285 2023 Ι
1304 1967 1404 2024 14
1433 1968 1749 2041 dispersum
1767 1984 1988 2040 gregem

392 2070 613 2142 faciant
632 2065 692 2121 in
711 2063 967 2137 praedam
997 2073 1114 2116 esse
1142 2058 1398 2115 omnibus
1443 2059 1636 2115 bestiis
1684 2059 1822 2130 agri,
1853 2057 1988 2112 dum

394 2174 513 2215 non
545 2160 629 2213 est
655 2158 847 2227 pastor
874 2151 1015 2207 illis.
1044 2147 1201 2217 Quod
1226 2162 1496 2218 nunquam
1528 2145 1700 2217 magis
1724 2144 1805 2212 ﬁt,
1827 2161 1986 2217 quam

396 2263 517 2304 cum
551 2246 608 2302 in
637 2240 1017 2317 persecutione
1047 2236 1358 2293 destituitur
1387 2235 1627 2293 Ecclesia
1664 2251 1695 2290 a
1731 2235 1895 2291 clero.
1933 2233 1990 2290 Si

399 2345 454 2393 et
484 2335 744 2407 Spiritum
774 2332 897 2402 quis
926 2326 1227 2400 agnoverit,
1260 2325 1447 2382 audiet
1495 2332 1549 2380 et
1605 2323 1860 2397 fugitivos
1889 2324 1984 2379 de-

401 2422 916 2482 notantem.‘Porro,
957 2416 1005 2472 si
1032 2430 1125 2471 eos
1151 2415 1241 2487 qui
1280 2412 1436 2487 gregi
1468 2420 1726 2485 praesunt,
1776 2411 1983 2482 fugere,

403 2529 526 2570 cum
568 2510 680 2581 lupi
728 2509 961 2576 irruunt,
1013 2519 1115 2560 nec
1167 2503 1338 2571 decet,
1407 2500 1515 2556 imo
1569 2516 1669 2557 nec
1706 2499 1827 2555 licet
1872 2499 1989 2571 (qui

399 2602 546 2658 enim
576 2598 740 2656 talem
770 2606 1043 2670 pastorem
1100 2591 1299 2647 malum
1354 2588 1748 2661 pronuntiavit,
1806 2588 1991 2659 utique

396 2688 687 2753 damnavit,
729 2701 890 2742 omne
947 2691 1121 2738 autem
1175 2678 1324 2752 quod
1387 2679 1690 2745 damnatur,
1748 2676 1987 2733 illicitum

397 2782 601 2834 factum
658 2782 743 2831 est
787 2773 903 2829 sine
940 2769 1152 2842 dubio),
1210 2768 1329 2824 ideo
1368 2768 1691 2839 praepositos
1736 2764 1991 2821 Ecclesiae

397 2867 454 2922 in
484 2865 862 2937 persecutione
920 2859 1109 2933 fugere
1160 2872 1271 2912 non
1299 2855 1598 2928 oportebit.
1628 2855 1913 2923 Caeterum,
1946 2853 1993 2910 si

2100 478 2240 526 rum,
2273 460 2416 517 sicut
2437 460 2566 533 fuga
2609 459 2910 531 redemptio
2961 459 3193 533 gratuita
3219 467 3320 525 cst,
3362 460 3434 516 ita
3473 462 3688 515 redem-

2097 551 2210 621 ptio
2241 550 2543 605 nummaria
2595 549 2726 622 l'uga
2782 557 2883 605 est.
2936 548 3090 604 Certe
3145 557 3198 604 et
3256 550 3419 618 hujus
3482 549 3689 603 timidi-

2098 638 2222 693 tatis
2250 639 2294 676 51
2328 638 2609 694 consilium
2648 644 2748 693 est.
2809 636 2963 704 Quod
3015 637 3192 702 times,
3244 636 3505 707 redimis;
3556 654 3689 708 ergo

2097 727 2256 799 fugis.
2311 726 2544 782 Pedibus
2574 725 2789 791 stetisti,
2820 726 3104 782 cucurristi
3152 725 3386 780 nummis
3423 728 3534 799 (20,
3576 728 3691 783 lloc

2096 817 2273 887 ipsum
2329 817 2473 887 quod
2530 814 2721 870 stetisti
2768 831 2832 870 ex
2891 815 3281 887 redemptione,
3342 815 3544 889 fugisti.
3620 817 3691 871 Ut

2097 913 2274 961 autem
2332 905 2566 961 redimas
2638 904 2911 960 hominem
2994 913 3139 959 tuum
3207 903 3460 970 nummis,
3527 920 3691 976 quem

2095 994 2359 1065 sanguine
2435 1009 2536 1050 suo
2596 992 2825 1050 redemit
2860 993 3126 1063 Christus,
3192 1009 3356 1064 quam
3392 992 3686 1065 indignum

2095 1082 2212 1138 Deo
2243 1088 2297 1138 et
2324 1082 2677 1152 dispositione
2707 1084 2847 1152 ejus,
2879 1083 2972 1152 qui
3002 1083 3141 1138 Filio
3170 1097 3268 1137 suo
3299 1098 3413 1137 non
3438 1086 3694 1154 pepercit

2093 1187 2193 1243 pro
2223 1176 2276 1226 te
2298 1171 2480 1240 (Rom.
2533 1188 2659 1242 VIII,
2706 1170 2817 1240 32),
2872 1179 2933 1226 ut
2988 1169 3141 1226 fieret
3186 1170 3527 1225 maledictum
3594 1186 3693 1242 pro

2093 1258 2286 1325 nobis;
2337 1260 2463 1332 quia
2510 1260 2847 1316 maledictus
2902 1260 3004 1331 qui
3050 1259 3386 1331 pependerit
3422 1261 3486 1314 in
3541 1261 3693 1330 ligno

2096 1349 2414 1416 (Deut.xx1,
2447 1349 2765 1417 23;Galat.
2814 1355 2895 1412 ιιι,
2935 1349 3051 1416 13);
3110 1347 3201 1418 qui
3255 1352 3531 1421 tanquam
3575 1351 3693 1406 ovis

2094 1437 2167 1493 ad
2192 1438 2486 1493 victimam
2508 1437 2710 1493 ductus
2739 1440 2843 1502 est,
2858 1441 2914 1492 et
2928 1441 3200 1508 tanquam
3210 1453 3391 1508 agnus
3412 1442 3544 1494 ante
3562 1442 3691 1497 ton-

2096 1526 2343 1594 dentem,
2377 1528 2457 1583 sic
2487 1542 2603 1582 non
2622 1528 2848 1598 aperuit
2867 1542 2923 1582 os
2948 1527 3211 1595 (Isa.Lm,
3251 1528 3308 1596 7)
3333 1542 3347 1592 ;
3377 1528 3473 1584 sed
3496 1529 3692 1600 posuit

2095 1616 2321 1674 dorsum
2351 1632 2520 1672 suum
2533 1617 2593 1669 in
2604 1615 2853 1686 ﬂagella,
2870 1614 3144 1672 maxillas
3162 1620 3358 1673 autem
3372 1616 3434 1672 in
3445 1616 3690 1687 palmas,

2096 1709 2153 1762 et
2179 1706 2387 1777 faciem
2414 1720 2529 1762 non
2549 1704 2811 1761 avertite
2845 1702 3408 1776 sputaminibus(lsa.
3439 1720 3490 1761 L.
3524 1705 3598 1776 6),
3635 1710 3691 1762 et

2095 1794 2486 1866 interiniquos
2506 1791 2814 1864 deputatus
2843 1798 2926 1850 est
2949 1794 3079 1863 (Isa.
3093 1807 3212 1857 Lm,
3238 1793 3344 1863 12),
3366 1798 3421 1850 et
3437 1794 3692 1852 traditus

2097 1885 2181 1939 est
2200 1883 2265 1937 in
2279 1885 2544 1951 mortem,
2558 1887 2799 1939 mortem
2811 1886 3004 1939 autem
3016 1882 3200 1938 crucis
3214 1883 3495 1956 (Philipp.
3513 1898 3575 1951 ιι,
3604 1886 3688 1954 8):

2096 1979 2267 2028 totum
2297 1972 2417 2039 hoc,
2450 1980 2509 2028 ut
2536 1987 2639 2029 nos
2674 1987 2705 2026 a
2727 1972 2961 2044 peccatis
2988 1972 3321 2029 lucraretur!
3385 1972 3477 2028 Sol
3523 1973 3693 2030 cessit

2094 2062 2235 2134 diem
2275 2063 2566 2135 emptionis
2604 2071 2822 2118 nostrae.
2862 2062 3024 2134 Apud
3078 2060 3284 2118 inferos
3331 2063 3691 2134 emancipatio

2093 2159 2274 2208 nostra
2301 2161 2403 2219 est,
2452 2160 2506 2208 et
2538 2151 2810 2223 stipulatio
2866 2159 3051 2207 nostra
3105 2151 3159 2207 in
3190 2151 3346 2209 caelis
3381 2153 3514 2225 (2t).
3552 2155 3694 2211 Sub-

2099 2242 2301 2299 levataz
2329 2247 2469 2299 sunt
2501 2240 2541 2297 Ι
2559 2240 2666 2298 I5
2693 2244 2877 2314 porta:
2899 2242 3370 2314 sempiternwnit
3408 2244 3698 2304 imtroiret

2095 2345 2200 2387 rex
2237 2332 2454 2404 gloriae,
2477 2332 2749 2387 Dominus
2770 2332 3064 2388 virtutum
3089 2330 3267 2399 (Psal.
3297 2344 3464 2396 χχιιι,
3489 2329 3564 2401 9),
3588 2331 3695 2386 ho-

2096 2419 2297 2474 minem
2320 2420 2386 2476 de
2415 2419 2593 2488 terris,
2616 2418 2727 2473 imo
2752 2420 2818 2473 ab
2855 2418 3065 2486 inferis,
3098 2426 3363 2475 mercatus
3400 2417 3455 2472 in
3503 2419 3694 2476 caelos.

2097 2506 2232 2576 Quis
2262 2515 2346 2563 est
2375 2523 2519 2564 nunc
2558 2507 2652 2579 qui
2688 2507 2948 2565 adversus
3004 2507 3154 2562 illum
3208 2507 3520 2573 reluctatur,
3577 2507 3695 2564 imo

2096 2595 2366 2667 depretiat
2416 2596 2485 2667 ⁵2,
2541 2602 2594 2651 ct
2648 2595 2950 2652 mercedem
3004 2594 3121 2665 (22)
3167 2594 3283 2664 ejus
3338 2601 3446 2649 tam
3491 2611 3697 2670 magno

2097 2692 2484 2756 comparatam,
2512 2684 2905 2758 pretiosissimo
2944 2684 3148 2739 scilicet
3203 2684 3483 2755 sanguine,
3542 2700 3699 2740 com-

2100 2774 2333 2830 maculat
2359 2773 2387 2828 ‘l
2414 2775 2533 2830 Jam
2563 2789 2697 2846 ergo
2724 2773 2921 2829 melius
2961 2772 3151 2848 fugere
3181 2788 3338 2843 quam
3377 2772 3497 2829 ﬁeri
3535 2772 3702 2830 vilio-

2102 2879 2242 2928 rem,
2276 2862 2323 2917 si
2354 2878 2462 2920 nou
2481 2872 2630 2920 tanto
2661 2862 2763 2917 sibi
2794 2862 3059 2918 constabit
3095 2862 3289 2928 homo,
3320 2863 3506 2933 quanti
3550 2879 3699 2919 con-

401 2970 530 3028 grex
553 2952 749 3025 fugere
778 2949 1011 3013 deberet,
1056 2959 1164 3001 non
1195 2944 1416 3000 deberet
1444 2943 1765 3016 praepositus
1815 2943 1993 3015 gregis

2103 2952 2237 3008 stitit
2281 2951 2538 3008 Domino.
2563 2952 2631 3009 Et
2674 2951 2942 3008 Dominus
2990 2951 3211 3021 quidem
3243 2950 3396 3006 illum
3443 2950 3696 3009 redemit.

398 3052 562 3108 stare,
604 3040 720 3095 sine
776 3053 940 3094 causa
993 3044 1230 3091 staturus
1269 3035 1319 3072 5°
1373 3033 1442 3089 ad
1508 3033 1723 3088 tutelam
1780 3033 1986 3104 gregis,

407 3148 566 3207 quam
597 3145 731 3204 grex
768 3143 879 3185 non
908 3123 1259 3191 desideraret,
1302 3139 1365 3181 ex
1419 3121 1634 3180 licentia
1681 3120 1826 3196 fugae
1880 3122 1990 3178 sci-

399 3221 542 3280 licet.

1004 3355 1225 3415 CAPUT
1260 3352 1387 3413 XII.

474 3488 634 3562 Quod
661 3485 946 3560 pertineat,
978 3481 1164 3547 frater,
1198 3479 1265 3535 ad
1293 3486 1444 3533 tuum
1484 3474 1785 3549 problema,
1826 3475 1995 3533 habes

401 3579 681 3639 sententiae
737 3584 934 3631 nostrae
980 3570 1389 3643 responsionem
1443 3578 1496 3623 et
1548 3566 1993 3624 exhortationem.

400 3674 587 3734 Porro,
639 3668 730 3739 qui
762 3662 952 3737 quarrit
993 3677 1061 3716 an
1100 3658 1404 3731 persecutio
1450 3655 1701 3727 fugienda
1748 3656 1844 3724 sit,
1906 3673 1995 3713 se-

400 3769 654 3831 quentem
705 3767 925 3826 quoque
971 3748 1329 3822 quaestionem
1378 3746 1487 3814 jam
1540 3745 1836 3817 prospiciat
1891 3762 1996 3803 ne-

400 3864 555 3905 cesso
584 3851 685 3909 est,
719 3859 804 3909 an,
832 3841 879 3896 si
914 3837 1168 3912 fugienda
1212 3851 1319 3890 non
1351 3842 1462 3906 est,
1493 3833 1804 3890 redimenda
1851 3845 1996 3891 certe

399 3947 487 3997 ait.
514 3936 663 3993 Ultro
691 3931 855 4004 igitur
899 3939 951 3986 et
979 3928 1048 3983 de
1077 3928 1180 3983 hoc
1222 3925 1319 3981 tibi
1366 3939 1684 3998 suggeram,
1732 3922 1997 3981 deﬁniens

399 4025 849 4102 persecutionem,
882 4032 1044 4091 quam
1075 4023 1288 4071 constat
1323 4027 1431 4070 non
1479 4028 1598 4069 esse
1650 4011 1991 4085 fugiendam,

2098 3040 2166 3096 ab
2194 3040 2404 3112 angelis
2436 3040 2933 3097 munditenentibus
2980 3040 3359 3111 potestatibus,
3403 3056 3435 3096 a
3470 3040 3698 3112 spirita-

2100 3130 2243 3186 libus
2272 3129 2543 3202 nequitiae,
2567 3129 2848 3186 atenebris
2867 3129 3026 3199 hujus
3037 3128 3159 3201 aevi,
3181 3144 3213 3184 a
3234 3128 3437 3199 judicio
3467 3136 3697 3199 aeterno,

2102 3234 2135 3274 a
2163 3228 2339 3275 morte
2360 3227 2641 3291 perpetua.
2672 3220 2755 3274 Tu
2785 3226 2964 3273 autem
2996 3233 3092 3288 pro
3119 3232 3182 3273 eo
3241 3217 3527 3289 pacisceris
3573 3234 3702 3275 cum

2097 3310 2360 3374 delatore,
2397 3308 2480 3365 vel
2509 3308 2702 3374 milite,
2734 3309 2819 3364 vel
2877 3307 3164 3365 furunculo
3215 3307 3397 3379 aliquo
3440 3309 3702 3378 praeside,

2103 3397 2204 3453 sub
2248 3397 2431 3454 tunica
2460 3405 2513 3453 et
2545 3397 2671 3453 sinu
2729 3396 2893 3468 (quod
2940 3397 3108 3468 aiunt)
3158 3405 3218 3453 ut
3265 3396 3480 3464 furtivo,
3537 3414 3709 3469 quem

2102 3501 2284 3544 coram
2342 3495 2455 3542 toto
2506 3485 2711 3542 mundo
2752 3485 2998 3543 Christus
3052 3487 3205 3556 emit,
3252 3485 3361 3542 imo
3409 3494 3463 3542 et
3510 3502 3709 3543 manu-

2102 3573 2278 3631 misitl
2350 3574 2502 3630 Hunc
2582 3589 2715 3647 ergo
2760 3573 2995 3630 liberum
3050 3577 3225 3646 pretio
3271 3574 3582 3641 aestimabis,
3641 3584 3712 3633 et

2106 3663 2282 3736 pretio
2307 3662 2639 3734 possidebis,
2670 3661 2774 3718 nisi
2802 3662 3018 3730 eodem,
3069 3670 3271 3735 quanto
3298 3663 3381 3734 (ut
3435 3663 3707 3737 diximus)

2106 3750 2339 3807 Domino
2366 3751 2624 3819 constitit,
2681 3751 2942 3824 sanguine
2988 3767 3087 3808 suo
3144 3752 3396 3809 scilicet?
3452 3753 3524 3808 Ut
3566 3754 3705 3825 quid

2107 3857 2241 3913 ergo
2269 3840 2338 3897 de
2366 3841 2590 3898 homine
2629 3841 2904 3898 Christum
2962 3841 3186 3898 redimis
3239 3842 3292 3897 in
3356 3841 3592 3909 homine,
3642 3843 3706 3899 in

2104 3944 2212 4000 quo
2242 3928 2491 3986 Christus
2517 3938 2601 3987 est
2637 3929 2808 4002 (23)?
2830 3931 2954 3987 Non
2999 3931 3158 3987 aliter
3188 3933 3243 3986 et
3283 3920 3495 3987 Simon.
3524 3930 3705 3989 facere

2103 4018 2342 4086 tentavit,
2406 4034 2529 4075 cum
2567 4019 2850 4090 pecuniam
2897 4019 3154 4091 apostolis
3189 4019 3387 4077 obtulit
3442 4034 3539 4093 pro
3580 4021 3709 4092 Spi-

1799 4111 1993 4176 Varite
2037 4117 2352 4179 lectiones.

468 4230 520 4272 ’⁸⁵
551 4227 791 4287 Suadere
822 4222 1020 4288 Rhen.,
1055 4220 1286 4278 Semler.
1321 4215 1850 4291 ﬁgendamgsuadere
1880 4220 2040 4276 Pam.
2072 4221 2122 4259 46
2152 4221 2446 4291 Messionis,
2488 4223 2675 4279 Latin.
2707 4220 2757 4261 ἰτ
2786 4221 2882 4279 Vel
2902 4224 3072 4283 inser.
3099 4225 3219 4281 Lat.
3241 4223 3292 4263 48
3319 4224 3445 4282 Suae
3474 4224 3525 4281 in
3555 4239 3713 4282 com-

440 4301 737 4363 ensatione,
769 4300 928 4354 Pam.
951 4295 1003 4334 ‘9
1033 4294 1095 4349 Et
1125 4291 1294 4348 Seml.
1325 4289 1496 4350 Rhen.
1530 4289 1580 4329 ⁵ο
1600 4289 1811 4347 Debere
1838 4292 2161 4366 praepositos
2188 4309 2306 4366 g.s.
2339 4308 2385 4349 s.
2410 4289 2459 4350 c.
2490 4304 2726 4353 staturos
2760 4296 2937 4353 Rhen.
2967 4295 3315 4353 51Timiditas
3348 4297 3447 4354 cod
3496 4299 3705 4357 Wouw.

428 4377 450 4416 ²
480 4376 560 4431 De
590 4373 765 4446 pretio
794 4368 963 4426 Seml.

1825 4431 2326 4502 Commentarius.

399 4571 457 4633 ρο.
485 4551 536 4611 1·
585 4549 671 4633 Αεί
697 4562 838 4633 qu?“
871 4544 1084 4633 “14%.?
1117 4541 1253 4633 ἐκειά
1294 4537 1871 4633 Ατίεεξξιΰξξηξεξί.9ἶξῖη
1904 4539 2006 4633 ,μὲν
2038 4555 2084 4633 n
2124 4542 3115 4633 ηβυδοὲιέἔὲἔέὲβίέηὲἔφριξε)πὲ
3139 4545 3715 4633 "astra-Arusian-

400 4627 606 4693 λέοντες,
638 4620 685 4674 ἑν
716 4612 865 4694 ’μάχῃ
924 4614 979 4694 δὲ
1035 4614 1305 4694 ἆλώτὶἔκεςὲ
1366 4632 1391 4666 α
1415 4614 1577 4672 Βοηιί
1624 4612 1846 4687 quidem
1899 4612 2003 4672 leo-

399 4712 520 4767 nes,
551 4687 616 4751 in
644 4687 848 4767 pugna:
867 4689 1145 4767 vulpes._y_
1160 4687 1237 4767 .Le
1260 4687 1369 4767 _Pn_.

477 4752 523 4838 (4
537 4768 593 4837 9)
630 4752 1047 4838 Detinebunt'ur
1076 4759 1169 4838 illi
1186 4757 1473 4838 missionis
1483 4771 1599 4838 sua
1633 4752 1916 4838 mercedes
1937 4757 2000 4812 in

401 4828 937 4919 compensationem.
969 4828 1416 4919 Pecor‘isscilicet
1451 4843 1483 4919 ιι
1510 4828 1637 4901 lupo
1663 4828 1858 4912 direpti
1878 4843 2003 4919 cpler

400 4900 786 4981 negligentiam
844 4911 938 4960 aut
1014 4901 1297 4981 perﬁdiam
1349 4900 1604 4981 pastoris,
1665 4900 1819 4969 cujus
1846 4900 1999 4981 .ﬁdei

401 4970 803 5052 vigilantiaque
825 4970 1201 5052 _comniissum
1230 4970 1401 5027 fuerat
1454 4979 1607 5043 pacta
1663 4970 2000 5028 commissio-

404 5046 489 5109 ιιἰέ
525 5046 797 5107 mercede.
825 5046 952 5101 Bm.

473 5124 585 5196 (2ο)
615 5118 849 5196 Pedibus
895 5116 1137 5196 stetisti,
1172 5114 1482 5196 cucurristi
1527 5113 1811 5196 nummis.
1836 5111 2002 5196 “Haec

440 5181 626 5267 ropter
673 5186 1013 5267 Libellalicos
1048 5186 1141 5258 qui
1198 5183 1768 5267 judicibusnlihellum
1795 5181 2000 5267 offere.

441 5214 626 5267 ropter
673 5214 1013 5248 Ltueunucua
1048 5214 1141 5258 qu|
1198 5214 1475 5257 juuwsuua
1529 5214 1768 5240 ιιυυιιυιιι
1795 5214 1999 5241 unctu-

403 5214 703 5339 Εδιιῑιςιιο
733 5277 790 5318 se
817 5257 1153 5339 christianog
1201 5272 1323 5314 esse
1372 5253 1782 5339 proﬁtebantur,
1824 5255 1999 5339 adeo-

409 5325 512 5418 que
541 5325 647 5397 'sibi
674 5348 782 5394 non
822 5330 987 5389 licere
1023 5325 1393 5418 profanorum"
1415 5325 1581 5418 sgqris
1594 5328 1998 5418 putaminari;

408 5397 630 5486 pinnam
655 5420 786 5467 vero
803 5397 1091 5486 pumersla
1116 5399 1362 5486 pecunia
1383 5397 1748 5486 redimebant.
1799 5398 1874 5486 tis
1900 5397 1999 5486 ιμέ

414 5470 523 5544 ias
548 5470 662 5543 non
705 5477 875 5538 multo
923 5470 1133 5548 mitior'
1172 5471 1297 5548 fuit
1320 5471 1579 5547 Ecclesia,
1612 5485 1774 5546 quam
1807 5470 2000 5548 lapsis,

409 5540 523 5623 iiii
554 5540 855 5618 ἶτέιτεθυκόσι
898 5540 1138 5614 ῑῖδώλοις.
1171 5543 1244 5608 Le
1269 5545 1364 5613 Pa.

2115 4616 2634 4689 ros__em_ancipat_io
2683 4616 2907 4680 nostra,
2956 4620 3011 4671 et
3039 4618 3338 4689 stipulatio
3394 4616 3709 4675 nostrain

2109 4686 2284 4760 cortis.
2319 4685 2498 4760 Solem
2530 4685 2685 4760 dicit,
2715 4685 3126 4760 reprgsentasse'
3159 4690 3449 4760 emptionis
3502 4701 3716 4745 nostrae

2108 4757 2276 4823 diem,
2307 4771 2418 4829 quo
2447 4755 3108 4829 dieChristu—sDominus
3155 4755 3712 4820 surrexitamortuis.

2107 4829 2301 4903 I_t_aq_ue_
2323 4827 2615 4885 cessitdies
2642 4827 2787 4884 Solis
2812 4828 2867 4903 in
2886 4828 3028 4903 diem
3064 4830 3452 4903 redemptionis
3479 4840 3709 4892 nostrae.

2109 4898 2305 4955 Christi
2361 4907 2534 4971 morte
2615 4900 2972 4971 emancipatio
3023 4912 3211 4959 nostra
3250 4898 3531 4959 celebrata
3595 4914 3711 4962 est.

2108 4971 2336 5047 Emptor
2364 4970 2585 5047 familias
2613 4970 2859 5047 Christus
2887 4971 3143 5047 moriens,
3174 5043 3184 5047 _
3209 4975 3460 5047 Einptor
3488 4974 3607 5047 ipse
3652 4984 3717 5031 et

2106 5042 2362 5170 gratiam.
2395 5042 2546 5099 Merx
2575 5052 2629 5099 et
2656 5042 2857 5098 familia
2891 5044 3072 5099 homo.
3108 5042 3404 5115 Stipulator
3449 5042 3526 5101 in'
3550 5046 3718 5103 oculis

2157 5128 2276 5170 eus.
2306 5114 2610 5170 Emntionis
2646 5124 2845 5170 nostrae
2894 5130 3125 5170 snonsor
3153 5120 3209 5170 et
3266 5118 3497 5170 nretium
3546 5117 3717 5170 Chri-

2157 5128 2276 5170 eus.
2306 5114 2610 5188 _Et_nptionis
2646 5124 2845 5188 nostra}
2894 5130 3125 5187 sponsor
3153 5114 3209 5172 et
3266 5118 3497 5188 pretium
3546 5117 3717 5173 Chri-

2109 5192 2227 5243 stus
2255 5185 2323 5241 ad
2353 5185 2565 5243 Patrem
2595 5185 2938 5255 regrediens,
2963 5202 3188 5245 summie
3228 5185 3397 5246 totius
3441 5188 3718 5247 arrhabo-

2108 5273 2234 5316 nem
2263 5256 2445 5314 intulit
2473 5257 2635 5315 coelo.
2659 5256 2792 5316 itte.

2152 5327 2295 5413 (g2)
2320 5330 2436 5388 Ima
2454 5328 2733 5413 depretiat
2759 5331 3094 5413 mercedem.
3125 5330 3715 5413 cupiensredcmptam

2108 5400 2320 5458 vilibus
2357 5400 2615 5459 nummis.
2649 5403 2956 5460 Mercedem
2984 5414 3145 5461 vocat
3180 5400 3452 5463 hominem
3507 5400 3716 5463 Christi

2110 5472 2375 5602 sanguine
2403 5474 2762 5559 redemptum.
2792 5474 2918 5531 Bia.

2183 5546 2205 5602 (
2242 5546 2295 5602 3)
2320 5547 2386 5602 Ut
2414 5545 2547 5602 quid
2567 5563 2693 5602 erae
2713 5544 2779 5602 de
2810 5545 2918 5602 han

2183 5544 2295 5621 (23)
2320 5547 2386 5608 Ut
2414 5545 2547 5625 quid
2562 5544 2693 5649 ergo
2713 5544 2779 5607 de
2810 5545 3035 5609 homine
3060 5545 3354 5612 Christum
3383 5547 3611 5649 redimis
3640 5547 3715 5615 in
