4042 6172
449 257 550 316 139

1141 254 1580 316 TERTULLIANI
1617 253 1882 313 OPERUM
1918 251 2086 312 PARS
2122 251 2186 312 II.
2230 285 2300 295 —
2335 249 2563 313 SERIES
2601 253 2644 328 l,
2683 251 3033 313 POLEMICA.

3619 253 3724 315 140

444 385 665 450 Caesari,
698 381 802 438 nisi
834 380 1177 453 sanguinem,
1210 397 1366 452 quem
1423 397 1523 450 pro
1549 397 1638 435 me
1693 380 1859 434 Filius
1890 379 2030 433 fudit
2063 394 2108 472 Α
2138 395 2282 436 nunc
2307 379 2708 435 Dominicarum
2730 377 3229 450 pronuntiationum
3258 375 3307 416 6⁷
3326 377 3412 434 sui
3439 377 3491 416 ⁵8
3517 384 3641 434 sunt
3669 388 3727 435 et

441 476 615 546 ipsius
635 475 662 528 Τ
691 471 847 540 Quod
906 471 949 525 si
1000 471 1114 526 Deo
1163 473 1382 542 quidem
1412 471 1704 535 hominem,
1736 480 1789 523 ct
1816 469 2033 544 sangui-

441 579 566 618 nem
598 577 777 615 meum
833 560 1038 626 debeo;
1101 575 1243 614 nunc
1297 560 1346 596 6³
1403 575 1531 614 vero
1562 559 1618 612 in
1648 573 1712 612 eo
1743 574 1860 612 sum
1894 567 2030 612 tem-

443 668 596 721 pore,
623 658 681 704 ut
707 648 851 718 quod
875 649 986 703 Deo
1013 647 1186 701 debeo
1211 647 1544 715 expostuler;
1571 646 1754 717 utique
1785 645 2028 702 fraudem

444 741 558 795 Deo
591 738 746 806 facio,
776 737 828 790 id
859 752 1041 808 agens,
1083 751 1150 789 ne
1182 736 1326 806 quod
1379 735 1552 791 debeo
1613 737 1836 792 solvam.
1889 734 2029 790 Bene

442 826 716 881 observavi
770 832 1118 894 praceptum,
1179 823 1376 878 Caesari
1448 823 1677 878 reddens
1733 839 1852 894 qua
1909 830 2033 878 sunt

440 913 684 983 Caesaris,
717 913 831 967 Deo
859 927 995 969 vero
1023 927 1142 982 qua
1175 919 1300 966 sunt
1331 912 1427 968 Dei
1462 913 1734 985 abnegans
1755 913 1783 967 ‘P

941 1051 980 1106 Ι
1000 1051 1037 1106 Ι
1053 1051 1104 1107 8
1137 1051 1362 1108 CAPUT
1383 1053 1528 1108 XIII.

509 1177 610 1233 Sed
662 1182 718 1231 et
743 1176 901 1234 omni
935 1177 1159 1246 petenti
1196 1192 1281 1231 me
1310 1176 1444 1232 dabo
1477 1176 1698 1243 (Matth.
1729 1193 1780 1241 v,
1823 1175 1936 1245 42).
1971 1175 2031 1230 In

439 1282 600 1321 causa
656 1265 1032 1334 eleemosyna,
1086 1280 1193 1318 non
1254 1266 1309 1320 in
1355 1279 1716 1320 concussura.
1778 1265 2027 1326 Petenti,

436 1354 628 1426 inquit.
663 1355 849 1418 Porro,
899 1353 988 1423 qui
1018 1352 1250 1408 concutit
1280 1353 1350 1423 οδ,
1408 1368 1516 1407 non
1546 1352 1700 1423 petit.
1740 1351 1838 1422 Qui
1872 1366 2027 1406 com-

435 1444 684 1509 minatur,
727 1443 772 1498 si
821 1456 928 1497 non
957 1441 1248 1512 acceperit,
1282 1457 1389 1495 non
1422 1441 1675 1511 postulat,
1707 1440 1800 1496 sed
1841 1448 2028 1494 extor-

434 1538 579 1602 quet.
634 1531 756 1586 Non
785 1530 1184 1601 eleemosynam
1241 1536 1535 1598 exspectat,
1567 1528 1661 1598 qui
1718 1543 1821 1582 non
1857 1527 2024 1582 mise-

437 1618 654 1684 randus,
686 1617 781 1671 scd
832 1617 1098 1672 timendus
1130 1616 1297 1669 venit.
1329 1615 1479 1670 Dabo
1509 1615 1678 1685 igitur
1714 1615 2022 1672 misericor-

435 1706 538 1762 dia
584 1707 654 1770 6⁵,
687 1721 793 1760 non
826 1704 1121 1757 timiditatis
1165 1718 1297 1756 mea
1337 1703 1570 1770 nomine,
1631 1703 1720 1757 ubi
1749 1703 1840 1773 qui
1870 1720 2026 1759 acce—
2059 1681 2102 1756 Β

435 1795 536 1864 pit,
557 1795 729 1846 Deum
759 1793 987 1846 honorat
1017 1799 1069 1844 et
1089 1789 1516 1845 benedictionem
1539 1791 1670 1844 mihi
1691 1791 1894 1859 reddit;
1917 1808 2028 1848 non

435 1881 530 1936 ubi
559 1879 788 1948 amplius
813 1893 870 1932 se
901 1875 1230 1932 benefactum
1261 1877 1576 1947 prastitisse
1597 1894 1686 1933 cre
1707 1879 1785 1948 lit,
1818 1888 1868 1934 et
1896 1897 2031 1950 pra-

432 1969 555 2022 dam
585 1983 736 2022 suam
789 1965 1064 2037 aSpiciens
1093 1964 1222 2021 dicit
1277 1967 1391 2038 (30)
1424 1984 1435 2023 :
1472 1967 1550 2022 De
1578 1975 1731 2022 reatu
1759 1975 1860 2023 est.
1920 1972 2028 2024 Pa-

431 2075 583 2114 scam
601 2061 656 2114 et
677 2058 978 2112 inimicum
997 2055 1046 2092 δδ
1077 2053 1333 2126 (3i).Sed
1356 2055 1647 2111 inimicitia
1665 2056 1800 2111 alios
1830 2058 2029 2112 habent

429 2148 632 2203 titulos.
686 2145 807 2199 Non
856 2153 1031 2196 tamen
1077 2143 1216 2197 dixit
1263 2143 1595 2214 traditorem,
1635 2151 1727 2199 aut
1774 2161 2026 2215 persecu-

429 2247 618 2299 torem,
659 2241 750 2288 aut
794 2247 1200 2288 concussorem.
1242 2233 1377 2286 Nam
1438 2234 1562 2288 huic
1615 2241 1814 2305 quanto
1857 2235 2028 2307 magis

429 2325 690 2381 carbones
727 2321 984 2376 acervabo
1015 2337 1186 2390 super
1225 2329 1403 2391 caput,
1437 2320 1483 2376 si
1521 2337 1630 2377 non
1671 2339 1754 2377 me
1789 2323 2028 2378 redeme-

427 2429 488 2470 ro
509 2414 536 2468 ?
558 2410 807 2474 Proinde,
824 2409 1013 2480 inquit,
1033 2412 1128 2480 qui
1161 2411 1264 2466 tibi
1294 2412 1551 2466 tunicam
1573 2413 1899 2478 sustulerit,
1939 2413 2025 2469 vel

429 2505 605 2559 etiam
639 2501 888 2572 pallium
926 2499 1180 2564 concede,
1215 2501 1280 2553 ad
1316 2516 1436 2554 eum
1477 2501 1726 2570 pertinet,
1761 2502 1851 2572 qui
1891 2518 2025 2572 rem,

425 2605 534 2644 non
571 2589 666 2660 qui
702 2586 864 2642 ﬁdem
897 2602 1070 2641 meam
1127 2586 1336 2656 eripere
1372 2588 1668 2657 quaesierit.
1720 2588 2022 2645 Concedam

426 2690 481 2734 et
519 2679 740 2750 pallium
808 2691 914 2732 non
970 2675 1194 2730 minanti
1262 2675 1619 2730 traditionem.
1675 2677 1731 2731 Si
1790 2680 2022 2734 minatus

425 2768 623 2832 fuerit,
673 2766 834 2820 etiam
901 2763 1132 2820 tunicam
1195 2778 1496 2836 reposcam.
1567 2764 1822 2820 Omnium
1905 2766 2020 2835 jam

2140 485 2315 524 causa
2367 480 2421 524 et
2465 469 2670 542 regula
2702 467 2933 534 termini,
2988 482 3094 522 non
3126 466 3178 520 in
3207 465 3498 538 inﬁnitum,
3529 483 3626 524 nec
3654 469 3724 523 ad

2139 558 2319 613 omnia
2356 566 2616 628 Spectant.
2675 558 2857 627 Atque
2921 555 3056 612 adeo
3085 555 3179 627 qui
3209 556 3353 610 omni
3381 557 3580 627 petenti
3609 556 3725 612 dari

2132 649 2306 716 jubet,
2341 648 2455 717 ipse
2485 647 2696 717 signum
2733 643 3036 712 petentibus
3087 660 3195 700 non
3225 645 3335 700 dat.
3387 646 3639 716 Alioquin
3665 647 3722 701 'si

2135 735 2383 790 omnibus
2430 734 2629 806 passim
2678 731 2988 804 petentibus
3017 732 3251 787 dandum
3295 739 3471 803 putas,
3502 740 3558 788 tu
3589 733 3724 789 mihi

2133 824 2351 887 videris,
2415 837 2521 876 non
2551 821 2672 878 dico
2704 821 2890 876 vinum
2922 820 3258 887 febricitanti,
3293 822 3388 877 sed
3418 821 3579 877 etiam
3620 839 3722 878 ve-

2137 927 2353 975 nenum,
2405 920 2499 966 aut
2551 909 2795 980 gladium
2849 919 3075 966 mortem
3128 909 3454 966 desideranti
3483 911 3723 966 daturus.

2139 1000 2328 1055 Facite
2359 1001 2553 1054 autem
2571 998 2715 1054 vobis
2735 998 2941 1054 amicos
2961 998 3026 1052 de
3045 1015 3375 1054 mammona
3401 997 3555 1070 (Luc.
3576 999 3724 1068 xw),

2136 1087 2414 1159 quomodo
2459 1086 2877 1158 intelligendum
2917 1086 3004 1150 sit,
3041 1086 3288 1157 parabola
3318 1087 3596 1158 pramissa
3625 1088 3730 1143 do-

2139 1183 2278 1245 ceat,
2309 1174 2374 1229 ad
2437 1173 2698 1245 papulum
2731 1174 3010 1243 judaicum
3056 1175 3214 1242 dicta,
3263 1174 3355 1245 qui
3383 1175 3727 1232 commissam

2137 1263 2239 1318 sibi
2277 1263 2533 1319 rationem
2568 1264 2778 1318 Domini
2808 1280 2929 1318 cum
2969 1263 3110 1318 male
3139 1262 3589 1331 administrasset,
3622 1264 3724 1319 de-

2137 1353 2266 1407 bere
2307 1353 2375 1406 de
2431 1366 2749 1406 mammona
2811 1351 3137 1418 hominibus,
3187 1351 3330 1422 quod
3360 1367 3461 1408 nos
3490 1369 3722 1419 eramus,

2135 1439 2337 1495 amicos
2363 1439 2464 1494 sibi
2513 1441 2690 1510 potius
2737 1439 3062 1509 prospicere,
3118 1455 3280 1510 quam
3338 1439 3622 1509 inimicos;
3671 1449 3727 1499 et

2135 1527 2370 1584 revelare
2406 1542 2575 1592 nos_a
2612 1527 2809 1582 debitis
2865 1534 3232 1597 peccatorum,
3264 1528 3459 1600 quibus
3487 1531 3600 1585 Deo
3632 1529 3728 1588 de-

2133 1616 2456 1680 tinebamnr,
2490 1616 2532 1668 si
2563 1616 2719 1670 nobis
2749 1617 2816 1669 de
2836 1616 3112 1671 Dominica
3141 1616 3348 1671 ratione
3375 1615 3718 1685 conferrent;

2135 1713 2193 1758 ut
2222 1717 2344 1758 cum
2401 1702 2692 1774 capissent
2739 1703 2807 1756 ab
2837 1703 3004 1773 hujus
3033 1702 3264 1758 deﬁcere
3301 1705 3494 1775 gratia,
3526 1705 3590 1759 ad
3619 1720 3722 1762 no-

2137 1799 2302 1847 stram
2336 1793 2493 1847 fidem
2522 1791 2865 1863 refugientes,
2903 1790 3273 1862 reciperentur
3302 1793 3355 1846 in
3382 1794 3725 1850 tabernacula

2136 1889 2356 1936 aeterna.
2388 1881 2644 1949 Quamvis
2693 1895 2840 1936 nunc
2894 1889 3021 1953 puta
3050 1882 3204 1936 aliam
3235 1881 3720 1952 interpretationem

2135 1968 2402 2038 parabola
2431 1976 2484 2023 et
2520 1967 2800 2022 sententia
2854 1967 3032 2035 istius,
3062 1967 3192 2023 dum
3246 1969 3387 2023 scias
3433 1971 3722 2026 verisimile

2135 2072 2242 2112 non
2273 2072 2391 2111 esse
2420 2066 2479 2111 ut
2507 2070 2855 2111 concussores
2901 2053 3072 2109 nostri
3105 2054 3160 2108 in
3199 2055 3482 2112 amicitiam
3536 2058 3720 2114 redac-

2135 2147 2173 2199 ti
2205 2161 2301 2216 per
2347 2159 2732 2213 mammonam,
2765 2143 3025 2214 recipiant
3057 2151 3183 2199 tunc
3233 2159 3333 2199 nos
3389 2145 3445 2198 in
3477 2146 3722 2200 taberna-

2132 2237 2250 2290 cula
2298 2243 2512 2290 aterna.
2551 2234 2656 2290 Sed
2699 2233 2825 2304 quid
2871 2248 2978 2288 non
3025 2233 3287 2288 timiditas
3335 2235 3722 2304 persuadebit?

2132 2326 2286 2395 quasi
2343 2331 2395 2378 et
2451 2322 2640 2393 fugere
2684 2321 2971 2391 Scriptura
3023 2322 3318 2394 permittat,
3380 2329 3435 2378 et
3463 2323 3723 2380 redimere

2133 2413 2430 2484 praecipiat.
2465 2413 2652 2465 Parum
2685 2409 2920 2480 denique
2949 2417 3050 2476 est,
3083 2410 3127 2464 si
3183 2427 3325 2466 unus
3353 2419 3446 2465 aut
3481 2412 3619 2466 alius
3649 2411 3721 2468 ita

2131 2500 2356 2556 eruitur.
2392 2500 2687 2554 Massaliter
2720 2505 2843 2555 tota
2887 2498 3134 2553 ecclesia
3189 2499 3450 2552 tributum
3507 2499 3609 2552 sibi
3647 2500 3722 2553 ir-

2132 2589 2624 2662 rogaverunt(32).
2675 2587 2867 2642 Nescio
2926 2587 3214 2641 dolendum
3271 2603 3340 2643 an
3393 2588 3725 2644 erubescen-

2128 2679 2252 2733 dum
2285 2677 2370 2745 sit,
2395 2693 2518 2733 cum
2544 2677 2600 2730 in
2631 2675 2935 2730 matricibus
2963 2673 3432 2731 beneﬁciariorum
3461 2685 3514 2731 et
3544 2677 3721 2732 curio-

2129 2782 2311 2822 sorum
2337 2770 2472 2837 (33),
2503 2764 2668 2822 II9
2700 2765 2836 2820 inter
2861 2765 3208 2834 tabernarios,
3234 2780 3284 2820 et
3307 2763 3482 2821 lanios
3504 2767 3632 2838 (34),
3672 2776 3725 2824 et

1785 2865 1972 2926 Varia
2016 2868 2323 2928 lectiones.

493 2962 543 3000 6³
573 2963 710 3018 Cum
744 2959 1160 3031 0berth.rseml.
1194 2958 1366 3014 Rhen.
1388 2958 1652 3031 Girlnicutit
1680 2959 1896 3018 Oberth.
1931 2963 2099 3019 Seml.
2131 2965 2291 3018 Pam.
2327 2961 2501 3018 Rhen.
2543 2961 2592 2999 6⁵
2635 2960 3049 3015 Misericordiam
3084 2961 3256 3018 Rhen.
3297 2960 3348 2999 66
3379 2960 3458 3015 Ita
3499 2962 3615 3031 Rig.
3652 2961 3722 3016 de

424 3042 574 3088 reatu
602 3036 796 3086 irascar
827 3040 880 3085 et
909 3029 1182 3105 inimicum
1205 3031 1414 3105 Pamet.
1439 3028 1485 3067 6⁷
1511 3030 1574 3105 Ῡ.
1606 3033 2103 3101 pronuntiationum
2150 3035 2399 3090 inseruit
2428 3034 2632 3105 Rigalt.
2655 3032 2843 3102 ;abest
2865 3034 3022 3087 Pam.
3053 3033 3225 3088 Rhen.
3250 3032 3544 3104 cogitando
3565 3028 3720 3103 'sup-

426 3106 573 3176 pleri
594 3105 755 3174 jubet
789 3101 1230 3157 :sententiarum.
1272 3101 1321 3138 σθ
1358 3102 1482 3155 Sua
1502 3103 1657 3156 Pam.

1783 3173 2278 3240 Commentarius.

429 3253 488 3307 Ὀ
551 3251 774 3318 θεοσεϐὴς
834 3252 1103 3322 ἅνθρωπος,
1151 3250 1394 3321 νόμισμον
1443 3251 1542 3304 ὕπὸ
1591 3257 1680 3306 τοῦ
1708 3253 1832 3307 Θεοῦ
1860 3273 2014 3326 χαρα-

423 3327 553 3394 χοέν.
618 3325 746 3378 RIG.

498 3395 612 3466 (30)
653 3394 912 3466 Praedam
930 3409 1095 3447 suam
1115 3391 1389 3466 aspiciens
1419 3392 1555 3448 dicit
1585 3413 1603 3449 :
1625 3396 1700 3449 De
1727 3397 1892 3451 reatu
1909 3399 2010 3451 est.

426 3461 727 3523 Concussor
801 3463 1005 3516 scilicet
1057 3461 1322 3532 aspiciens
1379 3479 1648 3530 nummos,
1697 3465 1893 3534 quibus
1931 3482 2018 3522 ac-

425 3541 598 3608 ceptis
662 3534 1022 3608 Christianum
1081 3535 1676 3608 jam_comprehensum
1743 3536 1948 3592 dimisit
2000 3555 2014 3592 :

427 3602 542 3664 Hoc
569 3608 634 3662 de
663 3614 811 3678 reatu
831 3611 939 3678 cst,
973 3604 1163 3678 inquit.
1207 3602 1332 3678 Hac
1359 3602 1581 3670 merces,
1606 3607 1796 3678 inquit,
1827 3608 2016 3662 dimis-

426 3681 471 3733 si
501 3696 533 3732 a
569 3693 656 3730 me
696 3675 965 3730 scelerati.
1006 3674 1118 3728 Hoc
1149 3674 1382 3745 pretium
1404 3691 1536 3730 meae
1566 3674 2019 3747 praevaricationis

424 3748 791 3818 perﬁdiaque.

499 3819 612 3887 (3t)
641 3820 880 3872 Pascam
910 3819 966 3871 et
1005 3816 1327 3873 inimicum.
1361 3817 1542 3872 Verba
1575 3827 1702 3874 sunt
1733 3819 2022 3874 Christiani

433 3889 702 3947 tractaturi
741 3902 904 3956 super
920 3887 1294 3955 redemptione
1334 3892 1748 3956 persecutionis,
1786 3897 1838 3944 et
1868 3892 2018 3945 obla-

435 3961 541 4015 turi
572 3975 821 4012 nummos
850 3958 1022 4023 militi,
1051 3959 1134 4012 vel
1164 3957 1412 4026 delatori,
1455 3961 1536 4016 vel
1578 3961 1796 4017 inimico
1827 3976 2023 4016 concu-

431 4030 604 4087 tienti.
654 4031 781 4083 Hac
819 4038 1017 4101 autem;
1051 4037 1395 4101 antea_erant
1431 4032 1859 4101 corruptissima.
1909 4033 2019 4087 Re-

433 4104 709 4158 stituimus
735 4116 799 4154 ex
841 4099 930 4152 lib.
973 4099 1174 4154 Ursini.
1215 4098 1340 4153 Rm.

503 4174 618 4242 (32)
642 4171 954 4244 Massaliter
977 4173 1028 4244 to
1038 4174 1110 4224 tce
1131 4172 1378 4244 ecclesiae
1390 4171 1674 4228 tributum
1695 4173 1799 4230 sibi
1817 4177 2023 4244 irroga-

432 4248 655 4302 verunt.
709 4243 856 4296 Serie
887 4243 1123 4309 capitum
1154 4242 1338 4308 juncta
1375 4257 1603 4299 massam
1636 4245 1812 4300 fecere
1845 4242 2019 4300 vecti-

433 4316 632 4385 galium
687 4312 1130 4385 Christianorum.
1162 4312 1538 4385 SicOptatus,
1595 4315 1690 4369 lib.
1724 4330 1787 4380 ιι,
1828 4317 1926 4370 sub
1957 4315 2020 4368 ti-

434 4383 559 4440 nem
593 4402 604 4437 :
652 4403 679 4434 α
720 4384 784 4437 Et
821 4392 999 4456 tamen
1039 4383 1134 4436 has
1180 4384 1361 4456 plebes
1394 4385 1668 4456 coegistis
1718 4387 1929 4441 ﬂectere
1969 4393 2024 4441 et

435 4456 690 4511 inclinare
739 4454 994 4522 cervices,
1028 4459 1082 4507 et
1119 4455 1259 4508 serie
1289 4454 1541 4524 capitum
1573 4457 1762 4524 juncta
1793 4473 2024 4512 massam

437 4525 806 4599 ptcnitentium
829 4525 1026 4599 facere.
1061 4543 1084 4575 ι
1125 4526 1244 4579 HIG.

506 4600 621 4668 (33)
666 4598 1163 4668 Beneﬁciariorum
1194 4602 1250 4668 et
1276 4598 1647 4654 curiosorum.
1696 4597 2026 4655 Beneﬁciarii

436 4669 751 4724 dicebantur
801 4667 991 4723 milites
1036 4667 1323 4740 beneﬁcio
1367 4669 1621 4738 principis
1664 4673 1924 4740 assumpti
1955 4673 2024 4726 ad

438 4741 616 4795 ofﬁcia
657 4757 751 4793 seu
779 4738 1079 4811 ministeria
1107 4748 1272 4811 certa.
1304 4739 1489 4810 Itaque
1520 4738 2022 4811 apparebant—prin-

437 4811 566 4880 cipi,
619 4810 881 4864 mandatis
922 4810 1298 4879 exsequendis.
1340 4811 1418 4864 Ex
1467 4810 1657 4867 eorum
1685 4813 1868 4868 schola
1929 4829 2024 4869 seu

438 4897 667 4954 corpore
720 4890 868 4935 erant
904 4881 1359 4954 _curiosi,__cursus
1415 4883 1612 4952 publici
1639 4899 1781 4937 cura
1811 4898 2024 4954 prapo-

441 4950 552 5017 siti,
592 4954 684 5024 qui
713 4963 764 5006 et
795 4950 1090 5024 stationarii
1119 4950 1449 5016 dicebantur,
1484 4969 1580 5021 per
1607 4950 1864 5008 stationes
1899 4950 2020 5007 dis-

483 5023 725 5095 ositilrlis
773 5030 949 5095 autem
999 5023 1138 5095 inter
1165 5031 1356 5075 catera
1386 5025 1487 5076 hoc
1517 5025 1752 5095 muneris
1789 5024 2024 5095 injungit

458 5110 519 5148 ex
569 5094 759 5159 prima,
793 5095 854 5147 C.
886 5092 952 5146 de
995 5093 1257 5158 Curiosis,
1297 5114 1318 5140 α
1382 5103 1438 5147 ut
1479 5094 1700 5147 crimina
1743 5092 2022 5162 judicibus

437 5163 733 5216 nuntianda
764 5163 1124 5216 meminerint.
1181 5180 1204 5214 ι
1247 5162 1390 5233 Ergo
1421 5178 1637 5218 reorum
1669 5166 1882 5219 nomina
1930 5182 2020 5221 re-

438 5234 723 5304 quirebant
778 5249 840 5287 ac
866 5233 1199 5294 deferebant,
1253 5234 1397 5302 ipsos
1449 5249 1570 5288 reos
1624 5236 1881 5291 sistebant
1927 5237 2020 5290 tri-

440 5304 726 5359 bunalibus
780 5314 832 5358 et
859 5304 1082 5372 judicio.
1118 5305 1287 5357 Vetus
1319 5304 1536 5358 historia
1569 5306 1832 5374 passionis
1865 5307 2023 5364 Fruc-

441 5375 583 5431 tuosi
630 5375 869 5446 episc0pi
905 5391 917 5430 :
955 5394 980 5424 ‹‹
1013 5374 1334 5429 Direxerunt
1362 5374 1684 5446 beneﬁciarii
1713 5379 1765 5432 in
1798 5381 2018 5435 domum

437 5449 595 5527 ejus;
633 5445 746 5502 {et
777 5446 936 5517 paulo
967 5452 1092 5516 post
1112 5490 1139 5527 ,τ
1176 5464 1201 5498 α
1233 5446 1330 5527 Cui
1360 5445 1552 5527 milites
1580 5448 1829 5505 dixerunt
1861 5469 1873 5509 :
1907 5453 2016 5508 Ve-

433 5517 510 5588 ni,
563 5535 765 5590 praeses
819 5527 871 5575 te
926 5517 1168 5588 accersit,
1203 5535 1227 5570 »
1269 5525 1372 5575 etc.
1429 5519 1666 5591 Scriptor
1718 5539 2019 5596 anonymus

2135 3257 2267 3311 Vitta
2315 3252 2713 3326 Chrysostomi,
2768 3253 2909 3326 apud
2949 3252 3168 3308 Suidam
3217 3273 3230 3326 ;
3273 3251 3575 3326 Ἑλκόμενρς
3627 3252 3722 3305 ὑπὸ

2124 3331 2226 3378 τῶν
2270 3323 2552 3395 Κουριόσων
2587 3332 2670 3394 τῆς
2722 3325 2945 3390 πόλεως;
2982 3335 3034 3376 et
3090 3325 3230 3393 apud
3279 3323 3490 3395 Euseb._
3511 3325 3719 3378 Hister.

2125 3391 2437 3462 ecclesiast,
2501 3397 2594 3450 lib.
2634 3391 2730 3460 'tx,
2791 3414 2838 3453 c.
2891 3399 2967 3448 9:
3003 3391 3373 3464 Βενεξρικιαρίων
3430 3391 3586 3464 ὕϐρεις
3639 3395 3721 3445 καὶ

2125 3468 2362 3536 σεισμοί;
2420 3469 2726 3536 hujusmodi
2775 3475 2959 3523 autem
3007 3465 3188 3521 ofﬁcia
3227 3466 3441 3519 tandem
3496 3465 3551 3518 in
3585 3480 3723 3533 pra-

2128 3538 2485 3593 varicationes
2543 3545 2596 3593 et
2627 3537 2842 3608 rapinas
2897 3545 2951 3591 et
3003 3536 3387 3592 concussiones
3416 3538 3722 3608 degenera-

2127 3624 2274 3676 vere,
2333 3605 2741 3665 conniventibus
2767 3609 3094 3678 plerumque
3127 3607 3408 3662 hominum
3451 3605 3720 3677 pessimo-

2129 3695 2246 3734 rum
2305 3680 2629 3749 improbitati
2687 3677 3044 3734 beneﬁciarii’s
3083 3688 3136 3732 et
3193 3679 3445 3733 curiosis.
3496 3679 3631 3732 Nam
3663 3685 3720 3749 et

2126 3748 2228 3818 ipsi
2296 3746 2652 3818 pensionibus
2707 3750 2901 3805 annuis
2959 3759 3049 3803 aut
3103 3750 3395 3803 menstruis
3453 3746 3716 3818 corrupti,

2128 3821 2574 3895 tabernariorum,
2606 3836 2935 3895 ganeonum,
2986 3819 3184 3895 furum,
3231 3821 3482 3874 lenonum
3517 3819 3721 3895 scelera

2128 3890 2573 3967 dissimulabant;
2608 3888 2715 3967 'ita
2768 3898 2828 3946 ut
2881 3890 3031 3967 domi
3086 3898 3364 3967 servarent
3413 3888 3722 3967 matriculas

2130 3962 2366 4032 turpium
2405 3963 2714 4032 hujusmodi
2763 3962 3094 4032 pactionum.
3163 3961 3296 4016 Cum
3352 3960 3517 4032 igitur
3565 3967 3620 4032 et
3665 3960 3722 4012 in

2129 4029 2777 4089 Christianos'mandata‘
2804 4031 3108 4103 principum
3152 4033 3264 4087 sive
3301 4029 3505 4103 procon
3544 4029 3722 4084 sutum

2129 4115 2219 4158 aut
2249 4104 2547 4175 praesidum
2580 4113 2830 4174 tauquam
2879 4105 2933 4157 in
2963 4103 3327 4175 facinorosos
3381 4105 3584 4156 atrocia
3622 4115 3719 4154 ex-

2131 4173 2498 4245 sequerentur,
2539 4173 2749 4231 tandem
2809 4184 2862 4230 et
2891 4173 3007 4228 istis
3037 4173 3324 4228 Christiani
3377 4187 3589 4243 quoque
3608 4186 3722 4245 pc-

2129 4240 2315 4318 cunias
2345 4248 2511 4315 pactis
2539 4245 2894 4318 pensionibus
2928 4261 3218 4318 numerare
3255 4240 3558 4318 capérnnt.
3606 4240 3722 4318 _Hoc

2133 4313 2428 4386 Septimius
2479 4313 2684 4374 nomini
2740 4317 3051 4386 Christiano,
3103 4325 3259 4384 turpe
3316 4313 3378 4369 ac
3408 4313 3718 4386 pudendum

2134 4385 2255 4444 esse
2302 4390 2397 4460 ait,
2455 4388 2508 4444 in
2549 4388 2844 4444 matriculis
2893 4385 3358 4460 beneﬁciariorum
3387 4393 3442 4438 et
3470 4385 3722 4460 curioso-

2132 4475 2271 4531 rum,
2331 4454 2470 4515 inter
2515 4474 2786 4531 ganeones
2833 4464 2888 4512 et
2939 4457 3110 4523 fures,
3165 4461 3220 4510 et
3260 4454 3632 4531 Atabernarios,
3664 4459 3723 4531 et

2129 4522 2375 4657 lﬁnones,
2444 4522 2775 4587 Christianos
2851 4544 3067 4601 quoque
3099 4522 3104 4523 ί
3137 4528 3424 4601 vectigales
3492 4522 3720 4582 censeri.

2180 4617 2258 4656 IG.

2180 4617 2258 4656 ια.

2203 4675 2309 4746 (374)
2333 4675 2485 4746 Inter
2524 4671 2873 4746 tabernarios
2903 4675 2959 4728 et
2983 4671 3184 4746 lanios.
3217 4668 3507 4746 Laniorum
3539 4665 3721 4746 taber-

2130 4759 2214 4818 na
2245 4739 2298 4797 in
2337 4744 2652 4818 scriptorum
2691 4741 3032 4818 monimentis
3063 4741 3420 4818 reperiuntur.
3452 4740 3516 4793 Et
3546 4739 3722 4818 lanios

2130 4812 2185 4866 in
2224 4809 2502 4868 matricula
2541 4814 2963 4868 tabernariorum
2999 4809 3235 4868 censitos
3279 4826 3439 4867 nemo
3468 4809 3720 4879 ambigit.

2132 4885 2316 4954 Itaque
2359 4886 2678 4940 mendosum
2714 4900 2837 4939 esse
2865 4885 3128 4948 videatur,
3171 4884 3313 4953 quod
3354 4881 3457 4954 hic!
3499 4893 3720 4954 separa-

2130 4950 2524 5010 tim—notantur.
2567 4956 2721 5010 Certe
2750 4957 2805 5008 in
2836 4950 3230 5025 exemplaribus
3257 4951 3492 5022 antiquis
3535 4950 3719 5017 scrip-

2131 5032 2243 5078 tum
2273 5027 2455 5099 fuisse
2501 5030 2702 5099 janeos
2742 5034 2795 5099 et
2831 5028 3062 5099 juneos,
3102 5029 3333 5080 testatur
3380 5025 3714 5099 Rhenanus;

2129 5097 2284 5166 quasi
2337 5093 2540 5168 ganeas
2591 5097 2785 5152 dixerit
2831 5093 3131 5168 Septimius
3188 5110 3286 5164 pro
3351 5093 3713 5168 ganeonibus.

2131 5168 2218 5222 Sic
2246 5166 2391 5224 enim
2443 5169 2541 5222 lib.
2573 5185 2613 5223 ιι
2640 5171 2711 5225 ad
2755 5166 3011 5234 Uxorem,
3056 5166 3291 5220 taberna
3319 5166 3565 5234 adjunxit
3613 5176 3714 5233 ga-

2129 5255 2320 5313 neam:
2358 5261 2399 5313 ς
2423 5241 2796 5313 Αιιάίδιίεαιιθ,
2831 5239 3020 5309 inquit,
3052 5237 3232 5313 audiat
3261 5235 3464 5313 aliquid
3497 5236 3717 5313 desce-

2127 5326 2215 5385 na,
2239 5311 2304 5365 de
2334 5311 2576 5385 taberna,
2613 5312 2681 5368 de
2710 5304 2955 5385 ganeafs
2987 5304 3131 5385 quod
3168 5309 3223 5362 in
3251 5304 3487 5385 vulgatis
3514 5304 3715 5385 editi-of

2128 5373 2286 5436 nibus
2323 5373 2670 5452 depravatum
2711 5373 2897 5439 antea
2924 5373 3204 5451 legebatur
3242 5379 3312 5452 de
3349 5373 3716 5452 'beenna._Et

2127 5446 2409 5509 Ammiani'
2445 5454 2735 5511 Marcellini
2772 5454 2864 5508 lib.
2915 5446 3130 5524 animi,
3165 5451 3256 5506 ubi
3285 5446 3506 5524 legitur,
3543 5471 3564 5496 α
3610 5446 3720 5524 Pelf

2122 5525 2289 5582 Janos
2313 5533 2366 5582 et
2394 5527 2505 5582 lora
2529 5527 2822 5597 clamitant,
2860 5545 2882 5574 ι)
2915 5521 3230 5596 legendum,
3253 5543 3281 5572 α
3311 5521 3410 5594 per
3429 5533 3628 5593 ganeas
3655 5523 3720 5573 et
