4042 6172
312 269 413 332 145
1470 274 1623 335 Αυν.
1667 277 1896 339 GNOST]

2013 278 2020 334 l
2058 274 2436 339 SCORPIACE.

3500 280 3602 341 146

306 398 491 455 bestiae
520 398 731 455 calcem
790 398 909 469 (12)
969 415 983 455 :
1050 399 1155 456 hoc
1212 400 1444 473 denique
1505 403 1668 459 modo
1741 407 1907 462 etiam
1936 422 1982 500 Α
2014 406 2199 461 stam?
2228 404 2434 461 Dehinc
2476 403 2722 478 adigunt,
2778 405 2954 477 perire
2982 406 3226 463 homines
3255 407 3372 465 sine
3414 424 3597 467 causa.

304 488 535 545 ethnicis
564 503 714 559 saepe
764 489 1115 546 subveuimus
1167 490 1311 562 (13);
1342 492 1524 548 donati
1582 509 1614 548 a
1669 494 1786 550 Deo
1843 511 1907 550 ea

302 586 564 649 potestate
578 577 716 649 (14),
739 593 901 650 quam
921 578 1217 650 Apostolus
1235 580 1498 638 dedicavit
1511 580 1655 652 (Act.
1678 584 1908 657 xxvm),

303 685 423 725 cum
454 682 701 723 morsum
751 668 957 744 viperae
1000 670 1221 738 Sprevit.
1270 669 1413 739 Quid
1467 685 1600 744 ergo
1647 673 1910 741 promittit

305 757 474 829 stvlus
505 754 678 814 123
717 757 837 823 iste,
865 759 908 812 si
933 742 1065 813 fides
1092 758 1160 813 de
1189 774 1290 815 suo
1319 767 1433 815 tuta
1462 742 1593 815 est?
1652 761 1719 816 Ut
1747 770 1803 818 et
1858 764 1903 801 11

301 847 430 901 alias
460 848 532 902 de
562 862 666 902 suo
712 853 825 901 tuta
872 846 958 912 sit,
991 862 1112 902 cum
1152 863 1282 903 suos
1329 850 1578 922 scorpios
1619 852 1736 921 (15)
1767 852 1903 922 pati-

304 945 402 988 tur.
456 935 504 973 13
540 935 756 991 Acerba
789 934 1130 991 rnediocritas
1178 943 1230 991 et
1296 935 1413 992 istis
1459 939 1594 1009 (16),
1637 945 1692 993 et
1733 954 1906 1010 genus

301 1022 604 1087 varium,et
641 1038 749 1078 uno
804 1023 972 1078 modo
1016 1035 1314 1095 armantur,
1365 1035 1419 1079 et
1466 1036 1617 1082 certo
1661 1034 1906 1098 tempore

301 1112 690 1178 subornantur,
738 1126 843 1167 nec
870 1111 975 1168 alio
1022 1128 1181 1183 quam
1221 1112 1430 1169 ardoris
1463 1114 1598 1186 (17).
1621 1116 1735 1172 Hoc
1761 1115 1904 1187 apud

301 1200 643 1256 Christianos
673 1202 978 1270 persecutio
1014 1211 1114 1256 est.
1148 1202 1283 1258 Cum
1306 1201 1473 1272 igitur
1508 1203 1642 1259 ﬁdes
1689 1211 1903 1269 aestuat,

299 1299 351 1344 et
402 1288 652 1346 Ecclesia
700 1289 944 1345 exuritur
977 1288 1044 1345 de
1085 1289 1263 1363 ﬁgura
1303 1291 1443 1358 rubi,
1479 1298 1605 1349 tunc
1657 1292 1902 1349 Gnostici

300 1388 613 1446 erumpunt,
703 1384 833 1433 tunc
913 1376 1274 1434 Valentiniani
1354 1388 1694 1451 proserpunt,
1777 1387 1904 1435 tunc

301 1481 495 1521 omnes
562 1465 944 1537 martyriorum
1021 1465 1385 1539 refragatores
1440 1468 1557 1539 (18)
1613 1468 1900 1540 ebulliunt,

302 1554 544 1608 calentes
574 1554 624 1593 13
667 1561 722 1609 et
770 1554 871 1626 ipsi
909 1553 1192 1610 offendere
1228 1554 1366 1626 (l9),
1400 1556 1590 1629 ﬁgere,
1630 1556 1899 1613 occidere.

301 1640 433 1694 Nam
479 1639 633 1711 quod
678 1640 852 1696 sciant
894 1640 1097 1696 multos
1141 1642 1420 1714 simplices
1465 1658 1527 1698 ac
1572 1644 1758 1710 rudes,
1790 1651 1902 1700 tum

300 1727 571 1793 inﬁrmos,
607 1728 899 1801 plerosque
940 1745 1069 1785 vero
1102 1729 1156 1784 in
1186 1738 1427 1796 ventum,
1462 1739 1516 1788 et
1546 1733 1592 1770 1"
1612 1732 1657 1787 si
1689 1734 1902 1803 placue-

2016 494 2199 549 Perire
2261 493 2423 560 enim,
2481 502 2539 548 et
2598 494 2717 550 sine
2769 509 2935 549 causa
2988 494 3123 566 (25),
3182 497 3352 564 prima
3405 496 3595 554 ﬁxura.

2015 583 2220 638 Exinde
2246 585 2355 653 jam
2385 582 2615 639 caedunt.
2651 582 2756 638 Sed
2788 583 3041 639 nesciunt
3066 583 3337 653 simplices
3377 587 3592 656 animae,

2014 670 2452 743 quid,quomodo
2475 672 2734 741 scriptum
2758 671 2847 733 sit,
2874 670 2984 736 ubi,
3010 680 3063 727 et
3082 673 3317 742 quando,
3340 680 3391 728 et
3412 690 3600 729 coram

2012 758 2208 831 quibus
2236 756 2624 826 conﬁtendum,
2649 759 2749 812 nisi
2784 758 2927 829 quod
2958 774 3059 814 nec
3085 759 3401 830 simplicitas
3433 760 3600 816 I21

2012 849 2131 913 ista,
2189 850 2280 901 sed
2340 844 2565 910 vanitas,
2607 845 2715 900 imo
2773 845 3061 913 dementia,
3120 863 3216 917 pro
3271 848 3382 902 Deo
3439 850 3601 904 mori.

2011 936 2075 990 Et
2106 952 2120 989 :
2152 934 2286 1003 Quis
2341 950 2430 990 me
2484 934 2689 989 salvum
2748 934 2926 1001 faciat,
2956 933 3004 991 si
3061 936 3108 990 is
3166 936 3389 1004 occidet,
3423 937 3513 1009 qui
3550 938 3598 974 16

2011 1024 2213 1082 salvum
2270 1023 2445 1078 facere
2503 1023 2724 1078 debebit
2767 1024 2922 1091 (26)?
2975 1024 3156 1079 Semel
3210 1025 3454 1080 Christus
3502 1041 3603 1096 pro

2011 1112 2166 1168 nobis
2193 1112 2349 1180 obiit,
2384 1112 2551 1166 semel
2609 1110 2815 1167 occisus
2867 1121 2949 1166 est
2985 1126 3055 1166 ne
3105 1112 3495 1169 occideremur.
3539 1115 3599 1168 Si

2010 1200 2183 1255 vicem
2241 1201 2454 1270 repetit,
2490 1215 2633 1255 nunc
2685 1208 2738 1254 et
2792 1199 2883 1254 illc
2914 1200 3143 1255 salutem
3174 1202 3240 1255 de
3296 1217 3415 1256 mea
3468 1217 3602 1258 nece

2011 1288 2333 1357 exspectat?
2391 1290 2470 1342 An
2526 1288 2673 1343 Deus
2728 1287 3010 1342 hominum
3042 1289 3227 1343 mundi
3282 1289 3601 1363 sanguinem

2008 1376 2236 1448 ﬂagitat,
2276 1376 2505 1430 maxime
2561 1375 2605 1428 si
2642 1378 2941 1431 taurorum
2988 1381 3045 1431 et
3106 1378 3391 1433 hircorum
3423 1379 3603 1449 (Psal.

1934 1463 1946 1475 ’
2010 1480 2126 1531 ΗΧ,
2178 1465 2266 1533 13)
2322 1464 2582 1518 recusat?
2625 1464 2781 1519 Certe
2843 1467 3150 1535 peccatoris
3196 1467 3603 1536 pcenitcntiam

2008 1553 2231 1609 mavult
2251 1568 2422 1625 quam
2441 1555 2680 1607 mortem
2705 1551 2925 1620 (Ezech.
2942 1566 3108 1617 xvm,
3123 1556 3232 1619 23).
3252 1555 3600 1623 thuomodo

2010 1657 2121 1696 non
2176 1650 2514 1711 peccatorum
2544 1638 2588 1676 1"
2618 1638 2889 1693 desiderat
2940 1644 3213 1696 mortem?
3267 1642 3389 1696 llaec
3443 1650 3497 1697 et
3552 1644 3599 1698 si

2008 1745 2112 1801 qua
2142 1729 2248 1782 alia
2292 1727 2540 1783 admenta
2590 1727 2637 1763 18
2664 1724 3046 1782 haereticorum
3093 1743 3428 1784 venenorum
3457 1729 3600 1802 (27),

300 1817 386 1886 rit,
457 1817 800 1873 Christianos
862 1817 1002 1888 (20),
1059 1834 1330 1891 nunquam
1385 1821 1562 1893 magis
1619 1821 1905 1877 adeundos
1936 1815 1980 1893 Β
2011 1833 2168 1889 quem
2202 1831 2309 1872 non
2356 1816 2440 1871 vel
2472 1814 2526 1869 in
2559 1814 2875 1884 scrupulum
2930 1813 3116 1886 figant,
3173 1815 3219 1868 si
3258 1817 3450 1872 nonin
3480 1820 3604 1873 exi-

300 1906 534 1976 sapiunt,
585 1921 751 1977 quam
796 1921 917 1962 cum
977 1906 1152 1962 aditus
1208 1909 1404 1963 animae
1457 1908 1688 1964 formido
1746 1908 1897 1963 laxa-

297 1993 369 2047 vit
418 1993 575 2062 (2t);
644 1992 944 2063 praesertim
1009 2009 1130 2049 cum
1194 1994 1372 2066 aliqua
1436 1995 1686 2052 atrocitas
1747 1993 1905 2049 ﬁdem

299 2091 600 2150 martyrum
639 2082 942 2139 coronavit.
976 2081 1161 2155 Itaque
1206 2082 1382 2153 primo
1426 2085 1700 2139 trahentes
1727 2085 1904 2141 adhuc

295 2169 521 2223 caudam
552 2171 674 2240 (22)
726 2170 795 2225 de
822 2169 1108 2227 affectibus
1145 2172 1413 2244 applicant
1440 2173 1576 2245 (23),
1608 2184 1703 2229 aut
1746 2172 1904 2245 quasi

294 2257 347 2311 in
394 2272 633 2313 vacuum
681 2257 974 2332 ﬂagellant.
1024 2261 1272 2317 Ilaeccine
1317 2260 1428 2330 pati
1465 2261 1712 2318 homines
1740 2262 1900 2318 inuo-

293 2354 477 2401 cantes
512 2347 636 2416 (24)
656 2349 688 2402 2
720 2355 964 2416 ut-putes
995 2348 1042 2386 15
1074 2347 1312 2419 fratrem,
1352 2356 1444 2404 aut
1472 2350 1541 2404 de
1581 2350 1901 2407 melioribus

294 2434 570 2491 ethnicum
603 2436 633 2489 7
681 2433 891 2492 Siccine
944 2436 1157 2492 tractari
1211 2444 1416 2494 sectam
1471 2438 1676 2494 nemini
1732 2440 1901 2495 mole-

2012 1907 2139 1962 tium
2171 1904 2262 1958 19?
2318 1905 2401 1960 vel
2456 1905 2512 1958 in
2543 1903 2735 1970 bilem,
2767 1903 2813 1957 si
2846 1919 2954 1959 non
3003 1903 3056 1956 in
3087 1911 3310 1959 mortem
3341 1906 3369 1959 ‘l
3418 1906 3490 1960 At
3520 1915 3598 1978 tu,

2013 1994 2150 2049 ﬁdes
2180 1993 2227 2047 si
2256 1992 2469 2065 vigilat,
2502 1991 2701 2047 ibidem
2757 1992 2974 2061 scorpio
3017 2007 3114 2062 pro
3144 1991 3291 2047 solea
3319 1995 3603 2050 anathema

2012 2082 2225 2151 illidito,
2255 2088 2309 2136 et
2363 2080 2651 2151 relinquito
2682 2079 2740 2133 in
2797 2094 2896 2134 suo
2949 2094 3146 2150 50pore
3177 2081 3226 2118 ²ο
3256 2080 3599 2138 morientem.

2011 2171 2296 2235 Caeterum,
2329 2171 2373 2224 si
2403 2171 2619 2242 plagam
2650 2167 2923 2224 satiaverit
2967 2168 3105 2239 (28),
3154 2167 3366 2223 intimat
3420 2169 3595 2235 virus,

2010 2270 2061 2316 et
2091 2266 2341 2331 properat
2368 2259 2422 2312 in
2452 2257 2686 2325 viscera;
2748 2257 2924 2311 statim
2976 2270 3166 2311 omnes
3214 2256 3426 2325 pristini
3467 2273 3596 2312 sen-

2009 2364 2106 2404 sus
2161 2352 2556 2417 retorpescunt,
2584 2344 2806 2415 sanguis
2861 2342 3026 2398 animi
3064 2343 3313 2414 gelascit,
3343 2358 3505 2402 carne
3551 2345 3597 2384 21

2007 2439 2226 2508 spiritus
2271 2435 2525 2495 exolescit
2579 2434 2714 2506 (29),
2747 2448 2946 2488 nausea
3001 2432 3236 2489 nominis
3271 2432 3324 2470 22
3353 2435 3600 2493 inaccre-

1664 2537 1855 2601 Variae
1900 2540 2213 2600 lectiones.

362 2640 407 2719 Ξι
446 2640 1159 2720 Sit_t_1t_et_Rhen._Seml._
1165 2641 1254 2707 sit,
1285 2645 1523 2720 et_P_am._
1554 2647 1725 2720 Fran.
1760 2644 1807 2681 12
1840 2644 1971 2720 cum
1992 2640 2342 2720 suo_scorpio
2366 2639 2633 2720 mediatur
2657 2638 2867 2720 acerba,
2910 2636 3333 2720 mediocritaset
3358 2639 3444 2695 isti
3474 2642 3591 2720 cod.

306 2712 503 2769 Wouw.
540 2712 594 2750 13
617 2712 892 2768 Callentes
919 2715 1078 2768 Pam.
1112 2716 1284 2769 Fran.
1308 2715 1354 2752 ιθ
1384 2715 1449 2769 Et
1467 2715 1641 2772 abest.
1674 2717 1832 2770 Pam.
1865 2718 2033 2771 Fran.
2070 2713 2116 2751 15
2141 2708 2274 2768 Puta
2303 2714 2460 2767 Pam.
2486 2714 2657 2766 Fran.
2686 2708 2733 2747 ιδ
2759 2710 2828 2764 Ut
2855 2708 2949 2779 qui
2977 2724 3063 2763 me
3092 2725 3137 2763 s.
3163 2709 3199 2763 f.
3226 2709 3272 2762 si
3304 2712 3347 2765 is
3374 2711 3594 2777 occidit,

362 2783 411 2861 is
438 2782 620 2861 Rhea}.
658 2785 1219 2861 seinteruetquisnl.
1250 2801 1296 2861 _s.
1325 2784 1368 2838 f.
1400 2786 1443 2861 si
1479 2785 1525 2840 is
1545 2785 1760 2861 occidit,
1791 2785 2120 2861 qui_salvum
2150 2784 2268 2861 cod.
2294 2783 2519 2861 hWougv.
2556 2780 2601 2818 1"
2636 2781 2986 2861 {occatur-um
3017 2782 3320 2861 nonhPam,
3350 2785 3522 2861 Pran.
3548 2784 3597 2820 18

381 2799 411 2836 s
438 2798 620 2841 triten.
658 2798 895 2840 seinter.
932 2798 1116 2851 etquis
1143 2801 1219 2838 m.
1250 2801 1296 2838 s.
1325 2798 1368 2838 1‘.
1400 2802 1443 2839 ει
1479 2802 1525 2840 IS
1545 2798 1760 2850 occidit,
1791 2802 1884 2855 qui
1915 2798 2120 2841 salvum
2150 2798 2268 2839 coa.
2324 2798 2519 2840 Wouw.
2556 2798 2598 2818 ιι
2637 2798 2986 2836 reccatorum
3017 2798 3123 2835 non
3157 2798 3316 2837 ram.
3350 2798 3521 2837 nan.

288 2798 646 2925 ﬂinventio,
679 2854 853 2912 Rhen.
886 2854 1053 2913 Seml.
1089 2854 1135 2893 19
1164 2854 1383 2911 Exitum
1408 2858 1567 2913 Pam.
1600 2860 1770 2913 Fran.
1803 2857 1853 2895 ²⁰
1880 2857 2021 2912 Pure
2048 2857 2185 2912 Jun.
2208 2855 2255 2893 ²ι
2284 2855 2424 2909 Caro
2447 2854 2621 2910 Rhea.
2649 2853 2819 2909 Seml.
2838 2851 2888 2889 ²²
2907 2851 3189 2923 Ingrescit,
3222 2852 3338 2908 cod.
3362 2851 3521 2923 Agob.

1687 2953 2162 3017 Commentarius

390 3056 502 3127 (12)
539 3058 981 3134 Urgendijestice
1009 3061 1245 3134 calcem.
1272 3061 1343 3134 In,
1370 3060 1725 3134 Agobardino
1752 3061 1895 3130 legi-

320 3132 430 3193 tur,
459 3128 724 3208 uagandi.
766 3131 971 3208 Manum
1029 3131 1347 3208 Tertulliani
1402 3128 1683 3203 scripsisse
1743 3128 1892 3203 pulo,

307 3197 568 3274 urgendi.
589 3197 795 3274 -Urgere
827 3202 1012 3257 bestiae
1049 3204 1249 3259 calcem
1280 3203 1419 3259 idem
1473 3197 1557 3258 est
1588 3197 1894 3274 atque'_ur-'

292 3284 434 3343 gere
459 3268 695 3343 bestiam
716 3272 884 3328 calce.
918 3273 1038 3343 Ipse
1084 3289 1205 3329 mox
1244 3274 1386 3329 dicet
1416 3291 1428 3330 :
1468 3295 1491 3324 α
1531 3276 1598 3328 At
1648 3268 1725 3339 tu,
1762 3272 1896 3329 ﬁdes

290 3339 337 3392 si
370 3339 587 3410 vigilat,
618 3340 817 3397 ibidem
846 3339 1061 3413 scorpio
1100 3359 1198 3415 pro
1223 3346 1372 3399 solea
1400 3347 1685 3401 anathema
1726 3344 1895 3400 illidi-

289 3418 366 3464 to.
406 3433 433 3457 ι
467 3410 686 3482 Illidere
722 3413 940 3482 scorpio
997 3416 1197 3469 soleam
1229 3423 1311 3469 est
1342 3431 1526 3482 urgere
1564 3415 1751 3470 bestiae
1780 3415 1895 3470 cal-

291 3433 366 3464 ιυ.
406 3433 433 3457 ι
467 3433 686 3466 nituere
722 3433 940 3482 SCOFPIO
997 3433 1197 3469 SOIeam
1229 3433 1311 3469 eSt
1342 3433 1526 3489 urgere
1566 3433 1751 3470 DOSUZB
1780 3433 1895 3470 cat-

288 3497 427 3536 eem.
455 3481 550 3536 Ait
576 3490 757 3536 autem
797 3484 1062 3549 Christus,
1097 3486 1252 3541 Lucae
1283 3502 1324 3541 χ
1352 3505 1364 3544 :
1416 3491 1550 3543 Ecce
1592 3488 1719 3543 dedi
1745 3488 1895 3543 vobis

327 3556 638 3629 otestatem
663 3554 928 3612 calcandi
955 3572 1125 3627 supra
1153 3563 1436 3629 serpentes
1465 3562 1521 3613 et
1550 3558 1890 3629 scorpiones.

344 3638 421 3678 IG.

358 3694 478 3762 (13)
502 3697 613 3768 Hoc
628 3695 867 3768 denique
882 3696 1044 3752 modo
1062 3698 1237 3754 etiam
1256 3699 1496 3755 ethnicis
1514 3698 1891 3759 subvenimus.

292 3763 574 3837 Signade
595 3763 786 3821 statim
804 3774 862 3820 et
886 3768 1204 3837 adjurando.
1237 3768 1362 3823 Rm.

362 3835 473 3904 lu)
502 3839 706 3911 Donati
724 3854 762 3891 a
789 3840 896 3911 Deo
924 3835 989 3895 ea
1025 3843 1320 3911 potestate.
1361 3839 1614 3897 Calcandi
1643 3839 1890 3910 scorpio-

294 3921 411 3969 nes,
442 3908 678 3969 urgendi
720 3909 921 3963 bestias
947 3908 1113 3965 calce.
1158 3909 1281 3965 Illa.

352 3980 467 4047 (15)
505 3980 649 4054 cum
684 3994 814 4034 suos
842 3982 1085 4054 scorpios
1114 3982 1357 4054 patitur.
1390 3980 1679 4038 Haereticos
1723 3980 1893 4054 signi-

295 4044 419 4119 ﬁcat
448 4044 641 4119 quales
670 4064 795 4104 mox
823 4044 1254 4105 desciibeterc.

364 4118 480 4188 (16)
516 4120 728 4177 Acerba
745 4121 1107 4194 mediocritas
1124 4127 1179 4177 et
1198 4124 1341 4178 istis.
1368 4122 1485 4177 Jam
1517 4122 1697 4194 incipit
1726 4124 1895 4177 haere-

296 4189 431 4243 ticos
459 4190 849 4264 cumscorpiis
872 4207 1188 4264 comparare
1213 4210 1226 4249 :
1262 4204 1314 4247 et
1345 4189 1791 4264 quemadmodum
1822 4194 1888 4247 de

295 4260 528 4336 scorpiis
553 4263 693 4336 dixit
723 4260 798 4336 ξι
833 4260 1088 4336 Magnum
1116 4262 1185 4318 de
1221 4260 1432 4336 modico
1488 4264 1703 4336 malum,
1751 4284 1785 4336 ξ
1819 4263 1891 4318 ita

292 4330 379 4385 hic
406 4332 477 4386 de
504 4332 794 4398 haereticis,
829 4353 852 4383 ι
885 4330 1095 4389 Αἱθτὴε
1113 4334 1453 4389 mediocritas
1481 4342 1536 4389 et
1562 4330 1697 4390 istis.
1734 4335 1884 4389 DRIG.

360 4402 485 4479 (_l7)_
498 4405 571 4459 Et
584 4408 741 4479 certe
771 4408 1016 4479 tempore
1041 4404 1444 4479 subornantur,
1466 4420 1570 4462 nec
1589 4406 1702 4479 alio
1723 4421 1890 4479 quam

291 4472 537 4547 ardmjis.
584 4474 789 4547 Plinius
840 4472 1193 4547 (Venenum
1251 4478 1507 4532 omnibus
1559 4472 1745 4530 medio'
1780 4477 1892 4547 die,

292 4544 419 4597 dum
449 4544 781 4600 incanduere
819 4543 950 4601 solis
969 4545 1273 4602 ardoribus.
1313 4568 1334 4597 »
1370 4548 1497 4603 RIG.

358 4616 478 4689 (18)
504 4615 705 4689 Omnes
722 4620 1140 4689 martyriorum
1164 4620 1562 4689 refragatores.
1597 4615 1890 4689 Gnosticos

289 4692 342 4739 et
362 4684 508 4741 alios
548 4687 832 4759 haereticos
859 4684 1087 4743 asseclas
1116 4684 1282 4757 notat,
1323 4684 1412 4759 qui
1438 4686 1689 4759 martyria
1736 4688 1890 4743 tolle-

289 4771 368 4884 t;
406 4757 767 4882 cgnabantur,
845 4765 1005 4830 atque
1080 4757 1352 4815 adversus
1407 4774 1470 4814 ea
1545 4757 1887 4815 dimicabant.

375 4868 391 4881 .
468 4845 526 4883 Β.

375 4868 391 4881 .
426 4845 526 4883 l’l.

356 4899 499 5025 (19)Ξ
512 4900 773 4957 Calentes
820 4904 878 4955 et
925 4901 1039 4972 ipsi
1065 4900 1376 4972 offendere.
1402 4901 1697 4958 Verissime
1720 4901 1889 4973 scrip-

356 4985 423 5023 'a.
504 4971 676 5025 tenim
704 4971 932 5025 scomiis
959 4970 1415 5025 incalescentibus
1442 4989 1706 5025 venenum
1734 4974 1886 5025 inar-

280 4978 425 5093 (tiara:
454 4970 676 5097 Ellﬁnim
704 4970 1415 5042 scorpiis'incalescentibus
1442 4989 1706 5031 venenum
1734 4970 1886 5029 inar-

314 5049 468 5097 escit.
568 5057 623 5097 G.

455 5082 468 5095 .
492 5057 623 5098 IUG.

861 5128 990 5194 vero
1026 5115 1089 5171 in
1112 5120 1369 5194 uentum,
1417 5119 1473 5172 et
1493 5118 1544 5171 si
1603 5118 1889 5194 placuerit

289 5183 670 5242 Christianos.
721 5183 786 5238 In
838 5193 1079 5250 ventum,
1112 5189 1219 5243 hoc
1274 5183 1377 5255 est,
1444 5183 1618 5242 vento"
1662 5188 1887 5253 ferente,

286 5263 455 5328 vento,
477 5256 751 5328 secundo,
792 5263 957 5325 prout
982 5266 1178 5312 ventus
1196 5259 1410 5328 tulerit;
1445 5267 1605 5328 prout
1634 5259 1891 5327 temporis

283 5327 499 5402 ῥωσθεὶς)
532 5325 761 5402 dederit,
812 5327 1170 5402 suaseritslt‘t
1199 5332 1251 5385 si
1277 5325 1578 5402 placuerit,
1641 5325 1887 5384 nimirum

283 5398 506 5463 Caesari,
555 5399 890 5465 Proconsuli,
924 5399 1168 5464 Praesidi,
1192 5398 1295 5456 etc'.
1337 5401 1461 5456 RIG.

355 5470 476 5540 (21)
504 5471 834 5545 _Nunquam
871 5476 1051 5544 magis
1102 5472 1389 5545 adeundos
1424 5475 1679 5545 sapiunt,
1720 5489 1890 5545 quam

285 5554 413 5595 cum
446 5541 643 5599 aditus
671 5541 886 5599 animae
917 5541 1163 5613 formido
1187 5543 1426 5601 laaavit.
1454 5541 1743 5600 A'lluditad
1764 5544 1888 5599 illud

1928 3083 1972 3161 ο
2001 3057 2319 3161 iuvenalis

2191 3145 2249 3195 Et
2276 3142 2526 3206 trepidum
2552 3143 2751 3192 solvunt
2783 3142 2874 3191 tibi
2910 3155 3095 3194 cornua
3120 3151 3349 3196 ventrem

2096 3207 2219 3258 Cum
2247 3204 2387 3256 lituis
2410 3204 2604 3255 audita.

2072 3273 2149 3325 Ita
2178 3279 2238 3325 ut
2264 3258 2494 3325 formido
2523 3283 2629 3323 non
2659 3266 2831 3324 solum
2853 3272 3114 3337 ventrem,
3148 3266 3240 3321 sed
3275 3276 3328 3324 et
3355 3269 3593 3326 animum

2003 3342 2195 3399 solvat.
2226 3341 2353 3396 Rm.

2072 3413 2495 3481 (22)Trahentes
2533 3410 2718 3465 adhuc
2770 3410 3030 3481 caudam.
3080 3409 3335 3481 Nondum
3373 3420 3590 3468 arcuato

2004 3480 2201 3553 impetu
2246 3489 2566 3554 surgentes;
2625 3482 2860 3554 nondum
2891 3480 3121 3553 figentes
3159 3480 3396 3551 spicula;
3444 3498 3585 3539 non-

2000 3551 2126 3609 dum
2159 3551 2448 3609 fundentes
2475 3551 2645 3608 virus.
2678 3551 2805 3607 Rm.

2074 3627 2180 3695 (23)
2239 3624 2562 3697 Applicant.
2620 3622 2822 3678 Blande
2878 3636 2941 3677 ac
2996 3622 3233 3679 mblliter
3289 3623 3586 3681 accedunt.

2001 3696 2126 3751 Βία.
2282 3696 2287 3697 ⁷
2914 3700 2923 3717 '

2071 3768 2189 3839 (24)
2209 3767 2457 3824 Haecine
2477 3766 2601 3839 pati
2618 3763 2875 3839 homines
2894 3766 3240 3824 innocentes.
3262 3768 3390 3823 Haec
3403 3767 3595 3839 dicun-

2002 3837 2088 3891 tur
2115 3838 2216 3892 sub
2238 3852 2466 3907 persona
2479 3837 2884 3905 ’Gnosticorum,
2908 3838 3277 3907 accedentium
3304 3839 3369 3892 ad
3399 3837 3586 3895 fideles

2000 3907 2273 3978 simplices
2300 3914 2354 3962 et
2382 3907 2762 3977 formidantes;
2795 3924 2857 3963 ac
2885 3906 3137 3977 deinceps
3168 3908 3299 3962 tales
3330 3925 3580 3978 personae

1998 3990 2124 4104 fiunt
2163 3995 2195 4033 a
2247 3979 2493 4048 Septimii
2548 3993 2776 4049 persona
2829 3979 3119 4051 diligenter
3162 3978 3580 4053 distinguendae.

2048 4065 2122 4104 ια.

2048 4065 2122 4104 ια.
3580 4085 3587 4091 .

2071 4121 2183 4188 (25)
2212 4120 2404 4177 Perire
2424 4122 2596 4184 enim,
2627 4125 2680 4175 et
2706 4122 2828 4176 sine
2865 4137 3054 4177 causa.
3089 4120 3263 4177 Verba
3290 4131 3417 4177 sunt
3441 4124 3580 4178 Ter-

1998 4189 2204 4262 tulliani
2233 4190 2608 4262 Gnosticorum
2657 4191 2798 4246 dicta
2825 4208 2945 4246 cum
2976 4192 3343 4262 indignatione
3372 4194 3579 4249 exami-

2000 4259 2433 4343 namissEtenim
2488 4260 2736 4340 dicebant
2792 4262 2972 4343 perire
3018 4259 3117 4343 qui
3141 4262 3391 4343 martyria
3420 4266 3577 4343 _su_bi-

2001 4341 2138 4406 rent,
2171 4337 2265 4406 e_t,_
2304 4329 2627 4406 periresine
2670 4329 3053 4406 causa._Qu_asi
3081 4329 3320 4404 perirent
3345 4337 3436 4406 qui
3462 4337 3579 4392 Deo

1999 4400 2664 4477 impendebantur_l_Aut
2727 4402 2881 4470 quasi
2934 4402 3049 4458 sine
3081 4400 3277 4472 'causa,
3334 4400 3422 4476 qui
3479 4422 3580 4477 pro

2000 4472 2193 4529 Christi
2223 4472 2439 4527 nomine
2462 4472 2473 4524 !
2511 4472 2631 4525 Rm.

2068 4545 2289 4615 (26)'Et
2324 4543 2443 4616 quis
2480 4558 2581 4616 me
2596 4541 2817 4616 saluum
2843 4543 3043 4616 faciat,
3076 4545 3128 4600 si
3153 4547 3203 4601 is
3231 4544 3449 4616 occidet
3481 4547 3581 4616 qui

1999 4612 2222 4671 salvum
2265 4612 2455 4686 facere
2500 4612 3009 4686 debebitiilujusce
3062 4615 3342 4686 commatis
3373 4612 3579 4686 princi-

2040 4686 2149 4738 ium
2204 4682 2471 4739 in'codice
2507 4682 2783 4753 Agobardi
2818 4683 3105 4738 vetustatis
3133 4684 3328 4752 injuria
3357 4682 3575 4739 delevit.

2040 4702 2149 4738 tum
2204 4702 2259 4739 1n
2287 4702 2471 4739 000108
2507 4702 2783 4753 agonarut
2818 4702 3105 4738 νειυειθιιδ
3133 4702 3328 4752 Iniuria
3357 4702 3575 4739 αθιθνιι.

1997 4702 2268 4825 goriptum
2320 4755 2483 4809 fuisse
2530 4754 2787 4826 videtur:
2838 4773 2867 4826 is
2927 4753 3168 4826 Etrquis
3216 4769 3302 4809 me
3350 4755 3577 4826 salvum,

1997 4824 2176 4892 faciat,
2216 4825 2260 4880 si
2291 4827 2336 4880 is
2391 4824 2601 4880 occidet
2653 4824 2744 4896 qui
2774 4825 2982 4880 salvum
3015 4824 3188 4881 facere
3236 4826 3455 4884 debebit
3489 4829 3517 4883 εἴ
3554 4824 3576 4879 ὠ

1996 4899 2122 4955 Rm.

2069 4970 2182 5041 (2'7)
2193 4967 2473 5041 Admenta
2484 4965 2868 5041 hereticorum
2882 4984 3243 5041 venenorum.
3260 4968 3343 5025 Ad
3350 4978 3586 5026 mentum

2000 5042 2057 5115 in
2079 5038 2354 5097 veteribus
2391 5038 2623 5115 Glossis,
2655 5039 3380 5115 Ammentum,_dppaloyxn;
3425 5044 3585 5113 λῶρόν

1999 5111 2127 5166 ἔστιν
2183 5114 2279 5164 ὅθεν
2362 5111 2620 5186 κατέχεται
2790 5111 2966 5186 λόγχη,
3018 5109 3159 5186 Hinc
3229 5109 3403 5186 illud,
3438 5109 3586 5186 quod

1998 5201 2162 5253 supra
2198 5183 2503 5237 notavimus
2535 5198 2550 5236 :
2588 5202 2610 5231 α
2645 5180 2990 5238 Admentavit
3017 5184 3156 5239 hanc
3183 5180 3520 5242 sententiain.
3555 5205 3578 5235 ι

1998 5255 2119 5310 Rm.

2073 5327 2183 5396 128)
2233 5326 2291 5397 Si
2316 5325 2544 5397 plagam
2580 5325 2897 5397 satiaverit.
2930 5324 2986 5380 Si
3022 5325 3258 5396 jaculum
3290 5327 3586 5397 penetravit

2001 5397 2243 5451 adactum
2272 5396 2328 5449 in
2358 5398 2575 5451 vulnus.
2610 5396 2729 5452 Βία.

2071 5470 2185 5537 (29)
2210 5468 2389 5524 Carne
2406 5469 2648 5539 spiritus
2667 5469 2948 5527 exolescit.
2982 5468 3175 5534 Carne,
3207 5468 3311 5523 hoc
3338 5473 3439 5533 est,
3463 5467 3588 5523 vitae

2000 5538 2244 5595 mortalis
2273 5538 2468 5594 amore
2499 5553 2684 5608 pravo.
2715 5540 2836 5596 th.
