4042 6172
403 251 507 312 147

401 379 502 436 scit
531 379 666 449 (30).
695 379 812 434 Jam
851 387 904 434 et
930 378 1050 451 ipsa
1103 395 1254 435 mens
1298 379 1400 435 sibi
1431 393 1538 452 quo
1567 390 1748 436 vomat
1774 381 1986 452 quazrit.

399 469 578 538 Atque
615 470 685 523 ita
716 468 882 523 semel
905 465 1186 524 inﬁrmitas
1207 484 1327 538 quae
1365 483 1618 538 percussa
1655 477 1736 523 est
1763 469 1833 534 2³,
1865 485 1992 523 sau-

400 556 589 613 ciatam
623 555 784 612 fidem
813 557 897 613 vel
947 556 1002 611 in
1031 557 1296 622 haeresim,
1330 558 1413 611 vel
1443 558 1497 611 in
1526 557 1783 612 saeculum
1812 558 1992 628 exspi-

400 653 482 700 rat
512 645 644 716 (31).
691 649 759 701 Et
787 661 930 701 nunc
960 633 1246 718 prmsentia
1276 661 1454 700 rerum
1484 654 1565 700 est
1595 646 1802 701 medius
1827 647 1990 702 ardor

400 737 520 806 ipsa
573 733 814 790 canicula
872 733 1256 803 persecutionis
1289 751 1302 787 :
1336 733 1402 788 ab
1433 733 1552 803 ipso
1584 734 1785 790 scilicet
1813 750 1987 806 cyno-

399 824 623 892 cephalo
659 823 794 892 (32).
824 822 974 878 Alios
1007 822 1169 893 ignis,
1216 821 1350 877 alios
1374 821 1606 892 gladius,
1637 822 1770 879 alios
1801 824 1989 878 bestia:

405 909 568 966 I25
601 912 934 968 Christianos
964 913 1342 982 probaverunt.
1376 912 1484 966 Alii
1515 911 1746 968 fustibus
1776 913 1989 968 interim

401 1007 456 1056 et
484 1000 697 1071 ungulis
752 1001 972 1067 insuper
1001 999 1048 1037 24
1076 999 1352 1071 degustata
1383 1000 1638 1071 martyris.
1675 1001 1728 1055 in
1775 1017 1988 1057 carcere

401 1089 654 1145 esuriunt
684 1090 814 1160 (33).
870 1089 977 1144 Nos
1008 1088 1111 1159 ipsi
1160 1097 1220 1143 ut
1248 1089 1296 1126 2⁵
1326 1089 1565 1160 lepores,
1597 1089 1866 1144 destinata
1893 1105 1989 1145 ve-

400 1176 568 1243 natio,
599 1177 664 1232 de
696 1177 991 1249 longinquo
1021 1175 1351 1244 obsidemur,
1385 1183 1439 1232 et
1466 1177 1701 1232 haretici
1729 1193 1793 1232 ex
1840 1192 1990 1233 more

399 1273 727 1337 grassantur.
787 1266 969 1337 Itaque
1024 1274 1234 1335 tempus
1289 1265 1567 1320 admonuit
1604 1265 1857 1322 adversus
1899 1281 1992 1320 no-

399 1363 594 1409 strates
672 1353 928 1409 bestiolas
983 1353 1032 1390 26
1087 1353 1438 1424 (promptam)
1511 1356 1711 1410 mederi
1784 1355 1989 1410 theria-

398 1457 516 1494 cam
572 1442 686 1512 (34)
745 1441 886 1509 stylo
945 1449 1276 1511 temperare;
1333 1443 1423 1514 qui
1481 1443 1699 1513 legeris,
1760 1443 1986 1496 biberis.

397 1535 517 1588 Non
572 1550 812 1590 amarum
869 1535 1015 1604 potio
1057 1533 1124 1590 ²⁷.
1183 1535 1237 1590 Si
1291 1537 1512 1608 eloquia
1542 1537 1766 1594 Domini
1801 1537 1990 1592 dulcia

399 1639 571 1694 super
597 1624 771 1679 mella
805 1629 860 1680 et
887 1624 1229 1692 fav0s(Psal.
1264 1639 1426 1689 xvm,
1459 1627 1536 1692 7),
1563 1625 1689 1679 inde
1720 1627 1992 1697 pigmenta

398 1721 553 1778 sunt;
586 1711 633 1765 si
687 1713 834 1768 lacte
892 1716 948 1768 et
1002 1711 1172 1765 melle
1203 1712 1484 1781 promissio
1532 1713 1628 1768 Dei
1658 1723 1854 1779 manat,
1891 1715 1994 1769 hoc

397 1799 615 1869 sapiunt
641 1816 764 1869 quae
819 1797 946 1852 illuc
995 1797 1214 1853 faciunt.
1259 1801 1342 1855 Vae
1369 1806 1564 1858 autem
1604 1806 1697 1875 qui
1726 1802 1887 1859 dulce
1930 1805 1992 1858 in

396 1903 676 1951 ama-rum,
719 1892 774 1942 et
806 1887 1002 1942 lumen
1048 1889 1110 1943 in
1154 1889 1406 1945 tenebras
1451 1895 1794 1947 convertunt
1847 1892 1989 1960 (Isa.

393 1991 449 2045 v,
481 1975 591 2045 20).
624 1974 851 2030 Perinde
905 1975 1050 2030 enim
1081 1985 1136 2031 et
1192 1976 1284 2047 qui
1330 1978 1599 2048 martyriis
1627 1978 1992 2050 refragantur,

397 2063 623 2119 salutem
680 2062 1045 2133 perditionem
1102 2064 1531 2134 interpretantes,
1590 2074 1696 2122 tam
1751 2067 1909 2122 dulce
1939 2067 1992 2121 in

397 2167 658 2216 amarum,
712 2167 870 2223 quam
968 2153 1143 2208 lucem
1227 2153 1282 2208 in
1361 2155 1607 2210 tenebras
1673 2155 1988 2223 refcrmant,

398 2247 560 2309 atque
609 2239 683 2294 ita
737 2239 1094 2296 miserrimam
1153 2243 1291 2298 hanc
1345 2242 1505 2297 vitam
1545 2242 1621 2296 illi
1665 2243 1990 2300 beatissimze

397 2327 794 2396 praevertendo,
853 2338 957 2383 tam
989 2345 1229 2385 amarum
1287 2346 1379 2400 pro
1433 2331 1594 2401 dulci,
1626 2349 1784 2402 quam
1843 2340 1990 2387 tene-

397 2413 521 2469 bras
551 2430 648 2486 pro
679 2415 796 2470 luce
827 2427 1164 2486 supponunt.

1015 2557 1246 2614 CAPUT
1305 2559 1368 2613 II.

467 2653 570 2736 Sed
601 2679 842 2736 nondum
873 2680 940 2737 de
960 2681 1107 2736 bono
1134 2681 1391 2752 martyrii,
1433 2681 1541 2736 nisi
1573 2681 1754 2738 debito
1794 2681 1843 2719 2⁸
1872 2681 1986 2752 pri-

396 2785 576 2837 mum;
609 2783 706 2825 nec
760 2779 882 2824 ante
919 2768 986 2826 de
1026 2769 1256 2824 utilitate
1283 2772 1418 2840 ejus,
1452 2786 1610 2840 quam
1641 2771 1709 2825 de
1753 2770 1982 2825 necessi-

1103 250 1540 315 TERTULLIANI
1575 253 1839 315 OPERUM
1881 254 2042 316 PARS
2079 258 2146 318 ΙΙ.
2183 287 2256 302 —
2291 259 2519 322 SEllIES
2571 262 2614 330 Ι,
2657 260 2994 321 POLEMICA.

3595 263 3700 324 148

2107 390 2210 441 tate
2245 386 2556 444 discendum
2600 389 2668 445 ³9.
2702 389 3010 446 Auctoritas
3049 386 3233 442 divina
3292 388 3573 459 praecedit,
3630 405 3699 444 an

2110 476 2211 531 tale
2253 476 2380 546 quid
2411 477 2638 534 voluerit
2687 487 2848 548 atque
2895 475 3216 532 mandaverit
3265 477 3432 544 Deus,
3490 487 3549 532 ut
3603 477 3698 548 qui

2101 576 2300 634 negant
2329 565 2556 632 bonum,
2580 581 2687 622 non
2715 565 3462 622 suadeanturaccommodum
3495 567 3569 630 30,
3595 565 3698 620 nisi

2100 669 2222 709 cum
2267 656 2472 710 subacti
2511 655 2709 711 fuerint
2754 656 2822 709 3‘.
2861 654 2939 710 Ad
2982 653 3224 710 ofﬁcium
3249 655 3364 726 (35)
3412 656 3700 712 haereticos

2099 744 2371 816 compelli,
2405 760 2512 801 non
2534 744 2654 799 illici
2684 744 2908 813 dignum
2929 753 3011 800 est
3039 743 3402 814 (36).Duritia
3421 744 3698 800 vincenda

2099 843 2199 898 est,
2249 848 2356 887 non
2413 833 2706 888 suadenda.
2766 833 2832 886 Et
2860 832 3050 901 utique
3097 832 3224 886 satis
3253 831 3518 898 Optimum
3549 847 3693 901 prae-

2093 919 2440 988 judicabitur,
2499 920 2644 990 quod
2705 919 3014 990 probabitur
3069 935 3101 973 a
3172 921 3285 974 Deo
3347 919 3696 974 constitutum

2099 1018 2259 1078 atque
2308 1017 2652 1075 praeceptum.
2693 1007 2999 1061 Sustineant
3046 1005 3344 1076 Evangelia
3403 1005 3693 1075 paulisper,

2101 1094 2228 1147 dum
2274 1095 2511 1148 radicem
2558 1110 2743 1150 eorum
2788 1110 2855 1150 ex
2905 1094 3077 1164 primo
3129 1095 3338 1164 legem;
3389 1093 3517 1148 dum
3571 1094 3698 1150 inde

2102 1179 2268 1238 126
2307 1181 2462 1237 elicio
2503 1183 2599 1238 Dei
2647 1183 2999 1246 voluntatem,
3033 1183 3176 1237 unde
3207 1192 3262 1237 et
3315 1182 3489 1251 ipsum
3540 1198 3697 1237 reco-

2097 1283 2324 1340 gnosco.
2350 1271 2454 1340 Ego
2476 1286 2621 1334 sum,
2642 1270 2811 1340 inquit
2827 1270 3020 1339 (Exod.
3043 1273 3168 1338 xx),
3192 1273 3337 1326 Deus
3365 1275 3502 1325 tuus
3525 1270 3574 1308 ³2
3589 1273 3688 1342 qui

2099 1363 2151 1414 te
2179 1358 2351 1414 eduxi
2378 1358 2446 1414 de
2475 1363 2630 1414 terra
2659 1360 2895 1430 Egypti.
2937 1360 3054 1414 Non
3082 1363 3253 1414 erunt
3276 1358 3376 1414 tibi
3403 1357 3484 1414 dii
3514 1357 3562 1397 33
3593 1360 3702 1415 alii

2099 1451 2308 1517 praeter
2337 1463 2441 1503 me.
2477 1448 2596 1502 Non
2614 1449 2787 1516 facies
2810 1447 2910 1502 tibi
2927 1447 3305 1503 simulacrum
3351 1464 3548 1503 eorum
3577 1464 3703 1518 qua:

2097 1537 2161 1589 in
2181 1538 2328 1600 cwlo,
2341 1541 2392 1592 et
2413 1552 2538 1608 quae
2567 1536 2627 1592 in
2645 1540 2798 1592 terra
2817 1536 3094 1600 deorsum,
3121 1541 3178 1592 et
3199 1552 3322 1607 qua:
3349 1537 3412 1589 in
3442 1538 3592 1591 mari
3611 1539 3695 1591 in-

2099 1627 2193 1692 fra
2225 1628 2460 1681 terram.
2488 1625 2607 1681 Non
2624 1625 2878 1680 adorabis
2896 1641 2980 1688 ea,
2999 1637 3190 1696 neque
3217 1625 3584 1695 fa-mulaberis
3596 1628 3696 1680 eis.

2099 1713 2205 1782 Ego
2219 1715 2371 1768 enim
2400 1729 2526 1768 sum
2544 1715 2818 1769 Dominus
2848 1713 2895 1750 ³4
2917 1716 3061 1768 Deus
3085 1717 3238 1769 tuus.
3267 1714 3404 1767 Item
3437 1712 3490 1766 in
3511 1713 3699 1768 eadem

2104 1801 2287 1856 Exodo
2323 1817 2335 1853 :
2368 1802 2481 1872 Ipsi
2523 1802 2748 1857 vidistis
2779 1801 2923 1872 quod
2952 1803 3017 1857 de
3046 1801 3180 1857 ccelo
3226 1801 3448 1858 locutus
3496 1802 3567 1856 ad
3605 1818 3702 1857 vos

2099 1891 2226 1943 sim.
2259 1891 2379 1945 Non
2408 1890 2634 1959 facietis
2663 1889 2810 1944 vobis
2829 1889 2876 1926 35
2903 1889 3026 1944 deos
3044 1894 3353 1959 argenteos,
3375 1895 3430 1945 et
3451 1887 3576 1946 deos
3596 1905 3700 1944 au-

2100 1995 2222 2035 reos
2250 1995 2362 2033 non
2389 1979 2614 2048 facietis
2640 1977 2804 2033 vobis.
2830 1976 3133 2032 Secundum
3163 1979 3276 2032 hac
3313 1977 3361 2014 35
3391 1985 3445 2031 et
3473 1977 3530 2030 in
3558 1978 3701 2032 Deu-

2103 2069 2404 2123 teronomio
2434 2067 2537 2137 (v1)
2575 2082 2587 2118 :
2613 2067 2778 2131 Audi,
2813 2066 3005 2133 Israel,
3029 2067 3300 2122 Dominus
3327 2069 3471 2123 Deus
3502 2072 3631 2122 tuus
3649 2065 3699 2104 3"

2098 2173 2249 2211 unus
2287 2162 2386 2221 est,
2409 2162 2460 2210 et
2485 2172 2497 2208 :
2529 2155 2732 2225 Diliges
2761 2155 3057 2209 Dominum
3086 2157 3265 2210 Deum
3301 2158 3462 2210 tuum
3483 2171 3553 2210 ea:
3583 2159 3703 2212 toto

2099 2240 2261 2298 corde
2282 2244 2395 2303 tuo,
2429 2241 2483 2295 et
2513 2254 2585 2294 ea:
2608 2242 2723 2293 tota
2751 2240 2946 2292 anima
2975 2243 3095 2303 tua,
3128 2243 3184 2294 et
3215 2255 3286 2294 ex
3315 2239 3449 2293 totis
3486 2237 3700 2293 viribus

2099 2331 2244 2396 tuis;
2266 2335 2318 2382 et
2347 2343 2530 2380 rursus
2561 2346 2572 2381 :
2610 2327 2686 2382 Ne
2714 2325 3055 2382 obliviscaris
3084 2327 3310 2382 Domini
3337 2327 3436 2381 Dei
3469 2326 3574 2389 tui,
3597 2325 3698 2396 qui

2101 2421 2154 2472 te
2183 2416 2389 2473 eduxit
2417 2414 2480 2471 de
2503 2417 2659 2471 terra
2687 2416 2856 2484 Egyp
2868 2416 2911 2469 ti
2938 2418 2994 2469 et
3023 2415 3071 2451 38
3091 2415 3250 2472 domo
3269 2415 3577 2470 servitutis.
3601 2415 3703 2469 DO"

2094 2505 2320 2560 minum
2340 2506 2516 2559 Deum
2536 2507 2702 2558 tuum
2725 2501 2967 2571 timebis,
2991 2507 3045 2558 et
3067 2503 3158 2556 illi
3184 2502 3551 2572 fa-mulaberis
3565 2502 3670 2558 soli
3687 2514 3702 2537 ν

2096 2598 2153 2649 et
2183 2592 2277 2648 illi
2317 2589 2782 2662 adglutinaberis,
2817 2593 2874 2644 et
2901 2590 2964 2643 in
2992 2591 3226 2644 nomine
3256 2592 3376 2661 ejus
3407 2588 3698 2660 dejerabis.

2097 2684 2216 2738 Non
2245 2681 2400 2736 ibitis
2427 2682 2550 2751 post
2581 2678 2704 2734 deos
2719 2678 2933 2735 alienos
2960 2692 3032 2733 ex
3044 2679 3154 2733 diis
3185 2675 3232 2715 39
3255 2679 3555 2733 nationum
3572 2693 3702 2748 qua:

2092 2770 2309 2824 circum
2338 2766 2596 2837 vos,quia
2617 2765 2929 2821 eernulatur
2959 2765 3159 2822 Deus"0
3183 2771 3316 2821 tuus
3331 2766 3393 2820 in
3427 2769 3516 2820 te:
3546 2780 3618 2821 ne
3645 2766 3695 2803 41

1752 2866 1942 2928 Variae
1995 2870 2306 2927 lectiones.

477 2964 526 3002 ²³
553 2963 865 3019 Inﬁrmitate
893 2979 1109 3087 quoque
1141 2978 1410 3033 percussa,
1443 2963 1619 3028 Rhen.
1654 2964 1821 3020 Seml.
1857 2963 1904 3000 24
1934 2963 2227 3033 Degustato
2261 2960 2514 3032 martyrio
2557 2959 2728 3016 Rhen.
2780 2959 2945 3015 Seml.
2994 2959 3042 2995 2⁵
3073 2957 3248 3028 Ipsius
3298 2957 3472 3039 Rben.
3524 2958 3695 3039 Seml.

477 3036 627 3087 rerth.
661 3035 710 3072 26
737 3034 910 3087 Bestio
934 3051 991 3087 as
1019 3043 1201 3087 nostra
1231 3042 1282 3087 te
1313 3035 1644 3087 scorniacum
1668 3036 1840 3087 Seml.
1871 3033 1918 3071 3"
1945 3035 2054 3087 Nec
2082 3049 2324 3087 amarum
2349 3032 2493 3087 notio
2523 3031 2695 3087 Ithen.
2730 3031 2898 3086 Seml.
2933 3045 3031 3086 nec
3059 3044 3238 3082 amara
3267 3045 3407 3082 enim
3442 3038 3584 3087 DOlIO
3602 3032 3695 3084 La-

880 3050 910 3089 Ο

409 3035 627 3093 Oberth.
661 3035 710 3072 26
737 3034 874 3089 Besti

934 3051 991 3088 as
1019 3029 1201 3090 nostra
1231 3042 1282 3088 te
1313 3035 1644 3104 scorpiacum
1668 3036 1840 3091 Seml.
1871 3033 1918 3071 3"
1945 3029 2054 3089 Nec
2082 3049 2324 3088 amarum
2348 3029 2493 3104 potio
2523 3031 2695 3104 Rhen.
2730 3031 2898 3104 Seml.
2933 3045 3031 3104 nec
3050 3044 3238 3104 amara
3259 3030 3412 3104 _enim_
3441 3029 3584 3104 potio
3602 3032 3699 3084 La-

407 3109 515 3160 tin.
540 3106 589 3142 28
609 3107 684 3160 De
705 3105 883 3160 debito
904 3107 1124 3160 Cia-con.
1149 3107 1283 3160 Jun.
1308 3104 1356 3141 29
1385 3097 1679 3159 Dicendum
1710 3107 1832 3160 Lat.
1849 3104 1897 3141 3°
1925 3104 2005 3158 Ad
2027 3097 2369 3159 commodum
2401 3102 2574 3158 Rlicn.
2600 3101 2767 3157 Seml.
2793 3100 3012 3158 Oberth.
3048 3101 3091 3138 31
3117 3099 3333 3154 Fuerint
3352 3101 3414 3152 ad
3439 3097 3695 3155 ofﬁcium.

404 3176 694 3230 Haereticos
713 3178 843 3231 Jun.
875 3176 924 3213 32
961 3175 1222 3230 Dominus
1248 3177 1392 3230 Deus
1423 3188 1543 3229 tuus
1570 3178 1726 3229 Pam.
1756 3179 1927 3230 Fran.
1961 3176 2009 3213 33
2037 3175 2120 3228 Dii
2153 3175 2318 3230 abest.
2345 3173 2516 3229 Rhen.
2552 3172 2720 3228 Seml.
2753 3173 2801 3209 34
2833 3171 2963 3225 Sum
2993 3173 3178 3226 omitt.
3238 3169 3451 3226 Oberth.
3486 3171 3534 3207 35
3563 3170 3697 3224 Inibi

402 3246 579 3302 Ithen.
614 3247 782 3303 Seml.
825 3247 874 3284 35
902 3246 1066 3301 Vobis
1110 3246 1405 3300 secundum
1442 3247 1556 3300 haec
1585 3246 1760 3301 Rhen.
1794 3247 1959 3302 Seml.
1998 3245 2219 3302 Oberth.
2248 3245 2296 3283 37
2325 3246 2583 3298 Dominus
2605 3243 2730 3298 add.
2763 3244 2894 3298 Jun.
2928 3242 2976 3279 ³8
3007 3243 3044 3295 Ε
3072 3243 3207 3297 Jun.
3231 3241 3278 3278 39
3308 3242 3453 3296 Deos
3471 3241 3694 3296 aliorum

403 3327 457 3372 et
500 3320 649 3372 'deos
707 3317 882 3373 Rhen.
933 3318 1100 3373 Seml.
1157 3315 1374 3372 Oberth.
1408 3316 1457 3354 ¹δο
1500 3317 1569 3370 Et
1622 3316 1770 3370 Deus
1823 3316 2103 3371 aemulator
2156 3315 2418 3372 Dominus
2458 3314 2631 3370 Rhe’n.
2686 3315 2853 3370 Seml.
2893 3312 3113 3369 Oberth.
3146 3313 3191 3349 ἰι
3229 3313 3294 3366 Et
3320 3328 3388 3366 ne
3410 3312 3578 3367 Seml.
3623 3312 3693 3366 Ut

403 3402 471 3442 ne
497 3389 634 3444 Jun.

1760 3455 2254 3520 Commentarius.

476 3536 590 3630 (301
613 3536 1090 3630 Nauseavnom'inis
1120 3536 1502 3630 inaccqrescit.
1526 3534 1858 3630 Cod'.‘Agob.
1892 3537 2006 3630 ina-
2037 3553 2079 3630 ο

401 3608 596 3678 grescit
628 3625 642 3660 :
674 3609 916 3678 ἀγριάζει.
946 3607 1560 3678 Hesychiusbtamplerat
1586 3621 1597 3633 '
1633 3607 1884 3662 Horatius
1908 3608 1994 3662 di-

402 3677 480 3733 xit
527 3677 957 3749 inamarescunt
1005 3678 1222 3749 gepulw.
1257 3677 1368 3733 Hoc
1416 3677 1530 3743 est,
1581 3679 1853 3749 inacescit.
1907 3679 1995 3734 Sic

404 3750 458 3803 in
497 3748 732 3818 Apolog.
767 3769 790 3796 α
825 3747 1060 3803 Acescit'
1095 3765 1187 3802 aer
1218 3749 1559 3802 ructantibus
1587 3748 1852 3813 decuriis;
1891 3769 1913 3799 ν
1941 3762 1994 3805 et

401 3820 502 3874 lib.
544 3833 586 3889 1,
619 3819 834 3876 advers.
896 3819 1061 3874 Marc.
1107 3839 1130 3868 α
1155 3818 1454 3874 totamlidei
1488 3834 1718 3872 massam
1741 3819 1991 3875 baaretico

402 3904 563 3945 acore
590 3889 818 3957 decepit.
851 3911 872 3938 ι
901 3891 966 3945 Et
991 3889 1197 3944 Plinius
1218 3890 1369 3957 dixit,
1392 3890 1540 3946 aceti
1558 3890 1877 3961 perﬁdiam,
1901 3907 1992 3946 ne-

438 3962 662 4016 uitiam.
722 3961 800 4014 Eo
876 3975 1036 4015 acore
1110 3961 1390 4030 provocari
1447 3976 1702 4016 nauseam
1758 3961 1990 4016 nominis

448 4030 696 4084 hristiani
727 4031 798 4084 ait
829 4031 1311 4102 Septimius.'RtG.

475 4103 588 4170 (3t)
613 4102 942 4158 Sauciatam
972 4103 1136 4170 ﬁdem
1156 4102 1244 4157 vel
1282 4104 1344 4158 in
1365 4102 1644 4166 hwresim,
1678 4102 1764 4158 vel
1784 4103 1844 4156 in
1873 4120 1984 4158 sae-

401 4174 598 4229 culum
635 4175 911 4244 exspirat.
962 4173 1072 4228 Hoc
1105 4182 1207 4244 est,
1250 4172 1318 4244 de
1362 4173 1684 4244 Christianis
1731 4172 1988 4229 fratribus

401 4244 602 4299 nostris
633 4242 772 4298 ﬁunt
800 4243 1038 4298 haeretici
1069 4242 1149 4300 vel
1177 4243 1393 4300 ethnici.
1426 4244 1556 4298 Bia.

475 4315 590 4387 (32)
617 4314 693 4369 Ab
722 4316 1079 4387 ipsoiscilicet
1096 4315 1486 4386 cynocephalo.
1515 4312 1762 4379 Diabolo,
1796 4313 1987 4370 canina

400 4383 599 4439 invidia
635 4383 815 4456 genus
844 4383 1145 4439 humanum
1170 4383 1412 4440 vexante.
1455 4387 1579 4440 Ilia.

472 4457 585 4528 (33)
603 4455 909 4526 Degustata
930 4458 1208 4528 martyrio
1230 4459 1295 4511 in
1314 4472 1539 4513 carcere
1558 4455 1841 4512 esuriunt.
1867 4455 1976 4511 Hoc

2109 3537 2376 3608 scriptura
2405 3534 2527 3590 cod.
2575 3534 2750 3607 Agob.
2781 3532 2872 3608 Ait
2901 3531 3275 3608 Tertullianus,
3307 3545 3404 3586 eos
3449 3529 3547 3608 qui
3597 3547 3692 3608 ne-

2107 3600 2234 3680 gant
2264 3608 2462 3680 bonum
2497 3600 3122 3680 esse'martyrium,_non
3157 3601 3302 3671 prius
3331 3600 3542 3680 suaderi
3587 3602 3691 3655 de-

2103 3673 2230 3733 bere
2263 3679 2463 3733 bonum
2507 3693 2628 3732 esse
2665 3687 2718 3731 et
2755 3673 3122 3737 commodum,
3172 3688 3333 3737 quam
3389 3673 3688 3727 divinarum

2101 3747 2498 3817 Scripturarum
2557 3745 2876 3817 auctoritate
2925 3743 3130 3800 subacti
3182 3743 3685 3817 fuerint__credere,

2100 3814 2460 3876 necessarium
2491 3834 2612 3873 esse
2640 3818 2704 3871 ad
2755 3815 2984 3871 salutem
3012 3814 3343 3884 martyrium.
3401 3814 3535 3867 Nam
3589 3816 3693 3868 hoc

2098 3891 2296 3956 cvicto,
2328 3889 2485 3943 facile
2505 3887 2734 3944 obtineri
2769 3896 2827 3942 ut
2855 3886 3090 3950 credant,
3127 3900 3230 3939 non
3269 3884 3432 3938 modo
3488 3887 3688 3939 bonum

2098 3977 2243 4026 esse,
2275 3961 2369 4015 sed
2394 3968 2447 4013 et
2473 3958 2815 4013 commodum
2837 3967 2995 4028 atque
3026 3956 3177 4011 utile.
3196 3956 3338 4028 Βιθ.

2168 4024 2282 4102 (36)
2309 4031 2389 4086 Ad
2411 4031 2663 4102 ofﬁcium
2687 4024 3275 4102 liwretic'oscompelli,
3300 4041 3415 4083 non
3437 4025 3581 4080 illici
3601 4024 3687 4102 di-

2094 4095 2272 4174 gnum
2323 4095 2718 4174 est."Gnosti_ci
2760 4099 3017 4174 martyris
3063 4095 3163 4154 nec
3202 4097 3342 4150 bona
3395 4111 3494 4150 nec
3539 4095 3685 4174 utilia

2094 4165 2232 4241 apud
2265 4174 2435 4227 Deum
2481 4186 2602 4226 esse
2640 4165 2923 4236 dicebant;
2941 4169 3182 4241 adeoque
3213 4183 3317 4220 non
3377 4165 3687 4241 appetenda

2094 4236 2428 4299 Christianis.
2471 4242 2761 4315 Septimius
2790 4242 3048 4315 adversus
3097 4239 3167 4315 id_
3193 4253 3364 4315 genus
3413 4236 3687 4315 haereticos

2093 4315 2174 4385 sic
2210 4315 2479 4385 agendum
2508 4308 2613 4367 sibi
2645 4329 2750 4385 non
2779 4327 2900 4385 esse
2926 4311 3018 4376 ait,
3051 4318 3110 4385 ut
3157 4308 3365 4364 blandis
3410 4315 3468 4385 et
3512 4308 3683 4362 subti-

2093 4378 2275 4440 libus"
2303 4387 2568 4440 rationum
2628 4381 2888 4439 illecebris
2954 4380 3277 4437 suadeantur
3350 4378 3501 4431 utilia
3564 4394 3683 4432 esse

2093 4457 2366 4526 martyris,
2413 4457 2510 4511 sed
2565 4457 2614 4510 in
2642 4455 2759 4523 ipso
2786 4455 2899 4526 j1_m_
2931 4453 3121 4526 limine
3157 4449 3535 4526 disputationis
3571 4449 3678 4504 vim

396 4519 496 4591 est,
529 4519 782 4597 exoptant
835 4519 1106 4593 martyris"
1141 4543 1544 4593 consummare,
1579 4541 1743 4597 qum
1772 4533 1976 4597 tantum
2011 4521 2055 4597 Β
2087 4519 2460 4593 adhibendam,
2492 4541 2598 4596 qua
2642 4519 2904 4597 compulsi
2960 4524 3233 4597 coactique
3265 4519 3522 4597 sentiant
3577 4536 3681 4597 ne-

396 4594 817 4672 degustaverint,
859 4598 1198 4672 l'ustibus.vel
1230 4598 1449 4670 ungulis
1481 4594 1984 4672 verb_erati_lacera-

396 4666 568 4739 tique;
601 4670 752 4739 quasi
783 4679 1022 4725 extrema
1050 4666 1256 4724 tantum
1277 4666 1400 4724 cute
1425 4666 1732 4737 perstricta.
1755 4667 1878 4722 RIG.

463 4741 578 4810 (34)

392 4879 555 4952 stigia
577 4881 885 4952 hujusmodi
913 4899 925 4934 :
960 4902 987 4932 α
1010 4882 1286 4936 Adversus
1316 4891 1582 4935 nostrates
1601 4879 1985 4952 bestiolas..."

392 4950 718 5023 inimederi
771 4952 1064 5023 theriacam
1122 4953 1246 5023 stilo
1289 4959 1614 5023 temperare.
1656 4971 1676 4996 η
1711 4950 1988 5023 Nostrates

389 5021 647 5093 bestiolas
675 5022 806 5078 dicit
849 5022 1260 5093 scorpiunculos
1304 5018 1588 5076 haereticos
1634 5018 1984 5093 perniciosis-

393 5091 561 5149 simos
612 5093 678 5147 de
719 5109 826 5147 non
867 5089 1010 5148 veris
1055 5093 1374 5150 Christianis
1418 5098 1742 5162 prognatos,
1768 5089 1835 5144 de
1862 5091 1982 5160 qui-

386 5162 488 5239 bus
518 5180 681 5239 supra
710 5165 843 5239 dixit
874 5184 887 5218 :
925 5185 948 5239 gr
982 5165 1257 5239 Magan
1282 5163 1348 5239 de
1387 5161 1861 5239 modi’co.malum,
1903 5169 1976 5231 et,

385 5234 652 5290 Acerbam
684 5234 1128 5292 mediocritatem.
1167 5255 1190 5283 ι)
1218 5234 1281 5286 Et
1310 5235 1362 5285 in
1395 5234 1728 5299 serpentium
1758 5246 1974 5299 genere,

384 5306 584 5376 scorpii
613 5316 740 5360 sunt
797 5305 988 5376 modici
1038 5312 1091 5358 et
1119 5305 1430 5376 mediocres.
1463 5304 1557 5376 Et_
1590 5316 1706 5356 rem
1754 5317 1973 5370 parvam

380 5373 746 5430 Tertullianus
773 5375 1097 5430 mediocrem
1127 5375 1307 5429 dicere
1335 5384 1495 5429 amat.
1529 5373 1650 5426 Rm.

453 5446 561 5518 (35)
583 5451 646 5506 Ut
664 5449 763 5518 qui
779 5449 994 5516 negant
1015 5445 1238 5518 bonum,
1253 5461 1365 5502 non
1387 5447 1741 5502 suadeantur
1761 5461 1971 5518 accom-

376 5515 629 5585 mbdum,
658 5515 771 5574 nisi
814 5515 942 5571 cum
972 5517 1190 5574 subacti
1219 5518 1455 5587 fuerint.
1491 5518 1616 5571 Haec
1643 5515 1862 5571 omnino
1891 5525 1971 5572 est

637 4741 857 4796 dversus
875 4745 1157 4797 nostrates
1176 4740 1432 4797 bestiolas
1445 4741 1763 4810 promptam
1781 4739 1996 4796 mederi

394 4811 728 4866 theriacam.
773 4811 860 4867 Sic
900 4811 1262 4877 restituimus,
1302 4811 1471 4865 secuti
1523 4811 1846 4878 exemplaris
1897 4827 1992 4865 ve-

2105 4601 2335 4654 cessaria
2363 4589 2479 4652 esse
2507 4589 2524 4650 Ξ
2557 4589 2860 4650 etenim-ea
2883 4594 3091 4649 fortiter
3139 4589 3278 4646 obiri
3311 4593 3477 4645 Deum
3509 4589 3672 4656 velle,

2103 4670 2272 4724 Deum
2295 4669 2484 4737 jubere
2515 4684 2526 4722 :
2570 4666 2746 4737 itaque
2782 4665 2928 4720 verbi
2966 4663 3150 4737 divini
3171 4661 3562 4737 auctoritatem,
3595 4662 3680 4714 vi-

2102 4755 2193 4795 res
2214 4747 2267 4795 et
2287 4733 2470 4806 copias
2499 4733 2727 4804 divinas,
2759 4752 2906 4791 arma
2947 4734 3188 4792 cariestia
3244 4733 3470 4806 intentat
3511 4741 3682 4806 artem

2101 4803 2497 4882 Scripturaru‘m
2533 4807 2761 4882 instruit.
2821 4807 3153 4882 His__gladiis
3194 4803 3465 4874 compellit
3502 4804 3684 4882 haere-

2100 4874 2236 4934 ticos
2264 4879 2329 4932 ad
2359 4877 2596 4934 ollicium
2630 4896 2642 4932 :
2677 4877 2763 4933 his
2791 4874 3046 4933 crucibus
3073 4887 3234 4944 atque
3264 4874 3544 4930 tormentis
3571 4874 3684 4928 du-

2097 4951 2270 5032 ritiam
2302 4965 2488 5032 eorum
2527 4949 2724 5035 frangit
2753 4965 2815 5005 ac
2833 4948 3070 5035 subigit.
3083 4948 3165 5035 ¹Ει
3191 4955 3551 5035 cessentanea
3597 4944 3680 4998 lo-

2094 5022 2274 5091 quitur
2305 5021 2367 5074 iis
2397 5037 2520 5091 quae
2548 5021 2616 5074 ad
2651 5016 2933 5090 Scapulam
2964 5016 3099 5073 dixit
3126 5039 3136 5075 :
3179 5038 3201 5066 «
3245 5016 3542 5091 Religionis
3571 5031 3682 5091 non

2092 5080 2210 5168 esse
2254 5080 2446 5165 cogere
2467 5080 2823 5168 religionem,
2877 5113 2900 5142 υ
2943 5106 3063 5160 quae
3101 5096 3292 5168 sponte
3338 5080 3539 5168 suscipi
3572 5080 3686 5168 de-

2089 5161 2235 5234 beat,
2275 5157 2383 5217 ῐιόιι
2431 5163 2500 5219 vi.
2523 5157 2788 5218 Nimirum
2823 5179 2886 5218 eo
2913 5157 3160 5234 sermone
3189 5158 3296 5215 vim
3326 5157 3680 5212 abdicandam

2087 5251 2208 5290 esse
2225 5231 2531 5302 contendit,
2562 5251 2684 5304 quae
2739 5249 2935 5304 corpus
2955 5231 3190 5304 hominis
3239 5237 3431 5304 vexat,_
3468 5239 3680 5304 autne—

2083 5314 2190 5371 cat,
2231 5321 2462 5375 eamque
2498 5299 2625 5371 vim,
2660 5308 2712 5361 in
2744 5299 3053 5374 huj'usmodi
3101 5301 3330 5375 negotiis
3386 5299 3676 5375 absurdam

2083 5387 2262 5450 atque
2282 5371 2542 5450 inutilem,
2563 5377 2704 5450 ideo
2732 5371 2964 5442 damnat,
2980 5447 2985 5450 _
2999 5375 3155 5450 quod
3178 5371 3192 5373 ’
3208 5371 3676 5450 hypocritas__qui-

2079 5443 2200 5529 dein
2237 5446 2414 5576 ﬁgat,
2447 5448 2666 5504 minime
2693 5459 2867 5504 autem
2917 5443 3221 5519 religiosos,
3250 5443 3450 5500 nedum
3499 5443 3677 5499 Chris-

2079 5529 2272 5576 tianos.
2336 5535 2410 5575 ιθ.

2078 5529 2272 5577 uanos.
2288 5529 2410 5576 Κίρ.
