4036 6172
352 310 447 373 151
1048 312 1489 375 TERTULLIANI
1525 313 1789 375 OPERUM
1827 316 1993 378 PARS
2033 316 2103 377 Il.
2141 346 2213 363 -—
2246 314 2475 376 SERIES
2513 314 2557 381 Ι,
2596 309 2938 371 POLEMIGA.

3537 304 3638 367 152

348 439 677 511 exspectabit
701 440 749 479 6⁷
781 440 1054 497 retractari
1096 456 1129 495 a
1176 442 1351 510 nobis,
1409 457 1477 497 an
1530 442 1799 500 observari
1840 457 1941 499 vo-
1973 458 2020 537 Α
2051 444 2245 502 viendo
2275 453 2331 499 et
2356 440 2628 497 adorando
2682 453 2778 494 eos
2815 437 2884 490 73.
2925 435 3112 505 Itaque
3151 433 3411 489 Dominus
3452 434 3639 491 iratus.

348 528 507 585 luerit
535 528 876 598 disciplinam
910 544 1069 601 quam
1100 529 1271 585 voluit
1299 530 1593 593 instituere,
1642 539 1694 585 et
1722 546 1790 585 an
1818 546 1937 586 me-

349 616 453 671 rito
482 615 767 672 ulciscatur
810 616 1097 686 desertam,
1130 633 1294 688 quam
1338 617 1509 672 voluit
1555 617 1931 676 observatam:

348 705 561 775 quando
593 704 792 760 frustra
824 703 1162 770 instituisset,
1192 704 1239 759 si
1268 705 1541 761 observari
1585 721 1703 761 eam
1731 707 1938 762 noluis-

347 804 449 863 set,
490 803 545 849 et
578 794 780 849 frustra
826 794 1101 849 observari
1130 794 1405 860 voluisset,
1437 798 1479 848 si
1528 794 1800 851 vindicare
1840 812 1938 853 no-

347 882 556 940 luisset.
593 882 850 953 Sequitur
902 882 1047 937 enim
1103 889 1161 937 ut
1203 884 1299 938 has
1344 882 1686 940 deﬁnitiones
1710 885 1807 941 Dei
1836 886 1937 939 ad-

347 987 535 1027 versus
582 970 1015 1041 superstitiones,
1077 979 1185 1025 tam
1232 971 1430 1027 evictas
1484 972 1535 1010 58
1579 989 1736 1042 quam
1781 974 1939 1028 etiam

346 1059 638 1116 vindicatas
691 1061 807 1132 (39)
864 1061 1104 1130 probem,
1139 1060 1391 1132 quoniam
1421 1075 1485 1116 ex
1526 1061 1607 1115 his
1636 1069 1746 1117 tota
1794 1079 1937 1117 mar-

348 1149 608 1219 tyriorum
670 1149 805 1204 ratio
856 1147 1143 1203 constabit.
1195 1147 1393 1202 Aberat
1455 1147 1595 1217 apud
1660 1149 1830 1204 Deum
1885 1150 1939 1204 in

345 1247 529 1294 monte
560 1237 797 1308 Moyses,
817 1252 941 1293 cum
968 1236 1198 1305 p0pulus
1227 1244 1332 1291 tam
1364 1235 1724 1291 necessariam
1756 1238 1941 1293 absen-

346 1325 475 1381 tiam
523 1328 643 1395 ejus
688 1323 992 1394 impatiens,
1034 1323 1166 1378 deos
1223 1322 1325 1377 sibi
1378 1323 1679 1393 producere
1728 1325 1937 1396 quaerit,

343 1428 480 1484 quos
500 1412 679 1483 potius
706 1410 756 1449 59
785 1412 903 1481 ipse
925 1408 1235 1480 perdiderit.
1268 1408 1439 1466 I29
1466 1411 1707 1481 Urgetur
1734 1413 1936 1479 Aaron,

345 1510 399 1555 et
431 1499 591 1568 jubet
617 1497 836 1554 inaures
886 1497 1207 1552 feminarum
1239 1513 1457 1553 suarum
1486 1498 1542 1552 in
1584 1498 1765 1569 ignem
1812 1516 1940 1557 con-

342 1587 497 1642 ferri:
541 1586 805 1642 Amissuri
853 1585 995 1642 enim
1027 1594 1181 1641 erant
1225 1585 1280 1639 in
1332 1585 1601 1655 judicium
1657 1588 1759 1642 sibi
1814 1604 1942 1644 vera

342 1682 657 1731 ornamenta
684 1674 916 1741 aurium,
948 1672 1049 1728 Dei
1076 1688 1256 1730 voces.
1284 1672 1510 1743 Sapiens
1538 1673 1679 1746 ignis
1700 1674 1939 1745 effigiem

2056 533 2331 601 Quoniam
2376 528 2617 601 quidem,
2649 524 2745 591 ait,
2782 530 3136 595 transgressa
3183 526 3265 578 est
3293 520 3340 558 ⁷⁴
3368 537 3501 593 gens
3529 523 3642 577 ista

2040 624 2278 692 pactum
2297 633 2489 673 meum
2510 617 2639 685 (L2),
2659 614 2800 686 quod
2810 611 3056 684 disposui
3070 611 3325 683 patribus
3345 624 3565 674 eorum,
3588 612 3645 667 et

2043 726 2159 763 non
2181 706 2483 763 audierunt
2510 704 2560 742 ’⁷⁵
2578 720 2766 761 vocem
2780 718 2984 764 meam,
3000 704 3054 757 et
3076 714 3172 769 ego
3200 715 3314 754 non
3344 699 3637 753 advertam

2045 797 2117 853 ad
2143 796 2517 867 auferendum
2546 794 2733 847 virum
2764 808 2800 845 α
2826 790 2975 859 facie
2996 804 3195 845 eorum
3217 802 3290 842 ex
3310 788 3643 844 nationibus

2044 902 2179 959 quas
2192 885 2471 954 relinquit
2483 880 2745 938 decedens
2768 881 2899 934 Jesu
2918 876 3118 948 (Judic.
3146 876 3440 943 11,20,21).
3466 874 3641 945 Atque

2045 973 2117 1028 ita
2146 987 2241 1043 per
2272 986 2463 1026 omnes
2506 984 2642 1037 pene
2696 966 2916 1021 annales
2980 962 3234 1019 critarum
3293 969 3345 1015 et
3389 962 3643 1031 deinceps

2048 1075 2255 1134 regum,
2290 1056 2575 1113 reservatis
2627 1053 2865 1129 gentium
2911 1051 3355 1106 circumcolarum
3413 1050 3641 1118 viribus,

2047 1147 2190 1201 bello
2242 1154 2297 1200 et
2337 1144 2644 1216 captivitate
2671 1150 2726 1198 et
2749 1141 2892 1212 .jugo
2925 1138 3320 1208 allophylorum
3350 1136 3482 1191 iram
3532 1136 3644 1191 dis-

2047 1234 2293 1307 pensavit
2332 1232 2519 1296 Israel,
2578 1231 3009 1302 quotiescunque
3056 1225 3126 1281 ab
3171 1225 3263 1280 illo
3309 1224 3540 1280 maxime
3585 1226 3639 1279 in

2048 1321 2402 1378 idololatriam
2432 1318 2481 1358 ⁷⁵
2512 1317 2968 1375 exorbitaverunt.

2642 1457 2867 1514 CAPUT
2904 1454 2995 1511 ιγ.

2118 1589 2263 1643 Hauc
2304 1584 2465 1659 igitur
2511 1583 2557 1637 si
2603 1599 2633 1638 a
2681 1579 2976 1653 primordio
3030 1584 3239 1635 constat
3291 1586 3343 1633 et
3391 1579 3634 1648 prohibi-

2051 1686 2152 1732 tam
2183 1676 2300 1745 (43)
2328 1675 2393 1728 de
2437 1681 2516 1727 tot
2570 1672 2831 1741 tantisque
2888 1667 3188 1738 praeceptis,
3247 1674 3301 1722 et
3365 1682 3641 1738 nunquam

342 1763 493 1821 vituli
522 1762 767 1817 defundit
795 1736 992 1830 illis”,
1026 1760 1328 1834 suggillans
1352 1736 1481 1815 illic
1506 1736 1601 1817 cor
1652 1736 1935 1833 habentes,
1970 1736 2015 1813 Β
2048 1736 2477 1837 ἰητριίῐιθἸέιο
2522 1736 2979 1822 οοιῑιηιὶεὲδιηξάο
3025 1736 3102 1812 tot
3147 1756 3415 1827 tantisque
3462 1736 3642 1811 docu-

342 1852 435 1907 ubi
463 1858 515 1905 et
544 1852 875 1918 thesaurum,
909 1848 1052 1918 apud
1081 1849 1372 1923 Egyptum
1412 1849 1611 1905 scilicet
1658 1852 1794 1905 inter
1822 1867 1937 1907 caa-

340 1950 459 1995 tera
501 1936 753 1993 animalia
792 1936 949 1992 bovis
979 1938 1141 1992 etiam
1171 1938 1452 2007 cujusdam
1482 1940 1934 2006 consecraticem;

340 2027 519 2098 itaque
556 2025 659 2081 tria
705 2025 875 2086 millia
906 2024 1152 2080 homines
1179 2041 1210 2079 a
1242 2026 1552 2096 parentibus
1580 2025 1627 2063 71
1677 2026 1939 2097 proximis

340 2131 498 2182 caesa,
530 2114 657 2187 quia
687 2121 789 2168 tam
823 2113 1132 2186 proximum
1162 2122 1433 2185 parentem
1475 2116 1647 2169 Deum
1692 2115 1938 2171 offende-

340 2211 481 2268 rant,
515 2202 962 2275 transgressionis
1008 2210 1061 2258 et
1112 2201 1408 2272 primordia
1454 2211 1508 2257 et
1535 2203 1726 2259 merita
1782 2203 1938 2259 dedi-

341 2300 618 2348 caverunt.
650 2292 710 2346 Iu
740 2292 1000 2346 Arithmis
1022 2292 1137 2360 (40)
1168 2291 1366 2359 (Num.
1407 2294 1573 2358 xxv).
1605 2307 1731 2347 cum
1760 2292 1939 2349 diver-

344 2380 495 2434 tisset
532 2378 696 2435 Israel
724 2378 869 2450 apud
919 2378 1145 2447 Sethim,
1176 2378 1375 2433 abeunt
1401 2378 1735 2435 libidinatum
1765 2378 1831 2433 ad
1869 2378 1939 2433 ﬁ-

342 2468 446 2524 lias
499 2468 676 2534 Moab,
736 2467 1031 2523 invitantur
1076 2467 1141 2521 ad
1172 2466 1337 2531 idola,
1370 2474 1429 2522 ut
1456 2474 1508 2521 et
1543 2467 1737 2539 spiritu
1769 2466 1940 2523 forni-

342 2564 623 2624 carentur;
652 2554 821 2612 edunt
848 2554 1084 2626 denique
1113 2555 1182 2609 de
1213 2554 1433 2625 pollutis
1461 2569 1651 2610 eorum
1703 2570 1715 2610 :
1741 2553 1943 2611 dehinc

342 2654 395 2701 et
431 2644 658 2700 adorant
683 2644 816 2699 deos
848 2643 1048 2716 gentis,
1079 2650 1133 2698 et
1158 2642 1498 2715 Beelphegor
1532 2641 1825 2698 initiantur.
1858 2642 1942 2699 Ob

342 2736 483 2790 hanc
528 2747 743 2805 quoque
799 2731 1176 2797 idololatriam,
1233 2731 1475 2786 moechiie
1542 2746 1807 2796 sororem,
1853 2731 1941 2787 vi-

344 2820 478 2893 ginti
517 2821 615 2876 tria
644 2819 809 2874 millia
848 2819 1158 2874 domesticis
1203 2820 1520 2874 obtruncata
1558 2818 1751 2890 gladiis
1797 2816 1939 2872 diti-

344 2926 430 2965 uze
452 2909 545 2964 irae
577 2909 884 2965 litaveruut.
903 2908 1166 2964 Defuncto
1194 2908 1323 2963 Jesu
1341 2909 1490 2963 Nave
1518 2906 1731 2977 (Judic.
1752 2906 1943 2979 n),de-

2045 1852 2259 1918 mentis,
2289 1867 2389 1907 nec
2414 1849 2578 1906 ullum
2611 1854 2716 1903 tam
2744 1848 3037 1917 superbum
3067 1844 3272 1899 crimen
3302 1844 3444 1912 apud
3467 1842 3645 1897 Deum

2046 1940 2313 2012 deputari,
2356 1952 2517 2009 quam
2572 1933 2878 2005 hujusmodi
2935 1930 3442 2002 transgressionem,
3500 1928 3646 1985 ultro

2046 2028 2345 2100 intelligere
2399 2026 2661 2081 debemus
2717 2022 3023 2079 divinarum
3076 2027 3130 2075 et
3171 2019 3643 2075 denuntiationum

2047 2127 2101 2172 et
2146 2114 2523 2173 executionum
2580 2112 2949 2176 intentionem,
3007 2110 3118 2179 jam
3189 2117 3315 2164 tunc
3368 2108 3645 2179 martyriis

2047 2206 2455 2275 patrocinatam,
2512 2215 2622 2255 non
2679 2199 2838 2254 modo
2901 2214 3012 2252 nun
3063 2197 3404 2266 dubitandis,‘
3452 2212 3645 2252 verum

2048 2292 2413 2355 sustinendis,
2479 2289 2677 2360 quibus
2740 2285 2945 2343 scilicet
2994 2287 3167 2343 locum
3216 2286 3412 2340 fecerat
3465 2285 3648 2355 prohi-

2047 2380 2225 2435 bendo
2252 2376 2642 2435 idololatriam:
2673 2375 2830 2429 aliter
2864 2374 3003 2430 enim
3033 2374 3283 2445 martyris
3310 2388 3419 2428 non
3447 2373 3643 2428 eveni-

2049 2477 2202 2537 rent;
2259 2475 2315 2522 et
2370 2466 2555 2536 utique
2609 2463 2980 2519 auctoritatem
3037 2478 3189 2517 suam
3246 2469 3644 2531 praestruxerat,

2047 2556 2237 2612 volens
2300 2571 2366 2610 ea
2413 2554 2629 2610 evenire
2692 2552 2888 2623 quibus
2965 2551 3141 2606 locum
3202 2549 3422 2605 fecerat.
3483 2551 3643 2605 Nunc

2051 2644 2198 2699 enim
2254 2644 2323 2699 de
2366 2641 2466 2697 Dei
2513 2642 2787 2699 voluntate
2832 2638 3269 2717 compungimur,
3313 2647 3367 2694 et
3393 2639 3440 2676 ⁷⁷
3481 2639 3645 2710 inge-

2052 2732 2220 2787 minat
2269 2731 2517 2800 scorpius
2563 2728 2791 2801 plagam,
2841 2728 2982 2783 hanc
3026 2742 3252 2799 negans,
3302 2727 3437 2782 hanc
3481 2742 3643 2782 accu-

2052 2834 2179 2874 sans
2242 2818 2587 2887 voluntatem,
2641 2827 2698 2873 ut
2755 2824 2847 2877 aut
2918 2814 3080 2869 alium
3152 2817 3319 2873 Deum
3386 2814 3645 2882 insinuet,

2050 2909 2205 2978 cujus
2241 2908 2357 2962 hmc
2401 2922 2510 2963 non
2558 2906 2628 2961 sit
2672 2905 2959 2971 voluntas;
3014 2913 3110 2960 aut
3156 2917 3401 2961 nostrum
3443 2904 3642 2959 nihilo—

345 2997 657 3069 relinquunt
697 2998 868 3052 Deum
916 3003 1127 3068 patrum
1172 3010 1413 3060 suorum,
1444 3002 1500 3050 et
1546 2994 1789 3050 serviunt
1816 2994 2013 3088 ido-‘c
2042 2997 2220 3053 minus
2244 2996 2507 3062 destruat,
2540 2996 2695 3064 cujus
2728 2994 2852 3049 talis
2890 2994 2961 3049 sit
3006 2994 3279 3062 voluntas;
3320 3003 3411 3049 aut
3457 2995 3640 3049 omni-

346 3085 412 3140 lis
447 3084 646 3140 Baalim
688 3094 743 3141 et
788 3084 1017 3139 Astartis
1065 3082 1209 3153 (41);
1241 3093 1294 3138 et
1332 3082 1499 3138 iratus
1526 3083 1790 3138 Dominus
1817 3092 1935 3138 tra-

342 3173 479 3228 didit
506 3188 607 3229 eos
643 3172 699 3227 in
742 3171 992 3227 manibus
1020 3170 1389 3243 diripientium
1420 3193 1434 3240 ;
1464 3179 1518 3225 et
1545 3170 1938 3241 diripiebantur

343 3262 411 3315 ab
435 3261 558 3328 illis,
594 3270 646 3317 et
673 3261 1123 3317 venundabantur
1152 3258 1405 3328 inimicis,
1435 3274 1537 3313 nec
1568 3266 1939 3329 poterautom-

343 3348 472 3403 nino
519 3347 831 3403 subsistere
871 3362 904 3399 a
940 3345 1073 3400 facie
1128 3344 1463 3400 inimicorum
1494 3360 1712 3400 suorum
1744 3364 1759 3412 ;
1794 3359 1937 3415 quo-

346 3451 558 3507 cunque
587 3441 982 3506 processerant,
1005 3448 1198 3487 manus
1224 3443 1340 3487 erat
1370 3447 1534 3502 super
1554 3433 1677 3487 illos
1703 3431 1757 3486 in
1779 3433 1937 3502 mala,

345 3531 401 3579 et
434 3522 784 3595 compressati
829 3527 955 3576 sunt
994 3519 1169 3575 valde.
1213 3520 1340 3575 Post
1369 3536 1489 3590 quae
1515 3517 1566 3557 ⁷²
1588 3519 1815 3575 instituit
1842 3535 1938 3574 su-

346 3629 444 3685 per
465 3612 589 3668 illos
622 3612 764 3666 Deus
789 3610 983 3675 Critas,
1004 3623 1143 3680 quos
1169 3625 1422 3667 censores
1445 3607 1817 3682 intelligimus,
1841 3610 1937 3664 sed

346 3716 447 3755 nec
502 3698 620 3753 istis
663 3698 925 3754 obaudire
962 3705 1376 3767 perseverarunt
1431 3714 1445 3749 :
1494 3705 1553 3750 ut
1603 3698 1727 3768 quis
1763 3696 1938 3753 Crita-

347 3804 467 3844 rum
504 3787 733 3851 obierat,
766 3784 843 3840 illi
871 3784 939 3839 ad
984 3784 1408 3856 delinquendum
1437 3799 1604 3856 supra
1632 3800 1791 3855 quam
1836 3803 1940 3856 pa-

348 3884 460 3933 tres
504 3890 711 3942 eorum,
758 3872 1007 3929 abeundo
1056 3881 1178 3944 post
1220 3873 1353 3929 deos
1394 3872 1691 3928 alienorum
1730 3882 1783 3930 et
1815 3890 1937 3930 ser-

2043 3101 2113 3141 uo
2143 3096 2308 3157 neget
2336 3085 2663 3140 voluntatem
2701 3083 2818 3151 Dei,
2864 3082 2911 3137 si
2940 3082 3114 3154 ipsum
3155 3098 3355 3153 negare
3384 3098 3491 3137 non
3528 3100 3633 3153 po-

2044 3174 2187 3229 terit.
2236 3175 2349 3229 Nos
2400 3184 2574 3227 autem
2632 3172 2699 3226 de
2746 3171 2860 3227 Deo
2908 3170 3039 3224 alibi
3097 3169 3431 3233 dimicantes,
3463 3180 3514 3226 et
3567 3172 3639 3228 de

2045 3262 2252 3334 reliquo
2290 3276 2514 3331 corpore
2560 3259 2825 3315 haeretica:
2858 3259 3123 3329 cujusque
3165 3259 3440 3324 doctrinm,
3489 3275 3637 3315 nunc
3702 3298 3715 3303 -

2046 3349 2101 3403 in
2142 3364 2300 3403 unam
2337 3348 2573 3419 speciem
2610 3346 3010 3419 congressionis
3056 3354 3230 3402 certas
3274 3346 3640 3416 prmducimus

2047 3436 2378 3502 lineas,‘non
2419 3435 2639 3492 alterius
2676 3435 2794 3501 Dei,
2845 3451 3007 3506 quam
3036 3434 3265 3502 Israelis,
3300 3450 3419 3490 eam
3449 3435 3640 3491 defen-

2046 3524 2238 3580 dentes
2293 3525 2647 3591 voluntatem,
2705 3540 2825 3595 quae
2879 3525 3154 3595 martyriis
3211 3524 3387 3579 locum
3433 3523 3638 3590 fecerit,

2049 3623 2156 3670 tam
2203 3628 2271 3667 ex
2315 3612 2599 3684 praeceptis
2637 3611 2920 3683 prohibitae
2964 3627 3203 3682 semper,
3241 3627 3403 3682 quam
3432 3628 3498 3666 ex
3547 3612 3641 3680 ju-

2047 3700 2204 3757 diciis
2268 3700 2470 3773 punitas
2537 3699 2872 3755 idololatriae.
2942 3698 2998 3754 Si
3086 3699 3233 3755 enim
3306 3706 3642 3769 praeceptum

2048 3790 2391 3845 observatum
2430 3787 2480 3825 ⁷8
2535 3788 2640 3843 vim
2689 3788 2902 3859 patitur,
2954 3788 3059 3843 hoc
3094 3788 3195 3844 erit
3239 3786 3642 3859 quodammodo

2050 3876 2372 3933 observandi
2399 3884 2750 3947 prmeeptum,
2781 3887 2840 3931 ut
2874 3876 2922 3930 id
2975 3876 3148 3946 patiar
3194 3891 3288 3946 per
3331 3874 3480 3946 quod
3536 3890 3643 3944 po-

1703 3971 1896 4041 Varia:
1925 3977 2229 4038 lectiones.

413 4080 462 4120 6⁷
482 4078 903 4149 Exspectabitur,
937 4078 1055 4149 cod.
1088 4076 1301 4135 Wouw.
1333 4076 1384 4115 68
1411 4077 1624 4135 Edictas
1650 4078 1767 4135 cod.
1821 4081 2020 4137 Wouw.
2045 4079 2095 4118 69
2131 4079 2250 4148 Quo
2278 4095 2339 4135 se
2368 4080 2545 4148 potius
2572 4082 2705 4138 Jun.
2739 4081 2789 4119 ⁷ο
2819 4079 3079 4135 Diffundit
3107 4079 3226 4134 illos
3264 4079 3383 4137 cod.
3436 4079 3640 4135 Wouw.

344 4153 403 4226 7},
422 4153 491 4207 Et
519 4148 688 4226 deest
727 4152 911 4226 Venet.
935 4148 987 4226 "f
1015 4149 1306 4226 Postqpam
1327 4149 1507 4226 _R_hen_.
1552 4151 1721 4226 ξετηέ.
1747 4148 1810 4226 _7_3
1824 4150 2259 4226 _0raudo_ltlten.
2278 4152 2464 4226 _Seml.
2499 4149 2560 4226 ⁷³⁸-
2582 4152 2938 4226 Transgressi»
2959 4160 3084 4207 sunt
3113 4151 3232 4226 cod.
3266 4150 3553 4226 Agobardi.
3591 4149 3645 4186 ⁷⁵

343 4220 917 4295 Obaudieruntjihen.
951 4221 1122 4278 Seml.
1150 4219 1201 4257 ⁷6
1230 4220 1531 4276 idololatria
1554 4221 1725 4278 Seml.
1746 4221 1794 4259 ⁷⁷
1823 4222 1889 4277 Et
1908 4221 2107 4293 abjicit
2138 4223 2309 4280 Seml.
2338 4226 2466 4295 post
2497 4219 2839 4281 liberum?”
2878 4222 3228 4279 Observaudo
3257 4219 3419 4277 Pam.
3461 4219 3641 4277 Rhen.

345 4295 513 4352 Seml.
553 4292 772 4350 Oberth.

1740 4388 2240 4455 Commentarius.

412 4498 528 4580 (39)
556 4499 684 4589 1?:an
705 4497 913 4589 evictasL
934 4510 1101 4589 quam
1116 4493 1793 4589 _etiqmtpindieatas.‘Sic
1810 4493 1937 4589 legi-

2053 4496 2085 4565 ἦ
2112 4496 2486 4589 ποξρἸΕξκλησιν
2524 4497 2785 4579 Ἀφροδςτη
2814 4498 3047 4589 ξιγοιξένη
3074 4497 3175 4559 θεὸς
3202 4497 3470 4551 Σιδωνίων.
3495 4495 3646 4552 Idem

344 4565 432 4624 tur'
460 4565 516 4623 in
534 4568 725 4625 codice
756 4565 1037 4631 Agobardi
1067 4584 1081 4631 ;
1114 4565 1167 4619 in
1192 4565 1287 4621 lib.
1320 4565 1517 4631 Ursini,
1549 4566 1779 4622 edictas.
1811 4566 1935 4622 Βία.

410 4639 525 4711 (40)
567 4642 630 4695 1η
676 4636 977 4711 Arithmis.
1031 4638 1228 4711 Vocem
1281 4636 1525 4711 Grmcam
1566 4636 1939 4711 retinuit,pro

338 4712 404 4835 in
433 4708 715 4834 gummis,
743 4717 802 4764 ut
823 4709 981 4781 paulo
1004 4712 1126 4780 post
1156 4709 1341 4765 Critas
1361 4710 1542 4777 habet,
1567 4724 1665 4779 pro
1694 4708 1934 4767 Iudices.

382 4797 416 4835 ε
491 4798 544 4835 n.

382 4797 416 4836 Ε
449 4797 544 4836 l’R.

412 4853 528 4919 (44)
551 4852 717 4908 Idalis
747 4850 967 4907 Baalim
996 4855 1053 4907 et
1083 4851 1345 4905 Astartis.
1368 4848 1566 4904 Baalim
1597 4857 1721 4905 sunt
1748 4850 1836 4905 hic
1863 4850 1938 4905 dii

340 4922 583 5002 gentium
630 4938 729 5002 seu
753 4922 951 5002 _idola;
998 4921 1287 5002 aliquando
1315 4921 1464 5000 Baal.
1487 4936 1586 5001 pro
1616 4922 1741 5002 loco
1766 4920 1936 5002 stimi-

342 5004 444 5047 tur.
486 4993 694 5050 Astarte
735 4991 802 5064 de
831 5008 937 5064 qua
966 4991 1195 5064 plurima
1220 4992 1277 5045 ﬁt
1302 4991 1505 5064 mentio
1539 4992 1591 5044 in
1622 4991 1776 5064 libris
1802 4992 1933 5064 Reg.

340 5064 443 5119 dea
475 5074 589 5120 erat
617 5060 980 5120 Sidoniorum:
1010 5064 1068 5117 Id
1103 5072 1326 5118 testatur
1356 5060 1663 5131 Cedreuus,‘
1690 5061 1781 5114 ubi
1811 5060 1935 5115 uar-

341 5143 420 5189 iat
485 5134 830 5190 Salomonem
886 5134 1215 5190 exslruxisse
1262 5132 1622 5188 Moabitarum
1680 5132 1826 5186 idolo
1882 5141 1937 5188 et

339 5210 568 5261 Astartm
646 5206 993 5262 Sidoniorum
1061 5203 1306 5273 templa;
1385 5210 1440 5257 et
1512 5202 1789 5273 Achilles_
1823 5203 1935 5257 Ta-

338 5278 442 5333 tius
497 5276 649 5333 initio
694 5281 952 5333 Amorum
1014 5269 1247 5345 Clitoph.
1300 5279 1357 5345 et
1401 5272 1621 5345 Leucip.
1691 5288 1705 5328 :
1767 5269 1935 5345 Ἓθυον

333 5354 394 5416 τῆ
452 5354 552 5402 τῶν
599 5349 867 5406 Φοινίκων,
916 5342 1170 5400 Καλοῦσυί
1206 5344 1367 5416 αὐτήνη
1412 5342 1688 5414 Ἀστάρτην
1745 5344 1792 5397 οἱ
1843 5350 1935 5401 Σι..

332 5414 544 5476 admei:
585 5442 608 5472 α
652 5421 782 5476 Deae
812 5417 1125 5474 Phcenicum
1166 5431 1317 5470 sacra
1345 5414 1592 5471 fecerunt
1632 5432 1646 5469 :
1689 5417 1932 5472 Astarten

330 5492 467 5548 hanc
515 5488 947 5549 vocantSidonii.
984 5485 1470 5544 s'Abomiuandum
1504 5502 1631 5543 vero
1661 5486 1788 5542 illud
1819 5485 1937 5542 ido-

321 5563 437 5617 lum
484 5562 750 5619 Venercm
794 5560 1110 5618 Graecorum
1140 5557 1304 5615 fuisse
1334 5556 1407 5614 ait
1440 5558 1650 5615 Suidas.
1692 5557 1933 5632 Ἀστάρτη

2052 4568 2194 4640 apud
2223 4568 2526 4625 Cedrenum
2547 4568 2805 4639 reperies.
2835 4570 2910 4623 LE
2933 4568 3037 4623 Pu.

2118 4640 2236 4713 (42)
2280 4637 2637 4713 Transgressa
2665 4645 2745 4697 est
2773 4656 2905 4711 gens
2943 4642 3053 4696 ista
3081 4645 3314 4712 pactum
3343 4655 3550 4713 meum.
3581 4637 3646 4694 In

2045 4710 2394 4780 AgObardino
2424 4710 2653 4783 legitur;
2694 4710 3193 4783 Transgressisunt
3218 4727 3352 4783 gens
3374 4712 3484 4765 ista
3506 4725 3645 4780 pac-

2049 4787 2172 4837 tum
2200 4798 2404 4844 meum,
2438 4780 2679 4852 ef'paulo
2709 4789 2829 4849 post
2862 4780 2885 4838 ε’
2912 4786 2977 4840 Et
3007 4799 3121 4839 non
3160 4780 3473 4838 addierunt
3520 4783 3646 4836 voci

2046 4868 2203 4925 gnere,
2218 4867 2328 4925 quo
2350 4852 2511 4907 modo
2532 4853 2789 4925 scriptum
2810 4868 2840 4907 a
2859 4854 3188 4910 Tertulliano
3204 4853 3374 4909 fuisse
3398 4866 3504 4907 non
3535 4852 3647 4905 du-

2046 4922 2176 4998 bito.
2209 4922 2620 4998 Sed_mutavere
2642 4922 2757 4995 'qui
2793 4924 3223 4998 magistellorum
3265 4931 3478 4996 sceptra
3517 4936 3644 4977 me-

2047 4994 2441 5050 tuebant.'RiG.

2117 5065 2251 5138 (43)
2273 5066 2336 5122 Si
2360 5083 2395 5121 α
2422 5066 2731 5138 primordio
2758 5071 2975 5123 constat
3003 5070 3061 5121 et
3085 5065 3449 5138 prohibitam.
3481 5062 3644 5138 veti-

2046 5143 2155 5190 tam
2182 5135 2345 5190 fuisse
2367 5134 2631 5209 tanquam
2654 5153 2933 5209 summum
2962 5134 3237 5209 scelerum
3278 5134 3643 5209 idololatriam

2043 5216 2191 5262 certo
2247 5206 2447 5262 certius
2483 5204 2592 5262 ’est.
2623 5208 2776 5264 Unde
2823 5208 3181 5263 Tertullianus
3226 5207 3281 5262 in
3320 5221 3388 5262 eo
3417 5204 3648 5262 crimine

2044 5287 2237 5350 cuncta
2290 5278 2679 5350 comprehendi
2740 5280 2930 5350 probat
2966 5278 3059 5333 lib.
3102 5278 3169 5335 de
3218 5278 3432 5345 Idolol.,
3475 5291 3645 5350 quem

2047 5348 2129 5429 his
2186 5348 2421 5429 vocibus
2447 5349 2710 5429 orditur_:
2743 5348 2772 5401 ὶ(
2816 5349 3115 5429 Principale
3165 5350 3366 5429 crimen
3411 5348 3647 5429 generis

2043 5419 2283 5491 humani,
2319 5440 2342 5469 »
2377 5427 2477 5475 etc.
2510 5423 2554 5476 A
2585 5422 2741 5491 cujus
2786 5422 3050 5476 sententia
3078 5437 3185 5477 non
3243 5418 3471 5476 discedit
3497 5418 3642 5473 Gre-

2044 5506 2161 5562 gor.
2195 5490 2446 5563 Nazianz.
2485 5502 2618 5549 orat.
2653 5495 2720 5547 38
2749 5492 2817 5550 de
2868 5491 3058 5551 Idolol.
3095 5508 3109 5547 :
3140 5492 3395 5563 ’Έσχατοι
3420 5495 3519 5545 τῶν
3547 5507 3648 5541 κα-

2042 5558 2136 5614 ἱῶν
2163 5558 2245 5617 καὶ
2272 5569 2482 5619 ποῶτοι.
2519 5564 2596 5619 LE
2626 5563 2722 5618 Pu.
