4042 6172
284 316 378 377 153

1424 308 1579 368 ADV.
1618 304 1970 368 GNOSTIGOS
2006 272 2387 363 SGORPIACE.

3445 299 3547 362 154

278 453 386 502 tero
430 443 719 498 observare
774 446 1134 511 praeeptum;
1184 436 1294 494 vim
1347 434 1552 492 scilicet
1607 449 1858 506 quaeun-
1889 449 1933 524 Α
1959 433 2039 486 tat
2066 443 2192 485 cum
2219 427 2540 524 idololatria,
2562 428 2659 484 sed
2687 428 2760 485 de
2787 430 2834 467 8"
2865 444 2967 484 sua
2993 428 3161 499 gratia
3188 429 3549 502 (lui);liberat

271 550 368 605 que
427 531 557 586 mihi
605 530 854 584 imminet
878 526 1086 585 caventi
1116 528 1183 582 ab
1212 524 1533 581 idololatria.
1557 524 1624 579 Et
1670 522 1855 594 utique

272 621 354 689 qui
410 618 641 689 imponit
718 624 1069 688 praceptum,
1146 621 1430 686 extorquet
1510 612 1849 682 obsequium.

274 712 378 765 Non
433 708 609 779 potuit
668 722 801 781 ergo
859 706 1098 761 noluisse
1170 720 1233 758 ea
1286 702 1519 767 evenire,
1587 717 1682 771 per
1731 716 1852 771 qua

271 797 523 854 constabit
581 797 925 865 obsequium.
984 792 1355 849 Prascribitur
1393 789 1525 844 mihi
1589 806 1655 845 ne
1692 804 1853 859 quem

269 888 413 942 alium
478 887 656 941 Deum
712 884 916 948 dicam;
976 899 1062 947 ne,
1119 882 1201 936 vel
1250 881 1497 943 dicendo,
1531 895 1638 933 non
1668 878 1851 932 minus

270 976 431 1048 lingua
484 989 655 1045 quam
702 989 865 1027 manu
911 972 1081 1027 Deum
1112 970 1354 1044 ﬁngam;
1386 985 1455 1023 ne
1499 983 1662 1040 quem
1686 966 1851 1021 alium

266 1063 492 1127 adorem,
528 1069 625 1115 aut
681 1076 903 1133 quoquo
954 1060 1116 1115 modo
1154 1059 1204 1096 ’³9
1242 1073 1486 1121 venerer,
1517 1064 1712 1126 prater
1744 1054 1853 1108 uni-

262 1167 367 1207 cum
420 1149 585 1205 illum
614 1148 707 1220 qui
733 1149 806 1204 ita
834 1149 1088 1213 mandat;
1135 1163 1295 1219 quem
1329 1153 1382 1201 et
1412 1146 1611 1215 jubeor
1639 1145 1847 1209 timere,

263 1258 318 1296 ne
366 1242 435 1295 ab
485 1253 563 1294 eo
600 1238 851 1303 deserar;
904 1238 1050 1293 etde
1099 1236 1244 1293 omni
1276 1236 1573 1291 substantia
1601 1233 1845 1305 diligere,

260 1338 309 1382 ut
359 1343 455 1395 pro
509 1341 585 1381 eo
640 1327 858 1380 moriar.
912 1325 1045 1379 Huic
1092 1332 1426 1380 sacramento
1485 1321 1724 1377 militans
1782 1323 1847 1376 ab

263 1416 492 1471 hostibus
547 1429 832 1486 provocor,
884 1431 980 1485 par
1023 1430 1143 1470 sum
1177 1413 1281 1467 illis
1331 1411 1376 1466 si
1422 1412 1474 1449 ⁸ο
1520 1426 1713 1464 manus
1745 1409 1846 1463 de-

262 1506 402 1571 dero;
453 1504 574 1559 hoc
617 1502 958 1559 defendendo
1004 1502 1259 1573 depugno
1314 1500 1369 1555 in
1408 1498 1543 1565 acie,
1570 1499 1842 1565 vulneror,

260 1592 518 1656 consider,
576 1591 813 1647 occidor.
860 1589 997 1658 Quis
1070 1591 1217 1647 hunc
1265 1588 1421 1643 militi
1486 1602 1589 1643 suo
1643 1586 1845 1643 exitum

262 1681 422 1745 voluit,
486 1680 602 1735 nisi
656 1680 751 1749 qui
798 1680 888 1733 tali
922 1696 1047 1736 eum
1102 1685 1431 1736 sacramento
1478 1675 1849 1751 consignavit?

885 1804 1107 1862 CAPUT
1145 1802 1208 1859 V.

322 1932 495 1985 Habes
556 1929 727 2003 igitur
765 1930 864 1985 Dei
893 1928 996 1985 mei
1034 1928 1361 1985 voluntatem
1393 1945 1406 1982 :
1436 1943 1719 1985 occursum
1768 1939 1852 1985 est

268 2017 400 2075 I3l
438 2018 579 2075 huic
614 2019 806 2091 plaga.
848 2018 912 2072 In
938 2018 987 2055 ει
1015 2015 1177 2072 alium
1207 2017 1372 2073 ictum
1419 2015 1847 2081 consideremus,

261 2108 316 2163 de
338 2109 635 2162 voluntatis
671 2108 946 2179 qualitate.
978 2106 1220 2179 Longum
1268 2113 1350 2161 est
1379 2114 1438 2161 ut
1468 2106 1637 2160 Deum
1668 2120 1846 2159 meum

264 2197 440 2251 bonum
498 2196 828 2261 ostendam,
869 2196 1020 2268 quod
1096 2199 1208 2266 jam
1255 2211 1287 2250 a
1337 2194 1492 2250 nobis
1546 2192 1851 2250 didicerunt

266 2283 595 2339 Iarcionita.
646 2284 817 2341 Deum
873 2285 1081 2340 interim
1128 2282 1330 2340 sufﬁcit
1371 2282 1496 2350 dici,
1522 2293 1581 2337 ut
1626 2298 1849 2339 necesse

266 2371 322 2425 sit
368 2373 577 2427 bonum
625 2374 792 2428 credi.
830 2373 1027 2429 Malum
1084 2372 1227 2428 enim
1290 2373 1459 2428 Deum
1486 2371 1577 2442 qui
1606 2371 1657 2408 ⁸²
1708 2386 1849 2440 pra-

268 2462 558 2531 sumpserit,
620 2474 872 2517 constare
927 2463 982 2516 in
1039 2471 1270 2532 utroque
1321 2476 1429 2515 non
1477 2459 1677 2531 poterit
1713 2466 1848 2516 :aut

270 2548 413 2602 Deum
476 2564 689 2622 negare
742 2551 976 2615 debebit,
1032 2566 1194 2623 quem
1252 2549 1447 2603 malum
1503 2548 1843 2616 existimarit,

275 2644 350 2690 aut
389 2638 594 2694 bonum
629 2638 838 2707 dicere,
886 2655 1045 2710 quem
1096 2640 1264 2694 Deum
1295 2637 1669 2707 pronuntiarit.
1703 2638 1848 2692 Bona

278 2724 418 2794 igitur
459 2729 565 2781 erit
590 2735 646 2781 et
675 2728 927 2783 voluntas
956 2728 1095 2797 ejus,
1122 2728 1218 2798 qui
1236 2727 1339 2781 nisi
1390 2729 1580 2793 bonus,
1612 2740 1721 2780 non
1747 2724 1847 2779 erit

284 2812 420 2868 Deus.
474 2814 731 2869 Probabit
789 2816 891 2873 hoc
925 2816 1084 2871 etiam
1113 2815 1281 2885 ipsius
1311 2815 1389 2869 ι·ιί
1419 2815 1653 2880 bonitas,
1683 2829 1846 2884 quam

288 2901 413 2956 Deus
458 2904 649 2968 voluit;
708 2904 948 2977 martyrii
1001 2904 1153 2960 dico:
1204 2904 1332 2977 quia
1387 2905 1589 2960 bonum
1632 2900 1846 2957 nonnisi

302 2986 446 3043 bonus
487 2991 662 3047 voluit
683 2993 749 3050 ⁸³.
782 2993 987 3048 Bonum
1027 2994 1299 3049 contendo
1350 2991 1669 3063 martyrium
1704 2991 1847 3062 apud

303 3078 527 3132 eumdem
582 3079 759 3147 Deum,
808 3098 840 3137 a
885 3098 995 3153 quo
1039 3082 1159 3137 8"et
1186 3082 1504 3153 prohibetur
1544 3092 1598 3136 et
1631 3079 1847 3148 punitur

297 3160 581 3220 idololatria.
644 3168 906 3224 Obnititur
961 3170 1100 3225 enim
1146 3181 1198 3226 et
1252 3170 1566 3225 adversatur
1622 3168 1848 3224 idolola-

282 3251 391 3305 tria
434 3256 753 3325 martyrium.
804 3258 939 3312 Malo
981 3269 1154 3313 autem
1210 3258 1380 3313 obniti
1418 3267 1470 3313 et
1498 3258 1764 3344 adversari
1795 3257 1845 3295 ⁸⁵

270 3339 358 3391 nisi
412 3346 605 3396 bonum
654 3360 766 3399 non
827 3355 1017 3414 potest.
1074 3347 1193 3402 Non
1236 3345 1395 3418 quasi
1424 3339 1692 3419 negemus
1722 3361 1844 3401 esse

266 3427 665 3495 aemulationem,
728 3444 835 3487 tam
881 3434 1143 3490 malorum
1175 3434 1315 3490 inter
1341 3450 1420 3501 se,
1450 3450 1612 3506 quam
1644 3441 1698 3487 (ιι
1738 3436 1841 3489 bo-

264 3531 453 3573 norum.
501 3522 614 3577 Sed
663 3523 769 3577 alia
817 3524 1053 3581 conditio
1101 3534 1184 3580 est
1223 3526 1384 3595 hujus
1430 3524 1590 3580 tituli.
1642 3526 1843 3595 Marty-

266 3604 383 3660 rium
439 3610 582 3665 enim
639 3628 751 3669 non
807 3613 874 3669 de
926 3613 1200 3669 communi
1230 3613 1411 3686 aliqua
1446 3613 1625 3669 militia
1654 3614 1706 3652 35
1733 3628 1847 3669 ecr-

1962 518 2106 573 enim
2155 517 2225 571 ab
2281 515 2599 573 idololatria.
2657 516 2811 586 Quod
2867 532 2897 570 a
2956 517 3095 571 malo
3149 516 3366 583 liberat,
3427 517 3553 590 quis

1961 622 2068 662 non
2122 606 2324 661 bonum
2377 604 2794 677 pronuntiabit?
2823 604 2951 676 quid
3008 604 3154 659 aliud
3192 614 3274 660 est
3302 608 3552 664 adversa-

1962 697 2037 750 tio
2092 694 2143 731 88
2198 693 2512 748 idololatria
2558 705 2714 765 atque
2775 693 3042 765 martyrii,
3128 710 3287 764 quam
3366 695 3551 752 mortis

1959 789 2012 837 et
2042 783 2204 839 vita?
2234 783 2290 835 In
2324 790 2525 836 tantum
2555 783 2658 836 vita
2688 782 2942 854 martyrio
2972 782 3334 853 deputabitur,
3367 800 3545 854 quan-

1962 882 2074 928 tum
2126 873 2176 910 89
2207 886 2353 926 mors
2385 872 2497 941 (69)
2528 871 2845 926 idololatria
2879 870 2951 925 90.
2989 871 3155 926 Vitam
3195 872 3287 941 qui
3343 872 3547 926 malum

1959 959 2170 1031 dixerit,
2219 961 2379 1015 habet
2424 968 2650 1015 mortem
2706 976 2867 1031 quam
2921 960 3126 1015 bonum
3171 960 3332 1016 dicat.
3380 961 3473 1017 Est
3499 969 3554 1015 et

1958 1050 2074 1104 hac
2111 1048 2436 1120 perversitas
2476 1040 2780 1115 hominum,
2832 1048 3092 1103 salutaria
3139 1056 3410 1119 excutere,
3444 1048 3556 1106 exi-

1958 1136 2093 1193 tiosa
2148 1136 2461 1209 suscipere,
2522 1137 2826 1208 periculosa
2879 1154 3120 1210 quarere
3190 1139 3288 1206 91,
3345 1138 3555 1195 medica

1956 1227 2097 1281 male
2168 1225 2369 1289 vitare;
2428 1226 2562 1280 mori
2608 1225 2836 1295 denique
2890 1226 3075 1291 citius,
3136 1242 3301 1298 quam
3365 1227 3547 1285 curari

1955 1312 2281 1369 desiderare.
2336 1314 2470 1367 Nam
2524 1322 2576 1367 et
2623 1312 2905 1368 medicina
2944 1314 3254 1383 prasidium
3292 1315 3477 1385 plures
3497 1316 3549 1354 9’

1956 1400 2250 1471 refugiunt:
2313 1400 2497 1471 plures
2551 1399 2694 1455 enim
2752 1401 2804 1439 93
2858 1401 3028 1465 stulti,
3082 1403 3260 1471 plures
3300 1402 3473 1457 timidi
3499 1410 3555 1458 et

1955 1490 2094 1543 male
2149 1489 2458 1545 verecundi.
2515 1490 2585 1543 Et
2641 1498 2723 1544 est
2769 1490 2925 1561 plane
2980 1491 3135 1562 quasi
3184 1492 3394 1547 savitia
3441 1509 3556 1547 me-

1955 1578 2146 1636 dicina
2199 1581 2270 1645 9*,
2320 1581 2389 1635 de
2433 1581 2706 1650 scalpello,
2741 1581 2918 1650 deque
2938 1580 3203 1648 cauterio,
3237 1581 3305 1637 de
3348 1582 3553 1651 sinapis

1954 1668 2203 1725 incendio
2258 1669 2403 1741 (46);
2464 1684 2572 1723 non
2633 1675 2810 1724 tamen
2855 1668 3043 1733 secari,
3100 1678 3154 1724 et
3197 1670 3247 1708 95
3294 1669 3455 1738 inuri,
3500 1676 3556 1725 et

1956 1758 2173 1813 extendi
2226 1758 2296 1824 96,
2350 1756 2550 1814 idcirco
2599 1754 2765 1813 I32
2789 1756 3013 1827 malum,
3034 1756 3160 1828 quia
3188 1757 3403 1813 dolores
3446 1757 3555 1812 uti-

1883 1834 1927 1910 Β
1956 1846 2038 1900 les
2066 1845 2226 1901 affert
2263 1865 2277 1901 :
2315 1862 2411 1901 nec
2464 1846 2596 1917 quia
2643 1844 3010 1900 tantummodo
3058 1844 3355 1913 contristat,
3394 1860 3552 1901 recu-

1958 1933 2195 2002 sabitur;
2246 1933 2341 1989 sed
2397 1934 2523 2005 quia
2578 1934 2882 1989 necessario
2932 1932 3240 1997 contristat,
3278 1932 3556 1987 adhibebi-

1958 2030 2073 2079 tur.
2151 2023 2438 2077 Horrorem
2513 2022 2692 2092 operis
2749 2021 2955 2077 fructus
3009 2028 3253 2077 excusat.
3330 2020 3563 2076 Ululans‘

1956 2109 2190 2180 denique
2244 2110 2358 2175 ille,
2419 2119 2474 2165 et
2527 2125 2769 2184 gemens,
2822 2119 2874 2163 et
2901 2110 3152 2182 mugiens
3192 2110 3335 2164 inter
3355 2124 3553 2163 manus

1955 2200 2170 2271 medici,
2252 2199 2592 2271 postmodum
2657 2199 2876 2255 easdem
2932 2201 3183 2256 mercede
3242 2199 3550 2263 cumulabit,

1954 2288 2188 2345 artiﬁces
2236 2288 2465 2361 optimas
2504 2288 2833 2359 pradicabit,
2880 2294 2933 2342 et
2961 2304 3131 2343 savas
3172 2288 3286 2358 jam
3310 2286 3549 2359 negabit.

1955 2379 2045 2433 Sic
2102 2386 2156 2433 et
2209 2378 2257 2417 9⁷
2316 2380 2573 2450 martyria
2644 2377 2962 2443 desaeviunt,
3033 2376 3127 2433 sed
3183 2378 3238 2432 iu
3292 2376 3550 2441 salutem;

1952 2465 2138 2522 licebit
2164 2474 2218 2521 et
2248 2466 2357 2521 Deo
2387 2467 2442 2520 in
2471 2466 2631 2522 vitam
2670 2472 2921 2521 aternam
2952 2481 3048 2536 per
3068 2464 3225 2537 ignes
3253 2472 3306 2519 et
3342 2463 3556 2535 gladios

1952 2565 2005 2612 et
2033 2558 2231 2612 acerba
2275 2571 2504 2628 quaque
2551 2571 2758 2611 curare.
2792 2556 2897 2611 Sed
2938 2555 3201 2611 medicum
3248 2554 3467 2627 quidem
3495 2555 3545 2593 9⁸

1952 2645 2236 2700 miraberis
2290 2644 2451 2699 etiam
2494 2644 2550 2700 in
2599 2645 2709 2711 illo,
2736 2644 2883 2715 quod
2922 2644 3091 2700 ferme
3124 2660 3278 2719 pares
3323 2644 3546 2699 adhibet

1950 2733 2241 2803 qualitates
2295 2732 2624 2788 medelarum
2673 2733 2931 2788 adversus
2993 2731 3276 2804 qualitates
3344 2746 3545 2803 quere-

1952 2822 2156 2878 larum:
2217 2837 2338 2876 cum
2395 2823 2545 2892 quasi
2592 2821 2658 2875 de
2704 2835 2957 2890 perverso
3001 2821 3308 2891 auxiliatur,
3342 2836 3439 2891 per
3490 2835 3555 2875 ea

1952 2909 2278 2965 subveniens
2349 2925 2446 2979 per
2519 2925 2639 2980 qua
2714 2910 3007 2965 laboratur.
3059 2910 3196 2965 Nam
3255 2918 3309 2963 et
3348 2910 3556 2966 calores

1878 3006 1922 3084 c
1951 2997 2221 3053 caloribus
2272 2997 2506 3068 amplius
2559 2998 2836 3053 onerando
2888 2998 3204 3069 compescit,
3248 3006 3303 3053 et
3331 2999 3555 3057 ardores

1955 3086 2043 3139 siti
2074 3087 2251 3156 potius
2278 3084 2599 3139 macerando
2642 3084 2922 3153 restinguit
2951 3086 3021 3151 99,
3052 3094 3105 3139 et
3134 3084 3278 3141 fellis
3296 3104 3552 3144 excessus

1952 3175 2147 3227 amaris
2194 3174 2499 3244 quibusque
2548 3171 2872 3240 potiunculis
2932 3173 2948 3208 ι
2997 3172 3201 3243 colligit
3247 3173 3290 3237 2,
3323 3182 3376 3227 et
3430 3191 3556 3229 san-

1952 3262 2131 3334 guinis
2178 3262 2354 3317 ﬂuxus
2399 3259 2593 3316 defusa
2621 3262 2843 3330 insuper
2872 3260 3068 3314 venula
3109 3270 3344 3315 revocat.
3376 3262 3551 3317 Deum

1952 3366 2098 3418 vero,
2131 3362 2185 3405 et
2235 3349 2454 3421 quidem
2502 3348 2749 3414 zelotem,
2810 3348 3136 3419 culpandum
3199 3347 3553 3417 existimabis,

1953 3438 1998 3492 si
2056 3438 2221 3494 voluit
2276 3447 2510 3493 certasse
2564 3453 2684 3493 cum
2732 3453 2917 3502 causa,
2951 3444 3004 3493 et
3032 3436 3244 3507 injuria
3282 3437 3548 3493 amulan-

1950 3528 2021 3581 do
2055 3528 2331 3595 prodesse,
2385 3536 2612 3580 mortem
2660 3536 2832 3581 morte
2881 3526 3199 3592 dissolvere,
3233 3526 3555 3583 occisionem

1952 3615 2223 3670 occisione
2284 3614 2621 3686 dispergere,
2677 3614 2959 3669 tormentis
2999 3621 3267 3671 tormenta
3313 3615 3553 3672 discute-

1630 3747 1817 3811 Varia
1846 3752 2154 3813 lectiones.

326 3873 675 3948 ﬁQuomodo
698 3880 874 3937 Rhen.
894 3880 1061 3937 Seml.
1093 3880 1311 3937 Oberth.
1329 3882 1488 3935 Pam.
1510 3895 1615 3948 quo
1648 3880 1809 3935 modo
1838 3882 1970 3939 Jun.
1992 3883 2044 3920 ⁸ο
2061 3881 2116 3935 Si
2150 3882 2255 3937 illis
2275 3881 2450 3937 Rhen.
2476 3883 2633 3937 Pam.
2670 3881 2843 3938 Seml.
2870 3880 3088 3937 Oberth.
3111 3881 3214 3937 nisi
3238 3881 3343 3936 illis
3373 3884 3553 3937 Latin.

260 3942 430 4022 81m
458 3952 655 4022 Latin.
688 3951 740 3987 82
767 3951 899 4020 Quis
922 3954 1078 4006 Pam.
1115 3952 1285 4007 Rhea.
1315 3952 1485 4009 Seml.
1514 3942 1733 4007 Oberth.
1757 3952 1807 3989 8³
1825 3952 2029 4006 Bonum
2054 3970 2160 4006 non
2191 3953 2292 4005 nisi
2316 3954 2494 4007 bonus
2524 3952 2710 4016 voluit,
2743 3953 2931 4008 alii.8s
2953 3952 3145 4022 Etabj.
3181 3954 3356 4008 Rhen.
3383 3954 3555 4009 Seml.

263 4017 458 4075 worth.
490 4021 544 4059 ³⁵
577 4017 866 4077 Observari
899 4026 1067 4078 Fran.
1100 4023 1150 4059 ⁸6
1180 4023 1363 4077 Militia
1391 4026 1549 4077 Pam.
1584 4022 1754 4079 Rhen.
1791 4023 1961 4079 Seml.
1998 4024 2214 4079 Oberth.
2245 4022 2293 4059 ⁸⁷
2329 4024 2458 4077 Cum
2498 4025 2683 4079 Venet.
2715 4025 2883 4079 Seml.
2928 4023 2978 4059 8⁸
3006 4017 3325 4077 Adversario
3377 4024 3554 4078 Rhen.

261 4088 409 4165 δέπαι.
446 4094 641 4165 Venet.
672 4093 724 4165 ξπ)
753 4094 809 4165 In
837 4103 1095 4165 quantum
1123 4096 1305 4149 Latin.
1339 4095 1389 4131 90
1417 4093 1689 4163 Quantum
1716 4093 1870 4148 morti
1902 4094 2204 4148 idololatria
2238 4096 2408 4150 Rhen.
2445 4096 2602 4149 Pam.
2642 4096 2821 4149 Venet.
2860 4096 3028 4151 Scmt.
3059 4094 3278 4149 Oberth.
3319 4094 3561 4161 91Qua--

255 4174 346 4235 qua
372 4164 542 4218 Sami.
582 4164 639 4201 92
665 4162 766 4232 Qui
788 4162 989 4221 inserit
1016 4165 1180 4221 Seml.
1212 4166 1263 4202 93
1290 4162 1455 4219 Enim,
1476 4165 1587 4234 abi.
1622 4166 1790 4220 Scml.
1824 4166 1874 4203 9³
1901 4166 2153 4235 Medicina
2196 4166 2364 4221 Seml.
2398 4166 2447 4202 8⁵
2469 4166 2534 4218 Ει
2554 4165 2716 4235 abjic.
2751 4167 2917 4221 Seml.
2949 4165 3000 4202 96
3030 4165 3368 4233 Morderique
3419 4164 3550 4220 add.

457 4237 634 4311 Pam.
686 4231 854 4311 ngl.
902 4234 1192 4311 Qberthf"
1223 4237 1295 4311 Et
1317 4231 1871 4311 siAngl._93.Qt_toqtle
1894 4237 2064 4293 Seml.
2098 4234 2147 4273 99
2170 4231 2663 4308 RestringitRheh.
2696 4237 2854 4293 Pam.
2881 4238 3051 4293 Seml.
3104 4231 3324 4292 Oberth.
3372 4236 3389 4273 ί
3449 4238 3556 4291 Ρο-

254 4305 477 4360 tionibus
498 4307 869 4363 Rhen.Pam.
908 4307 1075 4364 Seml.
1112 4307 1329 4365 Obcrth.
1363 4307 1387 4345 2
1423 4306 1659 4378 Corrigit
1686 4305 1874 4363 Latin.

1612 4430 2110 4497 Commentarius.

310 4565 1123 4657 (LUHartyr‘iumJenim‘non
1144 4564 1845 4657 dejeommunialiqaam'i-
1879 4581 1924 4657 υ
1958 4563 2202 4657 libidine,
2247 4580 2371 4619 nam
2426 4570 2583 4657 tunc“
2609 4561 2856 4657 utrinque
2902 4570 3027 4615 sunt
3091 4562 3230 4616 mala
3290 4572 3343 4641 et
3406 4562 3555 4617 vitia.

250 4634 363 4690 litia
390 4634 589 4694 eertat
612 4634 747 4691 cum
770 4637 1117 4701 idololatria,
1138 4638 1234 4694 sed
1255 4653 1387 4692 cum
1415 4652 1522 4691 sua
1549 4636 1759 4705 gratia.
1789 4634 1843 4689 ln

248 4709 536 4787 esemplari
609 4708 827 4787 legitur,
878 4710 1136 4787 malitia,
1178 4709 1301 4787 dein
1349 4723 1476 4764 vero
1532 4706 1586 4759 in
1615 4708 1851 4787 vulgatis

245 4779 593 4840 editionibus,
632 4779 727 4835 sed
753 4779 820 4834 de
848 4795 955 4834 sua
984 4781 1209 4850 gratia;
1244 4781 1427 4850 itaque
1457 4778 1852 4850 emendationis

250 4861 439 4920 partem
470 4849 808 4905 debebimus
833 4851 1068 4920 antiquis
1116 4850 1222 4904 illis
1270 4849 1547 4920 Agobardi
1576 4852 1849 4920 membra-

247 4918 347 4993 nis,
395 4930 622 4993 partem
653 4920 819 4993 libris
859 4918 1106 4991 vulgatis.
1157 4922 1248 4993 Sic
1278 4918 1421 4975 enim
1475 4919 1691 4975 exsiutet
1723 4935 1853 4975 vera

244 4988 410 5063 lectio'
445 4992 493 5045 si
548 4990 825 5063 legimus:
889 5009 913 5044 ι
948 4988 1260 5062 Martyrium
1308 4994 1450 5046 enim
1481 5008 1589 5045 non
1615 4993 1680 5043 de
1708 5007 1856 5045 com-

245 5062 377 5115 muni
409 5062 637 5133 aliqua’
661 5062 854 5117 militia
888 5070 1055 5117 cenat
1107 5080 1231 5117 cum
1276 5063 1602 5125 idololatria,
1643 5063 1737 5116 sed
1783 5065 1852 5117 de

246 5147 329 5185 sua
355 5133 550 5203 gratia
575 5151 593 5186 :
631 5133 825 5188 liberat
866 5134 1008 5188 enim
1046 5136 1117 5189 ab
1148 5134 1469 5190 idololatria.
1522 5154 1544 5181 ι
1580 5133 1668 5186 Ait
1708 5134 1851 5188 Ter-

247 5203 882 5276 tullianns,rmartyrium
912 5221 1031 5261 esse
1062 5206 1284 5272 bonum,
1326 5204 1455 5276 quia
1503 5206 1670 5270 malo,
1705 5205 1853 5276 quod

247 5284 319 5329 εει
369 5275 744 5341 idololatria,
800 5278 1144 5347 adversatur,
1202 5291 1302 5330 nec
1348 5275 1658 5333 ’adversari
1713 5275 1855 5329 malo

252 5349 426 5413 possit,
482 5347 602 5401 nisi
651 5347 875 5404 bunum.
905 5348 1026 5421 Non
1056 5346 1213 5421 quasi
1236 5356 1396 5420 neget
1425 5346 1854 5403 atlversationem

252 5429 345 5491 seu
386 5433 648 5491 pugnam
695 5418 1218 5491 amu’ationemque
1270 5418 1391 5474 esse
1450 5421 1707 5491 vitiorum
1756 5436 1853 5475 seu

256 5487 510 5564 malorum
578 5489 720 5546 inter
773 5506 864 5547 se:
909 5487 1143 5564 quippe'
1180 5491 1448 5564 interdum
1519 5489 1850 5561 experimur,

256 5561 607 5627 rapacitatem
663 5571 867 5618 certare
923 5561 1057 5618 cum
1108 5561 1441 5627 crudelitate,
1508 5564 1699 5635 gulam
1728 5577 1853 5619 cum

1961 4636 2067 4689 Sed
2124 4636 2284 4689 aliam
2340 4649 2457 4690 esse
2514 4633 2588 4686 ait
2651 4630 3013 4688 conditionem
3078 4632 3342 4687 Sermonis
3398 4648 3559 4699 quem

1962 4706 2193 4759 instituit
2244 4708 2311 4760 de
2364 4706 2658 4760 certamine
2732 4704 2976 4773 martyrii
3051 4719 3171 4758 cum
3231 4701 3554 4775 idololatria.

1960 4777 2168 4831 Etenim
2220 4776 2539 4847 martyrium
2574 4792 2683 4830 non
2734 4772 2940 4831 certare
2988 4790 3109 4830 cum
3158 4772 3459 4828 idololatria
3487 4775 3557 4847 de

1960 4847 2228 4902 communi
2286 4846 2466 4916 aliqua
2512 4847 2734 4914 malitia,
2795 4849 2947 4917 quasi
3002 4856 3146 4902 esset
3183 4853 3458 4901 certamen
3483 4846 3558 4900 in-

1962 4925 2040 4973 ter
2088 4919 2198 4974 duo
2263 4919 2421 4985 mala,
2481 4927 2657 4973 utrum
2690 4920 2758 4972 sit
2790 4919 3075 4986 potentius,
3106 4918 3216 4974 imo
3255 4927 3459 4974 certare
3489 4920 3558 4972 de

1962 5006 2056 5115 Eua
2096 4990 2304 5115 lgratia,
2340 4990 2406 5043 de
2469 5005 2567 5044 suo
2621 4990 2788 5056 bono,
2832 4990 2976 5061 quod
3022 4993 3089 5046 ab
3139 4990 3451 5047 idololatria‘
3490 4990 3561 5044 li-

2000 5077 2091 5115 era
2121 5102 2134 5114 .
2215 5076 2292 5115 ια.

2000 5070 2134 5116 erat.
2166 5064 2292 5117 Καὶ.

2031 5134 2145 5201 (45)
2186 5135 2474 5201 Quantum
2502 5136 2679 5187 morti
2708 5132 3053 5187 idololatria.
3087 5133 3179 5189 Sic
3206 5142 3288 5188 est
3317 5131 3369 5186 in
3420 5132 3557 5187 libro

1963 5205 2266 5275 Agobardi;
2300 5214 2354 5258 at
2390 5206 2441 5258 in
2472 5204 2606 5259 libro
2633 5202 2836 5269 Ursini,
2874 5222 2897 5252 α
2935 5203 3206 5269 Quantum
3235 5220 3381 5260 mors
3434 5202 3556 5257 ido-

1964 5277 2209 5349 lolatria.
2252 5298 2274 5327 ι
2318 5276 2441 5349 llic.
2719 5346 2753 5349 _7
2842 5345 2873 5349 _
3264 5342 3332 5349 __.
3380 5343 3391 5349 -
3509 5340 3520 5349 .

2034 5348 2148 5417 (46)
2176 5350 2252 5404 De
2277 5348 2497 5417 sinapis
2527 5346 2806 5402 incendio.
2842 5345 3174 5417 Describitur
3201 5361 3231 5397 a
3263 5342 3430 5417 Plini_o_
3454 5342 3556 5417 _si-

1964 5410 2289 5492 napis'ignei
2338 5410 2584 5492 effectus,
2638 5416 3055 5492 saluberrimum
3102 5413 3335 5484 corpori.
3370 5410 3558 5469 Eidem

1963 5487 2213 5546 tribuitu'r
2243 5490 2325 5546 vis
2345 5490 2580 5545 caustica
2610 5498 2661 5546 et
2689 5488 2875 5560 urigo-
2900 5487 3027 5543 Rio.
