  <div class='ocr_page' id='page_1' title='image "/cluster/home/n/w/nwhite01/storage/ocr_20150623/2/hvd.32044096580329/083.png"; bbox 0 0 4042 6172; ppageno 0'>
   <div class='ocr_carea' id='block_1_1' title="bbox 416 348 519 411">
    <p class='ocr_par' dir='ltr' id='par_1_1' title="bbox 416 348 519 411">
     <span class='ocr_line' id='line_1_1' title="bbox 416 348 519 411; baseline 0.01 -2"><span class='ocrx_word' id='word_1_1' title='bbox 416 348 519 411; x_wconf 88' lang='grc'><strong>155</strong></span> 
     </span>
    </p>
   </div>
   <div class='ocr_carea' id='block_1_2' title="bbox 1100 344 2992 415">
    <p class='ocr_par' dir='ltr' id='par_1_2' title="bbox 1100 344 2992 415">
     <span class='ocr_line' id='line_1_2' title="bbox 1100 344 2992 415; baseline -0.003 -7"><span class='ocrx_word' id='word_1_2' title='bbox 1100 345 1540 409; x_wconf 81' lang='lat' dir='ltr'><strong>TERTULLIANI</strong></span> <span class='ocrx_word' id='word_1_3' title='bbox 1576 344 1843 406; x_wconf 77' lang='lat' dir='ltr'><strong>OPBRUM</strong></span> <span class='ocrx_word' id='word_1_4' title='bbox 1877 344 2049 407; x_wconf 80' lang='lat' dir='ltr'><strong>PARS</strong></span> <span class='ocrx_word' id='word_1_5' title='bbox 2084 344 2153 406; x_wconf 85' lang='lat' dir='ltr'><strong>Il.</strong></span> <span class='ocrx_word' id='word_1_6' title='bbox 2189 374 2261 392; x_wconf 91' lang='lat'><strong>--</strong></span> <span class='ocrx_word' id='word_1_7' title='bbox 2294 344 2522 408; x_wconf 79' lang='lat' dir='ltr'><strong>SERIES</strong></span> <span class='ocrx_word' id='word_1_8' title='bbox 2557 345 2602 415; x_wconf 88' lang='grc' dir='ltr'><strong>Ι,</strong></span> <span class='ocrx_word' id='word_1_9' title='bbox 2642 345 2992 407; x_wconf 76' lang='lat' dir='ltr'><strong>POLEMICA.</strong></span> 
     </span>
    </p>
   </div>
   <div class='ocr_carea' id='block_1_3' title="bbox 3602 345 3704 406">
    <p class='ocr_par' dir='ltr' id='par_1_3' title="bbox 3602 345 3704 406">
     <span class='ocr_line' id='line_1_3' title="bbox 3602 345 3704 406; baseline 0.01 -1"><span class='ocrx_word' id='word_1_10' title='bbox 3602 345 3704 406; x_wconf 85' lang='lat'><strong>156</strong></span> 
     </span>
    </p>
   </div>
   <div class='ocr_carea' id='block_1_4' title="bbox 414 470 3701 565">
    <p class='ocr_par' dir='ltr' id='par_1_4' title="bbox 414 470 3701 565">
     <span class='ocr_line' id='line_1_4' title="bbox 414 470 3701 565; baseline -0.001 -36"><span class='ocrx_word' id='word_1_11' title='bbox 414 491 496 547; x_wconf 91' lang='lat' dir='ltr'><strong>re,</strong></span> <span class='ocrx_word' id='word_1_12' title='bbox 550 475 810 546; x_wconf 88' lang='lat' dir='ltr'><strong>supplicia</strong></span> <span class='ocrx_word' id='word_1_13' title='bbox 879 473 1153 547; x_wconf 81' lang='lat' dir='ltr'><strong>suppliciis</strong></span> <span class='ocrx_word' id='word_1_14' title='bbox 1230 488 1551 544; x_wconf 87' lang='lat' dir='ltr'><strong>evaporare,</strong></span> <span class='ocrx_word' id='word_1_15' title='bbox 1611 471 1772 529; x_wconf 89' lang='lat' dir='ltr'><strong>vitam</strong></span> <span class='ocrx_word' id='word_1_16' title='bbox 1849 470 2003 528; x_wconf 86' lang='lat' dir='ltr'><strong>aufe-</strong></span> <span class='ocrx_word' id='word_1_17' title='bbox 2033 486 2081 565; x_wconf 64' lang='grc' dir='ltr'><strong>Α</strong></span> <span class='ocrx_word' id='word_1_18' title='bbox 2112 472 2477 543; x_wconf 83' lang='lat' dir='ltr'><strong>preposuisset</strong></span> <span class='ocrx_word' id='word_1_19' title='bbox 2503 473 2548 539; x_wconf 78' lang='grc'><em>8,</em></span> <span class='ocrx_word' id='word_1_20' title='bbox 2588 489 2684 545; x_wconf 92' lang='lat' dir='ltr'><strong>per</strong></span> <span class='ocrx_word' id='word_1_21' title='bbox 2720 490 2841 546; x_wconf 86' lang='lat' dir='ltr'><strong>quae</strong></span> <span class='ocrx_word' id='word_1_22' title='bbox 2871 489 2993 529; x_wconf 90' lang='lat' dir='ltr'><strong>cum</strong></span> <span class='ocrx_word' id='word_1_23' title='bbox 3037 470 3347 530; x_wconf 87' lang='lat' dir='ltr'><strong>adversario</strong></span> <span class='ocrx_word' id='word_1_24' title='bbox 3422 471 3701 543; x_wconf 86' lang='lat' dir='ltr'><strong>experire-</strong></span> 
     </span>
    </p>
   </div>
   <div class='ocr_carea' id='block_1_5' title="bbox 417 559 3701 634">
    <p class='ocr_par' dir='ltr' id='par_1_5' title="bbox 417 559 3701 634">
     <span class='ocr_line' id='line_1_5' title="bbox 417 559 3701 634; baseline -0.001 -17"><span class='ocrx_word' id='word_1_25' title='bbox 417 564 584 620; x_wconf 87' lang='lat' dir='ltr'><strong>rendo</strong></span> <span class='ocrx_word' id='word_1_26' title='bbox 647 564 918 630; x_wconf 88' lang='lat' dir='ltr'><strong>conferre,</strong></span> <span class='ocrx_word' id='word_1_27' title='bbox 973 577 1195 618; x_wconf 87' lang='lat' dir='ltr'><strong>carnem</strong></span> <span class='ocrx_word' id='word_1_28' title='bbox 1250 561 1501 617; x_wconf 72' lang='lat' dir='ltr'><strong>laedendo</strong></span> <span class='ocrx_word' id='word_1_29' title='bbox 1528 562 1739 631; x_wconf 87' lang='lat' dir='ltr'><strong>juvare,</strong></span> <span class='ocrx_word' id='word_1_30' title='bbox 1769 559 2003 615; x_wconf 88' lang='lat' dir='ltr'><strong>animam</strong></span> <span class='ocrx_word' id='word_1_31' title='bbox 2034 559 2081 565; x_wconf 78' lang='lat'>&quot;</span> <span class='ocrx_word' id='word_1_32' title='bbox 2113 578 2257 632; x_wconf 91' lang='lat' dir='ltr'><strong>mur,</strong></span> <span class='ocrx_word' id='word_1_33' title='bbox 2313 570 2371 617; x_wconf 92' lang='lat' dir='ltr'><strong>ut</strong></span> <span class='ocrx_word' id='word_1_34' title='bbox 2404 578 2432 617; x_wconf 92' lang='lat' dir='ltr'><strong>a</strong></span> <span class='ocrx_word' id='word_1_35' title='bbox 2460 578 2567 634; x_wconf 90' lang='lat' dir='ltr'><strong>quo</strong></span> <span class='ocrx_word' id='word_1_36' title='bbox 2611 563 2839 618; x_wconf 74' lang='lat' dir='ltr'><strong>libenter</strong></span> <span class='ocrx_word' id='word_1_37' title='bbox 2882 563 3043 616; x_wconf 88' lang='lat' dir='ltr'><strong>homo</strong></span> <span class='ocrx_word' id='word_1_38' title='bbox 3089 559 3254 616; x_wconf 85' lang='lat' dir='ltr'><strong>elisus</strong></span> <span class='ocrx_word' id='word_1_39' title='bbox 3292 566 3403 627; x_wconf 90' lang='lat' dir='ltr'><strong>est,</strong></span> <span class='ocrx_word' id='word_1_40' title='bbox 3433 574 3559 616; x_wconf 90' lang='lat' dir='ltr'><strong>eum</strong></span> <span class='ocrx_word' id='word_1_41' title='bbox 3586 559 3701 628; x_wconf 88' lang='lat' dir='ltr'><strong>jam</strong></span> 
     </span>
    </p>
   </div>
   <div class='ocr_carea' id='block_1_6' title="bbox 419 646 2009 722">
    <p class='ocr_par' dir='ltr' id='par_1_6' title="bbox 419 646 2009 722">
     <span class='ocr_line' id='line_1_6' title="bbox 419 646 2009 722; baseline -0.004 -15"><span class='ocrx_word' id='word_1_42' title='bbox 419 653 693 722; x_wconf 87' lang='lat' dir='ltr'><strong>cripiendo</strong></span> <span class='ocrx_word' id='word_1_43' title='bbox 746 667 981 707; x_wconf 85' lang='lat' dir='ltr'><strong>servare.</strong></span> <span class='ocrx_word' id='word_1_44' title='bbox 1034 650 1364 706; x_wconf 87' lang='lat' dir='ltr'><strong>Perversitas</strong></span> <span class='ocrx_word' id='word_1_45' title='bbox 1417 666 1581 722; x_wconf 84' lang='lat' dir='ltr'><strong>quam</strong></span> <span class='ocrx_word' id='word_1_46' title='bbox 1635 657 1809 719; x_wconf 88' lang='lat' dir='ltr'><strong>putas,</strong></span> <span class='ocrx_word' id='word_1_47' title='bbox 1870 646 2009 702; x_wconf 90' lang='lat' dir='ltr'><strong>ratio</strong></span> 
     </span>
    </p>
   </div>
   <div class='ocr_carea' id='block_1_7' title="bbox 427 736 2007 811">
    <p class='ocr_par' dir='ltr' id='par_1_7' title="bbox 427 736 2007 811">
     <span class='ocr_line' id='line_1_7' title="bbox 427 736 2007 811; baseline -0.003 -16"><span class='ocrx_word' id='word_1_48' title='bbox 427 750 537 807; x_wconf 87' lang='lat' dir='ltr'><strong>est;</strong></span> <span class='ocrx_word' id='word_1_49' title='bbox 587 739 730 810; x_wconf 89' lang='lat' dir='ltr'><strong>quod</strong></span> <span class='ocrx_word' id='word_1_50' title='bbox 787 739 1045 794; x_wconf 75' lang='lat' dir='ltr'><strong>saevitiam</strong></span> <span class='ocrx_word' id='word_1_51' title='bbox 1083 738 1375 806; x_wconf 75' lang='lat' dir='ltr'><strong>existimas,</strong></span> <span class='ocrx_word' id='word_1_52' title='bbox 1413 737 1585 811; x_wconf 86' lang='lat' dir='ltr'><strong>gratia</strong></span> <span class='ocrx_word' id='word_1_53' title='bbox 1616 746 1698 792; x_wconf 91' lang='lat' dir='ltr'><strong>est</strong></span> <span class='ocrx_word' id='word_1_54' title='bbox 1739 753 1752 790; x_wconf 90' lang='lat'><strong>:</strong></span> <span class='ocrx_word' id='word_1_55' title='bbox 1797 736 1869 792; x_wconf 92' lang='lat' dir='ltr'><strong>ita</strong></span> <span class='ocrx_word' id='word_1_56' title='bbox 1893 737 2007 791; x_wconf 86' lang='lat' dir='ltr'><strong>Deo</strong></span> 
     </span>
    </p>
   </div>
   <div class='ocr_carea' id='block_1_8' title="bbox 2114 647 3702 721">
    <p class='ocr_par' dir='ltr' id='par_1_8' title="bbox 2114 647 3702 721">
     <span class='ocr_line' id='line_1_8' title="bbox 2114 647 3702 721; baseline -0.004 -14"><span class='ocrx_word' id='word_1_57' title='bbox 2114 659 2423 707; x_wconf 87' lang='lat' dir='ltr'><strong>constanter</strong></span> <span class='ocrx_word' id='word_1_58' title='bbox 2475 651 2651 715; x_wconf 93' lang='lat' dir='ltr'><strong>elidat,</strong></span> <span class='ocrx_word' id='word_1_59' title='bbox 2708 650 2796 704; x_wconf 89' lang='lat' dir='ltr'><strong>hic</strong></span> <span class='ocrx_word' id='word_1_60' title='bbox 2856 664 3066 721; x_wconf 88' lang='lat' dir='ltr'><strong>quoque</strong></span> <span class='ocrx_word' id='word_1_61' title='bbox 3151 647 3440 703; x_wconf 88' lang='lat' dir='ltr'><strong>liberalitas</strong></span> <span class='ocrx_word' id='word_1_62' title='bbox 3503 648 3702 719; x_wconf 72' lang='lat' dir='ltr'><strong>magis,</strong></span> 
     </span>
    </p>
   </div>
   <div class='ocr_carea' id='block_1_9' title="bbox 2118 735 3704 810">
    <p class='ocr_par' dir='ltr' id='par_1_9' title="bbox 2118 735 3704 810">
     <span class='ocr_line' id='line_1_9' title="bbox 2118 735 3704 810; baseline -0.001 -17"><span class='ocrx_word' id='word_1_63' title='bbox 2118 755 2279 810; x_wconf 89' lang='lat' dir='ltr'><strong>quam</strong></span> <span class='ocrx_word' id='word_1_64' title='bbox 2308 738 2570 794; x_wconf 82' lang='lat' dir='ltr'><strong>acerbitas</strong></span> <span class='ocrx_word' id='word_1_65' title='bbox 2605 737 2707 793; x_wconf 87' lang='lat' dir='ltr'><strong>Dei</strong></span> <span class='ocrx_word' id='word_1_66' title='bbox 2771 746 2985 808; x_wconf 82' lang='lat' dir='ltr'><strong>praeest.</strong></span> <span class='ocrx_word' id='word_1_67' title='bbox 3023 735 3285 791; x_wconf 85' lang='lat' dir='ltr'><strong>Evulsum</strong></span> <span class='ocrx_word' id='word_1_68' title='bbox 3337 735 3481 791; x_wconf 91' lang='lat' dir='ltr'><strong>enim</strong></span> <span class='ocrx_word' id='word_1_69' title='bbox 3530 735 3704 791; x_wconf 87' lang='lat' dir='ltr'><strong>homi-</strong></span> 
     </span>
    </p>
   </div>
   <div class='ocr_carea' id='block_1_10' title="bbox 428 823 3705 897">
    <p class='ocr_par' dir='ltr' id='par_1_10' title="bbox 428 823 3705 897">
     <span class='ocr_line' id='line_1_10' title="bbox 428 823 3705 897; baseline -0.002 -13"><span class='ocrx_word' id='word_1_70' title='bbox 428 832 494 884; x_wconf 90' lang='lat' dir='ltr'><strong>de</strong></span> <span class='ocrx_word' id='word_1_71' title='bbox 523 827 906 882; x_wconf 88' lang='lat' dir='ltr'><strong>momentaneis</strong></span> <span class='ocrx_word' id='word_1_72' title='bbox 932 836 1135 882; x_wconf 81' lang='lat' dir='ltr'><strong>aeterna</strong></span> <span class='ocrx_word' id='word_1_73' title='bbox 1157 826 1457 883; x_wconf 89' lang='lat' dir='ltr'><strong>medicante</strong></span> <span class='ocrx_word' id='word_1_74' title='bbox 1493 826 1541 864; x_wconf 69' lang='grc'><strong>2*</strong></span> <span class='ocrx_word' id='word_1_75' title='bbox 1570 828 1704 897; x_wconf 75' lang='grc'>(47).</span> <span class='ocrx_word' id='word_1_76' title='bbox 1727 823 2015 896; x_wconf 83' lang='lat' dir='ltr'><strong>Magniﬁca</strong></span> <span class='ocrx_word' id='word_1_77' title='bbox 2117 842 2241 882; x_wconf 89' lang='lat' dir='ltr'><strong>nem</strong></span> <span class='ocrx_word' id='word_1_78' title='bbox 2304 827 2373 882; x_wconf 91' lang='lat' dir='ltr'><strong>de</strong></span> <span class='ocrx_word' id='word_1_79' title='bbox 2417 825 2615 881; x_wconf 88' lang='lat' dir='ltr'><strong>diaboli</strong></span> <span class='ocrx_word' id='word_1_80' title='bbox 2659 824 2786 896; x_wconf 94' lang='lat' dir='ltr'><strong>gula</strong></span> <span class='ocrx_word' id='word_1_81' title='bbox 2828 824 2946 896; x_wconf 75' lang='grc'>(49)</span> <span class='ocrx_word' id='word_1_82' title='bbox 2993 840 3088 896; x_wconf 91' lang='lat' dir='ltr'><strong>per</strong></span> <span class='ocrx_word' id='word_1_83' title='bbox 3117 824 3302 895; x_wconf 84' lang='lat' dir='ltr'><strong>ﬁdem,</strong></span> <span class='ocrx_word' id='word_1_84' title='bbox 3325 823 3434 897; x_wconf 88' lang='lat' dir='ltr'><strong>jam</strong></span> <span class='ocrx_word' id='word_1_85' title='bbox 3451 832 3504 879; x_wconf 87' lang='lat' dir='ltr'><strong>et</strong></span> <span class='ocrx_word' id='word_1_86' title='bbox 3528 823 3705 880; x_wconf 90' lang='lat' dir='ltr'><strong>incul-</strong></span> 
     </span>
    </p>
   </div>
   <div class='ocr_carea' id='block_1_11' title="bbox 427 913 2012 981">
    <p class='ocr_par' dir='ltr' id='par_1_11' title="bbox 427 913 2012 981">
     <span class='ocr_line' id='line_1_11' title="bbox 427 913 2012 981; baseline -0.004 -11"><span class='ocrx_word' id='word_1_87' title='bbox 427 916 568 970; x_wconf 90' lang='lat' dir='ltr'><strong>bono</strong></span> <span class='ocrx_word' id='word_1_88' title='bbox 623 924 715 971; x_wconf 92' lang='lat' dir='ltr'><strong>tuo</strong></span> <span class='ocrx_word' id='word_1_89' title='bbox 770 916 941 970; x_wconf 90' lang='lat' dir='ltr'><strong>Deum</strong></span> <span class='ocrx_word' id='word_1_90' title='bbox 995 923 1218 970; x_wconf 77' lang='lat' dir='ltr'><strong>tetrum:</strong></span> <span class='ocrx_word' id='word_1_91' title='bbox 1271 914 1502 971; x_wconf 88' lang='lat' dir='ltr'><strong>incidisti</strong></span> <span class='ocrx_word' id='word_1_92' title='bbox 1555 915 1607 968; x_wconf 93' lang='lat' dir='ltr'><strong>in</strong></span> <span class='ocrx_word' id='word_1_93' title='bbox 1655 929 1845 969; x_wconf 90' lang='lat' dir='ltr'><strong>manus</strong></span> <span class='ocrx_word' id='word_1_94' title='bbox 1872 913 2012 981; x_wconf 86' lang='lat' dir='ltr'><strong>ejus,</strong></span> 
     </span>
    </p>
   </div>
   <div class='ocr_carea' id='block_1_12' title="bbox 427 1001 2018 1074">
    <p class='ocr_par' dir='ltr' id='par_1_12' title="bbox 427 1001 2018 1074">
     <span class='ocr_line' id='line_1_12' title="bbox 427 1001 2018 1074; baseline -0.002 -17"><span class='ocrx_word' id='word_1_95' title='bbox 427 1003 520 1058; x_wconf 92' lang='lat' dir='ltr'><strong>sed</strong></span> <span class='ocrx_word' id='word_1_96' title='bbox 577 1001 802 1060; x_wconf 88' lang='lat' dir='ltr'><strong>feliciter</strong></span> <span class='ocrx_word' id='word_1_97' title='bbox 863 1003 1121 1071; x_wconf 89' lang='lat' dir='ltr'><strong>incidisti;</strong></span> <span class='ocrx_word' id='word_1_98' title='bbox 1171 1003 1359 1059; x_wconf 89' lang='lat' dir='ltr'><strong>incidit</strong></span> <span class='ocrx_word' id='word_1_99' title='bbox 1395 1012 1448 1059; x_wconf 95' lang='lat' dir='ltr'><strong>et</strong></span> <span class='ocrx_word' id='word_1_100' title='bbox 1475 1002 1563 1059; x_wconf 90' lang='lat' dir='ltr'><strong>illc</strong></span> <span class='ocrx_word' id='word_1_101' title='bbox 1592 1002 1649 1057; x_wconf 91' lang='lat' dir='ltr'><strong>iu</strong></span> <span class='ocrx_word' id='word_1_102' title='bbox 1668 1002 2018 1074; x_wconf 74' lang='lat' dir='ltr'><strong>aegritudines</strong></span> 
     </span>
    </p>
   </div>
   <div class='ocr_carea' id='block_1_13' title="bbox 429 1090 2009 1166">
    <p class='ocr_par' dir='ltr' id='par_1_13' title="bbox 429 1090 2009 1166">
     <span class='ocr_line' id='line_1_13' title="bbox 429 1090 2009 1166; baseline -0.001 -18"><span class='ocrx_word' id='word_1_103' title='bbox 429 1101 567 1148; x_wconf 89' lang='lat' dir='ltr'><strong>tuas.</strong></span> <span class='ocrx_word' id='word_1_104' title='bbox 616 1093 787 1149; x_wconf 89' lang='lat' dir='ltr'><strong>Homo</strong></span> <span class='ocrx_word' id='word_1_105' title='bbox 815 1108 1027 1163; x_wconf 89' lang='lat' dir='ltr'><strong>semper</strong></span> <span class='ocrx_word' id='word_1_106' title='bbox 1071 1092 1277 1148; x_wconf 88' lang='lat' dir='ltr'><strong>medico</strong></span> <span class='ocrx_word' id='word_1_107' title='bbox 1321 1091 1467 1164; x_wconf 90' lang='lat' dir='ltr'><strong>prior</strong></span> <span class='ocrx_word' id='word_1_108' title='bbox 1520 1091 1796 1166; x_wconf 78' lang='lat' dir='ltr'><strong>negotium</strong></span> <span class='ocrx_word' id='word_1_109' title='bbox 1844 1090 2009 1146; x_wconf 86' lang='lat' dir='ltr'><strong>facit:</strong></span> 
     </span>
    </p>
   </div>
   <div class='ocr_carea' id='block_1_14' title="bbox 427 1181 2014 1255">
    <p class='ocr_par' dir='ltr' id='par_1_14' title="bbox 427 1181 2014 1255">
     <span class='ocr_line' id='line_1_14' title="bbox 427 1181 2014 1255; baseline -0.003 -16"><span class='ocrx_word' id='word_1_110' title='bbox 427 1182 660 1255; x_wconf 89' lang='lat' dir='ltr'><strong>denique</strong></span> <span class='ocrx_word' id='word_1_111' title='bbox 716 1182 817 1237; x_wconf 90' lang='lat' dir='ltr'><strong>sibi</strong></span> <span class='ocrx_word' id='word_1_112' title='bbox 872 1183 1098 1252; x_wconf 77' lang='lat' dir='ltr'><strong>metipse</strong></span> <span class='ocrx_word' id='word_1_113' title='bbox 1162 1183 1457 1253; x_wconf 80' lang='lat' dir='ltr'><strong>periculum</strong></span> <span class='ocrx_word' id='word_1_114' title='bbox 1522 1182 1711 1237; x_wconf 90' lang='lat' dir='ltr'><strong>mortis</strong></span> <span class='ocrx_word' id='word_1_115' title='bbox 1779 1181 2014 1236; x_wconf 77' lang='lat' dir='ltr'><strong>attraxit.</strong></span> 
     </span>
    </p>
   </div>
   <div class='ocr_carea' id='block_1_15' title="bbox 428 1268 2016 1342">
    <p class='ocr_par' dir='ltr' id='par_1_15' title="bbox 428 1268 2016 1342">
     <span class='ocr_line' id='line_1_15' title="bbox 428 1268 2016 1342; baseline -0.003 -16"><span class='ocrx_word' id='word_1_116' title='bbox 428 1272 721 1342; x_wconf 88' lang='lat' dir='ltr'><strong>Acceperat</strong></span> <span class='ocrx_word' id='word_1_117' title='bbox 760 1285 792 1326; x_wconf 91' lang='lat' dir='ltr'><strong>a</strong></span> <span class='ocrx_word' id='word_1_118' title='bbox 822 1271 1052 1325; x_wconf 90' lang='lat' dir='ltr'><strong>Domino</strong></span> <span class='ocrx_word' id='word_1_119' title='bbox 1081 1286 1199 1335; x_wconf 92' lang='lat' dir='ltr'><strong>suo,</strong></span> <span class='ocrx_word' id='word_1_120' title='bbox 1233 1279 1291 1325; x_wconf 90' lang='lat' dir='ltr'><strong>ut</strong></span> <span class='ocrx_word' id='word_1_121' title='bbox 1328 1286 1361 1325; x_wconf 93' lang='lat' dir='ltr'><strong>a</strong></span> <span class='ocrx_word' id='word_1_122' title='bbox 1401 1270 1630 1337; x_wconf 90' lang='lat' dir='ltr'><strong>medico,</strong></span> <span class='ocrx_word' id='word_1_123' title='bbox 1663 1269 1796 1325; x_wconf 87' lang='lat' dir='ltr'><strong>satis</strong></span> <span class='ocrx_word' id='word_1_124' title='bbox 1824 1268 2016 1325; x_wconf 89' lang='lat' dir='ltr'><strong>utilem</strong></span> 
     </span>
    </p>
   </div>
   <div class='ocr_carea' id='block_1_16' title="bbox 426 1356 2021 1431">
    <p class='ocr_par' dir='ltr' id='par_1_16' title="bbox 426 1356 2021 1431">
     <span class='ocr_line' id='line_1_16' title="bbox 426 1356 2021 1431; baseline -0.002 -17"><span class='ocrx_word' id='word_1_125' title='bbox 426 1358 760 1429; x_wconf 88' lang='lat' dir='ltr'><strong>disciplinam</strong></span> <span class='ocrx_word' id='word_1_126' title='bbox 818 1358 1110 1414; x_wconf 80' lang='lat' dir='ltr'><strong>secundum</strong></span> <span class='ocrx_word' id='word_1_127' title='bbox 1168 1358 1339 1431; x_wconf 88' lang='lat' dir='ltr'><strong>legem</strong></span> <span class='ocrx_word' id='word_1_128' title='bbox 1397 1357 1641 1425; x_wconf 83' lang='lat' dir='ltr'><strong>vivendi,</strong></span> <span class='ocrx_word' id='word_1_129' title='bbox 1707 1365 1764 1411; x_wconf 93' lang='lat' dir='ltr'><strong>ut</strong></span> <span class='ocrx_word' id='word_1_130' title='bbox 1841 1356 2021 1413; x_wconf 89' lang='lat' dir='ltr'><strong>omnia</strong></span> 
     </span>
    </p>
   </div>
   <div class='ocr_carea' id='block_1_17' title="bbox 428 1445 2015 1520">
    <p class='ocr_par' dir='ltr' id='par_1_17' title="bbox 428 1445 2015 1520">
     <span class='ocr_line' id='line_1_17' title="bbox 428 1445 2015 1520; baseline -0.001 -18"><span class='ocrx_word' id='word_1_131' title='bbox 428 1446 645 1520; x_wconf 83' lang='lat' dir='ltr'><strong>quidem</strong></span> <span class='ocrx_word' id='word_1_132' title='bbox 701 1446 900 1511; x_wconf 89' lang='lat' dir='ltr'><strong>ederet,</strong></span> <span class='ocrx_word' id='word_1_133' title='bbox 959 1446 1028 1499; x_wconf 91' lang='lat' dir='ltr'><strong>ab</strong></span> <span class='ocrx_word' id='word_1_134' title='bbox 1049 1461 1155 1500; x_wconf 90' lang='lat' dir='ltr'><strong>una</strong></span> <span class='ocrx_word' id='word_1_135' title='bbox 1201 1445 1541 1501; x_wconf 87' lang='lat' dir='ltr'><strong>solummodo</strong></span> <span class='ocrx_word' id='word_1_136' title='bbox 1563 1445 1846 1502; x_wconf 88' lang='lat' dir='ltr'><strong>arbuscula</strong></span> <span class='ocrx_word' id='word_1_137' title='bbox 1875 1455 2015 1503; x_wconf 84' lang='lat' dir='ltr'><strong>tem-</strong></span> 
     </span>
    </p>
   </div>
   <div class='ocr_carea' id='block_1_18' title="bbox 429 1532 2022 1605">
    <p class='ocr_par' dir='ltr' id='par_1_18' title="bbox 429 1532 2022 1605">
     <span class='ocr_line' id='line_1_18' title="bbox 429 1532 2022 1605; baseline 0 -16"><span class='ocrx_word' id='word_1_138' title='bbox 429 1545 668 1605; x_wconf 88' lang='lat' dir='ltr'><strong>peraret,</strong></span> <span class='ocrx_word' id='word_1_139' title='bbox 740 1532 907 1590; x_wconf 78' lang='lat' dir='ltr'><strong>I33</strong></span> <span class='ocrx_word' id='word_1_140' title='bbox 959 1550 1122 1604; x_wconf 90' lang='lat' dir='ltr'><strong>quam</strong></span> <span class='ocrx_word' id='word_1_141' title='bbox 1186 1533 1303 1605; x_wconf 88' lang='lat' dir='ltr'><strong>ipse</strong></span> <span class='ocrx_word' id='word_1_142' title='bbox 1367 1533 1605 1590; x_wconf 84' lang='lat' dir='ltr'><strong>medicus</strong></span> <span class='ocrx_word' id='word_1_143' title='bbox 1669 1534 2022 1603; x_wconf 85' lang='lat' dir='ltr'><strong>importunam</strong></span> 
     </span>
    </p>
   </div>
   <div class='ocr_carea' id='block_1_19' title="bbox 427 1620 2017 1694">
    <p class='ocr_par' dir='ltr' id='par_1_19' title="bbox 427 1620 2017 1694">
     <span class='ocr_line' id='line_1_19' title="bbox 427 1620 2017 1694; baseline -0.001 -17"><span class='ocrx_word' id='word_1_144' title='bbox 427 1621 646 1678; x_wconf 88' lang='lat' dir='ltr'><strong>interim</strong></span> <span class='ocrx_word' id='word_1_145' title='bbox 688 1632 911 1678; x_wconf 86' lang='lat' dir='ltr'><strong>noverat</strong></span> <span class='ocrx_word' id='word_1_146' title='bbox 951 1639 967 1675; x_wconf 89' lang='lat'><strong>:</strong></span> <span class='ocrx_word' id='word_1_147' title='bbox 1020 1622 1188 1677; x_wconf 89' lang='lat' dir='ltr'><strong>audiit</strong></span> <span class='ocrx_word' id='word_1_148' title='bbox 1217 1622 1303 1677; x_wconf 90' lang='lat' dir='ltr'><strong>ille</strong></span> <span class='ocrx_word' id='word_1_149' title='bbox 1334 1638 1495 1694; x_wconf 88' lang='lat' dir='ltr'><strong>quem</strong></span> <span class='ocrx_word' id='word_1_150' title='bbox 1523 1620 1729 1686; x_wconf 88' lang='lat' dir='ltr'><strong>maluit,</strong></span> <span class='ocrx_word' id='word_1_151' title='bbox 1760 1634 1815 1677; x_wconf 91' lang='lat' dir='ltr'><strong>et</strong></span> <span class='ocrx_word' id='word_1_152' title='bbox 1844 1621 2017 1676; x_wconf 86' lang='lat' dir='ltr'><strong>absti-</strong></span> 
     </span>
    </p>
   </div>
   <div class='ocr_carea' id='block_1_20' title="bbox 426 1708 2021 1779">
    <p class='ocr_par' dir='ltr' id='par_1_20' title="bbox 426 1708 2021 1779">
     <span class='ocr_line' id='line_1_20' title="bbox 426 1708 2021 1779; baseline -0.001 -15"><span class='ocrx_word' id='word_1_153' title='bbox 426 1710 667 1766; x_wconf 88' lang='lat' dir='ltr'><strong>nentiam</strong></span> <span class='ocrx_word' id='word_1_154' title='bbox 723 1710 883 1779; x_wconf 90' lang='lat' dir='ltr'><strong>rupit,</strong></span> <span class='ocrx_word' id='word_1_155' title='bbox 959 1710 1073 1765; x_wconf 88' lang='lat' dir='ltr'><strong>edit</strong></span> <span class='ocrx_word' id='word_1_156' title='bbox 1126 1709 1386 1774; x_wconf 89' lang='lat' dir='ltr'><strong>illicitum,</strong></span> <span class='ocrx_word' id='word_1_157' title='bbox 1454 1717 1510 1764; x_wconf 91' lang='lat' dir='ltr'><strong>et</strong></span> <span class='ocrx_word' id='word_1_158' title='bbox 1598 1708 2021 1779; x_wconf 78' lang='lat' dir='ltr'><strong>transgressione</strong></span> 
     </span>
    </p>
   </div>
   <div class='ocr_carea' id='block_1_21' title="bbox 428 1791 2022 1868">
    <p class='ocr_par' dir='ltr' id='par_1_21' title="bbox 428 1791 2022 1868">
     <span class='ocr_line' id='line_1_21' title="bbox 428 1791 2022 1868; baseline -0.001 -15"><span class='ocrx_word' id='word_1_159' title='bbox 428 1805 717 1867; x_wconf 82' lang='lat' dir='ltr'><strong>saturatus,</strong></span> <span class='ocrx_word' id='word_1_160' title='bbox 773 1798 826 1853; x_wconf 89' lang='lat' dir='ltr'><strong>in</strong></span> <span class='ocrx_word' id='word_1_161' title='bbox 870 1808 1098 1854; x_wconf 75' lang='lat' dir='ltr'><strong>moi-tem</strong></span> <span class='ocrx_word' id='word_1_162' title='bbox 1145 1798 1169 1836; x_wconf 86' lang='lat'><strong>3</strong></span> <span class='ocrx_word' id='word_1_163' title='bbox 1196 1797 1479 1854; x_wconf 88' lang='lat' dir='ltr'><strong>cruditavit</strong></span> <span class='ocrx_word' id='word_1_164' title='bbox 1516 1791 2022 1868; x_wconf 67' lang='lat' dir='ltr'><strong>(48),&#39;dignissimus</strong></span> 
     </span>
    </p>
   </div>
   <div class='ocr_carea' id='block_1_22' title="bbox 429 1884 2023 1957">
    <p class='ocr_par' dir='ltr' id='par_1_22' title="bbox 429 1884 2023 1957">
     <span class='ocr_line' id='line_1_22' title="bbox 429 1884 2023 1957; baseline -0.001 -17"><span class='ocrx_word' id='word_1_165' title='bbox 429 1887 573 1941; x_wconf 90' lang='lat' dir='ltr'><strong>bona</strong></span> <span class='ocrx_word' id='word_1_166' title='bbox 600 1885 704 1940; x_wconf 88' lang='lat' dir='ltr'><strong>ﬁde</strong></span> <span class='ocrx_word' id='word_1_167' title='bbox 735 1888 786 1940; x_wconf 87' lang='lat' dir='ltr'><strong>in</strong></span> <span class='ocrx_word' id='word_1_168' title='bbox 815 1895 985 1942; x_wconf 91' lang='lat' dir='ltr'><strong>totum</strong></span> <span class='ocrx_word' id='word_1_169' title='bbox 1016 1886 1190 1957; x_wconf 88' lang='lat' dir='ltr'><strong>perire</strong></span> <span class='ocrx_word' id='word_1_170' title='bbox 1215 1887 1258 1952; x_wconf 62' lang='grc'><strong>4,</strong></span> <span class='ocrx_word' id='word_1_171' title='bbox 1290 1885 1380 1956; x_wconf 89' lang='lat' dir='ltr'><strong>qui</strong></span> <span class='ocrx_word' id='word_1_172' title='bbox 1409 1884 1595 1943; x_wconf 91' lang='lat' dir='ltr'><strong>voluit.</strong></span> <span class='ocrx_word' id='word_1_173' title='bbox 1617 1884 1721 1941; x_wconf 88' lang='lat' dir='ltr'><strong>Sed</strong></span> <span class='ocrx_word' id='word_1_174' title='bbox 1754 1884 2023 1941; x_wconf 91' lang='lat' dir='ltr'><strong>Dominus</strong></span> 
     </span>
    </p>
   </div>
   <div class='ocr_carea' id='block_1_23' title="bbox 428 1973 2020 2043">
    <p class='ocr_par' dir='ltr' id='par_1_23' title="bbox 428 1973 2020 2043">
     <span class='ocr_line' id='line_1_23' title="bbox 428 1973 2020 2043; baseline -0.001 -15"><span class='ocrx_word' id='word_1_175' title='bbox 428 1982 727 2029; x_wconf 87' lang='lat' dir='ltr'><strong>sustentata</strong></span> <span class='ocrx_word' id='word_1_176' title='bbox 782 1975 991 2031; x_wconf 72' lang='lat' dir='ltr'><strong>fervura</strong></span> <span class='ocrx_word' id='word_1_177' title='bbox 1046 1976 1070 2013; x_wconf 80' lang='lat'><strong>5</strong></span> <span class='ocrx_word' id='word_1_178' title='bbox 1107 1975 1306 2040; x_wconf 88' lang='lat' dir='ltr'><strong>delicti,</strong></span> <span class='ocrx_word' id='word_1_179' title='bbox 1354 1974 1530 2029; x_wconf 92' lang='lat' dir='ltr'><strong>donec</strong></span> <span class='ocrx_word' id='word_1_180' title='bbox 1573 1981 1817 2043; x_wconf 88' lang='lat' dir='ltr'><strong>tempore</strong></span> <span class='ocrx_word' id='word_1_181' title='bbox 1846 1973 2020 2026; x_wconf 89' lang='lat' dir='ltr'><strong>medi-</strong></span> 
     </span>
    </p>
   </div>
   <div class='ocr_carea' id='block_1_24' title="bbox 428 2060 2017 2135">
    <p class='ocr_par' dir='ltr' id='par_1_24' title="bbox 428 2060 2017 2135">
     <span class='ocr_line' id='line_1_24' title="bbox 428 2060 2017 2135; baseline -0.002 -18"><span class='ocrx_word' id='word_1_182' title='bbox 428 2064 550 2117; x_wconf 88' lang='lat' dir='ltr'><strong>cina</strong></span> <span class='ocrx_word' id='word_1_183' title='bbox 590 2072 978 2133; x_wconf 88' lang='lat' dir='ltr'><strong>temperaretur</strong></span> <span class='ocrx_word' id='word_1_184' title='bbox 1006 2064 1050 2131; x_wconf 79' lang='grc' dir='ltr'><strong>δ,</strong></span> <span class='ocrx_word' id='word_1_185' title='bbox 1094 2063 1345 2135; x_wconf 89' lang='lat' dir='ltr'><strong>paulatim</strong></span> <span class='ocrx_word' id='word_1_186' title='bbox 1397 2061 1637 2117; x_wconf 86' lang='lat' dir='ltr'><strong>remedia</strong></span> <span class='ocrx_word' id='word_1_187' title='bbox 1686 2060 2017 2133; x_wconf 87' lang='lat' dir='ltr'><strong>composuit,</strong></span> 
     </span>
    </p>
   </div>
   <div class='ocr_carea' id='block_1_25' title="bbox 428 2150 2022 2225">
    <p class='ocr_par' dir='ltr' id='par_1_25' title="bbox 428 2150 2022 2225">
     <span class='ocr_line' id='line_1_25' title="bbox 428 2150 2022 2225; baseline -0.001 -18"><span class='ocrx_word' id='word_1_188' title='bbox 428 2167 619 2207; x_wconf 90' lang='lat' dir='ltr'><strong>omnes</strong></span> <span class='ocrx_word' id='word_1_189' title='bbox 644 2151 769 2207; x_wconf 61' lang='lat' dir='ltr'><strong>ﬁd&#39;i</strong></span> <span class='ocrx_word' id='word_1_190' title='bbox 800 2152 1132 2224; x_wconf 89' lang='lat' dir='ltr'><strong>disciplinas,</strong></span> <span class='ocrx_word' id='word_1_191' title='bbox 1163 2164 1216 2207; x_wconf 90' lang='lat' dir='ltr'><strong>et</strong></span> <span class='ocrx_word' id='word_1_192' title='bbox 1272 2152 1416 2225; x_wconf 88' lang='lat' dir='ltr'><strong>ipsas</strong></span> <span class='ocrx_word' id='word_1_193' title='bbox 1470 2151 1691 2206; x_wconf 80' lang='lat' dir='ltr'><strong>aemulas</strong></span> <span class='ocrx_word' id='word_1_194' title='bbox 1718 2150 1875 2215; x_wconf 90' lang='lat' dir='ltr'><strong>vitio,</strong></span> <span class='ocrx_word' id='word_1_195' title='bbox 1907 2166 2022 2207; x_wconf 92' lang='lat' dir='ltr'><strong>ver-</strong></span> 
     </span>
    </p>
   </div>
   <div class='ocr_carea' id='block_1_26' title="bbox 430 2237 2021 2308">
    <p class='ocr_par' dir='ltr' id='par_1_26' title="bbox 430 2237 2021 2308">
     <span class='ocr_line' id='line_1_26' title="bbox 430 2237 2021 2308; baseline 0 -14"><span class='ocrx_word' id='word_1_196' title='bbox 430 2240 555 2295; x_wconf 86' lang='lat' dir='ltr'><strong>bum</strong></span> <span class='ocrx_word' id='word_1_197' title='bbox 611 2242 801 2296; x_wconf 89' lang='lat' dir='ltr'><strong>mortis</strong></span> <span class='ocrx_word' id='word_1_198' title='bbox 868 2243 1031 2298; x_wconf 90' lang='lat' dir='ltr'><strong>verbo</strong></span> <span class='ocrx_word' id='word_1_199' title='bbox 1098 2241 1217 2297; x_wconf 73' lang='lat' dir='ltr'><strong>vitae</strong></span> <span class='ocrx_word' id='word_1_200' title='bbox 1301 2239 1686 2308; x_wconf 86' lang='lat' dir='ltr'><strong>rescindentes,</strong></span> <span class='ocrx_word' id='word_1_201' title='bbox 1778 2237 2021 2295; x_wconf 89' lang='lat' dir='ltr'><strong>auditum</strong></span> 
     </span>
    </p>
   </div>
   <div class='ocr_carea' id='block_1_27' title="bbox 431 2326 2021 2399">
    <p class='ocr_par' dir='ltr' id='par_1_27' title="bbox 431 2326 2021 2399">
     <span class='ocr_line' id='line_1_27' title="bbox 431 2326 2021 2399; baseline -0.002 -16"><span class='ocrx_word' id='word_1_202' title='bbox 431 2328 874 2399; x_wconf 81' lang='lat' dir='ltr'><strong>transgressionis</strong></span> <span class='ocrx_word' id='word_1_203' title='bbox 928 2329 1115 2385; x_wconf 88' lang='lat' dir='ltr'><strong>auditu</strong></span> <span class='ocrx_word' id='word_1_204' title='bbox 1173 2328 1473 2384; x_wconf 86' lang='lat' dir='ltr'><strong>devotionis</strong></span> <span class='ocrx_word' id='word_1_205' title='bbox 1526 2328 1786 2393; x_wconf 88' lang='lat' dir='ltr'><strong>limantes,</strong></span> <span class='ocrx_word' id='word_1_206' title='bbox 1844 2326 1922 2382; x_wconf 85' lang='lat' dir='ltr'><strong>ita</strong></span> <span class='ocrx_word' id='word_1_207' title='bbox 1968 2338 2021 2382; x_wconf 91' lang='lat' dir='ltr'><strong>et</strong></span> 
     </span>
    </p>
   </div>
   <div class='ocr_carea' id='block_1_28' title="bbox 430 2415 2021 2488">
    <p class='ocr_par' dir='ltr' id='par_1_28' title="bbox 430 2415 2021 2488">
     <span class='ocr_line' id='line_1_28' title="bbox 430 2415 2021 2488; baseline -0.001 -17"><span class='ocrx_word' id='word_1_208' title='bbox 430 2432 553 2471; x_wconf 90' lang='lat' dir='ltr'><strong>cum</strong></span> <span class='ocrx_word' id='word_1_209' title='bbox 607 2417 742 2472; x_wconf 88' lang='lat' dir='ltr'><strong>mori</strong></span> <span class='ocrx_word' id='word_1_210' title='bbox 770 2418 1010 2488; x_wconf 62' lang='lat' dir='ltr'><strong>praecipit</strong></span> <span class='ocrx_word' id='word_1_211' title='bbox 1074 2418 1315 2473; x_wconf 90' lang='lat' dir='ltr'><strong>medicus</strong></span> <span class='ocrx_word' id='word_1_212' title='bbox 1352 2416 1460 2483; x_wconf 90' lang='lat' dir='ltr'><strong>ille,</strong></span> <span class='ocrx_word' id='word_1_213' title='bbox 1495 2426 1770 2471; x_wconf 89' lang='lat' dir='ltr'><strong>veternum</strong></span> <span class='ocrx_word' id='word_1_214' title='bbox 1833 2415 2021 2470; x_wconf 88' lang='lat' dir='ltr'><strong>mortis</strong></span> 
     </span>
    </p>
   </div>
   <div class='ocr_carea' id='block_1_29' title="bbox 432 2504 2022 2579">
    <p class='ocr_par' dir='ltr' id='par_1_29' title="bbox 432 2504 2022 2579">
     <span class='ocr_line' id='line_1_29' title="bbox 432 2504 2022 2579; baseline -0.003 -18"><span class='ocrx_word' id='word_1_215' title='bbox 432 2504 686 2561; x_wconf 82' lang='lat' dir='ltr'><strong>excludit.</strong></span> <span class='ocrx_word' id='word_1_216' title='bbox 746 2504 887 2573; x_wconf 87' lang='lat' dir='ltr'><strong>Quid</strong></span> <span class='ocrx_word' id='word_1_217' title='bbox 923 2514 1175 2579; x_wconf 76' lang='lat' dir='ltr'><strong>gravatur</strong></span> <span class='ocrx_word' id='word_1_218' title='bbox 1222 2504 1330 2573; x_wconf 82' lang='lat' dir='ltr'><strong>pati</strong></span> <span class='ocrx_word' id='word_1_219' title='bbox 1369 2520 1512 2560; x_wconf 91' lang='lat' dir='ltr'><strong>nunc</strong></span> <span class='ocrx_word' id='word_1_220' title='bbox 1548 2505 1711 2558; x_wconf 91' lang='lat' dir='ltr'><strong>homo</strong></span> <span class='ocrx_word' id='word_1_221' title='bbox 1749 2519 1815 2558; x_wconf 83' lang='lat' dir='ltr'><strong>ex</strong></span> <span class='ocrx_word' id='word_1_222' title='bbox 1844 2518 2022 2558; x_wconf 90' lang='lat' dir='ltr'><strong>reme-</strong></span> 
     </span>
    </p>
   </div>
   <div class='ocr_carea' id='block_1_30' title="bbox 432 2590 2023 2667">
    <p class='ocr_par' dir='ltr' id='par_1_30' title="bbox 432 2590 2023 2667">
     <span class='ocr_line' id='line_1_30' title="bbox 432 2590 2023 2667; baseline -0.002 -20"><span class='ocrx_word' id='word_1_223' title='bbox 432 2592 546 2662; x_wconf 90' lang='lat' dir='ltr'><strong>dio,</strong></span> <span class='ocrx_word' id='word_1_224' title='bbox 604 2593 751 2665; x_wconf 90' lang='lat' dir='ltr'><strong>quod</strong></span> <span class='ocrx_word' id='word_1_225' title='bbox 796 2608 907 2647; x_wconf 90' lang='lat' dir='ltr'><strong>non</strong></span> <span class='ocrx_word' id='word_1_226' title='bbox 958 2603 1038 2648; x_wconf 92' lang='lat' dir='ltr'><strong>est</strong></span> <span class='ocrx_word' id='word_1_227' title='bbox 1088 2604 1212 2649; x_wconf 90' lang='lat' dir='ltr'><strong>tunc</strong></span> <span class='ocrx_word' id='word_1_228' title='bbox 1263 2601 1518 2667; x_wconf 82' lang='lat' dir='ltr'><strong>gravatus</strong></span> <span class='ocrx_word' id='word_1_229' title='bbox 1574 2592 1684 2665; x_wconf 89' lang='lat' dir='ltr'><strong>pati</strong></span> <span class='ocrx_word' id='word_1_230' title='bbox 1729 2607 1795 2648; x_wconf 86' lang='lat' dir='ltr'><strong>ex</strong></span> <span class='ocrx_word' id='word_1_231' title='bbox 1846 2590 2023 2649; x_wconf 85' lang='lat' dir='ltr'><strong>vitio?</strong></span> 
     </span>
    </p>
   </div>
   <div class='ocr_carea' id='block_1_31' title="bbox 431 2677 2025 2751">
    <p class='ocr_par' dir='ltr' id='par_1_31' title="bbox 431 2677 2025 2751">
     <span class='ocr_line' id='line_1_31' title="bbox 431 2677 2025 2751; baseline -0.002 -15"><span class='ocrx_word' id='word_1_232' title='bbox 431 2680 679 2751; x_wconf 85' lang='lat' dir='ltr'><strong>displicet</strong></span> <span class='ocrx_word' id='word_1_233' title='bbox 730 2681 901 2737; x_wconf 89' lang='lat' dir='ltr'><strong>occidi</strong></span> <span class='ocrx_word' id='word_1_234' title='bbox 969 2682 1023 2737; x_wconf 92' lang='lat' dir='ltr'><strong>in</strong></span> <span class='ocrx_word' id='word_1_235' title='bbox 1081 2682 1311 2737; x_wconf 82' lang='lat' dir='ltr'><strong>salutem</strong></span> <span class='ocrx_word' id='word_1_236' title='bbox 1344 2725 1360 2750; x_wconf 94' lang='lat'><strong>,</strong></span> <span class='ocrx_word' id='word_1_237' title='bbox 1428 2681 1513 2737; x_wconf 91' lang='lat' dir='ltr'><strong>cui</strong></span> <span class='ocrx_word' id='word_1_238' title='bbox 1570 2697 1680 2737; x_wconf 91' lang='lat' dir='ltr'><strong>non</strong></span> <span class='ocrx_word' id='word_1_239' title='bbox 1756 2677 2025 2749; x_wconf 90' lang='lat' dir='ltr'><strong>displicuit</strong></span> 
     </span>
    </p>
   </div>
   <div class='ocr_carea' id='block_1_32' title="bbox 431 2777 2021 2851">
    <p class='ocr_par' dir='ltr' id='par_1_32' title="bbox 431 2777 2021 2851">
     <span class='ocr_line' id='line_1_32' title="bbox 431 2777 2021 2851; baseline -0.003 -16"><span class='ocrx_word' id='word_1_240' title='bbox 431 2779 607 2835; x_wconf 90' lang='lat' dir='ltr'><strong>occidi</strong></span> <span class='ocrx_word' id='word_1_241' title='bbox 653 2781 708 2836; x_wconf 92' lang='lat' dir='ltr'><strong>in</strong></span> <span class='ocrx_word' id='word_1_242' title='bbox 766 2780 1118 2851; x_wconf 90' lang='lat' dir='ltr'><strong>perditionem</strong></span> <span class='ocrx_word' id='word_1_243' title='bbox 1147 2781 1175 2835; x_wconf 60' lang='grc' dir='ltr'><em>ἢ</em></span> <span class='ocrx_word' id='word_1_244' title='bbox 1221 2779 1510 2843; x_wconf 81' lang='lat' dir='ltr'><strong>nauseabit</strong></span> <span class='ocrx_word' id='word_1_245' title='bbox 1562 2779 1627 2834; x_wconf 92' lang='lat' dir='ltr'><strong>ad</strong></span> <span class='ocrx_word' id='word_1_246' title='bbox 1696 2777 2021 2845; x_wconf 87' lang='lat' dir='ltr'><strong>antidOtum,</strong></span> 
     </span>
    </p>
   </div>
   <div class='ocr_carea' id='block_1_33' title="bbox 431 2868 1168 2941">
    <p class='ocr_par' dir='ltr' id='par_1_33' title="bbox 431 2868 1168 2941">
     <span class='ocr_line' id='line_1_33' title="bbox 431 2868 1168 2941; baseline 0.001 -17"><span class='ocrx_word' id='word_1_247' title='bbox 431 2869 523 2941; x_wconf 91' lang='lat' dir='ltr'><strong>qui</strong></span> <span class='ocrx_word' id='word_1_248' title='bbox 549 2868 714 2924; x_wconf 79' lang='lat' dir='ltr'><strong>hiavit</strong></span> <span class='ocrx_word' id='word_1_249' title='bbox 744 2869 810 2923; x_wconf 89' lang='lat' dir='ltr'><strong>ad</strong></span> <span class='ocrx_word' id='word_1_250' title='bbox 838 2886 1109 2926; x_wconf 85' lang='lat' dir='ltr'><strong>venenum</strong></span> <span class='ocrx_word' id='word_1_251' title='bbox 1140 2872 1168 2925; x_wconf 80' lang='lat'><strong>?</strong></span> 
     </span>
    </p>
   </div>
   <div class='ocr_carea' id='block_1_34' title="bbox 1045 2959 1416 3015">
    <p class='ocr_par' dir='ltr' id='par_1_34' title="bbox 1045 2959 1416 3015">
     <span class='ocr_line' id='line_1_34' title="bbox 1045 2959 1416 3015; baseline -0.003 -1"><span class='ocrx_word' id='word_1_252' title='bbox 1045 2959 1270 3015; x_wconf 84' lang='lat' dir='ltr'><strong>CAPUT</strong></span> <span class='ocrx_word' id='word_1_253' title='bbox 1328 2959 1416 3014; x_wconf 84' lang='lat' dir='ltr'><strong>VI.</strong></span> 
     </span>
    </p>
   </div>
   <div class='ocr_carea' id='block_1_35' title="bbox 2119 912 3709 985">
    <p class='ocr_par' dir='ltr' id='par_1_35' title="bbox 2119 912 3709 985">
     <span class='ocr_line' id='line_1_35' title="bbox 2119 912 3709 985; baseline -0.003 -13"><span class='ocrx_word' id='word_1_254' title='bbox 2119 924 2350 972; x_wconf 90' lang='lat' dir='ltr'><strong>catorem</strong></span> <span class='ocrx_word' id='word_1_255' title='bbox 2380 916 2500 985; x_wconf 82' lang='lat' dir='ltr'><strong>ejus</strong></span> <span class='ocrx_word' id='word_1_256' title='bbox 2539 915 2708 970; x_wconf 92' lang='lat' dir='ltr'><strong>voluit</strong></span> <span class='ocrx_word' id='word_1_257' title='bbox 2752 912 2963 971; x_wconf 90' lang='lat' dir='ltr'><strong>efﬁcere</strong></span> <span class='ocrx_word' id='word_1_258' title='bbox 3009 928 3106 984; x_wconf 91' lang='lat' dir='ltr'><strong>per</strong></span> <span class='ocrx_word' id='word_1_259' title='bbox 3158 913 3440 978; x_wconf 84' lang='lat' dir='ltr'><strong>virtutem;</strong></span> <span class='ocrx_word' id='word_1_260' title='bbox 3497 930 3565 968; x_wconf 91' lang='lat' dir='ltr'><strong>ne</strong></span> <span class='ocrx_word' id='word_1_261' title='bbox 3609 928 3709 968; x_wconf 87' lang='lat' dir='ltr'><strong>so—</strong></span> 
     </span>
    </p>
   </div>
   <div class='ocr_carea' id='block_1_36' title="bbox 2120 1001 3713 1071">
    <p class='ocr_par' dir='ltr' id='par_1_36' title="bbox 2120 1001 3713 1071">
     <span class='ocr_line' id='line_1_36' title="bbox 2120 1001 3713 1071; baseline -0.004 -12"><span class='ocrx_word' id='word_1_262' title='bbox 2120 1003 2397 1068; x_wconf 81' lang='lat' dir='ltr'><strong>lummodo</strong></span> <span class='ocrx_word' id='word_1_263' title='bbox 2445 1003 2724 1071; x_wconf 79' lang='lat' dir='ltr'><strong>evasisset,</strong></span> <span class='ocrx_word' id='word_1_264' title='bbox 2764 1018 2950 1058; x_wconf 86' lang='lat' dir='ltr'><strong>verum</strong></span> <span class='ocrx_word' id='word_1_265' title='bbox 2998 1003 3160 1059; x_wconf 87' lang='lat' dir='ltr'><strong>etiam</strong></span> <span class='ocrx_word' id='word_1_266' title='bbox 3196 1002 3446 1061; x_wconf 87' lang='lat' dir='ltr'><strong>evicisset</strong></span> <span class='ocrx_word' id='word_1_267' title='bbox 3472 1002 3497 1041; x_wconf 86' lang='lat'><strong><em>9</em></strong></span> <span class='ocrx_word' id='word_1_268' title='bbox 3534 1001 3713 1058; x_wconf 83' lang='lat' dir='ltr'><strong>inimi-</strong></span> 
     </span>
    </p>
   </div>
   <div class='ocr_carea' id='block_1_37' title="bbox 2123 1090 3712 1164">
    <p class='ocr_par' dir='ltr' id='par_1_37' title="bbox 2123 1090 3712 1164">
     <span class='ocr_line' id='line_1_37' title="bbox 2123 1090 3712 1164; baseline -0.002 -15"><span class='ocrx_word' id='word_1_269' title='bbox 2123 1108 2269 1149; x_wconf 91' lang='lat' dir='ltr'><strong>cum.</strong></span> <span class='ocrx_word' id='word_1_270' title='bbox 2302 1092 2537 1161; x_wconf 85' lang='lat' dir='ltr'><strong>Amavit,</strong></span> <span class='ocrx_word' id='word_1_271' title='bbox 2568 1093 2662 1164; x_wconf 91' lang='lat' dir='ltr'><strong>qui</strong></span> <span class='ocrx_word' id='word_1_272' title='bbox 2713 1093 2759 1130; x_wconf 81' lang='grc' dir='ltr'><strong>ιο</strong></span> <span class='ocrx_word' id='word_1_273' title='bbox 2804 1102 3085 1149; x_wconf 85' lang='lat' dir='ltr'><strong>vocaverat</strong></span> <span class='ocrx_word' id='word_1_274' title='bbox 3128 1091 3183 1146; x_wconf 93' lang='lat' dir='ltr'><strong>in</strong></span> <span class='ocrx_word' id='word_1_275' title='bbox 3202 1092 3453 1156; x_wconf 88' lang='lat' dir='ltr'><strong>salutem,</strong></span> <span class='ocrx_word' id='word_1_276' title='bbox 3484 1090 3712 1146; x_wconf 80' lang='lat' dir='ltr'><strong>invitare</strong></span> 
     </span>
    </p>
   </div>
   <div class='ocr_carea' id='block_1_38' title="bbox 2124 1177 3718 1252">
    <p class='ocr_par' dir='ltr' id='par_1_38' title="bbox 2124 1177 3718 1252">
     <span class='ocr_line' id='line_1_38' title="bbox 2124 1177 3718 1252; baseline -0.001 -16"><span class='ocrx_word' id='word_1_277' title='bbox 2124 1191 2179 1236; x_wconf 91' lang='lat' dir='ltr'><strong>et</strong></span> <span class='ocrx_word' id='word_1_278' title='bbox 2203 1179 2271 1233; x_wconf 90' lang='lat' dir='ltr'><strong>ad</strong></span> <span class='ocrx_word' id='word_1_279' title='bbox 2312 1180 2572 1252; x_wconf 87' lang='lat' dir='ltr'><strong>gloriam;</strong></span> <span class='ocrx_word' id='word_1_280' title='bbox 2609 1186 2666 1235; x_wconf 90' lang='lat' dir='ltr'><strong>ut</strong></span> <span class='ocrx_word' id='word_1_281' title='bbox 2693 1180 3030 1250; x_wconf 81' lang='lat' dir='ltr'><strong>gaudeamus</strong></span> <span class='ocrx_word' id='word_1_282' title='bbox 3060 1180 3102 1218; x_wconf 77' lang='grc' dir='ltr'><strong>ιι</strong></span> <span class='ocrx_word' id='word_1_283' title='bbox 3130 1177 3358 1245; x_wconf 89' lang='lat' dir='ltr'><strong>liberati,</strong></span> <span class='ocrx_word' id='word_1_284' title='bbox 3391 1179 3718 1235; x_wconf 86' lang='lat' dir='ltr'><strong>exsultemus</strong></span> 
     </span>
    </p>
   </div>
   <div class='ocr_carea' id='block_1_39' title="bbox 2124 1267 3715 1340">
    <p class='ocr_par' dir='ltr' id='par_1_39' title="bbox 2124 1267 3715 1340">
     <span class='ocr_line' id='line_1_39' title="bbox 2124 1267 3715 1340; baseline -0.001 -15"><span class='ocrx_word' id='word_1_285' title='bbox 2124 1268 2284 1325; x_wconf 87' lang='lat' dir='ltr'><strong>etiam</strong></span> <span class='ocrx_word' id='word_1_286' title='bbox 2328 1269 2587 1324; x_wconf 90' lang='lat' dir='ltr'><strong>coronati.</strong></span> <span class='ocrx_word' id='word_1_287' title='bbox 2634 1267 2854 1340; x_wconf 84' lang='lat' dir='ltr'><strong>Agonas</strong></span> <span class='ocrx_word' id='word_1_288' title='bbox 2895 1268 3046 1334; x_wconf 91' lang='lat' dir='ltr'><strong>istos,</strong></span> <span class='ocrx_word' id='word_1_289' title='bbox 3077 1268 3411 1326; x_wconf 89' lang='lat' dir='ltr'><strong>contentiosa</strong></span> <span class='ocrx_word' id='word_1_290' title='bbox 3452 1267 3715 1325; x_wconf 89' lang='lat' dir='ltr'><strong>solemnia</strong></span> 
     </span>
    </p>
   </div>
   <div class='ocr_carea' id='block_1_40' title="bbox 2125 1356 3713 1429">
    <p class='ocr_par' dir='ltr' id='par_1_40' title="bbox 2125 1356 3713 1429">
     <span class='ocr_line' id='line_1_40' title="bbox 2125 1356 3713 1429; baseline -0.003 -15"><span class='ocrx_word' id='word_1_291' title='bbox 2125 1366 2180 1414; x_wconf 92' lang='lat' dir='ltr'><strong>et</strong></span> <span class='ocrx_word' id='word_1_292' title='bbox 2198 1357 2574 1429; x_wconf 85' lang='lat' dir='ltr'><strong>superstitiosa</strong></span> <span class='ocrx_word' id='word_1_293' title='bbox 2618 1359 2911 1415; x_wconf 88' lang='lat' dir='ltr'><strong>certamina</strong></span> <span class='ocrx_word' id='word_1_294' title='bbox 2958 1357 3271 1414; x_wconf 68' lang='lat' dir='ltr'><strong>Graecarum</strong></span> <span class='ocrx_word' id='word_1_295' title='bbox 3290 1366 3344 1413; x_wconf 91' lang='lat' dir='ltr'><strong>et</strong></span> <span class='ocrx_word' id='word_1_296' title='bbox 3389 1356 3713 1427; x_wconf 84' lang='lat' dir='ltr'><strong>religionum</strong></span> 
     </span>
    </p>
   </div>
   <div class='ocr_carea' id='block_1_41' title="bbox 2129 1444 3710 1518">
    <p class='ocr_par' dir='ltr' id='par_1_41' title="bbox 2129 1444 3710 1518">
     <span class='ocr_line' id='line_1_41' title="bbox 2129 1444 3710 1518; baseline -0.003 -14"><span class='ocrx_word' id='word_1_297' title='bbox 2129 1456 2184 1504; x_wconf 89' lang='lat' dir='ltr'><strong>et</strong></span> <span class='ocrx_word' id='word_1_298' title='bbox 2229 1449 2577 1517; x_wconf 74' lang='lat' dir='ltr'><strong>voluptatum,</strong></span> <span class='ocrx_word' id='word_1_299' title='bbox 2626 1453 2828 1518; x_wconf 88' lang='lat' dir='ltr'><strong>quanta</strong></span> <span class='ocrx_word' id='word_1_300' title='bbox 2888 1446 3064 1518; x_wconf 88' lang='lat' dir='ltr'><strong>gratia</strong></span> <span class='ocrx_word' id='word_1_301' title='bbox 3122 1447 3380 1503; x_wconf 70' lang='lat' dir='ltr'><strong>saeculum</strong></span> <span class='ocrx_word' id='word_1_302' title='bbox 3454 1444 3710 1510; x_wconf 87' lang='lat' dir='ltr'><strong>celebret,</strong></span> 
     </span>
    </p>
   </div>
   <div class='ocr_carea' id='block_1_42' title="bbox 2128 1532 3717 1607">
    <p class='ocr_par' dir='ltr' id='par_1_42' title="bbox 2128 1532 3717 1607">
     <span class='ocr_line' id='line_1_42' title="bbox 2128 1532 3717 1607; baseline 0 -18"><span class='ocrx_word' id='word_1_303' title='bbox 2128 1534 2286 1590; x_wconf 90' lang='lat' dir='ltr'><strong>etiam</strong></span> <span class='ocrx_word' id='word_1_304' title='bbox 2335 1533 2529 1590; x_wconf 61' lang='lat' dir='ltr'><strong>Africae</strong></span> <span class='ocrx_word' id='word_1_305' title='bbox 2574 1533 2723 1607; x_wconf 89' lang='lat' dir='ltr'><strong>liquit</strong></span> <span class='ocrx_word' id='word_1_306' title='bbox 2770 1534 2907 1604; x_wconf 86' lang='grc'>(50).</span> <span class='ocrx_word' id='word_1_307' title='bbox 2966 1536 3158 1590; x_wconf 86' lang='lat' dir='ltr'><strong>Adhuc</strong></span> <span class='ocrx_word' id='word_1_308' title='bbox 3223 1532 3598 1607; x_wconf 83' lang='lat' dir='ltr'><strong>Carthaginem</strong></span> <span class='ocrx_word' id='word_1_309' title='bbox 3669 1534 3717 1572; x_wconf 74' lang='lat'><strong>1&#39;</strong></span> 
     </span>
    </p>
   </div>
   <div class='ocr_carea' id='block_1_43' title="bbox 2129 1622 3779 1697">
    <p class='ocr_par' dir='ltr' id='par_1_43' title="bbox 2129 1622 3779 1697">
     <span class='ocr_line' id='line_1_43' title="bbox 2129 1622 3779 1697; baseline -0.001 -17"><span class='ocrx_word' id='word_1_310' title='bbox 2129 1622 2357 1697; x_wconf 67' lang='lat' dir='ltr'><strong>singulae</strong></span> <span class='ocrx_word' id='word_1_311' title='bbox 2413 1624 2663 1680; x_wconf 87' lang='lat' dir='ltr'><strong>civitates</strong></span> <span class='ocrx_word' id='word_1_312' title='bbox 2717 1624 3037 1694; x_wconf 84' lang='lat' dir='ltr'><strong>gratulando</strong></span> <span class='ocrx_word' id='word_1_313' title='bbox 3096 1623 3416 1695; x_wconf 83' lang='lat' dir='ltr'><strong>inquietant,</strong></span> <span class='ocrx_word' id='word_1_314' title='bbox 3466 1623 3717 1678; x_wconf 82' lang='lat' dir='ltr'><strong>donatam</strong></span> <span class='ocrx_word' id='word_1_315' title='bbox 3776 1638 3779 1639; x_wconf 69' lang='lat'><strong><em>&#39;</em></strong></span> 
     </span>
    </p>
   </div>
   <div class='ocr_carea' id='block_1_44' title="bbox 2125 1711 3718 1783">
    <p class='ocr_par' dir='ltr' id='par_1_44' title="bbox 2125 1711 3718 1783">
     <span class='ocr_line' id='line_1_44' title="bbox 2125 1711 3718 1783; baseline -0.001 -17"><span class='ocrx_word' id='word_1_316' title='bbox 2125 1712 2345 1781; x_wconf 88' lang='lat' dir='ltr'><strong>Pythico</strong></span> <span class='ocrx_word' id='word_1_317' title='bbox 2401 1727 2575 1783; x_wconf 86' lang='lat' dir='ltr'><strong>agone</strong></span> <span class='ocrx_word' id='word_1_318' title='bbox 2623 1719 2744 1782; x_wconf 92' lang='lat' dir='ltr'><strong>post</strong></span> <span class='ocrx_word' id='word_1_319' title='bbox 2782 1711 2933 1768; x_wconf 85' lang='lat' dir='ltr'><strong>stadii</strong></span> <span class='ocrx_word' id='word_1_320' title='bbox 2984 1719 3323 1768; x_wconf 89' lang='lat' dir='ltr'><strong>senectutem.</strong></span> <span class='ocrx_word' id='word_1_321' title='bbox 3391 1712 3469 1766; x_wconf 90' lang='lat' dir='ltr'><strong>Ita</strong></span> <span class='ocrx_word' id='word_1_322' title='bbox 3493 1711 3561 1765; x_wconf 90' lang='lat' dir='ltr'><strong>ab</strong></span> <span class='ocrx_word' id='word_1_323' title='bbox 3601 1724 3718 1765; x_wconf 62' lang='grc' dir='ltr'><strong>αξνο</strong></span> 
     </span>
    </p>
   </div>
   <div class='ocr_carea' id='block_1_45' title="bbox 2127 1799 3730 1872">
    <p class='ocr_par' dir='ltr' id='par_1_45' title="bbox 2127 1799 3730 1872">
     <span class='ocr_line' id='line_1_45' title="bbox 2127 1799 3730 1872; baseline -0.001 -18"><span class='ocrx_word' id='word_1_324' title='bbox 2127 1799 2508 1872; x_wconf 84' lang='lat' dir='ltr'><strong>dignissimum</strong></span> <span class='ocrx_word' id='word_1_325' title='bbox 2552 1799 2815 1855; x_wconf 90' lang='lat' dir='ltr'><strong>creditum</strong></span> <span class='ocrx_word' id='word_1_326' title='bbox 2859 1806 2942 1855; x_wconf 90' lang='lat' dir='ltr'><strong>est</strong></span> <span class='ocrx_word' id='word_1_327' title='bbox 2969 1799 3264 1855; x_wconf 90' lang='lat' dir='ltr'><strong>stadiorum</strong></span> <span class='ocrx_word' id='word_1_328' title='bbox 3315 1799 3363 1837; x_wconf 86' lang='grc'><strong>¹³</strong></span> <span class='ocrx_word' id='word_1_329' title='bbox 3399 1799 3730 1870; x_wconf 85' lang='lat' dir='ltr'><strong>experimen-</strong></span> 
     </span>
    </p>
   </div>
   <div class='ocr_carea' id='block_1_46' title="bbox 2128 1889 3718 1959">
    <p class='ocr_par' dir='ltr' id='par_1_46' title="bbox 2128 1889 3718 1959">
     <span class='ocr_line' id='line_1_46' title="bbox 2128 1889 3718 1959; baseline -0.001 -16"><span class='ocrx_word' id='word_1_330' title='bbox 2128 1896 2261 1952; x_wconf 90' lang='lat' dir='ltr'><strong>tum,</strong></span> <span class='ocrx_word' id='word_1_331' title='bbox 2307 1889 2643 1943; x_wconf 90' lang='lat' dir='ltr'><strong>committere</strong></span> <span class='ocrx_word' id='word_1_332' title='bbox 2699 1896 2863 1956; x_wconf 90' lang='lat' dir='ltr'><strong>artes,</strong></span> <span class='ocrx_word' id='word_1_333' title='bbox 2911 1902 3199 1959; x_wconf 89' lang='lat' dir='ltr'><strong>corporum</strong></span> <span class='ocrx_word' id='word_1_334' title='bbox 3246 1894 3301 1943; x_wconf 90' lang='lat' dir='ltr'><strong>et</strong></span> <span class='ocrx_word' id='word_1_335' title='bbox 3348 1902 3540 1942; x_wconf 91' lang='lat' dir='ltr'><strong>vocum</strong></span> <span class='ocrx_word' id='word_1_336' title='bbox 3577 1903 3718 1957; x_wconf 67' lang='lat' dir='ltr'><strong>prae-</strong></span> 
     </span>
    </p>
   </div>
   <div class='ocr_carea' id='block_1_47' title="bbox 2129 1975 3720 2047">
    <p class='ocr_par' dir='ltr' id='par_1_47' title="bbox 2129 1975 3720 2047">
     <span class='ocr_line' id='line_1_47' title="bbox 2129 1975 3720 2047; baseline -0.003 -14"><span class='ocrx_word' id='word_1_337' title='bbox 2129 1975 2554 2034; x_wconf 70' lang='lat' dir='ltr'><strong>stantiaml34</strong></span> <span class='ocrx_word' id='word_1_338' title='bbox 2579 1977 2879 2047; x_wconf 85' lang='lat' dir='ltr'><strong>exprimere</strong></span> <span class='ocrx_word' id='word_1_339' title='bbox 2930 1978 2999 2040; x_wconf 65' lang='grc'><strong>⁸4,</strong></span> <span class='ocrx_word' id='word_1_340' title='bbox 3026 1976 3247 2047; x_wconf 63' lang='lat' dir='ltr'><strong>prmmio</strong></span> <span class='ocrx_word' id='word_1_341' title='bbox 3269 1976 3465 2041; x_wconf 88' lang='lat' dir='ltr'><strong>indice,</strong></span> <span class='ocrx_word' id='word_1_342' title='bbox 3497 1983 3720 2047; x_wconf 74' lang='lat' dir='ltr'><strong>specta-</strong></span> 
     </span>
    </p>
   </div>
   <div class='ocr_carea' id='block_1_48' title="bbox 2125 2062 3726 2135">
    <p class='ocr_par' dir='ltr' id='par_1_48' title="bbox 2125 2062 3726 2135">
     <span class='ocr_line' id='line_1_48' title="bbox 2125 2062 3726 2135; baseline -0.004 -12"><span class='ocrx_word' id='word_1_343' title='bbox 2125 2066 2247 2123; x_wconf 89' lang='lat' dir='ltr'><strong>culo</strong></span> <span class='ocrx_word' id='word_1_344' title='bbox 2298 2064 2503 2134; x_wconf 85' lang='lat' dir='ltr'><strong>judice,</strong></span> <span class='ocrx_word' id='word_1_345' title='bbox 2558 2065 2815 2119; x_wconf 88' lang='lat' dir='ltr'><strong>sententia</strong></span> <span class='ocrx_word' id='word_1_346' title='bbox 2873 2065 3199 2133; x_wconf 88' lang='lat' dir='ltr'><strong>voluptate:</strong></span> <span class='ocrx_word' id='word_1_347' title='bbox 3261 2078 3365 2135; x_wconf 91' lang='lat' dir='ltr'><strong>qua</strong></span> <span class='ocrx_word' id='word_1_348' title='bbox 3405 2062 3552 2118; x_wconf 89' lang='lat' dir='ltr'><strong>nulla</strong></span> <span class='ocrx_word' id='word_1_349' title='bbox 3596 2071 3726 2117; x_wconf 89' lang='lat' dir='ltr'><strong>sunt</strong></span> 
     </span>
    </p>
   </div>
   <div class='ocr_carea' id='block_1_49' title="bbox 2126 2151 3718 2225">
    <p class='ocr_par' dir='ltr' id='par_1_49' title="bbox 2126 2151 3718 2225">
     <span class='ocr_line' id='line_1_49' title="bbox 2126 2151 3718 2225; baseline -0.003 -15"><span class='ocrx_word' id='word_1_350' title='bbox 2126 2154 2311 2225; x_wconf 76' lang='lat' dir='ltr'><strong>praelia</strong></span> <span class='ocrx_word' id='word_1_351' title='bbox 2339 2152 2475 2223; x_wconf 81' lang='grc'>(51),</span> <span class='ocrx_word' id='word_1_352' title='bbox 2506 2168 2613 2208; x_wconf 89' lang='lat' dir='ltr'><strong>non</strong></span> <span class='ocrx_word' id='word_1_353' title='bbox 2657 2153 2817 2207; x_wconf 81' lang='lat' dir='ltr'><strong>multa</strong></span> <span class='ocrx_word' id='word_1_354' title='bbox 2869 2153 2915 2190; x_wconf 78' lang='lat'><strong>15</strong></span> <span class='ocrx_word' id='word_1_355' title='bbox 2943 2153 3165 2209; x_wconf 88' lang='lat' dir='ltr'><strong>vulnera</strong></span> <span class='ocrx_word' id='word_1_356' title='bbox 3193 2151 3329 2223; x_wconf 79' lang='grc'>(52),</span> <span class='ocrx_word' id='word_1_357' title='bbox 3364 2151 3532 2224; x_wconf 86' lang='lat' dir='ltr'><strong>pugni</strong></span> <span class='ocrx_word' id='word_1_358' title='bbox 3558 2167 3718 2222; x_wconf 77' lang='lat' dir='ltr'><strong>quas-</strong></span> 
     </span>
    </p>
   </div>
   <div class='ocr_carea' id='block_1_50' title="bbox 2128 2240 3728 2312">
    <p class='ocr_par' dir='ltr' id='par_1_50' title="bbox 2128 2240 3728 2312">
     <span class='ocr_line' id='line_1_50' title="bbox 2128 2240 3728 2312; baseline -0.003 -14"><span class='ocrx_word' id='word_1_359' title='bbox 2128 2252 2272 2308; x_wconf 90' lang='lat' dir='ltr'><strong>sant,</strong></span> <span class='ocrx_word' id='word_1_360' title='bbox 2311 2243 2487 2298; x_wconf 80' lang='lat' dir='ltr'><strong>calces</strong></span> <span class='ocrx_word' id='word_1_361' title='bbox 2541 2242 2772 2297; x_wconf 84' lang='lat' dir='ltr'><strong>arietant</strong></span> <span class='ocrx_word' id='word_1_362' title='bbox 2831 2241 2965 2312; x_wconf 81' lang='grc'>(53),</span> <span class='ocrx_word' id='word_1_363' title='bbox 2996 2250 3174 2299; x_wconf 72' lang='lat' dir='ltr'><strong>cestus</strong></span> <span class='ocrx_word' id='word_1_364' title='bbox 3205 2240 3487 2307; x_wconf 85' lang='lat' dir='ltr'><strong>dilaniant,</strong></span> <span class='ocrx_word' id='word_1_365' title='bbox 3515 2240 3728 2312; x_wconf 88' lang='lat' dir='ltr'><strong>ﬂagella</strong></span> 
     </span>
    </p>
   </div>
   <div class='ocr_carea' id='block_1_51' title="bbox 2126 2329 3723 2402">
    <p class='ocr_par' dir='ltr' id='par_1_51' title="bbox 2126 2329 3723 2402">
     <span class='ocr_line' id='line_1_51' title="bbox 2126 2329 3723 2402; baseline -0.003 -14"><span class='ocrx_word' id='word_1_366' title='bbox 2126 2332 2450 2389; x_wconf 87' lang='lat' dir='ltr'><strong>dilacerant:</strong></span> <span class='ocrx_word' id='word_1_367' title='bbox 2484 2345 2641 2385; x_wconf 92' lang='lat' dir='ltr'><strong>nemo</strong></span> <span class='ocrx_word' id='word_1_368' title='bbox 2669 2337 2846 2385; x_wconf 89' lang='lat' dir='ltr'><strong>tamen</strong></span> <span class='ocrx_word' id='word_1_369' title='bbox 2886 2330 3082 2402; x_wconf 89' lang='lat' dir='ltr'><strong>agonis</strong></span> <span class='ocrx_word' id='word_1_370' title='bbox 3137 2329 3425 2401; x_wconf 64' lang='lat' dir='ltr'><strong>praesidem</strong></span> <span class='ocrx_word' id='word_1_371' title='bbox 3452 2329 3723 2401; x_wconf 82' lang='lat' dir='ltr'><strong>suggilla-</strong></span> 
     </span>
    </p>
   </div>
   <div class='ocr_carea' id='block_1_52' title="bbox 2126 2418 3723 2490">
    <p class='ocr_par' dir='ltr' id='par_1_52' title="bbox 2126 2418 3723 2490">
     <span class='ocr_line' id='line_1_52' title="bbox 2126 2418 3723 2490; baseline -0.004 -13"><span class='ocrx_word' id='word_1_372' title='bbox 2126 2422 2283 2489; x_wconf 89' lang='lat' dir='ltr'><strong>verit,</strong></span> <span class='ocrx_word' id='word_1_373' title='bbox 2316 2420 2462 2490; x_wconf 91' lang='lat' dir='ltr'><strong>quod</strong></span> <span class='ocrx_word' id='word_1_374' title='bbox 2495 2418 2742 2474; x_wconf 86' lang='lat' dir='ltr'><strong>homines</strong></span> <span class='ocrx_word' id='word_1_375' title='bbox 2797 2419 3065 2476; x_wconf 69' lang='lat' dir='ltr'><strong>violentiae</strong></span> <span class='ocrx_word' id='word_1_376' title='bbox 3112 2419 3364 2489; x_wconf 88' lang='lat' dir='ltr'><strong>objectat,</strong></span> <span class='ocrx_word' id='word_1_377' title='bbox 3399 2418 3723 2487; x_wconf 70' lang='lat' dir='ltr'><strong>iniuriarum</strong></span> 
     </span>
    </p>
   </div>
   <div class='ocr_carea' id='block_1_53' title="bbox 2129 2505 3820 2580">
    <p class='ocr_par' dir='ltr' id='par_1_53' title="bbox 2129 2505 3820 2580">
     <span class='ocr_line' id='line_1_53' title="bbox 2129 2505 3820 2580; baseline -0.004 -15"><span class='ocrx_word' id='word_1_378' title='bbox 2129 2510 2365 2566; x_wconf 87' lang='lat' dir='ltr'><strong>actiones</strong></span> <span class='ocrx_word' id='word_1_379' title='bbox 2406 2517 2554 2563; x_wconf 87' lang='lat' dir='ltr'><strong>extra</strong></span> <span class='ocrx_word' id='word_1_380' title='bbox 2607 2508 2860 2577; x_wconf 88' lang='lat' dir='ltr'><strong>stadium,</strong></span> <span class='ocrx_word' id='word_1_381' title='bbox 2889 2508 2985 2565; x_wconf 88' lang='lat' dir='ltr'><strong>sed</strong></span> <span class='ocrx_word' id='word_1_382' title='bbox 3030 2515 3290 2580; x_wconf 89' lang='lat' dir='ltr'><strong>quantum</strong></span> <span class='ocrx_word' id='word_1_383' title='bbox 3344 2506 3543 2563; x_wconf 80' lang='lat' dir='ltr'><strong>livores</strong></span> <span class='ocrx_word' id='word_1_384' title='bbox 3573 2506 3621 2545; x_wconf 76' lang='grc' dir='ltr'><strong>ιδ</strong></span> <span class='ocrx_word' id='word_1_385' title='bbox 3648 2505 3729 2560; x_wconf 91' lang='lat' dir='ltr'><strong>illi</strong></span> <span class='ocrx_word' id='word_1_386' title='bbox 3814 2536 3820 2541; x_wconf 90' lang='lat'><strong>-</strong></span> 
     </span>
    </p>
   </div>
   <div class='ocr_carea' id='block_1_54' title="bbox 2130 2594 3727 2668">
    <p class='ocr_par' dir='ltr' id='par_1_54' title="bbox 2130 2594 3727 2668">
     <span class='ocr_line' id='line_1_54' title="bbox 2130 2594 3727 2668; baseline -0.004 -14"><span class='ocrx_word' id='word_1_387' title='bbox 2130 2613 2183 2654; x_wconf 91' lang='lat' dir='ltr'><strong>et</strong></span> <span class='ocrx_word' id='word_1_388' title='bbox 2205 2611 2427 2653; x_wconf 87' lang='lat' dir='ltr'><strong>cruores</strong></span> <span class='ocrx_word' id='word_1_389' title='bbox 2474 2604 2527 2653; x_wconf 90' lang='lat' dir='ltr'><strong>et</strong></span> <span class='ocrx_word' id='word_1_390' title='bbox 2555 2595 2756 2652; x_wconf 89' lang='lat' dir='ltr'><strong>vibices</strong></span> <span class='ocrx_word' id='word_1_391' title='bbox 2788 2597 3138 2668; x_wconf 86' lang='lat' dir='ltr'><strong>negociantur</strong></span> <span class='ocrx_word' id='word_1_392' title='bbox 3186 2594 3428 2651; x_wconf 89' lang='lat' dir='ltr'><strong>intendet</strong></span> <span class='ocrx_word' id='word_1_393' title='bbox 3458 2595 3532 2651; x_wconf 71' lang='lat'><strong>17:</strong></span> <span class='ocrx_word' id='word_1_394' title='bbox 3567 2609 3727 2651; x_wconf 91' lang='lat' dir='ltr'><strong>coro-</strong></span> 
     </span>
    </p>
   </div>
   <div class='ocr_carea' id='block_1_55' title="bbox 2130 2680 3731 2755">
    <p class='ocr_par' dir='ltr' id='par_1_55' title="bbox 2130 2680 3731 2755">
     <span class='ocr_line' id='line_1_55' title="bbox 2130 2680 3731 2755; baseline -0.002 -14"><span class='ocrx_word' id='word_1_395' title='bbox 2130 2702 2233 2741; x_wconf 90' lang='lat' dir='ltr'><strong>nas</strong></span> <span class='ocrx_word' id='word_1_396' title='bbox 2282 2684 2510 2753; x_wconf 87' lang='lat' dir='ltr'><strong>scilicet,</strong></span> <span class='ocrx_word' id='word_1_397' title='bbox 2568 2696 2623 2740; x_wconf 91' lang='lat' dir='ltr'><strong>et</strong></span> <span class='ocrx_word' id='word_1_398' title='bbox 2666 2680 2912 2754; x_wconf 84' lang='lat' dir='ltr'><strong>gloriam,</strong></span> <span class='ocrx_word' id='word_1_399' title='bbox 2968 2694 3021 2740; x_wconf 89' lang='lat' dir='ltr'><strong>et</strong></span> <span class='ocrx_word' id='word_1_400' title='bbox 3066 2684 3266 2751; x_wconf 90' lang='lat' dir='ltr'><strong>dotem,</strong></span> <span class='ocrx_word' id='word_1_401' title='bbox 3323 2682 3599 2755; x_wconf 86' lang='lat' dir='ltr'><strong>privilegia</strong></span> <span class='ocrx_word' id='word_1_402' title='bbox 3629 2698 3731 2753; x_wconf 88' lang='lat' dir='ltr'><strong>pu-</strong></span> 
     </span>
    </p>
   </div>
   <div class='ocr_carea' id='block_1_56' title="bbox 2129 2772 3729 2845">
    <p class='ocr_par' dir='ltr' id='par_1_56' title="bbox 2129 2772 3729 2845">
     <span class='ocr_line' id='line_1_56' title="bbox 2129 2772 3729 2845; baseline -0.002 -16"><span class='ocrx_word' id='word_1_403' title='bbox 2129 2774 2290 2837; x_wconf 85' lang='lat' dir='ltr'><strong>blica,</strong></span> <span class='ocrx_word' id='word_1_404' title='bbox 2318 2772 2583 2843; x_wconf 88' lang='lat' dir='ltr'><strong>stipendia</strong></span> <span class='ocrx_word' id='word_1_405' title='bbox 2621 2773 2786 2829; x_wconf 90' lang='lat' dir='ltr'><strong>civica</strong></span> <span class='ocrx_word' id='word_1_406' title='bbox 2834 2773 2900 2838; x_wconf 77' lang='lat'><strong>13,</strong></span> <span class='ocrx_word' id='word_1_407' title='bbox 2933 2772 3219 2845; x_wconf 82' lang='lat' dir='ltr'><strong>imagines,</strong></span> <span class='ocrx_word' id='word_1_408' title='bbox 3251 2779 3476 2838; x_wconf 84' lang='lat' dir='ltr'><strong>statuas,</strong></span> <span class='ocrx_word' id='word_1_409' title='bbox 3510 2781 3562 2826; x_wconf 89' lang='lat' dir='ltr'><strong>et</strong></span> <span class='ocrx_word' id='word_1_410' title='bbox 3589 2787 3729 2841; x_wconf 90' lang='lat' dir='ltr'><strong>qua-</strong></span> 
     </span>
    </p>
   </div>
   <div class='ocr_carea' id='block_1_57' title="bbox 2132 2857 3729 2931">
    <p class='ocr_par' dir='ltr' id='par_1_57' title="bbox 2132 2857 3729 2931">
     <span class='ocr_line' id='line_1_57' title="bbox 2132 2857 3729 2931; baseline -0.003 -15"><span class='ocrx_word' id='word_1_411' title='bbox 2132 2862 2238 2917; x_wconf 91' lang='lat' dir='ltr'><strong>lem</strong></span> <span class='ocrx_word' id='word_1_412' title='bbox 2270 2867 2447 2931; x_wconf 91' lang='lat' dir='ltr'><strong>potest</strong></span> <span class='ocrx_word' id='word_1_413' title='bbox 2492 2868 2745 2930; x_wconf 69' lang='lat' dir='ltr'><strong>praestare</strong></span> <span class='ocrx_word' id='word_1_414' title='bbox 2773 2860 3025 2916; x_wconf 62' lang='lat' dir='ltr'><strong>seculum</strong></span> <span class='ocrx_word' id='word_1_415' title='bbox 3065 2861 3134 2915; x_wconf 90' lang='lat' dir='ltr'><strong>de</strong></span> <span class='ocrx_word' id='word_1_416' title='bbox 3179 2857 3319 2914; x_wconf 86' lang='lat' dir='ltr'><strong>fama</strong></span> <span class='ocrx_word' id='word_1_417' title='bbox 3356 2858 3729 2923; x_wconf 64' lang='lat' dir='ltr'><strong>aeternitatem,</strong></span> 
     </span>
    </p>
   </div>
   <div class='ocr_carea' id='block_1_58' title="bbox 2133 2948 3731 3018">
    <p class='ocr_par' dir='ltr' id='par_1_58' title="bbox 2133 2948 3731 3018">
     <span class='ocr_line' id='line_1_58' title="bbox 2133 2948 3731 3018; baseline -0.003 -14"><span class='ocrx_word' id='word_1_418' title='bbox 2133 2950 2201 3005; x_wconf 93' lang='lat' dir='ltr'><strong>de</strong></span> <span class='ocrx_word' id='word_1_419' title='bbox 2254 2948 2516 3003; x_wconf 87' lang='lat' dir='ltr'><strong>memoria</strong></span> <span class='ocrx_word' id='word_1_420' title='bbox 2573 2948 3035 3005; x_wconf 88' lang='lat' dir='ltr'><strong>resurrectionem.</strong></span> <span class='ocrx_word' id='word_1_421' title='bbox 3083 2950 3277 3018; x_wconf 81' lang='lat' dir='ltr'><strong>Pyctes</strong></span> <span class='ocrx_word' id='word_1_422' title='bbox 3317 2948 3432 3017; x_wconf 91' lang='lat' dir='ltr'><strong>ipse</strong></span> <span class='ocrx_word' id='word_1_423' title='bbox 3454 2961 3561 3001; x_wconf 92' lang='lat' dir='ltr'><strong>non</strong></span> <span class='ocrx_word' id='word_1_424' title='bbox 3586 2963 3731 3017; x_wconf 90' lang='lat' dir='ltr'><strong>que—</strong></span> 
     </span>
    </p>
   </div>
   <div class='ocr_carea' id='block_1_59' title="bbox 502 3033 3730 3114">
    <p class='ocr_par' dir='ltr' id='par_1_59' title="bbox 502 3033 3730 3114">
     <span class='ocr_line' id='line_1_59' title="bbox 502 3033 3730 3114; baseline -0.003 -13"><span class='ocrx_word' id='word_1_425' title='bbox 502 3044 606 3101; x_wconf 89' lang='lat' dir='ltr'><strong>Sed</strong></span> <span class='ocrx_word' id='word_1_426' title='bbox 637 3044 682 3100; x_wconf 93' lang='lat' dir='ltr'><strong>si</strong></span> <span class='ocrx_word' id='word_1_427' title='bbox 728 3046 751 3084; x_wconf 78' lang='lat'><strong>7</strong></span> <span class='ocrx_word' id='word_1_428' title='bbox 795 3045 1110 3103; x_wconf 84' lang='lat' dir='ltr'><strong>certaminis</strong></span> <span class='ocrx_word' id='word_1_429' title='bbox 1138 3047 1353 3104; x_wconf 89' lang='lat' dir='ltr'><strong>nomine</strong></span> <span class='ocrx_word' id='word_1_430' title='bbox 1398 3048 1541 3103; x_wconf 89' lang='lat' dir='ltr'><strong>Deus</strong></span> <span class='ocrx_word' id='word_1_431' title='bbox 1584 3043 1742 3102; x_wconf 89' lang='lat' dir='ltr'><strong>nobis</strong></span> <span class='ocrx_word' id='word_1_432' title='bbox 1769 3040 2023 3113; x_wconf 87' lang='lat' dir='ltr'><strong>martyria</strong></span> <span class='ocrx_word' id='word_1_433' title='bbox 2053 3036 2097 3114; x_wconf 71' lang='grc' dir='ltr'>ε</span> <span class='ocrx_word' id='word_1_434' title='bbox 2127 3039 2258 3094; x_wconf 92' lang='lat' dir='ltr'><strong>ritur</strong></span> <span class='ocrx_word' id='word_1_435' title='bbox 2284 3036 2470 3093; x_wconf 90' lang='lat' dir='ltr'><strong>dolere</strong></span> <span class='ocrx_word' id='word_1_436' title='bbox 2498 3051 2587 3108; x_wconf 86' lang='lat' dir='ltr'><strong>se;</strong></span> <span class='ocrx_word' id='word_1_437' title='bbox 2617 3052 2739 3092; x_wconf 89' lang='lat' dir='ltr'><strong>nam</strong></span> <span class='ocrx_word' id='word_1_438' title='bbox 2769 3038 2917 3106; x_wconf 86' lang='lat' dir='ltr'><strong>vult;</strong></span> <span class='ocrx_word' id='word_1_439' title='bbox 2954 3037 3000 3075; x_wconf 77' lang='lat'><strong>19</strong></span> <span class='ocrx_word' id='word_1_440' title='bbox 3028 3050 3228 3093; x_wconf 90' lang='lat' dir='ltr'><strong>corona</strong></span> <span class='ocrx_word' id='word_1_441' title='bbox 3255 3035 3451 3108; x_wconf 89' lang='lat' dir='ltr'><strong>premit</strong></span> <span class='ocrx_word' id='word_1_442' title='bbox 3489 3033 3730 3106; x_wconf 88' lang='lat' dir='ltr'><strong>vulnera,</strong></span> 
     </span>
    </p>
   </div>
   <div class='ocr_carea' id='block_1_60' title="bbox 1824 3156 2359 3220">
    <p class='ocr_par' dir='ltr' id='par_1_60' title="bbox 1824 3156 2359 3220">
     <span class='ocr_line' id='line_1_60' title="bbox 1824 3156 2359 3220; baseline -0.011 -1"><span class='ocrx_word' id='word_1_443' title='bbox 1824 3157 2017 3220; x_wconf 76' lang='lat' dir='ltr'><strong>Varia:</strong></span> <span class='ocrx_word' id='word_1_444' title='bbox 2048 3156 2359 3219; x_wconf 88' lang='lat' dir='ltr'><strong>lectiones.</strong></span> 
     </span>
    </p>
   </div>
   <div class='ocr_carea' id='block_1_61' title="bbox 505 3254 3738 3325">
    <p class='ocr_par' dir='ltr' id='par_1_61' title="bbox 505 3254 3738 3325">
     <span class='ocr_line' id='line_1_61' title="bbox 505 3254 3738 3325; baseline -0.005 -3"><span class='ocrx_word' id='word_1_445' title='bbox 505 3266 554 3305; x_wconf 67' lang='lat'><strong>3&quot;</strong></span> <span class='ocrx_word' id='word_1_446' title='bbox 582 3267 873 3323; x_wconf 81' lang='lat' dir='ltr'><strong>Meditante</strong></span> <span class='ocrx_word' id='word_1_447' title='bbox 903 3268 1074 3325; x_wconf 67' lang='lat' dir='ltr'><strong>(then.</strong></span> <span class='ocrx_word' id='word_1_448' title='bbox 1106 3271 1265 3325; x_wconf 87' lang='lat' dir='ltr'><strong>Pam.</strong></span> <span class='ocrx_word' id='word_1_449' title='bbox 1298 3268 1465 3325; x_wconf 87' lang='lat' dir='ltr'><strong>Seml.</strong></span> <span class='ocrx_word' id='word_1_450' title='bbox 1494 3266 1713 3324; x_wconf 83' lang='lat' dir='ltr'><strong>Oberth.</strong></span> <span class='ocrx_word' id='word_1_451' title='bbox 1746 3265 1769 3303; x_wconf 83' lang='lat'><strong>3</strong></span> <span class='ocrx_word' id='word_1_452' title='bbox 1798 3259 2077 3320; x_wconf 82' lang='lat' dir='ltr'><strong>Eructavit</strong></span> <span class='ocrx_word' id='word_1_453' title='bbox 2106 3257 2279 3314; x_wconf 74' lang='lat' dir='ltr'><strong>Rhea.</strong></span> <span class='ocrx_word' id='word_1_454' title='bbox 2304 3258 2462 3310; x_wconf 89' lang='lat' dir='ltr'><strong>Pam.</strong></span> <span class='ocrx_word' id='word_1_455' title='bbox 2489 3256 2659 3311; x_wconf 84' lang='lat' dir='ltr'><strong>Seml.</strong></span> <span class='ocrx_word' id='word_1_456' title='bbox 2691 3255 2716 3293; x_wconf 74' lang='grc' dir='ltr'><strong><em>ἰ</em></strong></span> <span class='ocrx_word' id='word_1_457' title='bbox 2746 3255 2952 3310; x_wconf 88' lang='lat' dir='ltr'><strong>Perisse</strong></span> <span class='ocrx_word' id='word_1_458' title='bbox 2988 3257 3147 3311; x_wconf 88' lang='lat' dir='ltr'><strong>Pam.</strong></span> <span class='ocrx_word' id='word_1_459' title='bbox 3183 3256 3351 3312; x_wconf 82' lang='lat' dir='ltr'><strong>Seml.</strong></span> <span class='ocrx_word' id='word_1_460' title='bbox 3374 3254 3399 3291; x_wconf 83' lang='grc'><strong>⁵</strong></span> <span class='ocrx_word' id='word_1_461' title='bbox 3430 3255 3738 3325; x_wconf 82' lang='lat' dir='ltr'><strong>Sustentato</strong></span> 
     </span>
    </p>
   </div>
   <div class='ocr_carea' id='block_1_62' title="bbox 435 3324 3740 3405">
    <p class='ocr_par' dir='ltr' id='par_1_62' title="bbox 435 3324 3740 3405">
     <span class='ocr_line' id='line_1_62' title="bbox 435 3324 3740 3405; baseline -0.004 -13"><span class='ocrx_word' id='word_1_462' title='bbox 435 3337 643 3393; x_wconf 84' lang='lat' dir='ltr'><strong>fervore</strong></span> <span class='ocrx_word' id='word_1_463' title='bbox 673 3341 842 3396; x_wconf 87' lang='lat' dir='ltr'><strong>Seml.</strong></span> <span class='ocrx_word' id='word_1_464' title='bbox 877 3340 902 3377; x_wconf 78' lang='grc' dir='ltr'><strong>δ</strong></span> <span class='ocrx_word' id='word_1_465' title='bbox 926 3324 1277 3405; x_wconf 82' lang='lat' dir='ltr'><strong>Temperatur</strong></span> <span class='ocrx_word' id='word_1_466' title='bbox 1312 3324 1494 3395; x_wconf 11' lang='lat' dir='ltr'><strong>ﬁlthen.</strong></span> <span class='ocrx_word' id='word_1_467' title='bbox 1531 3339 1700 3395; x_wconf 87' lang='lat' dir='ltr'><strong>Seml.</strong></span> <span class='ocrx_word' id='word_1_468' title='bbox 1740 3334 1961 3405; x_wconf 64' lang='lat' dir='ltr'><strong>Obertli.</strong></span> <span class='ocrx_word' id='word_1_469' title='bbox 1996 3332 2016 3368; x_wconf 74' lang='grc'><strong>’³</strong></span> <span class='ocrx_word' id='word_1_470' title='bbox 2052 3331 2115 3405; x_wconf 75' lang='lat' dir='ltr'><strong>Et</strong></span> <span class='ocrx_word' id='word_1_471' title='bbox 2153 3331 2311 3405; x_wconf 75' lang='lat' dir='ltr'><strong>Pam.</strong></span> <span class='ocrx_word' id='word_1_472' title='bbox 2346 3327 2514 3405; x_wconf 82' lang='lat' dir='ltr'><strong>Sem_l.</strong></span> <span class='ocrx_word' id='word_1_473' title='bbox 2564 3327 2591 3363; x_wconf 78' lang='grc' dir='ltr'><strong>θ</strong></span> <span class='ocrx_word' id='word_1_474' title='bbox 2620 3325 2878 3405; x_wconf 59' lang='lat' dir='ltr'><strong>PrOponit</strong></span> <span class='ocrx_word' id='word_1_475' title='bbox 2925 3329 3086 3405; x_wconf 81' lang='lat' dir='ltr'><strong>Pam.</strong></span> <span class='ocrx_word' id='word_1_476' title='bbox 3147 3325 3389 3405; x_wconf 43' lang='lat' dir='ltr'><strong>Semlzf</strong></span> <span class='ocrx_word' id='word_1_477' title='bbox 3413 3324 3740 3405; x_wconf 65' lang='lat' dir='ltr'><strong>_Devicisset</strong></span> 
     </span>
    </p>
   </div>
   <div class='ocr_carea' id='block_1_63' title="bbox 435 3396 3732 3479">
    <p class='ocr_par' dir='ltr' id='par_1_63' title="bbox 435 3396 3732 3479">
     <span class='ocr_line' id='line_1_63' title="bbox 435 3396 3732 3479; baseline -0.006 -15"><span class='ocrx_word' id='word_1_478' title='bbox 435 3412 592 3465; x_wconf 90' lang='lat' dir='ltr'><strong>Pam.</strong></span> <span class='ocrx_word' id='word_1_479' title='bbox 611 3412 778 3467; x_wconf 83' lang='lat' dir='ltr'><strong>Seml.</strong></span> <span class='ocrx_word' id='word_1_480' title='bbox 813 3412 861 3448; x_wconf 79' lang='grc' dir='ltr'><strong>ιο</strong></span> <span class='ocrx_word' id='word_1_481' title='bbox 882 3411 1012 3477; x_wconf 76' lang='lat' dir='ltr'><strong>Quae</strong></span> <span class='ocrx_word' id='word_1_482' title='bbox 1041 3396 1200 3467; x_wconf 78' lang='lat' dir='ltr'><strong>Pam.</strong></span> <span class='ocrx_word' id='word_1_483' title='bbox 1225 3411 1393 3466; x_wconf 86' lang='lat' dir='ltr'><strong>Seml.</strong></span> <span class='ocrx_word' id='word_1_484' title='bbox 1426 3424 1567 3479; x_wconf 88' lang='lat' dir='ltr'><strong>quos</strong></span> <span class='ocrx_word' id='word_1_485' title='bbox 1594 3410 1783 3464; x_wconf 81' lang='lat' dir='ltr'><strong>Latin.</strong></span> <span class='ocrx_word' id='word_1_486' title='bbox 1820 3407 1861 3442; x_wconf 75' lang='grc' dir='ltr'>ιι</span> <span class='ocrx_word' id='word_1_487' title='bbox 1882 3404 1959 3479; x_wconf 56' lang='lat' dir='ltr'><strong>lit</strong></span> <span class='ocrx_word' id='word_1_488' title='bbox 1981 3401 2429 3479; x_wconf 66' lang='lat' dir='ltr'><strong>qui_gaudcamus</strong></span> <span class='ocrx_word' id='word_1_489' title='bbox 2452 3399 2607 3479; x_wconf 57' lang='lat' dir='ltr'><strong>Pam.</strong></span> <span class='ocrx_word' id='word_1_490' title='bbox 2624 3396 2803 3479; x_wconf 47' lang='grc' dir='ltr'><strong>δείξῃ.</strong></span> <span class='ocrx_word' id='word_1_491' title='bbox 2818 3399 3130 3479; x_wconf 67' lang='lat' dir='ltr'><strong>gaudemus</strong></span> <span class='ocrx_word' id='word_1_492' title='bbox 3305 3396 3351 3434; x_wconf 83' lang='grc'><strong>1²</strong></span> <span class='ocrx_word' id='word_1_493' title='bbox 3370 3396 3550 3479; x_wconf 44' lang='grc' dir='ltr'><strong>μφξίιι</strong></span> <span class='ocrx_word' id='word_1_494' title='bbox 3562 3396 3732 3476; x_wconf 61' lang='lat' dir='ltr'><strong>35ml.</strong></span> 
     </span>
    </p>
   </div>
   <div class='ocr_carea' id='block_1_64' title="bbox 440 3465 3738 3542">
    <p class='ocr_par' dir='ltr' id='par_1_64' title="bbox 440 3465 3738 3542">
     <span class='ocr_line' id='line_1_64' title="bbox 440 3465 3738 3542; baseline -0.004 -7"><span class='ocrx_word' id='word_1_495' title='bbox 440 3480 485 3519; x_wconf 81' lang='lat'><strong>13</strong></span> <span class='ocrx_word' id='word_1_496' title='bbox 517 3465 829 3536; x_wconf 86' lang='lat' dir='ltr'><strong>Studiorum</strong></span> <span class='ocrx_word' id='word_1_497' title='bbox 859 3465 1032 3536; x_wconf 54' lang='lat' dir='ltr'><strong>It‘hen.</strong></span> <span class='ocrx_word' id='word_1_498' title='bbox 1065 3465 1221 3537; x_wconf 82' lang='lat' dir='ltr'><strong>Pam.</strong></span> <span class='ocrx_word' id='word_1_499' title='bbox 1240 3465 1424 3538; x_wconf 12' lang='lat' dir='ltr'><strong>iSeml.</strong></span> <span class='ocrx_word' id='word_1_500' title='bbox 1445 3465 1503 3517; x_wconf 55' lang='grc' dir='ltr'><strong>ἰθ</strong></span> <span class='ocrx_word' id='word_1_501' title='bbox 1524 3480 1839 3542; x_wconf 77' lang='lat' dir='ltr'><strong>EXpendere</strong></span> <span class='ocrx_word' id='word_1_502' title='bbox 1868 3465 2042 3531; x_wconf 59' lang='lat' dir='ltr'><strong>Rhea.</strong></span> <span class='ocrx_word' id='word_1_503' title='bbox 2074 3465 2437 3542; x_wconf 67' lang='lat' dir='ltr'><strong>Fam.S_e-ml.</strong></span> <span class='ocrx_word' id='word_1_504' title='bbox 2474 3467 2695 3542; x_wconf 65' lang='lat' dir='ltr'><strong>Ooerth.</strong></span> <span class='ocrx_word' id='word_1_505' title='bbox 2730 3468 2775 3542; x_wconf 50' lang='grc' dir='ltr'><strong>ἓξ</strong></span> <span class='ocrx_word' id='word_1_506' title='bbox 2804 3468 2979 3542; x_wconf 21' lang='lat' dir='ltr'><strong>_S_unt7</strong></span> <span class='ocrx_word' id='word_1_507' title='bbox 3000 3469 3207 3542; x_wconf 59' lang='lat' dir='ltr'><strong>inserit</strong></span> <span class='ocrx_word' id='word_1_508' title='bbox 3238 3469 3408 3542; x_wconf 84' lang='lat' dir='ltr'><strong>Se_ml.</strong></span> <span class='ocrx_word' id='word_1_509' title='bbox 3452 3468 3500 3507; x_wconf 79' lang='grc' dir='ltr'><strong>ιθ</strong></span> <span class='ocrx_word' id='word_1_510' title='bbox 3527 3465 3738 3525; x_wconf 85' lang='lat' dir='ltr'><strong>Livoris</strong></span> 
     </span>
    </p>
   </div>
   <div class='ocr_carea' id='block_1_65' title="bbox 438 3538 3333 3616">
    <p class='ocr_par' dir='ltr' id='par_1_65' title="bbox 438 3538 3333 3616">
     <span class='ocr_line' id='line_1_65' title="bbox 438 3538 3333 3616; baseline -0.006 -7"><span class='ocrx_word' id='word_1_511' title='bbox 438 3552 605 3609; x_wconf 85' lang='lat' dir='ltr'><strong>Seml.</strong></span> <span class='ocrx_word' id='word_1_512' title='bbox 642 3550 686 3589; x_wconf 75' lang='lat'><strong>1&quot;</strong></span> <span class='ocrx_word' id='word_1_513' title='bbox 718 3551 959 3606; x_wconf 83' lang='lat' dir='ltr'><strong>Intendis</strong></span> <span class='ocrx_word' id='word_1_514' title='bbox 977 3550 1148 3609; x_wconf 83' lang='lat' dir='ltr'><strong>Rhen.</strong></span> <span class='ocrx_word' id='word_1_515' title='bbox 1174 3553 1333 3607; x_wconf 88' lang='lat' dir='ltr'><strong>Pam.</strong></span> <span class='ocrx_word' id='word_1_516' title='bbox 1367 3551 1536 3608; x_wconf 82' lang='lat' dir='ltr'><strong>Seml.</strong></span> <span class='ocrx_word' id='word_1_517' title='bbox 1560 3538 1779 3608; x_wconf 79' lang='lat' dir='ltr'><strong>Oberth.</strong></span> <span class='ocrx_word' id='word_1_518' title='bbox 1811 3548 1858 3586; x_wconf 76' lang='lat'><strong>18</strong></span> <span class='ocrx_word' id='word_1_519' title='bbox 1886 3542 2181 3616; x_wconf 88' lang='lat' dir='ltr'><strong>Stipendia,</strong></span> <span class='ocrx_word' id='word_1_520' title='bbox 2213 3539 2477 3595; x_wconf 89' lang='lat' dir='ltr'><strong>civitatem</strong></span> <span class='ocrx_word' id='word_1_521' title='bbox 2509 3540 2694 3594; x_wconf 81' lang='lat' dir='ltr'><strong>Latin.</strong></span> <span class='ocrx_word' id='word_1_522' title='bbox 2731 3538 2776 3577; x_wconf 78' lang='lat'><strong>19</strong></span> <span class='ocrx_word' id='word_1_523' title='bbox 2802 3540 2923 3594; x_wconf 91' lang='lat' dir='ltr'><strong>Non</strong></span> <span class='ocrx_word' id='word_1_524' title='bbox 2954 3539 3130 3597; x_wconf 72' lang='lat' dir='ltr'><strong>Rhea.</strong></span> <span class='ocrx_word' id='word_1_525' title='bbox 3162 3540 3333 3597; x_wconf 85' lang='lat' dir='ltr'><strong>Seml.</strong></span> 
     </span>
    </p>
   </div>
   <div class='ocr_carea' id='block_1_66' title="bbox 1842 3658 2339 3725">
    <p class='ocr_par' dir='ltr' id='par_1_66' title="bbox 1842 3658 2339 3725">
     <span class='ocr_line' id='line_1_66' title="bbox 1842 3658 2339 3725; baseline -0.022 0"><span class='ocrx_word' id='word_1_526' title='bbox 1842 3658 2339 3725; x_wconf 86' lang='lat' dir='ltr'><strong>Commentarius.</strong></span> 
     </span>
    </p>
   </div>
   <div class='ocr_carea' id='block_1_67' title="bbox 518 3765 2039 3844">
    <p class='ocr_par' dir='ltr' id='par_1_67' title="bbox 518 3765 2039 3844">
     <span class='ocr_line' id='line_1_67' title="bbox 518 3765 2039 3844; baseline -0.007 -15"><span class='ocrx_word' id='word_1_527' title='bbox 518 3775 631 3844; x_wconf 72' lang='grc'>(47)</span> <span class='ocrx_word' id='word_1_528' title='bbox 668 3776 775 3830; x_wconf 89' lang='lat' dir='ltr'><strong>Deo</strong></span> <span class='ocrx_word' id='word_1_529' title='bbox 797 3775 864 3831; x_wconf 88' lang='lat' dir='ltr'><strong>de</strong></span> <span class='ocrx_word' id='word_1_530' title='bbox 899 3776 1309 3833; x_wconf 77' lang='lat' dir='ltr'><strong>momentaneis</strong></span> <span class='ocrx_word' id='word_1_531' title='bbox 1340 3777 1558 3829; x_wconf 64' lang='lat' dir='ltr'><strong>aeterna</strong></span> <span class='ocrx_word' id='word_1_532' title='bbox 1584 3771 1924 3844; x_wconf 73' lang='lat' dir='ltr'><strong>medicante.</strong></span> <span class='ocrx_word' id='word_1_533' title='bbox 1949 3765 2039 3821; x_wconf 90' lang='lat' dir='ltr'><strong>Sic</strong></span> 
     </span>
    </p>
   </div>
   <div class='ocr_carea' id='block_1_68' title="bbox 449 3840 2037 3916">
    <p class='ocr_par' dir='ltr' id='par_1_68' title="bbox 449 3840 2037 3916">
     <span class='ocr_line' id='line_1_68' title="bbox 449 3840 2037 3916; baseline -0.004 -17"><span class='ocrx_word' id='word_1_534' title='bbox 449 3840 621 3899; x_wconf 54' lang='lat' dir='ltr'><strong>vetus&#39;</strong></span> <span class='ocrx_word' id='word_1_535' title='bbox 670 3845 960 3916; x_wconf 83' lang='lat' dir='ltr'><strong>exemplar.</strong></span> <span class='ocrx_word' id='word_1_536' title='bbox 1046 3846 1140 3900; x_wconf 83' lang='lat' dir='ltr'><strong>Ait</strong></span> <span class='ocrx_word' id='word_1_537' title='bbox 1194 3843 1557 3916; x_wconf 84' lang='lat' dir='ltr'><strong>Tertullianus</strong></span> <span class='ocrx_word' id='word_1_538' title='bbox 1601 3844 1804 3916; x_wconf 71' lang='lat' dir='ltr'><strong>Deum</strong></span> <span class='ocrx_word' id='word_1_539' title='bbox 1894 3840 2037 3916; x_wconf 84' lang='lat' dir='ltr'><strong>bono</strong></span> 
     </span>
    </p>
   </div>
   <div class='ocr_carea' id='block_1_69' title="bbox 450 3910 2036 3986">
    <p class='ocr_par' dir='ltr' id='par_1_69' title="bbox 450 3910 2036 3986">
     <span class='ocr_line' id='line_1_69' title="bbox 450 3910 2036 3986; baseline -0.006 -16"><span class='ocrx_word' id='word_1_540' title='bbox 450 3922 634 3970; x_wconf 90' lang='lat' dir='ltr'><strong>nostro</strong></span> <span class='ocrx_word' id='word_1_541' title='bbox 680 3910 950 3971; x_wconf 78' lang='lat' dir='ltr'><strong>crudelem</strong></span> <span class='ocrx_word' id='word_1_542' title='bbox 1008 3923 1166 3986; x_wconf 88' lang='lat' dir='ltr'><strong>atque</strong></span> <span class='ocrx_word' id='word_1_543' title='bbox 1210 3924 1426 3980; x_wconf 85' lang='lat' dir='ltr'><strong>tetrum,</strong></span> <span class='ocrx_word' id='word_1_544' title='bbox 1471 3914 1569 3986; x_wconf 89' lang='lat' dir='ltr'><strong>qui</strong></span> <span class='ocrx_word' id='word_1_545' title='bbox 1600 3910 2036 3986; x_wconf 82' lang='lat' dir='ltr'><strong>homines&#39;etiam</strong></span> 
     </span>
    </p>
   </div>
   <div class='ocr_carea' id='block_1_70' title="bbox 451 3983 2037 4057">
    <p class='ocr_par' dir='ltr' id='par_1_70' title="bbox 451 3983 2037 4057">
     <span class='ocr_line' id='line_1_70' title="bbox 451 3983 2037 4057; baseline -0.004 -17"><span class='ocrx_word' id='word_1_546' title='bbox 451 3986 970 4057; x_wconf 13' lang='lat' dir='ltr'><strong>perrmartyriorum</strong></span> <span class='ocrx_word' id='word_1_547' title='bbox 1020 3983 1283 4044; x_wconf 83' lang='lat' dir='ltr'><strong>cruciatus</strong></span> <span class='ocrx_word' id='word_1_548' title='bbox 1355 3986 1420 4041; x_wconf 85' lang='lat' dir='ltr'><strong>ad</strong></span> <span class='ocrx_word' id='word_1_549' title='bbox 1484 3983 1756 4057; x_wconf 82' lang='lat' dir='ltr'><strong>felicitatis</strong></span> <span class='ocrx_word' id='word_1_550' title='bbox 1820 3989 2037 4037; x_wconf 67' lang='lat' dir='ltr'><strong>azternzc</strong></span> 
     </span>
    </p>
   </div>
   <div class='ocr_carea' id='block_1_71' title="bbox 450 4055 2037 4130">
    <p class='ocr_par' dir='ltr' id='par_1_71' title="bbox 450 4055 2037 4130">
     <span class='ocr_line' id='line_1_71' title="bbox 450 4055 2037 4130; baseline -0.003 -21"><span class='ocrx_word' id='word_1_551' title='bbox 450 4055 676 4127; x_wconf 71' lang='lat' dir='ltr'><strong>gloriam</strong></span> <span class='ocrx_word' id='word_1_552' title='bbox 697 4055 922 4113; x_wconf 80' lang='lat' dir='ltr'><strong>evadere</strong></span> <span class='ocrx_word' id='word_1_553' title='bbox 976 4059 1120 4118; x_wconf 88' lang='lat' dir='ltr'><strong>velit.</strong></span> <span class='ocrx_word' id='word_1_554' title='bbox 1176 4057 1332 4112; x_wconf 90' lang='lat' dir='ltr'><strong>nobis</strong></span> <span class='ocrx_word' id='word_1_555' title='bbox 1369 4073 1486 4130; x_wconf 86' lang='lat' dir='ltr'><strong>esse</strong></span> <span class='ocrx_word' id='word_1_556' title='bbox 1506 4055 1794 4130; x_wconf 80' lang='lat' dir='ltr'><strong>colendum</strong></span> <span class='ocrx_word' id='word_1_557' title='bbox 1847 4068 2037 4130; x_wconf 83' lang='lat' dir='ltr'><strong>aman-</strong></span> 
     </span>
    </p>
   </div>
   <div class='ocr_carea' id='block_1_72' title="bbox 448 4126 2037 4203">
    <p class='ocr_par' dir='ltr' id='par_1_72' title="bbox 448 4126 2037 4203">
     <span class='ocr_line' id='line_1_72' title="bbox 448 4126 2037 4203; baseline 0.009 -23"><span class='ocrx_word' id='word_1_558' title='bbox 448 4126 702 4203; x_wconf 80' lang='lat' dir='ltr'><strong>dumque,</strong></span> <span class='ocrx_word' id='word_1_559' title='bbox 735 4130 1111 4203; x_wconf 79' lang='lat' dir='ltr'><strong>multomagis</strong></span> <span class='ocrx_word' id='word_1_560' title='bbox 1138 4145 1299 4203; x_wconf 86' lang='lat' dir='ltr'><strong>quam</strong></span> <span class='ocrx_word' id='word_1_561' title='bbox 1327 4128 1624 4203; x_wconf 60' lang='lat' dir='ltr'><strong>medicum.</strong></span> <span class='ocrx_word' id='word_1_562' title='bbox 1654 4126 1746 4198; x_wconf 79' lang='lat' dir='ltr'><strong>qui</strong></span> <span class='ocrx_word' id='word_1_563' title='bbox 1792 4126 2037 4203; x_wconf 69' lang='grc' dir='ltr'><strong>οοῐζροτίδ</strong></span> 
     </span>
    </p>
   </div>
   <div class='ocr_carea' id='block_1_73' title="bbox 454 4197 2038 4264">
    <p class='ocr_par' dir='ltr' id='par_1_73' title="bbox 454 4197 2038 4264">
     <span class='ocr_line' id='line_1_73' title="bbox 454 4197 2038 4264; baseline -0.004 -12"><span class='ocrx_word' id='word_1_564' title='bbox 454 4200 624 4253; x_wconf 89' lang='lat' dir='ltr'><strong>nostri</strong></span> <span class='ocrx_word' id='word_1_565' title='bbox 701 4197 1056 4255; x_wconf 71' lang='lat' dir='ltr'><strong>valetudinem</strong></span> <span class='ocrx_word' id='word_1_566' title='bbox 1126 4197 1339 4255; x_wconf 82' lang='lat' dir='ltr'><strong>nonnisi</strong></span> <span class='ocrx_word' id='word_1_567' title='bbox 1411 4198 1615 4253; x_wconf 87' lang='lat' dir='ltr'><strong>urendo</strong></span> <span class='ocrx_word' id='word_1_568' title='bbox 1698 4197 2038 4264; x_wconf 87' lang='lat' dir='ltr'><strong>secandoque</strong></span> 
     </span>
    </p>
   </div>
   <div class='ocr_carea' id='block_1_74' title="bbox 452 4269 2038 4345">
    <p class='ocr_par' dir='ltr' id='par_1_74' title="bbox 452 4269 2038 4345">
     <span class='ocr_line' id='line_1_74' title="bbox 452 4269 2038 4345; baseline -0.002 -23"><span class='ocrx_word' id='word_1_569' title='bbox 452 4270 699 4324; x_wconf 88' lang='lat' dir='ltr'><strong>restituit.</strong></span> <span class='ocrx_word' id='word_1_570' title='bbox 730 4271 871 4345; x_wconf 84' lang='lat' dir='ltr'><strong>Dein</strong></span> <span class='ocrx_word' id='word_1_571' title='bbox 897 4271 1122 4345; x_wconf 85' lang='lat' dir='ltr'><strong>explicat</strong></span> <span class='ocrx_word' id='word_1_572' title='bbox 1152 4271 1451 4345; x_wconf 32' lang='lat' dir='ltr'><strong>etAemollt,</strong></span> <span class='ocrx_word' id='word_1_573' title='bbox 1499 4269 1645 4345; x_wconf 84' lang='lat' dir='ltr'><strong>quod</strong></span> <span class='ocrx_word' id='word_1_574' title='bbox 1683 4269 1816 4345; x_wconf 80' lang='lat' dir='ltr'><strong>alias</strong></span> <span class='ocrx_word' id='word_1_575' title='bbox 1845 4269 2038 4345; x_wconf 74' lang='lat' dir='ltr'><strong>durum</strong></span> 
     </span>
    </p>
   </div>
   <div class='ocr_carea' id='block_1_75' title="bbox 455 4337 2039 4398">
    <p class='ocr_par' dir='ltr' id='par_1_75' title="bbox 455 4337 2039 4398">
     <span class='ocr_line' id='line_1_75' title="bbox 455 4337 2039 4398; baseline -0.004 -4"><span class='ocrx_word' id='word_1_576' title='bbox 455 4356 519 4394; x_wconf 91' lang='lat' dir='ltr'><strong>ac</strong></span> <span class='ocrx_word' id='word_1_577' title='bbox 577 4349 767 4395; x_wconf 88' lang='lat' dir='ltr'><strong>tetrum</strong></span> <span class='ocrx_word' id='word_1_578' title='bbox 824 4337 1123 4398; x_wconf 78' lang='lat' dir='ltr'><strong>videbatur.</strong></span> <span class='ocrx_word' id='word_1_579' title='bbox 1185 4342 1337 4396; x_wconf 83' lang='lat' dir='ltr'><strong>Hunc</strong></span> <span class='ocrx_word' id='word_1_580' title='bbox 1387 4337 1564 4397; x_wconf 81' lang='lat' dir='ltr'><strong>locum</strong></span> <span class='ocrx_word' id='word_1_581' title='bbox 1621 4338 1817 4393; x_wconf 86' lang='lat' dir='ltr'><strong>imitari</strong></span> <span class='ocrx_word' id='word_1_582' title='bbox 1869 4337 2039 4391; x_wconf 92' lang='lat' dir='ltr'><strong>voluit</strong></span> 
     </span>
    </p>
   </div>
   <div class='ocr_carea' id='block_1_76' title="bbox 452 4407 2041 4485">
    <p class='ocr_par' dir='ltr' id='par_1_76' title="bbox 452 4407 2041 4485">
     <span class='ocr_line' id='line_1_76' title="bbox 452 4407 2041 4485; baseline -0.003 -20"><span class='ocrx_word' id='word_1_583' title='bbox 452 4412 668 4467; x_wconf 81' lang='lat' dir='ltr'><strong>Lucifer</strong></span> <span class='ocrx_word' id='word_1_584' title='bbox 688 4411 1023 4485; x_wconf 11' lang='lat' dir='ltr'><strong>,Calaritanns</strong></span> <span class='ocrx_word' id='word_1_585' title='bbox 1053 4414 1145 4469; x_wconf 93' lang='lat' dir='ltr'><strong>lib.</strong></span> <span class='ocrx_word' id='word_1_586' title='bbox 1177 4414 1243 4469; x_wconf 84' lang='lat' dir='ltr'><strong>de</strong></span> <span class='ocrx_word' id='word_1_587' title='bbox 1281 4413 1530 4485; x_wconf 78' lang='lat' dir='ltr'><strong>Gentem.</strong></span> <span class='ocrx_word' id='word_1_588' title='bbox 1549 4414 1729 4467; x_wconf 87' lang='lat' dir='ltr'><strong>morte</strong></span> <span class='ocrx_word' id='word_1_589' title='bbox 1754 4425 1856 4485; x_wconf 71' lang='lat' dir='ltr'><strong>pro</strong></span> <span class='ocrx_word' id='word_1_590' title='bbox 1882 4407 2041 4465; x_wconf 81' lang='lat' dir='ltr'><strong>Chri-</strong></span> 
     </span>
    </p>
   </div>
   <div class='ocr_carea' id='block_1_77' title="bbox 456 4480 2034 4551">
    <p class='ocr_par' dir='ltr' id='par_1_77' title="bbox 456 4480 2034 4551">
     <span class='ocr_line' id='line_1_77' title="bbox 456 4480 2034 4551; baseline -0.004 -13"><span class='ocrx_word' id='word_1_591' title='bbox 456 4485 542 4538; x_wconf 79' lang='lat' dir='ltr'><strong>sto</strong></span> <span class='ocrx_word' id='word_1_592' title='bbox 565 4503 583 4540; x_wconf 92' lang='lat'><strong><em>:</em></strong></span> <span class='ocrx_word' id='word_1_593' title='bbox 614 4503 642 4536; x_wconf 75' lang='grc' dir='ltr'><strong>α</strong></span> <span class='ocrx_word' id='word_1_594' title='bbox 672 4484 825 4551; x_wconf 83' lang='lat' dir='ltr'><strong>Quod</strong></span> <span class='ocrx_word' id='word_1_595' title='bbox 857 4484 997 4539; x_wconf 86' lang='lat' dir='ltr'><strong>enim</strong></span> <span class='ocrx_word' id='word_1_596' title='bbox 1024 4485 1147 4541; x_wconf 89' lang='lat' dir='ltr'><strong>licet</strong></span> <span class='ocrx_word' id='word_1_597' title='bbox 1176 4484 1413 4540; x_wconf 88' lang='lat' dir='ltr'><strong>medicus</strong></span> <span class='ocrx_word' id='word_1_598' title='bbox 1432 4480 1593 4550; x_wconf 78' lang='lat' dir='ltr'><strong>secet,</strong></span> <span class='ocrx_word' id='word_1_599' title='bbox 1625 4480 1865 4536; x_wconf 79' lang='lat' dir='ltr'><strong>cauterio</strong></span> <span class='ocrx_word' id='word_1_600' title='bbox 1895 4487 2034 4551; x_wconf 83' lang='lat' dir='ltr'><strong>urat,</strong></span> 
     </span>
    </p>
   </div>
   <div class='ocr_carea' id='block_1_78' title="bbox 451 4549 2038 4626">
    <p class='ocr_par' dir='ltr' id='par_1_78' title="bbox 451 4549 2038 4626">
     <span class='ocr_line' id='line_1_78' title="bbox 451 4549 2038 4626; baseline -0.001 -19"><span class='ocrx_word' id='word_1_601' title='bbox 451 4553 659 4626; x_wconf 84' lang='lat' dir='ltr'><strong>sinapis</strong></span> <span class='ocrx_word' id='word_1_602' title='bbox 696 4549 952 4611; x_wconf 83' lang='lat' dir='ltr'><strong>incendio</strong></span> <span class='ocrx_word' id='word_1_603' title='bbox 979 4556 1046 4610; x_wconf 88' lang='lat' dir='ltr'><strong>ad</strong></span> <span class='ocrx_word' id='word_1_604' title='bbox 1075 4572 1290 4610; x_wconf 91' lang='lat' dir='ltr'><strong>omnem</strong></span> <span class='ocrx_word' id='word_1_605' title='bbox 1326 4556 1567 4609; x_wconf 90' lang='lat' dir='ltr'><strong>dolorem</strong></span> <span class='ocrx_word' id='word_1_606' title='bbox 1592 4567 1809 4626; x_wconf 45' lang='lat' dir='ltr'><strong>agrum</strong></span> <span class='ocrx_word' id='word_1_607' title='bbox 1834 4549 2038 4626; x_wconf 84' lang='lat' dir='ltr'><strong>_dedu-</strong></span> 
     </span>
    </p>
   </div>
   <div class='ocr_carea' id='block_1_79' title="bbox 452 4622 2039 4695">
    <p class='ocr_par' dir='ltr' id='par_1_79' title="bbox 452 4622 2039 4695">
     <span class='ocr_line' id='line_1_79' title="bbox 452 4622 2039 4695; baseline -0.003 -16"><span class='ocrx_word' id='word_1_608' title='bbox 452 4633 538 4679; x_wconf 89' lang='lat' dir='ltr'><strong>cat</strong></span> <span class='ocrx_word' id='word_1_609' title='bbox 564 4622 590 4695; x_wconf 62' lang='lat'><strong>;~</strong></span> <span class='ocrx_word' id='word_1_610' title='bbox 635 4636 807 4681; x_wconf 90' lang='lat' dir='ltr'><strong>tamen</strong></span> <span class='ocrx_word' id='word_1_611' title='bbox 863 4641 962 4683; x_wconf 90' lang='lat' dir='ltr'><strong>nec</strong></span> <span class='ocrx_word' id='word_1_612' title='bbox 1010 4627 1201 4690; x_wconf 80' lang='lat' dir='ltr'><strong>secari,</strong></span> <span class='ocrx_word' id='word_1_613' title='bbox 1258 4627 1418 4693; x_wconf 89' lang='lat' dir='ltr'><strong>inuri,</strong></span> <span class='ocrx_word' id='word_1_614' title='bbox 1472 4622 1666 4692; x_wconf 58' lang='lat' dir='ltr'><strong>exedi,</strong></span> <span class='ocrx_word' id='word_1_615' title='bbox 1697 4622 2039 4695; x_wconf 13' lang='lat' dir='ltr'><strong>morderiﬁque</strong></span> 
     </span>
    </p>
   </div>
   <div class='ocr_carea' id='block_1_80' title="bbox 451 4694 2042 4767">
    <p class='ocr_par' dir='ltr' id='par_1_80' title="bbox 451 4694 2042 4767">
     <span class='ocr_line' id='line_1_80' title="bbox 451 4694 2042 4767; baseline -0.003 -17"><span class='ocrx_word' id='word_1_616' title='bbox 451 4694 573 4750; x_wconf 86' lang='lat' dir='ltr'><strong>esse</strong></span> <span class='ocrx_word' id='word_1_617' title='bbox 632 4698 923 4764; x_wconf 90' lang='lat' dir='ltr'><strong>inimicum,</strong></span> <span class='ocrx_word' id='word_1_618' title='bbox 979 4717 1001 4744; x_wconf 71' lang='grc' dir='ltr'><strong><em>ι</em></strong></span> <span class='ocrx_word' id='word_1_619' title='bbox 1031 4704 1135 4754; x_wconf 92' lang='lat' dir='ltr'><strong>etc.</strong></span> <span class='ocrx_word' id='word_1_620' title='bbox 1186 4697 1291 4752; x_wconf 84' lang='lat' dir='ltr'><strong>Sed</strong></span> <span class='ocrx_word' id='word_1_621' title='bbox 1327 4701 1490 4767; x_wconf 87' lang='lat' dir='ltr'><strong>longa</strong></span> <span class='ocrx_word' id='word_1_622' title='bbox 1518 4704 1597 4751; x_wconf 91' lang='lat' dir='ltr'><strong>est</strong></span> <span class='ocrx_word' id='word_1_623' title='bbox 1626 4696 1769 4749; x_wconf 87' lang='lat' dir='ltr'><strong>inter</strong></span> <span class='ocrx_word' id='word_1_624' title='bbox 1808 4694 2042 4749; x_wconf 87' lang='lat' dir='ltr'><strong>artiﬁces</strong></span> 
     </span>
    </p>
   </div>
   <div class='ocr_carea' id='block_1_81' title="bbox 455 4767 937 4825">
    <p class='ocr_par' dir='ltr' id='par_1_81' title="bbox 455 4767 937 4825">
     <span class='ocr_line' id='line_1_81' title="bbox 455 4767 937 4825; baseline 0.004 -6"><span class='ocrx_word' id='word_1_625' title='bbox 455 4767 780 4825; x_wconf 81' lang='lat' dir='ltr'><strong>differentia.</strong></span> <span class='ocrx_word' id='word_1_626' title='bbox 814 4771 937 4825; x_wconf 84' lang='lat' dir='ltr'><strong>RIG.</strong></span> 
     </span>
    </p>
   </div>
   <div class='ocr_carea' id='block_1_82' title="bbox 524 4835 2040 4910">
    <p class='ocr_par' dir='ltr' id='par_1_82' title="bbox 524 4835 2040 4910">
     <span class='ocr_line' id='line_1_82' title="bbox 524 4835 2040 4910; baseline -0.003 -18"><span class='ocrx_word' id='word_1_627' title='bbox 524 4839 639 4909; x_wconf 77' lang='grc'>(48)</span> <span class='ocrx_word' id='word_1_628' title='bbox 659 4841 721 4894; x_wconf 73' lang='grc' dir='ltr'><strong>[τι</strong></span> <span class='ocrx_word' id='word_1_629' title='bbox 750 4844 990 4898; x_wconf 85' lang='lat' dir='ltr'><strong>mortem</strong></span> <span class='ocrx_word' id='word_1_630' title='bbox 1010 4838 1343 4896; x_wconf 82' lang='lat' dir='ltr'><strong>cruditavit.</strong></span> <span class='ocrx_word' id='word_1_631' title='bbox 1368 4839 1491 4895; x_wconf 90' lang='lat' dir='ltr'><strong>Post</strong></span> <span class='ocrx_word' id='word_1_632' title='bbox 1511 4836 1767 4910; x_wconf 88' lang='lat' dir='ltr'><strong>pabulum</strong></span> <span class='ocrx_word' id='word_1_633' title='bbox 1797 4835 2040 4910; x_wconf 80' lang='lat' dir='ltr'><strong>illicitum</strong></span> 
     </span>
    </p>
   </div>
   <div class='ocr_carea' id='block_1_83' title="bbox 454 4908 2042 4967">
    <p class='ocr_par' dir='ltr' id='par_1_83' title="bbox 454 4908 2042 4967">
     <span class='ocr_line' id='line_1_83' title="bbox 454 4908 2042 4967; baseline -0.003 -5"><span class='ocrx_word' id='word_1_634' title='bbox 454 4908 719 4966; x_wconf 85' lang='lat' dir='ltr'><strong>laboravit</strong></span> <span class='ocrx_word' id='word_1_635' title='bbox 754 4912 1035 4967; x_wconf 89' lang='lat' dir='ltr'><strong>mortifera</strong></span> <span class='ocrx_word' id='word_1_636' title='bbox 1071 4910 1353 4966; x_wconf 88' lang='lat' dir='ltr'><strong>cruditate.</strong></span> <span class='ocrx_word' id='word_1_637' title='bbox 1398 4908 1592 4964; x_wconf 83' lang='lat' dir='ltr'><strong>Eodem</strong></span> <span class='ocrx_word' id='word_1_638' title='bbox 1654 4908 1821 4963; x_wconf 89' lang='lat' dir='ltr'><strong>verbo</strong></span> <span class='ocrx_word' id='word_1_639' title='bbox 1876 4908 2042 4961; x_wconf 90' lang='lat' dir='ltr'><strong>utitur</strong></span> 
     </span>
    </p>
   </div>
   <div class='ocr_carea' id='block_1_84' title="bbox 453 4978 2043 5054">
    <p class='ocr_par' dir='ltr' id='par_1_84' title="bbox 453 4978 2043 5054">
     <span class='ocr_line' id='line_1_84' title="bbox 453 4978 2043 5054; baseline -0.003 -21"><span class='ocrx_word' id='word_1_640' title='bbox 453 4978 546 5034; x_wconf 89' lang='lat' dir='ltr'><strong>lib.</strong></span> <span class='ocrx_word' id='word_1_641' title='bbox 574 4981 642 5035; x_wconf 89' lang='lat' dir='ltr'><strong>de</strong></span> <span class='ocrx_word' id='word_1_642' title='bbox 662 4983 927 5054; x_wconf 71' lang='lat' dir='ltr'><strong>Jejunz’is,</strong></span> <span class='ocrx_word' id='word_1_643' title='bbox 969 5005 991 5033; x_wconf 70' lang='grc' dir='ltr'>ι</span> <span class='ocrx_word' id='word_1_644' title='bbox 1045 4998 1215 5054; x_wconf 89' lang='lat' dir='ltr'><strong>usque</strong></span> <span class='ocrx_word' id='word_1_645' title='bbox 1238 4982 1305 5036; x_wconf 92' lang='lat' dir='ltr'><strong>ad</strong></span> <span class='ocrx_word' id='word_1_646' title='bbox 1341 4979 1614 5037; x_wconf 86' lang='lat' dir='ltr'><strong>choleram</strong></span> <span class='ocrx_word' id='word_1_647' title='bbox 1650 4988 2043 5051; x_wconf 83' lang='lat' dir='ltr'><strong>ortygometras</strong></span> 
     </span>
    </p>
   </div>
   <div class='ocr_carea' id='block_1_85' title="bbox 455 5053 1009 5108">
    <p class='ocr_par' dir='ltr' id='par_1_85' title="bbox 455 5053 1009 5108">
     <span class='ocr_line' id='line_1_85' title="bbox 455 5053 1009 5108; baseline 0.009 -4"><span class='ocrx_word' id='word_1_648' title='bbox 455 5053 789 5107; x_wconf 82' lang='lat' dir='ltr'><strong>cruditando.</strong></span> <span class='ocrx_word' id='word_1_649' title='bbox 827 5074 853 5102; x_wconf 69' lang='grc' dir='ltr'><strong><em>ι</em></strong></span> <span class='ocrx_word' id='word_1_650' title='bbox 888 5053 1009 5108; x_wconf 79' lang='lat' dir='ltr'><strong>ch.</strong></span> 
     </span>
    </p>
   </div>
   <div class='ocr_carea' id='block_1_86' title="bbox 528 5116 2043 5196">
    <p class='ocr_par' dir='ltr' id='par_1_86' title="bbox 528 5116 2043 5196">
     <span class='ocr_line' id='line_1_86' title="bbox 528 5116 2043 5196; baseline -0.011 -12"><span class='ocrx_word' id='word_1_651' title='bbox 528 5124 638 5196; x_wconf 72' lang='grc'>(49)</span> <span class='ocrx_word' id='word_1_652' title='bbox 665 5127 740 5181; x_wconf 87' lang='lat' dir='ltr'><strong>De</strong></span> <span class='ocrx_word' id='word_1_653' title='bbox 776 5124 983 5181; x_wconf 79' lang='lat' dir='ltr'><strong>diaboli</strong></span> <span class='ocrx_word' id='word_1_654' title='bbox 1008 5124 1160 5196; x_wconf 75' lang='lat' dir='ltr'><strong>gula.</strong></span> <span class='ocrx_word' id='word_1_655' title='bbox 1193 5121 1285 5177; x_wconf 90' lang='lat' dir='ltr'><strong>Sic</strong></span> <span class='ocrx_word' id='word_1_656' title='bbox 1318 5124 1411 5178; x_wconf 91' lang='lat' dir='ltr'><strong>lib.</strong></span> <span class='ocrx_word' id='word_1_657' title='bbox 1441 5124 1507 5179; x_wconf 88' lang='lat' dir='ltr'><strong>de</strong></span> <span class='ocrx_word' id='word_1_658' title='bbox 1535 5123 1824 5196; x_wconf 71' lang='lat' dir='ltr'><strong>Spectac.:</strong></span> <span class='ocrx_word' id='word_1_659' title='bbox 1872 5116 2043 5196; x_wconf 33' lang='lat' dir='ltr'><strong>«‘Dia-</strong></span> 
     </span>
    </p>
   </div>
   <div class='ocr_carea' id='block_1_87' title="bbox 456 5187 2044 5274">
    <p class='ocr_par' dir='ltr' id='par_1_87' title="bbox 456 5187 2044 5274">
     <span class='ocr_line' id='line_1_87' title="bbox 456 5187 2044 5274; baseline -0.004 -26"><span class='ocrx_word' id='word_1_660' title='bbox 456 5187 566 5274; x_wconf 72' lang='lat' dir='ltr'><strong>buli</strong></span> <span class='ocrx_word' id='word_1_661' title='bbox 619 5187 686 5250; x_wconf 82' lang='lat' dir='ltr'><strong>ex</strong></span> <span class='ocrx_word' id='word_1_662' title='bbox 727 5197 834 5274; x_wconf 67' lang='lat' dir='ltr'><strong>alto</strong></span> <span class='ocrx_word' id='word_1_663' title='bbox 877 5187 1368 5274; x_wconf 63' lang='lat' dir='ltr'><strong>principitatigula,</strong></span> <span class='ocrx_word' id='word_1_664' title='bbox 1421 5214 1454 5274; x_wconf 42' lang='grc' dir='ltr'><strong>ξ).</strong></span> <span class='ocrx_word' id='word_1_665' title='bbox 1480 5205 1532 5247; x_wconf 88' lang='lat' dir='ltr'><strong>et</strong></span> <span class='ocrx_word' id='word_1_666' title='bbox 1570 5187 1714 5245; x_wconf 56' lang='lat' dir='ltr'><strong>&quot;libro</strong></span> <span class='ocrx_word' id='word_1_667' title='bbox 1760 5187 2044 5274; x_wconf 42' lang='lat' dir='ltr'><strong>deLPudlif</strong></span> 
     </span>
    </p>
   </div>
   <div class='ocr_carea' id='block_1_88' title="bbox 457 5258 2043 5391">
    <p class='ocr_par' dir='ltr' id='par_1_88' title="bbox 457 5258 2043 5391">
     <span class='ocr_line' id='line_1_88' title="bbox 457 5258 2043 5337; baseline -0.006 -17"><span class='ocrx_word' id='word_1_668' title='bbox 457 5267 598 5321; x_wconf 78' lang='lat' dir='ltr'><strong>citia</strong></span> <span class='ocrx_word' id='word_1_669' title='bbox 619 5284 668 5319; x_wconf 70' lang='grc' dir='ltr'><strong>ια</strong></span> <span class='ocrx_word' id='word_1_670' title='bbox 722 5267 819 5322; x_wconf 89' lang='lat' dir='ltr'><strong>Cui</strong></span> <span class='ocrx_word' id='word_1_671' title='bbox 868 5258 1291 5322; x_wconf 45' lang='lat' dir='ltr'><strong>etiam-conditio</strong></span> <span class='ocrx_word' id='word_1_672' title='bbox 1320 5264 1521 5337; x_wconf 82' lang='lat' dir='ltr'><strong>gratior</strong></span> <span class='ocrx_word' id='word_1_673' title='bbox 1547 5273 1782 5331; x_wconf 65' lang='lat' dir='ltr'><strong>quaeque</strong></span> <span class='ocrx_word' id='word_1_674' title='bbox 1816 5258 1884 5313; x_wconf 87' lang='lat' dir='ltr'><strong>de</strong></span> <span class='ocrx_word' id='word_1_675' title='bbox 1913 5258 2043 5331; x_wconf 87' lang='lat' dir='ltr'><strong>gula</strong></span> 
     </span>
     <span class='ocr_line' id='line_1_89' title="bbox 457 5338 990 5391; baseline 0 0"><span class='ocrx_word' id='word_1_676' title='bbox 457 5350 643 5391; x_wconf 77' lang='lat' dir='ltr'><strong>erenta</strong></span> <span class='ocrx_word' id='word_1_677' title='bbox 670 5353 770 5391; x_wconf 69' lang='grc' dir='ltr'><strong>ρει.</strong></span> <span class='ocrx_word' id='word_1_678' title='bbox 810 5359 830 5385; x_wconf 73' lang='grc' dir='ltr'><strong><em>ι</em></strong></span> <span class='ocrx_word' id='word_1_679' title='bbox 867 5338 990 5391; x_wconf 76' lang='lat' dir='ltr'><strong>Bia.</strong></span> 
     </span>
    </p>
   </div>
   <div class='ocr_carea' id='block_1_89' title="bbox 456 5350 990 5392">
    <p class='ocr_par' dir='ltr' id='par_1_89' title="bbox 456 5350 990 5392">
     <span class='ocr_line' id='line_1_90' title="bbox 456 5350 990 5392; baseline 0 -1"><span class='ocrx_word' id='word_1_680' title='bbox 456 5350 643 5392; x_wconf 74' lang='lat' dir='ltr'><strong>erenla</strong></span> <span class='ocrx_word' id='word_1_681' title='bbox 670 5353 770 5391; x_wconf 68' lang='grc' dir='ltr'><strong>ρει.</strong></span> <span class='ocrx_word' id='word_1_682' title='bbox 810 5359 830 5385; x_wconf 69' lang='grc' dir='ltr'><strong><em>ι</em></strong></span> <span class='ocrx_word' id='word_1_683' title='bbox 867 5350 990 5391; x_wconf 63' lang='grc' dir='ltr'><strong>κισ.</strong></span> 
     </span>
    </p>
   </div>
   <div class='ocr_carea' id='block_1_90' title="bbox 527 5355 2043 5479">
    <p class='ocr_par' dir='ltr' id='par_1_90' title="bbox 527 5355 2043 5479">
     <span class='ocr_line' id='line_1_91' title="bbox 527 5355 2043 5479; baseline -0.001 -18"><span class='ocrx_word' id='word_1_684' title='bbox 670 5355 1318 5479; x_wconf 49' lang='grc' dir='ltr'><strong>ἳᾶὶιᾶἒὲὲἷιὴαρὶηφη,</strong></span> <span class='ocrx_word' id='word_1_685' title='bbox 1349 5412 1478 5473; x_wconf 91' lang='lat' dir='ltr'><strong>etc.,</strong></span> <span class='ocrx_word' id='word_1_686' title='bbox 1508 5403 1776 5479; x_wconf 77' lang='lat' dir='ltr'><strong>donatam</strong></span> <span class='ocrx_word' id='word_1_687' title='bbox 1815 5402 2043 5479; x_wconf 65' lang='lat' dir='ltr'><strong>Pythico</strong></span> 
     </span>
    </p>
   </div>
   <div class='ocr_carea' id='block_1_91' title="bbox 461 5472 2044 5551">
    <p class='ocr_par' dir='ltr' id='par_1_91' title="bbox 461 5472 2044 5551">
     <span class='ocr_line' id='line_1_92' title="bbox 461 5472 2044 5551; baseline -0.005 -17"><span class='ocrx_word' id='word_1_688' title='bbox 461 5472 657 5551; x_wconf 75' lang='lat' dir='ltr'><strong>agone,</strong></span> <span class='ocrx_word' id='word_1_689' title='bbox 709 5490 812 5551; x_wconf 83' lang='lat' dir='ltr'><strong>etc.</strong></span> <span class='ocrx_word' id='word_1_690' title='bbox 855 5472 1401 5551; x_wconf 15' lang='lat' dir='ltr'><strong>Higncuocicasionern</strong></span> <span class='ocrx_word' id='word_1_691' title='bbox 1465 5472 1747 5551; x_wconf 84' lang='lat' dir='ltr'><strong>accepisse</strong></span> <span class='ocrx_word' id='word_1_692' title='bbox 1814 5472 2044 5551; x_wconf 64' lang='lat' dir='ltr'><strong>videtur</strong></span> 
     </span>
    </p>
   </div>
   <div class='ocr_carea' id='block_1_92' title="bbox 462 5544 2045 5619">
    <p class='ocr_par' dir='ltr' id='par_1_92' title="bbox 462 5544 2045 5619">
     <span class='ocr_line' id='line_1_93' title="bbox 462 5544 2045 5619; baseline -0.004 -16"><span class='ocrx_word' id='word_1_693' title='bbox 462 5544 648 5603; x_wconf 71' lang='lat' dir='ltr'><strong>aut-tor</strong></span> <span class='ocrx_word' id='word_1_694' title='bbox 685 5545 955 5619; x_wconf 75' lang='lat' dir='ltr'><strong>scribendi</strong></span> <span class='ocrx_word' id='word_1_695' title='bbox 1016 5546 1133 5603; x_wconf 89' lang='lat' dir='ltr'><strong>libri</strong></span> <span class='ocrx_word' id='word_1_696' title='bbox 1191 5548 1258 5602; x_wconf 86' lang='lat' dir='ltr'><strong>de</strong></span> <span class='ocrx_word' id='word_1_697' title='bbox 1331 5547 1511 5619; x_wconf 81' lang='lat' dir='ltr'><strong>Spect.</strong></span> <span class='ocrx_word' id='word_1_698' title='bbox 1599 5544 1743 5619; x_wconf 86' lang='lat' dir='ltr'><strong>quod</strong></span> <span class='ocrx_word' id='word_1_699' title='bbox 1812 5544 2045 5599; x_wconf 87' lang='lat' dir='ltr'><strong>indictus</strong></span> 
     </span>
    </p>
   </div>
   <div class='ocr_carea' id='block_1_93' title="bbox 463 5616 2044 5691">
    <p class='ocr_par' dir='ltr' id='par_1_93' title="bbox 463 5616 2044 5691">
     <span class='ocr_line' id='line_1_94' title="bbox 463 5616 2044 5691; baseline -0.006 -13"><span class='ocrx_word' id='word_1_700' title='bbox 463 5627 604 5678; x_wconf 79' lang='lat' dir='ltr'><strong>esset</strong></span> <span class='ocrx_word' id='word_1_701' title='bbox 651 5617 961 5689; x_wconf 77' lang='lat' dir='ltr'><strong>Carthagini</strong></span> <span class='ocrx_word' id='word_1_702' title='bbox 1010 5640 1031 5668; x_wconf 77' lang='grc' dir='ltr'><strong><em>α</em></strong></span> <span class='ocrx_word' id='word_1_703' title='bbox 1087 5620 1336 5691; x_wconf 70' lang='lat' dir='ltr'><strong>Pythicus</strong></span> <span class='ocrx_word' id='word_1_704' title='bbox 1370 5616 1546 5691; x_wconf 76' lang='lat' dir='ltr'><strong>agon,</strong></span> <span class='ocrx_word' id='word_1_705' title='bbox 1586 5639 1606 5667; x_wconf 85' lang='grc'><strong>»</strong></span> <span class='ocrx_word' id='word_1_706' title='bbox 1642 5616 1801 5689; x_wconf 85' lang='lat' dir='ltr'><strong>idque</strong></span> <span class='ocrx_word' id='word_1_707' title='bbox 1837 5637 1859 5667; x_wconf 72' lang='lat' dir='ltr'><strong>ct</strong></span> <span class='ocrx_word' id='word_1_708' title='bbox 1920 5622 2044 5687; x_wconf 87' lang='lat' dir='ltr'><strong>post</strong></span> 
     </span>
    </p>
   </div>
   <div class='ocr_carea' id='block_1_94' title="bbox 2146 3756 3744 3830">
    <p class='ocr_par' dir='ltr' id='par_1_94' title="bbox 2146 3756 3744 3830">
     <span class='ocr_line' id='line_1_95' title="bbox 2146 3756 3744 3830; baseline -0.001 -17"><span class='ocrx_word' id='word_1_709' title='bbox 2146 3758 2303 3814; x_wconf 89' lang='lat' dir='ltr'><strong>stadii</strong></span> <span class='ocrx_word' id='word_1_710' title='bbox 2335 3765 2681 3830; x_wconf 83' lang='lat' dir='ltr'><strong>senectutem,</strong></span> <span class='ocrx_word' id='word_1_711' title='bbox 2715 3778 2738 3809; x_wconf 72' lang='grc' dir='ltr'><strong><em>ι</em></strong></span> <span class='ocrx_word' id='word_1_712' title='bbox 2772 3758 2825 3813; x_wconf 92' lang='lat' dir='ltr'><strong>id</strong></span> <span class='ocrx_word' id='word_1_713' title='bbox 2855 3767 2954 3825; x_wconf 88' lang='lat' dir='ltr'><strong>est,</strong></span> <span class='ocrx_word' id='word_1_714' title='bbox 2985 3766 3268 3830; x_wconf 88' lang='lat' dir='ltr'><strong>postquam</strong></span> <span class='ocrx_word' id='word_1_715' title='bbox 3294 3758 3545 3825; x_wconf 88' lang='lat' dir='ltr'><strong>stadium,</strong></span> <span class='ocrx_word' id='word_1_716' title='bbox 3577 3756 3629 3812; x_wconf 92' lang='lat' dir='ltr'><strong>id</strong></span> <span class='ocrx_word' id='word_1_717' title='bbox 3659 3766 3744 3812; x_wconf 87' lang='lat' dir='ltr'><strong>est</strong></span> 
     </span>
    </p>
   </div>
   <div class='ocr_carea' id='block_1_95' title="bbox 2146 3828 3739 3902">
    <p class='ocr_par' dir='ltr' id='par_1_95' title="bbox 2146 3828 3739 3902">
     <span class='ocr_line' id='line_1_96' title="bbox 2146 3828 3739 3902; baseline -0.002 -18"><span class='ocrx_word' id='word_1_718' title='bbox 2146 3830 2298 3902; x_wconf 84' lang='lat' dir='ltr'><strong>locus</strong></span> <span class='ocrx_word' id='word_1_719' title='bbox 2352 3828 2418 3882; x_wconf 89' lang='lat' dir='ltr'><strong>ad</strong></span> <span class='ocrx_word' id='word_1_720' title='bbox 2474 3844 2682 3902; x_wconf 84' lang='lat' dir='ltr'><strong>agones</strong></span> <span class='ocrx_word' id='word_1_721' title='bbox 2723 3828 3040 3900; x_wconf 79' lang='lat' dir='ltr'><strong>deputatus,</strong></span> <span class='ocrx_word' id='word_1_722' title='bbox 3089 3828 3544 3902; x_wconf 82' lang='lat' dir='ltr'><strong>jansenectutem</strong></span> <span class='ocrx_word' id='word_1_723' title='bbox 3571 3844 3739 3902; x_wconf 81' lang='lat' dir='ltr'><strong>quam</strong></span> 
     </span>
    </p>
   </div>
   <div class='ocr_carea' id='block_1_96' title="bbox 2147 3898 3743 3970">
    <p class='ocr_par' dir='ltr' id='par_1_96' title="bbox 2147 3898 3743 3970">
     <span class='ocr_line' id='line_1_97' title="bbox 2147 3898 3743 3970; baseline -0.002 -15"><span class='ocrx_word' id='word_1_724' title='bbox 2147 3901 2271 3955; x_wconf 91' lang='lat' dir='ltr'><strong>dam</strong></span> <span class='ocrx_word' id='word_1_725' title='bbox 2322 3898 2709 3969; x_wconf 59' lang='lat' dir='ltr'><strong>passus&#39;esset,</strong></span> <span class='ocrx_word' id='word_1_726' title='bbox 2768 3898 2953 3970; x_wconf 75' lang='lat' dir='ltr'><strong>utpote</strong></span> <span class='ocrx_word' id='word_1_727' title='bbox 3006 3916 3039 3955; x_wconf 90' lang='lat' dir='ltr'><strong>a</strong></span> <span class='ocrx_word' id='word_1_728' title='bbox 3070 3898 3250 3954; x_wconf 84' lang='lat' dir='ltr'><strong>multis</strong></span> <span class='ocrx_word' id='word_1_729' title='bbox 3308 3902 3463 3955; x_wconf 90' lang='lat' dir='ltr'><strong>annis</strong></span> <span class='ocrx_word' id='word_1_730' title='bbox 3524 3898 3743 3955; x_wconf 90' lang='lat' dir='ltr'><strong>minime</strong></span> 
     </span>
    </p>
   </div>
   <div class='ocr_carea' id='block_1_97' title="bbox 2147 3971 3742 4043">
    <p class='ocr_par' dir='ltr' id='par_1_97' title="bbox 2147 3971 3742 4043">
     <span class='ocr_line' id='line_1_98' title="bbox 2147 3971 3742 4043; baseline -0.003 -16"><span class='ocrx_word' id='word_1_731' title='bbox 2147 3971 2534 4043; x_wconf 84' lang='lat' dir='ltr'><strong>frequentatus.</strong></span> <span class='ocrx_word' id='word_1_732' title='bbox 2590 3971 2779 4043; x_wconf 15' lang='lat' dir='ltr'><strong>Atqui,</strong></span> <span class='ocrx_word' id='word_1_733' title='bbox 2810 3972 3085 4041; x_wconf 86' lang='lat' dir='ltr'><strong>Pythicum</strong></span> <span class='ocrx_word' id='word_1_734' title='bbox 3140 3986 3366 4043; x_wconf 86' lang='lat' dir='ltr'><strong>agonem</strong></span> <span class='ocrx_word' id='word_1_735' title='bbox 3417 3980 3572 4043; x_wconf 80' lang='lat' dir='ltr'><strong>vocat</strong></span> <span class='ocrx_word' id='word_1_736' title='bbox 3610 3985 3742 4043; x_wconf 86' lang='lat' dir='ltr'><strong>eum</strong></span> 
     </span>
    </p>
   </div>
   <div class='ocr_carea' id='block_1_98' title="bbox 2144 4040 3747 4113">
    <p class='ocr_par' dir='ltr' id='par_1_98' title="bbox 2144 4040 3747 4113">
     <span class='ocr_line' id='line_1_99' title="bbox 2144 4040 3747 4113; baseline -0.002 -16"><span class='ocrx_word' id='word_1_737' title='bbox 2144 4040 2261 4113; x_wconf 49' lang='lat' dir='ltr'><strong>qui&#39;</strong></span> <span class='ocrx_word' id='word_1_738' title='bbox 2297 4043 2352 4096; x_wconf 91' lang='lat' dir='ltr'><strong>in</strong></span> <span class='ocrx_word' id='word_1_739' title='bbox 2399 4041 2543 4113; x_wconf 88' lang='lat' dir='ltr'><strong>ludis</strong></span> <span class='ocrx_word' id='word_1_740' title='bbox 2583 4040 2860 4111; x_wconf 42' lang='lat' dir='ltr'><strong>Pythicis,</strong></span> <span class='ocrx_word' id='word_1_741' title='bbox 2885 4042 2939 4096; x_wconf 92' lang='lat' dir='ltr'><strong>id</strong></span> <span class='ocrx_word' id='word_1_742' title='bbox 2985 4051 3069 4113; x_wconf 85' lang='lat' dir='ltr'><strong>est</strong></span> <span class='ocrx_word' id='word_1_743' title='bbox 3093 4040 3327 4113; x_wconf 82' lang='lat' dir='ltr'><strong>Apollini</strong></span> <span class='ocrx_word' id='word_1_744' title='bbox 3373 4040 3558 4113; x_wconf 80' lang='lat' dir='ltr'><strong>Pythio</strong></span> <span class='ocrx_word' id='word_1_745' title='bbox 3589 4042 3747 4113; x_wconf 82' lang='lat' dir='ltr'><strong>dedi-</strong></span> 
     </span>
    </p>
   </div>
   <div class='ocr_carea' id='block_1_99' title="bbox 2147 4111 3747 4185">
    <p class='ocr_par' dir='ltr' id='par_1_99' title="bbox 2147 4111 3747 4185">
     <span class='ocr_line' id='line_1_100' title="bbox 2147 4111 3747 4185; baseline -0.003 -17"><span class='ocrx_word' id='word_1_746' title='bbox 2147 4111 2282 4168; x_wconf 80' lang='lat' dir='ltr'><strong>catis</strong></span> <span class='ocrx_word' id='word_1_747' title='bbox 2322 4112 2713 4168; x_wconf 86' lang='lat' dir='ltr'><strong>celebrabatur.</strong></span> <span class='ocrx_word' id='word_1_748' title='bbox 2752 4113 2943 4183; x_wconf 79' lang='lat' dir='ltr'><strong>Pyctes</strong></span> <span class='ocrx_word' id='word_1_749' title='bbox 2974 4111 3155 4185; x_wconf 74' lang='lat' dir='ltr'><strong>enim,</strong></span> <span class='ocrx_word' id='word_1_750' title='bbox 3206 4127 3306 4185; x_wconf 91' lang='lat' dir='ltr'><strong>pro</strong></span> <span class='ocrx_word' id='word_1_751' title='bbox 3344 4111 3542 4184; x_wconf 85' lang='lat' dir='ltr'><strong>pugile,</strong></span> <span class='ocrx_word' id='word_1_752' title='bbox 3567 4111 3747 4166; x_wconf 90' lang='lat' dir='ltr'><strong>notior</strong></span> 
     </span>
    </p>
   </div>
   <div class='ocr_carea' id='block_1_100' title="bbox 2145 4184 3367 4254">
    <p class='ocr_par' dir='ltr' id='par_1_100' title="bbox 2145 4184 3367 4254">
     <span class='ocr_line' id='line_1_101' title="bbox 2145 4184 3367 4254; baseline -0.002 -14"><span class='ocrx_word' id='word_1_753' title='bbox 2145 4199 2250 4240; x_wconf 88' lang='lat' dir='ltr'><strong>vox</strong></span> <span class='ocrx_word' id='word_1_754' title='bbox 2290 4191 2372 4236; x_wconf 84' lang='lat' dir='ltr'><strong>est</strong></span> <span class='ocrx_word' id='word_1_755' title='bbox 2399 4198 2554 4253; x_wconf 87' lang='lat' dir='ltr'><strong>quam</strong></span> <span class='ocrx_word' id='word_1_756' title='bbox 2588 4191 2645 4238; x_wconf 87' lang='lat' dir='ltr'><strong>nt</strong></span> <span class='ocrx_word' id='word_1_757' title='bbox 2676 4184 2915 4253; x_wconf 90' lang='lat' dir='ltr'><strong>pluribus</strong></span> <span class='ocrx_word' id='word_1_758' title='bbox 2940 4184 3008 4238; x_wconf 91' lang='lat' dir='ltr'><strong>sit</strong></span> <span class='ocrx_word' id='word_1_759' title='bbox 3035 4199 3194 4254; x_wconf 85' lang='lat' dir='ltr'><strong>Opus.</strong></span> <span class='ocrx_word' id='word_1_760' title='bbox 3214 4184 3367 4254; x_wconf 79' lang='lat' dir='ltr'><strong>Plut.</strong></span> 
     </span>
    </p>
   </div>
   <div class='ocr_carea' id='block_1_101' title="bbox 2216 4252 3745 4328">
    <p class='ocr_par' dir='ltr' id='par_1_101' title="bbox 2216 4252 3745 4328">
     <span class='ocr_line' id='line_1_102' title="bbox 2216 4252 3745 4328; baseline -0.001 -19"><span class='ocrx_word' id='word_1_761' title='bbox 2216 4257 2331 4323; x_wconf 84' lang='grc'>(51)</span> <span class='ocrx_word' id='word_1_762' title='bbox 2362 4255 2481 4328; x_wconf 83' lang='lat' dir='ltr'><strong>Qua</strong></span> <span class='ocrx_word' id='word_1_763' title='bbox 2507 4252 2838 4328; x_wconf 67' lang='lat' dir='ltr'><strong>nullasunt</strong></span> <span class='ocrx_word' id='word_1_764' title='bbox 2865 4252 3327 4328; x_wconf 59' lang='grc' dir='ltr'><strong>ργαείἠαζβῐθοὶςη</strong></span> <span class='ocrx_word' id='word_1_765' title='bbox 3359 4267 3559 4328; x_wconf 79' lang='lat' dir='ltr'><strong>agones</strong></span> <span class='ocrx_word' id='word_1_766' title='bbox 3593 4252 3745 4328; x_wconf 76' lang='lat' dir='ltr'><strong>cele-</strong></span> 
     </span>
    </p>
   </div>
   <div class='ocr_carea' id='block_1_102' title="bbox 2149 4324 3740 4396">
    <p class='ocr_par' dir='ltr' id='par_1_102' title="bbox 2149 4324 3740 4396">
     <span class='ocr_line' id='line_1_103' title="bbox 2149 4324 3740 4396; baseline 0 -17"><span class='ocrx_word' id='word_1_767' title='bbox 2149 4325 2369 4379; x_wconf 89' lang='lat' dir='ltr'><strong>brantur</strong></span> <span class='ocrx_word' id='word_1_768' title='bbox 2394 4324 2553 4396; x_wconf 88' lang='lat' dir='ltr'><strong>etiam</strong></span> <span class='ocrx_word' id='word_1_769' title='bbox 2582 4326 2635 4379; x_wconf 92' lang='lat' dir='ltr'><strong>in</strong></span> <span class='ocrx_word' id='word_1_770' title='bbox 2664 4326 2769 4381; x_wconf 88' lang='lat' dir='ltr'><strong>alta</strong></span> <span class='ocrx_word' id='word_1_771' title='bbox 2801 4324 2949 4396; x_wconf 81' lang='lat' dir='ltr'><strong>pace.</strong></span> <span class='ocrx_word' id='word_1_772' title='bbox 2984 4326 3073 4379; x_wconf 90' lang='lat' dir='ltr'><strong>Sic</strong></span> <span class='ocrx_word' id='word_1_773' title='bbox 3102 4325 3237 4380; x_wconf 91' lang='lat' dir='ltr'><strong>libro</strong></span> <span class='ocrx_word' id='word_1_774' title='bbox 3266 4325 3331 4381; x_wconf 86' lang='lat' dir='ltr'><strong>de</strong></span> <span class='ocrx_word' id='word_1_775' title='bbox 3354 4324 3740 4396; x_wconf 72' lang='lat' dir='ltr'><strong>Spectaculis,</strong></span> 
     </span>
    </p>
   </div>
   <div class='ocr_carea' id='block_1_103' title="bbox 2145 4394 3741 4523">
    <p class='ocr_par' dir='ltr' id='par_1_103' title="bbox 2145 4394 3741 4523">
     <span class='ocr_line' id='line_1_104' title="bbox 2145 4394 3741 4523; baseline -0.001 -74"><span class='ocrx_word' id='word_1_776' title='bbox 2145 4396 2371 4523; x_wconf 44' lang='lat' dir='ltr'><strong>ali‘thletas</strong></span> <span class='ocrx_word' id='word_1_777' title='bbox 2409 4395 2540 4451; x_wconf 88' lang='lat' dir='ltr'><strong>dixit</strong></span> <span class='ocrx_word' id='word_1_778' title='bbox 2581 4394 2823 4452; x_wconf 83' lang='lat' dir='ltr'><strong>homines</strong></span> <span class='ocrx_word' id='word_1_779' title='bbox 2852 4397 3026 4452; x_wconf 87' lang='lat' dir='ltr'><strong>altiles</strong></span> <span class='ocrx_word' id='word_1_780' title='bbox 3049 4404 3267 4467; x_wconf 90' lang='lat' dir='ltr'><strong>propter</strong></span> <span class='ocrx_word' id='word_1_781' title='bbox 3294 4394 3462 4452; x_wconf 84' lang='lat' dir='ltr'><strong>otium</strong></span> <span class='ocrx_word' id='word_1_782' title='bbox 3491 4394 3741 4450; x_wconf 65' lang='lat' dir='ltr'><strong>Graeciaa.</strong></span> 
     </span>
     <span class='ocr_line' id='line_1_105' title="bbox 2194 4482 2270 4522; baseline -0.013 0"><span class='ocrx_word' id='word_1_783' title='bbox 2194 4482 2270 4522; x_wconf 72' lang='grc' dir='ltr'><strong>ιθ.</strong></span> 
     </span>
    </p>
   </div>
   <div class='ocr_carea' id='block_1_104' title="bbox 2194 4482 2270 4522">
    <p class='ocr_par' dir='ltr' id='par_1_104' title="bbox 2194 4482 2270 4522">
     <span class='ocr_line' id='line_1_106' title="bbox 2194 4482 2270 4522; baseline -0.013 0"><span class='ocrx_word' id='word_1_784' title='bbox 2194 4482 2270 4522; x_wconf 86' lang='lat' dir='ltr'><strong>IG.</strong></span> 
     </span>
    </p>
   </div>
   <div class='ocr_carea' id='block_1_105' title="bbox 2216 4534 3745 4609">
    <p class='ocr_par' dir='ltr' id='par_1_105' title="bbox 2216 4534 3745 4609">
     <span class='ocr_line' id='line_1_107' title="bbox 2216 4534 3745 4609; baseline -0.003 -15"><span class='ocrx_word' id='word_1_785' title='bbox 2216 4537 2330 4609; x_wconf 77' lang='grc'>(52)</span> <span class='ocrx_word' id='word_1_786' title='bbox 2344 4538 2633 4609; x_wconf 74' lang='lat' dir='ltr'><strong>Nonnulla</strong></span> <span class='ocrx_word' id='word_1_787' title='bbox 2656 4538 2916 4609; x_wconf 67' lang='lat' dir='ltr'><strong>uulnera.</strong></span> <span class='ocrx_word' id='word_1_788' title='bbox 2941 4536 3160 4609; x_wconf 65' lang='lat' dir='ltr'><strong>Haecita</strong></span> <span class='ocrx_word' id='word_1_789' title='bbox 3176 4544 3303 4609; x_wconf 89' lang='lat' dir='ltr'><strong>sunt</strong></span> <span class='ocrx_word' id='word_1_790' title='bbox 3320 4534 3707 4609; x_wconf 69' lang='lat' dir='ltr'><strong>distinguenda</strong></span> <span class='ocrx_word' id='word_1_791' title='bbox 3728 4552 3745 4590; x_wconf 90' lang='lat'><strong>:</strong></span> 
     </span>
    </p>
   </div>
   <div class='ocr_carea' id='block_1_106' title="bbox 2150 4606 3745 4679">
    <p class='ocr_par' dir='ltr' id='par_1_106' title="bbox 2150 4606 3745 4679">
     <span class='ocr_line' id='line_1_108' title="bbox 2150 4606 3745 4679; baseline -0.003 -16"><span class='ocrx_word' id='word_1_792' title='bbox 2150 4626 2271 4664; x_wconf 86' lang='lat' dir='ltr'><strong>nam</strong></span> <span class='ocrx_word' id='word_1_793' title='bbox 2312 4606 2419 4664; x_wconf 80' lang='lat' dir='ltr'><strong>hoc</strong></span> <span class='ocrx_word' id='word_1_794' title='bbox 2463 4607 2541 4663; x_wconf 90' lang='lat' dir='ltr'><strong>ait</strong></span> <span class='ocrx_word' id='word_1_795' title='bbox 2568 4627 2581 4662; x_wconf 89' lang='lat'><strong>:</strong></span> <span class='ocrx_word' id='word_1_796' title='bbox 2623 4608 2777 4662; x_wconf 87' lang='lat' dir='ltr'><strong>Nulla</strong></span> <span class='ocrx_word' id='word_1_797' title='bbox 2807 4616 2930 4679; x_wconf 85' lang='lat' dir='ltr'><strong>sunt</strong></span> <span class='ocrx_word' id='word_1_798' title='bbox 2957 4608 3163 4679; x_wconf 76' lang='lat' dir='ltr'><strong>praelia,</strong></span> <span class='ocrx_word' id='word_1_799' title='bbox 3190 4608 3318 4674; x_wconf 88' lang='lat' dir='ltr'><strong>quia</strong></span> <span class='ocrx_word' id='word_1_800' title='bbox 3346 4606 3523 4662; x_wconf 76' lang='lat' dir='ltr'><strong>nullus</strong></span> <span class='ocrx_word' id='word_1_801' title='bbox 3544 4606 3745 4670; x_wconf 88' lang='lat' dir='ltr'><strong>hostis;</strong></span> 
     </span>
    </p>
   </div>
   <div class='ocr_carea' id='block_1_107' title="bbox 2150 4678 3752 4751">
    <p class='ocr_par' dir='ltr' id='par_1_107' title="bbox 2150 4678 3752 4751">
     <span class='ocr_line' id='line_1_109' title="bbox 2150 4678 3752 4751; baseline -0.001 -16"><span class='ocrx_word' id='word_1_802' title='bbox 2150 4682 2267 4751; x_wconf 10' lang='lat' dir='ltr'><strong>sed,</strong></span> <span class='ocrx_word' id='word_1_803' title='bbox 2294 4689 2467 4733; x_wconf 85' lang='lat' dir='ltr'><strong>tamen</strong></span> <span class='ocrx_word' id='word_1_804' title='bbox 2511 4693 2618 4731; x_wconf 92' lang='lat' dir='ltr'><strong>non</strong></span> <span class='ocrx_word' id='word_1_805' title='bbox 2655 4687 2782 4732; x_wconf 72' lang='lat' dir='ltr'><strong>sunt</strong></span> <span class='ocrx_word' id='word_1_806' title='bbox 2820 4678 2971 4751; x_wconf 81' lang='lat' dir='ltr'><strong>nulla</strong></span> <span class='ocrx_word' id='word_1_807' title='bbox 2998 4679 3244 4751; x_wconf 73' lang='lat' dir='ltr'><strong>vulnera,</strong></span> <span class='ocrx_word' id='word_1_808' title='bbox 3283 4679 3411 4751; x_wconf 90' lang='lat' dir='ltr'><strong>quia</strong></span> <span class='ocrx_word' id='word_1_809' title='bbox 3439 4685 3656 4733; x_wconf 76' lang='lat' dir='ltr'><strong>strenue</strong></span> <span class='ocrx_word' id='word_1_810' title='bbox 3684 4693 3752 4733; x_wconf 90' lang='lat' dir='ltr'><strong>ac</strong></span> 
     </span>
    </p>
   </div>
   <div class='ocr_carea' id='block_1_108' title="bbox 2148 4750 3298 4807">
    <p class='ocr_par' dir='ltr' id='par_1_108' title="bbox 2148 4750 3298 4807">
     <span class='ocr_line' id='line_1_110' title="bbox 2148 4750 3298 4807; baseline -0.001 -2"><span class='ocrx_word' id='word_1_811' title='bbox 2148 4750 2357 4807; x_wconf 85' lang='lat' dir='ltr'><strong>fortiter</strong></span> <span class='ocrx_word' id='word_1_812' title='bbox 2384 4750 2657 4802; x_wconf 87' lang='lat' dir='ltr'><strong>decertant</strong></span> <span class='ocrx_word' id='word_1_813' title='bbox 2685 4755 2737 4801; x_wconf 86' lang='lat' dir='ltr'><strong>et</strong></span> <span class='ocrx_word' id='word_1_814' title='bbox 2755 4750 3125 4804; x_wconf 76' lang='lat' dir='ltr'><strong>vulnerantur.</strong></span> <span class='ocrx_word' id='word_1_815' title='bbox 3172 4750 3298 4804; x_wconf 77' lang='lat' dir='ltr'><strong>Rm.</strong></span> 
     </span>
    </p>
   </div>
   <div class='ocr_carea' id='block_1_109' title="bbox 2220 4817 3749 4893">
    <p class='ocr_par' dir='ltr' id='par_1_109' title="bbox 2220 4817 3749 4893">
     <span class='ocr_line' id='line_1_111' title="bbox 2220 4817 3749 4893; baseline 0.001 -20"><span class='ocrx_word' id='word_1_816' title='bbox 2220 4820 2335 4893; x_wconf 86' lang='grc'>(53)</span> <span class='ocrx_word' id='word_1_817' title='bbox 2388 4819 2576 4893; x_wconf 64' lang='grc' dir='ltr'><strong>(ζαιεβε</strong></span> <span class='ocrx_word' id='word_1_818' title='bbox 2634 4820 2935 4893; x_wconf 23' lang='lat' dir='ltr'><strong>arietant.”</strong></span> <span class='ocrx_word' id='word_1_819' title='bbox 2968 4821 3161 4893; x_wconf 84' lang='lat' dir='ltr'><strong>Faber,</strong></span> <span class='ocrx_word' id='word_1_820' title='bbox 3220 4820 3471 4893; x_wconf 75' lang='lat' dir='ltr'><strong>Agonist.</strong></span> <span class='ocrx_word' id='word_1_821' title='bbox 3532 4817 3749 4893; x_wconf 85' lang='lat' dir='ltr'><strong>lib.__n,</strong></span> 
     </span>
    </p>
   </div>
   <div class='ocr_carea' id='block_1_110' title="bbox 2149 4889 3750 4961">
    <p class='ocr_par' dir='ltr' id='par_1_110' title="bbox 2149 4889 3750 4961">
     <span class='ocr_line' id='line_1_112' title="bbox 2149 4889 3750 4961; baseline 0.001 -17"><span class='ocrx_word' id='word_1_822' title='bbox 2149 4904 2198 4944; x_wconf 91' lang='lat' dir='ltr'><strong>c.</strong></span> <span class='ocrx_word' id='word_1_823' title='bbox 2234 4893 2287 4942; x_wconf 93' lang='lat'><strong>9.</strong></span> <span class='ocrx_word' id='word_1_824' title='bbox 2325 4889 2430 4961; x_wconf 83' lang='lat' dir='ltr'><strong>legi</strong></span> <span class='ocrx_word' id='word_1_825' title='bbox 2459 4891 2593 4955; x_wconf 90' lang='lat' dir='ltr'><strong>vult,</strong></span> <span class='ocrx_word' id='word_1_826' title='bbox 2624 4889 2822 4946; x_wconf 68' lang='lat' dir='ltr'><strong>calvae.</strong></span> <span class='ocrx_word' id='word_1_827' title='bbox 2852 4892 2997 4946; x_wconf 91' lang='lat' dir='ltr'><strong>Nihil</strong></span> <span class='ocrx_word' id='word_1_828' title='bbox 3023 4889 3338 4946; x_wconf 76' lang='lat' dir='ltr'><strong>mutandum</strong></span> <span class='ocrx_word' id='word_1_829' title='bbox 3383 4905 3596 4961; x_wconf 75' lang='lat' dir='ltr'><strong>censeo.</strong></span> <span class='ocrx_word' id='word_1_830' title='bbox 3631 4889 3750 4945; x_wconf 77' lang='lat' dir='ltr'><strong>Vox</strong></span> 
     </span>
    </p>
   </div>
   <div class='ocr_carea' id='block_1_111' title="bbox 2149 4959 3749 5031">
    <p class='ocr_par' dir='ltr' id='par_1_111' title="bbox 2149 4959 3749 5031">
     <span class='ocr_line' id='line_1_113' title="bbox 2149 4959 3749 5031; baseline 0.003 -19"><span class='ocrx_word' id='word_1_831' title='bbox 2149 4975 2299 5028; x_wconf 87' lang='lat' dir='ltr'><strong>vero,</strong></span> <span class='ocrx_word' id='word_1_832' title='bbox 2355 4959 2599 5023; x_wconf 66' lang='lat' dir='ltr'><strong>arietant,</strong></span> <span class='ocrx_word' id='word_1_833' title='bbox 2632 4960 2755 5031; x_wconf 80' lang='lat' dir='ltr'><strong>aliis</strong></span> <span class='ocrx_word' id='word_1_834' title='bbox 2809 4963 2973 5017; x_wconf 86' lang='lat' dir='ltr'><strong>etiam</strong></span> <span class='ocrx_word' id='word_1_835' title='bbox 3037 4963 3257 5017; x_wconf 89' lang='lat' dir='ltr'><strong>usitata.</strong></span> <span class='ocrx_word' id='word_1_836' title='bbox 3290 4960 3495 5017; x_wconf 90' lang='lat' dir='ltr'><strong>Plinius</strong></span> <span class='ocrx_word' id='word_1_837' title='bbox 3546 4960 3639 5031; x_wconf 89' lang='lat' dir='ltr'><strong>lib.</strong></span> <span class='ocrx_word' id='word_1_838' title='bbox 3682 4977 3749 5031; x_wconf 83' lang='grc' dir='ltr'><strong>ιι,</strong></span> 
     </span>
    </p>
   </div>
   <div class='ocr_carea' id='block_1_112' title="bbox 2147 5030 3747 5111">
    <p class='ocr_par' dir='ltr' id='par_1_112' title="bbox 2147 5030 3747 5111">
     <span class='ocr_line' id='line_1_114' title="bbox 2147 5030 3747 5111; baseline 0.003 -27"><span class='ocrx_word' id='word_1_839' title='bbox 2147 5044 2269 5111; x_wconf 59' lang='lat' dir='ltr'><strong>cap:</strong></span> <span class='ocrx_word' id='word_1_840' title='bbox 2304 5034 2395 5095; x_wconf 87' lang='lat'><strong>82,</strong></span> <span class='ocrx_word' id='word_1_841' title='bbox 2419 5030 2488 5111; x_wconf 79' lang='lat' dir='ltr'><strong>de</strong></span> <span class='ocrx_word' id='word_1_842' title='bbox 2518 5030 2755 5087; x_wconf 73' lang='lat' dir='ltr'><strong>aediﬁciis</strong></span> <span class='ocrx_word' id='word_1_843' title='bbox 2786 5040 2941 5089; x_wconf 67' lang='lat' dir='ltr'><strong>terrae</strong></span> <span class='ocrx_word' id='word_1_844' title='bbox 2990 5044 3140 5090; x_wconf 90' lang='lat' dir='ltr'><strong>motu</strong></span> <span class='ocrx_word' id='word_1_845' title='bbox 3167 5049 3288 5111; x_wconf 77' lang='lat' dir='ltr'><strong>sese</strong></span> <span class='ocrx_word' id='word_1_846' title='bbox 3313 5030 3747 5111; x_wconf 72' lang='lat' dir='ltr'><strong>collidentibus;</strong></span> 
     </span>
    </p>
   </div>
   <div class='ocr_carea' id='block_1_113' title="bbox 2154 5102 3753 5169">
    <p class='ocr_par' dir='ltr' id='par_1_113' title="bbox 2154 5102 3753 5169">
     <span class='ocr_line' id='line_1_115' title="bbox 2154 5102 3753 5169; baseline 0.004 -16"><span class='ocrx_word' id='word_1_847' title='bbox 2154 5119 2180 5153; x_wconf 79' lang='grc' dir='ltr'>ι</span> <span class='ocrx_word' id='word_1_848' title='bbox 2246 5102 2549 5169; x_wconf 85' lang='lat' dir='ltr'><strong>lnnoxium,</strong></span> <span class='ocrx_word' id='word_1_849' title='bbox 2598 5113 2651 5157; x_wconf 92' lang='lat' dir='ltr'><strong>et</strong></span> <span class='ocrx_word' id='word_1_850' title='bbox 2702 5120 2825 5160; x_wconf 87' lang='lat' dir='ltr'><strong>cum</strong></span> <span class='ocrx_word' id='word_1_851' title='bbox 2872 5105 3245 5162; x_wconf 89' lang='lat' dir='ltr'><strong>concurrentia</strong></span> <span class='ocrx_word' id='word_1_852' title='bbox 3295 5111 3431 5159; x_wconf 88' lang='lat' dir='ltr'><strong>tecta</strong></span> <span class='ocrx_word' id='word_1_853' title='bbox 3479 5104 3753 5160; x_wconf 87' lang='lat' dir='ltr'><strong>contrario</strong></span> 
     </span>
    </p>
   </div>
   <div class='ocr_carea' id='block_1_114' title="bbox 2147 5170 3747 5249">
    <p class='ocr_par' dir='ltr' id='par_1_114' title="bbox 2147 5170 3747 5249">
     <span class='ocr_line' id='line_1_116' title="bbox 2147 5170 3747 5249; baseline 0.001 -21"><span class='ocrx_word' id='word_1_854' title='bbox 2147 5170 2257 5249; x_wconf 70' lang='lat' dir='ltr'><strong>ictu</strong></span> <span class='ocrx_word' id='word_1_855' title='bbox 2286 5172 2526 5242; x_wconf 88' lang='lat' dir='ltr'><strong>arietant,</strong></span> <span class='ocrx_word' id='word_1_856' title='bbox 2560 5175 2812 5249; x_wconf 74' lang='lat' dir='ltr'><strong>quoniam</strong></span> <span class='ocrx_word' id='word_1_857' title='bbox 2842 5175 2981 5231; x_wconf 87' lang='lat' dir='ltr'><strong>alter</strong></span> <span class='ocrx_word' id='word_1_858' title='bbox 3011 5184 3184 5249; x_wconf 83' lang='lat' dir='ltr'><strong>motus</strong></span> <span class='ocrx_word' id='word_1_859' title='bbox 3213 5174 3365 5230; x_wconf 90' lang='lat' dir='ltr'><strong>alteri</strong></span> <span class='ocrx_word' id='word_1_860' title='bbox 3410 5172 3687 5249; x_wconf 70' lang='lat' dir='ltr'><strong>renititur.</strong></span> <span class='ocrx_word' id='word_1_861' title='bbox 3722 5196 3747 5249; x_wconf 53' lang='grc' dir='ltr'>ξ</span> 
     </span>
    </p>
   </div>
   <div class='ocr_carea' id='block_1_115' title="bbox 2148 5243 3754 5318">
    <p class='ocr_par' dir='ltr' id='par_1_115' title="bbox 2148 5243 3754 5318">
     <span class='ocr_line' id='line_1_117' title="bbox 2148 5243 3754 5318; baseline 0.002 -20"><span class='ocrx_word' id='word_1_862' title='bbox 2148 5243 2259 5298; x_wconf 87' lang='lat' dir='ltr'><strong>Etsi</strong></span> <span class='ocrx_word' id='word_1_863' title='bbox 2305 5259 2436 5299; x_wconf 89' lang='lat' dir='ltr'><strong>vero</strong></span> <span class='ocrx_word' id='word_1_864' title='bbox 2466 5249 2533 5318; x_wconf 76' lang='lat' dir='ltr'><strong>de</strong></span> <span class='ocrx_word' id='word_1_865' title='bbox 2562 5243 2840 5312; x_wconf 76' lang='lat' dir='ltr'><strong>arietibus,</strong></span> <span class='ocrx_word' id='word_1_866' title='bbox 2872 5262 2936 5301; x_wconf 84' lang='lat' dir='ltr'><strong>ex</strong></span> <span class='ocrx_word' id='word_1_867' title='bbox 2971 5246 3121 5318; x_wconf 88' lang='lat' dir='ltr'><strong>vocis</strong></span> <span class='ocrx_word' id='word_1_868' title='bbox 3176 5256 3379 5318; x_wconf 82' lang='lat' dir='ltr'><strong>etymo,</strong></span> <span class='ocrx_word' id='word_1_869' title='bbox 3408 5245 3463 5301; x_wconf 90' lang='lat' dir='ltr'><strong>id</strong></span> <span class='ocrx_word' id='word_1_870' title='bbox 3488 5244 3754 5318; x_wconf 87' lang='lat' dir='ltr'><strong>__i_ntel|igi</strong></span> 
     </span>
    </p>
   </div>
   <div class='ocr_carea' id='block_1_116' title="bbox 2149 5315 2711 5388">
    <p class='ocr_par' dir='ltr' id='par_1_116' title="bbox 2149 5315 2711 5388">
     <span class='ocr_line' id='line_1_118' title="bbox 2149 5315 2711 5388; baseline 0.005 -21"><span class='ocrx_word' id='word_1_871' title='bbox 2149 5322 2354 5388; x_wconf 77' lang='lat' dir='ltr'><strong>tantum</strong></span> <span class='ocrx_word' id='word_1_872' title='bbox 2448 5315 2711 5388; x_wconf 87' lang='lat' dir='ltr'><strong>videatur,</strong></span> 
     </span>
    </p>
   </div>
   <div class='ocr_carea' id='block_1_117' title="bbox 2808 5314 3753 5391">
    <p class='ocr_par' dir='ltr' id='par_1_117' title="bbox 2808 5314 3753 5391">
     <span class='ocr_line' id='line_1_119' title="bbox 2808 5314 3753 5391; baseline 0.001 -19"><span class='ocrx_word' id='word_1_873' title='bbox 2808 5318 2875 5372; x_wconf 90' lang='lat' dir='ltr'><strong>de</strong></span> <span class='ocrx_word' id='word_1_874' title='bbox 2972 5317 3141 5373; x_wconf 89' lang='lat' dir='ltr'><strong>tauris</strong></span> <span class='ocrx_word' id='word_1_875' title='bbox 3227 5314 3406 5373; x_wconf 75' lang='lat' dir='ltr'><strong>tamen</strong></span> <span class='ocrx_word' id='word_1_876' title='bbox 3487 5314 3753 5391; x_wconf 63' lang='lat' dir='ltr'><strong>Virgilius</strong></span> 
     </span>
    </p>
   </div>
   <div class='ocr_carea' id='block_1_118' title="bbox 2147 5384 2405 5442">
    <p class='ocr_par' dir='ltr' id='par_1_118' title="bbox 2147 5384 2405 5442">
     <span class='ocr_line' id='line_1_120' title="bbox 2147 5384 2405 5442; baseline 0.004 -1"><span class='ocrx_word' id='word_1_877' title='bbox 2147 5384 2245 5441; x_wconf 89' lang='lat' dir='ltr'><strong>lib.</strong></span> <span class='ocrx_word' id='word_1_878' title='bbox 2279 5400 2365 5441; x_wconf 85' lang='lat' dir='ltr'><strong>xu</strong></span> <span class='ocrx_word' id='word_1_879' title='bbox 2390 5404 2405 5442; x_wconf 90' lang='lat'><strong>:</strong></span> 
     </span>
    </p>
   </div>
   <div class='ocr_carea' id='block_1_119' title="bbox 2275 5553 3468 5620">
    <p class='ocr_par' dir='ltr' id='par_1_119' title="bbox 2275 5553 3468 5620">
     <span class='ocr_line' id='line_1_121' title="bbox 2275 5553 3468 5620; baseline 0.001 -17"><span class='ocrx_word' id='word_1_880' title='bbox 2275 5553 2400 5620; x_wconf 68' lang='lat' dir='ltr'><strong>Cum</strong></span> <span class='ocrx_word' id='word_1_881' title='bbox 2422 5569 2523 5619; x_wconf 89' lang='lat' dir='ltr'><strong>quo</strong></span> <span class='ocrx_word' id='word_1_882' title='bbox 2542 5554 2792 5606; x_wconf 85' lang='lat' dir='ltr'><strong>conversis</strong></span> <span class='ocrx_word' id='word_1_883' title='bbox 2825 5554 3034 5605; x_wconf 79' lang='lat' dir='ltr'><strong>inimica.</strong></span> <span class='ocrx_word' id='word_1_884' title='bbox 3053 5554 3105 5605; x_wconf 87' lang='lat' dir='ltr'><strong>in</strong></span> <span class='ocrx_word' id='word_1_885' title='bbox 3128 5554 3306 5620; x_wconf 68' lang='lat' dir='ltr'><strong>praelia</strong></span> <span class='ocrx_word' id='word_1_886' title='bbox 3336 5553 3468 5605; x_wconf 86' lang='lat' dir='ltr'><strong>tauri</strong></span> 
     </span>
    </p>
   </div>
   <div class='ocr_carea' id='block_1_120' title="bbox 2277 5616 2857 5670">
    <p class='ocr_par' dir='ltr' id='par_1_120' title="bbox 2277 5616 2857 5670">
     <span class='ocr_line' id='line_1_122' title="bbox 2277 5616 2857 5670; baseline 0 -4"><span class='ocrx_word' id='word_1_887' title='bbox 2277 5616 2547 5670; x_wconf 82' lang='lat' dir='ltr'><strong>Frontibus</strong></span> <span class='ocrx_word' id='word_1_888' title='bbox 2582 5620 2857 5670; x_wconf 78' lang='lat' dir='ltr'><strong>incurrunt.</strong></span> 
     </span>
    </p>
   </div>
  </div>
