4036 6172
259 356 359 418 157

1426 355 1582 417 ADV.
1624 354 1971 418 GNOSTIGOS
2008 354 2375 418 SGOBPIAGE.

3455 358 3559 422 158

258 482 438 554 palma
488 479 815 553 sanguinem
866 480 1149 575 obscurat;
1210 483 1330 551 plus
1392 482 1613 539 victoria
1683 489 1850 538 tumet
1879 497 1926 575 Α
1953 481 2089 538 nihil
2123 483 2239 553 jam
2280 483 2518 554 reputari
2563 484 2741 552 potest
2780 482 2926 555 (56),
2974 484 3171 557 quibus
3218 483 3274 540 in
3331 484 3550 544 lavacro

264 587 421 643 quam
466 570 664 639 injuria
692 569 744 607 ³ο
800 568 936 637 (54).
997 570 1151 626 Hunc
1207 579 1264 625 tu
1300 571 1491 626 laesum
1520 570 1851 627 existimabis

268 677 421 732 quem
461 659 605 714 vides
647 658 877 713 laetum?
906 659 1013 713 Sed
1062 675 1164 715 nec
1193 660 1365 716 victus
1394 659 1511 731 ipse
1551 661 1620 715 de
1643 676 1855 731 agono-

269 751 406 805 theta
461 763 653 802 casum
713 763 876 802 suum
932 747 1298 817 exprobrabit.
1359 749 1529 804 Deum
1578 748 1858 804 dedecebit

264 846 391 893 artes
432 847 486 890 et
534 835 853 905 disciplinas
897 851 1025 891 suas
1070 837 1298 892 educere
1366 837 1423 891 in
1490 836 1755 908 medium,
1800 836 1855 891 in

262 928 350 982 hoc
395 924 589 980 saeculi
636 924 894 996 spatium,
945 925 999 979 in
1045 925 1414 995 spectaculum
1457 926 1766 981 hominibus
1804 937 1856 983 et

256 1014 447 1088 angelis
524 1022 583 1067 et
630 1012 901 1067 universis
968 1013 1365 1083 potestatibus?
1414 1030 1627 1070 carnem
1692 1025 1854 1085 atque

251 1102 478 1158 animam
538 1101 781 1170 probare
824 1101 893 1155 de
947 1101 1244 1157 constantia
1301 1109 1459 1174 atque
1524 1102 1852 1158 tolerantia?

246 1193 364 1246 dare
422 1192 562 1245 huic
627 1190 884 1259 palmam,
942 1188 1066 1245 huic
1128 1190 1406 1256 honorem,
1442 1190 1517 1245 illi
1553 1191 1847 1258 civitatem,

235 1280 303 1334 illi
329 1278 619 1349 stipendia
646 1279 675 1331 ?
701 1279 863 1332 etiam
890 1277 1151 1349 quosdam
1178 1280 1495 1348 reprobare,
1528 1287 1583 1334 et
1624 1280 1852 1352 castiga-

234 1381 315 1426 tos
340 1384 468 1423 cum
507 1366 813 1437 ignominia
851 1367 1209 1422 submovere?
1236 1366 1500 1422 Nimirum
1531 1370 1849 1438 prescribes

236 1455 362 1520 Deo,
394 1454 613 1525 quibus
662 1453 1014 1523 temporibus,
1044 1462 1133 1509 aut
1177 1448 1376 1521 modis,
1399 1463 1490 1509 aut
1519 1454 1651 1511 locis
1683 1456 1749 1511 de
1775 1455 1847 1512 fa-

235 1542 383 1597 milia
410 1558 519 1597 sua
542 1541 778 1611 judicet,
808 1541 965 1612 quasi
1022 1557 1127 1598 non
1182 1551 1237 1598 et
1289 1543 1644 1615 praejudicare
1680 1545 1847 1614 judici

236 1642 524 1704 congmat.
566 1628 714 1697 Quid
757 1646 920 1695 nunc,
960 1631 1006 1685 si
1054 1646 1160 1688 non
1202 1632 1250 1670 21
1292 1632 1601 1689 certaminis
1628 1634 1848 1691 nomine

237 1720 289 1776 in
315 1719 587 1791 martyria
616 1718 780 1773 ﬁdem
810 1719 1168 1789 eXposuisset,
1198 1720 1289 1780 sed
1322 1728 1374 1776 et
1402 1721 1451 1759 ²²
1492 1721 1693 1793 prOprii
1728 1738 1846 1792 pro-

1966 572 2084 643 ipsa
2102 572 2208 627 vita
2226 571 2534 642 deponitur.
2552 572 2642 629 Sic
2658 572 2883 630 dilectio
2911 575 3092 645 aperit
3111 575 3547 632 multitudinem

1967 661 2304 717 delictorum
2332 661 2375 733 (Ι
2403 663 2560 719 Petr.
2590 676 2664 731 ιν,
2704 666 2781 729 8),
2814 677 2934 732 quae
2968 662 3150 719 Deum
3177 664 3394 720 scilicet
3418 664 3552 720 dili-

1963 765 2097 822 gens
2144 766 2216 806 ex
2263 752 2394 805 totis
2424 749 2631 806 viribus
2676 751 2815 815 suis,
2845 750 3042 822 quibus
3078 750 3133 805 in
3162 751 3413 821 martyrio
3450 753 3547 807 de-

1963 844 2148 906 certat,
2186 855 2259 895 ea:
2287 843 2404 895 tota
2441 841 2638 895 anima
2666 854 2771 894 sua
2812 838 3032 907 (Matth.
3071 854 3207 903 xxii,
3240 838 3352 909 37),
3381 857 3545 911 quam

1962 943 2059 999 pro
2089 930 2203 984 Deo
2234 928 2405 1000 ponit,
2450 928 2719 984 hominem
2751 938 3033 999 martyrem
3062 929 3296 985 excudit.
3330 930 3457 985 Hac
3486 938 3546 985 tu

1960 1019 2212 1084 remedia,
2270 1017 2513 1084 consilia,
2573 1018 2808 1087 judicia,
2876 1017 3179 1087 spectacula
3233 1019 3397 1072 etiam
3452 1018 3550 1074 Dei

1959 1104 2285 1163 atrocitatem
2338 1106 2610 1177 judicabis
2662 1106 2711 1145 29
2764 1106 2918 1178 (57)?
2966 1106 3281 1178 sanguinem
3317 1106 3550 1164 hominis

1958 1195 2104 1251 Deus
2158 1197 2532 1268 concupiscit?
2588 1198 2658 1252 Et
2715 1205 2892 1253 tamen
2946 1199 3115 1252 ausim
3169 1196 3370 1266 dicere,
3414 1196 3457 1251 si
3494 1203 3548 1251 et

1957 1284 2119 1339 homo
2171 1300 2398 1353 regnum
2453 1285 2567 1350 Dei,
2626 1286 2671 1340 si
2724 1286 2885 1342 homo
2940 1293 3139 1341 certam
3194 1286 3443 1350 salutem,
3501 1283 3549 1340 si

1957 1380 2010 1426 et
2066 1373 2116 1411 ³ο
2169 1375 2330 1429 homo
2386 1374 2677 1428 secundam
2735 1375 3210 1443 regenerationem.
3280 1373 3425 1430 Nulli
3497 1372 3544 1412 31

1955 1462 2325 1532 compensatio
2354 1460 2616 1517 invidiosa
2640 1469 2741 1527 est,
2775 1463 2826 1516 in
2856 1478 2963 1532 qua
2983 1472 3077 1519 aut
3101 1463 3312 1534 gratias,
3342 1469 3432 1518 aut
3459 1461 3547 1517 in-

1951 1549 2111 1619 juria:
2140 1551 2442 1607 communis
2470 1559 2552 1605 est
2585 1552 2741 1606 ratio.

2572 1675 2795 1731 CAPUT
2820 1673 2932 1731 V11.

240 1781 684 1879 fectusfuonne
728 1781 1014 1879 Oportebat
1055 1781 1197 1863 illam
1228 1809 1427 1865 habere
1468 1781 1699 1880 aliquem
1728 1781 1843 1882 spei
1878 1781 1922 1858 Β
2022 1802 2245 1858 Ιοοιιιὶει
2289 1801 2463 1858 adhuc
2497 1800 2762 1872 SCOPPiUS.
2801 1800 3122 1857 hOmicidam
3181 1802 3348 1856 Deum
3402 1818 3530 1859 ven-

252 1897 545 1961 cumulum,
600 1895 685 1952 cui
744 1896 987 1951 studium
1048 1893 1205 1952 'suum
1263 1908 1498 1969 regeret,
1555 1909 1848 1971 votumque

262 1984 639 2054 suspenderat,
683 2001 786 2056 quo
844 1985 1137 2041 eniteretur
1192 1988 1508 2050 ascendere,
1566 2002 1687 2042 cum
1746 1996 1849 2043 ter.

260 2089 388 2129 rens
449 2089 659 2145 quoque
698 2073 879 2130 ofﬁcia
931 2076 989 2128 in
1039 2075 1241 2146 gradus
1299 2082 1527 2130 aestuent
1564 2076 1721 2146 (55)?
1754 2089 1846 2143 aut

250 2162 529 2232 quomodo
575 2162 756 2219 multae
814 2163 1121 2219 mansiones
1172 2162 1312 2233 apud
1372 2164 1598 2227 Patrem,
1652 2160 1698 2216 si
1738 2177 1842 2216 non

238 2264 336 2321 pro
420 2252 679 2305 varietate
753 2250 1105 2306 meritorum?
1154 2252 1432 2324 quomodo
1496 2260 1552 2307 et
1606 2252 1762 2307 stella
1811 2267 1843 2305 a

237 2337 387 2393 stella
434 2338 663 2393 distabit
709 2339 762 2392 in
812 2338 986 2408 gloria
1030 2340 1074 2410 (Ι
1115 2340 1239 2395 Cor.
1270 2339 1382 2409 xv),
1416 2341 1517 2395 nisi
1549 2356 1644 2404 pro
1677 2338 1838 2396 135

235 2426 551 2482 diversitate
583 2426 898 2483 radiorum?
952 2428 1137 2495 Porro,
1179 2437 1232 2484 et
1282 2429 1327 2483 si
1376 2427 1503 2484 ﬁdei
1538 2432 1839 2500 ‘propterea

235 2517 573 2585 congruebat
620 2515 965 2572 sublimitatis
1013 2525 1066 2574 et
1108 2516 1373 2573 claritatis
1418 2517 1469 2556 33
1507 2517 1690 2590 aliqua
1719 2535 1838 2588 pro-

238 2604 379 2667 latio,
424 2606 535 2659 tale
588 2606 721 2677 quid
767 2621 887 2661 esse
930 2618 1241 2676 oportuerat
1289 2606 1419 2663 illud
1456 2609 1831 2675 emolumenti;

235 2695 373 2763 quod
406 2709 614 2765 magno
642 2702 921 2751 constaret
950 2695 998 2733 24
1030 2695 1230 2761 labore,
1259 2696 1520 2762 cruciatu,
1547 2704 1832 2767 tormento,

232 2789 424 2836 morte.
458 2782 571 2837 Sed
611 2783 819 2852 respice
846 2784 1340 2855 compensationem
1382 2801 1395 2840 :
1430 2800 1555 2840 cum
1600 2800 1728 2841 caro
1781 2795 1834 2843 et

229 2870 409 2924 anima
460 2871 810 2941 dependitur,
859 2872 1053 2943 quibus
1114 2873 1168 2928 in
1217 2873 1437 2929 homine
1482 2874 1663 2931 carius
1697 2875 1830 2931 nihil

229 2967 340 3027 at;
392 2959 628 3014 alterum
682 2976 874 3015 manus
911 2960 1030 3027 Dei,
1078 2961 1305 3017 alterum
1360 2962 1518 3016 ﬂatus
1577 2963 1656 3033 ²⁵ὂ

228 3045 463 3115 dependi
516 3047 571 3099 in
606 3047 846 3116 profectu
882 3049 949 3115 26,
994 3065 1223 3121 quorum
1264 3060 1346 3105 est
1376 3050 1674 3121 profectus;
1714 3051 1830 3120 ipsa

230 3136 485 3207 erogari,
524 3151 647 3207 quae
707 3136 968 3193 lucriﬁant
1014 3137 1091 3206 2";
1133 3138 1316 3194 eadem
1365 3138 1555 3209 pretia,
1616 3155 1736 3209 quae
1776 3148 1829 3194 et

230 3239 461 3279 merces.
548 3224 895 3294 PrOSpexerat
952 3238 1005 3282 et
1069 3228 1164 3282 has
1220 3228 1364 3282 Dcus
1431 3227 1829 3284 imbecillitates

226 3312 563 3368 conditionis
619 3314 882 3383 humanae,
957 3315 1251 3371 adversarii
1320 3316 1569 3385 insidias,
1644 3333 1825 3372 rerum

221 3398 490 3467 fallacias,
524 3401 706 3457 saeculi
736 3401 892 3467 retia,
924 3403 1081 3458 etiam
1135 3410 1254 3472 post
1284 3405 1548 3460 lavacrum
1564 3403 1826 3474 periclita-

218 3496 403 3542 turam
450 3487 629 3555 ﬁdem,
659 3488 926 3561 perituros
966 3490 1253 3563 plerosque
1283 3508 1500 3547 rursum
1530 3501 1650 3563 post
1681 3490 1821 3547 salu-

216 3585 359 3645 tem,
409 3578 506 3649 qui
558 3580 806 3635 vestitum
860 3581 1243 3636 obsoletassent
1286 3581 1335 3618 2⁸
1372 3581 1688 3652 nuptialem,
1729 3581 1821 3653 qui

210 3664 413 3720 faculis
487 3666 667 3722 oleum
723 3684 829 3724 non
883 3678 1291 3739 praeparassent,
1346 3669 1437 3740 qui
1484 3669 1817 3745 requirendi,

212 3769 314 3823 per
358 3762 570 3810 montes
614 3762 669 3809 et
714 3756 904 3823 saltus,
923 3768 977 3813 et
1005 3757 1248 3814 humeris
1274 3766 1453 3813 essent
1485 3758 1814 3827 reportandi.

210 3841 407 3896 Posuit
466 3841 633 3914 igitur
685 3845 924 3899 secunda
986 3846 1194 3913 solatia,
1253 3852 1491 3901 extrema
1534 3845 1814 3916 praesilia,

207 3928 619 3986 dimicationem
645 3932 910 4004 martyrii,
933 3942 986 3988 et
1015 3935 1288 3990 lavacrum
1318 3933 1597 4007 sanguinis
1625 3934 1817 3990 exinde

203 4031 488 4072 securum.
521 4020 597 4072 De
623 4022 779 4088 cujus
825 4021 1078 4080 felicitate
1106 4022 1276 4078 David
1318 4041 1331 4078 :
1365 4027 1525 4080 Beati
1569 4040 1815 4096 quorum

204 4106 453 4161 dimissa
489 4112 625 4161 sunt
663 4110 889 4174 delicta,
921 4115 977 4166 et
1013 4128 1255 4183 quorum
1284 4116 1495 4184 operta:
1530 4116 1669 4168 sunt
1696 4113 1813 4167 ini-

201 4192 461 4261 quitates
505 4195 675 4262 (Psal.
710 4211 900 4261 χχχιι,
964 4198 1036 4269 1).
1071 4202 1273 4254 Beatus
1310 4201 1400 4255 vir
1429 4201 1522 4256 cui
1562 4215 1675 4257 non
1712 4200 1817 4253 im-

194 4282 507 4349 putaverit
553 4285 696 4341 Deus
728 4284 1018 4343 delictum.
1053 4286 1273 4357 Proprie
1318 4286 1462 4342 enim
1492 4286 1816 4358 martyribus

1955 1891 2112 1947 tilans
2142 1910 2154 1945 :
2188 1893 2422 1948 horrebo
2460 1890 2617 1962 plane
2655 1906 2904 1962 Spurcum
2943 1891 3293 1961 blaSphemiae
3339 1898 3537 1949 statum

1952 1980 2019 2035 de
2067 1980 2319 2036 haeretica
2362 1996 2455 2036 ore
2484 1980 2788 2049 foetentem;
2827 1981 2922 2036 sed
2980 1988 3033 2035 et
3082 1981 3235 2035 talem
3269 1982 3439 2036 Deum
3473 1981 3542 2035 de

1952 2065 2148 2123 ﬁducia
2187 2068 2403 2123 rationis
2449 2069 2766 2139 amplectar,
2816 2085 2921 2140 qua
2968 2068 3172 2124 ratione
3219 2070 3379 2124 etiam
3428 2068 3544 2137 ipse

1950 2172 2009 2210 se
2056 2158 2175 2228 plus
2220 2172 2383 2227 quam
2430 2156 2745 2213 homicidam
2801 2158 3162 2229 pronuntiavit
3202 2173 3268 2213 ex
3321 2156 3540 2226 Saphiae

1950 2260 2061 2300 suae
2144 2262 2391 2317 persona,
2466 2262 2596 2303 voce
2659 2246 2992 2303 Salomonis:
3080 2248 3305 2320 Saphia,
3368 2247 3541 2318 inquit

1949 2335 2133 2404 (Prov.
2176 2352 2248 2405 ix,
2280 2338 2351 2405 2),
2361 2336 2650 2408 jugulavit
2688 2335 2833 2407 ﬁlios
2879 2353 3028 2392 suos.
3077 2335 3299 2407 Sophia,
3320 2335 3541 2405 sapien-

1947 2417 2018 2476 lia
2046 2432 2147 2478 est.
2183 2423 2465 2496 Sapienter
2492 2425 2681 2495 utique
2705 2424 2998 2496 jugulavit,
3029 2425 3154 2479 dum
3186 2424 3242 2480 in
3273 2424 3457 2489 vitam,
3486 2430 3540 2479 et

1944 2511 2290 2580 rationaliter,
2323 2513 2448 2569 dum
2489 2515 2542 2569 in
2572 2514 2815 2587 gloriam.
2845 2513 2891 2571 Ο
2914 2513 3184 2584 parricidii
3215 2513 3495 2586 ingenium
3520 2514 3533 2567 ι

1941 2614 1974 2654 o
2030 2601 2248 2656 sceleris
2301 2602 2630 2658 artiﬁcium!
2672 2617 2705 2658 ο
2754 2610 3129 2675 argumentum
3174 2601 3533 2667 crudelitatis,

1940 2705 2059 2758 quae
2087 2689 2286 2746 idcirco
2314 2690 2528 2757 occidit,
2555 2707 2622 2745 ne
2670 2691 2929 2747 moriatur
2966 2707 3131 2763 quem
3161 2689 3446 2746 occiderit!
3472 2690 3536 2743 Et

1940 2777 2062 2832 ideo
2082 2777 2116 2834 I
2131 2775 2248 2835 36
2266 2778 2393 2851 quid
2411 2778 2691 2849 sequitur?
2706 2779 2909 2851 Sophia
2927 2782 2989 2835 in
3007 2778 3252 2835 exitibus
3263 2781 3536 2834 cantatur

1939 2866 1988 2904 33
2000 2865 2224 2939 hymnis
2253 2869 2436 2936 (Prov.
2469 2884 2507 2933 ι,
2540 2867 2657 2939 20);
2688 2875 2936 2923 cantatur
2962 2869 3104 2923 enim
3124 2876 3177 2922 et
3204 2866 3375 2921 exitus
3404 2881 3538 2919 mar-

1712 2962 1828 3034 ipsa
1862 2952 1905 3030 ε
1936 2962 2133 3025 tyrum.
2160 2955 2363 3029 Sophia
2393 2958 2455 3012 in
2484 2957 2691 3027 plateis
2715 2955 2780 3012 de
2808 2957 3131 3013 constantia
3161 2955 3211 2994 ³³
3230 2956 3374 3028 agit,
3393 2953 3535 3009 bene

1941 3041 2083 3097 enim
2110 3042 2249 3098 ﬁlios
2278 3059 2407 3099 suos
2430 3043 2663 3115 jugulat.
2686 3045 2860 3116 Super
2880 3058 3123 3099 summos
3147 3051 3318 3099 autem
3351 3059 3537 3098 muros

1938 3128 2137 3185 confisa
2191 3131 2345 3199 dicit,
2403 3146 2526 3185 cum
2581 3132 2796 3201 quidem
2849 3134 3144 3186 secundum
3201 3130 3392 3185 Isaiam
3448 3132 3537 3188 hic

1938 3219 2199 3274 exclamat
2243 3236 2257 3273 :
2309 3222 2415 3290 Ego
2459 3220 2559 3274 Dei
2600 3235 2726 3274 sum
2765 3238 2783 3274 :
2832 3227 2885 3274 et
2940 3219 3027 3273 hic
3055 3218 3383 3274 vociferatur
3422 3237 3434 3271 :
3473 3222 3536 3275 In

1936 3310 2168 3365 nomine
2207 3308 2401 3375 Iacob;
2431 3316 2484 3362 et
2511 3307 2648 3362 alius
2668 3305 2852 3362 scribit
2870 3307 2939 3371 δί,
2972 3308 3278 3364 Innomine
3312 3308 3537 3364 Israelis

1935 3398 2069 3467 (Isa.
2104 3411 2248 3463 auv,
2279 3396 2354 3467 5).
2387 3394 2433 3451 Ο
2482 3396 2676 3450 bonam
2725 3396 2987 3450 matrem!
3020 3394 3162 3464 Opto
3210 3406 3265 3449 et
3313 3393 3431 3464 ipse
3480 3396 3533 3450 in

1934 3485 2075 3541 ﬁlios
2122 3486 2241 3554 ejus
2284 3483 2479 3556 redigi,
2514 3494 2570 3539 ut
2611 3486 2678 3539 ab
2696 3499 2760 3540 ea
2807 3483 3041 3540 occidar.
3082 3484 3226 3554 Opto
3263 3482 3436 3540 occidi
3476 3492 3537 3539 ut

1932 3572 2072 3628 ﬁlius
2119 3573 2266 3628 ﬁam.
2317 3572 2500 3627 Solum
2550 3580 2733 3627 autem
2767 3573 2984 3645 jugulat
3021 3570 3162 3627 ﬁlios
3191 3586 3344 3641 suos;
3379 3587 3449 3626 an
3479 3581 3537 3628 et

1930 3664 2183 3736 torquet?
2215 3663 2391 3718 Audio
2419 3661 2563 3716 enim
2595 3669 2649 3716 et
2677 3661 2804 3716 alibi
2830 3663 3096 3717 dicentem
3124 3663 3324 3719 Deum:
3365 3664 3536 3721 Uram

1928 3754 2055 3811 illos
2076 3752 2248 3808 sicuti
2268 3751 2468 3808 uritur
2478 3754 2786 3822 argentum
2808 3750 2878 3817 35,
2896 3753 2953 3807 et
2973 3750 3207 3822 probabo
3219 3750 3348 3808 illos
3362 3751 3534 3806 sicuti

1922 3839 2198 3912 probatur
2245 3856 2458 3895 aurum
2516 3838 2565 3876 ³6
2612 3837 2803 3910 (Zach.
2867 3853 3006 3905 xm,
3054 3838 3165 3909 t9).
3211 3838 3406 3910 Utique
3434 3854 3533 3909 per

1926 3936 2199 3983 tormenta
2256 3928 2456 3999 ignium
2524 3935 2577 3982 et
2642 3926 3063 4001 suppliciorum,
3112 3942 3211 3999 per
3276 3929 3531 3996 martyria

1925 4018 2049 4073 ﬁdei
2087 4016 2497 4073 examinatoria.
2538 4015 2649 4073 Scit
2688 4024 2739 4071 et
2770 4015 3065 4087 Apostolus
3096 4016 3309 4084 qualem
3356 4017 3529 4071 Deum

1925 4106 2289 4177 adscripserit,
2349 4122 2471 4160 cum
2515 4105 2727 4162 scribit:
2775 4107 2834 4162 Si
2886 4108 3027 4161 Deus
3084 4106 3226 4161 Filio
3274 4122 3377 4161 suo
3413 4122 3531 4161 non

1923 4196 2191 4269 pepercit,
2205 4194 2300 4250 sed
2316 4210 2418 4264 pro
2431 4194 2583 4250 nobis
2599 4195 2841 4251 tradidit
2853 4195 3043 4257 illum,
3057 4192 3325 4265 quomodo
3348 4210 3461 4251 non
3476 4200 3530 4251 et

1924 4300 2057 4341 cum
2086 4284 2186 4339 illo
2224 4286 2416 4341 omnia
2445 4284 2781 4339 condonavit
2819 4284 3018 4341 nobis?
3047 4284 3225 4352 (Rom.
3258 4296 3379 4349 Vill,
3411 4284 3526 4352 32.)

1619 4383 1811 4446 Varia:
1848 4386 2159 4445 lectiones.

271 4459 329 4533 ἓξ)
358 4457 417 4533 ΡΙ
440 4478 491 4533 is
516 4461 859 4533 victoriarum
889 4469 969 4516 est
993 4477 1155 4533 quam
1183 4462 1499 4532 injuriarum
1523 4464 1643 4517 Lat.
1669 4465 1804 4517 Jun.
1840 4462 1961 4532 plus
1978 4460 2330 4533 victoriatum
2349 4468 2431 4533 est
2450 4474 2610 4533 quam
2630 4459 2939 4533 injuriatum
2960 4458 3136 4533 (then.
3168 4462 3327 4533 Pani.
3356 4460 3524 4533 Seml.

195 4528 242 4567 ²¹
276 4532 469 4604 ριιίίεὶ
489 4547 598 4585 non
623 4532 797 4588 Rhen.
834 4528 1309 4604 Seml.:0bertlt.'22
1326 4535 1510 4604 Etabj.
1538 4534 1767 4589 Seml.23
1783 4528 2107 4587 sublimitati
2128 4542 2181 4586 et
2206 4528 2432 4604 claritati
2454 4528 2627 4604 Rhet}.
2649 4531 2808 4604 Pam.
2841 4531 3009 4604 Seml.
3037 4531 3268 4604 Oberth._
3286 4530 3333 4604 ²ίξ
3350 4530 3529 4604 _Con_s-

194 4600 319 4656 tare
346 4603 525 4659 Rhen.
553 4604 720 4658 Seml.
758 4604 978 4659 Oberth.
1009 4602 1059 4639 2⁵
1091 4605 1337 4660 Adﬂatus
1358 4600 1533 4661 Rhén.
1562 4607 1722 4659 Pam.
1748 4604 1914 4660 Seml.
1939 4604 1988 4641 2ο
2011 4603 2327 4658 Praefectum
2348 4603 2481 4657 Jun.
2508 4601 2554 4638 ²⁷
2578 4600 2900 4655 Lucriﬁcant
2918 4601 3092 4656 Rhen.
3120 4601 3269 4656 Seml
3303 4600 3522 4655 Oberth.

194 4672 247 4709 ³³
277 4672 523 4729 Oboleta
551 4675 685 4730 Jun.
713 4673 765 4711 29
788 4674 1064 4728 Indicabis
1093 4678 1227 4733 Jun.
1251 4677 1473 4732 vocabis
1508 4677 1618 4731 γει.
1650 4675 1911 4745 Exempl.
1944 4676 1993 4712 30
2021 4675 2087 4729 Et
2116 4674 2227 4744 abj.
2258 4674 2428 4729 Seml.
2448 4672 2615 4745 ilﬁlulla
2637 4671 2755 4726 cod.
2792 4673 2986 4745 Wouw.
3010 4672 3067 4745 A32
3097 4671 3318 4745 canitur
3347 4670 3523 4745 ΙῇζιενρΣ

192 4745 363 4800 Pam.
388 4745 564 4801 Seml.
595 4745 645 4782 ³³
680 4745 1050 4800 Constantiam
1079 4750 1239 4803 Pam.
1276 4751 1448 4803 Fran.
1475 4745 1521 4784 3’4
1550 4745 1795 4801 Inscribit
1824 4738 1998 4801 Rhen.
2045 4738 2202 4799 Pam'.
2235 4745 2406 4801 Seml.
2443 4744 2491 4781 35
2518 4746 2727 4797 Aurum
2766 4742 2942 4799 Ithen.
2997 4742 3167 4798 Seml.
3223 4740 3442 4796 Oberth.
3475 4738 3526 4777 35

190 4816 509 4888 Argentum
534 4816 709 4873 Rhen.
736 4817 908 4873 Seml.
946 4816 1166 4876 Oberth.

1630 4887 2137 4952 Commentarius.

269 4993 393 5090 (ξ’-ί)
419 4993 561 5048 Plus
590 4994 1085 5090 nictet-infamet;-
1110 5011 1294 5090 quam“
1308 4996 1551 5090 injuria.
1582 4995 1794 5090 Sicmle-
1834 5012 1879 5090 Β
1914 4995 2108 5090 t‘iorejn
2156 4992 2407 5090 ponitB.
2441 4990 2744 5074 Cyprianus
2774 4989 2936 5062 epist.
2966 4993 3057 5052 52,
3090 4989 3162 5045 ad
3205 4990 3518 5090 Antoniam-

470 5061 1238 5146 s_uasit.liberAgobardiJjec
1264 5061 1474 5135 dubito,
1506 5067 1633 5137 quin
1664 5067 1796 5121 Ter-
1834 5061 1879 5090 ν
1914 5065 2097 5146 Aliud,
2154 5061 2345 5146 inquit,
2395 5061 2621 5145 missum
2657 5065 2709 5117 in
2738 5061 3016 5146 carcerem.
3043 5078 3149 5118 non
3180 5062 3327 5146 exire
3371 5061 3517 5116 indos

190 5134 465 5208 tullianus
492 5135 761 5202 ipsissima
791 5134 1090 5208 scripserit.
1123 5137 1251 5192 Rm.
1464 5134 1467 5135 ⁷
1526 5134 1539 5137 ⁷
1913 5134 2089 5192 donec
2133 5135 2705 5208 solvatnovissimum
2755 5134 3220 5208 quadrantem,_et
3261 5148 3362 5204 pro
3392 5148 3519 5208 pec:

261 5206 380 5277 (55)
423 5207 662 5264 Terrena
693 5206 917 5281 quoque
955 5208 1236 5281 ofﬁciaiin
1279 5209 1489 5280 gradus
1538 5212 1801 5281 testuent.

187 5274 307 5331 Hoc
352 5274 488 5353 est,_
512 5274 838 5353 contendant
887 5274 1300 5353 pro'dignitate'
1324 5284 1550 5353 gradus,
1585 5286 1641 5335 ut
1690 5278 1803 5351 pri-

186 5363 342 5401 mum
373 5346 656 5403 obtineant
683 5346 899 5405 Ιοιιιιιιι.⁷
919 5351 1039 5406 Βια.

263 5420 375 5502 (55)
390 5420 626 5502 Proprie
637 5423 789 5477 enim
802 5420 1154 5502 martyribus
1165 5419 1315 5502 nihil
1332 5422 1590 5502 reputari
1600 5425 1805 5502 potest.

185 5488 243 5545 Is
292 5500 349 5545 et
375 5488 544 5546 etiam
572 5490 740 5562 locus
769 5488 998 5561 pertinet
1027 5494 1091 5547 ad
1124 5488 1420 5562 purgatorii
1451 5488 1804 5549 assertionem

184 5570 245 5635 et
292 5577 421 5617 eam
476 5560 845 5635 differentiam
902 5564 992 5635 (de
1052 5560 1158 5633 qua
1212 5560 1384 5635 supra
1431 5562 1593 5617 etiam
1658 5564 1804 5635 apud

182 5630 335 5689 hunc
372 5643 661 5689 auctorem
680 5633 774 5691 lib.
798 5635 865 5693 de
892 5630 1124 5703 Anima,
1150 5630 1417 5707 cap.'35),
1448 5649 1613 5707 quam
1640 5630 1803 5708 aper-

1914 5209 2049 5264 catis
2092 5208 2255 5278 longo
2307 5205 2492 5261 dolore
2530 5201 2825 5278 cruciatum
2872 5203 3163 5278 emundari
3196 5201 3521 5278 et'purgari

1913 5280 2009 5333 diu
2052 5274 2213 5349 igne;
2250 5286 2303 5333 et
2347 5279 2581 5346 pendere
2626 5277 2679 5333 in
2728 5278 2815 5349 die
2848 5274 3051 5349 Ajudicii
3103 5275 3170 5329 ad
3197 5274 3519 5349 sententiam

1909 5344 2138 5420 judicia;
2183 5344 2359 5420 aliud
2385 5349 2562 5403 statim
2611 5350 2678 5403 ad
2717 5347 2949 5419 gloriam
2988 5346 3305 5420 pervenire,
3327 5344 3451 5399 ﬁdei
3469 5349 3521 5397 et

1918 5416 2127 5475 virtutis
2193 5419 2438 5490 accipere
2506 5416 2832 5490 mercedém,
2890 5416 3110 5490 peccata
3164 5416 3345 5472 omnia
3399 5429 3520 5485 pas-

1916 5494 2068 5548 sione
2098 5489 2382 5563 purgasse,
2414 5498 2467 5546 et
2498 5490 2729 5547 Domino
2759 5489 3031 5563 coronari.
3064 5490 3202 5563 Pan.

1989 5554 2116 5633 (57)⁸
2162 5554 2509 5633 Εἷίατηίιὶεὶ
2561 5564 2927 5620 atrocitatem
2972 5558 3291 5632 judicabis?
3344 5554 3516 5611 Vetus

1918 5632 2212 5704 exemplar,
2241 5632 2486 5690 vocabis.
2518 5634 2643 5689 Rm.
