4036 6172
478 366 583 428 159

1169 362 1611 424 TERTULLIANI
1648 361 1913 425 OPERUM
1952 362 2120 422 PARS
2155 362 2223 423 Il.
2265 393 2334 405 —
2373 357 2600 421 SERIES
2637 358 2683 430 Ι,
2723 352 3082 418 POLEMICA.

3657 347 3763 413 160

475 492 641 551 Vides
668 492 942 565 quomodo
998 490 1161 581 etiam
1181 489 1485 581 proprium
1513 503 1693 581 suum
1724 488 1918 545 Filium
1952 489 2063 559 pri-
2094 503 2141 581 Α
2170 493 2226 546 et
2245 490 2356 545 erit
2386 486 2562 545 honor
2579 487 2872 559 sepultura
2908 484 2956 522 ’δ”
2993 485 3132 581 ejus.
3157 480 3336 537 Habes
3354 479 3443 535 hic
3463 492 3682 580 quoque
3703 486 3758 581 et

476 582 813 656 mogenitum
868 588 921 636 et
977 579 1309 651 unigenitum
1358 577 1562 647 SOphia
1609 578 1793 633 divina
1832 578 2064 648 jugula-

477 671 643 741 verit;
698 670 883 740 utique
936 668 1220 736 victurum,
1283 667 1393 721 imo
1450 674 1503 722 et
1539 674 1765 722 caeteros
1810 667 1864 722 in
1907 667 2068 721 vitam

478 761 835 813 redacturum.
883 756 1107 810 Po-sum
1136 754 1318 810 dicere
1351 770 1473 809 cum
1505 754 1705 824 SOphia
1739 754 1833 808 Dei
1866 772 1878 811 :
1915 754 2070 810 Chri-

479 855 597 901 stus
634 853 717 901 est
752 844 841 915 qui
891 860 949 897 se
986 843 1204 897 tradidit
1242 857 1341 914 pro
1380 844 1588 898 delictis
1616 844 1835 898 nostris.
1869 845 1989 898 Jam
2018 851 2070 900 et

477 933 818 1003 semetipsam
869 932 1071 1003 SOphia
1117 932 1420 987 trucidavit.
1468 931 1645 987 Verba
1688 932 1734 971 37
1786 948 1891 988 non
1937 948 2070 990 sono

480 1021 596 1077 solo
639 1023 876 1092 sapiunt,
925 1022 1019 1074 sed
1068 1029 1122 1076 et
1170 1036 1373 1077 sensu:
1406 1036 1505 1076 nec
1551 1021 1778 1075 auribus
1832 1029 2072 1075 tantum-

480 1109 643 1166 modo
689 1109 956 1165 audienda
1006 1116 1150 1180 sunt,
1200 1111 1297 1164 sed
1343 1117 1397 1164 et
1453 1110 1743 1164 mentibus.
1788 1110 2069 1165 Crudelem

479 1197 670 1262 Deum,
721 1199 810 1267 qui
862 1213 967 1251 non
1006 1196 1271 1270 intelligit,
1311 1196 1500 1251 credit.
1542 1197 1859 1267 Quanquam
1890 1205 2071 1253 etnon

479 1285 795 1358 intelligenti
846 1286 1021 1357 posita
1071 1285 1339 1340 sententia
1397 1293 1499 1353 est,
1548 1301 1669 1357 qua:
1717 1285 2068 1343 temeritatem

474 1375 721 1430 cohibeat
793 1373 945 1428 aliter
1016 1373 1368 1445 intelligendi.
1445 1376 1577 1442 Quis
1649 1376 1824 1440 enim,
1895 1376 2070 1448 inquit

475 1464 655 1533 (Rom.
697 1478 771 1527 χι,
814 1465 930 1531 32),
970 1464 1221 1533 cognovit
1249 1476 1480 1519 sensum
1511 1462 1653 1520 Dei?
1690 1468 1794 1520 aut
1816 1466 1936 1537 quis
1977 1465 2070 1522 illi

474 1551 833 1607 consiliarius
853 1552 993 1620 fuit,
1007 1550 1104 1621 qui
1114 1566 1243 1606 eum
1259 1552 1515 1606 instruat
1528 1555 1663 1607 taut
1684 1553 1834 1606 viam
1846 1551 2068 1609 intelli-

472 1641 682 1711 gentia:
708 1640 832 1709 quis
852 1638 1258 1695 demonstravit
1286 1640 1380 1694 illi
1406 1643 1428 1694 .9
1458 1638 1711 1694 Sedenim
1744 1639 2063 1709 Scytharum

476 1725 723 1794 Dianam,
784 1734 875 1779 aut
918 1725 1195 1780 Gallorum
1251 1725 1595 1791 Mercurium,
1652 1736 1741 1782 aut
1806 1727 2064 1783 Afrorum

476 1813 794 1878 Saturnum,
827 1810 1102 1867 hominum
1136 1810 1352 1866 victima
1390 1811 1587 1882 placari
1626 1814 1769 1884 apud
1811 1815 2067 1872 saeculum
2102 1781 2145 1857 Β

477 1900 625 1957 licuit
670 1901 739 1953 33.
789 1901 859 1955 Et
904 1900 1056 1955 Latio
1103 1899 1174 1955 ad
1221 1900 1270 1938 39
1316 1900 1635 1957 hodiernum
1662 1903 1782 1958 Jovi
1812 1904 1987 1960 media
2014 1906 2070 1959 in

477 1990 611 2045 urbe
658 1991 926 2043 humanus
972 1989 1195 2061 sanguis
1244 1989 1579 2061 ingustatur;
1642 2008 1742 2048 nec
1778 1994 2069 2065 quisquam

477 2084 739 2145 retractat,
784 2085 876 2131 aut
922 2093 1030 2132 non
1078 2078 1341 2135 rationem
1384 2082 1660 2163 praesumit
1690 2081 1948 2154 aliquam,
1980 2088 2076 2137 aut

475 2166 907 2223 inaestimabilem
952 2167 1051 2222 Dei
1100 2168 1185 2223 sui
1232 2169 1580 2224 Voluntatem.
1617 2170 1673 2226 Si
1716 2181 1897 2227 noster
1925 2185 2069 2242 quo-

474 2273 580 2327 que
637 2257 785 2309 Deus
835 2255 1070 2327 preprite
1127 2257 1322 2312 hostiae
1379 2260 1598 2313 nomine
1655 2257 1909 2331 martyria
1963 2258 2068 2313 sibi

475 2344 890 2414 depostulassct,
940 2346 1062 2416 quis
1102 2345 1178 2400 illi
1221 2347 1603 2415 exprobrasset
1641 2346 1909 2403 funestam
1943 2346 2070 2404 reli-

476 2431 710 2505 gionem,
756 2439 808 2486 et
850 2432 1111 2503 lugubres
1153 2433 1310 2500 ritus,
1358 2444 1412 2490 et
1440 2450 1585 2489 aram
1616 2451 1831 2507 rogum,
1864 2443 1918 2489 et
1948 2435 2070 2506 pol-

476 2519 773 2576 linctorem'
799 2520 1135 2576 sacerdotem
1156 2522 1183 2578 ’ἶ
1211 2530 1265 2577 et
1305 2537 1410 2578 non
1455 2522 1679 2579 beatum
1708 2523 1947 2595 amplius
1979 2538 2066 2580 re-

476 2617 741 2679 putasset,
772 2625 936 2681 quem
968 2609 1115 2665 Deus
1142 2610 1500 2667 comedisset?

1069 2750 1296 2807 CAPUT
1334 2752 1475 2807 VIII.

548 2876 723 2931 Unum
774 2873 940 2948 igitur
966 2874 1193 2951 grade
1227 2875 1543 2942 insistimus,
1575 2883 1629 2933 et
1666 2876 1720 2931 in
1752 2878 1855 2932 hoc
1899 2878 2073 2934 solum

477 2977 856 3033 provocamus,
903 2979 971 3017 an
1021 2971 1290 3035 praecepta
1325 2964 1433 3019 sint
1482 2980 1516 3020 a
1548 2966 1661 3020 Deo
1690 2966 1942 3036 martyria
1966 3007 1981 3033 ,
2014 2973 2074 3022 ut

2176 576 2615 649 praedicationem
2654 585 2707 630 et
2733 572 3231 630 remunerationem
3275 568 3680 640 martyriorum.
3714 568 3760 624 Α

2179 665 2471 737 primordio
2500 665 2642 719 enim
2689 662 2895 733 justitia
2920 662 3026 715 vim
3081 658 3299 731 patitur.
3351 659 3536 713 Statim
3567 664 3627 710 ut
3657 656 3762 713 coli

2178 755 2326 809 Deus
2353 750 2803 823 coepit,invidiam
2826 746 3016 819 religio
3046 746 3235 802 sortita
3252 756 3358 801 est:
3384 745 3475 816 qui
3507 745 3622 801 Deo
3640 744 3763 815 pla-

2175 851 2375 906 cuerat,
2424 840 2703 903 occiditur,
2735 846 2788 892 et
2817 835 3038 908 quidem
3066 852 3095 890 a
3115 834 3302 901 fratre;
3334 849 3442 904 quo
3470 832 3764 905 proclivius

2177 932 2422 1002 impietas
2466 930 2702 984 alienum
2748 926 3062 998 sanguinem
3116 930 3406 980 sectaretur
3448 924 3518 991 4⁵,
3587 938 3618 976 a
3663 938 3765 980 suo

2176 1019 2453 1088 auspicata
2474 1025 2556 1073 est
2583 1017 2650 1069 46.
2693 1015 2957 1085 Denique,
3005 1030 3112 1071 non
3159 1012 3321 1068 modo
3344 1012 3634 1080 justorum,
3664 1025 3768 1066 ve-

2176 1125 2294 1164 rum
2340 1106 2500 1162 etiam
2544 1114 2595 1161 et
2625 1106 3026 1177 prophetarum.
3057 1102 3239 1158 David
3265 1100 3587 1172 exagitatur,
3615 1099 3766 1155 Elias

2177 1195 2409 1266 fugatur,
2456 1193 2712 1250 Jeremias
2760 1191 3040 1264 lapidatur,
3089 1189 3254 1245 Isaias
3295 1198 3529 1255 secatur,
3561 1189 3768 1243 Zacha-

2174 1284 2280 1339 rias
2345 1283 2482 1337 inter
2537 1281 2701 1336 altare
2766 1289 2821 1334 et
2875 1281 3043 1335 aedem
3106 1277 3431 1343 trucidatur,
3501 1290 3765 1347 perennes

2175 1370 2381 1429 cruoris
2406 1370 2492 1425 sui
2530 1368 2761 1425 maculas
2798 1368 3042 1424 silicibus
3079 1368 3395 1439 adsignans.
3445 1368 3567 1438 Ipse
3611 1365 3765 1420 clau-

2173 1460 2298 1515 sula
2327 1459 2486 1530 Legis
2527 1466 2580 1514 et
2608 1458 3005 1527 prophetarum,
3041 1471 3141 1511 nec
3177 1456 3487 1527 prophetes,
3527 1453 3622 1508 sed
3663 1468 3766 1508 an-

2171 1550 2323 1621 gelus
2350 1550 2544 1614 dictus,
2575 1547 2957 1603 contumeliosa
2984 1545 3131 1602 caede
3170 1552 3446 1601 truncatur
3484 1544 3538 1597 in
3576 1544 3767 1615 puella:

2178 1638 2413 1706 psalticaa
2436 1638 2483 1676 ἠ
2518 1638 2663 1694 lucar
2693 1634 2827 1707 (59).
2862 1635 2927 1689 Et
2957 1634 3139 1706 utique
3168 1633 3263 1705 qui
3292 1632 3498 1703 Spiritu
3521 1632 3614 1687 Dei
3635 1634 3783 1704 age-‘

2173 1727 2397 1789 bantur,
2455 1726 2522 1780 ab
2575 1725 2694 1795 ipso
2748 1723 2804 1779 in
2854 1722 3111 1795 martyria
3163 1721 3561 1793 dirigebantur,
3614 1729 3673 1776 ut
3716 1727 3775 1777 et

2172 1825 2285 1893 jam
2331 1815 2382 1852 ἰδ
2424 1812 2677 1883 patiendo
2723 1828 2847 1884 quae
2897 1822 2951 1866 et
2998 1809 3399 1881 praedicassent.
3432 1808 3661 1865 Proinde
3709 1818 3767 1865 et

2176 1902 2314 1956 trina
2350 1901 2674 1968 fraternitas,
2702 1915 2823 1955 cum
2860 1897 3117 1954 dedicatio
3167 1895 3421 1967 imaginis
3468 1896 3631 1968 regite
3667 1911 3770 1951 ur-

2179 1993 2299 2047 bem
2336 1990 2387 2029 49
2415 1999 2637 2063 urgeret
2666 1987 2866 2054 ofﬁcio,
2891 2002 2998 2041 non
3028 1986 3410 2058 ignoraverunt
3439 1984 3571 2057 quid
3601 1982 3767 2055 ﬁdes;

2175 2094 2297 2151 qua:
2343 2077 2458 2133 sola
2486 2079 2541 2131 in
2572 2076 2681 2131 illis
2708 2075 2915 2146 captiva
2965 2090 3072 2130 non
3103 2074 3294 2139 fuerat,
3329 2071 3607 2143 exigeret;
3646 2086 3777 2127 mo-

2178 2168 2425 2223 riendum
2455 2167 2657 2222 scilicet
2696 2165 2954 2220 adversus
3002 2161 3379 2219 idololatriam.
3426 2161 3777 2216 Meminerant

2176 2257 2319 2313 enim
2348 2264 2401 2312 et
2425 2255 2671 2312 Jeremiaz
2690 2254 2805 2324 (60)
2836 2251 3123 2308 scribentis
3151 2253 3218 2306 ad
3249 2266 3345 2306 eos
3373 2250 3639 2321 (Baruch.
3669 2251 3771 2319 γι),

2179 2347 2373 2417 quibus
2403 2346 2497 2401 illa
2527 2344 2813 2417 captivitas
2842 2341 3155 2398 imminebat
3185 2356 3197 2393 :
3235 2342 3303 2395 Et
3331 2355 3489 2396 nunc
3519 2337 3777 2394 videbitis

2177 2437 2304 2495 deos
2341 2435 2774 2506 Babyloniorum
2812 2447 3011 2489 aureos
3059 2433 3115 2486 et
3161 2431 3451 2501 argenteos
3480 2431 3536 2483 et
3567 2427 3778 2497 ligneos

2176 2526 2399 2597 portari
2414 2538 2584 2597 super
2600 2521 2884 2592 humeros,
2898 2521 3250 2577 ostentantes
3270 2515 3599 2575 nationibus
3621 2517 3783 2573 timo-

2178 2628 2320 2670 rem.
2346 2613 2540 2669 Cavete
2569 2611 2748 2682 igitur
2766 2626 2837 2665 ne
2854 2612 2910 2664 et
2929 2623 3019 2665 vos
3040 2605 3357 2665 consimiles
3375 2605 3502 2661 sitis
3521 2602 3784 2675 allophy-

2184 2703 2272 2766 lis,
2304 2704 2362 2755 et
2382 2703 2585 2756 timore
2611 2698 2941 2770 capiamini,
2967 2696 3103 2751 dum
3130 2686 3389 2767 aspicitis
3419 2691 3615 2749 turbas
3642 2691 3782 2747 ado-

2180 2794 2376 2846 rantes
2406 2791 2559 2844 retro
2580 2803 2669 2845 eos
2687 2790 2742 2843 et
2763 2788 2900 2841 ante
2914 2783 3037 2853 ;sed
3057 2783 3230 2840 dicite
3257 2784 3323 2837 in
3344 2782 3535 2836 animo
3562 2783 3774 2837 vestro:

2190 2882 2275 2944 Te,
2319 2878 2574 2944 Domine,
2626 2876 2861 2931 adorare
2908 2875 3189 2931 debemus.
3242 2875 3428 2945 Itaque
3477 2871 3783 2927 dixerunta

2184 2969 2299 3023 Deo
2317 2974 2576 3037 concepta
2604 2963 2818 3031 ﬁducia,
2841 2964 3055 3034 quando
3076 2963 3265 3036 vigore
3293 2960 3455 3015 animi
3501 2958 3779 3015 conditio-

476 3053 664 3105 credas
717 3052 920 3107 ratione
963 3052 1015 3090 ἰο
1042 3061 1334 3123 praecepta,
1367 3053 1413 3107 si
1447 3062 1715 3126 pmcepm
1734 3053 2074 3127 cognoveris,
2106 3062 2150 3140 ε
2180 3055 2325 3111 nales
2357 3055 2527 3110 minas
2557 3054 2701 3125 regis
2730 3051 3007 3109 excutiunt
3035 3052 3203 3123 (Dan.
3257 3066 3339 3115 ut,
3373 3047 3463 3120 16)
3487 3066 3501 3103 :
3523 3049 3644 3105 Non
3678 3046 3780 3103 lia-

487 3140 616 3212 quia
657 3140 787 3194 nihil
841 3143 983 3196 Deus
1017 3158 1124 3197 non
1166 3142 1369 3198 ratione
1414 3145 1749 3215 pra3ceperit.
1790 3144 2066 3215 Siquidem

490 3228 766 3285 honorata
795 3234 880 3285 est
906 3231 1056 3303 apud
1082 3232 1251 3288 illum
1278 3248 1428 3289 mors
1457 3235 1848 3306 religiosorum
1873 3235 2072 3305 ipsius,

486 3325 545 3372 ut
573 3317 714 3373 canit
760 3317 919 3375 137
967 3320 1138 3376 David
1185 3321 1360 3391 (Psal.
1410 3336 1534 3392 cxv,
1570 3323 1705 3392 t5):
1747 3338 1853 3378 non
1883 3321 2076 3393 Opinor

486 3407 589 3461 ista
637 3408 941 3462 communis
986 3416 1041 3462 et
1067 3410 1305 3463 omnium
1372 3410 1637 3475 debitum;
1672 3410 1823 3481 atqui
1876 3410 2022 3479 justa
2058 3453 2072 3477 ,

484 3492 645 3549 etiam
710 3493 1067 3565 ignominiosa
1107 3503 1187 3550 est
1239 3511 1305 3550 ex
1352 3496 1531 3569 elogio
1579 3497 1627 3534 υ
1698 3498 2076 3569 transgressio-

488 3581 571 3636 nis
588 3582 704 3652 (58)
729 3588 783 3635 et
820 3581 1007 3637 merito
1044 3583 1432 3651 damnationis;
1466 3584 1562 3639 sed
1603 3584 1694 3639 illa
1714 3601 1839 3657 quae
1868 3585 1922 3639 in
1952 3585 2074 3658 ipso
2116 3610 2121 3614 δ

480 3671 660 3730 aditur
704 3670 754 3708 ¹ι²
799 3687 865 3726 ex
902 3669 1203 3727 testimonio
1246 3672 1555 3747 religionis,
1618 3680 1673 3728 et
1714 3673 1900 3746 praelio
1939 3689 2073 3729 con-

487 3757 755 3824 fessionis,
806 3774 904 3827 pro
956 3759 1163 3828 justitia
1217 3767 1269 3815 et
1308 3770 1672 3828 sacramento;
1724 3763 1863 3818 sicut
1910 3762 2076 3818 Isaias

485 3854 638 3911 (LVII,
670 3850 751 3916 t):
793 3847 975 3905 Videte
994 3848 1064 3915 4³,
1086 3848 1281 3921 inquit,
1312 3851 1575 3922 quomodo
1599 3854 1753 3924 perit
1774 3854 1988 3923 justus,
2017 3858 2075 3909 et

487 3951 651 3993 nemo
667 3937 882 4009 excipit
892 3937 1072 4002 corde,
1089 3943 1145 3993 et
1162 3939 1275 3995 viri
1279 3940 1433 4010 Justi
1442 3940 1809 4011 auferuntur,
1834 3944 1889 3997 et
1910 3956 2074 3997 nemo

489 4024 932 4082 animadvertit:
955 4043 990 4081 a
1018 4028 1168 4097 facie
1191 4029 1345 4083 enim
1364 4027 1674 4098 injustitiw
1691 4029 1848 4101 perit
1859 4032 2071 4100 justus,

2174 3147 2363 3202 bemus
2382 3144 2778 3200 necessitatem
2798 3140 3176 3213 respondendi
3198 3139 3330 3196 huic
3374 3142 3468 3194 tuo
3512 3136 3772 3208 imperio.

2188 3231 2344 3289 188
2392 3236 2485 3289 Est
2513 3234 2666 3290 enim
2696 3234 2836 3286 Deus
2874 3234 3068 3287 noster
3095 3244 3258 3301 quem
3286 3227 3541 3293 colimus,
3572 3229 3778 3297 potens

2182 3338 2380 3379 eruere
2407 3338 2506 3378 nos
2535 3319 2600 3375 de
2627 3322 2857 3391 fornace
2877 3320 3046 3389 ignis,
3072 3323 3127 3375 et
3155 3335 3228 3374 ex
3254 3317 3515 3373 manibus
3546 3316 3697 3380 tuis;
3720 3317 3781 3368 et

2184 3416 2323 3466 tunc
2352 3411 2731 3480 manifestum
2757 3408 2858 3475 ﬁet
2886 3406 3003 3466 tibi.
3029 3406 3175 3479 quod
3203 3421 3382 3477 neque
3402 3403 3548 3459 idolo
3571 3406 3666 3457 tuo
3687 3403 3781 3471 fa-

2184 3498 2551 3563 mulabimur,
2571 3514 2672 3555 nec
2688 3498 2999 3568 imaginem
3021 3501 3181 3552 tuam
3198 3511 3453 3559 auream,
3468 3508 3639 3565 quam
3659 3496 3779 3547 sta-

2185 3589 2368 3652 tuisti,
2402 3587 2782 3644 adorabimus.
2814 3584 2860 3641 O
2902 3584 3206 3655 martyrium
3253 3592 3308 3639 et
3356 3582 3476 3639 sine
3518 3580 3781 3653 passione

2185 3675 2525 3748 perfectum!
2583 3675 2722 3730 Satis
2794 3672 2958 3744 passi,
3012 3671 3146 3728 satis
3201 3670 3374 3727 exusti
3426 3674 3571 3739 sunt,
3638 3682 3781 3740 quos

2186 3773 2463 3836 propterea
2519 3765 2658 3818 Deus
2715 3761 2865 3828 texit,
2925 3777 2994 3817 ne
3047 3767 3362 3832 potestatem
3408 3761 3530 3829 ejus
3560 3757 3778 3815 mentiri

2182 3854 2508 3910 viderentur.
2566 3853 2703 3907 Nam
2761 3858 2817 3906 et
2871 3849 3150 3905 Danielem
3206 3847 3407 3906 nullius
3453 3856 3646 3919 praeter
3672 3845 3777 3902 Dei

2183 3942 2481 4013 supplicem
2526 3940 2665 4011 (6t),
2718 3947 2772 3994 et
2827 3939 3025 3995 idcirco
3083 3955 3112 3994 a
3158 3936 3423 3993 Chaldaeis
3449 3936 3684 3994 delatum
3715 3949 3783 3990 ac

2181 4030 2580 4101 depostulatum
2648 4026 2827 4084 statim
2902 4026 3084 4098 utique
3150 4026 3409 4083 conclusa
3479 4034 3532 4080 et
3583 4024 3780 4079 usitata

558 4200 606 4241 37
624 4202 823 4277 ‘Verbo
840 4203 1019 4277 liberi.
1048 4205 1214 4277 Seml.
1252 4204 1471 4262 Oberth.
1495 4204 1545 4243 ³⁸
1574 4204 1767 4277 Liquit,
1799 4126 2074 4263 P27132713:

2186 4147 2503 4263 ὲὲιίῗιδραιη.
2526 4206 2577 4245 ἰο
2603 4205 2829 4262 Natione
2866 4208 3047 4264 Venet.
3071 4205 3117 4243 ιι
3140 4203 3347 4275 Ellogio
3373 4202 3580 4277 Jun._“
3608 4198 3783 4277 audi-

489 4275 776 4346 turSeml.
808 4275 860 4312 ’⁸³
879 4275 1015 4346 Vide
1046 4275 1216 4331 Seml.
1247 4277 1297 4313 ἰθ
1342 4273 1833 4346 δθρυιιυι-ξεῬαὶη.
1876 4278 2050 4335 Rhen.
2091 4279 2260 4336 Seml.
2293 4280 2345 4317 4⁵
2375 4281 2729 4334 lnsectaretur
2750 4278 2918 4336 Seml.
2942 4277 2994 4316 ⁸6
3040 4273 3299 4332 Insectata
3346 4275 3554 4331 inserit
3604 4273 3776 4330 Seml.

490 4345 538 4382 ἰτ
578 4345 791 4400 Saltica:
821 4345 990 4404 Seml.
1024 4347 1073 4384 4⁸
1100 4346 1278 4402 Etiam
1319 4345 1491 4405 Seml.
1511 4349 1561 4387 ’⁸9
1587 4348 1819 4404 Turbam
1844 4350 1976 4405 Jun.

1869 4420 2373 4485 Commentarios.

556 4523 1890 4620 guilt-tquin‘istlahAetiqmignominigsq‘est‘ef
1903 4528 2077 4620 elpgio
2112 4544 2157 4620 Β
2188 4528 2257 4583 sit
2309 4528 2365 4583 in
2413 4528 2631 4620 pgellaa“
2666 4525 2977 4620 saltatri'qi‘s-
3003 4524 3187 4598 (quam
3228 4523 3467 4580 salticam
3520 4538 3620 4579 sua
3643 4536 3781 4581 voce

490 4597 971 4668 transgressionis.
1006 4598 1115 4653 Hoc
1161 4597 1292 4651 dicit
1335 4613 1400 4652 ex
1448 4597 1714 4653 sententia
1763 4597 2075 4655 Catholico—

489 4683 611 4741 rum
654 4667 921 4741 omnium,
960 4684 1022 4741 ex
1071 4676 1351 4741 perpetua,
1375 4668 1659 4741 traditione
1700 4679 1753 4724 et
1782 4669 2075 4741 Scriptura:

488 4739 797 4813 testimonio
843 4739 1259 4813 existimantium
1305 4740 1426 4796 ideo
1483 4740 1622 4795 mori
1654 4739 1917 4806 homines,
1952 4741 2076 4813 quia

486 4809 744 4888 adversus
791 4811 1015 4888 vetitum
1065 4813 1131 4888 de
1187 4812 1381 4888 arbore
1430 4818 1796 4888 gustaveraqt,
1826 4809 1989 4883 quam
2019 4813 2075 4866 in

488 4880 667 5005 rgedito
696 4881 938 5003 Earadisi
967 4882 1194 4954 positam
1225 4884 1368 4936 Deus
1396 4880 1702 4954 eiceperat.
1737 4880 1861 4940 Rtel
1880 4900 2067 4941 emen-

538 4966 609 5004 an
648 4990 660 5003 .
746 4966 839 5005 oo.

538 4966 660 5004 ant.
698 4966 839 5007 EDD.

562 5020 671 5089 (59)
703 5022 768 5075 In
789 5024 1000 5092 puellae
1028 5023 1285 5092 psalticaz
1316 5024 1494 5079 lucar.
1522 5024 1683 5078 Mittit
1710 5024 1813 5078 Dn.
1840 5020 2078 5080 Latinius

490 5090 555 5171 ad
590 5090 822 5171 Festum.
878 5092 978 5171 Ubi
1009 5090 1551 5171 Josephus__Scali_ge_r
1591 5097 1736 5150 hunc
1762 5096 2077 5171 Tertulliani

492 5162 667 5216 locum
717 5162 903 5227 citans,
951 5164 1097 5219 lucar
1138 5162 1395 5234 appellari
1427 5162 1555 5222 dicit
1588 5166 1885 5221 mercedem
1915 5168 2079 5222 salta-

490 5239 668 5288 torum
697 5249 882 5314 ‘quam
931 5236 1169 5314 ascriptbe
1217 5234 1486 5314 appellant
1527 5235 1803 5314 Chgrisius
1832 5236 2077 5314 etAGlos-

490 5305 780 5376 sngraphi;
837 5319 943 5376 qua
990 5305 1381 5376 significatione
1412 5307 1570 5362 etiam
1601 5307 1835 5372 Tacitus,
1866 5309 2075 5363 Annal.

493 5374 584 5451 libi.
616 5374 906 5451 I,_dix¢;rit_
932 5374 1123 5451 Lucar
1153 5376 1476 5451 histrionum
1504 5379 1790 5433 coercitum
1824 5380 2081 5451 tempori-

493 5448 593 5503 bus
637 5447 960 5512 Tiberianis,
1010 5453 1063 5503 et
1112 5446 1313 5513 Livius,
1371 5449 1461 5503 lib.
1510 5463 1571 5504 ιιι
1628 5452 1857 5506 Lucoris
1908 5446 2079 5506 meriti

491 5519 716 5595 donum,
747 5518 891 5590 quod
923 5518 1111 5590 Pythio
1141 5518 1544 5595 Ap0llini_mi_tti
1570 5520 1883 5595 jubebatur.
1911 5522 2081 5595 quue

492 5591 786 5661 eleganter,
820 5595 1004 5661 utpote
1035 5606 1155 5645 cum
1194 5598 1349 5661 caput
1381 5592 1439 5649 Β.
1468 5591 1693 5648 Joannis
1715 5591 1864 5664 Bapt.
1899 5591 2079 5649 datum

2188 4598 2489 4670 nuncupat)
2525 4598 2826 4669 praemium.
2864 4598 2999 4652 PAI.

2256 4663 2771 4741 (mittent-inerant
2800 4670 2954 4724 enim
2974 4672 3031 4725 et
3060 4668 3354 4741 Ieremia,
3381 4674 3498 4741 etc.
3529 4663 3783 4741 terentia:

2184 4735 2314 4797 olim
2351 4735 2702 4808 adscriptum
2760 4757 2792 4794 a
2840 4741 3085 4794 Patribus
3133 4737 3394 4811 quidquid
3441 4736 3616 4811 hodie
3643 4735 3782 4811 libro

2183 4814 2393 4868 Baruch
2427 4805 2748 4879 continetur,
2781 4816 2946 4881 atque
2984 4811 3120 4865 adeo
3141 4805 3300 4881 etiam
3329 4809 3398 4863 de
3428 4810 3549 4877 ejus
3583 4805 3783 4881 Scrip-

2184 4892 2317 4938 tura:
2382 4876 3047 4963 auctoritate-'can'onica,
3118 4880 3313 4963 quibus
3368 4876 3638 4963 consentit
3672 4876 3783 4963 .hic

2182 4962 2382 5019 auctor,
2463 4953 2632 5008 citans
2696 4953 2941 5009 Jeremite
3008 4946 3243 5017 nomine,
3309 4950 3451 5022 quod
3508 4946 3782 5005 invenitur

2183 5027 2415 5082 Baruch.
2447 5041 2521 5080 v1.
2556 5024 2695 5080 PAM.

2254 5099 2307 5164 (6
2318 5101 2338 5151 t
2351 5096 2671 5167 )‘Danielem
2681 5096 2898 5169 nullius
2905 5098 3121 5169 printer
3133 5096 3237 5169 Dei
3254 5090 3783 5169 s_upplicem._H_isto-

2186 5162 2325 5222 rium
2351 5162 2514 5223 'hanc
2565 5166 2742 5238 attigit
2781 5162 2970 5239 capiti
3016 5166 3085 5221 de
3124 5162 3600 5239 idololatria,gq_ui
3633 5163 3786 5239 lo_cus

2187 5254 2293 5294 non
2325 5240 2464 5295 adeo
2496 5255 2624 5296 eum
2654 5233 2757 5294 Hoc
2808 5233 3088 5295 consonat.
3135 5237 3270 5292 Nam
3312 5238 3399 5292 hic
3441 5234 3642 5291 dicitur
3669 5233 3782 5287 Da-

2187 5312 2291 5365 niel
2323 5311 2521 5365 nullius
2541 5310 2642 5365 nisi
2687 5310 2781 5364 Dei
2814 5310 3057 5381 supplex,
3083 5308 3328 5381 ibigvero
3377 5311 3581 5364 cratera
3607 5305 3781 5381 Dario

2185 5382 2486 5445 subnixus,
2517 5383 2621 5438 hoc
2660 5389 2742 5436 est
2774 5377 3073 5453 morigerus
3105 5395 3118 5435 :
3153 5379 3310 5453 Quod
3340 5388 3535 5453 tamen
3569 5377 3785 5453 obtem-

2188 5455 2408 5525 perandi
2456 5470 2629 5525 genus
2675 5447 3095 5525 saeculari-afuit,
3146 5466 3268 5508 cum
3299 5450 3385 5507 hic
3411 5452 3481 5506 de
3512 5447 3783 5520 religione

2186 5522 2239 5581 et
2266 5524 2379 5583 veri
2410 5522 2502 5580 Déi
2535 5524 2681 5581 cultu
2709 5532 2916 5595 agatur.
2947 5522 3026 5579 La
3055 5522 3151 5577 Pa.
