4042 6172
300 262 378 321 161
1429 244 1585 307 ADV.
1627 242 1979 305 GNOSTICOS
2017 241 2393 303 SCORPIACE.

3138 299 3164 314 ς
3447 245 3549 307 162

289 386 450 441 feritas
503 383 704 436 leonum
761 377 1106 444 devorasset,
1165 376 1210 431 Si
1268 375 1417 431 Darii
1489 376 1654 448 digna
1711 387 1850 444 prm-
1884 385 1931 463 Α
1961 370 2106 442 quod
2145 370 2389 441 plerique
2414 371 2527 439 jam
2567 367 2758 422 nostri.
2805 369 3015 425 Dehinc
3043 371 3107 425 ad
3151 372 3430 443 apostolos
3459 389 3549 428 re.

285 472 493 543 sumptio
523 470 584 523 de
612 469 729 523 Deo
760 465 872 521 falli
901 467 1196 522 debuisset.
1230 465 1520 529 Caeterum,
1556 463 1660 534 pati
1691 479 1849 534 opor-

291 566 414 619 tebat
442 573 646 615 omnem
691 556 790 612 Dei
835 556 1240 628 praedicatorem
1272 565 1432 626 atque
1462 554 1722 608 cultorem
1755 551 1847 621 qui

287 652 342 706 ad
394 646 740 705 idololatriam
805 652 1129 716 provocatus
1185 649 1432 715 negasset
1493 639 1842 713 obsequium,

284 738 545 796 secundum
587 735 732 789 illius
779 749 992 806 quoque
1040 733 1265 789 rationis
1304 740 1522 800 statum,
1571 747 1676 803 qua
1717 730 1766 768 ⁵ο
1794 739 1848 786 et

280 826 600 900 praesentibus
641 832 769 879 tunc
816 830 870 878 et
901 821 1136 893 posteris
1181 822 1439 892 deinceps
1477 819 1842 876 commendari

280 917 520 973 veritatem
569 912 877 983 oportebat,
925 926 1025 982 pro
1070 926 1180 984 qua
1227 909 1385 965 ﬁdem
1412 911 1616 965 diceret
1657 908 1843 978 passio

279 1006 477 1077 ipserum
539 1003 894 1060 defensorum
959 1003 1110 1072 ejus;
1170 1002 1297 1073 quia
1353 1016 1512 1056 nemo
1579 999 1843 1056 voluisset

278 1093 442 1161 occidi,
489 1091 596 1147 nisi
641 1106 867 1162 compos
912 1090 1171 1148 veritatis.
1220 1090 1370 1145 Talia
1397 1106 1427 1144 a
1456 1089 1753 1160 primordio
1791 1097 1842 1145 et

276 1192 507 1252 prazcepta
585 1188 643 1235 et
698 1179 946 1250 exempla
1003 1178 1318 1235 debitricem
1371 1178 1614 1250 martyrii
1681 1177 1840 1234 ﬁdem

276 1269 550 1325 ostendunt.

866 1412 1091 1469 CAPUT
1130 1411 1228 1467 ΙΧ.

329 1535 605 1606 Superest,
654 1550 723 1590 ne
784 1535 1081 1606 antiquitas
1125 1551 1282 1590 suum
1328 1549 1544 1606 quoque
1595 1532 1840 1589 habuerit

275 1633 640 1679 sacramentum
705 1623 846 1694 (62),
891 1623 1185 1681 novitatem
1231 1623 1587 1678 Christianam
1649 1637 1842 1678 recen-

226 1749 230 1752 ›
276 1727 390 1777 sere,
430 1711 582 1783 quasi
640 1720 693 1767 et
731 1711 800 1767 de
833 1711 950 1768 Deo
979 1712 1159 1782 aliam,
1191 1728 1254 1768 ac
1282 1713 1509 1783 proinde
1552 1710 1840 1782 disciplina

274 1774 462 1871 quoius
510 1800 800 1867 mmulam,
830 1801 990 1870 cujus
1018 1774 1208 1873 sephia
1248 1774 1392 1856 ﬁlios
1437 1774 1704 1872 jugulare
1729 1815 1844 1854 non
1877 1774 1921 1850 Β

275 1887 406 1941 norit.
453 1888 623 1943 Plane
655 1889 761 1943 alia
791 1889 845 1942 in
873 1887 1084 1945 Christo
1114 1898 1166 1944 et
1187 1890 1232 1927 51
1280 1889 1532 1944 divinitas
1563 1900 1616 1943 et
1645 1889 1842 1945 volun-

277 1984 340 2029 tas
389 1985 435 2030 et
487 1977 702 2042 schola,
736 1978 786 2015 ⁵2
844 1977 1095 2049 martyria
1133 1986 1224 2032 aut
1261 1979 1405 2034 nulla
1443 1978 1495 2032 in
1528 1985 1715 2044 totum,
1754 1987 1847 2033 aut

278 2062 404 2117 aliter
430 2065 781 2137 intelligenda
808 2068 1092 2135 mandarit,
1138 2068 1228 2140 qui
1266 2067 1540 2123 neminem
1572 2069 1637 2122 ad
1668 2067 1849 2136 hujus-

279 2153 395 2208 modi
437 2155 738 2210 discrimen
785 2157 1049 2222 hortetur,
1097 2157 1189 2229 qui
1243 2172 1338 2229 pro
1383 2173 1449 2213 eo
1493 2157 1669 2229 passis
1716 2157 1845 2212 nihil

281 2244 602 2312 repromittat,
672 2246 800 2316 quia
842 2246 949 2314 pati
981 2261 1074 2302 eos
1102 2246 1258 2301 nolit.
1289 2248 1358 2301 Et
1386 2247 1508 2303 ideo
1537 2255 1846 2318 praecepto-

283 2347 381 2384 rum
410 2333 672 2405 principia
726 2335 999 2390 deducens
1031 2352 1043 2392 :
1105 2338 1282 2404 Beati,
1327 2339 1513 2408 inquit
1542 2336 1761 2408 (Matth.
1789 2354 1843 2400 v,

295 2422 382 2490 10),
395 2426 480 2494 qui
505 2427 964 2496 persecutionem
977 2429 1288 2497 patiuntur
1305 2426 1367 2482 ob
1395 2428 1706 2496 iustitiam,
1720 2444 1850 2500 quo-

297 2512 423 2566 niam
451 2514 685 2569 illorum
705 2519 790 2570 est
810 2529 1047 2586 regnum
1071 2515 1361 2572 cazlorum.
1389 2517 1500 2573 Hoc
1521 2517 1735 2588 quidem
1757 2519 1852 2572 ab-

298 2597 436 2654 solute
456 2602 516 2655 ad
543 2617 764 2668 omnes,
795 2602 990 2658 dehinc
1019 2606 1229 2675 prOpt‘ie
1257 2605 1325 2659 ad
1346 2608 1619 2676 apostolos
1656 2609 1803 2678 ipsos
1830 2628 1848 2664 :

302 2685 428 2742 Beati
443 2691 599 2744 eritis
620 2707 753 2745 cum
773 2705 865 2745 vos
877 2691 1351 2762 dedecorauerint,
1367 2699 1424 2750 et
1439 2697 1729 2766 persecuti
1737 2699 1853 2766 fue-

305 2773 416 2844 rint,
440 2782 488 2833 et
512 2778 774 2834 dixerint
803 2779 1064 2836 adversus
1092 2797 1182 2837 vos
1211 2785 1403 2838 omnia
1430 2784 1588 2839 mala
1620 2788 1854 2855 propter

310 2876 406 2930 me;
429 2867 650 2934 gaudete
688 2871 746 2922 et
784 2869 1090 2940 exsultate,
1123 2871 1392 2942 quoniam
1420 2887 1635 2928 merces
1666 2876 1852 2929 vestra

321 2951 520 3018 plurima
536 2958 596 3010 in
625 2959 757 3016 caelo
772 2976 785 3015 :
801 2961 881 3016 sic
903 2959 1055 3015 enim
1065 2960 1348 3032 faciebant
1370 2968 1425 3018 et
1440 2963 1724 3034 prophetis
1745 2977 1852 3027 pa-

1960 469 2114 515 vocat
2145 464 2217 527 (ν.
2264 461 2391 528 22):
2429 461 2497 514 Et
2539 459 2703 512 eritis
2747 460 2869 514 odio
2901 461 3156 516 omnibus
3189 467 3420 534 propter
3449 480 3550 518 no-

1957 564 2090 603 men
2135 563 2342 604 meum.
2386 547 2599 616 Quanto
2647 545 2818 618 magis
2847 564 2964 613 nos,
3010 563 3146 620 quos
3177 565 3209 603 a
3240 551 3552 619 parentibus

1954 651 2168 708 quoque
2221 637 2356 690 tradi
2412 636 2668 704 Oportet?
2719 637 2815 701 Ita,
2869 635 2988 706 ipsa
3051 639 3146 692 hac
3204 639 3552 708 permistione

1955 741 2098 780 nunc
2151 726 2217 780 ad
2273 724 2572 796 apostolos,
2633 740 2772 780 nunc
2824 725 2891 779 ad
2947 741 3137 781 omnes
3193 727 3550 798 disponendo,

1954 815 2202 869 eumdem
2261 814 2316 868 in
2381 812 2660 868 universos
2713 813 2946 869 nominis
3003 815 3207 870 exitum
3243 815 3452 881 effudit,
3496 818 3550 871 in

1951 903 2146 973 quibus
2203 903 2507 959 consederit
2552 917 2746 958 nomen
2802 918 2922 958 cum
2975 903 3084 958 odii
3132 904 3214 960 sui
3263 905 3405 977 lege.
3441 906 3554 972 Qui

1951 996 2147 1049 autem
2184 992 2527 1048 sustinuerit
2561 1006 2738 1062 usque
2777 992 2839 1045 in
2875 991 3069 1060 ﬁnem,
3093 995 3202 1048 iste
3221 994 3411 1050 salvus
3439 994 3542 1062 ﬁet

1949 1081 2124 1151 (ibid).
2179 1079 2323 1149 Quid
2389 1082 2726 1144 sustinendo,
2787 1078 2886 1133 nisi
2936 1081 3390 1151 persecutionem,
3443 1081 3550 1136 nisi

1951 1169 2312 1238 traditionem,
2376 1168 2478 1222 nisi
2537 1168 2903 1225 occisionem?
2951 1171 3060 1226 Nec
3105 1171 3250 1226 enim
3281 1172 3423 1226 aliud
3471 1179 3555 1227 est

1948 1260 2211 1314 sustinere
2255 1259 2308 1313 in
2355 1257 2538 1323 ﬁnem,
2587 1274 2750 1330 quam
2790 1261 2900 1328 pati
2931 1258 3114 1314 ﬁnem.
3147 1261 3214 1315 Et
3243 1260 3396 1315 ideo:
3431 1261 3553 1317 Non

1948 1353 2029 1404 est
2075 1347 2381 1419 discipulus
2422 1362 2592 1418 super
2631 1350 2968 1419 magistrum
3010 1349 3166 1416 (ibid.
3199 1349 3310 1419 25).
3359 1348 3551 1404 Statim

1947 1436 2217 1507 sequitur:
2267 1437 2373 1492 Nec
2421 1451 2618 1492 servus
2662 1452 2834 1508 super
2863 1436 3162 1493 dominum
3189 1453 3390 1504 suum;
3422 1437 3549 1508 quia

1962 1539 2081 1579 cum
2111 1520 2364 1596 Magister
2395 1533 2449 1578 et
2495 1523 2756 1578 Dominus
2786 1524 2899 1594 ipse
2931 1540 3223 1595 perpessus
3265 1525 3332 1578 sit
3359 1541 3552 1594 perse-

1951 1612 2222 1668 cutionem
2268 1620 2321 1666 et
2357 1611 2700 1666 traditionem
2747 1621 2797 1667 et
2833 1612 3182 1680 occisionem,
3222 1614 3392 1669 multo
3429 1629 3552 1669 ma-

1948 1703 2032 1774 gis
2060 1701 2201 1757 servi
2229 1710 2282 1758 et
2309 1701 2557 1771 discipuli
2607 1700 2853 1755 eamdem
2903 1703 3200 1769 expendere
3229 1702 3505 1759 debebunt
3536 1747 3551 1769 ,

1950 1807 2017 1847 ne
2046 1789 2198 1861 quasi
2228 1789 2542 1859 superiores
2557 1788 2798 1860 exempti
2827 1789 2894 1844 de
2922 1787 3202 1860 iniquitate
3233 1790 3547 1864 videantur;

1951 1888 2168 1960 quando
2199 1889 2304 1944 hoc
2336 1885 2512 1958 ipsum
2561 1885 2811 1941 sufficere
2842 1885 2922 1939 eis
2970 1885 3038 1938 ad
3073 1885 3301 1956 gloriam
3332 1887 3553 1956 debeat,

1952 1975 2154 2046 aequari
2211 1974 2552 2045 passionibus
2592 1973 2804 2030 Domini
2853 1981 2905 2028 et
2946 1973 3188 2044 Magistri
3217 1975 3286 2029 ad
3327 1991 3554 2045 quarum

1953 2065 2290 2121 tolerantiam
2341 2063 2613 2119 aediﬁcans
2671 2069 2850 2119 monet
2907 2063 3066 2132 (ibid.
3128 2065 3242 2133 28),
3279 2080 3396 2120 non
3460 2081 3552 2121 eos

1955 2153 2246 2218 timendos,
2259 2155 2360 2225 qui
2373 2153 2554 2208 solum
2566 2168 2764 2225 corpus
2784 2152 3063 2216 occidant,
3085 2155 3344 2208 animam
3362 2158 3556 2210 autem

1953 2252 2276 2320 interficere
2291 2267 2406 2306 non
2435 2249 2796 2318 valeant;sed
2807 2250 2898 2305 illi
2915 2253 3110 2322 potius
3129 2254 3347 2307 metum
3375 2267 3560 2310 conse-

1956 2340 2253 2407 crandum,
2285 2340 2382 2412 qui
2420 2344 2474 2395 et
2490 2356 2690 2411 corpus
2717 2345 2773 2396 et
2793 2341 3049 2396 ani-mam
3079 2341 3329 2397 occidere
3358 2347 3409 2397 et
3432 2357 3557 2413 per-

1958 2429 2086 2484 dere
2132 2429 2305 2503 possit
2344 2431 2407 2484 in
2450 2428 2734 2501 gehenna.
2771 2426 2998 2495 Quinam
3029 2429 3082 2482 hi
3112 2429 3280 2485 solius
3310 2430 3556 2500 corporis

1956 2517 2389 2588 interemptores,
2446 2519 2544 2572 nisi
2586 2517 2841 2588 praesides
2890 2529 2944 2574 et
2993 2534 3152 2591 reges
3212 2519 3556 2591 supradicti?

1961 2607 2207 2663 homines
2236 2608 2454 2679 opinor.
2489 2607 2623 2676 Quis
2662 2609 2820 2663 etiam
2849 2608 3045 2662 anima:
3085 2609 3420 2676 dominator,
3453 2611 3556 2665 nisi

1960 2697 2106 2752 Deus
2151 2697 2341 2752 solus?
2386 2695 2519 2765 Quis
2568 2697 2666 2751 iste
2706 2696 2911 2769 ignium
2942 2697 3316 2765 comminator,
3352 2698 3454 2752 nisi
3487 2699 3555 2769 is,

1961 2785 2078 2840 sine
2117 2785 2271 2854 cujus
2315 2785 2594 2841 voluntate
2637 2801 2740 2840 nec
2788 2801 3068 2855 passerum
3107 2786 3243 2842 alter
3271 2787 3325 2841 in
3356 2794 3556 2841 terram

1961 2873 2122 2938 cadit,
2153 2873 2207 2927 id
2237 2881 2338 2941 est,
2372 2889 2474 2929 nec
2503 2874 2666 2929 altera
2695 2889 2762 2928 ex
2819 2873 3028 2929 duabus
3077 2875 3399 2930 substantiis
3451 2877 3556 2932 ho-

1963 2961 2123 3015 minis
2169 2976 2298 3016 caro
2343 2971 2430 3015 aut
2488 2962 2705 3015 anima?
2750 2964 2878 3032 quia
2925 2971 2978 3017 et
3027 2965 3368 3034 capillor-um
3415 2963 3558 3034 apud

333 3041 416 3095 tres
453 3060 640 3100 eorum
677 3048 816 3115 (ibid.
853 3051 966 3118 11).
995 3047 1084 3112 ,οι
1117 3047 1285 3106 I39
1314 3050 1476 3105 etiam
1507 3052 1856 3122 pr0phetaret
1885 3055 1927 3132 ε
1957 3065 2081 3104 eum
2129 3053 2382 3119 regestus
2430 3053 2514 3104 est
2543 3065 2814 3106 numerus
2845 3050 2998 3119 (ibid.
3024 3055 3132 3118 31).
3177 3055 3359 3109 Nolite
3395 3050 3560 3109 I40

328 3137 448 3204 quod
465 3147 509 3193 et
541 3139 643 3212 ipsi
676 3144 838 3199 occidi
883 3146 1141 3200 haberent
1169 3147 1236 3200 ad
1277 3148 1580 3216 exemplum
1612 3149 1851 3218 prophe-

318 3227 482 3281 tarum.
523 3227 834 3302 Quanquam
870 3231 971 3288 etsi
1000 3248 1212 3290 omnem
1252 3236 1388 3290 hanc
1418 3236 1850 3305 persecutionem

303 3314 673 3374 conditionalem
720 3320 773 3374 in
821 3322 971 3377 solos
1026 3331 1152 3379 tunc
1195 3322 1474 3395 apostolos
1511 3324 1846 3390 destinasset,

303 3401 457 3472 utique
484 3424 574 3477 per
613 3408 734 3466 illos
781 3427 903 3466 cum
952 3419 1060 3468 toto
1107 3421 1461 3482 sacramento,
1491 3429 1613 3468 cum
1643 3429 1847 3486 propa-

301 3490 402 3560 gine
440 3497 686 3566 nominis,
731 3516 856 3556 cum
911 3500 1128 3556 traduce
1183 3501 1418 3571 Spiritus
1464 3502 1632 3558 sancti
1668 3503 1720 3556 in
1751 3516 1850 3556 nos

296 3595 477 3653 quoque
501 3596 808 3654 spectasset
835 3589 990 3643 etiam
1018 3589 1412 3658 persecutionis
1440 3591 1704 3646 obeunda:
1733 3591 1848 3646 dis—

293 3667 476 3740 ciplina,
522 3683 579 3729 ut
631 3675 690 3729 in
737 3676 1108 3732 haereditarios
1151 3678 1450 3749 discipulos
1487 3686 1543 3734 et
1570 3680 1850 3749 apostolici

292 3759 476 3816 seminis
519 3764 773 3819 frutices.
818 3767 956 3820 Nam
1012 3774 1066 3822 et
1101 3782 1289 3822 rursus
1313 3768 1381 3822 ad
1419 3768 1691 3838 apostolos
1718 3769 1854 3824 diri-

292 3845 357 3917 git
394 3852 602 3917 (Matth.
657 3871 714 3922 x,
749 3855 876 3923 16):
929 3857 1066 3911 Ecce
1112 3871 1206 3928 ego
1234 3857 1403 3912 mitto
1449 3875 1540 3916 vos
1574 3863 1853 3930 tanquam

289 3951 393 3992 oves
418 3942 472 3995 in
503 3943 693 3999 medio
726 3944 1021 4016 luporum;
1051 3953 1104 4001 et
1131 3945 1208 4016 (v.
1243 3946 1363 4016 t7):
1409 3947 1605 4003 Cavete
1640 3950 1707 4004 ab
1751 3947 1852 4007 ho-

287 4027 535 4099 minibus;
571 4034 808 4090 trade-nt
835 4037 984 4091 enim
1005 4051 1096 4092 vos
1122 4037 1184 4090 in
1205 4051 1516 4106 consessus,
1539 4040 1595 4092 et
1615 4037 1678 4092 in
1693 4055 1856 4111 syna-

282 4118 410 4184 gogis
435 4121 554 4175 suis
585 4121 962 4190 ﬂagellabant
987 4138 1094 4189 vos,
1123 4126 1180 4177 et
1210 4122 1282 4177 ad
1315 4123 1587 4194 praesides
1617 4128 1673 4179 et
1704 4142 1854 4198 reges

280 4205 677 4275 perducemini,
699 4210 814 4264 mei
824 4226 1017 4276 causa,
1041 4213 1104 4267 in
1127 4213 1521 4270 testimonium
1541 4213 1658 4269 illis
1677 4217 1734 4270 et
1751 4232 1855 4272 na-

286 4291 526 4364 tionibus,
562 4306 677 4354 etc.
711 4298 845 4352 Cum
874 4307 1048 4355 autem
1079 4301 1297 4370 subjicit
1343 4304 1416 4370 (v.
1463 4303 1552 4374 21)
1587 4321 1602 4358 :
1657 4304 1856 4361 Tradet

283 4388 449 4440 autem
467 4388 665 4455 frater
682 4389 947 4458 fratrem,
968 4391 1025 4445 et
1043 4392 1207 4463 pater
1225 4391 1416 4461 ﬁlium
1435 4371 1499 4444 in
1518 4371 1776 4460 mortem,
1801 4395 1857 4448 et

280 4469 554 4545 insurgent
574 4477 694 4546 ﬁlii
711 4479 774 4532 in
789 4482 1076 4548 parentes,
1095 4483 1148 4536 et
1167 4479 1593 4551 mortiﬁcabunt
1614 4497 1728 4548 eos;
1743 4496 1858 4534 ma-

279 4558 450 4618 nifeste
503 4564 852 4636 iniquitatem
899 4566 1058 4623 istam
1104 4567 1157 4622 in
1204 4577 1428 4625 caeteros
1474 4569 1857 4640 pronuntiavit,

280 4662 421 4716 quam
457 4651 513 4708 in
566 4654 833 4726 apostolis
868 4671 976 4712 non
1018 4656 1342 4713 invenimus.
1383 4658 1554 4713 Nemo
1589 4657 1734 4713 enim
1761 4673 1862 4714 eo-

279 4749 380 4793 rum
408 4750 502 4797 aut
544 4742 770 4799 fratrem
816 4752 908 4799 aut
946 4754 1148 4816 patrem
1191 4760 1388 4816 passus
1418 4755 1501 4803 est
1530 4747 1861 4818 traditorem,

1958 3155 2085 3210 ergo
2115 3142 2369 3194 metuere
2415 3153 2540 3193 cum
2587 3153 2749 3207 super
2805 3138 2952 3203 dicit,
2986 3139 3190 3195 multis
3237 3143 3558 3211 passeribus

1959 3226 2302 3294 antistatis;
2333 3239 2440 3280 non
2489 3225 2701 3290 frustra,
2765 3222 2817 3278 id
2875 3232 2976 3292 est,
3024 3239 3132 3280 non
3183 3223 3300 3279 sine
3355 3226 3558 3281 emolu-

1959 3330 2140 3379 mento
2190 3337 2416 3378 casuros
2459 3320 2513 3375 in
2563 3330 2762 3376 terram
2811 3321 3158 3393 repromittit,
3209 3321 3256 3376 si
3293 3322 3462 3394 magis
3490 3323 3558 3376 ab

1958 3412 2270 3468 hominibus
2319 3426 2485 3483 quam
2532 3426 2563 3464 a
2622 3410 2735 3465 Deo
2785 3409 2956 3465 occidi
3025 3410 3310 3483 eligamus.
3365 3413 3558 3468 Omnis

1960 3503 2136 3573 igitur
2147 3503 2245 3572 qui
2277 3503 2342 3556 in
2368 3517 2458 3557 me
2478 3501 2767 3570 confessus
2796 3501 2981 3569 fuerit
3008 3517 3200 3557 coram
3221 3499 3556 3570 hominibus,

1959 3594 2012 3645 et
2035 3606 2128 3662 ego
2154 3591 2458 3660 conﬁtebor
2486 3593 2548 3646 in
2565 3590 2666 3647 illo
2695 3605 2885 3645 coram
2914 3592 3086 3647 Patre
3115 3606 3233 3647 meo
3254 3593 3352 3662 qui
3371 3593 3433 3646 in
3453 3607 3559 3645 ca:-

1961 3681 2028 3737 lis
2049 3685 2148 3736 est.
2181 3683 2248 3736 Et
2263 3682 2443 3737 omnis
2464 3680 2560 3752 qui
2577 3681 2868 3749 negaverit
2889 3694 2979 3735 me
2998 3696 3189 3736 coram
3215 3679 3557 3747 hominibus,

1961 3774 2014 3826 et
2043 3786 2134 3840 ego
2162 3769 2369 3840 negabo
2400 3768 2565 3823 illum
2595 3784 2787 3824 coram
2817 3769 2990 3825 Patre
3027 3785 3149 3826 meo
3182 3770 3283 3840 qui
3310 3772 3376 3826 in
3407 3771 3562 3827 caelis

1961 3863 2044 3916 est
2087 3857 2239 3928 (ibid.
2283 3854 2394 3916 33).
2436 3855 2738 3923 Manifesta,
2784 3863 2842 3910 ut
2885 3857 3096 3928 opinor,
3130 3856 3369 3914 deﬁnitio
3398 3866 3448 3913 et
3477 3873 3562 3913 ra-

1963 3945 2036 4002 tio
2100 3956 2180 4001 est
2231 3945 2280 3983 ⁵³
2325 3953 2434 4000 tam
2491 3943 2848 4002 confessionis
2897 3962 3062 4016 quam
3094 3945 3417 4018 negationis,
3460 3945 3563 4002 etsi

1962 4033 2246 4106 dispositio
2295 4033 2507 4090 diversa
2543 4042 2643 4090 est.
2673 4031 2780 4100 Qui
2829 4049 2888 4088 se
2936 4033 3296 4091 Christianum
3342 4035 3564 4092 conﬁte-

1964 4133 2074 4194 tur,
2108 4123 2305 4178 Christi
2353 4139 2471 4178 esse
2522 4129 2767 4178 testatur.
2801 4120 2902 4190 Qui
2948 4122 3145 4178 Christi
3176 4132 3275 4190 est,
3315 4122 3368 4178 in
3404 4124 3561 4179 Chri-

1964 4219 2046 4268 sto
2081 4210 2152 4266 sit
2198 4225 2419 4266 necesse
2448 4217 2552 4266 est.
2580 4209 2639 4265 Si
2666 4209 2721 4264 in
2750 4209 2964 4266 Christo
2993 4219 3094 4276 est,
3119 4212 3177 4266 in
3206 4211 3418 4268 Christo
3466 4211 3567 4266 uti-

1966 4317 2072 4375 que
2109 4299 2411 4365 conﬁtetur,
2441 4314 2560 4354 cum
2591 4315 2648 4354 se
2705 4299 3071 4355 Christianum
3110 4301 3418 4357 conﬁtetur.
3450 4302 3567 4357 Hoc

1969 4391 2112 4447 enim
2167 4403 2276 4444 non
2333 4394 2506 4458 potest
2563 4402 2701 4455 esse,
2761 4386 2862 4440 nisi
2922 4389 2992 4442 sit
3019 4389 3075 4443 in
3107 4389 3344 4448 Christo.
3376 4392 3562 4459 Porro,

1968 4480 2023 4535 in
2072 4479 2284 4534 Christo
2334 4474 2662 4540 confitendo,
2711 4476 2983 4531 Christum
3025 4493 3242 4549 quoque
3288 4478 3569 4534 conﬁtetur

1971 4569 2065 4640 qui
2115 4568 2184 4623 sit
2231 4567 2284 4622 in
2333 4564 2569 4635 Christo,
2616 4563 2743 4618 dum
2783 4572 2835 4619 et
2866 4563 2981 4634 ipse
3019 4564 3072 4619 in
3103 4567 3198 4619 illo
3240 4573 3344 4635 est,
3381 4572 3568 4636 utpote

1970 4656 2326 4715 Christianus.
2376 4656 2516 4710 Nam
2563 4661 2615 4709 et
2663 4651 2710 4707 si
2744 4654 2797 4692 ⁵4
2842 4651 2985 4707 diem
3025 4652 3241 4721 dixeris,
3282 4654 3417 4708 lucis
3455 4670 3568 4710 rem

1974 4745 2220 4804 ostendis
2262 4746 2311 4784 55
2367 4760 2487 4818 qum
2541 4744 2681 4800 diem
2736 4750 2977 4816 prmstat,
3012 4741 3134 4799 licet
3189 4758 3299 4799 non
3366 4744 3568 4801 dixeris

1637 4889 1828 4954 Varia:
1859 4893 2171 4955 lectiones.

337 5007 554 5090 5°_Quia
597 5012 765 5090 Seml.
803 5011 950 5090 51__Et
975 5010 1155 5090 demit
1185 5013 1438 5090 Seml.}?
1457 5015 1526 5072 Et
1554 4982 1732 5072 addit.
1767 5019 1937 5076 Seml.
1967 5015 2060 5090 qui
2100 5014 2220 5073 cod.
2273 5016 2474 5074 Wouw.
2507 5013 2556 5053 53
2585 5014 2682 5071 Est
2709 5021 2762 5069 et
2790 5013 3034 5073 deﬁnitio
3065 5021 3120 5070 et
3151 5014 3289 5072 ratio
3319 5015 3492 5075 Seml.
3523 5015 3572 5054 5"

279 5074 335 5132 Ut
358 5074 564 5140 sir'cod.
610 5085 809 5143 Wouw.
844 5084 1211 5142 550$tendisti
1233 5087 1403 5144 Seml.

1648 5186 2145 5251 Commentaries.

337 5302 452 5383 (62)
484 5308 565 5363 Ne
589 5310 912 5383 antiquitas
943 5326 1112 5383 suum
1140 5327 1353 5383 quoque
1379 5310 1636 5369 habuerit
1678 5328 1875 5369 sacra-

279 5382 551 5454 mentum.
588 5379 700 5454 [loc
723 5379 825 5446 est,
859 5381 940 5436 Ne
977 5381 1099 5454 quis
1129 5379 1284 5452 putet
1324 5383 1502 5454 veteri
1530 5384 1876 5440 Testamento

280 5445 527 5525 grdinata
604 5449 768 5525 fuisse
812 5445 1142 5524 ’martjvria;
1193 5468 1300 5508 non
1358 5453 1532 5525 Novo,
1563 5455 1706 5524 Lege
1764 5471 1873 5512 non

277 5510 592 5590 Evangelio.
625 5522 809 5594 Itaque
847 5510 1242 5583 sacramentum
1293 5510 1532 5598 martyrii
1562 5510 1712 5584 dicit.
1746 5510 1872 5594 alii.

2054 5342 2125 5352 —
2158 5313 2340 5369 Suum
2369 5320 2818 5370 sacramentum.
2844 5313 2954 5369 Hoc
2983 5321 3066 5368 est
3095 5313 3371 5384 proprium
3403 5319 3456 5365 et
3483 5327 3577 5379 pe-

1985 5384 2188 5440 culiare
2217 5383 2542 5456 antiquitati,
2574 5386 2827 5456 nimirum
2855 5385 3076 5448 Judaeis,
3100 5383 3211 5439 non
3238 5385 3393 5438 etiam
3424 5395 3576 5436 com-

1985 5454 2369 5512 municandum
2402 5455 2625 5512 novitati
2659 5454 2997 5510 Christianae.
3033 5457 3154 5510 RIG.
