4042 6172
259 320 354 382 165
1413 317 1566 378 ADV.
1607 315 1958 378 GNOSTICOS
1993 317 2366 382 SCORPIACB.

3437 330 3538 393 166

251 441 536 500 conﬁtebor
573 456 762 500 coram
817 445 975 501 Patre
1030 459 1152 501 meo
1207 443 1302 516 qui
1339 442 1393 500 in
1441 444 1591 501 cmlis
1646 445 1772 500 est?
1806 465 1828 495 ι
1865 459 1910 540 Α
1944 447 2092 517 potui
2119 448 2270 519 (76);
2304 447 2582 504 sustinebo
2612 449 2841 518 majores
2871 457 3178 522 potestates,
3220 455 3314 526 qui
3358 457 3538 514 mino-

251 534 464 603 Eripere
496 547 582 586 me
603 533 793 589 debuit
839 550 910 589 ex
941 535 1042 591 isto
1076 543 1302 589 terrente
1331 534 1689 589 confessionis
1749 550 1833 589 er-

249 638 376 686 rore,
407 639 572 694 quam
604 624 807 696 suscipi
836 625 1010 680 noluit
1047 626 1116 690 63,
1149 625 1196 679 si
1225 623 1504 680 cmlestem
1556 623 1841 694 praecepis-

249 720 331 776 set,
360 712 492 783 quia
521 713 704 767 nullos
739 714 872 770 alios
899 714 1145 770 homines
1197 727 1453 769 noveram
1509 721 1705 784 praeter
1758 711 1842 766 in-

248 803 381 856 colas
419 810 605 864 terrae,
636 816 706 856 ne
748 802 868 874 ipso
923 804 1142 874 quidem
1177 802 1357 857 adhuc
1383 806 1512 857 tunc
1575 801 1632 855 in
1689 799 1842 857 ccelis

251 888 458 944 homine
487 899 806 959 conspecto.
850 889 986 957 Qum
1017 907 1178 961 porro
1210 891 1342 945 ﬁdes
1373 905 1579 954 rerum,
1633 899 1693 945 ut
1723 896 1844 957 post

250 991 522 1033 excessum
561 976 630 1030 ad
655 993 895 1049 superna
925 979 1237 1034 sublevatus
1258 978 1327 1044 59,
1361 977 1467 1032 illic
1493 978 1748 1048 probarer
1768 978 1838 1043 7°,

248 1081 334 1136 quo
362 1080 481 1119 non
513 1065 620 1119 nisi
645 1064 756 1137 jam
788 1067 1046 1138 probatus
1087 1066 1441 1137 imponerer?
1473 1065 1577 1120 illic
1605 1065 1670 1120 de
1699 1081 1841 1136 prae-

246 1161 384 1224 cepto
426 1153 482 1190 τι
514 1153 879 1220 examinarer,
910 1156 1026 1226 (69)
1057 1170 1163 1226 quo
1203 1153 1308 1209 nisi
1335 1153 1698 1208 admittendus
1729 1169 1843 1222 per-

245 1241 413 1297 venire
467 1257 584 1298 non
635 1243 903 1313 possem?
935 1243 1238 1299 Christiano
1287 1243 1485 1298 ccelum
1535 1250 1656 1297 ante
1698 1249 1843 1312 patet

244 1347 392 1402 quam
415 1333 548 1398 via;
572 1332 698 1402 quia
729 1332 872 1386 nulla
890 1331 1047 1388 viain
1071 1332 1288 1399 oculum,
1312 1331 1414 1386 nisi
1443 1329 1528 1386 cui
1549 1336 1695 1402 patet
1723 1346 1840 1385 cce-

245 1422 333 1476 lum
358 1439 372 1484 ;
403 1421 567 1492 quod
600 1419 692 1491 qui
723 1420 982 1493 attigerit,
1011 1420 1250 1476 intrabit.
1283 1420 1430 1491 Quas
1458 1419 1589 1475 mihi
1610 1427 1842 1489 potesta-

243 1513 308 1564 tes
322 1507 864 1578 janitricesafﬁrmas
889 1510 1042 1579 juxta
1070 1511 1360 1564 Romanam
1403 1506 1839 1580 superstitionem

240 1599 417 1652 Ianum
438 1597 742 1669 quemdam
754 1597 803 1635 ’⁷2
821 1606 876 1654 et
905 1598 1194 1654 Ferculum
1224 1607 1275 1654 et
1297 1595 1654 1654 Limentinum
1671 1596 1790 1668 ('70)
1811 1596 1840 1651 ‘i

240 1705 352 1757 quas
411 1704 447 1741 a
511 1686 772 1743 cancellis
826 1687 1049 1742 ordinas
1113 1686 1456 1757 potestates?
1487 1686 1542 1740 Si
1605 1701 1839 1756 unquam

1951 537 2100 591 ribus
2125 539 2296 604 cessi;
2329 541 2574 592 merebor
2623 541 2853 612 denique
2899 543 3124 609 admitti,
3184 546 3292 614 jam
3343 549 3534 603 exclu-

1949 641 2059 681 sus.
2092 627 2338 698 Suppetit
2384 629 2560 683 adbuc
2596 628 2776 684 dicere
2810 647 2822 683 :
2865 628 2921 684 Si
2960 631 3014 685 in
3061 633 3371 690 coelestibus
3407 653 3538 692 con-

1951 712 2227 780 ﬁtendum,
2261 723 2312 769 et
2346 716 2432 771 hic
2469 715 2518 754 ’⁷4
2549 717 2851 792 negandum
2883 726 2996 786 est;
3050 736 3172 775 nam
3203 723 3252 759 75
3282 724 3372 778 ubi
3403 726 3532 780 alte-

1950 818 2092 868 rum,
2153 803 2226 859 ibi
2255 805 2305 842 ⁷6
2333 807 2862 876 utrumqueuemula
2918 807 3062 862 enim
3119 826 3346 881 quaeque
3402 829 3534 868 con-

1949 901 2194 946 currunt.
2241 893 2413 947 Etiam
2481 895 2910 964 persecutionem
2983 896 3036 950 in
3107 898 3261 954 cmlis
3343 901 3536 971 agitari

1949 981 2236 1049 Oportebit,
2295 1000 2417 1055 quae
2473 983 2830 1040 confessionis
2886 986 3259 1058 negationisve
3315 990 3540 1045 materia

1949 1079 2051 1124 est.
2121 1070 2260 1140 Quid
2329 1072 2503 1143 itaque
2561 1089 2762 1144 cessas,
2837 1074 3191 1131 audacissime
3251 1079 3537 1144 haeretice,

1949 1165 2121 1214 totum
2151 1160 2387 1214 ordinem
2416 1161 2735 1217 Christiana:
2783 1164 3154 1219 concussionis
3193 1164 3247 1219 in
3306 1181 3540 1236 superna

1948 1246 2257 1311 transferre.
2292 1258 2345 1304 et
2374 1249 2425 1303 in
2455 1250 2663 1319 primis,
2696 1252 2868 1319 ipsum
2923 1253 3162 1308 nominis
3190 1253 3376 1308 odium
3435 1255 3545 1310 illic

1949 1335 2234 1401 collocare,
2293 1337 2384 1390 ubi
2434 1339 2500 1391 ad
2551 1339 2722 1392 Patris
2751 1339 3024 1394 dexteram
3082 1342 3338 1411 praesidet
3391 1342 3543 1396 Chri-

1948 1425 2112 1478 stus?
2165 1424 2276 1480 lllic
2321 1424 2616 1481 constitues
2660 1425 2707 1463 ’⁷⁷
2753 1435 2805 1480 et
2833 1442 3136 1501 synagogas
3190 1429 3542 1497 Judmorum,

1945 1510 2120 1566 fontes
2175 1513 2627 1581 persecutionum,
2666 1517 2808 1584 apud
2865 1532 2997 1586 quas
3046 1517 3277 1586 apostoli
3324 1519 3543 1589 ﬂagella

1949 1601 2187 1668 perpeSsi
2219 1607 2361 1665 sunt,
2396 1609 2448 1656 et
2481 1603 2708 1672 populos
2739 1601 3014 1657 nationum
3051 1619 3172 1658 cum
3199 1621 3298 1659 suo
3319 1605 3542 1675 quidem

1947 1685 2109 1751 circo,
2169 1687 2260 1740 ubi
2314 1685 2477 1742 facile
2530 1689 2889 1758 conclamant,
2942 1710 2965 1740 α
3029 1691 3314 1763 Usquequo
3370 1709 3544 1765 genus

241 1751 402 1849 legisti
455 1775 612 1846 apud
643 1775 810 1829 David
845 1775 1020 1845 (Psal.
1052 1751 1210 1838 xxiv,
1243 1777 1318 1842 '7),
1353 1775 1581 1846 Auferte
1622 1751 1838 1845 portas,
1877 1751 1921 1828 Β
1955 1777 2164 1829 tertium
2199 1777 2312 1845 ('75)
2336 1777 2364 1830 ‘1
2401 1797 2422 1826 »
2458 1777 2563 1831 Sed
2593 1786 2646 1831 et
2675 1751 3132 1833 fratres'nostros'
3160 1751 3242 1834 et.
3263 1751 3439 1850 patres
3488 1789 3542 1836 et

240 1866 544 1937 principes,
558 1871 771 1921 vestras
789 1865 857 1930 73,
882 1870 937 1921 et
968 1863 1324 1921 subleventur
1332 1869 1513 1937 portae
1525 1869 1772 1928 aeternae,
1788 1869 1846 1920 et

240 1955 471 2009 intrabit
507 1969 618 2007 rex
648 1955 866 2023 gloriae.
888 1954 942 2008 Si
967 1953 1093 2008 item
1124 1953 1322 2008 audisti
1355 1954 1498 2025 apud
1529 1960 1696 2008 Amos
1717 1954 1838 2022 (1X,

242 2042 287 2106 6)
315 2059 325 2095 :
351 2042 467 2108 Qui
498 2057 801 2097 ascensum
822 2042 993 2097 illum
1021 2058 1191 2097 suum
1221 2041 1467 2110 aediﬁcat
1487 2043 1552 2096 in
1573 2041 1753 2106 caelos,
1784 2045 1841 2098 et

239 2133 635 2201 profusionem
654 2147 818 2186 suam
838 2131 1052 2201 fundat
1075 2132 1137 2186 in
1171 2136 1352 2187 terras
1380 2153 1398 2200 ;
1422 2131 1557 2187 scito
1579 2139 1632 2184 et
1659 2145 1842 2186 ascen-

244 2234 345 2272 sum
367 2218 531 2274 illum
560 2217 762 2275 exinde
789 2219 1186 2291 complanatum
1221 2219 1459 2292 vestigiis
1521 2217 1756 2283 Domini,
1791 2224 1844 2273 et

246 2306 523 2363 introitum
572 2307 772 2362 exinde
823 2317 1123 2364 reseratum
1178 2308 1386 2365 viribus
1447 2307 1664 2372 Christi,
1743 2321 1844 2361 nec

247 2398 387 2452 ullam
413 2411 645 2451 moram
666 2404 756 2452 aut
813 2397 1164 2467 questionem
1196 2399 1251 2452 in
1295 2396 1478 2451 limine
1525 2395 1843 2450 Christianis

250 2499 608 2551 occursuram,
659 2485 754 2555 qui
811 2500 921 2540 non
957 2485 1200 2557 dignosci
1264 2486 1497 2540 habeant
1557 2483 1686 2550 illic,
1747 2483 1842 2538 sed

251 2575 480 2643 agnosci,
525 2589 632 2629 nec
685 2573 1026 2648 interrogari,
1067 2578 1162 2629 sed
1219 2573 1451 2629 admitti.
1500 2573 1636 2628 Nam
1691 2581 1745 2628 et
1794 2573 1841 2627 si

255 2662 408 2718 adhuc
453 2664 704 2718 clausum
751 2675 909 2732 putas
947 2664 1164 2732 ccelum,
1197 2671 1461 2717 memento
1507 2661 1679 2717 claves
1725 2662 1844 2730 ejus

260 2750 336 2806 hic
363 2753 659 2807 Dominum
695 2754 879 2818 Petro,
912 2760 962 2807 et
990 2768 1084 2823 per
1110 2768 1254 2815 eum,
1298 2751 1557 2807 Ecclesiae
1595 2751 1844 2822 reliquis-

262 2854 331 2905 se,
357 2858 486 2910 quas
529 2841 623 2896 hic
666 2841 1050 2912 unusquisque
1098 2843 1463 2911 interrogatus
1516 2849 1678 2910 atque
1706 2855 1839 2894 con-

264 2927 423 2983 fessus
469 2931 604 2985 feret
664 2946 870 2986 secum.
927 2930 1031 2986 Sed
1094 2939 1371 2986 asseverat
1427 2927 1674 2984 diabolus
1723 2928 1841 2997 illic

275 3016 642 3082 conﬁtendum,
688 3027 751 3073 ut
807 3018 1031 3073 suadeat
1086 3017 1173 3073 hic
1228 3017 1558 3092 negandum.
1617 3016 1839 3070 Pulchra

283 3100 504 3158 videlicet
521 3105 836 3162 documenta
866 3105 981 3177 (71)
1036 3104 1372 3177 praemittam,
1417 3105 1586 3159 bonas
1635 3118 1839 3159 mecum

283 3189 448 3245 claves
475 3190 647 3245 ieram
671 3195 789 3262 (72),
825 3194 1076 3250 timorem
1117 3193 1280 3251 I43
1310 3210 1518 3258 eorum,
1546 3192 1635 3263 qui
1665 3194 1840 3247 solum

275 3291 471 3348 corpus
505 3279 761 3347 occidunt,
791 3283 985 3337 animae
1015 3290 1195 3338 autem
1251 3284 1382 3337 nihil
1431 3280 1630 3336 faciunt
1657 3281 1772 3350 (73)
1820 3297 1834 3335 :

258 3369 660 3422 commendatus
701 3386 797 3426 ero
847 3371 1006 3440 hujus
1055 3370 1312 3442 praecepti
1351 3369 1692 3436 desertione;
1742 3370 1847 3424 ho-

253 3464 396 3510 neste
425 3457 480 3510 in
505 3459 823 3515 coelestibus
853 3460 1026 3527 stabo,
1069 3461 1160 3532 qui
1214 3459 1268 3514 in
1300 3458 1524 3515 terrenis
1561 3468 1704 3513 stare
1734 3472 1843 3513 non

1953 1861 2092 1918 ﬁlios
2123 1872 2173 1919 et
2203 1880 2390 1920 socrus
2427 1875 2479 1920 et
2526 1882 2696 1921 nurus
2725 1873 2779 1920 et
2807 1866 3135 1923 domesticos
3163 1878 3378 1925 nostros
3435 1870 3540 1925 ibi-

1951 1951 2072 2006 dem
2102 1953 2353 2008 exhibere
2382 1955 2604 2010 debebis
2634 1953 2702 2022 73,
2737 1971 2831 2024 per
2857 1971 2994 2026 quos
3037 1955 3250 2012 traditio
3281 1957 3544 2028 disposita

1951 2047 2032 2093 est
2065 2058 2076 2094 :
2112 2041 2238 2094 item
2271 2057 2430 2111 reges
2465 2050 2520 2096 et
2559 2042 2817 2113 praesides
2856 2051 2910 2097 et
2955 2053 3183 2099 armatas
3233 2052 3540 2118 potestates,

1949 2128 2093 2198 apud
2123 2145 2264 2200 quos
2311 2145 2475 2185 causa
2505 2132 2782 2205 purganda
2827 2132 2877 2170 79
2917 2141 3018 2187 est.
3053 2133 3164 2187 Erit
3199 2143 3343 2190 certe
3383 2135 3543 2190 etiam

1949 2233 2129 2272 carcer
2154 2217 2205 2270 in
2229 2217 2388 2286 coelo,
2419 2235 2607 2274 carens
2638 2219 2771 2285 sole,
2818 2227 2908 2274 aut
2954 2221 3182 2292 ingratis
3228 2223 3541 2289 luminosus,

1951 2313 2004 2361 et
2032 2305 2242 2362 vincula
2272 2307 2500 2363 fortasse
2519 2309 2587 2364 de
2624 2309 2794 2374 zonis,
2829 2318 2882 2365 et
2932 2311 3198 2380 equuleus
3261 2314 3375 2367 axis
3428 2313 3547 2384 ipse

1950 2398 2042 2470 qui
2068 2402 2319 2466 torquet:
2352 2404 2468 2450 tum
2526 2395 2571 2449 si
2631 2396 2953 2465 lapidandus
2983 2398 3341 2467 Christianus,
3384 2417 3546 2472 gran-

1950 2485 2107 2540 dines
2135 2484 2392 2552 aderunt;
2421 2483 2468 2538 si
2496 2485 2756 2554 urendus,
2790 2484 3014 2541 fulmina
3045 2503 3155 2556 prae
3193 2505 3355 2543 manu
3385 2497 3505 2545 sunt
3530 2507 3543 2559 ;

1951 2573 1995 2628 si
2044 2572 2411 2638 trucidandus,
2457 2572 2678 2629 Orionis
2725 2576 2912 2629 armati
2961 2590 3151 2630 manus
3197 2577 3249 2614 ⁸ο
3291 2578 3545 2647 operabi-

1955 2671 2065 2730 tur;
2129 2663 2174 2716 si
2245 2661 2434 2717 bestiis
2491 2661 2758 2718 ﬁniendus
2831 2663 2965 2735 (76),
3026 2681 3176 2719 ursas
3250 2667 3546 2736 septentrio

1954 2750 2161 2806 emittet
2188 2751 2320 2820 (77),
2386 2751 2636 2806 zodiacus
2679 2759 2864 2806 tauros
2919 2761 2974 2806 et
3003 2752 3212 2810 leones.
3273 2752 3399 2808 Haec
3453 2755 3545 2825 qui

1951 2838 2269 2894 sustinuerit
2322 2837 2377 2892 in
2433 2837 2614 2906 ﬁnem,
2678 2839 2776 2895 iste
2843 2841 2945 2896 erit
2978 2841 3180 2896 salvus.
3242 2843 3460 2914 Ergone
3491 2852 3546 2899 et

1949 2925 2068 2982 ﬁnis
2096 2925 2150 2980 in
2180 2927 2349 2994 caalis,
2397 2936 2451 2983 et
2487 2928 2692 2999 passio,
2725 2936 2778 2984 et
2806 2929 3024 2996 occisia,
3061 2938 3115 2985 et
3176 2931 3350 3001 prima
3405 2947 3540 2988 con-

1871 3030 1914 3108 c
1944 3014 2109 3070 fessio
2132 3016 2160 3069 ‘P
2192 3017 2256 3070 Et
2289 3015 2376 3069 ubi
2406 3031 2556 3083 caro,
2587 3019 2836 3073 omnibus
2873 3019 2992 3075 istis
3034 3021 3336 3076 necessaria
3362 3021 3391 3074 ?
3446 3023 3538 3077 ubi

1947 3104 2191 3172 corpus?
2234 3104 2379 3173 quod
2433 3105 2610 3158 solum
2651 3107 2719 3158 ab
2775 3106 3087 3162 hominibus
3139 3109 3298 3163 habet
3350 3111 3542 3166 occidi.

1950 3189 2075 3246 Hazc
2114 3189 2270 3244 nobis
2314 3191 2471 3244 etiam
2524 3191 2792 3245 ludicrum
2839 3194 2893 3246 in
2945 3194 3157 3247 modum
3203 3206 3348 3251 certa
3407 3201 3545 3255 ratio

1949 3278 2239 3345 mandavit,
2297 3294 2397 3333 nec
2428 3277 2571 3333 ullus
2629 3278 2839 3334 obicem
2899 3281 3329 3351 praescriptionis
3393 3285 3550 3341 istius

1951 3368 2212 3435 extrudet,
2269 3375 2326 3422 ut
2389 3383 2499 3422 non
2555 3383 2770 3423 omnem
2833 3368 3082 3424 ordinem
3141 3371 3546 3445 persecutionis,
3621 3435 3631 3442 κ

1952 3471 2162 3512 omnem
2194 3456 2314 3526 ejus
2344 3471 2521 3512 causa:
2565 3455 2772 3510 ﬁrmam
2830 3465 3132 3528 paraturam
3189 3459 3311 3514 illuc
3370 3469 3549 3517 trans-

1614 3582 1807 3643 Variae
1849 3582 2159 3643 lectiones.

313 3687 362 3725 ⁵⁸
387 3689 675 3745 Noluisset
713 3691 885 3747 Seml.
916 3688 966 3728 69
1005 3690 1259 3746 Sublatus
1298 3691 1468 3762 Serui.
1488 3686 1549 3762 7770
1576 3689 1778 3762 Prober
1808 3687 1974 3762 segni.
2005 3685 2319 3762 uitaueth
2359 3688 2794 3762 Venet._rece7ptu
2823 3688 2997 3762 7Se7ml7.
3030 3689 3079 3762 772
3097 3689 3332 3745 Cardum
3360 3710 3550 3762 quem-

237 3759 354 3834 dam
385 3761 565 3834 Seml.
598 3762 865 3834 Cardeam
885 3762 1170 3834 quamdam
1203 3764 1375 3817 Fran.
1397 3760 1446 3834 7?
1483 3760 1660 3834 Vestri
1687 3758 2133 3834 Rig._7Venet.__7"_
2146 3758 2240 3813 Vel
2275 3758 2451 3834 Seml.
2473 3757 2524 3834 7⁵
2552 3759 2661 3834 N287
2685 3760 2935 3834 Setnla"6
2961 3761 3163 3834 Ibidem
3191 3763 3309 3818 eod.
3348 3757 3549 3822 Wouw.

233 3830 363 3955 .Jlun.
405 3830 456 3868 ⁷⁷
497 3833 817 3888 Constituas
855 3827 1024 3891 Séml.
1056 3833 1106 3870 73
1135 3834 1356 3890 Debetis
1378 3833 1552 3892 Rhen.
1577 3827 2002 3889 SemlfOberth.
2025 3827 2072 3867 79
2101 3829 2399 3901 Pugnantia
2419 3830 2597 3886 Rhe'n.
2626 3829 2794 3886 Seml.
2832 3830 3052 3888 Oberth.
3083 3833 3134 3871 ⁸ο
3163 3833 3354 3891 Munus
3375 3837 3545 3893 Seml.

264 3917 363 3955 un.

264 3917 363 3957 un.

1653 4001 2152 4064 Commentarius.

293 4110 583 4182 (69)7Illic
603 4107 954 4182 deprweepto
976 4109 1361 4182 examinarer.
1395 4107 1484 4164 Sic
1503 4107 1666 4182 habet
1686 4117 1843 4162 vetus
1953 4106 2249 4182 secundum
2280 4122 2446 4182 genu,
2470 4115 2529 4182 ut
2560 4106 2639 4182 ita
2666 4108 2735 4182 de
2767 4108 2925 4182 tertio
2954 4117 3186 4165 constet.
3225 4133 3246 4160 υ
3285 4111 3410 4167 Bia.

228 4175 511 4248 exemplar
580 4197 593 4232 :
646 4175 765 4249 qua:
825 4175 1091 4250 scriptura
1147 4179 1428 4236 conﬁrmat
1480 4180 1626 4250 quod
1683 4194 1842 4247 supra
1971 4175 2134 4250 7(76)
2198 4175 2399 4233 Bestiis
2459 4178 2765 4246 ﬁniendus.
2825 4180 2922 4235 Cui
2971 4182 3178 4236 scilicet
3231 4183 3298 4236 ad
3350 4185 3546 4240 bestias

227 4252 578 4313 notavimus,
609 4251 676 4305 de
691 4249 969 4322 praecepto
999 4250 1217 4322 dispici.
1242 4251 1367 4306 Βία.
1502 4249 1511 4250 ί
1875 4286 1919 4322 η
1952 4249 2200 4322 damnato
2243 4263 2400 4322 mors
2449 4250 2716 4315 obeunda,
2753 4249 2859 4306 vita
2914 4250 3168 4306 ﬁnienda.
3232 4253 3358 4308 Dies
3420 4256 3547 4310 ﬁni-

298 4286 578 4313 mvuuua,
609 4286 674 4305 uo
691 4286 747 4322 μι
765 4286 871 4307 ωυο
915 4286 969 4309 ου
999 4286 1217 4322 υνωμκιιο
1243 4286 1367 4306 usu.
1952 4286 2200 4303 υιιιιιιιιιιιν
2246 4286 2390 4303 ηιυιο
2449 4286 2716 4315 νυυυιιιυα,
2761 4286 2859 4306 uua
2914 4286 3168 4306 uuicuuu.
3232 4286 3358 4308 unca
3420 4286 3547 4310 utu-

293 4286 1344 4400 (70)Ja1aumquemd5metForculum
1359 4322 1838 4400 e_tLim_entinum.
1875 4286 1920 4364 Β
1953 4320 2132 4400 tionis,
2162 4317 2782 4400 inscriptionenquadam
2840 4323 2978 4400 inter
3025 4323 3350 4400 collectanea
3396 4327 3547 4384 Gru-

219 4391 277 4444 In
305 4390 638 4467 exemplari
667 4390 881 4467 legitur,
916 4395 1172 4467 Barnum
1200 4393 1514 4467 quemdam.
1539 4393 1666 4448 Βία.
1760 4463 1770 4467 _
1954 4392 2074 4467 teri,
2097 4405 2172 4467 ex
2204 4390 2414 4458 Apiano
2449 4407 2474 4467 :7
2496 4392 2553 4467 Si
2568 4396 2950 4467 permanserit
2971 4410 3139 4467 usque
3159 4396 3221 4467 in
3251 4396 3399 4452 idem
3426 4401 3552 4467 ﬁni-

289 4466 404 4534 {71}
437 4459 1098 4538 Pulchfuvdocumenta.
1131 4459 1307 4538 Quasi
1323 4478 1499 4538 causae
1530 4466 1729 4538 nostrae
1759 4463 1841 4538 in-
1959 4462 2130 4517 tionis
2159 4459 2477 4538 suw,_quod
2509 4459 2584 4538 de:
2619 4462 2781 4538 vidua
2812 4463 3026 4538 dicitur.
3046 4459 3392 4538 'Finiendus,
3425 4459 3548 4524 con-

217 4530 571 4590 strunienta.
633 4533 723 4588 Sic
753 4534 845 4591 lib.
888 4551 1056 4601 xxix,
1088 4550 1137 4589 c.
1177 4535 1244 4589 de
1273 4534 1694 4599 Donationibus,
1751 4537 1852 4591 Do-
1955 4531 2267 4586 sumendus.
2301 4530 2499 4585 Fabius
2554 4530 2843 4585 declamat.
2889 4537 2954 4586 19
2990 4552 3002 4586 :
3051 4553 3074 4583 «
3108 4534 3303 4589 Filium
3359 4530 3548 4592 verbe-

217 4612 498 4662 cumenta
539 4603 770 4678 idoneo.
802 4607 924 4661 Pun.
1192 4677 1195 4678 7
1406 4675 1496 4678 μη
1541 4675 1550 4678 _
1702 4675 1710 4678 _
1772 4674 1781 4678 _
1956 4603 2110 4678 ribus
2139 4602 2479 4678 ignibusque
2521 4604 2852 4671 consumpsi.
2887 4623 2912 4654 io
2951 4603 3231 4671 Ulpianus,
3265 4606 3361 4662 lib.
3409 4608 3549 4678 vnﬁ

277 4677 398 4748 (72)
454 4680 664 4748 Bonas
706 4675 884 4732 claves
917 4693 1138 4734 mecum
1166 4677 1372 4748 ferum.
1405 4675 1555 4748 Fidei
1589 4674 1846 4731 Christia-
1957 4673 2064 4729 Sed
2094 4681 2148 4728 et
2163 4672 2223 4727 ‘si
2250 4672 2400 4748 quis:
2431 4674 2550 4727 Non
2583 4681 2702 4727 tanc
2738 4687 2859 4727 cum
2907 4683 3275 4748 @nsumptus
3310 4682 3410 4748 est,
3451 4672 3549 4730 sed

211 4743 296 4801 ne"
338 4743 754 4819 constantiam.
787 4749 922 4802 Nam
953 4748 1093 4818 quod
1126 4743 1369 4819 sequitur
1387 4747 1462 4819 de
1508 4746 1719 4815 timore,
1754 4764 1850 4816 per
1957 4759 2083 4819 cum
2141 4743 2711 4819 sententiam_7passus
2765 4754 2863 4800 cst.
2920 4745 2986 4819 Et
3025 4743 3099 4796 lib
3128 4743 3190 4798 ιιι
3240 4745 3544 4819 dePaenis.

209 4820 469 4875 derisum
505 4817 792 4883 adjicitur.
825 4818 947 4888 Ipse
968 4815 1324 4874 Tertullianus
1360 4818 1457 4873 lib.
1491 4819 1555 4873 de
1585 4815 1790 4875 Anima
1829 4838 1848 4875 :
1962 4836 1988 4867 α
2031 4817 2365 4888 Praegnantis
2380 4815 2628 4888 mulieris
2651 4815 3035 4888 consumenda?
3058 4816 3491 4885 poenadiffertur,
3519 4837 3542 4868 ιι

215 4912 238 4942 ει
277 4892 427 4947 Tota
463 4888 722 4964 paradisi
753 4885 922 4944 clavis
955 4890 1327 4964 tuussanguis
1356 4899 1454 4964 est.
1493 4892 1670 4964 »_RIG.
1780 4959 1792 4964 _
1957 4887 2116 4964 quod_
2140 4887 2299 4957 vulgo
2349 4886 2618 4956 adjicitur,
2666 4886 2954 4944 damnata:
3018 4885 3548 4960 interpretamentum

302 4963 404 5031 73)
434 4959 690 5018 Animae
710 4964 903 5015 autem
946 4961 1095 5018 nihil
1116 4959 1367 5030 faciunt.
1391 4961 1481 5016 Sic
1526 4959 1674 5031 loqui
1718 4959 1852 5016 solet
1960 4959 2060 5031 est.
2081 4959 2206 5031 Rte.

211 5027 635 5107 Tertulliamlg,
681 5037 741 5086 ut
786 5033 895 5100 jam
939 5027 1348 5089 observavimus
1396 5031 1531 5087 libro
1583 5027 1852 5087 adversus
1990 5027 2144 5107 7(77)
2175 5031 2342 5107 7(717rsas
2371 5029 2690 5107 Septentrio
2712 5029 2954 5107 emittet.
2980 5028 3248 5101 Expendit
3264 5032 3550 5107 diligenter

212 5106 516 5159 Valentia.
561 5103 690 5156 Bia.
790 5099 797 5100 ⁷
1597 5172 1608 5173 7
1958 5099 2130 5173 signa
2173 5100 2268 5173 illa
2293 5117 2412 5170 quae
2438 5099 2846 5173 'mathemathici
2882 5099 3179 5173 tantopere
3235 5099 3547 5162 obse'rvant.

275 5177 401 5246 (74)
446 5174 584 5244 Qui
604 5175 692 5246 ,ἰῇ
741 5175 982 5246 terrenis
1013 5178 1162 5232 stare
1206 5189 1320 5231 non
1367 5175 1548 5246 potui.
1594 5172 1852 5243 Dejectus
1958 5171 2124 5227 Ursas
2154 5172 2424 5246 hievocat
2455 5187 2575 5246 quae
2626 5171 3361 5246 Septentriones—dicuntur.
3419 5178 3553 5232 Dum

209 5241 428 5302 scilicet
460 5241 547 5301 de
597 5241 724 5298 fide.
757 5245 882 5300 Bis.
1637 5315 1643 5316 7
1676 5241 1686 5243 ⁷
1959 5251 2104 5307 sunt,
2147 5243 2322 5316 major
2359 5255 2410 5298 et
2441 5241 2634 5316 minor,
2671 5241 2791 5316 quas
2822 5244 2891 5298 ob
2929 5246 3340 5316 dispositionem
3373 5251 3554 5304 stella-

277 5319 403 5390 (Ἷὸ)
467 5320 774 5390 Usqueun
817 5332 990 5390 genus
1022 5317 1277 5373 tertium.
1310 5314 1739 5390 _LiberAUt‘.~._ini,
1765 5319 1850 5390 ιθ-
1962 5330 2079 5390 rum
2128 5313 2328 5390 triones
2357 5321 2428 5390 _et
2483 5313 2886 5390 Septentriones
2920 5313 3306 5390 appellantur,
3351 5318 3551 5374 Grazcis

215 5384 398 5444 trum.
434 5391 519 5443 At
560 5384 840 5458 exemplar
857 5389 1157 5458 Agobardi.
1187 5387 1445 5458 tertium.
1474 5385 1630 5453 Quod
1662 5387 1850 5442 rectis-
1957 5385 2222 5456 plaustra
2250 5384 2451 5458 ἅμαξαι.
2478 5385 2567 5440 Sic
2595 5386 2790 5440 Aratus
2818 5388 2882 5442 in
2909 5384 3194 5446 Philonem.

211 5464 421 5516 simum
461 5473 612 5514 esse
644 5457 808 5512 docet
833 5457 948 5527 ipse
986 5458 1372 5520 Tertullianus,
1415 5457 1511 5511 lib.
1544 5473 1561 5512 ι
1607 5457 1680 5512 ad
1720 5457 1851 5512 Nat.

214 5553 239 5578 ι
283 5532 464 5586 Plane
527 5527 758 5600 inquit,
830 5529 1049 5582 tertium
1103 5545 1281 5600 genus
1333 5527 1590 5600 dicimur.
1637 5527 1695 5584 Si
1749 5542 1857 5599 qua

215 5604 359 5675 apud
403 5616 525 5660 vos
558 5599 758 5655 saltem
792 5601 930 5656 ratio
957 5607 1057 5667 est,
1107 5599 1280 5656 edatis
1307 5599 1469 5658 velim
1514 5599 1752 5670 primum
1800 5604 1855 5655 et

2033 5521 2240 5593 ’Ἂρκτοι
2266 5522 2371 5594 ἅμα
2396 5524 2663 5595 τροχόωσι,
2681 5526 2734 5577 τὸ
2761 5524 2821 5593 δὴ
2852 5527 3109 5580 καλέονται
3131 5525 3357 5598 "Aperiat
3386 5549 3399 5562 ο

3348 5598 3424 5654 ιε
3455 5599 3552 5658 Pa.
