4036 6172
481 297 580 358 167

1178 298 1613 362 TERTULLIANI
1654 300 1915 363 OPERUM
1954 300 2122 361 PARS
2160 301 2228 362 II.
2267 334 2338 344 —
2372 300 2594 363 SERIES
2632 302 2672 368 Ι,
2717 301 3061 361 POLEMICA.

3652 300 3758 362 168

464 424 614 481 ferre
674 433 920 498 cogatur,
972 425 1060 479 ubi
1106 425 1430 482 confessioni
1476 426 1649 483 forum
1707 428 1934 484 dederit.
1969 428 2059 483 Si-
2095 442 2141 520 Α
2172 426 2735 485 lucrifaciendoI45
2756 426 3054 499 vitam;sed
3075 427 3123 465 87
3147 425 3333 497 perdet
3352 426 3407 481 in
3428 425 3755 498 gehennam,

461 513 683 586 quidem
741 514 1009 570 confessio
1086 531 1119 569 a
1191 517 1566 586 persecutione
1621 516 1926 585 deducitur,
2011 525 2066 571 et

464 602 769 674 persecutio
800 604 852 657 in
887 603 1227 660 confessione
1258 604 1460 660 ﬁnitur.
1501 606 1610 659 Nec
1642 604 1808 659 I41!
1838 612 2065 675 possunt

465 707 573 747 non
607 708 715 747 una
738 692 916 764 sequi,
947 710 1070 764 qua:
1109 694 1155 729 δι
1187 700 1239 746 et
1268 693 1471 749 aditum
1518 703 1572 747 et
1598 693 1822 760 rxitum,
1868 693 1921 748 id
1951 703 2052 763 est,

460 780 682 837 initium
720 781 988 853 ﬁnemque
1043 781 1355 852 disponunt.
1387 784 1554 837 Porro
1614 791 1669 838 et
1723 782 1907 839 odium
1966 798 2062 837 no-

463 871 622 926 minis
650 871 737 926 hic
767 870 886 940 erit,
917 877 969 925 ct
996 870 1298 940 persecutio
1352 870 1441 926 hic
1471 870 1725 943 erumpit,
1777 881 1831 928 et
1895 872 2062 926 tradi-

482 958 536 1015 io
574 960 663 1015 hic
706 958 970 1030 producit,
1011 968 1065 1013 ct
1118 959 1463 1030 interrogatio
1491 959 1580 1014 hic
1636 960 1930 1031 compellit,
2009 968 2064 1015 et

490 1047 765 1120 arniﬁcina
804 1047 892 1102 hic
922 1046 1162 1113 desaevit,
1194 1057 1246 1101 et
1296 1053 1467 1103 totum
1509 1051 1652 1116 hunc
1706 1048 1955 1105 ordinem
2005 1048 2059 1102 in

457 1137 620 1192 terris
647 1136 918 1192 confessio
951 1136 1033 1191 vel
1065 1137 1280 1208 negatio
1333 1138 1613 1209 expungit.
1664 1138 1833 1209 Igitur
1862 1138 1904 1191 si
1953 1152 2062 1193 caa-

462 1236 578 1280 tera
606 1224 713 1291 hic,
745 1241 847 1281 nec
875 1224 1146 1281 confessio
1175 1224 1334 1293 alibi;
1375 1225 1421 1279 si
1450 1225 1720 1282 confessio
1768 1225 1915 1294 alibi,
1958 1241 2061 1281 nec

461 1322 657 1370 caetera
686 1314 790 1370 hic.
822 1313 1110 1370 Enimvero
1157 1328 1264 1369 nou
1294 1313 1419 1368 alibi
1473 1322 1699 1382 caetera;
1732 1315 1914 1386 itaque
1962 1330 2060 1371 nec

461 1401 730 1458 confessio
749 1403 802 1456 in
831 1403 988 1458 cutio.
1024 1404 1134 1457 Aut
1164 1402 1209 1456 si
1239 1401 1399 1456 aliam
1433 1403 1623 1459 volunt
1643 1418 1763 1459 esse
1793 1404 2057 1459 rationem

459 1489 897 1562 interrOgationis
940 1499 992 1545 et
1047 1490 1417 1546 confessionis,
1463 1491 1720 1560 scelestis,
1775 1491 1957 1562 utique
2004 1500 2058 1546 et

460 1579 701 1634 ordinem
732 1595 888 1633 suum
922 1579 995 1634 illi
1025 1590 1228 1636 struere
1273 1580 1542 1635 debebunt
1570 1580 1735 1635 alium
1788 1580 1978 1651 longe,
2004 1586 2059 1636 et

458 1668 527 1723 ab
554 1667 656 1723 ista
713 1669 1069 1739 dispositione
1109 1669 1403 1735 diversum,
1451 1685 1575 1740 quae
1625 1668 1922 1740 Scripturis
1951 1685 2052 1724 no-

2172 520 2353 590 quise
2409 525 2560 590 putat
2613 517 2860 589 negando
2916 514 3225 572 lucrifacere
3268 514 3319 551 38
3363 530 3505 570 eam.
3561 516 3763 572 Perdet

2169 615 2348 663 autem
2411 623 2528 662 eam
2562 606 2626 660 ad
2682 621 2937 676 praesens,
2988 603 3080 676 qui
3127 601 3408 660 confessus
3469 602 3758 670 occiditur,

2169 696 2268 753 sed
2296 696 2607 749 inventurus
2635 710 2746 749 eam
2779 695 2832 747 in
2870 693 3031 750 vitam
3062 701 3333 748 aeternam.
3367 692 3475 762 Ipsi
3525 691 3761 763 denique

2170 784 2445 856 praesides,
2505 800 2625 839 cum
2662 784 2945 837 hortantur
2992 782 3042 819 39
3084 780 3373 852 negationi,
3425 782 3595 837 Serva
3623 784 3762 837 ani-

2169 891 2322 930 mam
2357 878 2515 929 tuam
2537 873 2670 942 ('78),
2697 870 2898 938 dicunt,
2930 880 2983 926 et
3020 871 3140 927 noli
3167 873 3421 926 animum
3450 873 3610 926 tuam
3630 887 3765 943 per-

2170 964 2317 1018 dere.
2367 960 2487 1030 Quo
2529 960 2693 1015 modo
2721 960 2773 999 90
2826 959 3135 1031 loqueretur
3181 958 3446 1024 Christus,
3501 958 3604 1013 nisi
3651 975 3766 1031 quo

2169 1049 2329 1104 modo
2367 1048 2414 1087 91
2448 1055 2756 1105 tractaretur
2783 1049 2834 1087 92
2887 1047 3222 1103 Christianus
3243 1048 3270 1102 ἱ)
3301 1047 3403 1103 Sed
3425 1064 3546 1103 cum
3576 1050 3767 1118 prohi-

2167 1136 2258 1192 bet
2311 1137 2550 1193 meditari
2613 1136 3019 1208 reSponsionem
3078 1136 3144 1190 ad
3219 1135 3471 1206 tribunal,
3532 1135 3771 1193 famulos

2167 1240 2296 1281 suos
2332 1224 2569 1294 instruit,
2617 1225 2870 1296 Spiritum
2926 1231 3171 1280 sanctum
3225 1239 3616 1294 responsurum
3664 1242 3767 1283 re-

2165 1315 2425 1385 promittit
2452 1314 2672 1386 (Matth.
2702 1330 2763 1385 x,
2796 1314 2925 1385 20):
2959 1321 3015 1370 et
3049 1328 3169 1370 cum
3199 1312 3254 1369 in
3283 1328 3500 1369 carcere
3536 1312 3765 1371 fratrem

2165 1404 2280 1460 vult
2316 1403 2517 1461 visitari
2552 1404 2774 1474 (Matth.
2806 1413 2969 1476 XXV),
3012 1401 3338 1461 confessoris
3376 1403 3604 1473 imperat
3649 1419 3762 1460 eu-

2164 1509 2312 1560 ram;
2355 1500 2557 1549 etcum
2586 1495 2753 1548 Deum
2799 1491 3087 1548 vindictam
3150 1491 3417 1548 facturum
3463 1491 3763 1548 electorum

2164 1596 2387 1637 suorum
2417 1579 2648 1637 afﬁrmat
2696 1580 2916 1651 (Matth.
2950 1581 3069 1651 xv),
3130 1579 3407 1651 passiones
3450 1580 3764 1635 consolatur

2166 1670 2382 1726 illorum
2417 1689 2429 1728 :
2469 1670 2627 1727 etiam
2659 1670 2711 1725 in
2751 1669 3005 1741 parabola
3031 1667 3251 1724 seminis
3268 1667 3320 1707 93
3351 1676 3473 1740 post
3492 1668 3759 1739 cespitem

460 1762 622 1823 tatur,
680 1766 735 1811 et
800 1722 1091 1827 possumus
1135 1758 1187 1795 82
1214 1758 1415 1816 dicere.
1462 1722 1906 1824 iViderintﬁdum
1963 1759 2051 1815 hic
2087 1722 2131 1799 Β
2162 1759 2378 1816 arefacti
2409 1760 2524 1830 (79)
2552 1722 2994 1830 persecutionum
3021 1757 3073 1796 94
3101 1757 3296 1827 ﬁgurat
3322 1722 3602 1812 ardorem:
3627 1757 3765 1812 Haec

459 1846 592 1900 ordo
645 1852 877 1901 terrenae
932 1847 1369 1919 interrogationis
1424 1854 1478 1903 et
1543 1847 1923 1915 confessionis,
1988 1865 2053 1905 ex

456 1933 678 1988 materia
744 1935 1033 1991 decurrens
1089 1935 1485 2005 persecutionis
1531 1946 1584 1991 et
1631 1937 1916 1993 discordiae
1945 1953 2051 2008 pu-

457 2022 612 2079 blica:
658 2022 713 2076 in
755 2038 974 2089 nomen,
1023 2025 1209 2080 salvus
1253 2024 1324 2080 sit
1360 2041 1474 2080 suae
1520 2024 1668 2093 ﬁdei,
1713 2035 1774 2083 ut
1819 2026 1890 2081 ita
1935 2041 2055 2081 cre-

455 2110 692 2165 dendum
724 2111 953 2168 sitsicut
982 2120 1034 2166 et
1065 2112 1322 2168 scribitur
1366 2114 1435 2179 8³,
1499 2113 1573 2168 ita
1631 2114 2051 2186 intelligendum

458 2200 528 2253 sit
576 2199 737 2255 sicuti
796 2201 1031 2257 auditur.
1082 2200 1178 2257 Hic
1236 2217 1453 2258 omnem
1484 2204 1728 2259 ordinem
1784 2204 2050 2270 sustineo,

456 2286 579 2358 ipso
618 2290 852 2369 Domino
882 2307 988 2346 non
1020 2290 1178 2345 aliam
1211 2291 1494 2362 regionem
1524 2292 2051 2348 mundidestinante.

456 2375 599 2445 Quid
639 2378 784 2432 enim
843 2388 968 2451 post
1025 2379 1386 2436 confessionis
1415 2390 1468 2435 et
1505 2381 1806 2453 negationis
1864 2381 2053 2438 termi-

454 2481 581 2520 num
608 2466 887 2541 subjungit
905 2469 932 2523 ‘I
964 2469 1041 2524 Ne
1054 2470 1398 2540 putaveritis
1426 2469 1475 2506 ⁸4
1496 2472 1711 2526 venisse
1733 2488 1823 2528 me
1841 2472 1931 2526 uti
1945 2486 2053 2541 pa-

454 2569 575 2609 cem
587 2556 817 2611 mittam
831 2558 889 2612 in
913 2560 1156 2623 terram;
1178 2573 1294 2614 non
1315 2558 1467 2625 veni,
1492 2556 1585 2614 sed
1606 2557 2051 2622 utmachaeram,

454 2647 605 2698 certe
622 2644 688 2698 in
709 2647 942 2699 terram.
978 2646 1107 2707 Veni
1124 2646 1279 2702 enim
1289 2644 1536 2703 dividere
1552 2645 1834 2704 hominem
1850 2646 2052 2703 adver-

454 2747 553 2788 sus
580 2736 806 2803 patrem
834 2751 1024 2799 suum,
1043 2738 1097 2790 et
1115 2735 1302 2804 ﬁliam
1322 2737 1587 2792 adversus
1608 2740 1851 2794 matrem
1867 2753 2049 2798 suam,

454 2826 510 2877 et
536 2839 761 2879 socrum
774 2823 1042 2879 adversus
1066 2840 1287 2880 nurum
1312 2830 1574 2881 suam:et
1596 2826 1821 2880 inimici
1837 2826 2054 2881 homini

454 2910 748 2965 domestici
777 2911 885 2967 sui.
921 2911 981 2966 Si
1013 2913 1168 2968 enim
1205 2912 1481 2983 efﬁcitur,
1513 2917 1582 2968 ut
1613 2913 1806 2969 tradat
1867 2916 2052 2983 frater

2162 1847 2209 1902 si
2247 1863 2354 1904 non
2384 1848 2455 1902 ita
2483 1848 2835 1918 accipiuntur,
2893 1846 3013 1903 sine
3060 1845 3224 1901 dubio
3268 1854 3621 1916 prieterquam
3650 1862 3761 1902 so-

2167 1945 2293 1991 nant
2328 1935 2569 2006 sapiunt;
2621 1942 2677 1990 et
2731 1933 2877 1989 aliud
2932 1933 2985 1988 in
3054 1932 3278 1989 vocibus
3325 1930 3447 1996 erit,
3497 1933 3640 1987 aliud
3695 1932 3760 1986 in

2164 2026 2437 2091 sensibus,
2468 2033 2528 2080 ut
2573 2024 2857 2094 allegoriae,
2909 2031 2969 2078 ut
3012 2021 3302 2094 parabolae,
3338 2029 3398 2077 ut
3444 2021 3755 2096 aenigmata.

2162 2113 2548 2186 Quemcunque
2606 2112 2768 2187 igitur
2814 2111 3155 2182 conceperint
3207 2118 3425 2166 ventum
3476 2110 3527 2148 9⁵
3579 2124 3755 2180 argu-

2163 2203 2502 2259 mentationis
2565 2202 2769 2274 scorpii
2845 2201 2954 2266 isti,
3011 2215 3338 2271 quocunque
3403 2214 3463 2253 se
3501 2200 3756 2254 acumine

2162 2290 2509 2362 impegerint,
2553 2306 2660 2344 una
2685 2290 2796 2359 jam
2821 2288 2967 2345 linea
2994 2297 3076 2345 est
3116 2307 3129 2345 :
3161 2289 3230 2343 ad
3257 2290 3401 2360 ipsas
3430 2303 3514 2344 res
3550 2301 3753 2358 provo-

2160 2378 2453 2447 cabuntur,
2522 2394 2591 2434 an
2657 2379 2954 2434 secundum
3003 2377 3305 2449 Scripturas
3358 2377 3748 2456 transigantur.

2162 2467 2432 2538 Siquidem
2489 2476 2616 2523 tunc
2661 2466 2810 2523 aliud
2858 2465 3253 2538 signiﬁcabitur
3324 2467 3376 2520 in
3436 2465 3747 2536 Scripturis,

2162 2555 2206 2609 si
2246 2570 2352 2610 non
2400 2556 2636 2626 idipsum
2681 2546 2980 2624 reperiatur
3044 2556 3098 2610 in
3157 2556 3341 2611 rebus.
3396 2553 3553 2622 Quod
3600 2554 3752 2608 enim

2162 2645 2422 2715 scriptum
2471 2652 2574 2711 est,
2623 2645 2727 2699 hoc
2768 2644 2984 2699 evenire
3029 2643 3318 2715 Oportebit.
3375 2642 3566 2711 Porro,
3616 2650 3754 2698 tunc

2161 2732 2372 2787 eveniet
2399 2732 2543 2803 quod
2575 2740 2657 2786 est
2708 2732 2758 2770 95
2786 2731 3064 2801 scriptum,
3106 2732 3150 2785 si
3209 2745 3315 2785 non
3344 2730 3489 2786 aliud
3514 2729 3564 2767 97
3616 2745 3757 2785 eve—

2160 2821 2290 2875 niet.
2315 2824 2452 2877 Ecce
2471 2824 2668 2877 autem
2696 2824 2754 2878 et
2781 2820 2903 2877 odio
2926 2819 3192 2876 habemur
3207 2821 3274 2875 ab
3292 2820 3549 2878 omnibus
3568 2820 3757 2876 homi-

2158 2911 2347 2975 nibus,
2376 2910 2623 2966 nominis
2672 2926 2848 2966 eausa
2900 2909 3037 2978 (80),
3084 2910 3356 2981 quomodo
3383 2917 3436 2964 et
3489 2907 3752 2977 scriptum

452 3001 698 3069 fratrem
730 3000 791 3053 in
819 3004 1082 3067 mortem,
1111 3005 1168 3057 et
1195 3006 1357 3073 pater
1401 3003 1613 3073 ﬁlium,
1645 3007 1702 3058 et
1750 3004 2055 3073 insurgunt
2089 3004 2132 3082 ο
2160 3006 2267 3069 est;
2311 3004 2367 3054 et
2409 3000 2694 3056 tradimur
2748 2999 2922 3054 etiam
2969 3015 3005 3053 a
3040 2999 3343 3070 proximis,
3393 2996 3665 3067 quomodo
3690 3004 3755 3051 et

450 3088 563 3157 ﬁlii
587 3088 650 3142 in
672 3093 960 3160 parentes,
994 3094 1052 3145 et
1079 3092 1228 3146 mori
1257 3108 1346 3147 eos
1372 3092 1617 3161 faciant.
1651 3093 1723 3146 Et
1752 3092 1851 3163 qui
1878 3092 2051 3147 susti-

450 3178 715 3240 nuem'tin
744 3179 939 3249 ﬁnem,
955 3178 1045 3235 hic
1065 3178 1248 3235 salvus
1260 3180 1371 3235 erit
1387 3179 1613 3250 (Matth.
1629 3195 1690 3247 x,
1714 3182 1783 3235 34
1811 3183 1867 3237 et
1886 3180 2045 3251 seq.).

445 3266 600 3322 Adeo
628 3275 771 3323 totus
821 3267 906 3323 hic
952 3266 1087 3323 ordo
1116 3268 1412 3324 Dominicm
1456 3269 1767 3333 machaerae,
1830 3284 1936 3324 non
1992 3266 2045 3321 in

445 3355 642 3411 omium
675 3357 871 3423 missae,
904 3357 1001 3412 sed
1031 3356 1084 3410 in
1131 3364 1351 3424 terram,
1400 3356 1514 3412 illic
1555 3356 1836 3412 constituit
1882 3355 2043 3411 etiam

448 3443 872 3510 confessionem,
903 3460 1027 3515 quae
1060 3445 1114 3498 in
1141 3442 1305 3499 ﬁnem
1341 3443 1660 3500 sustinendo
1709 3460 1935 3514 passura
1962 3452 2047 3500 cst

447 3540 699 3590 mortem.

1054 3674 1285 3730 CAPUT
1330 3674 1431 3730 XI.

515 3796 722 3852 Eadem
752 3795 917 3868 igitur
942 3795 1142 3863 forma,
1169 3805 1369 3853 caetera
1415 3814 1634 3871 quoque
1679 3798 1749 3853 ad
1800 3800 2040 3870 martyrii

444 3884 714 3957 pertinere
769 3884 1111 3941 defendimus
1176 3906 1189 3942 :
1244 3886 1347 3954 Qui
1398 3887 1603 3958 pluris,
1654 3885 1828 3957 inquit
1885 3888 2034 3958 (Luc.

443 3974 586 4045 xvr),
609 3975 998 4045 feceritetiam
1019 3977 1276 4030 animum
1295 3992 1461 4030 suam
1482 3993 1653 4049 quam
1672 3992 1780 4046 me,
1813 3993 1929 4034 non
1955 3981 2037 4034 est

441 4078 532 4119 me
555 4063 786 4134 dignus;
816 4062 868 4117 id
899 4066 1003 4129 est,
1031 4063 1124 4134 qui
1154 4063 1401 4118 maluerit
1431 4064 1616 4119 vixere
1647 4081 1733 4121 me
1760 4066 2032 4136 negando,

440 4166 603 4223 quam
626 4152 760 4207 mori
795 4149 1117 4208 conﬁtendo.
1150 4152 1258 4220 Qui
1285 4152 1539 4208 animam
1567 4168 1735 4208 suam
1755 4154 2038 4210 invenerit

437 4240 636 4313 perdet
654 4240 962 4313 illam;qui
973 4255 1099 4297 vero
1114 4239 1423 4312 perdiderit
1443 4241 1558 4297 mei
1578 4255 1774 4305 causa,
1787 4242 2039 4299 inveniet

439 4329 626 4384 illam.
658 4327 886 4385 Proinde
914 4329 1058 4384 enim
1106 4328 1310 4384 invenit
1337 4328 1388 4366 85
1417 4343 1534 4385 eam
1565 4328 1636 4396 ⁸6,
1670 4329 1762 4401 qui
1825 4329 2036 4403 negarit

2156 3087 2412 3156 scriptum
2442 3097 2550 3153 est;
2583 3091 2639 3142 et
2686 3087 3057 3160 perducimur
3087 3085 3161 3141 ad
3184 3087 3517 3158 potestates,
3547 3088 3605 3141 et
3649 3084 3748 3140 iu-

2158 3181 2534 3247 terrogamur,
2549 3179 2605 3233 et
2627 3178 3044 3249 torquemur,et
3060 3174 3410 3243 conﬁtemur,
3424 3176 3479 3229 et
3500 3172 3753 3228 trucida-

2154 3280 2306 3333 mur,
2339 3264 2613 3334 quomodo
2641 3272 2694 3319 et
2722 3263 2983 3334 scriptum
3008 3269 3089 3317 est
3117 3261 3342 3333 (Matth.
3392 3262 3468 3331 x).
3501 3259 3589 3315 Sic
3625 3259 3748 3315 Do-

2155 3351 2331 3406 minus
2386 3352 2573 3407 edixit.
2597 3350 2651 3408 Si
2679 3351 2834 3406 aliter
2880 3351 3049 3407 edixit
3093 3352 3228 3419 huic,
3282 3365 3380 3405 cur
3426 3363 3533 3404 non
3587 3347 3750 3403 aliter

2154 3440 2433 3506 eveniunt,
2490 3456 2649 3512 quam
2697 3439 2748 3476 98
2799 3439 2987 3506 edixit,
3036 3437 3090 3494 id
3146 3446 3251 3504 est,
3287 3436 3745 3508 quemadmodum

2147 3528 2359 3585 edixit?
2408 3529 2608 3602 Atquin
2664 3544 2770 3584 non
2825 3529 2988 3584 aliter
3014 3526 3274 3583 eveniunt
3303 3542 3463 3598 quam
3519 3524 3736 3581 edixit:

2148 3632 2282 3690 ergo
2338 3617 2479 3673 sicut
2533 3618 2804 3682 eveniunt,
2863 3618 2937 3672 ita
2989 3615 3041 3655 99
3084 3614 3284 3682 edixit,
3336 3617 3408 3669 ita
3464 3613 3741 3671 eveniunt.

2148 3708 2283 3762 Nam
2331 3723 2432 3763 nec
2461 3706 2701 3763 licuisset
2746 3707 2904 3764 aliter
2931 3707 3164 3773 evenire,
3195 3720 3355 3777 quam
3384 3704 3583 3772 edixit;
3645 3719 3748 3760 nec

2150 3798 2270 3870 ipse
2317 3797 2469 3854 aliter
2521 3798 2796 3867 edixisset,
2853 3812 3015 3869 quam
3066 3794 3282 3852 evenire
3324 3794 3605 3850 voluisset.
3637 3793 3742 3859 Ita,

2148 3902 2255 3943 non
2282 3887 2423 3942 aliud
2463 3886 2843 3959 signiﬁcabunt
2872 3886 3162 3957 Scriptura}
3210 3886 3249 3953 ι,
3285 3901 3442 3957 quam
3474 3884 3530 3939 in
3576 3885 3744 3939 rebus

2148 3975 2608 4047 recognoscimus.
2640 3979 2746 4030 Aut
2800 3976 2824 4013 ²
2854 3976 2900 4031 si
2930 3975 3173 4030 nondum
3218 3986 3451 4047 aguntur
3488 3972 3581 4027 illa
3615 3986 3743 4042 quae

2147 4064 2526 4137 praedicantur,
2558 4065 2833 4136 quomodo
2884 4061 3040 4121 146
3086 4064 3202 4120 haec
3248 4068 3484 4134 aguntur
3539 4061 3564 4099 3
3613 4076 3738 4133 quae

2145 4154 2401 4224 praedicta
2428 4169 2538 4208 non
2568 4153 2731 4209 sunt?
2778 4154 2901 4209 Non
2930 4161 3056 4209 sunt
3098 4151 3239 4207 enim
3285 4153 3401 4206 haec
3452 4149 3741 4222 praedicata

2146 4257 2267 4314 quae
2294 4248 2551 4315 aguntur,
2579 4242 2622 4296 si
2662 4242 2765 4300 alia
2802 4250 2928 4297 sunt
2955 4256 3078 4313 quae
3108 4238 3486 4311 prmdicantur,
3516 4245 3569 4294 et
3625 4253 3738 4292 non

2146 4332 2262 4387 haec
2288 4346 2409 4403 quae
2437 4340 2687 4403 aguntur.
2737 4333 2808 4389 At
2834 4346 2995 4398 nunc,
3023 4329 3151 4401 quia
3176 4330 3200 4367 ἰ
3240 4329 3356 4399 ipsa
3375 4335 3500 4383 sunt
3536 4326 3589 4382 in
3649 4341 3739 4381 re-

1833 4479 2024 4545 Variae
2059 4486 2368 4546 lectiones.

508 4618 555 4656 ⁸1
587 4616 721 4687 Quae
741 4616 917 4674 demit
947 4616 1116 4673 Seml.
1156 4619 1282 4688 post
1313 4617 1489 4675 Rhen.
1519 4615 1571 4653 82
1599 4614 1875 4671 Possimus
1904 4618 2021 4688 Rig.
2054 4617 2106 4656 33
2136 4619 2205 4674 Ut
2260 4617 2440 4674 demit
2495 4618 2664 4676 Seml.
2698 4633 2770 4673 ea:
2809 4618 2983 4676 Ithen.
3013 4619 3063 4657 ⁸4
3092 4617 3361 4676 Putaverit
3390 4618 3561 4676 Seml.

3609 4624 3739 4690 post

438 4690 615 4747 Rhen.
638 4691 688 4728 ⁸⁵
711 4691 945 4744 Inveniet
976 4691 1145 4744 Fran.
1170 4688 1221 4726 86
1242 4688 1340 4743 Illo
1369 4688 1537 4746 Seml.
1562 4688 1708 4742 illam
1738 4689 1909 4743 Fran.
1940 4688 1988 4725 87
2021 4689 2089 4745 Ut
2115 4692 2247 4747 Jun.
2280 4689 2331 4726 8⁸
2350 4690 2680 4745 Lucrifacere
2710 4690 2879 4745 Seml.
2904 4690 2954 4728 89
2973 4691 3331 4746 Cohortantur
3360 4690 3534 4746 Rhen.
3560 4688 3733 4747 seml.

443 4762 662 4819 Oberth.
695 4761 745 4797 9°
774 4761 1059 4833 Quomodo
1087 4760 1211 4814 alii.
1244 4758 1291 4796 91
1321 4758 1605 4833 Quomodo
1636 4761 1752 4831 Rig.
1788 4759 1955 4833 Seml.
1979 4759 2029 4797 92
2043 4761 2320 4817 Tractatur
2347 4762 2471 4833 alii.
2503 4760 2552 4833 9?
2580 4760 2856 4833 Sermonis
2884 4762 3005 4833 Rig.
3036 4761 3086 4799 94
3114 4762 3173 4816 In
3204 4761 3579 4833 persecutione
3608 4764 3735 4833 Rig.

439 4849 469 4888 e
491 4832 628 4888 libro
654 4833 847 4889 veteri.
866 4831 917 4867 9⁵
936 4831 1324 4903 Quodcumque
1356 4832 1522 4903 igitur
1549 4830 1897 4901 conceperint
1914 4847 2175 4888 venenum
2197 4833 2329 4903 Jun.
2352 4832 2403 4870 95
2422 4833 2488 4886 Et
2517 4832 2742 4903 Semlff7
2770 4831 2939 4887 Aliter
2954 4830 3134 4890 'Seml.
3159 4830 3217 4870 9⁸⁷
3238 4833 3370 4900 Quae
3398 4833 3529 4889 Jun.
3561 4831 3611 4871 99
3628 4830 3736 4887 Er-

437 4915 509 4974 go
537 4903 676 4957 sicut
703 4905 975 4974 eveniunt,
1009 4901 1080 4974 ita
1115 4902 1295 4974 demit
1329 4901 1509 4959 Venet.
1543 4907 1601 4959 et
1628 4903 1930 4959 substituit
1966 4918 2093 4960 vero
2132 4911 2188 4958 et
2217 4902 2376 4960 sicut.
2413 4903 2432 4941 ι
2462 4903 2584 4958 Istae
2622 4902 2753 4959 add.
2787 4905 2955 4962 Seml.
2996 4905 3021 4942 ²
3074 4906 3147 4960 At
3204 4904 3371 4961 Seml.
3407 4903 3431 4944 3
3477 4904 3738 4974 Aguntur

439 4972 615 5030 demit
643 4973 814 5047 Seml.
850 4975 976 5045 post
1004 4972 1180 5029 Rhen.
1210 4973 1235 5009 ἰ
1259 4972 1392 5028 Cum
1425 4975 1606 5031 Ciacc.

1844 5074 2347 5139 Commentarius.

510 5208 625 5276 (78)
683 5208 852 5264 Serva
904 5209 1161 5264 animum
1210 5212 1393 5265 tuam.
1441 5207 1759 5265 Consimiles
1817 5207 2030 5265 Paterni

439 5278 782 5350 proconsulis
811 5280 875 5333 ad
925 5281 1253 5351 Cyprianum
1301 5295 1462 5335 voces
1489 5289 1784 5336 occurrunt
1831 5279 1887 5334 in
1935 5280 2027 5334 hi-

440 5350 600 5426 storia
650 5352 916 5426 passionis
953 5350 1231 5426 fortissimi
1281 5352 1552 5426 martyris,
1583 5367 1719 5426 q_uas
1750 5358 1802 5406 et
1830 5352 2028 5426 Augu-

440 5369 600 5407 stona
650 5369 916 5421 passronis
953 5369 1231 5406 lOI‘lISSlml
1281 5369 1419 5405 mari
1460 5369 1552 5416 ris,
1583 5369 1719 5422 quas

437 5422 616 5496 stinus
645 5422 881 5496 exagitat
904 5439 1068 5496 serm.
1104 5423 1169 5477 de
1198 5423 1389 5478 eodem
1417 5369 1580 5493 ἔγρῃ
1613 5424 1742 5478 Βια.

510 5494 627 5566 ('79)
640 5496 709 5568 In
719 5494 991 5568 parabole
1007 5496 1240 5568 seminis
1250 5498 1378 5567 post
1400 5495 1664 5568 cespitem
1692 5496 1955 5568 arefacti.
1971 5495 2031 5549 In

433 5564 735 5638 exemplari
793 5566 991 5640 legitur
1040 5583 1115 5622 ει
1167 5564 1538 5637 Ιη“ρδι’δι)οἶδ
1583 5564 1853 5626 sermonis
1911 5578 2033 5638 post

2139 5210 2405 5337 cespitera
2449 5208 2669 5267 arefacti
2726 5212 2780 5267 in
2833 5211 3269 5283 persecutionum
3316 5209 3516 5285 ﬁgurat
3561 5209 3735 5266 tardo-

2139 5297 2271 5336 rem.
2307 5303 2329 5331 to
2410 5296 2486 5336 ιθ.

2137 5297 2271 5336 rem.
2307 5303 2329 5331 ιο
2361 5296 2486 5336 κιρ.

2212 5353 2327 5424 (80)
2369 5353 2624 5410 Nominis
2663 5368 2855 5409 causa.
2887 5353 3037 5408 Istud
3074 5355 3206 5410 satis
3246 5369 3532 5410 excussum
3563 5361 3647 5408 est
3676 5351 3735 5408 in

2138 5423 2386 5495 Apolog.,
2456 5426 2548 5497 ubi
2603 5424 2934 5497 ostendimus
2988 5440 3054 5481 ex
3113 5426 3349 5497 antiquis
3406 5439 3733 5497 reSponsum

2136 5507 2279 5559 esse,
2324 5511 2354 5549 e
2403 5495 2622 5551 nomine
2672 5511 2849 5621 neque
2897 5495 3130 5567 laudem,
3186 5495 3355 5567 neque
3402 5495 3731 5567 vituperium

2136 5566 2343 5621 sperari
2389 5567 2606 5621 debere.
2640 5566 2714 5621 ιιι
2784 5584 2837 5621 n.

2136 5566 2343 5639 sperari
2389 5567 2606 5624 debere.
2640 5566 2714 5624 ιιι
2742 5566 2837 5625 Pa.
