4042 6172
259 345 347 405 169

1395 337 1548 400 ADV.
1587 338 1938 440 GNOSTlGOS
1959 340 2348 403 SCORPIACE.

3418 353 3518 414 170

251 476 356 538 bus,
392 469 566 559 quae“5
591 469 649 526 in
681 466 923 559 vocibus,
952 466 1278 559 aliter‘dicta
1316 468 1610 559 creduntur
1640 489 1654 536 ;
1686 469 1817 540 quid
1851 483 1896 559 Α
1931 470 2090 526 lectio
2108 472 2276 559 ploras
2313 470 2508 544 objicit
2545 472 2807 530 timorem
2841 491 2859 528 :
2892 477 3162 546 quoniam
3201 479 3373 538 timor
3401 498 3520 554 pte-

253 560 381 617 tieret
405 559 451 615 si
487 557 645 614 aliter
693 556 831 614 facta
878 557 904 596 δ
951 555 1367 613 invenirentur?
1403 556 1510 612 Sed
1541 559 1656 612 haec
1683 562 1768 615 est
1793 560 1814 597 1

251 647 552 724 perversitas
603 646 750 716 ﬁdei,
790 645 1020 719 probata
1046 661 1157 702 non
1185 644 1428 714 credere,
1459 660 1569 703 non
1598 647 1822 719 probata

250 753 578 810 praesumere.
609 736 708 794 Cui
737 735 1075 809 perversitati
1106 735 1240 792 illud
1274 750 1490 808 quoque
1524 752 1816 810 opponam,

250 827 355 883 utsi
381 829 504 884 haec
532 841 662 898 quae
708 826 788 881 sic
833 834 1070 899 aguntur
1113 824 1575 896 quemadmodum
1621 828 1821 900 scripta

248 927 365 982 sunt,
394 931 510 972 non
534 922 698 972 erunt
727 914 844 986 ipsa
871 931 992 986 quae
1021 914 1404 986 praedicantur,
1437 915 1532 971 illa
1559 932 1680 990 qua:
1712 932 1818 974 non

245 1008 450 1064 debeant
480 1006 564 1062 sic
593 1005 680 1078 agi
708 1005 1166 1078 quemadmodum
1213 1004 1412 1075 scripta
1458 1015 1600 1072 sunt,
1651 1023 1719 1062 ne
1767 1015 1822 1064 et

246 1098 334 1169 ipsa
359 1098 564 1154 horum
593 1096 842 1166 exemplo
879 1095 1268 1167 periclitentur,
1302 1093 1519 1152 excludi
1547 1095 1818 1170 siquidem

241 1187 352 1242 aliud
385 1186 451 1242 in
489 1185 734 1253 vocibus,
766 1184 912 1240 aliud
959 1185 1012 1240 in
1059 1183 1222 1240 rebus
1261 1192 1376 1257 est;
1420 1191 1473 1242 et
1500 1185 1818 1258 relinquitur

239 1293 317 1333 nec
340 1275 646 1347 praedicata
672 1274 844 1330 videri
893 1290 1012 1332 cum
1059 1275 1354 1340 evenerint,
1402 1274 1448 1330 si
1492 1275 1652 1333 aliter
1681 1293 1818 1348 prae-

239 1365 466 1421 dicantur
521 1381 690 1437 quam
739 1363 960 1428 evenire
1007 1364 1222 1421 habent.
1273 1365 1343 1420 Et
1386 1365 1658 1436 quomodo
1688 1381 1816 1423 cre-

237 1453 401 1510 dentur
467 1468 599 1525 qnae
653 1467 763 1509 non
813 1459 977 1510 erunt
1031 1450 1340 1522 praedicata,
1395 1451 1522 1524 quia
1575 1469 1684 1510 non
1743 1452 1816 1509 ita

238 1552 368 1598 erunt
401 1541 717 1613 praedicata
760 1540 1038 1611 quomodo
1085 1538 1398 1596 eveniunt?
1453 1541 1532 1596 Ita
1578 1541 1814 1600 haeretici

236 1647 333 1704 qua:
376 1629 760 1702 praedicantur
806 1644 916 1685 non
970 1635 1028 1684 ut
1064 1629 1294 1701 probata
1329 1638 1455 1688 sunt
1517 1631 1812 1705 credendo,

239 1735 290 1775 ea
310 1735 417 1792 quae
455 1735 570 1777 nec
601 1718 886 1792 praedicata
913 1727 1057 1789 sunt,
1089 1718 1334 1776 credunt.

839 1862 1066 1921 CAPUT
1101 1863 1224 1920 XII.

293 1989 414 2060 Quis
443 2003 613 2047 nunc
652 1987 911 2044 medullas
955 1988 1355 2060 Scripturarum
1398 1988 1572 2061 magis
1617 1999 1820 2057 nosset,

239 2096 376 2150 quam
401 2079 537 2150 ipsa
583 2077 785 2134 Christi
839 2077 1070 2133 schola?
1109 2094 1248 2152 quos
1283 2088 1335 2135 et
1379 2080 1486 2136 sibi
1532 2077 1825 2150 discipulos

239 2168 483 2226 Dominus
520 2166 819 2239 adoptavit,
850 2167 1032 2224 omnia
1060 2164 1244 2241 utique
1270 2168 1580 2227 edocendos
1605 2187 1620 2237 ;
1650 2177 1706 2226 et
1733 2183 1826 2224 no-

239 2257 310 2313 bis
331 2258 634 2329 magistros
670 2257 975 2329 adornavit,
1009 2257 1190 2314 omnia
1218 2258 1405 2332 utique
1435 2259 1706 2317 docturos.
1729 2257 1826 2314 Cui

241 2347 398 2419 potius
423 2347 672 2421 ﬁguram
702 2347 856 2403 vocis
884 2362 996 2403 suae
1023 2348 1348 2405 declarasset
1393 2349 1506 2420 (81)
1539 2365 1698 2422 quam
1739 2347 1826 2418 cui

245 2436 450 2510 efﬁgiem
484 2437 687 2510 gloriae
717 2451 833 2492 sum
864 2437 1135 2501 revelat-it,
1163 2439 1343 2507 Petro,
1375 2439 1823 2509 Jacobo,.loanni,

247 2532 290 2580 et
316 2535 498 2596 postea
546 2524 741 2595 Paulo,
773 2543 933 2598 quem
975 2528 1208 2596 paradisi
1256 2544 1474 2600 quoque
1518 2537 1825 2602 compotem

248 2613 350 2671 fecit
377 2624 505 2673 ante
548 2616 875 2688 martyrium
922 2615 1078 2688 (82)?
1135 2620 1216 2672 An
1261 2626 1315 2674 et
1352 2618 1434 2674 illi
1486 2619 1640 2677 aliter
1667 2635 1826 2692 quam

252 2705 459 2761 sentiunt
487 2705 763 2770 scribunt,
796 2704 1020 2761 fallaciae
1060 2707 1328 2780 magistri,
1380 2722 1489 2764 non
1536 2707 1772 2766 veritatis
1799 2709 1829 2764 ?

256 2793 423 2852 Petrus
448 2794 670 2868 quidem
701 2794 770 2849 ad
808 2795 1062 2851 Ponticos
1101 2815 1113 2855 :
1160 2797 1386 2867 Quanta
1421 2799 1600 2866 enim,
1632 2797 1826 2869 inquit,

261 2882 301 2948 ll
325 2883 458 2940 Petr.
487 2887 573 2954 ιι),
597 2884 803 2956 gloria,
843 2884 895 2940 si
910 2901 1026 2940 non
1047 2890 1112 2942 ut
1132 2885 1521 2958 delinquentes
1537 2888 1832 2959 puniami-

267 2973 669 3038 ni,sustinetisl
688 2973 825 3029 Haec
843 2975 994 3029 enim
1023 2975 1211 3046 gratia
1231 2979 1334 3043 est,
1357 2977 1419 3029 in
1441 2976 1538 3033 hoc
1566 2981 1623 3033 et
1646 2978 1833 3033 vocati
1870 3005 1913 3086 c

286 3061 390 3086 no“.
430 3064 677 3086 A-.-...'_...
708 3066 759 3086 -.ι
783 3061 1042 3086 ηι..ι-ι-.,
1073 3078 1265 3086 μ..-,..--
1303 3069 1379 3086 --.ι
1408 3079 1504 3086 ﬂ..-
1555 3065 1706 3086 ..-L.'_
1755 3079 1812 3086 --Α

284 3061 411 3124 estis,
429 3064 683 3132 quoniam
702 3066 759 3116 et
781 3061 1042 3118 Christus
1066 3078 1266 3134 passus
1295 3069 1379 3119 est
1402 3079 1506 3135 pro
1551 3065 1726 3134 nobis,
1749 3079 1838 3121 re-

285 3146 512 3218 linquens
529 3149 674 3204 vobis
687 3151 1002 3223 exemplum
1021 3154 1476 3225 semetipsum,ut
1499 3155 1838 3227 assequami-

280 3238 343 3289 ni
357 3239 569 3309 aestima
590 3240 774 3310 ipsius.
788 3240 854 3296 Et
873 3256 1060 3296 rursus
1074 3241 1280 3310 (IPetr.
1297 3242 1377 3310 ιν)
1391 3258 1405 3296 :
1423 3243 1645 3308 Dilecti,
1659 3259 1732 3299 ne
1744 3260 1837 3301 em-

255 3333 555 3396 pavescatis
575 3331 879 3397 ustionem,
895 3347 1018 3404 quae
1036 3334 1230 3404 agitur
1248 3336 1309 3388 in
1329 3334 1476 3391 vobis
1489 3334 1553 3388 in
1567 3338 1660 3389 ten
1671 3335 1838 3390 tatio-

254 3430 388 3483 nem,
409 3421 570 3489 quasi
596 3435 809 3476 novum
837 3420 1061 3477 accidat
1085 3421 1236 3478 vobis
1257 3440 1276 3477 :
1298 3423 1508 3479 etenim
1528 3422 1835 3478 secundum

249 3505 380 3576 quod
395 3509 834 3567 communicatis
857 3510 1210 3584 passionibus
1235 3511 1464 3578 Christi,
1486 3511 1741 3583 gaudete,
1768 3515 1835 3568 ut

247 3599 296 3650 et
321 3596 380 3650 in
407 3598 760 3655 reuelatione
780 3599 976 3670 gloriae
997 3601 1121 3670 ejus
1141 3599 1433 3670 gaudeatis
1454 3601 1831 3657 exsultantes.

245 3683 302 3740 Si
315 3684 736 3744 dedecoramini
752 3690 818 3743 in
835 3687 860 3723 ⁸
880 3704 1111 3745 nomine
1135 3687 1518 3753 Christi,beati
1539 3691 1692 3757 estis,
1705 3706 1836 3763 qup-

243 3775 387 3830 aiam
404 3776 596 3846 gloria
609 3782 669 3834 et
689 3778 790 3834 Dei
812 3777 1058 3850 Spiritus
1078 3777 1436 3850 requiescit10
1446 3779 1509 3834 in
1530 3778 1836 3846 vobis,dum

241 3877 305 3921 ne
319 3868 445 3937 quis
463 3871 731 3924 vestrum
749 3868 1105 3941 patiatugut
1127 3866 1644 3940 homicida,autfur
1660 3865 1696 3922 I
1711 3865 1836 3934 47,

233 3958 328 4008 aut
357 3958 791 4027 maleﬁcus,aut
809 3958 988 4014 alieni
1009 3957 1329 4030 speculator
1343 3958 1544 4028 (83).Si
1555 3961 1748 4015 autem
1764 3959 1833 4014 ut

237 4040 621 4111 Christianus,
643 4061 719 4103 ne
740 4047 1066 4113 erubescat;
1101 4048 1377 4120 glori/lcet
1414 4052 1610 4105 autem
1640 4049 1835 4104 Domi-

229 4145 359 4187 num
377 4135 440 4188 in
460 4134 718 4191 nomine
735 4136 861 4191 isto.
875 4134 1114 4192 Joannes
1132 4151 1279 4203 vero,
1293 4144 1352 4191 ut
1369 4134 1526 4192 etiam
1549 4149 1647 4206 pro
1668 4133 1838 4190 fratri-

231 4217 323 4274 bus
341 4224 558 4279 nostris
588 4221 795 4279 animas
814 4225 1578 4297 ponamus,hortatur,negans
1595 4224 1840 4280 timorem

226 4321 336 4367 esse
356 4311 412 4367 in
435 4311 751 4371 dilecuone
771 4312 814 4385 (Ι
835 4313 992 4372 Ιοαη.
1018 4327 1092 4381 1v,
1127 4314 1253 4383 18):
1286 4315 1548 4385 Perfecta
1576 4314 1730 4370 enim
1758 4313 1840 4369 di-

1926 576 2066 614 nam
2100 557 2285 627 habet,
2307 565 2360 618 et
2387 563 2487 635 qui
2509 561 2689 630 timet,
2713 577 2829 618 non
2847 567 2929 620 est
2956 568 3244 636 perfectus
3263 571 3327 625 in
3353 570 3517 628 dilec-

1933 651 2102 707 tione.
2135 649 2310 721 Quem
2341 651 2588 709 timorem
2615 651 2844 726 intelligi
2872 663 3106 724 praestat,
3139 657 3243 714 nisi
3271 661 3515 732 negatio-

1930 739 2014 794 nis
2051 748 2329 797 auctorem
2346 742 2374 796 ?
2398 740 2573 810 Quam
2594 738 2938 796 dilectionem
2960 741 3253 813 perfectam
3264 745 3512 814 affirmat,

1929 827 2033 883 nisi
2063 828 2379 904 fugatricem
2408 830 2637 903 timoris,
2655 836 2710 887 et
2737 829 3098 888 animatricem
3120 834 3517 894 confessionis?

1927 914 2103 986 Quam
2153 935 2367 990 pmnam
2415 920 2608 978 timore
2667 919 2875 990 puniat,
2917 921 3026 976 nisi
3077 937 3244 994 quam
3292 933 3519 998 negator

1928 1007 2196 1064 relaturus
2231 1021 2330 1076 est,
2381 1025 2498 1067 cum
2548 1025 2778 1083 corpore
2830 1023 2888 1067 et
2965 1011 3144 1068 anima
3195 1013 3520 1072 occidendus

1928 1095 1982 1151 in
2019 1099 2267 1171 gehenna
2297 1099 2386 1155 11?
2416 1098 2572 1168 Quod
2600 1099 2644 1155 si
2673 1115 2771 1170 pro
2802 1099 3080 1171 fratribus,
3119 1111 3321 1174 quanto
3345 1105 3520 1178 magis

1929 1201 2025 1258 pro
2055 1188 2287 1247 Domino
2317 1190 2660 1246 moriendum
2689 1189 2867 1259 docet,
2908 1191 3040 1248 satis
3074 1193 3143 1249 de
3187 1194 3520 1268 Apocalypsi

1925 1291 2140 1349 quoque
2185 1295 2282 1334 sua
2339 1280 2632 1336 instructus
2681 1281 2797 1336 haec
2853 1281 3119 1338 suadere!
3170 1284 3522 1344 Mandaverat

1926 1364 2143 1432 etenim,
2175 1367 2404 1438 Spiritus
2433 1368 2502 1422 ad
2529 1367 2782 1442 angelum
2819 1369 3075 1426 Ecclesiae
3111 1371 3518 1445 Smyrnaeorum

1925 1452 2114 1526 (Apoc.
2128 1470 2190 1521 ιι,
2207 1456 2300 1527 10)
2321 1474 2335 1513 :
2360 1459 2500 1513 Ecce
2519 1456 2771 1515 diabolus
2787 1474 2862 1514 ea:
2882 1473 3120 1516 numero
3143 1465 3239 1516 tuo
3258 1465 3521 1535 conjiciet

1927 1544 1973 1581 ¹²
1999 1546 2062 1600 in
2081 1560 2387 1612 carcerem,
2403 1549 2471 1601 ut
2491 1547 2795 1603 tentemini
2813 1546 3008 1604 diebus
3026 1548 3372 1609 decem.Esto
3389 1552 3521 1621 ﬁde-

1927 1634 1994 1690 lis
2015 1634 2087 1689 ad
2115 1637 2351 1692 mortem
2369 1649 2559 1706 usque,
2580 1639 2635 1689 ct
2652 1634 2787 1690 dabo
2805 1634 2907 1690 tibi
2927 1636 3060 1693 vitae
3078 1652 3366 1695 coronam.
3381 1640 3518 1698 Item

1851 1717 1896 1796 Β
1924 1722 1993 1779 ad
2025 1723 2478 1794 Pergamenorum
2506 1721 2575 1778 de
2603 1721 2802 1793 Antipa
2832 1721 3143 1780 fidelissimo
3163 1735 3394 1798 martyre
3436 1729 3518 1784 in-

1931 1809 2154 1867 terfecto
2184 1810 2239 1865 in
2268 1809 2594 1867 habitatione
2617 1809 2851 1865 Satanae.
2883 1811 3018 1866 Item
3045 1812 3116 1867 ad
3148 1813 3523 1888 Philadelphe-

1929 1915 2143 1969 norum,
2174 1899 2319 1971 quod
2366 1916 2396 1955 a
2442 1898 2738 1956 tentatione
2784 1899 2972 1956 ultima
3026 1900 3364 1972 liberaretur,
3422 1905 3524 1977 qui

1931 1988 2150 2045 Domini
2194 2003 2391 2046 nomen
2445 2003 2558 2046 non
2616 1998 2841 2064 negarat
2885 1989 3022 2062 (84).
3061 1991 3271 2049 Exinde
3326 1993 3524 2052 victori

1931 2080 2126 2151 cuique
2153 2077 2414 2150 promittit
2441 2093 2588 2136 nunc
2615 2079 2866 2134 arborem
2908 2079 3054 2148 vitae,
3102 2092 3154 2138 et
3192 2083 3383 2139 mortis
3420 2100 3525 2141 ve-

1931 2169 2075 2225 niam
2094 2168 2383 2225 secundae:
2408 2183 2549 2225 nunc
2577 2166 2751 2224 latens
2778 2184 2975 2224 manna
3003 2184 3125 2225 cum
3154 2171 3366 2229 calculo
3388 2189 3524 2230 can-

1931 2259 2140 2327 dido,et
2158 2257 2377 2315 nomine
2398 2257 2583 2330 ignoto
2603 2277 2617 2315 :
2641 2273 2784 2314 nunc
2799 2257 2992 2316 ferrea:
3013 2258 3181 2333 virgae
3202 2269 3525 2332 potestatem

1933 2355 1988 2403 et
2017 2348 2188 2404 stellas
2225 2347 2501 2404 matutinae
2536 2347 2832 2404 claritatem
2863 2366 2878 2403 :
2916 2363 3061 2404 nunc
3101 2348 3279 2405 albam
3314 2352 3526 2422 vestiri,

1934 2453 2030 2492 nec
2058 2435 2227 2494 deleri
2261 2437 2330 2493 de
2378 2435 2516 2492 libro
2545 2435 2686 2500 vitae,
2737 2444 2790 2493 et
2835 2436 3140 2492 columnam
3171 2437 3285 2494 ﬁeri
3325 2441 3380 2495 in
3410 2443 3530 2499 Dei

1937 2526 2156 2597 templo,
2206 2526 2261 2581 in
2317 2525 2534 2582 nomine
2588 2525 2686 2581 Dei
2743 2534 2796 2581 et
2843 2526 3082 2594 Domini,
3123 2536 3176 2583 et
3220 2529 3527 2586 Jerusalem

1935 2617 2167 2673 ccelestis
2215 2615 2490 2687 inscripta,
2547 2629 2693 2671 nunc
2730 2613 2970 2672 residere
3025 2631 3147 2671 cum
3193 2616 3421 2674 Domino
3472 2621 3527 2675 in

1935 2707 2128 2763 throno
2155 2706 2292 2776 ejus,
2323 2705 2470 2776 quod
2498 2703 2787 2776 aliquando
2826 2705 3076 2761 Zebedaei
3117 2705 3243 2761 filiis
3280 2709 3526 2780 negaba-

1938 2803 2044 2852 tur.
2085 2793 2313 2864 Quinam
2362 2793 2451 2850 isti
2497 2801 2606 2850 tam
2652 2793 2794 2849 beati
2846 2794 3098 2862 victores,
3157 2795 3262 2850 nisi
3311 2798 3534 2868 proprie

1942 2893 2198 2957 martyres
2216 2885 2246 2940 ‘I
2274 2883 2492 2940 Illorum
2537 2882 2737 2940 etenim
2780 2882 3038 2949 victoriae,
3081 2899 3310 2957 quorum
3339 2895 3392 2943 et
3421 2904 3531 2959 pu-

1941 2990 2060 3049 gnae
2091 2993 2107 3043 ;
2150 2988 2340 3030 eorum
2375 2987 2509 3029 vero
2547 2987 2765 3045 pugnae,
2793 2987 3024 3042 quorum
3053 2980 3106 3029 et
3146 2975 3393 3048 sanguis.
3423 2975 3536 3032 Sed

1943 3070 1995 3119 et
2041 3061 2254 3117 interim
2309 3061 2412 3116 sub
2471 3060 2624 3116 altari
2679 3069 2976 3128 martyrum
3031 3062 3224 3118 animae
3262 3063 3532 3134 placidum

1942 3151 2225 3224 quiescunt
2270 3150 2409 3219 (85),
2457 3155 2508 3202 et
2552 3147 2749 3204 fiducia
2797 3147 3020 3204 ultionis
3048 3150 3362 3219 patientiam
3403 3169 3532 3222 pas-

1942 3245 2090 3306 cunt,
2137 3249 2190 3294 et
2236 3237 2436 3292 induta:
2481 3234 2636 3292 stolis
2675 3233 2811 3307 (86),
2845 3234 3127 3290 candidam
3186 3237 3234 3276 13
3277 3238 3536 3296 claritatis

1943 3333 2225 3398 usurpant,
2255 3327 2427 3381 donec
2473 3333 2530 3382 et
2579 3323 2674 3379 alii
2723 3322 3054 3380 consortium
3101 3322 3316 3380 illarum
3347 3326 3535 3399 gloria:

1944 3418 2222 3488 impleant.
2261 3416 2396 3471 Nam
2428 3421 2481 3470 et
2509 3429 2701 3469 rursus
2745 3411 3026 3468 innumera
3057 3413 3344 3470 multitudo
3372 3413 3537 3474 albati

1944 3515 1996 3562 et
2015 3505 2210 3578 palmis
2228 3504 2462 3562 victoriae
2483 3502 2726 3576 insignes
2749 3501 3060 3558 revelantur
3076 3516 3093 3569 ;
3107 3503 3314 3560 scilicet
3334 3504 3403 3558 de
3423 3506 3538 3558 An-

1945 3593 2187 3652 tichristo
2219 3593 2608 3664 triumphantes
2641 3590 2705 3657 14,
2731 3588 2866 3644 sicut
2895 3605 3034 3645 unus
3066 3605 3132 3645 ex
3163 3591 3534 3662 presbyteris:

1947 3687 2012 3742 Hi
2030 3682 2261 3750 sunt,ait
2281 3683 2575 3755 (Apoc.vu,
2601 3679 2817 3752 14),ᾳαί
2832 3679 3075 3736 veniunt
3097 3696 3170 3738 ea:
3188 3681 3296 3737 illa
3309 3697 3537 3753 pressu-

1945 3791 2013 3832 ra
2029 3789 2262 3845 magna,
2277 3776 2332 3829 et
2355 3771 2616 3827 laverunt
2638 3769 3040 3825 vestimentum
3060 3785 3249 3838 suum,
3265 3775 3324 3828 et
3343 3772 3539 3829 candi-

1946 3864 2220 3921 daverunt
2239 3863 2431 3933 ipsum
2449 3861 2512 3916 in
2529 3859 2809 3928 sanguine
2825 3857 2987 3928 Agna.
3003 3857 3244 3914 Vestitus
3263 3859 3406 3915 enim
3425 3861 3538 3916 ani-

1947 3967 2069 4022 mae,
2091 3966 2236 4009 caro.
2266 3948 2468 4006 Sordes
2495 3947 2714 4018 quidem
2743 3945 3063 4019 baptismate
3083 3948 3399 4016 abluuntur,
3420 3965 3539 4006 ma-

1946 4042 2080 4099 culas
2106 4055 2235 4098 vero
2258 4039 2518 4111 martyrio
2542 4038 2581 4095 Ι
2599 4033 2705 4094 48
2731 4037 3106 4094 candidantur.
3133 4035 3272 4107 Quia
3292 4046 3346 4095 et
3371 4041 3542 4097 Isaias

1943 4134 2073 4202 (Isa.
2105 4146 2144 4196 ι,
2170 4130 2260 4199 18)
2291 4145 2357 4184 ex
2387 4142 2576 4184 russea
2608 4128 2652 4165 ιδ
2671 4135 2728 4182 et
2756 4125 2974 4183 coccino
2994 4127 3214 4186 niveum
3239 4136 3296 4184 et
3324 4127 3539 4186 laneum

1947 4216 2287 4291 repromittit.
2336 4218 2528 4289 Magna
2574 4217 2738 4272 etiam
2788 4215 3025 4286 Babylon
3067 4231 3188 4272 cum
3217 4215 3543 4273 describitur

1946 4311 2098 4370 ebria
2149 4316 2458 4364 sanctorum
2494 4319 2702 4372 cruore,
2759 4304 2878 4362 sine
2909 4303 3072 4361 dubio
3130 4305 3368 4364 ebrietas
3423 4307 3542 4376 ejus

1615 4437 1810 4502 Varia:
1852 4440 2160 4502 lectiones.

285 4546 308 4584 ⁵
335 4546 402 4602 Et
455 4545 619 4604 add.
669 4545 840 4602 Seml.
889 4546 914 4584 6
957 4547 1087 4605 Acta
1131 4547 1282 4604 Sem.
1321 4544 1344 4583 ⁷
1390 4545 1509 4601 Erit
1554 4547 1721 4603 Seml.
1763 4546 1789 4583 8
1836 4544 1914 4600 Ita
1959 4545 2092 4600 Jun.
2134 4539 2160 4578 9
2201 4540 2260 4594 In
2296 4537 2490 4596 demit.
2538 4537 2709 4594 Seml.
2745 4535 2793 4574 ιο
2820 4533 3336 4606 RequiescetRhen.
3369 4539 3538 4596 Seml.

226 4617 436 4676 Oberth.
505 4619 559 4656 ιι
634 4616 951 4675 Gehennam
999 4619 1167 4676 Seml.
1208 4618 1255 4656 12
1301 4616 1528 4688 Conjicit
1575 4616 1750 4673 Rhen.
1785 4615 1954 4673 Seml.
2006 4613 2224 4688 Oberth.
2280 4609 2328 4688 {3
2376 4606 2939 4688 Animaanpatientiam
2979 4607 3542 4688 pascunt,_et_i.nd_utai

217 4692 359 4780 stolis.
418 4689 698 4746 candidae
754 4691 879 4760 alii,
920 4689 1116 4748 ﬁducia
1163 4689 1377 4746 ultionis
1412 4677 1696 4745 candidam
1742 4689 1912 4747 Seml.
1955 4684 2218 4758 pluribus
2264 4681 2530 4754 demptis.
2593 4677 2645 4720 1‘
2684 4677 3058 4748 Triumphales
3106 4678 3276 4734 Seml.
3326 4677 3374 4714 15
3400 4678 3542 4733 Rufo

219 4760 377 4820 Seml.

1648 4831 2143 4896 Commentarius.

219 5011 244 5030 β
281 4942 398 5013 (8t)
438 4941 563 5023 Qui
621 4939 813 5021 potius
843 4940 1104 5030 figuram
1144 4941 1291 4996 vocis
1320 4955 1439 5030 suae
1470 4937 1837 5030 declarasset2
1871 4953 1918 5030 ο
1954 4935 2172 5030 χωρί’]
2196 4931 2566 5030 Fornacali)
2596 4926 3024 4999 conferendum;
3059 4935 3113 4984 et
3135 4927 3285 4996 alibi,
3322 4933 3544 5004 tempus

215 5005 505 5070 Sermonis
575 5005 670 5083 sui
719 5005 996 5083 mysteria,
1053 5018 1404 5078 sacramenta,
1458 5025 1599 5083 cum,
1638 5011 1841 5083 scilicet
1872 5005 1917 5030 "
1951 5005 2369 5083 diaboliAbreve.
2402 5005 2577 5083 sane.

212 5086 484 5142 recedunt
520 5101 559 5139 a
599 5079 792 5139 litteris
819 5082 953 5139 suis'
979 5098 1187 5151 sensus,
1210 5092 1269 5140 ut
1317 5084 1434 5154 ipse
1457 5079 1696 5154 loquitur
1740 5082 1844 5138 hoc

216 5154 734 5235 ipgquffﬁeap.
775 5155 1022 5212 15.RIG.
1199 5231 1208 5235 _
1335 5229 1352 5235 _
1425 5227 1460 5235 ,Α
1575 5229 1585 5235 ,
1683 5220 1698 5235 ,

275 5226 725 5299 (82)_Paradisi
739 5243 961 5299 quoque
988 5231 1297 5299 compotem
1319 5227 1462 5298 facit
1482 5229 1618 5299 ante
1637 5226 1850 5299 marty-

221 5295 389 5356 rium.
416 5301 603 5372 Dum
636 5295 836 5372 scilicet
861 5295 1050 5371 raptus
1089 5295 1154 5355 ad
1176 5295 1350 5372 usque
1381 5295 1598 5354 tertium
1621 5295 1846 5372 coelum,

223 5383 280 5424 ea
311 5371 457 5428 vidit
507 5382 653 5440 quae
689 5369 866 5440 nullus
899 5369 1114 5427 narrare
1164 5369 1339 5440 potest
1385 5377 1475 5424 aut
1525 5370 1850 5440 exprimere,

226 5439 545 5522 autetiam:
564 5439 906 5522 cogitatione
931 5439 1414 5522 comprehendere.
1425 5513 1434 5522 _
1446 5441 1521 5522 Ls
1546 5441 1646 5497 Pa.

290 5517 311 5585 ζ
317 5515 446 5643 8123
432 5517 479 5571 Α
483 5513 661 5641 geni
688 5514 1032 5586 speculator.
1061 5513 1285 5570 Alienas
1322 5513 1524 5570 scilicet
1553 5527 1722 5588 agens
1747 5526 1851 5567 cu-

290 5601 329 5641 s.
535 5601 607 5640 ιι.

229 5598 329 5641 ηε.
364 5598 446 5641 LE
484 5598 607 5641 ΡΒ.

289 5659 413 5728 ζει)
462 5658 719 5716 Domini
743 5676 952 5717 nomen
979 5676 1095 5717 non
1129 5662 1386 5733 negarat.
1418 5655 1496 5714 Ex
1541 5661 1714 5730 Apoc.
1747 5657 1852 5726 (ιιι,

407 5770 694 5827 Panos.
735 5768 803 5824 Il.

2021 5080 2136 5151 (85)
2158 5078 2265 5151 sub
2285 5077 2465 5151 altari
2483 5073 3033 5151 martyrumanimce
3045 5071 3334 5151 placidum
3355 5077 3544 5148 quies-

1955 5143 2127 5208 cunt;
2150 5148 2351 5206 Altaris
2375 5143 2954 5219 vocabulo"signilicari
2977 5143 3195 5219 videtur
3215 5143 3396 5219 _terra',
3425 5163 3547 5219 quae

1956 5223 2060 5280 fuit
2086 5223 2256 5276 instar
2283 5217 2465 5274 altaris
2492 5225 2784 5287 martyrum
2806 5214 3183 5274 immolationi.
3215 5217 3338 5274 Rm.

2028 5294 2144 5366 (86)
2164 5295 2230 5350 Et
2249 5291 2468 5369 ﬁducia
2493 5289 2731 5369 ultionis
2749 5288 3096 5369 patientiam
3113 5293 3359 5369 pascunt
3379 5293 3434 5369 ei
3461 5292 3551 5344 in.

1960 5360 2131 5428 dutw'
2156 5364 2338 5421 stolis.
2376 5363 2503 5418 Haec
2530 5360 2898 5433 supplevimus
2934 5374 2998 5415 ex
3036 5360 3364 5433 membranis
3390 5363 3547 5433 Ago:

1960 5436 2147 5508 bardi.
2173 5437 2461 5508 Eleganter
2502 5429 2613 5500 ait,’
2638 5429 2946 5508 martyrum
2969 5430 3340 5508 .animas_sub
3393 5429 3548 5508 altari

1961 5507 2237 5582 depositas
2268 5498 2351 5582 "in
2409 5520 2560 5582 spem
2584 5498 3014 5582 resurrectionis
3054 5498 3318 5582 placidum
3358 5499 3547 5582 quies.-

1963 5568 2105 5647 cere,
2145 5595 2209 5635 ac
2253 5577 2403 5633 velut
2443 5568 2510 5630 'in
2565 5572 2832 5647 refrigerii
2870 5579 3020 5641 prato
3056 5568 3277 5629 ‘ﬁduCia
3330 5568 3554 5626 ultionis

1965 5643 2282 5724 patientiam
2311 5661 2555 5720 pascere.
2594 5643 2720 5700 Rm;

3366 5753 3400 5806 6
