4002 6118
426 347 527 407 175
1098 339 1546 401 TERTULLIANI
1586 335 1853 399 OPERUM
1895 332 2059 393 PARS
2102 332 2166 390 ll.
2229 364 2296 373 —
2338 331 2567 391 SERIES
2602 331 2644 399 Ι,
2686 330 3035 392 POLEMICA.
3616 333 3715 392 176

418 477 564 530 sunt.
600 470 666 525 Et
713 468 759 527 si
798 468 960 525 ﬁdem
1005 465 1390 525 Commentarii
1438 465 1486 504 35
1522 462 1753 520 voluerit
1796 457 2013 515 haereti-

419 577 515 618 cus
556 560 653 631 (l),
704 560 1057 615 instrumenta
1105 556 1313 628 imperii
1349 556 1655 627 loquentur,
1695 559 1755 607 ut
1800 548 2013 623 lapides

417 650 734 706 Jerusalem.
768 646 919 703 Vitas
949 648 1222 702 Caesarum
1250 643 1519 718 legimus;
1546 640 1810 698 orientem
1850 638 2011 695 ﬁdem

418 741 604 797 Romae
652 738 859 809 primus
921 736 1067 793 Nero
1134 734 1447 792 cruentavit.
1493 734 1642 789 Tunc
1703 731 1893 785 Petrus
1946 728 2012 783 ab

418 828 586 884 altero
631 826 888 899 cingitur,
928 840 1048 879 cum
1088 823 1232 880 cruci
1271 821 1595 894 astringitur.
1637 821 1789 877 Tunc
1819 817 2016 873 Paulus

419 916 651 973 civitatis
690 930 926 972 romanae
963 912 1307 985 consequitur
1354 910 1711 981 nativitatem,
1750 923 1871 964 cum
1903 905 2015 961 illic

420 1004 666 1078 martyrii
720 1002 1020 1061 renascitur
1074 1000 1455 1074 generositate.
1516 1000 1642 1055 Haec
1696 997 2018 1068 ubicumque

415 1096 530 1165 jam
575 1095 785 1167 legero,
835 1092 946 1165 pati
989 1091 1173 1163 disco;
1205 1107 1305 1147 nec
1335 1105 1452 1145 mea
1493 1090 1716 1144 interest
1743 1099 1879 1157 quos
1926 1100 2013 1140 se-

419 1203 553 1257 quar
590 1183 833 1256 martyrii
872 1182 1178 1258 magistros,
1226 1194 1489 1236 sensusne
1535 1192 1604 1231 an
1657 1171 1811 1231 I52
1842 1173 2015 1229 exitus

420 1272 808 1345 Apostolorum
834 1289 846 1337 ;
880 1270 984 1326 nisi
1021 1270 1166 1343 quod
1196 1274 1249 1325 et
1278 1284 1468 1326 sensus
1512 1265 1566 1321 in
1597 1263 1826 1321 exitibus
1856 1276 2013 1320 reco-

414 1378 637 1437 gnosco.
678 1361 823 1417 Nihil
873 1360 1017 1417 enim
1067 1360 1211 1431 passi
1252 1358 1499 1426 fuissent,
1532 1354 1682 1428 quod
1724 1369 1831 1409 non
1864 1352 2015 1425 prius

414 1451 724 1522 patiendum
768 1464 889 1505 esse
938 1448 1239 1504 sensissent
1286 1445 1353 1499 37.
1408 1447 1542 1501 Cum
1588 1443 1801 1500 vincula
1849 1441 2012 1496 Paulo

413 1540 639 1613 Agabus
667 1549 824 1612 gestu
866 1554 1084 1611 quoque
1114 1537 1511 1611 prOphetasset,
1544 1530 1791 1604 discipuli
1825 1531 2013 1586 ﬁentes

414 1638 467 1686 et
505 1637 727 1686 orantes
775 1646 843 1685 ne
890 1646 947 1684 se
1001 1628 1343 1698 Jerosolyma
1382 1623 1756 1687 committeret,
1809 1621 2012 1677 flustra

413 1726 715 1779 oraverunt.
748 1718 842 1774 Ille
881 1719 1046 1787 enim,
1084 1716 1233 1789 quod
1262 1730 1478 1785 semper
1505 1713 1763 1770 docuerat
1794 1711 2007 1765 anima-

413 1816 498 1865 tus
533 1823 544 1860 :
583 1806 727 1879 Quid
762 1807 930 1877 ﬂetis,
956 1807 1149 1879 inquit,
1183 1809 1237 1862 et
1269 1804 1626 1864 contristatis
1655 1818 1749 1859 cor
1778 1803 2010 1857 meum?

412 1902 485 1955 At
501 1916 593 1971 ego
614 1915 727 1955 non
748 1899 909 1954 modo
928 1897 1157 1954 vincula
1170 1894 1526 1965 Jerosolymis
1543 1894 1670 1965 pati
1685 1890 2015 1964 optaverim,

412 2004 606 2045 verum
619 1988 793 2044 etiam
806 1988 954 2043 mori
965 2002 1068 2056 pro
1091 1986 1320 2042 nomine
1340 1983 1567 2040 Domini
1584 1982 1695 2037 mei
1714 1980 1841 2036 Iesu
1866 1978 2019 2035 Chri-

2127 458 2274 512 φηιηί
2304 458 2447 527 (Act.
2483 473 2603 523 xxr,
2639 460 2724 527 t3,
2758 457 2886 529 lt);
2919 456 3149 515 ﬁdentes
3186 458 3404 524 scilicet,
3436 458 3718 530 passiones

2127 546 2190 600 ad
2222 547 2547 603 voluntatem
2597 547 2698 604 Dei
2736 548 3020 619 pertinere.
3056 548 3177 603 Non
3209 546 3350 602 enim
3382 548 3715 605 dehortatior

2124 637 2207 691 nis
2239 636 2483 703 consilio,
2515 637 2610 692 sed
2656 636 2953 693 dilectionis
2996 636 3231 693 retinere
3266 644 3604 694 tentaverant
3646 636 3714 703 33,

2122 735 2178 781 ut
2211 726 2522 799 Apostolum
2553 726 2942 797 desiderantes,
2993 741 3099 783 non
3148 734 3206 781 ut
3236 726 3552 799 martyrium
3598 724 3716 781 dis-

2124 816 2434 872 suadentes.
2463 816 2617 886 Quod
2641 816 2685 871 si
2716 818 2829 888 jam
2852 823 2976 872 tunc
3004 816 3262 874 Prodicus
3293 826 3385 872 aut
3408 816 3718 871 Valentinus

2128 905 2429 971 assisterct,
2485 921 2809 978 suggerens,
2844 921 2951 961 non
3001 905 3054 960 in
3087 905 3243 962 terris
3290 922 3409 962 esse
3447 906 3717 962 conﬁten-

2125 996 2255 1049 dum
2288 994 2335 1033 39
2368 994 2510 1064 apud
2552 995 2797 1052 homines
2827 998 2941 1066 (2);
2974 994 3153 1049 minus
3198 1010 3344 1062 vero,
3379 1010 3445 1049 ne
3478 994 3528 1031 ἰο
3572 995 3718 1049 Deus

2128 1086 2422 1138 humanum
2481 1082 2807 1159 sanguinem
2862 1084 3027 1151 sitiat,
3084 1100 3183 1140 nec
3244 1083 3490 1139 Christus
3543 1083 3717 1139 vicem

2124 1173 2410 1244 passionis,
2441 1173 2596 1246 quasi
2624 1183 2677 1229 et
2718 1173 2832 1245 ipse
2870 1175 2938 1229 de
2972 1190 3037 1229 ea
3068 1174 3298 1231 salutem
3335 1182 3719 1231 consecuturus

2123 1270 2409 1335 exposcat;
2444 1262 2619 1319 statim
2673 1263 2912 1319 audisset
2942 1279 2973 1319 a
3004 1279 3162 1321 servo
3192 1263 3308 1331 Dei,
3350 1263 3492 1335 quod
3525 1262 3719 1318 audie-

2122 1361 2200 1406 rat
2236 1368 2266 1406 a
2301 1352 2529 1408 Domino
2570 1351 2817 1408 diabolus
2851 1353 2931 1424 (3)
2968 1368 2978 1406 :
3031 1352 3251 1419 Recede,
3286 1354 3517 1418 Satana,
3550 1369 3720 1408 scan-

2120 1442 2311 1497 dalum
2332 1439 2494 1498 I53
2514 1444 2656 1500 mihi
2677 1460 2730 1500 es
2743 1462 2762 1511 ;
2785 1443 3061 1515 scriptum
3080 1446 3163 1498 est
3186 1463 3202 1497 :
3224 1444 3525 1500 Dominum
3544 1444 3720 1498 Deum

2121 1534 2287 1587 tuum
2316 1531 2575 1590 adorabis
2597 1533 2697 1604 (4),
2731 1537 2785 1590 et
2817 1534 2907 1589 illi
2935 1532 3041 1590 soli
3070 1535 3274 1591 servies
3303 1531 3528 1604 (Matth.
3553 1546 3717 1601 xxvr,

2120 1622 2222 1690 23;
2268 1636 2344 1689 1v,
2392 1621 2504 1692 10).
2546 1621 2650 1678 Sed
2697 1628 2751 1678 et
2782 1637 2924 1678 nunc
2952 1622 3140 1679 audire
3176 1621 3416 1691 debebit,
3451 1628 3721 1693 quatenus

2120 1668 2181 1674 _-
2208 1668 2222 1690 ,
2268 1668 2344 1689 -.,
2395 1668 2504 1692 --Γ
2546 1668 2650 1678 ..η
2699 1668 2750 1678 --
2782 1668 2923 1678 ---ην
2952 1668 3138 1679 ---ην
3178 1668 3416 1691 πηνα,
3454 1668 3717 1693 1-----.“

2042 1668 2086 1746 B
2118 1708 2285 1763 multo
2334 1717 2475 1779 post,
2510 1725 2718 1766 venena
2747 1710 2853 1766 ista
2881 1712 2926 1749 41
2975 1710 3141 1767 154
3189 1711 3433 1779 suffudit,
3468 1710 3599 1765 nulli
3630 1709 3717 1764 in-

2120 1796 2396 1854 ﬁrmorum
2426 1798 2584 1855 facile
2613 1799 2716 1855 nisi
2746 1801 2796 1838 42
2824 1799 3069 1857 nocitura
3099 1801 3196 1872 (5),
3240 1800 3285 1855 si
3314 1800 3407 1872 qui
3446 1814 3553 1855 non
3583 1798 3726 1855 hanc

2125 1896 2365 1943 nostram
2396 1903 2460 1945 ex
2506 1889 2556 1927 ¹ι³
2594 1888 2700 1946 ﬁde
2755 1888 3082 1963 praebiberit,
3138 1890 3218 1947 vel
3263 1889 3425 1946 etiam
3471 1887 3727 1960 superbi-

2128 1976 2261 2034 berit
2289 1978 2587 2050 potionem.

412 2078 507 2133 sti.
540 2078 724 2149 Atque
746 2077 830 2133 ita
853 2078 1165 2142 cesserunt,
1192 2073 1420 2133 dicendo
1443 2087 1459 2124 :
1482 2072 1611 2128 Fiat
1638 2071 1898 2129 voluntas
1916 2070 2021 2125 Do-

1786 2197 1977 2259 Varim
2020 2198 2334 2258 lectiones.

486 2327 536 2366 35
570 2326 934 2383 Commentari
990 2324 1162 2382 Rhen.
1228 2322 1394 2381 Seml.
1434 2320 1652 2379 Oberlh.
1712 2322 1757 2360 37
1811 2318 2049 2376 Scissent
2088 2319 2204 2378 cod.
2257 2318 2523 2391 Agobard.
2557 2319 2605 2357 33
2656 2320 3018 2375 Tentaverunt
3077 2320 3251 2377 Rhen.
3288 2322 3458 2377 Seml.
3498 2317 3729 2391 0bert_h.

414 2398 464 2437 ³9
490 2397 807 2455 Conandum
866 2398 1037 2457 Rhea.
1073 2396 1244 2453 Seml.
1284 2393 1505 2452 Oberth.
1549 2394 1600 2432 4ο
1656 2392 1929 2457 Homines,
1971 2391 2115 2463 quod
2154 2406 2254 2447 nec
2302 2388 2475 2449 Seml.
2509 2391 2555 2429 ’δι
2588 2390 2683 2446 Illa
2717 2394 2883 2448 Fran.
2924 2392 2974 2429 ¹ι²
3001 2391 3113 2446 Nisi
3172 2395 3345 2450 inser.
3391 2394 3503 2465 Rig.
3546 2392 3595 2429 *3
3640 2388 3731 2445 Ea

414 2474 563 2527 Fran
576 2512 592 2527 .

1810 2535 2307 2599 Commentarius.

484 2652 563 2720 (1)
589 2650 659 2705 Et
686 2648 738 2705 si
760 2647 932 2725 ﬁdem
970 2645 1378 2725 commentarii
1398 2644 1661 2725 voluerint.
1682 2641 2006 2725 haereticus.

2123 2656 2191 2725 re,
2226 2640 2751 2725 aperte'contnadicit
2786 2659 2798 2695 :
2830 2637 3101 2725 εἶπεν,
3133 2641 3189 2695 Ὁ
3210 2643 3432 2725 ἓατανξς
3464 2642 3733 2725 ἐφθέγξαςο

413 2710 550 2777 Hoc
576 2728 681 2788 est,
727 2710 773 2774 si
817 2736 881 2775 ex
931 2719 1261 2792 publicorum
1308 2717 1491 2792 etiam
1518 2712 1860 2792 archivorurn
1896 2714 2011 2792 fide

2123 2713 2213 2792 bide
2250 2716 2386 2792 no.5,“
2406 2713 2522 2792 ἀλλή
2557 2710 2784 2792 ςΎπαγε.
2823 2714 2974 2792 inloto
3026 2710 3149 2792 pou,
3208 2716 3430 2792 _2at_tav§i°
3489 2710 3733 2792 ata‘t'_T&p

413 2792 599 2847 doceri
648 2778 899 2848 voluerit.
932 2778 1046 2843 'Sic
1096 2788 1189 2843 lib.
1222 2787 1288 2859 de
1317 2786 1648 2859 Idololatria
1682 2805 1699 2841 :
1735 2807 1757 2835 κ
1812 2784 2012 2859 Volunt

2123 2784 2342 2859 initiante:
2359 2778 2525 2859 ilva-aii
2546 2778 2887 2856 ἀντικειμένου,
2904 2785 2961 2837 τὸ
2980 2778 3047 2855 μῆ
3069 2778 3235 2841 παθεῖν
3256 2786 3340 2839 τὸν
3356 2786 3577 2859 Χριστόν.
3592 2778 3732 2849 Ιίἶεῖι..

414 2862 619 2919 scilicet
678 2871 890 2931 tempus
962 2857 1380 2931 persecutionis,
1457 2864 1509 2912 et
1576 2856 1751 2913 locum
1836 2856 2011 2911 tribu-
2128 2854 2271 2931 __(4)
2305 2856 2602 2931 Scriptum
2620 2860 2705 2911 est
2728 2854 2751 2911 ἐ
2782 2859 3087 2931 Domi-num
3118 2860 3291 2913 Deum
3327 2854 3729 2918 tuumadora-

413 2933 573 3000 nalis,
604 2940 706 2987 etc.
747 2925 933 2986 n'Ric.
962 2925 981 2931 “
1286 3002 1293 3003 γ
1423 2998 1435 3003 _
1708 3001 1719 3003 _
1750 2999 1761 3003 _
1886 3001 1893 3003 Α
2122 2925 2221 2992 bis,
2256 2935 2359 3003 etc.
2404 2925 2548 3003 Haec
2589 2927 2665 2981 ita
2720 2943 2778 3003 se
2802 2929 3007 3003 habent
3034 2928 3089 3003 in
3114 2930 3447 3003 exemplari,
3483 2949 3602 3003 qum
3634 2943 3731 2989 ta-

486 2998 566 3076 (2)
595 3006 715 3062 Non
736 3006 800 3058 in
822 3004 992 3059 terris
1014 3018 1127 3079 esse
1158 2998 1539 3079 conﬁtendum
1568 3001 1720 3073 apud
1742 2999 2012 3056 homines.
2122 3013 2244 3079 men
2277 2998 2418 3079 haud
2448 2998 2655 3079 faciunt
2690 2999 2987 3079 quidquam
3008 3000 3082 3079 _ad
3113 2998 3437 3079 Tertulliani
3468 2998 3730 3075 proposi-

415 3076 480 3131 Hi
498 3071 1085 3147 'quoqueisuntiaculei
1116 3073 1561 3147 scorpiorum,u_t
1590 3071 1773 3147 supra.
1904 3139 1915 3147 _
2126 3077 2256 3134 tum,
2308 3078 2361 3147 et
2406 3071 2693 3147 opinamur
2737 3071 2899 3147 insita
2945 3071 3111 3147 fuisse
3161 3071 3586 3147 ea_deﬁm_manu,
3616 3092 3732 3147 qua

487 3139 563 3218 (3)
603 3139 751 3216 Quod
783 3146 1043 3203 audierat
1074 3164 1107 3201 a
1154 3139 1388 3218 Doinino
1415 3139 1702 3218 diabolus.
1734 3144 1869 3218 lm_o,
1902 3139 2020 3211 ipse
2125 3139 2453 3218 prmcedens
2494 3140 2787 3218 increpatio
2837 3143 3047 3199 detorta
3093 3142 3147 3198 in
3204 3143 3496 3216 diabolum,
3543 3139 3731 3204 ablato

413 3211 638 3283 Petrus,
668 3218 860 3272 Matth.
912 3233 1033 3281 xvr,
1083 3219 1173 3270 23.
1227 3216 1350 3285 Sed,
1378 3214 1585 3285 aliquis
1624 3229 1761 3285 erga
1801 3216 2019 3285 Petrum
2127 3211 2530 3285 nomine‘P‘etri.
2565 3211 2693 3285 me.

412 3282 615 3345 affectu
646 3288 886 3344 Matthaei
912 3287 1279 3341 narrationem
1311 3284 1389 3337 sic
1425 3282 1591 3355 accipi
1624 3282 1810 3348 voluit,
1853 3282 2011 3355 quasi
2133 3353 2146 3355 _
2196 3282 2273 3355 (5)
2308 3282 2467 3355 Nulli
2501 3284 2863 3355 inﬁrmorum
2894 3286 3064 3355 facile
3102 3288 3217 3342 nisi
3246 3290 3531 3344 nocitura.
3574 3289 3732 3346 Nulli

412 3376 480 3416 ea
525 3358 709 3432 verba,
770 3365 992 3432 propter
1036 3372 1158 3427 qua:
1200 3358 1418 3432 Petrum
1463 3352 1706 3409 Christus
1748 3352 2009 3432 increpat,
2124 3352 2433 3432 facilenisi,
2469 3369 2585 3432 pro,
2636 3354 2779 3432 N_ulli
2810 3352 2917 3412 non
2960 3357 3119 3413 facile
3150 3358 3417 3416 nocitura.
3449 3360 3536 3416 Sic
3576 3361 3735 3432 loqui

414 3446 522 3506 non
553 3442 659 3506 tam
689 3424 809 3506 ipse
846 3424 1035 3483 Petrus
1055 3424 1397 3506 protulisset,
1433 3440 1593 3506 quam
1626 3441 1723 3506 per
1766 3441 1827 3481 os
1862 3424 2013 3506 Petri
2124 3425 2326 3496 placuit
2357 3424 2633 3496 Septimio.
2669 3426 2792 3482 llic.

411 3502 678 3558 diabolus.
712 3494 1001 3557 Enimvero
1048 3494 1487 3569 Chrysostomus,
1538 3494 1685 3552 utin
1734 3494 2014 3554 manifesta

687 3892 843 4044 Q.
978 3890 1446 4022 SEPT.
1590 3888 2085 4020 FLOR.
2235 3858 3448 4027 TEBTULLIANI.

1992 4093 2179 4149 LIBER

1354 4232 2023 4343 ADVERSUS
2124 4236 2777 4347 PRAXEAM-

496 4594 1102 4654 ARGUMENTUH.—
1148 4592 1385 4649 Praxeas
1429 4592 1603 4664 Phryx
1640 4607 1706 4648 ex
1743 4590 1855 4647 asia
1894 4592 2176 4666 oriundus,
2220 4592 2345 4651 ﬁdei
2400 4610 2559 4651 causa
2602 4595 2656 4650 in
2684 4609 2955 4652 carcerem
2982 4596 3259 4668 conjectus
3286 4597 3439 4666 olim,
3471 4598 3542 4656 ob
3571 4596 3751 4667 cujus

424 4702 710 4755 mrumnas,
742 4700 849 4740 non
878 4684 1165 4741 admodum
1198 4683 1593 4747 memorandus,
1624 4681 1805 4737 animo
1843 4684 2071 4738 multum
2099 4684 2461 4754 intumuerat;
2492 4684 2557 4739 de
2587 4684 2823 4740 Ecclesia
2853 4694 3027 4742 tamen
3066 4688 3287 4760 egregie
3314 4689 3541 4744 meritus
3572 4696 3689 4743 erat
3718 4707 3747 4757 ;

420 4792 544 4833 cum
584 4776 725 4830 enim
766 4774 1007 4829 Pontifex
1038 4773 1397 4845 (Eleutherius
1424 4771 1563 4841 aliis,
1598 4770 1718 4827 aliis
1756 4771 1940 4829 Victor
1976 4773 2191 4843 dicitur)
2219 4773 2589 4841 Montanistas,
2619 4774 2712 4848 qui
2743 4774 2796 4830 in
2835 4778 3153 4833 transmissa
3212 4776 3336 4833 ﬁdei
3388 4776 3755 4849 professione

420 4864 712 4922 catholicos
738 4880 796 4920 se
849 4862 1112 4929 ferebant,
1142 4863 1363 4933 jamjam
1400 4860 1799 4918 communionis
1828 4860 2023 4918 litteris
2061 4862 2264 4918 donare
2292 4862 2473 4931 vellet,
2516 4864 2745 4921 Praxeas
2775 4881 2842 4922 ex
2881 4865 3010 4922 Asia
3050 4874 3162 4923 tum
3200 4867 3498 4925 adventans
3534 4865 3752 4939 vulga-

419 4964 503 5012 tos
539 4970 603 5011 ca
631 4954 685 5010 in
716 4953 992 5025 provincia
1046 4952 1485 5009 Montanistarum
1523 4966 1737 5008 errores
1764 4952 1995 5023 aperuit,
2027 4951 2333 5024 effecitque,
2379 4968 2449 5009 ne
2479 4953 2734 5011 homines
2771 4954 2846 5012 illi
2878 4955 3122 5029 pontiﬁci
3151 4956 3359 5029 optimo
3398 4956 3697 5013 illuderent
3726 4979 3748 5027 ;

421 5060 554 5099 suus
582 5043 799 5099 demum
829 5043 996 5098 fastus
1034 5042 1291 5098 miserum
1322 5041 1553 5113 perdidit
1584 5060 1597 5095 :
1631 5042 1762 5096 dum
1793 5040 1934 5095 enim
1966 5040 2213 5112 martyris
2243 5042 2408 5097 titulis
2436 5059 2705 5116 nunquam
2745 5062 2853 5103 non
2894 5046 3175 5119 gloriatur,
3214 5061 3557 5104 communem
3605 5062 3751 5104 cum

427 5134 682 5207 superbis
711 5133 965 5190 omnibus
991 5134 1210 5188 sortitus
1246 5140 1327 5187 est
1365 5130 1587 5198 exitum,
1627 5145 1783 5187 novae
1809 5139 1969 5186 sectae
1998 5129 2177 5186 infelix
2208 5132 2455 5189 conditor
2494 5152 2507 5205 ;
2550 5151 2717 5190 unum
2748 5137 2891 5191 enim
2931 5137 3108 5192 Deum
3139 5136 3215 5192 ita
3244 5136 3486 5212 agnovit,
3511 5144 3570 5191 ut
3608 5150 3751 5193 om-

426 5241 552 5281 nem
589 5239 942 5297 personarum
980 5220 1377 5278 distinctionem
1417 5218 1649 5287 tolleret,
1689 5235 1999 5279 asseverare
2026 5236 2213 5291 ausus,
2252 5221 2430 5291 ipsum
2460 5223 2670 5282 Patrem
2700 5241 2917 5283 carnem
2946 5227 3263 5297 sumpsisse,
3287 5228 3341 5282 in
3385 5240 3603 5282 crucem
3644 5242 3759 5283 ac-

416 5320 560 5381 tum,
603 5322 658 5369 et
683 5313 750 5368 ad
780 5328 931 5371 suam
970 5311 1131 5367 hodie
1157 5310 1429 5367 dexteram
1450 5309 1750 5365 considere.
1782 5308 2085 5367 Sectatores
2116 5310 2260 5366 illius
2288 5313 2718 5386 Patropassiani
2745 5324 2837 5371 aut
2869 5316 3207 5373 Monarchici
3224 5317 3379 5383 dicti,
3405 5314 3548 5388 quod
3567 5329 3755 5373 unam

417 5406 678 5462 duntaxat
716 5403 1072 5460 sanctissimae
1101 5398 1375 5455 Trinitatis
1414 5412 1701 5471 personam
1742 5406 2056 5457 statuerent.

493 5493 1017 5560 Prtestantissimum,
1049 5489 1195 5563 quod
1216 5498 1362 5545 certe
1399 5496 1523 5561 post
1550 5486 1758 5559 lapsum
1808 5504 1967 5545 suum
2014 5490 2249 5563 scripsit,
2281 5494 2361 5548 est
2410 5492 2540 5549 illud
2583 5500 2773 5551 contra
2822 5495 3098 5563 Praxeam,
3129 5510 3236 5567 quo
3263 5494 3423 5551 ﬁdem
3454 5491 3757 5550 Trinitatis

419 5581 644 5653 suscipit
668 5580 1084 5650 defendendam,
1114 5581 1181 5637 de
1216 5579 1315 5636 hac
1344 5576 1543 5636 etenim
1581 5578 1920 5637 Montanistae
1949 5578 2016 5635 ab
2054 5580 2293 5637 Ecclesia
2339 5584 2599 5640 catholica
2629 5600 2735 5641 non
2761 5582 3109 5643 dissidebant.
3146 5584 3420 5641 Vocabulo
3452 5579 3754 5638 Trinitatis

422 5671 523 5727 hoc
562 5672 616 5726 in
642 5686 808 5742 Opere
838 5672 1147 5743 Septimius
1177 5684 1436 5743 expresse
1473 5669 1661 5737 utitur,
1693 5677 1744 5726 et
1774 5669 2017 5726 fraudem
2060 5670 2309 5742 patefacit
2348 5673 2719 5732 haereticorum
2766 5674 3089 5732 monarchite
3118 5688 3322 5732 nomen
3352 5670 3750 5744 usurpantiuln
