4042 6172
362 251 455 309 177
1603 248 1799 308 LIBEB
1835 246 1988 306 ADV.
2031 246 2373 309 PRAXEAM.
3557 250 3658 310 178

348 385 402 433 ut
431 376 660 432 unicum
691 374 1143 447 omnipotentem
1171 376 1372 432 mundi
1415 378 1730 435 creatorem
1759 375 1817 432 se
1845 374 2133 432 vindicare
2163 372 2472 431 rudioribus
2501 375 2783 442 suadeant,
2823 376 2952 433 dum
2977 375 3192 434 interim
3225 379 3291 436 de
3331 379 3501 439 unico
3543 380 3659 438 ha:-

348 468 490 523 resin
520 465 766 526 faciunt.
799 464 868 520 Ut
902 463 1070 520 Patris
1107 473 1162 521 et
1188 464 1309 520 Filii
1337 480 1695 536 personarum
1727 464 2128 522 distinctionem
2157 464 2385 533 evincat,
2423 465 2666 539 Oportet,
2700 464 2891 538 inquit,
2928 470 3113 525 totum
3140 467 3206 526 de
3241 469 3384 527 Filio
3426 473 3658 529 extimis

345 556 488 620 nari,
504 571 578 610 an
601 558 763 620 sit,et
782 571 876 628 qui
889 559 1031 613 sitet
1042 554 1305 626 quomodo
1317 557 1414 612 sit.
1427 595 1438 608 .
1451 557 1512 611 ..4
1524 559 1623 612 nte
1643 571 1838 612 omnia
1855 557 1993 612 Deus
2015 556 2139 612 erat
2152 554 2324 613 solus.
2339 556 2472 628 quia
2486 553 2636 611 nihil
2647 555 2807 612 aliud
2815 559 2916 612 ext
2925 558 2976 611 ri
2980 572 3176 614 nsecus
3185 562 3401 629 praeter
3417 561 3605 618 illum.
3616 600 3629 615 .
3641 600 3656 616 .

349 647 626 702 Caeterum
656 660 732 701 ne
755 647 899 700 tunc
920 644 1144 717 quidem
1166 644 1318 702 solus
1347 661 1361 716 ;
1387 644 1622 701 habebat
1653 645 1808 702 enim
1821 659 2012 702 secum
2026 645 2309 702 rationem
2320 660 2507 710 suam,
2522 647 2770 711 verbum,
2785 646 3162 718 sapientiam:
3181 663 3351 719 quam
3369 654 3563 721 postea
3585 651 3657 706 ad

343 738 507 792 extra
547 735 760 799 emisit,
794 739 850 790 et
867 737 1063 806 factus
1082 739 1354 793 estsermo
1366 734 1963 794 exterior.Sermonem
1977 732 2354 806 appellandum
2376 733 2808 791 censetVerbum
2826 733 3314 800 DeiTertullianus,
3332 737 3506 795 solum
3534 750 3660 810 post

341 825 692 881 extrinsecam
713 824 838 894 ejus
855 823 1236 896 prolationem,
1261 841 1357 881 seu
1379 823 1870 881 manifestationem
1909 823 1962 878 in
1984 822 2220 879 universi
2241 823 2509 880 creatione
2530 823 2720 880 factam
2737 824 2896 894 juxta
2918 823 3414 898 antiquissimorum
3445 826 3657 884 theolo-

339 913 808 986 gorumloquendi
818 913 1039 986 phrasin
1051 923 1106 971 et
1132 915 1370 982 modum;
1386 915 1578 972 fatetur
1592 923 1770 972 tamen
1794 917 2114 973 Sermonem
2142 916 2205 969 in
2213 913 2524 987 primordio
2535 913 2684 986 apud
2694 917 2867 972 Deum
2879 915 3082 985 fuisse.
3099 915 3241 972 Nam
3255 916 3512 974 etsiDeus
3523 933 3658 976 non-

338 1004 466 1059 dum
483 1005 1003 1062 Sermonemsuum
1022 1006 1278 1072 miserat,
1300 1006 1539 1080 proinde
1560 1022 1692 1063 eum
1723 1021 1856 1062 cum
1888 1007 2014 1078 ipsa
2035 1009 2091 1060 et
2121 1004 2184 1059 in
2222 1006 2348 1076 ipsa
2375 1005 2600 1062 ratione
2629 1005 2791 1061 intra
2830 1005 3201 1077 semetipsum
3225 1004 3464 1063 habebat
3487 1009 3658 1065 tacite

335 1093 639 1164 cogitando
669 1098 725 1150 et
747 1093 1090 1166 disponendo
1120 1111 1334 1162 secum,
1367 1113 1488 1170 quae
1513 1113 1619 1169 per
1645 1097 1970 1154 Sermonem
2006 1111 2142 1150 mox
2172 1097 2300 1151 erat
2334 1093 2608 1150 dicturus.
2629 1090 2706 1147 Ex
2724 1108 2833 1166 quo
2863 1093 3092 1166 patescit
3123 1109 3230 1166 quo
3260 1094 3314 1150 in
3342 1111 3504 1151 sensu
3533 1096 3658 1152 alibi

332 1182 534 1240 dixerit
588 1202 602 1236 Ï‚
637 1184 772 1240 Fuit
798 1189 994 1242 autem
1058 1190 1303 1258 tempus,
1332 1202 1465 1243 cum
1539 1191 1594 1242 et
1643 1185 1920 1242 delictum
1953 1187 2011 1242 et
2045 1184 2218 1240 Filius
2252 1199 2368 1238 non
2396 1183 2533 1254 fuit,
2576 1182 2835 1240 videlicet
2867 1191 3127 1255 quantum
3155 1183 3222 1238 ad
3260 1193 3536 1242 externam
3564 1200 3658 1256 per

329 1272 667 1328 creationem
687 1287 868 1329 rerum
896 1272 1404 1343 manifestationem,
1437 1273 1746 1346 praesertim
1774 1289 1895 1330 cum
1925 1271 2093 1327 dixit:
2127 1272 2258 1328 Fiat
2283 1270 2389 1328 lux
2419 1290 2437 1326 :
2457 1286 2583 1326 nam
2612 1281 2876 1343 quantum
2910 1271 2978 1326 ad
3024 1271 3430 1344 generationem
3461 1275 3527 1329 ad
3563 1273 3654 1329 in-

330 1375 403 1420 tra
427 1376 662 1433 semper
681 1360 778 1416 fuit
803 1377 924 1418 cum
944 1362 1056 1418 Deo
1084 1362 1242 1418 Patre
1263 1363 1430 1420 Filius
1450 1365 1570 1434 ejus
1595 1363 1834 1421 Verbum
1863 1367 1916 1416 et
1931 1359 2207 1432 sapientia.
2232 1357 2480 1416 Ostendit
2506 1358 2732 1430 insuper
2751 1359 3142 1424 Tertullianus,
3167 1361 3359 1416 Filium
3383 1377 3451 1418 ex
3480 1363 3656 1419 Patris

327 1466 440 1507 esse
468 1450 852 1506 substantiaet
867 1451 1377 1524 Spiritumsanctum
1407 1469 1440 1509 a
1460 1454 1616 1510 Patre
1645 1469 1741 1525 per
1769 1451 1964 1509 Filium
1993 1448 2308 1521 procedere;
2336 1447 2596 1514 Verbum,
2627 1447 2771 1521 quod
2801 1449 2868 1504 ab
2884 1448 3032 1504 omni
3054 1449 3352 1506 aeternitate
3369 1458 3485 1507 erat
3511 1450 3654 1522 apud

326 1539 525 1605 Deum,
547 1540 800 1613 quodque
828 1540 983 1612 quasi
1019 1557 1085 1598 ex
1107 1557 1174 1598 eo
1211 1545 1276 1598 ad
1305 1542 1600 1600 creandum
1629 1549 1683 1599 ct
1710 1541 2006 1614 regendum
2041 1537 2301 1595 mundum
2330 1535 2480 1607 exiit,
2512 1552 2796 1608 personam
2831 1551 2954 1594 esse
2993 1537 3398 1605 subsistentem,
3431 1555 3556 1612 qua:
3578 1547 3656 1594 ta-

327 1645 442 1685 men
475 1638 542 1684 et
570 1629 720 1686 varia
751 1645 781 1684 a
817 1628 991 1686 Patris
1018 1633 1312 1688 substantia
1349 1649 1458 1690 non
1483 1642 1566 1690 est
1596 1653 1610 1702 ;
1642 1631 1768 1688 inde
1807 1645 1915 1687 non
1947 1626 2096 1702 sequi
2125 1627 2262 1683 duos
2293 1641 2414 1683 esse
2442 1626 2586 1682 Deos
2604 1633 2657 1681 et
2687 1624 2826 1682 duos
2853 1625 3147 1695 Domitios;
3188 1625 3530 1694 Filium,non
3549 1629 3652 1684 Pa-

330 1725 485 1784 trem,
527 1717 736 1776 factum
763 1720 1058 1793 hominem,
1099 1738 1200 1779 nec
1228 1721 1452 1779 desiisse
1492 1723 1664 1779 Deum
1687 1736 1827 1790 esse,
1866 1719 2001 1776 adeo
2030 1725 2090 1774 ut
2127 1722 2335 1773 natura!
2373 1714 2621 1771 humanae
2662 1713 2918 1771 idiomata
2958 1713 3009 1770 in
3046 1713 3260 1773 Christo
3288 1714 3502 1774 inventa
3531 1715 3652 1774 fue-

327 1807 444 1866 rint.
479 1805 612 1865 Uno
643 1809 831 1874 verbo,
882 1810 1165 1884 perspicue
1193 1812 1248 1867 in
1278 1813 1383 1870 hoc
1411 1818 1637 1869 tractatu
1669 1809 1923 1869 Ecclesiae
1951 1806 2114 1862 fidem
2152 1803 2220 1861 de
2263 1803 2545 1861 Trinitatis
2583 1817 2799 1862 necnon
2834 1803 3222 1861 Incarnationis
3249 1805 3523 1878 mysteriis
3551 1820 3646 1863 ex.

330 1896 536 1968 planat.
579 1897 759 1954 Lmae.

877 2066 1102 2125 CAPUT
1141 2069 1406 2128 PRIMUM

395 2136 566 2193 Varie
595 2137 845 2194 diabolus
875 2140 1154 2197 aemulatus
1183 2150 1265 2198 est
1295 2141 1596 2200 veritatem.
1649 2139 1936 2198 Affectavit

331 2226 465 2282 illam
500 2227 804 2301 aliquando
833 2228 1180 2286 defendendo
1209 2240 1513 2289 concutere.
1547 2231 1780 2289 Unicum
1818 2233 1930 2286 Do-

337 2317 538 2371 minum
592 2316 828 2373 vindicat
869 2317 1297 2392 omnipotentem
1343 2321 1530 2376 mundi
1579 2320 1930 2389 conditorem,

337 2415 461 2460 utet
492 2405 563 2461 de
593 2405 762 2461 unico
807 2406 1057 2463 haeresim
1101 2408 1277 2466 faciat.
1321 2410 1502 2482 Ipsum
1551 2408 1680 2466 dicit
1724 2410 1932 2464 Patrem

341 2494 683 2551 descendisse
725 2494 781 2550 in
832 2495 1110 2569 Virginem
1163 2499 1221 2568 Â³,
1268 2499 1444 2570 ipsum
1493 2515 1554 2554 ex
1599 2515 1661 2555 ea
1707 2505 1890 2552 natum
1917 2539 1930 2562 ,

340 2581 504 2652 ipsum
527 2600 782 2656 passum,
815 2585 1054 2658 denique
1075 2586 1250 2659 ipsum
1279 2605 1394 2644 esse
1422 2589 1608 2643 Jesum
1639 2586 1931 2644 Christum.

343 2671 535 2728 Excidit
565 2673 676 2728 sibi
705 2673 950 2739 coluber,
983 2675 1110 2747 quia
1136 2677 1317 2731 Jesum
1349 2677 1621 2733 Christum
1650 2683 1768 2746 post
1800 2675 1934 2743 bap-

351 2760 490 2815 tisma
514 2762 747 2818 Joannis
780 2772 1011 2831 tentans,
1043 2772 1100 2820 ut
1131 2765 1320 2820 Filium
1356 2766 1452 2822 Dei
1489 2780 1780 2840 aggressus
1819 2772 1934 2832 est;

362 2850 506 2910 155
534 2861 720 2910 certus
751 2853 942 2910 Filium
959 2856 1131 2911 Deum
1159 2855 1380 2926 habere,
1416 2857 1499 2914 vel
1531 2871 1597 2912 ex
1627 2854 1762 2927 ipsis
1792 2853 1938 2911 Scri-

368 2941 514 3007 pturis
542 2944 610 2997 de
652 2943 853 3014 quibus
887 2953 1023 2999 tunc.
1057 2945 1400 3002 tentationcm
1450 2947 1693 3002 struebat
1724 2963 1735 3001 :
1770 2945 1830 3001 Si
1871 2951 1936 3002 tu

379 3042 420 3082 es
449 3031 485 3084 Î¡
490 3032 625 3086 ilius
660 3035 758 3099 Dei,
778 3035 870 3090 die
904 3038 967 3089 ut
1000 3034 1213 3108 lapides
1230 3036 1330 3092 isti
1355 3051 1528 3109 panes
1559 3035 1744 3105 ï¬ant;
1767 3033 1893 3090 item
1921 3051 1933 3088 :

379 3117 428 3170 5i
446 3123 502 3172 tu
521 3135 576 3174 es
591 3120 763 3178 Filius
776 3124 894 3190 Dei,
908 3123 1084 3195 dejice
1102 3128 1155 3179 te
1168 3124 1299 3179 hinc
1321 3145 1338 3180 :
1357 3126 1634 3197 scriptum
1655 3129 1739 3181 est
1759 3127 1935 3188 enim,

369 3207 500 3278 eaad
517 3211 802 3268 mandavit
831 3213 1085 3285 1â€˜angelis
1113 3215 1233 3271 suis
1255 3231 1422 3288 super
1443 3218 1496 3270 te
1511 3213 1726 3286 (utique
1753 3216 1934 3288 Pater)

351 3300 415 3350 ut
430 3301 485 3351 te
503 3300 762 3356 manibus
781 3302 898 3357 suis
917 3304 1140 3368 tollant,
1164 3304 1368 3361 necubi
1385 3303 1458 3360 ad
1472 3303 1719 3376 lapidem
1737 3305 1933 3379 pedem

1967 2083 2014 2162 Î‘
2039 2077 2170 2121 cens
2204 2079 2216 2120 :
2245 2059 2509 2162 Â«KViderit
2530 2060 2812 2161 Mattheus
2832 2068 2885 2116 et
2915 2060 3134 2158 Lucas:
3165 2067 3420 2118 cancrum
3447 2076 3550 2161 ego
3567 2061 3647 2120 'ad

2044 2159 2222 2222 ipsum
2271 2150 2446 2205 Deum
2487 2149 2710 2218 accessi,
2745 2149 2920 2220 ipsum
2950 2147 3376 2219 omnipotentem
3407 2150 3651 2206 cominus

2045 2239 2259 2296 tentavi.
2303 2239 2432 2295 Ideo
2458 2246 2511 2294 et
2549 2237 2770 2304 accessi,
2805 2237 2929 2294 ideo
2957 2246 3009 2294 et
3045 2237 3260 2294 tentavi.
3312 2238 3573 2296 Caeterum
3603 2240 3648 2294 si

2043 2329 2207 2384 Filius
2227 2327 2327 2382 Dei
2342 2334 2508 2393 esset,
2539 2342 2813 2399 nunquam
2831 2325 2989 2382 illum
3011 2325 3241 2382 fortasse
3258 2327 3280 2364 â¸Î‡
3299 2325 3593 2398 dignarer?
3619 2349 3642 2378 Î¹

2045 2418 2151 2474 Scd
2172 2415 2443 2488 enimipse
2464 2415 2642 2487 potius
2661 2433 2695 2471 a
2717 2417 3025 2490 primordio
3045 2417 3296 2474 mendax
3312 2421 3394 2475 est
3417 2419 3458 2488 (Î™
3480 2419 3646 2475 Joan.

2041 2523 2118 2573 Ill,
2141 2507 2236 2578 8);
2270 2513 2322 2564 et
2349 2505 2392 2560 si
2421 2521 2579 2577 quem
2628 2506 2901 2560 lmminem
2946 2505 3016 2561 de
3045 2520 3146 2561 suo
3195 2505 3568 2562 subornaverit
3599 2507 3645 2571 5,

2045 2606 2104 2651 ut
2152 2596 2428 2651 Praxeam.
2460 2595 2596 2650 Nam
2645 2594 2745 2649 iste
2791 2595 2998 2666 primus
3044 2610 3112 2650 ex
3154 2592 3281 2649 Asia
3323 2593 3426 2650 hoc
3471 2608 3646 2666 genus

2046 2682 2411 2755 pcrversitatis
2429 2682 2610 2740 intulit
2634 2681 2822 2738 Romae
2844 2683 2952 2754 (1);
2978 2682 3141 2739 homo
3161 2683 3186 2720 Î´
3204 2689 3255 2737 et
3278 2681 3408 2736 alias
3434 2681 3644 2753 inquie-

2044 2780 2156 2841 tus,
2187 2772 2412 2844 insuper
2455 2771 2522 2826 de
2565 2771 2858 2842 jactatione
2897 2769 3138 2843 martyrii
3177 2769 3414 2836 inï¬‚atus,
3447 2772 3518 2827 ob
3549 2785 3643 2826 so-

2046 2861 2156 2918 lum
2197 2870 2251 2918 et
2279 2860 2504 2932 simplex
2553 2869 2609 2916 et
2654 2861 2818 2918 breve
2865 2859 3099 2918 carceris
3138 2859 3386 2928 taedium;
3425 2859 3642 2932 quando

2048 2955 2103 3005 et
2122 2953 2173 3008 si
2191 2967 2389 3023 corpus
2401 2966 2570 3006 suum
2601 2949 2923 3006 tradidisset
2943 2949 3320 3014 exurendum,
3345 2949 3494 3004 nihil
3510 2965 3641 3021 pro-

2048 3042 2292 3113 fecisset,
2312 3041 2672 3096 dilectionem
2693 3041 2791 3095 Dei
2819 3055 2934 3096 non
2956 3037 3160 3096 habens
3181 3039 3233 3108 (I
3257 3039 3380 3095 Cor.
3413 3054 3538 3101 xm,
3562 3042 3637 3107 3),

2048 3132 2208 3198 cujus
2262 3129 2580 3185 charismata
2626 3142 2844 3198 quoque
2900 3125 3253 3197 exliugnavit.
3309 3127 3440 3182 Nam
3496 3126 3639 3182 idem

2053 3230 2174 3275 tunc
2224 3218 2536 3289 episcopum
2581 3215 2916 3281 Romanum,
2956 3221 3338 3287 agnoscentem
3361 3219 3472 3282 jam
3504 3230 3635 3284 pro-

2043 3308 2252 3381 phetias
2292 3305 2528 3364 Montani
2570 3305 2669 3378 (2),
2719 3303 2938 3369 Priscae,
2988 3300 3310 3368 Maximillae,
3361 3309 3417 3356 et
3463 3319 3530 3358 ex
3573 3319 3637 3359 ea

346 3388 497 3440 tuum
534 3389 798 3459 offendas
827 3390 1045 3461 (Matth.
1083 3407 1157 3458 iv,
1197 3393 1329 3464 3-6;
1371 3373 1642 3465 Psal._xc,
1675 3373 1787 3464 il).
1826 3395 1935 3451 Aut
1967 3373 2011 3450 Î’
2041 3373 2316 3473 agnitione
2353 3411 2542 3471 pacem
2572 3373 2832 3452 Ecclesiis
2857 3393 3006 3450 Asiae
3036 3399 3087 3451 et
3117 3391 3361 3466 Phrygiae
3390 3391 3632 3449 inferen-

339 3476 568 3548 nunquid
612 3477 953 3535 mendacium
1000 3481 1306 3556 Evangeliis
1353 3482 1698 3557 exprobravit
1744 3483 1803 3548 3,
1838 3483 1923 3538 di-

2034 3495 2160 3553 tem,
2212 3485 2345 3541 falsa
2384 3485 2452 3539 de
2480 3484 2613 3556 ipsis
2641 3481 2920 3556 prOphetis
2947 3490 3002 3539 et
3031 3480 3274 3538 ecclesiis
3302 3495 3495 3537 eorum
3535 3497 3628 3536 as-

1724 3598 1915 3665 Varia:
1957 3606 2266 3667 lectiones.

401 3700 414 3736 Î¹
451 3699 682 3778 Virgine
720 3703 892 3778 _Seml.
945 3703 1457 3778 3_AM7andabit_alii.
1504 3707 1530 3746 3
1572 3706 1937 3778 Exprobrabit
1970 3709 2151 3778 ,Fran.
2202 3709 2383 3765 Paris.
2425 3709 2448 3747 Î´
2486 3706 2744 3763 Tentasse
2797 3709 2998 3766 Wouw.
3030 3706 3054 3744 âµ
3091 3703 3415 3764 Subornavit
3444 3705 3627 3768 Rhen.

331 3770 489 3828 Sami.

621 3774 769 3830 erth.
802 3774 828 3814 Î´
854 3775 1037 3832 Intulit
1064 3777 1247 3835 homo.
1287 3776 1354 3835 Et
1379 3776 1552 3838 Rhea.
1587 3774 1759 3838 sentt.
1795 3777 2013 3837 Oberth.

1730 3877 2228 3941 Commentarins.

389 3978 734 4054 {l)_lntulit
761 3981 951 4054 Romte
977 3980 1158 4047 homo,
1193 3992 1296 4038 etc.
1328 3981 1581 4054 lntelligit
1620 3983 1922 4052 provincias

323 4050 435 4104 urbi
472 4051 750 4106 Romana:
798 4051 1103 4127 viciniores.
1145 4054 1359 4127 Alioqui
1398 4050 1535 4125 ipsa'
1552 4050 1679 4111 Asia
1703 4055 1921 4127 -partim

325 4136 616 4196 romanum
643 4125 971 4190 agnoscebat
1007 4123 1315 4196 imperium.
1343 4123 1528 4184 suam.

388 4193 466 4263 (2)
500 4196 853 4270 Episcopum
877 4193 1199 4270 romaan
1214 4201 1607 4270 agnoscentem
1640 4200 1767 4270 jam
1803 4215 1924 4270 pro-

318 4265 550 4334 phetias
587 4265 866 4339 limitant.
890 4266 1133 4339 [hereses
1160 4265 1474 4324 Tertulliani
1504 4287 1626 4339 qua:
1640 4265 1918 4335 dicuntur,

320 4353 392 4416 ere
434 4339 525 4416 vix
571 4335 718 4416 aliud
760 4338 1340 4416 prwcipiebanuquam
1380 4335 1634 4416 martyria
1676 4341 1916 4416 fortiora,

314 4408 520 4483 jejunia
587 4408 840 4472 sicciora,
893 4408 1258 4483 castimoniam
1289 4408 1664 4483 sanctiorem,
1705 4411 1923 4483 nuptias

320 4479 527 4556 scilicet
575 4492 730 4542 unas,
761 4487 854 4556 aut
878 4481 1069 4556 nullas.
1112 4482 1171 4535 In
1208 4482 1404 4556 quibus
1432 4479 1686 4556 quidquid
1719 4479 1917 4554 pecca-

317 4550 411 4628 vit,
461 4550 520 4604 id
576 4565 736 4628 omne
758 4551 977 4628 _virtutis
1004 4567 1190 4628 amore
1218 4550 1920 4628 vehementiorepeccasse

317 4621 600 4678 videatur.
635 4619 774 4698 Illud
798 4629 940 4679 certe
968 4623 1206 4698 gravius,
1235 4627 1379 4698 quod
1412 4625 1647 4682 Montani
1663 4619 1924 4682 'Paracle-

319 4699 430 4770 tum
483 4692 724 4770 agnovit
769 4698 932 4770 atque
966 4692 1388 4770 Defendithed
1441 4697 1674 4754 Montani
1714 4698 1922 4770 schola,

315 4763 576 4845 ÎµÎ¶Ï‰Î¹-á¿¥Î¹
598 4763 902 4845 .Baronius
927 4768 1195 4845 observat,
1225 4767 1538 4840 aliquandiu
1584 4770 1730 4845 stetit
1758 4763 1922 4826 inno-i

315 4836 422 4903 xia,
457 4836 776 4907 discipulos
820 4837 1004 4893 habuit
1038 4841 1173 4894 adeo
1221 4836 1433 4897 morum
1462 4841 1737 4898 sanctitate
1779 4857 1926 4898 com-

319 4907 710 4983 mendabiles,
759 4907 999 4983 beneï¬ca
1052 4908 1431 4969 miraculorum
1478 4913 1717 4983 potentia
1763 4929 1919 4970 reve-

317 4980 558 5046 rendos,
620 4979 1002 5050 martyriorum
1057 4984 1358 5039 constantia
1404 4979 1598 5050 fortes,
1653 4995 1710 5041 ut
1765 5000 1922 5041 nemo

315 5050 729 5127 praesentiores
786 5051 916 5127 alibi
955 5052 1202 5127 numinis
1257 5056 1398 5127 vires
1451 5064 1790 5127 agnosceret.
1854 5057 1926 5112 Et

313 5136 448 5178 vero
496 5131 652 5178 recte
698 5122 1091 5182 doctissisimus
1138 5126 1424 5184 cardinalis
1467 5122 1675 5185 c'cnsuit
1727 5127 1923 5185 Anice-

317 5201 434 5246 tum
483 5201 624 5250 tunc
673 5193 979 5258 pontiï¬cem
1024 5213 1303 5255 romanum
1353 5200 1406 5256 in
1441 5200 1750 5258 hominibus
1795 5199 1927 5255 nihil

317 5211 434 5246 tum
483 5211 624 5250 tunc
710 5211 979 5252 ontmcem
1024 5213 1303 5255 romanum
1353 5211 1406 5256 in
1441 5211 1750 5258 nominibus
1795 5211 1927 5255 nihil

317 5263 505 5346 adhuc
577 5281 610 5319 a
650 5211 789 5346 ï¬dei
842 5269 1030 5340 regula
1094 5268 1538 5346 dissentientibus
1593 5274 1708 5346 haec
1742 5272 1929 5346 divini

319 5333 572 5416 Spiritus
614 5333 937 5416 charismata
983 5342 1286 5416 agnovisse,
1331 5359 1516 5416 eorum
1561 5344 1928 5416 ecclesiispa-

325 5420 445 5462 cem
480 5409 761 5490 intulisse,
793 5417 973 5482 atque,
1002 5409 1062 5468 Iit
1089 5413 1164 5468 ait
1191 5414 1571 5490 Tertullinus,
1602 5416 1755 5488 pacis
1786 5409 1932 5490 litte-

329 5493 415 5530 ras
444 5486 694 5559 misisse,
729 5489 908 5553 neque
957 5492 1037 5538 est
1083 5486 1224 5559 quod
1276 5486 1619 5557 suspicemur
1643 5488 1933 5545 Tertullia-

327 5563 500 5616 num,
537 5556 719 5608 virum
757 5568 978 5626 gravem
1002 5598 1017 5624 ,
1065 5556 1169 5613 etsi
1213 5565 1344 5614 tunc
1375 5556 1634 5615 Montani
1691 5560 1936 5632 partibus

2030 3983 2326 4051 addictum,
2360 3983 2414 4038 in
2444 3981 2664 4039 historia
2705 3989 2814 4037 tam
2843 3981 3042 4038 recenti
3079 3991 3293 4052 tamque
3321 3979 3622 4052 manifesta,

2029 4052 2194 4126 inque
2238 4070 2399 4126 opere
2436 4055 2582 4126 quod
2615 4054 2872 4126 adversus
2915 4055 3151 4126 Praxean
3182 4054 3491 4126 haereticum
3523 4069 3622 4124 pro

2030 4123 2158 4180 fidei
2176 4123 2480 4197 catholicae
2493 4124 2718 4197 articulo
2751 4125 2893 4182 inter
2920 4124 3226 4197 praecipuos
3253 4125 3441 4197 nobili,
3473 4140 3622 4182 com-

2030 4195 2283 4265 ponebat,
2317 4195 2536 4253 mentiri
2575 4196 2845 4264 voluisse;
2879 4195 3003 4252 cum
3051 4195 3347 4266 praesertim
3394 4197 3618 4252 menda-

2028 4267 2112 4322 cio
2159 4266 2461 4336 Splendido,
2502 4282 2564 4322 ac
2593 4269 2769 4323 statim
2809 4267 2960 4324 facile
3001 4267 3348 4330 confutando,
3395 4268 3620 4336 pretium

2029 4337 2256 4396 nullum.
2288 4339 2457 4408 Ergo,
2484 4337 2715 4394 Praxeas
2752 4339 2861 4405 ille,
2892 4339 3064 4408 qualis
3091 4355 3123 4394 a
3152 4338 3486 4396 Tertulliano
3517 4340 3621 4396 dc-

2030 4410 2305 4492 pingitur,
2357 4407 2497 4492 fictis
2539 4409 2680 4492 apud
2725 4407 3033 4492 pontificem
3100 4411 3314 4492 causis,
3345 4411 3622 4492 _ade9que

2031 4479 2325 4538 imminutae
2356 4479 2740 4552 auctoritatis
2769 4479 3083 4552 pontiï¬ciis
3115 4479 3581 4552 criminationibus
3604 4523 3621 4547 ,

2031 4554 2266 4609 Montani
2313 4551 2605 4622 discipulos
2634 4550 2858 4606 onerare
2905 4566 3011 4607 non
3055 4550 3276 4616 destitit,
3314 4553 3490 4622 donec
3529 4569 3621 4622 pa-

2027 4623 2106 4680 cis
2142 4640 2238 4680 seu
2287 4621 2788 4680 communicationis
2833 4623 3026 4678 litterae
3067 4622 3214 4690 jam,
3249 4621 3324 4675 uti
3352 4621 3617 4684 diximus,

2031 4694 2673 4766 emissaarevocarentur.
2725 4694 2899 4766 Quare
2947 4691 3191 4748 nonnulli
3239 4692 3450 4766 fortean
3497 4692 3619 4762 plus

2031 4782 2186 4839 aequo
2213 4765 2410 4839 offensi
2451 4763 2842 4839 indignatique,
2875 4767 3181 4820 Montanum
3229 4763 3467 4839 suumgin
3497 4773 3618 4820 tau-

2031 4835 2144 4910 tum
2195 4838 2450 4910 extollere
2497 4835 2889 4910 tteâ€”praedicare
2931 4843 3319 4910 cmperunt,_u_t
3352 4835 3616 4902 dicerent,

2029 4909 2087 4964 in
2132 4907 2639 4982 apostolis-quidem
2666 4909 2924 4982 Spiritum
2964 4907 3205 4982 sanctum
3238 4907 3424 4980 fuisse,
3457 4909 3620 4966 Para-

2031 4979 2230 5054 cletu'm
2266 4995 2374 5037 non
2401 4979 2596 5054 fuisse;
2629 4988 2682 5037 et
2709 4979 3054 5054 Paracletum
3085 4979 3232 5054 illum
3269 4979 3438 5054 suum
3472 4982 3622 5054 plura

2033 5053 2084 5108 in
2119 5055 2366 5125 Montano
2395 5053 2616 5122 dixisse,
2646 5069 2807 5124 quam
2835 5051 2891 5108 in
2919 5051 3212 5125 Evangelio
3256 5051 3492 5121 Christi}
3522 5069 3622 5110 nec

2037 5132 2238 5198 tantum
2268 5124 2443 5198 plura,
2475 5127 2568 5198 sed
2597 5126 2757 5198 etiam
2788 5125 3008 5198 meliora
3037 5124 3194 5198 atque
3230 5127 3453 5196 majora.
3493 5125 3623 5198 Haec

2036 5196 2292 5270 nimirum
2315 5196 2380 5252 de
2399 5197 2476 5270 _iis
2503 5195 2764 5270 legimus,
2797 5199 2888 5270 qui
2928 5195 3620 5270 Secundumiâ€˜hrygasdij

2038 5277 2227 5341 cuntur
2280 5268 2335 5323 in
2384 5267 2641 5340 Catalogo
2696 5267 3112 5335 haereticorum,
3173 5269 3262 5341 qui
3308 5267 3623 5341 Tertulliani

2041 5340 2178 5414 libro
2226 5341 2300 5398 De
2343 5339 2772 5414 Praescriptione
2807 5339 3239 5414 vulgoï¬‚adnec'ti
3295 5339 3451 5396 solet.
3489 5339 3625 5414 Qua:

2043 5412 2174 5468 satis
2205 5420 2484 5488 arguunt,
2516 5412 2757 5486 Phrygas
2803 5412 2939 5468 istos
2982 5413 3376 5488 Montano_suo
3428 5412 3626 5488 multa,

2044 5502 2164 5556 quin
2204 5479 2318 5560 ipse
2347 5483 2450 5560 sibi
2487 5479 2761 5560 nunquam
2788 5483 3140 5560 arrogaverit,
3172 5479 3454 5560 tribuisse.
3479 5479 3632 5560 Unde

2049 5550 2356 5612 verosiinile
2385 5555 2494 5618 ï¬at,
2526 5550 2762 5612 Montani
2807 5550 3025 5626 dogma,
3065 5550 3222 5622 quale
3261 5550 3484 5621 exstitit,
3514 5552 3633 5623 pri-
