4002 6118
338 265 437 326 179
1028 260 1465 322 TERTULLIANI
1502 261 1768 322 OPERUM
1806 262 1995 323 PARS.
2038 262 2105 321 ll.
2150 294 2218 307 —
2254 262 2479 322 SERIES
2517 262 2562 336 I,
2598 261 2941 323 POLEMICA.

3522 260 3627 321 180

332 390 646 455 severando,
679 397 734 444 et
769 401 1162 461 praecessorum
1194 389 1315 456 ejus
1358 389 1701 446 auctoritates
1742 389 1927 445 defen—
1958 405 2005 484 Α
2038 398 2093 446 et
2131 397 2397 457 mortuos,
2428 389 2521 463 qui
2547 389 2742 446 exinde
2778 387 3006 455 miserit,
3056 388 3349 446 secundum
3394 388 3628 461 promis-

332 481 526 546 dendo,
560 476 739 551 coegit
772 484 825 533 et
871 475 1074 532 litteras
1119 476 1269 548 pacis
1310 493 1559 535 revocare
1600 480 1711 549 jam
1763 478 1926 535 cmis-

333 588 458 639 sas,
516 575 572 624 et
608 583 639 623 a
711 569 984 640 prOposito
1019 563 1187 622 I56
1240 567 1674 639 recipiendorum
1725 568 1928 624 charis-

334 666 535 717 matum
593 671 926 715 concessere.
978 657 1055 711 Ita
1112 655 1220 711 duo
1284 655 1502 725 negotia
1557 655 1658 728 (3)
1724 656 1925 712 diaboli

335 751 565 806 Praxcas
613 748 797 804 Romae
844 744 1151 816 procuravit
1186 762 1196 802 :
1231 744 1567 816 prophetiam
1607 746 1837 817 expulit,
1872 754 1927 802 et

333 838 586 894 hazrcsim
649 834 860 902 intulit;
924 832 1257 890 Paracletum
1314 833 1547 906 fugavit,
1606 843 1661 891 et
1713 835 1922 893 Patrem

332 926 613 985 cruciﬁxit.
672 926 1139 983 Fructivaverant
1179 922 1202 959 ’⁷
1234 940 1426 981 avena:
1473 939 1781 993 praxeanae,
1841 926 1927 981 hic

331 1032 552 1090 quoque
616 1014 1125 1088 superseminataz,
1218 1013 1623 1070 dormientibus
1721 1016 1926 1072 multis

333 1108 556 1179 (Matth.
589 1122 712 1171 xm,
753 1107 845 1177 26)
894 1104 948 1159 in
979 1101 1319 1176 simplicitate
1348 1102 1635 1172 doctrinae;
1668 1104 1924 1160 traductae

333 1196 530 1253 dehinc
549 1212 643 1267 per
653 1212 810 1266 quem
826 1195 972 1249 Deus
984 1192 1168 1258 voluit,
1184 1191 1344 1248 etiam
1363 1192 1563 1247 avulsae
1582 1192 1922 1251 videbantur.

332 1285 582 1358 Denique
629 1291 845 1340 caverat
890 1282 1171 1355 pristinum
1210 1280 1399 1336 doctor
1441 1281 1509 1337 de
1550 1282 1926 1340 emendatione

334 1392 433 1434 sua
488 1377 627 1448 (4);
687 1382 739 1429 et
789 1381 967 1428 manet
1021 1370 1441 1444 chirographum
1496 1371 1637 1442 apud
1704 1374 1926 1447 Psychi-

334 1480 428 1522 cos
456 1465 497 1533 8,
532 1464 678 1536 apud
717 1477 855 1534 quos
898 1468 1026 1517 tunc
1064 1468 1218 1535 gesta
1259 1476 1345 1516 res
1380 1468 1482 1526 est,
1534 1460 1728 1517 exinde
1760 1462 1925 1518 silen-

331 1553 485 1609 tium.
523 1555 593 1610 Et
620 1567 720 1609 nos
753 1551 972 1624 quidem
1001 1560 1189 1620 postea
1226 1548 1427 1622 agnitio
1460 1550 1738 1621 Paracleti,
1770 1561 1927 1624 atque

332 1641 602 1709 defensio,
659 1640 916 1713 disjunxit
962 1655 993 1693 a
1040 1637 1330 1711 Psychicis.
1375 1638 1574 1696 AVCDEB
1632 1656 1761 1697 vero
1818 1643 1922 1699 illae

334 1688 602 1709 ..νη-νη,
662 1688 915 1713 -.Ἴ---.ω
964 1688 993 1693 _
1375 1688 1571 1696 __.----V
1642 1688 1759 1697 .-η
1818 1688 1921 1699 ...νυ

334 1734 518 1805 utique
560 1731 585 1769 9
632 1738 761 1787 tunc
813 1745 999 1786 semen
1059 1735 1424 1784 excusserant.
1478 1729 1556 1783 Ita
1612 1729 1922 1804 aliquandiu
1958 1688 2003 1768 Β

334 1838 428 1893 per
474 1820 785 1895 hypocrisin
834 1819 1060 1877 subdola
1094 1818 1383 1875 vivacitate
1431 1820 1674 1892 latitavit,
1701 1830 1754 1878 et
1780 1840 1926 1880 nunc

331 1910 507 1967 denuo
535 1909 731 1981 erupit.
764 1910 868 1966 Sed
899 1919 954 1965 et
996 1910 1174 1969 denuo
1206 1915 1583 1983 eradicabitur,
1616 1914 1663 1970 si
1692 1913 1926 1971 voluerit

332 1997 596 2055 Dominus
636 1998 691 2053 in
741 1999 844 2055 isto
873 2008 1216 2071 commeatu;
1256 2003 1301 2059 si
1348 2020 1455 2077 quo
1506 2006 1552 2043 10
1591 2003 1795 2074 minus,
1835 2003 1924 2059 die

333 2101 431 2141 suo
458 2088 800 2161 colligantur
846 2106 1035 2147 omnes
1062 2091 1339 2151 adulterae
1380 2094 1421 2132 ιι
1453 2097 1668 2167 fruges,
1709 2098 1925 2150 etcum

331 2178 554 2340 ῗῗειὲνῖδ
587 2179 868 2236 scandatis
899 2181 1021 2252 igni
1050 2181 1489 2255 inextinguibili
1517 2182 1924 2241 cremabantur

382 2267 435 2324 bi
478 2308 489 2320 .
524 2309 536 2322 .

382 2267 536 2324 bid.l.

962 2445 1191 2505 CAPUT
1229 2448 1295 2505 Il.

406 2606 589 2677 Itaque
618 2612 741 2675 post
784 2612 999 2678 tempus
1028 2606 1187 2666 Pater
1212 2615 1389 2678 natus,
1420 2618 1476 2667 et
1510 2611 1666 2669 Pater
1710 2631 1923 2687 passus,

331 2692 449 2764 ipse
494 2692 675 2760 Deus,
718 2693 980 2751 Dominus
1027 2696 1407 2770 omnipotens,
1466 2700 1619 2756 Jesus
1675 2702 1929 2760 Christus

333 2781 669 2852 praedicatur.
703 2782 816 2839 Nos
860 2799 986 2841 vero
1020 2792 1073 2839 et
1101 2801 1334 2857 semper,
1378 2797 1431 2843 et
1468 2805 1613 2846 nunc
1642 2791 1835 2864 magis,
1866 2802 1926 2849 ut

334 2870 705 2925 instructiores
752 2887 850 2940 per
887 2872 1219 2929 Paracletum
1262 2877 1339 2945 (5)
1379 2876 1726 2937 deductorem
1773 2880 1921 2937 scili-

2037 480 2242 537 sionem
2297 495 2469 549 suam,
2515 495 2545 533 a
2593 479 2744 534 Patre
2791 477 3050 548 Spiritum
3099 485 3337 534 sanctum
3383 478 3627 534 Paracle-

2033 577 2189 631 tum,
2238 566 2688 623 sanctificatorem
2749 565 2874 622 fidei
2922 581 3107 622 eorum
3160 566 3251 638 qui
3290 566 3515 623 credunt
3572 567 3625 621 in

2033 656 2242 713 Patrem
2274 664 2326 712 et
2354 656 2548 712 Filium
2578 664 2631 712 et
2678 654 2937 727 Spiritum
2978 661 3247 712 sanctum.
3290 656 3438 711 Hanc
3467 671 3629 727 regu-

2034 746 2141 803 lam
2200 746 2267 801 ab
2316 745 2467 801 initio
2516 744 2795 820 Evangelii
2840 744 3247 814 decucurrisse,
3296 744 3457 800 etiam
3504 753 3629 801 ante

2037 837 2246 908 priores
2293 850 2541 909 quosque
2594 834 2901 903 haereticos,
2951 833 3145 890 nedum
3200 842 3325 890 ante
3371 836 3628 891 Praxeam

2034 928 2303 983 hesterum
2342 926 2452 998 (7),
2482 924 2727 998 probabit
2775 934 2883 981 tam
2913 924 3030 996 ipsa
3068 923 3351 996 posteritas
3390 925 3627 981 omnium

2035 1017 2427 1083 haereticorum,
2459 1031 2619 1087 quam
2648 1014 2767 1087 ipsa
2807 1014 3089 1072 novellitas
3118 1015 3335 1070 Praxeae
3364 1014 3627 1071 hesterni.

2036 1106 2155 1176 Quo
2184 1120 2433 1178 peraeque
2469 1103 2727 1162 adversus
2771 1104 3056 1160 universas
3086 1104 3340 1159 liaeraases
3363 1104 3474 1174 jam
3505 1103 3634 1160 hinc

2036 1194 2446 1269 przejudicatum
2467 1194 2555 1265 sit,
2570 1194 2622 1248 id
2644 1208 2765 1250 esse
2785 1209 2991 1258 verum,
3010 1195 3372 1265 quodcunque
3394 1194 3627 1264 primum

2036 1286 2138 1357 (8);
2173 1285 2228 1339 id
2257 1299 2378 1340 esse
2424 1282 2743 1348 adulterum,
2784 1282 3144 1355 quodcunque
3185 1280 3476 1352 posterius.
3518 1281 3626 1338 Sed

2038 1376 2183 1431 salva
2204 1374 2305 1430 ista
2327 1372 2748 1446 prtescriptione,
2762 1371 2947 1445 utique
2968 1378 3141 1428 tamen
3160 1378 3388 1443 prOpter
3408 1373 3630 1428 instruc-

2036 1464 2231 1521 tionem
2264 1470 2318 1519 et
2350 1462 2703 1519 munitionem
2733 1462 3105 1533 quorumdam,
3131 1462 3340 1517 dandus
3360 1469 3441 1516 est
3469 1460 3628 1516 etiam

2033 1552 2405 1609 retractatibus
2432 1551 2583 1608 locus
2616 1569 2629 1606 :
2659 1551 2743 1606 vel
2769 1566 2836 1606 ne
2863 1549 3109 1606 videatur
3137 1560 3477 1622 unaquaeque
3505 1566 3628 1622 per-

2034 1639 2279 1706 versitas,
2326 1654 2434 1695 non
2475 1640 2793 1706 examinata,
2840 1639 2935 1694 sed
2971 1639 3318 1710 praejudicata
3357 1638 3621 1705 damnari,

2033 1729 2265 1786 maxime
2309 1729 2454 1799 hmc,
2502 1744 2624 1801 quae
2668 1743 2728 1785 se
2784 1726 3051 1784 existimat
3095 1743 3297 1783 meram
3345 1727 3627 1784 veritatem

2034 1819 2333 1893 possidere,
2362 1819 2490 1874 dum
2532 1818 2751 1874 unicum
2795 1819 2966 1876 Deum
3016 1833 3124 1873 non
3156 1817 3291 1874 alias
3337 1820 3485 1888 putat
3513 1832 3629 1874 cre-

2034 1910 2295 1978 dendum,
2324 1925 2486 1981 quam
2534 1907 2579 1963 si
2627 1908 2802 1980 ipsum
2846 1907 3203 1980 eumdemque
3248 1916 3299 1964 et
3336 1907 3549 1963 Patrem
3578 1916 3631 1961 et

2032 1998 2226 2055 Filium
2272 2006 2326 2054 et
2365 1997 2627 2069 Spiritum
2675 2001 2923 2052 sanctum
2973 1996 3115 2051 dicat
3157 1996 3358 2069 :quasi
3406 2011 3513 2052 non
3550 1995 3630 2050 sic

2034 2102 2251 2161 quoque
2296 2102 2437 2143 unus
2484 2084 2556 2141 sit
2603 2085 2810 2151 omnia,
2856 2086 2985 2141 dum
3028 2101 3093 2141 ex
3134 2100 3242 2141 uno
3284 2084 3494 2149 omnia,
3536 2099 3631 2156 per

2034 2174 2348 2232 substantiae
2400 2172 2609 2231 scilicet
2665 2173 2956 2245 unitatem;
3006 2182 3061 2228 et
3106 2172 3456 2229 nihilominus
3501 2187 3626 2228 cus-

2034 2265 2269 2321 todiatur
2313 2262 2629 2321 oeconomim
2663 2268 3076 2329 sacramentum,
3113 2278 3236 2336 quae
3275 2261 3526 2317 unitatem
3570 2258 3626 2315 in

2033 2354 2327 2410 trinitatem
2376 2352 2646 2423 disponit,
2699 2358 2810 2408 tres
2856 2350 3117 2425 dirigens,
3170 2350 3398 2416 Patrem,
3442 2357 3497 2406 et
3544 2350 3657 2407 Fi-i

2035 2444 2186 2510 lium,
2218 2452 2271 2498 et
2297 2441 2551 2513 Spiritum
2601 2449 2867 2498 sanctum.
2916 2440 3050 2497 Tres
3095 2448 3273 2496 autem
3318 2455 3426 2496 non
3463 2436 3651 2511 statu,-'

2035 2531 2129 2589 sed
2175 2530 2374 2603 gradu;
2410 2545 2508 2585 nec
2556 2530 2873 2597 substantia,
2918 2529 3013 2585 sed
3058 2528 3263 2599 forma;
3309 2544 3407 2591 nec
3453 2536 3633 2599 potese

2036 2629 2160 2689 tate,
2201 2621 2292 2675 sed
2332 2619 2514 2692 specie
2547 2636 2558 2676 :
2595 2618 2753 2674 unius
2793 2627 2968 2675 autem
3002 2616 3333 2685 substantiae,
3376 2624 3429 2673 et
3473 2618 3632 2673 unius

2034 2717 2224 2777 status,
2259 2716 2312 2765 et
2350 2708 2512 2765 unius
2545 2707 2858 2779 potestatis;
2892 2707 3011 2779 quia
3042 2723 3183 2764 unus
3221 2708 3390 2773 Deus,
3422 2722 3493 2763 ex
3524 2721 3655 2777 quo,

2036 2806 2089 2855 et
2118 2797 2318 2871 gradus
2356 2798 2442 2856 isti
2474 2805 2527 2853 et
2556 2797 2744 2853 formae
2791 2803 2843 2854 et
2872 2796 3097 2869 species,
3128 2797 3181 2852 iu
3214 2797 3433 2853 nomine
3461 2795 3631 2851 Patris

2035 2896 2087 2945 et
2144 2887 2261 2943 Filii
2317 2896 2371 2943 et
2426 2887 2659 2959 Spiritus
2716 2886 2884 2944 sancti
2936 2886 3281 2960 deputantur.
3340 2885 3651 2954 Quomodo:

443 2958 616 3057 (ξωηίε
645 2960 905 3057 νθΐίῑεξξδι
926 2960 1144 3057 unicum
1165 2963 1378 3036 quidem
1411 2966 1584 3022 Deum
1615 2968 1919 3028 credimus:
1960 2977 2003 3057 ε
2032 2984 2208 3033 autem
2243 2978 2288 3016 13
2316 2958 2596 3033 numerum
2640 2976 2755 3033 sine
2803 2958 3062 3033 divisione
3110 2977 3400 3048 patiuntur,
3445 2990 3630 3048 proce-

333 3047 435 3101 sub
464 3047 564 3102 hac
592 3054 769 3104 tamen
807 3048 1232 3122 diSpcnsatione,
1264 3069 1423 3125 quam
1466 3059 1822 3113 oeconomiam
1854 3060 1932 3117 di-

332 3135 523 3202 cimus,
557 3144 611 3192 ut
638 3137 784 3193 unici
832 3139 930 3194 Dei
958 3138 1027 3195 sit
1065 3150 1119 3196 et
1149 3141 1317 3198 Filius
1371 3145 1560 3202 Sermo
1606 3146 1804 3219 ipsius,
1837 3151 1928 3222 qui

332 3241 394 3280 ex
427 3224 545 3297 ipso
577 3228 898 3298 processerit
931 3230 1028 3299 (δ),
1047 3248 1148 3304 per
1174 3248 1338 3304 quem
1367 3238 1559 3290 omnia
1583 3239 1737 3306 facta
1769 3245 1927 3305 sunt,

332 3320 389 3372 et
417 3313 579 3373 157
610 3317 735 3375 sine
754 3335 858 3391 quo
878 3321 1103 3391 factum
1131 3325 1215 3378 est
1244 3322 1392 3380 nihil
1414 3324 1593 3391 (Ioan.
1620 3329 1670 3390 1,
1692 3328 1930 3393 3):hunc

331 3403 557 3459 missum
584 3421 615 3460 a
642 3405 798 3463 Patre
846 3406 901 3462 in
944 3409 1238 3482 Virginem,
1271 3420 1323 3466 et
1360 3428 1426 3468 ex
1454 3429 1515 3468 ea
1546 3421 1730 3470 natum
1758 3416 1930 3472 homi-

335 3508 456 3548 nem
500 3501 554 3549 et
595 3494 789 3562 Deum,
846 3496 1039 3553 Filium
1099 3499 1332 3555 hominis
1378 3510 1429 3557 et
1470 3501 1665 3558 Filium
1712 3505 1832 3573 Dei,
1876 3516 1932 3563 et

335 3584 777 3654 cognominatum
834 3587 1020 3643 Jesum
1077 3588 1346 3646 Christum
1410 3607 1422 3646 :
1481 3592 1625 3648 hunc
1679 3610 1924 3664 passum,

337 3671 481 3727 hunc
524 3681 796 3730 mortuum
844 3683 897 3730 et
944 3677 1211 3747 sepultum
1251 3680 1542 3737 secundum
1589 3682 1927 3757 Scripturas,

337 3769 390 3814 ct
419 3762 793 3817 resuscitatum
824 3779 855 3818 a
884 3765 1059 3833 Patre,
1090 3774 1145 3820 et
1182 3767 1235 3822 in
1267 3768 1433 3824 caelos
1482 3770 1530 3808 12
1568 3780 1927 3844 resumptum,

336 3850 526 3908 sedere
553 3851 621 3907 ad
651 3854 919 3911 dexteram
952 3854 1139 3920 Patris,
1174 3866 1462 3915 venturum
1494 3861 1747 3930 judicare
1776 3863 1928 3920 vivos

2040 3066 2229 3124 dentes
2266 3056 2582 3125 retractatus
2612 3067 2657 3106 ιίι
2687 3066 3151 3125 demonstrabunt.

2656 3208 2883 3264 CAPUT
2921 3210 3012 3263 III.

2114 3332 2397 3403 Simplices
2442 3330 2587 3388 enim
2636 3331 2856 3405 quique,
2887 3348 2953 3388 ne
2991 3330 3219 3389 dixerim
3263 3330 3637 3402 imprudentes

2041 3430 2093 3479 et
2122 3421 2321 3487 idiotas,
2354 3438 2474 3495 quae
2512 3422 2684 3494 major
2721 3438 2937 3493 semper
2975 3421 3303 3477 credentium
3351 3435 3477 3493 pars
3530 3426 3629 3491 est,

2040 3510 2295 3584 quoniam
2342 3521 2394 3566 et
2442 3510 2557 3582 ipsa
2602 3511 2788 3585 regula
2827 3510 2951 3566 fidei
3002 3527 3033 3565 a
3088 3510 3337 3582 pluribus
3381 3510 3485 3566 diis
3536 3525 3636 3563 sa?-

2052 3601 2160 3657 culi
2196 3598 2357 3657 I58
2390 3601 2455 3655 ad
2512 3600 2728 3657 unicum
2785 3607 2839 3655 et
2894 3600 3071 3657 Deum
3122 3615 3313 3658 verum
3344 3598 3632 3663 transfert,

2040 3704 2151 3745 non
2196 3689 2554 3761 intelligentes
2608 3690 2829 3746 unicum
2886 3688 3142 3762 quidem,
3200 3688 3298 3744 sed
3351 3704 3476 3745 cum
3534 3702 3633 3743 sua

2041 3778 2342 3835 oeconomia
2387 3794 2503 3835 esse
2548 3777 2902 3850 credendum,
2942 3783 3306 3849 eXpavescunt
3351 3776 3418 3831 ad
3464 3791 3633 3847 ,oeco-

2039 3867 2294 3923 nomiam.
2326 3869 2618 3924 Numerum
2651 3875 2703 3923 et
2732 3866 3139 3938 dispositionem
3190 3865 3460 3932 trinitatis,
3502 3864 3634 3920 divi-

1727 4017 1912 4084 Varia:
1954 4024 2262 4086 lectiones.

406 4140 429 4180 ⁷
467 4139 938 4199 Frucliﬁcaverant
1182 4145 1351 4205 Seml.
1397 4146 1615 4205 Oberth.
1646 4149 1672 4187 8
1711 4151 1988 4234 Physicos,
2031 4156 2173 4212 item
2204 4155 2366 4281 in{ra
2395 4152 2631 4225 physicis
2651 4154 2757 4210 alii
2786 4153 2879 4212 sed
2916 4154 3117 4211 vitiose
3144 4152 3170 4190 9
3201 4150 3411 4223 Ubique
3446 4151 3625 4235 Rhen.

410 4216 512 4269 ml.
535 4213 752 4271 Oberth.
791 4213 836 4251 ιο
868 4215 986 4281 Quo
1025 4233 1070 4272 sn
1099 4217 1235 4272 Jun.
1270 4217 1546 4277 11Adultm
1574 4224 1730 4280 Petr.
1777 4225 2037 4281 Ciaccon.
2082 4225 2127 4264 12
2167 4227 2318 4281 C(no
2366 4228 2540 4281 Rhen.
2605 4227 2773 4281 Seml.
2812 4226 3031 4281 Oberth.
3088 4223 3134 4263 13
3182 4225 3375 4280 Autem
3427 4224 3625 4280 demit.

2286 4242 2318 4282 0

339 4216 512 4271 Seml.
535 4213 752 4271 Oberth.
791 4213 836 4251 ιο

339 4287 509 4342 Seml.
529 4289 656 4357 post
705 4283 971 4342 ΙίΙιιςηξι4
1003 4288 1283 4345 Tractatus
1324 4292 1493 4350 Seml.

868 4215 986 4286 Quo
1025 4216 1070 4272 si
1099 4217 1235 4272 Jun.
1270 4217 1310 4255 ιι
1334 4220 1546 4277 Αάιιῐιω
1574 4224 1730 4280 Petr.
1777 4215 2037 4282 Ciaccon.
2082 4225 2127 4264 ¹²
2167 4227 2264 4283 Ca:

2366 4223 2540 4284 Rhen.
2605 4227 2773 4285 Seml.
2812 4226 3031 4284 Oberth.
3088 4223 3134 4263 13
3182 4225 3375 4280 Autem
3427 4224 3626 4280 demit.

1733 4366 2230 4435 Commentarius.

336 4490 549 4573 ξηριάΣο
579 4490 801 4573 quidem
839 4493 924 4573 sui
969 4494 1272 4573 christianis
1309 4498 1704 4573 auste_rioribus
1726 4502 1920 4573 proba-

336 4566 450 4631 bili,
483 4563 875 4642 Tertullianum
904 4566 1175 4642 tenuisse;
1209 4584 1315 4625 non
1354 4569 1510 4642 quale
1551 4563 1755 4642 postea,
1797 4590 1919 4629 cum

335 4637 669 4718 sequacium.
707 4638 1065 4718 quorumdam
1104 4637 1445 4718 .impos_tui-_is
1484 4637 1568 4718 ρι’
1607 4642 1920 4718 fraudibus,

334 4707 707 4785 seu__P_hrygia
753 4707 1146 4785 interpolatum,
1189 4707 1255 4767 ab
1286 4712 1545 4770 Ecclesiis
1585 4715 1786 4785 passim
1833 4707 1924 4773 ca;

337 4779 549 4856 tholicis
589 4779 791 4856 despui
837 4782 1016 4856 carpit.
1077 4784 1325 4856 Denique
1379 4779 1768 4843 Tcrtullianum
1835 4789 1926 4843 Se-

334 4850 848 4932 cundum-Phrygas
893 4850 1193 4932 desipuisse
1236 4850 1507 4928 unquam,
1562 4859 1758 4932 scripta
1810 4861 1928 4932 ejus

376 4937 455 4977 uae
505 4929 717 4976 exstant
761 4938 870 4978 non
918 4927 1276 4994 persuadent;
1312 4927 1445 4999 ,Quae
1493 4927 1685 4984 autem'
1714 4931 1928 4987 interci-

376 5009 486 5061 ere,
512 5009 574 5047 ea
612 5008 736 5047 cum
769 5000 1058 5073 exstarent,
1094 4998 1562 5073 neque_Cypriano
1608 5017 1781 5073 neque
1811 5002 1928 5057 Hic-

336 5081 563 5135 ronymo
594 5066 925 5131 persuasisse
952 5066 1223 5126 videntur.
1266 5066 1392 5126 me:

408 5137 486 5207 (3)
517 5137 774 5221 Negqtia.
809 5136 965 5221 Ludit
1001 5138 1140 5221 circa
1185 5146 1690 5221 nomen_Prqxeas,
1722 5146 1863 5221 qugd
1894 5158 1927 5201 a

335 5209 790 5283 graecoAxpatooew
847 5209 1075 5265 derivari
1127 5212 1295 5283 potuit
1334 5230 1347 5267 :
1390 5213 1463 5268 ita
1507 5209 1755 5271 Semlér.’
1780 5217 1922 5273 Enn.

406 5282 485 5351 (4)
517 5280 766 5356 Denique
785 5286 1012 5338 caverat
1030 5280 1343 5356 pristinum
1365 5286 1559 5343 doctor
1579 5288 1643 5343 de
1672 5289 1927 5345 emenda-

339 5356 491 5429 tione
526 5368 647 5429 sua.
692 5352 923 5408 Praxeas
950 5352 1151 5411 mutata
1198 5357 1457 5412 sententia
1490 5358 1771 5429 pristinam
1798 5359 1926 5414 doc-

334 5426 561 5499 trinam,
592 5425 695 5499 b_oc
738 5433 838 5499 est,
888 5434 1129 5482 veterem
1172 5435 1223 5499 et
1269 5444 1448 5485 veram
1492 5425 1721 5499 colebat,
1756 5430 1924 5489 adeo-

328 5512 439 5573 que
483 5495 740 5563 docebat;
772 5497 881 5555 imo
911 5506 963 5553 et
994 5515 1094 5573 per
1132 5498 1549 5573 chiragraphum
1579 5500 1647 5559 de
1675 5495 1922 5559 emenda-

334 5569 483 5641 tione
513 5584 611 5625 sua
668 5578 902 5628 caverat.
933 5591 955 5621 α
994 5569 1311 5629 Pristinum'
1332 5569 1539 5641 doctor,
1592 5582 1651 5630 ut
1704 5584 1919 5633 cmtera.

1954 4518 1999 4596 ι)
2031 4501 2245 4596 Graias:
2283 4500 2466 4596 nnis.-

2104 4576 2178 4646 (5)
2211 4569 2619 4646 Instructiores
2644 4586 2745 4644 per
2791 4571 3172 4646 Paracletum.
3204 4569 3367 4646 [tecte
3398 4578 3621 4646 annotat

2034 4641 2325 4702 Rhenanus
2376 4644 2525 4716 loqui
2570 4641 2716 4716 illum
2773 4642 3178 4716 demParacleto
3228 4641 3492 4709 Montani,
3534 4642 3625 4698 cui

2034 4718 2195 4773 etiam
2244 4712 2523 4789 perperam
2573 4714 2802 4789 applicat
2848 4712 2983 4789 illud
3029 4715 3183 4769 Joan.
3216 4728 3336 4779 xvr,
3365 4716 3429 4768 13
3472 4716 3625 4772 :De-

2034 4787 2322 4846 ductorem
2352 4789 2533 4845 omnis
2561 4787 2839 4844 veritatis.
2874 4787 3012 4841 Pw.

2107 4862 2187 4931 (6)
2226 4860 2290 4915 Ut
2318 4861 2478 4914 unici
2510 4860 2609 4931 Dei
2626 4859 2704 4914 sit
2734 4857 2964 4931 etﬁlius
2993 4872 3171 4931 sermo
3202 4857 3404 4931 ipsius,
3434 4858 3532 4931 qui
3556 4872 3629 4931 ex

2036 4926 2177 5006 ipso:
2200 4932 2547 5006 processerit.
2578 4927 2931 5006 Procedendi
2977 4928 3200 5006 verbum
3222 4926 3367 5006 Filio
3402 4926 3623 5006 tribuit,

2034 4997 2463 5076 quod'Ecclesia
2502 5000 2948 5076 Spiritui_sancto
2996 4998 3271 5076 proprium
3320 4997 3461 5076 fecit.
3488 5000 3623 5076 lite.

2107 5076 2184 5147 (7)
2224 5076 2368 5131 Ante
2398 5069 2688 5147 Prax'eam
2728 5070 3077 5129 hesternum.
3103 5069 3195 5126 Sic
3224 5069 3443 5127 Persius
3471 5069 3625 5147 dixit,

2035 5142 2334 5205 Hesternos
2372 5147 2641 5214 Quirites,
2676 5144 2783 5199 hoc
2836 5151 2937 5210 est,
2980 5156 3175 5207 novos,
3208 5156 3464 5214 nuperos.
3498 5142 3624 5198 BIG.

2106 5217 2280 5295 (8)14
2309 5213 2425 5274 esse
2472 5232 2664 5273 verum
2704 5216 3077 5295 .quodcunque
3102 5213 3626 5295 primum._iflempe

2035 5285 2305 5360 principio
2352 5296 2565 5359 sumpto
2608 5285 2752 5344 u:.de
2782 5287 2954 5360 coepit
2979 5285 3231 5360 iveritas.
3246 5285 3360 5360 Sic,
3392 5285 3529 5360 libro
3560 5285 3625 5341 de

2038 5356 2275 5418 Praescr.
2328 5356 2644 5419 hcereticor.
2675 5378 2685 5412 :
2728 5380 2750 5409 ι
2781 5358 2857 5414 Ita
2879 5356 2952 5414 ex
2981 5356 3101 5427 ipso
3139 5356 3329 5413 ordine
3357 5356 3625 5413 manifes-

2038 5439 2180 5487 tatur
2211 5433 2263 5488 id
2292 5445 2412 5488 esse
2459 5431 2793 5489 Dominicum
2842 5440 2892 5486 et
2936 5426 3140 5494 verum,
3172 5429 3316 5502 quod
3364 5428 3433 5485 sit
3476 5426 3626 5500 prius

2041 5503 2311 5560 traditum.
2347 5523 2373 5556 υ
2406 5505 2532 5561 Bia.
