4042 6172
299 303 392 363 181
1219 341 1222 344 ~
1545 305 1741 368 LIBER
1779 307 1936 370 ADV.
1976 300 2314 366 PRAXEAM.

3481 298 3586 359 182

287 431 486 528 sionem
559 436 903 528 wmsumunt
967 429 1226 528 unitatis;
1281 432 1500 504 quando
1573 432 1753 490 unitas
1815 449 1882 491 ex
1917 449 1966 528 ⁸
1996 430 2332 489 eversionem
2378 425 2609 497 deputas
2656 425 2775 496 ejus
2819 437 2974 482 :non
3023 431 3187 481 recte.
3235 423 3376 480 lato
3407 432 3471 481 ae
3515 426 3585 482 ad

283 517 566 590 semetipsa
620 516 879 575 derivatis
930 517 1250 592 trinitatem,
1303 535 1410 577 non
1459 522 1772 579 destruatur
1818 525 1885 580 ab

285 607 388 670 illa,
425 605 522 661 sed
574 605 1009 664 administretur.
1063 608 1250 678 Itaque
1309 607 1450 665 duos
1503 618 1556 665 et
1611 617 1726 666 tres
1771 612 1885 682 jam

282 697 514 769 iactitant
541 711 572 749 a
610 695 773 751 nobis
801 695 1103 767 praedicari,
1144 713 1205 754 se
1233 713 1366 754 vero
1387 698 1552 758 unius
1582 700 1680 757 Dei
1711 702 1883 759 culto-

285 803 361 844 res
388 793 748 857 praesumunt,
810 786 965 858 quasi
1013 791 1120 842 non
1175 797 1230 843 et
1284 788 1463 845 unitas
1508 789 1887 848 irrationaliter

285 877 513 941 collecta,
547 874 802 931 haeresim
850 875 1044 946 faciat;
1076 885 1130 933 et
1177 876 1387 934 trinitas
1429 879 1760 937 rationaliter
1787 895 1884 937 ex-

282 981 451 1039 pensa,
484 965 778 1021 veritatem
825 965 1137 1022 constituat.
1185 967 1575 1036 Monarcbiam,
1611 969 1882 1042 inquiunt,

283 1063 525 1113 tenetnus
555 1055 656 1125 (9).
690 1055 760 1110 Et
814 1053 887 1110 ita
937 1069 1132 1110 sonum
1183 1056 1228 1093 15
1280 1057 1536 1113 vocaliter
1576 1057 1884 1130 exprimunt

275 1146 418 1200 etiam
446 1143 659 1208 Latini,
693 1141 856 1198 etiam
886 1141 1041 1216 Opici
1074 1144 1121 1181 ιδ
1167 1143 1304 1216 (l0),
1335 1154 1395 1202 ut
1421 1153 1578 1217 putes
1606 1146 1728 1203 illos
1773 1157 1881 1202 tam

278 1235 403 1289 bene
431 1232 760 1304 intelligere
803 1231 1195 1302 monarcbiam,
1225 1250 1385 1303 quam
1430 1235 1730 1292 enuntiant.
1773 1237 1882 1293 Sed

249 1317 648 1376 tmonarchiam
711 1331 906 1372 sonare
972 1317 1188 1374 student
1248 1319 1446 1385 Latini,
1528 1321 1880 1378 oeconomiam

275 1406 576 1478 intelligere
617 1406 813 1462 nolunt
863 1405 1027 1462 etiam
1063 1407 1266 1463 Graeci.
1305 1410 1374 1464 At
1403 1425 1526 1484 ego,
1577 1411 1624 1466 si
1672 1412 1880 1468 utrius-

277 1510 368 1568 que
436 1496 658 1568 linguae
723 1495 1036 1566 prmcerpsi,
1093 1497 1458 1554 monarchiam
1526 1499 1659 1555 nihil
1734 1501 1878 1556 aliud

275 1583 585 1656 signiﬁcare
632 1582 769 1651 scio,
802 1599 963 1655 quam
1008 1584 1279 1656 singulare
1339 1591 1395 1643 et
1440 1587 1657 1646 unicum
1705 1589 1880 1661 impe-

279 1674 438 1745 rium;
501 1689 621 1730 non
658 1683 837 1730 tamen
895 1674 1253 1746 praescribere
1307 1677 1689 1749 monarchiam,
1734 1678 1878 1748 ideo,

277 1765 384 1836 quia
435 1762 617 1819 unius
674 1763 763 1833 sit,
809 1779 932 1819 eum
990 1765 1034 1803 17
1081 1765 1238 1834 cujus
1295 1766 1388 1835 sit,
1420 1774 1510 1822 aut
1556 1766 1726 1823 ﬁlium
1772 1784 1881 1824 non

281 1855 492 1922 habere,
533 1860 627 1908 aut
674 1853 851 1924 ipsum
900 1868 963 1909 se
999 1853 1100 1909 sibi
1141 1854 1314 1910 ﬁlium
1366 1855 1581 1920 fecisse,
1614 1868 1704 1912 aut
1758 1861 1884 1921 mo:

280 1944 548 2001 narduam
592 1957 749 1997 suam
796 1956 907 1999 non
963 1959 1063 2014 per
1116 1957 1256 2015 quos
1303 1945 1435 2001 velit
1481 1945 1883 2001 administrare.

279 2033 466 2106 Atquin
533 2031 746 2089 nullam
796 2031 921 2090 dico
977 2033 1401 2092 dominationem
1457 2034 1532 2090 ita
1589 2035 1747 2093 unius
1801 2036 1886 2092 sui

283 2137 410 2189 esse,
454 2123 544 2179 ita
601 2121 951 2196 singularem,
1012 2123 1087 2178 ita
1132 2123 1499 2180 monarchiam
1547 2125 1612 2190 ιθ,
1663 2134 1726 2180 ut
1778 2141 1884 2182 non

281 2211 431 2268 etiam
487 2227 596 2285 per
644 2211 778 2267 alias
834 2212 1106 2282 proximas
1149 2228 1407 2285 personas
1464 2213 1883 2279 administretur,

287 2319 406 2374 quas
429 2303 554 2376 ipsa
587 2301 936 2373 prospexerit
963 2301 1221 2358 ofﬁciales
1249 2302 1370 2361 sibi.
1404 2302 1461 2359 Si
1502 2318 1632 2360 vero
1661 2312 1716 2360 et
1743 2303 1888 2361 ﬁlius

291 2390 434 2446 fuerit
489 2391 566 2458 ei,
627 2391 789 2458 cuius
844 2392 1157 2449 monarcbia
1215 2392 1304 2459 sit,
1355 2406 1468 2448 non
1506 2393 1682 2449 statim
1721 2380 1885 2448 dividi

289 2495 412 2547 eam,
462 2488 520 2536 et
577 2479 959 2536 monarcbiam
1032 2495 1151 2536 esse
1189 2480 1457 2546 desinere,
1517 2481 1563 2536 si
1619 2480 1887 2554 particeps

295 2570 397 2638 ejus
434 2575 744 2626 assumatur
775 2577 829 2624 et
871 2568 1011 2624 ﬁlius
1044 2587 1058 2627 :
1089 2570 1188 2626 sed
1219 2570 1266 2609 19
1314 2569 1539 2642 proinde
1585 2570 1736 2626 illius
1765 2587 1885 2628 esse

300 2657 654 2728 principaliter
697 2673 733 2712 a
788 2671 898 2728 quo
954 2659 1389 2716 communicatur
1448 2659 1504 2714 in
1563 2657 1776 2727 ﬁlium;
1833 2669 1887 2718 et

302 2745 413 2800 dum
459 2746 601 2804 illius
649 2754 754 2814 est,
814 2747 1044 2818 proinde
1097 2749 1466 2806 monarchiam
1515 2765 1654 2816 esse,
1685 2765 1806 2825 qum
1855 2765 1885 2806 a

304 2835 491 2893 duobus
515 2845 627 2892 tam
657 2836 838 2894 unicis
890 2837 1213 2896 continetur.
1266 2839 1434 2912 Igitur
1487 2841 1532 2895 si
1579 2848 1633 2896 et
1660 2855 1882 2897 monar-

316 2925 413 2979 cbia
434 2926 604 2986 divina
642 2943 739 3000 per
772 2935 852 2983 tot
881 2926 1128 3000 legiones
1175 2937 1231 2984 et
1275 2928 1540 2986 exercitus
1568 2931 1883 3002 angelorum

327 3013 710 3082 administratur,
739 3017 882 3075 sicut
917 3019 1180 3089 scriptum
1209 3026 1291 3075 est
1323 3035 1337 3076 :
1383 3020 1583 3076 Millies
1618 3021 1809 3077 millia
1836 3019 1886 3058 ³ο

329 3105 635 3161 assistebant
645 3108 709 3178 ei,
723 3112 771 3164 et
787 3108 1002 3165 millies
1019 3112 1257 3165 centena
1270 3109 1456 3165 millia
1469 3125 1576 3180 app
1583 3108 1817 3164 arebant
1829 3110 1881 3163 ei

315 3188 469 3260 (Dan.
500 3210 584 3260 ru,
608 3197 691 3266 10)
717 3213 731 3267 ;
762 3213 866 3252 nec
891 3196 1020 3253 ideo
1041 3197 1201 3252 unius
1229 3212 1347 3253 esse
1374 3197 1550 3263 desiit,
1589 3205 1648 3252 ut
1675 3196 1883 3254 desinat

303 3283 588 3339 monarebia
635 3299 780 3351 esse,
831 3286 960 3357 quia
1016 3301 1113 3356 per
1174 3294 1324 3342 tanta
1376 3285 1548 3341 millia
1619 3286 1877 3343 virtutum

300 3382 597 3438 procmatnr
628 3391 642 3426 :
685 3374 847 3446 quale
877 3383 958 3431 est
984 3383 1044 3430 ut
1071 3377 1217 3431 Deus
1242 3374 1562 3432 divisionem
1591 3384 1647 3432 et
1675 3375 1878 3446 disper-

298 3460 486 3516 sionem
516 3463 631 3534 pati
669 3464 912 3520 videatur
949 3465 1007 3520 in
1032 3465 1168 3521 Filio
1212 3472 1265 3520 et
1319 3464 1376 3521 in
1421 3465 1624 3536 Spiritu
1673 3472 1877 3532 sancto,

296 3552 579 3608 secundum
627 3562 681 3608 et
723 3553 939 3610 tertium
971 3554 1174 3611 sortitis
1223 3555 1428 3624 locum,
1459 3562 1567 3610 tam
1613 3553 1880 3610 consorti-

295 3637 386 3694 bus
429 3642 749 3699 substantiae
795 3644 990 3715 Patris,
1038 3661 1170 3718 quas
1219 3645 1265 3684 21
1316 3659 1426 3701 non
1473 3645 1674 3716 patitur
1711 3643 1768 3700 in
1803 3647 1883 3701 tot

292 3730 598 3799 angelorum
643 3747 895 3799 numero,
942 3741 997 3788 et
1050 3733 1267 3807 quidem
1298 3740 1403 3790 tam
1442 3748 1474 3788 a
1503 3732 1803 3790 substantia
1833 3733 1881 3772 2³

287 3816 478 3874 alienis.
551 3819 816 3892 Membra,
870 3828 925 3877 et
996 3821 1248 3896 pignora,
1305 3833 1360 3878 et
1410 3822 1788 3888 instrumenta,
1829 3829 1883 3878 et

290 3904 448 3975 ipsam
487 3908 630 3972 vim,
688 3907 860 3967 159
912 3925 978 3967 ac
1031 3918 1200 3967 totum
1255 3927 1478 3969 censum
1532 3911 1881 3980 monarchire,

1998 534 2217 577 sensum
2273 516 2372 582 rei,
2430 531 2590 589 quam
2643 515 2712 571 ad
2755 529 2947 570 sonum
3002 513 3250 570 vocabuli
3298 529 3578 572 exerceas.

1995 608 2218 668 Eversio
2263 607 2408 664 enim
2453 605 2778 663 monarchise
2831 603 2923 659 illa
2950 612 3034 660 est
3061 603 3159 659 tibi
3216 602 3578 676 intelligenda,

1994 715 2116 758 cum
2173 698 2276 754 alia
2348 695 2640 752 dominatio
2708 710 2818 750 suae
2845 690 3194 766 ﬁconditionis
3249 700 3303 748 et
3377 694 3582 764 proprii

1991 797 2180 855 status,
2215 804 2279 845 ac
2323 803 2424 861 per
2451 787 2554 841 hoc
2601 783 2810 849 aemula,
2842 780 3249 854 superducitur;
3281 796 3404 838 cum
3444 780 3584 838 alius

1973 877 2136 935 Deus
2162 877 2390 933 infertur
2419 872 2694 942 [adversus
2720 873 3045 928 Creatorem.
3093 871 3246 926 Tunc
3269 869 3430 935 male,
3459 886 3583 928 cum

1991 969 2194 1040 plures,
2246 965 2545 1023 secundum
2584 961 2896 1018 Valentinus
2943 968 3000 1016 et
3044 959 3302 1016 Prodicus
3347 959 3398 998 33
3431 961 3576 1029 (tt);

1989 1065 2119 1113 tunc
2171 1055 2227 1112 in
2277 1052 2606 1111 monarchiae
2652 1051 3015 1122 eversionem,
3044 1065 3171 1106 cum
3223 1047 3281 1104 in
3309 1047 3583 1104 Creatoris

1990 1145 2427 1203 destructionem.

2595 1283 2824 1340 CAPUT
2872 1281 2966 1339 IV.
2999 1271 3008 1275 ’

2061 1412 2348 1477 Caeterum,
2373 1407 2466 1483 qui
2494 1407 2690 1464 Filium
2720 1421 2831 1463 non
2875 1403 3096 1462 aliunde
3126 1404 3356 1470 deduco,
3389 1402 3486 1462 sed
3515 1404 3584 1460 de

1989 1499 2290 1558 substantia
2319 1497 2522 1568 {Patris,
2569 1495 2703 1552 nihil
2755 1493 3037 1552 facientem
3094 1493 3212 1550 sine
3257 1492 3431 1549 Patris
3476 1507 3582 1548 vo-

1989 1590 2212 1656 luntate,
2268 1603 2484 1645 omnem
2526 1602 2558 1640 a
2612 1585 2770 1640 Patre
2825 1589 3178 1640 consecutum
3231 1587 3580 1655 potestatem,

1989 1679 2264 1752 quomodo
2303 1690 2524 1747 possum
2582 1673 2652 1729 de
2714 1670 2824 1727 ﬁde
2862 1670 3140 1728 destruere
3189 1670 3578 1734 monarchiam.

1990 1783 2174 1840 quam,
2208 1783 2238 1822 a
2281 1765 2432 1820 Patre
2459 1762 2593 1819 Filio
2650 1760 2920 1829 traditam,
2958 1759 3015 1814 in
3044 1759 3184 1815 Filio
3225 1760 3434 1816 servo?
3465 1759 3584 1815 Hoc

1993 1856 2123 1914 mihi
2151 1863 2205 1913 et
2250 1854 2304 1909 in
2333 1851 2549 1908 tertium
2606 1851 2832 1924 gradum
2860 1848 3062 1906 dictum
3124 1846 3216 1917 sit,
3247 1845 3371 1917 quia
3400 1847 3606 1917 Spiri-.

1993 1955 2104 2004 tum
2144 1959 2254 2001 non
2299 1942 2514 1998 aliunde
2556 1949 2708 2013 puto,
2759 1955 2921 2012 quam
2950 1953 2982 1993 a
3029 1938 3188 1992 Patre
3235 1951 3333 2006 per
3361 1935 3580 1993 Filium.

1992 2034 2132 2092 Vide
2163 2047 2296 2106 ergo
2347 2049 2416 2088 ne
2453 2038 2514 2088 tu
2554 2031 2733 2102 potius
2763 2027 3129 2086 monarchiam
3166 2024 3439 2092 destrnas,
3489 2025 3584 2097 qui

1993 2123 2400 2196 dispositionem
2429 2127 2483 2177 et
2529 2118 2984 2192 dispensationem
3016 2117 3138 2185 ejus
3167 2114 3366 2171 evertis
3412 2113 3471 2169 in
3508 2121 3588 2170 tot

1992 2212 2302 2270 nominibus
2342 2210 2704 2272 constitutam,
2752 2207 2809 2262 in
2865 2222 2975 2278 quo
3020 2206 3167 2262 Deus
3193 2202 3383 2260 voluit.
3430 2202 3585 2258 Adeo

1991 2313 2173 2360 autem
2202 2308 2383 2356 manet
2426 2300 2483 2354 in
2513 2315 2614 2356 suo
2644 2305 2810 2361 statu,
2861 2295 2988 2352 licet
3028 2293 3262 2352 Trinitas
3298 2292 3582 2357 inferatur,

1994 2399 2055 2448 ut
2101 2392 2264 2447 etiam
2317 2388 2527 2445 restitui
2573 2387 2770 2443 habeat
2821 2383 2965 2441 Patri
3016 2400 3048 2440 a
3102 2382 3257 2439 Filio.
3302 2380 3583 2453 Siquidem

1991 2481 2286 2555 Apostolus
2335 2478 2521 2535 scribit
2558 2477 2626 2533 de
2655 2475 2845 2532 ultimo
2873 2475 2987 2530 fine
3021 2493 3036 2532 :
3091 2475 3230 2531 Cum
3280 2470 3585 2530 tradiderit

1991 2589 2232 2645 regnum
2268 2573 2376 2628 Deo
2408 2572 2465 2626 et
2504 2569 2689 2624 Patri.
2725 2568 2955 2638 Oportet
2991 2566 3149 2620 enim
3177 2579 3307 2621 eum
3344 2575 3584 2633 regnare

1991 2679 2172 2735 usque
2201 2661 2336 2716 dum
2378 2662 2556 2732 ponat
2602 2658 2864 2714 inimicos
2916 2657 3037 2726 ejus
3083 2655 3226 2709 Deus
3272 2653 3372 2708 sub
3417 2649 3584 2723 pedes

1992 2753 2190 2824 ipsius.
2219 2779 2290 2790 -—
2319 2747 2540 2805 Scilicet
2577 2744 2876 2801 secundum
2905 2742 3171 2816 psalmum
3197 2755 3311 2812 CIX,
3344 2742 3414 2796 2:
3451 2739 3585 2796 Sede

1991 2842 2065 2898 ad
2075 2840 2374 2896 dexteram
2402 2852 2584 2894 meam
2613 2835 2784 2892 donec
2798 2849 3003 2906 ponam
3025 2831 3289 2888 inimicos
3302 2833 3424 2886 tuos
3453 2843 3584 2884 sea-

1992 2931 2201 2988 bellum
2217 2928 2420 3002 pedum
2433 2932 2680 2983 tuorum.
2691 2954 2765 2966 -——
2790 2925 2928 2981 Cum
2939 2926 3138 2979 autem
3155 2922 3404 2993 subjecta
3415 2921 3587 2975 erunt

1990 3019 2083 3075 illi
2112 3019 2327 3081 omnia,
2369 3017 2560 3087 utique
2588 3014 2636 3052 24
2667 3013 2870 3084 absque
2897 3027 2959 3072 eo
2988 3012 3089 3084 qui
3118 3011 3170 3068 ei
3197 3009 3433 3080 subjecit
3460 3024 3585 3066 om-

1991 3109 2110 3172 nia,
2121 3111 2258 3162 tunc
2270 3109 2325 3162 et
2339 3105 2454 3176 ipse
2464 3103 2803 3174 subjicietur
2814 3101 2922 3168 illi,
2930 3101 3026 3173 qui
3047 3101 3100 3156 ei
3117 3099 3355 3168 subjecit
3368 3098 3583 3161 omnia,

1994 3202 2063 3254 ut
2095 3199 2170 3253 sit
2204 3198 2348 3253 Deus
2377 3193 2572 3250 omnia
2612 3192 2677 3246 in
2705 3189 2964 3246 omnibus
2995 3188 3048 3257 (1
3075 3189 3200 3243 Cor.
3241 3201 3336 3249 xv,
3367 3185 3584 3252 26-28).

1992 3286 2255 3343 Videmus
2275 3284 2327 3322 2⁵
2345 3281 2509 3358 igitur
2540 3295 2650 3338 non
2677 3279 2873 3336 obesse
2890 3273 3216 3333 monarchiae
3235 3272 3452 3337 Filium,
3476 3270 3587 3328 etsi

1995 3375 2154 3432 hodie
2179 3373 2321 3446 apud
2349 3369 2540 3427 Filium
2573 3377 2674 3435 est,
2703 3367 2829 3440 quia
2857 3375 2912 3424 et
2956 3367 3011 3422 in
3040 3378 3139 3420 suo
3167 3369 3306 3419 statu
3333 3367 3418 3418 est
3444 3360 3588 3432 apud

1993 3464 2210 3534 Filium,
2240 3471 2296 3519 et
2341 3475 2462 3518 cum
2511 3473 2608 3515 suo
2656 3463 2799 3514 statu
2828 3455 3138 3512 restituetur
3181 3449 3379 3508 Patria
3426 3448 3587 3506 Filio.

1995 3554 2074 3610 Ita
2128 3567 2248 3608 eam
2296 3563 2458 3607 nemo
2484 3548 2590 3605 hoc
2636 3545 2856 3604 nomine
2891 3545 3150 3607 destruet,
3201 3541 3248 3599 si
3292 3541 3485 3598 Filium
3539 3539 3592 3578 ²⁶

1994 3642 2254 3707 admittat,
2312 3637 2402 3697 cui
2439 3647 2494 3694 et
2546 3636 2788 3692 traditam
2827 3650 2944 3690 eam
3000 3649 3034 3688 a
3067 3635 3242 3697 Patre,
3299 3638 3355 3686 et
3409 3645 3440 3684 a
3476 3641 3590 3700 quo

1996 3731 2322 3806 quandoque
2393 3725 2773 3784 restituendam
2811 3723 2953 3780 Patri
3005 3728 3233 3780 constat.
3296 3720 3413 3776 Hoc
3481 3731 3591 3772 uno

1997 3820 2232 3892 capitulo
2264 3819 2376 3890 (l2)
2421 3815 2678 3887 Epistulae
2723 3811 3036 3884 apostolicae
3089 3809 3363 3882 potuimus
3397 3808 3512 3878 jam
3537 3811 3598 3861 et

1999 3910 2208 3966 Patrem
2257 3916 2312 3965 et
2361 3907 2553 3964 Filium
2627 3903 2928 3962 ostendisse
2987 3901 3125 3957 duos
3162 3915 3302 3966 esse,
3360 3903 3592 3970 praeter-

1681 4036 1870 4098 Variae
1912 4037 2222 4098 lectiones.

353 4158 394 4196 15
446 4158 677 4216 Solium
725 4161 896 4217 Seml.
939 4160 1114 4219 Rhen.
1147 4164 1285 4220 Jun.
1320 4161 1367 4202 ιθ
1399 4162 1464 4218 Et
1493 4169 1598 4219 tam
1636 4161 1830 4232 opiﬁce
1862 4162 2034 4220 Seml.
2067 4159 2229 4216 etiam
2263 4157 2489 4232 Opiﬁces
2529 4159 2646 4232 Big.
2679 4157 2722 4197 17
2757 4156 2894 4228 Ejus
2923 4155 3098 4232 Rben.
3125 4154 3172 4232 [8
3200 4151 3592 4232 Monet-clinium

285 4231 403 4288 Jun.
441 4232 489 4269 19
507 4232 596 4286 Se
627 4233 800 4288 Fran.
831 4234 1019 4289 Paris.
1050 4234 1099 4273 ³ο
1129 4234 1320 4290 Millies
1348 4234 1551 4290 centies
1589 4222 1816 4290 centena
1843 4233 2009 4288 millia
2040 4231 2210 4290 Seml.
2252 4222 2448 4286 millies
2475 4222 2640 4284 millia
2676 4222 2905 4286 ceuténa
2931 4226 3098 4282 millia
3128 4225 3316 4282 Latin.
3354 4225 3403 4263 31
3433 4222 3593 4292 Quod

287 4301 465 4359 Latin.
505 4303 572 4340 ²²
623 4301 930 4358 Substantia

971 4303 1136 4374 patris
1175 4305 1344 4362 Seml.
1394 4306 1520 4360 add.
1552 4305 1849 4361 alienorum
1882 4309 2050 4375 Han.
2083 4304 2132 4341 2³
2165 4302 2424 4375 Prodigus
2455 4301 2866 4375 seml._Pro_clos
2897 4299 3080 4355 Paris.
3112 4297 3160 4335 ²¹ι
3187 4296 3387 4370 Utique
3416 4295 3592 4355 demit

286 4373 448 4431 Rhea.
475 4375 665 4432 Seml.
692 4374 911 4432 Oberth.
934 4371 984 4415 35
1015 4375 1269 4433 Videmur
1308 4378 1494 4436 Venet.
1535 4376 1586 4414 26
1612 4377 1888 4435 Destruet.
1921 4373 2121 4431 Filium
2150 4371 2535 4432 RhenfSeml.
2575 4371 2798 4430 Oberth.

1696 4501 2202 4567 Commentarius.

353 4605 1224 4702 l9l_¥°.'1€:€1*iaaijaqufiatz
1262 4615 1542 4692 ιεηεηυιε·
1568 4609 1888 4702 Ρξίοναρλιικὴν
1923 4625 1968 4702 u

285 4678 380 4735 hoc
407 4687 531 4762 est_,_
563 4679 742 4762 Deum
775 4678 1013 4762 apicum
1059 4681 1384 4762 asserimus,
1400 4682 1523 4751 jure
1566 4681 1621 4737 id
1649 4678 1886 4762 quidem,

282 4765 401 4807 nam
458 4753 611 4807 alias
687 4751 974 4808 incidimus
1041 4752 1105 4812 εἷς
1175 4752 1261 4820 τὴν
1332 4753 1463 4806 ἄθεον
1530 4751 1885 4821 πολυθέοτητα.

517 4824 563 4879 l.
604 4821 668 4879 de
697 4823 814 4903 ser.
860 4826 1010 4903 Eccl.
1049 4833 1232 4903 auctor
1260 4831 1341 4903 est
1369 4825 1561 4903 librum
1591 4826 1890 4903 ablremeo

285 4892 448 4963 fuisse
507 4894 875 4964 compositum
923 4897 1026 4952 hoc
1071 4895 1242 4963 titulo,
1273 4896 1338 4954 de
1388 4896 1728 4961 Monarchia,
1761 4895 1894 4960 sive,

287 4965 435 5047 Quod
472 4968 636 5047 Deus
673 4979 797 5047 non
823 4969 900 5023 sit
933 4972 1132 5047 auctor
1166 4967 1896 5047 lnaloruyn._lpse__Tertul-

287 5035 463 5110 lienus
497 5038 847 5110 Menarchice
875 5039 1138 5096 vocabulo
1166 5039 1336 5096 Deum
1367 5035 1704 5110 signiﬁcavit,
1737 5037 1830 5092 lib.
1857 5053 1897 5093 ιι

288 5107 367 5182 de,
406 5107 979 5182 Cultufeminarum
1022 5130 1041 5168 :
1079 5130 1104 5162 α
1145 5111 1290 5168 Hauc
1346 5107 1900 5182 incorruptibilitatem

292 5179 580 5255 habemus
605 5179 829 5235 induere
847 5183 925 5255 ad
972 5197 1167 5241 novam
1209 5183 1450 5252 domum,
1493 5179 1650 5255 quam
1683 5197 1900 5240 monar-

289 5251 406 5305 cbia
431 5251 756 5324 pollicetur.
787 5270 810 5303 ι
845 5254 973 5310 me.

356 5323 476 5398 (l0)
506 5325 725 5398 _Etiam_
751 5327 917 5396 Opici,
951 5325 1011 5381 Id
1051 5333 1136 5381 est
1181 5323 1419 5398 barbari,
1446 5325 1589 5396 quod
1618 5325 1812 5398 Opica,
1846 5325 1900 5381 id

293 5404 371 5467 est
402 5396 666 5460 barbare,
693 5393 1079 5467 loquerentur,
1127 5411 1238 5452 non
1308 5393 1516 5462 Latine,
1544 5393 1694 5467 juxta
1737 5396 1902 5466 Plin.,

295 5461 331 5520 l.
348 5480 522 5536 xm,
537 5482 598 5522 ο.
619 5471 668 5521 t.
685 5461 832 5522 Plui.
846 5467 1048 5524 —Scio
1065 5461 1401 5533 iuvenalem,
1420 5461 1583 5525 satira
1599 5461 1896 5538 6,!dixissei

484 5551 853 5665 ἱξέξδῖιηηαα
880 5556 1001 5605 viris
1035 5557 1192 5620 opicae
1218 5554 1458 5618 castigata
1483 5559 1621 5607 micm

1999 4609 2102 4664 Sed
2137 4608 2222 4664 hic
2251 4607 2304 4664 in
2335 4603 2628 4676 exemplari
2653 4602 2894 4676 legitur:
2930 4621 2954 4676 ς
2987 4600 3053 4676 Et
3098 4599 3172 4676 ita
3199 4613 3403 4676 βοιιιιᾳι⁸
3419 4598 3598 4670 ipsum

1999 4680 2252 4737 vocaliter
2288 4669 2596 4750 exprimunt
2642 4669 2804 4750 etiam
2843 4671 3035 4750 Latini,
3085 4669 3246 4726 etiam
3275 4669 3542 4750 opiﬁces,‘
3565 4689 3591 4721 »

1998 4751 2147 4825 quod
2193 4739 2436 4825 videatur
2464 4745 3029 4825 convenientissimum
3059 4739 3595 4825 sequentibus-istis,

2004 4813 2034 4875 ἆ
2059 4832 2119 4878 ut
2166 4827 2321 4894 putes
2365 4821 2487 4894 illos
2523 4820 2794 4894 tam__bene
2846 4813 3154 4894 intelligere
3206 4813 3594 4894 monarcbiam,

2004 4886 2183 4971 quam'
2209 4891 2521 4971 enuntiarit;
2556 4911 2578 4942 »
2613 4891 2701 4948 Sic
2751 4904 2877 4971 vero
2906 4886 3515 4971 loquiturmSeptimius
3543 4887 3598 4971 in

2005 4957 2352 5050 {ipolegetieo
2373 4980 2393 5050 _,°
2429 4984 2452 5016 ι
2478 4960 2921 5050 Deumnquilibet
2959 4957 3138 5032 opifex
3177 4957 3516 5017 Christianus
3544 4969 3599 5016 et

2004 5033 2210 5094 invenit
2236 5046 2288 5093 et
2307 5033 2556 5091 ostendit.
2592 5053 2621 5088 π
2649 5035 2774 5090 Rm.

2074 5108 2187 5182 (11)
2237 5108 2559 5182 Valentian
2603 5111 2660 5163 et
2702 5107 2979 5165 Prodicus.
3021 5102 3216 5182 melius
3251 5119 3409 5182 quam
3459 5107 3599 5162 Pro-

2007 5174 2139 5248 cles,
2167 5174 2240 5236 'ut
2293 5179 2456 5235 habet
2500 5178 2812 5249 Rhenanus,
2842 5174 3088 5249 quamvis
3139 5174 3488 5249 Proclianitas
3534 5192 3600 5231 ex

2006 5246 2265 5310 Philastro
2303 5260 2368 5324 Aet
2413 5248 2715 5324 Augustino
2769 5246 3018 5324 adducat,
3075 5257 3346 5324 creatures
3392 5246 3602 5324 anima-

2008 5342 2127 5400 rum
2164 5322 2385 5400 angelos
2410 5318 2650 5400 dicentes
2676 5339 2742 5379 ex
2769 5321 2900 5400 igne
2925 5329 2987 5400 et
3020 5321 3232 5394 spiritu,
3264 5319 3409 5393 quod
3438 5318 3601 5374 etiam

2007 5393 2444 5455 Seleucia'norum
2475 5393 2573 5450 fuit
2599 5393 2817 5467 dOgmaI
2844 5395 2923 5450 LE
2952 5395 3050 5467 Pa.

2007 5470 2198 5595 Bg”)
2257 5468 2539 5540 Capitula.
2602 5459 2714 5523 Hoc
2765 5473 2869 5534 est,
2951 5465 3115 5532 dicto,
3168 5464 3319 5533 juxta
3369 5459 3600 5518 Semler.

2093 5557 2150 5595 n.

2053 5556 2150 5597 DD.
