4002 6118
421 284 522 345 183

1105 281 1547 344 TERTULLIANI
1583 281 1847 343 OPERUM
1887 281 2051 344 PARS
2088 282 2156 342 ll.
2186 313 2255 326 —
2291 282 2518 344 SERIES
2557 284 2600 350 l,
2640 280 2986 343 POLEMICA.

3596 278 3702 339 184

416 425 577 484 quam
605 426 669 466 ex
699 407 1007 465 nominibus
1034 409 1213 466 Patris
1241 416 1295 466 et
1322 407 1460 473 Filii,
1490 406 1628 463 etian
1658 423 1723 463 ex
1752 424 1816 466 eo
1862 407 2005 481 quod
2032 424 2082 501 Α
2113 408 2216 465 dus
2240 409 2636 482 quodammodo
2664 407 2719 463 in
2749 416 2800 465 te
2828 414 2912 465 est
2955 423 3149 477 sermo,
3180 420 3281 479 per
3305 418 3476 501 quem.
3509 404 3710 476 loque-

417 499 511 572 qni
541 498 758 556 tradidit
794 514 1043 571 regnum,
1075 509 1130 555 et
1176 498 1265 556 cui
1297 496 1532 562 tradidit,
1561 496 1692 554 item
1733 497 1829 570 qui
1873 497 2006 555 sub-

409 587 560 659 jecit,
591 597 645 645 et
672 588 757 646 cui
787 589 1021 660 subjecit
1048 589 1118 654 27,
1149 588 1255 644 duo
1285 587 1393 643 sint
1419 601 1640 644 necesse
1668 590 1773 645 est.

1044 678 1271 735 CAPUT
1305 678 1374 734 ν.

484 767 589 826 Sed
626 767 751 840 quia
776 768 916 824 duos
962 785 1129 826 unum
1176 769 1360 826 volunt
1394 782 1539 838 esse,
1587 776 1645 823 ut
1680 766 1826 824 idem
1855 766 2009 823 Pater

411 864 466 913 et
494 856 662 914 Filius
684 858 966 924 habeatur,
999 865 1219 930 Oportet
1247 865 1302 915 et
1347 864 1520 914 totum
1548 857 1617 915 de
1646 856 1782 914 Filio
1809 855 2013 914 exami-

409 947 546 1013 nari,
597 964 665 1003 an
694 947 781 1015 sit,
814 958 867 1005 et
916 948 1009 1019 qui
1066 948 1152 1013 sit,
1183 954 1241 1006 et
1263 947 1538 1020 quomodo
1569 947 1671 1017 sit;
1703 954 1757 1003 et
1812 946 1886 1003 ita
1917 962 2006 1004 res

409 1037 527 1111 ipsa
554 1037 782 1094 formam
831 1054 983 1100 suam
1034 1038 1324 1108 Scripturis
1368 1044 1418 1092 et
1470 1034 2006 1106 interpretationibus

408 1142 592 1182 earum
647 1126 1106 1199 patrocinantibus
1152 1125 1464 1183 vindicabit.
1496 1126 1666 1183 Aiunt
1710 1126 1927 1198 quidem
1958 1127 2008 1165 2⁸

409 1225 462 1273 et
517 1217 769 1275 Genesim
825 1216 995 1275 I60
1047 1217 1103 1273 in
1140 1217 1406 1275 Hebraico
1461 1216 1533 1270 ita
1589 1216 1828 1288 incipere
1878 1238 1889 1273 :
1942 1219 2007 1272 In

406 1310 690 1381 principio
720 1311 866 1367 Deus
884 1311 1023 1380 fecit
1040 1309 1145 1367 sibi
1172 1308 1383 1366 Filium
1410 1307 1542 1378 (13).
1576 1307 1687 1363 Hoc
1706 1315 1766 1363 ut
1794 1305 2008 1365 tinuum

407 1411 517 1452 non
546 1398 634 1463 sit,
666 1398 764 1453 alia
813 1414 899 1453 me
937 1406 1253 1471 argumenta
1292 1397 1566 1454 deducunt
1621 1397 1689 1451 ab
1740 1396 1860 1467 ipsa
1906 1398 2006 1454 Dei

407 1485 776 1555 dispositione,
810 1504 916 1560 qua
945 1487 1048 1544 fuit
1105 1489 1222 1559 (14)
1249 1495 1373 1543 ante
1414 1486 1603 1543 mundi
1650 1486 2004 1542 constitutio-

406 1591 553 1642 nem,
586 1577 827 1650 adusque
864 1577 982 1633 Filii
1011 1576 1433 1651 generationem.
1467 1577 1605 1631 Ante
1649 1574 1827 1631 omnia
1857 1574 2003 1630 enim

406 1665 550 1721 Deus
586 1675 699 1721 erat
742 1661 912 1730 solus,
962 1664 1081 1738 ipse
1127 1664 1231 1719 sibi
1276 1672 1331 1719 et
1373 1663 1605 1719 mundus
1650 1671 1704 1721 et
1750 1663 1900 1721 locus
1951 1674 2006 1721 et

404 1754 603 1810 omnia.
666 1754 823 1809 Solus
872 1761 1073 1824 autem,
1120 1753 1249 1825 quia
1296 1751 1428 1808 nihil
1476 1752 1624 1807 aliud
1691 1752 1740 1791 39
1796 1755 2003 1811 extrin-

404 1859 563 1901 secus
628 1849 824 1911 praeter
880 1842 1053 1899 illum.
1104 1842 1391 1912 Caeterum,
1442 1858 1514 1899 ne
1583 1848 1713 1899 tunc
1783 1843 2006 1917 quidem

405 1932 593 1999 solus;
653 1932 883 1987 habebat
955 1932 1097 1988 enim
1167 1948 1371 2000 secum,
1427 1948 1587 2005 quam
1654 1934 1887 1991 habebat
1951 1937 2005 1992 in

404 2019 717 2093 semetipso,
750 2021 1013 2077 rationem
1058 2037 1209 2076 suam
1257 2020 1475 2078 scilicet.
1518 2019 1816 2076 Rationalis
1846 2021 2006 2077 etiam

404 2110 567 2175 Deus,
597 2119 650 2163 et
681 2108 816 2164 ratio
846 2109 901 2164 in
953 2109 1073 2179 ipso
1102 2109 1284 2181 prius;
1335 2117 1387 2163 et
1431 2107 1524 2174 ita,
1558 2109 1623 2163 ab
1653 2107 1772 2178 ipso
1801 2109 2002 2177 omnia,

405 2199 538 2266 Quae
587 2198 741 2267 ratio,
802 2212 996 2254 sensus
1048 2198 1220 2270 ipsius
1271 2207 1369 2255 est.
1427 2198 1576 2253 Hanc
1630 2197 1805 2255 Graeci
1850 2199 2004 2270 λάγον

402 2286 606 2358 dicunt,
637 2301 747 2358 quo
784 2287 1056 2344 vocabulo
1087 2287 1251 2344 etiam
1298 2301 1603 2343 sermonem
1650 2286 2001 2359 appellamus.

402 2376 640 2447 Ideoque
672 2377 785 2445 jam
822 2377 877 2431 in
924 2394 1026 2434 usu
1075 2384 1159 2431 cst
1188 2385 1516 2443 nostrorum,
1550 2391 1644 2446 per
1688 2375 2003 2446 simplicita-

405 2470 513 2519 tem
564 2463 1047 2537 interpretationis,
1095 2463 1407 2520 Sermonem
1453 2464 1631 2521 dicere
1661 2464 1717 2519 in
1763 2464 2001 2535 primor-

405 2553 497 2609 dio
542 2554 684 2626 apud
724 2556 893 2610 Deum
924 2554 1127 2623 fuisse;
1159 2571 1282 2611 cum
1321 2555 1497 2628 magis
1535 2554 1793 2611 rationem
1848 2572 2001 2613 com-

403 2650 549 2714 petat
596 2643 951 2715 antiquiorem
992 2642 1218 2709 haberi;
1265 2642 1388 2714 quia
1441 2658 1549 2700 non
1604 2645 1925 2701 sermonalis
1971 2663 2003 2702 a

404 2731 689 2804 principio,
747 2733 844 2788 sed
890 2732 1165 2789 rationalis
1215 2733 1360 2790 Deus
1408 2733 1570 2790 etiam
1624 2742 1747 2791 ante
1794 2734 2011 2808 princi-

406 2820 593 2892 pium;
634 2830 687 2876 et
740 2820 864 2893 quia
901 2821 1016 2893 ipse
1062 2837 1277 2895 quoque
1320 2838 1497 2879 sermo
1546 2822 1748 2881 ratione
1792 2826 1999 2883 consis-

405 2919 543 2975 tens,
598 2910 831 2982 priorem
878 2928 996 2968 eam
1043 2920 1101 2968 ut
1145 2912 1497 2969 substantiam
1524 2929 1674 2969 suam
1730 2917 2000 2973 ostendat.

2116 499 2190 555 ris
2234 499 2541 573 cegitando,
2586 506 2641 554 et
2669 513 2768 569 per
2794 512 2955 570 quem
2995 496 3202 571 cogitas
3245 494 3534 567 loquendo.
3585 495 3708 566 Ipse

2115 603 2296 645 sermo
2325 589 2463 645 alius
2490 596 2592 645 est.
2623 586 2835 656 Quanto
2866 602 2996 661 ergo
3024 584 3239 659 plenius
3292 585 3396 640 hoc
3428 582 3605 655 agitur
3650 583 3706 639 in

2115 678 2247 745 Deo,
2280 679 2437 748 cujus
2463 684 2523 734 tu
2548 693 2765 751 quoque
2808 677 2992 749 imago
3027 682 3080 732 et
3122 673 3416 731 similitudo
3442 672 3702 738 censeris,

2115 768 2259 838 quod
2305 767 2496 825 habeat
2553 767 2608 822 in
2653 782 2711 823 se
2756 765 2913 824 etiam
2971 765 3197 821 tacendo
3252 762 3537 830 rationem,
3568 760 3705 817 etin

2114 856 2321 913 ratione
2387 858 2734 915 sermonem?
2789 857 3013 913 Possum
3086 854 3265 926 itaque
3328 867 3437 908 non
3506 860 3706 907 temere

2115 945 2500 1018 praestruxisse,
2571 956 2626 1005 et
2679 955 2809 1004 tunc
2879 947 3055 1001 Deum
3145 952 3269 1000 ante
3342 940 3710 999 universitatis

2112 1037 2546 1093 constitutionem
2592 1036 2766 1094 solum
2820 1051 2927 1093 non
2966 1033 3153 1100 fuisse,
3200 1031 3492 1088 habentem
3546 1028 3696 1087 I6]

2114 1125 2169 1182 in
2198 1125 2484 1198 semetipso
2541 1126 2767 1198 proinde
2795 1126 3080 1190 rationem,
3112 1128 3169 1178 et
3215 1121 3269 1176 in
3324 1121 3533 1176 ratione
3584 1136 3711 1175 ser-

2116 1229 2350 1283 monem,
2386 1231 2542 1288 quem
2597 1215 2890 1273 secundum
2921 1231 2954 1270 a
2980 1229 3039 1269 se
3067 1212 3263 1269 faceret
3309 1208 3563 1284 agitando
3613 1224 3701 1264 se.

2739 1304 2963 1362 CAPUT
2998 1304 3089 1359 VI.

2185 1393 2312 1449 Haec
2363 1393 2447 1449 vis
2490 1400 2546 1448 et
2589 1393 2705 1450 haec
2757 1393 2923 1449 divini
2975 1406 3167 1449 sensus
3213 1387 3519 1460 dispositio,
3569 1387 3715 1460 apud

2115 1482 2420 1553 Scripturas
2479 1481 2641 1537 etiam
2698 1482 2753 1538 in
2836 1480 3055 1555 Sephiae
3113 1478 3334 1535 nomine
3385 1476 3709 1533 ostenditur.

2113 1569 2254 1639 Quid
2296 1570 2440 1626 enim
2495 1571 2793 1640 sapientius
2849 1569 3054 1626 ratione
3090 1568 3212 1639 Dei,
3252 1567 3365 1624 sive
3410 1568 3713 1623 sermone?

2110 1662 2292 1733 Itaque
2320 1660 2577 1732 Sophiam
2625 1676 2840 1734 quoque
2883 1659 3097 1730 exaudi,
3131 1666 3188 1713 ut
3234 1658 3525 1713 secundam
3576 1671 3707 1727 per—

2110 1711 2289 1733 -τητη
2321 1711 2577 1732 -γτ---πω
2629 1711 2838 1734 η-νπη
2889 1711 3097 1730 --μηη
3275 1711 3315 1713 μ
3580 1711 3590 1727 .

2038 1711 2083 1790 Β
2113 1764 2299 1806 sonam
2352 1748 2639 1805 conditam.
2679 1749 2876 1813 Primo,
2906 1749 3181 1806 Dominus
3210 1747 3421 1802 creavit
3465 1760 3556 1800 me
3591 1746 3711 1799 ini-

2115 1840 2262 1896 tium
2288 1840 2513 1895 viarum
2541 1840 2606 1895 in
2634 1855 2802 1912 opera
2823 1855 2950 1906 sua,
2968 1838 3299 1911 priusquam
3323 1841 3537 1891 terram
3563 1837 3717 1905 face-

2114 1934 2222 1995 ret,
2252 1931 2585 2003 priusquam
2612 1935 2831 1986 montes
2878 1929 3331 1994 collocarentur;
3360 1930 3495 1981 ante
3522 1941 3718 1981 omnes

2113 2024 2308 2076 autem
2328 2019 2492 2076 colles
2519 2020 2811 2091 generavit
2839 2034 2929 2075 me
2950 2016 3132 2089 (Prov.
3164 2030 3285 2081 vm,
3316 2017 3405 2084 22)
3429 2031 3444 2080 ;
3470 2015 3524 2069 in
3551 2027 3719 2069 sensu

2112 2122 2214 2164 suo
2240 2106 2446 2163 scilicet
2466 2108 2706 2164 condens
2726 2116 2779 2164 et
2800 2122 3085 2180 generans.
3123 2105 3333 2162 Dehinc
3369 2104 3716 2159 assistentem

2114 2212 2230 2251 eam
2260 2196 2376 2267 ipsa
2429 2198 2767 2269 separatione
2809 2211 3079 2267 cognosce
3115 2212 3129 2249 :
3164 2196 3302 2252 Cum
3336 2197 3588 2267 pararet,
3622 2192 3717 2246 in-

2111 2284 2245 2357 quit,
2261 2286 2489 2353 caelum,
2507 2286 2739 2343 aderam
2764 2286 2857 2341 illi
2872 2286 3047 2342 simul
3068 2284 3136 2354 33,
3169 2287 3227 2338 et
3256 2299 3387 2339 eum
3416 2283 3594 2353 fortia
3628 2284 3718 2352 fa-

2109 2374 2291 2431 ciebat
2309 2390 2482 2447 super
2510 2380 2706 2433 ventes
2717 2393 2839 2449 qua:
2866 2392 3097 2433 sursum
3122 2374 3319 2431 nubila
3344 2395 3361 2442 ;
3382 2376 3440 2428 et
3467 2388 3596 2429 cum
3620 2377 3715 2427 tu-

2111 2470 2195 2522 tos
2222 2465 2459 2537 ponebat
2474 2468 2660 2537 fontes
2689 2468 2807 2538 ejus
2829 2483 2956 2538 quae
2974 2465 3072 2521 sub
3100 2466 3254 2533 emlo,
3287 2480 3381 2536 ego
3401 2478 3556 2521 eram
3581 2478 3713 2518 eum

2108 2556 2209 2611 illo
2239 2557 2626 2628 eompingens;
2649 2572 2742 2627 ego
2757 2571 2913 2612 eram
2934 2553 3007 2609 ad
3034 2570 3205 2626 quam
3233 2551 3547 2624 gaudebat:
3570 2567 3702 2622 quo-

2110 2646 2246 2703 tidie
2256 2650 2451 2702 autem
2465 2644 2782 2704 oblectabar
2796 2646 2856 2701 in
2866 2659 3108 2717 persona
3121 2643 3302 2715 ipsius
3317 2639 3480 2711 (Ibid.
3493 2642 3697 2701 27-30).

2107 2735 2245 2790 Nam
2282 2742 2342 2789 ut
2369 2733 2603 2807 primum
2629 2733 2774 2789 Deus
2801 2731 2971 2788 voluit
2990 2747 3053 2787 ea
3079 2747 3199 2805 qua:
3226 2746 3349 2787 cum
3380 2728 3586 2801 scphim
3618 2743 3708 2781 ra-

2112 2821 2262 2879 tione
2305 2830 2359 2878 et
2386 2837 2637 2879 sermone
2692 2821 3031 2894 disposuerat
3080 2819 3219 2874 intra
3263 2834 3345 2883 se,
3375 2817 3429 2873 in
3460 2817 3715 2873 substan-

2111 2911 2212 2967 tias
2258 2919 2312 2968 et
2354 2912 2567 2983 species
2610 2927 2735 2967 suas
2782 2912 2964 2977 edere,
2993 2910 3170 2983 ipsum
3219 2908 3456 2981 primum
3490 2907 3716 2978 protulit

404 2999 603 3056 Tamen
639 3008 692 3055 et
724 3000 823 3067 sic,
856 3000 987 3057 nihil
1025 3002 1271 3060 interest.
1300 3003 1438 3057 Nam
1466 3002 1565 3058 etsi
1602 3004 1749 3060 Deus
1770 3006 2007 3061 nondum
2038 3006 2082 3086 ε
2114 3015 2441 3067 sermonem,
2500 3001 2783 3056 habentem
2842 3000 2898 3055 in
2945 3014 3005 3054 se
3053 2996 3356 3053 indiViduaB
3407 3010 3534 3051 suas
3572 2997 3706 3064 (1⁵),

405 3104 710 3146 sermonem
739 3107 897 3147 suum
912 3090 1150 3157 miserat,
1174 3091 1402 3163 proinde
1422 3108 1548 3148 eum
1578 3109 1697 3150 cum
1731 3094 1844 3165 ipsa
1871 3104 1923 3152 et
1952 3096 2005 3151 in

403 3179 519 3249 ipsa
565 3180 772 3237 ratione
820 3180 959 3237 intra
1002 3181 1355 3253 semetipsum
1410 3182 1660 3251 habebat,
1703 3184 1858 3240 tacite
1906 3200 2004 3241 co-

403 3269 628 3341 gitando
673 3278 728 3327 et
773 3270 1107 3343 disponendo
1147 3286 1352 3336 secum,
1401 3287 1522 3342 quae
1574 3288 1670 3341 per
1698 3287 2003 3328 sermonem

405 3372 530 3414 mox
559 3366 692 3414 erat
720 3358 982 3416 dicturus.
1018 3358 1155 3415 Cum
1202 3360 1405 3415 ratione
1449 3360 1592 3414 enim
1633 3375 1729 3414 sua
1759 3360 2005 3433 cegitans

404 3453 566 3518 atque
619 3446 936 3517 disponens,
990 3462 1301 3502 sermonem
1347 3462 1466 3503 eam
1524 3446 1811 3517 efﬁciebat,
1844 3464 2003 3521 quam

404 3550 653 3590 sermone
683 3536 960 3591 tractabat.
1010 3534 1175 3606 quue
1228 3549 1337 3608 quo
1378 3534 1589 3592 facilius
1618 3536 1902 3610 intelligas,
1938 3554 2005 3594 ex

404 3630 458 3678 te
482 3621 601 3693 ipso
622 3630 747 3679 ante
773 3623 823 3662 3°
852 3638 1198 3696 recognosce,
1221 3632 1279 3678 ut
1296 3641 1368 3683 ea:
1383 3626 1633 3697 imagine
1652 3631 1709 3681 et
1737 3627 2005 3685 similitu-

404 3713 535 3770 dine
568 3713 667 3768 Dei
698 3713 855 3780 (Gen.
886 3727 922 3780 ι,
958 3711 1049 3781 26)
1093 3728 1256 3784 quam
1285 3713 1331 3751 31
1386 3713 1586 3769 habeas
1614 3722 1668 3770 et
1713 3713 1768 3769 in
1812 3722 2004 3772 temet-

403 3800 524 3872 ipso
572 3800 857 3869 rationem,
889 3800 983 3872 qui
1031 3817 1090 3856 es
1131 3800 1331 3856 animal
1362 3802 1648 3873 rationale,
1679 3819 1710 3857 a
1757 3803 2004 3860 rationali

403 3888 609 3946 scilicet
662 3889 866 3946 artifice
920 3905 1028 3947 non
1087 3897 1291 3945 tantum
1349 3891 1544 3961 factus,
1594 3892 1688 3948 sed
1728 3893 1889 3949 etiam
1937 3911 2004 3950 ex

403 3981 700 4039 substantia
728 3980 900 4052 ipsius
944 3981 1226 4037 animatus.
1258 3980 1395 4037 Vide
1432 3998 1557 4038 cum
1606 3984 1799 4039 tacitus
1828 3995 2004 4040 tecum

402 4071 521 4144 ipse
575 4070 946 4143 congrederis,
1003 4069 1207 4126 ratione
1251 4071 1354 4125 hoc
1408 4070 1585 4142 ipsum
1642 4071 1725 4145 agi
1756 4070 1896 4127 intra
1929 4082 1997 4140 te,

402 4167 717 4217 occurrente
755 4174 819 4215 ea
851 4158 942 4216 tibi
981 4175 1102 4213 cum
1150 4174 1401 4215 sermone
1432 4160 1501 4213 ad
1539 4175 1755 4215 omnem
1785 4162 2001 4233 cogita-

404 4256 490 4303 tus
527 4247 601 4302 tui
653 4254 881 4316 motum,
929 4255 982 4303 et
1026 4248 1092 4302 ad
1132 4262 1349 4304 omnem
1405 4263 1598 4305 sensus
1645 4248 1721 4304 tui
1767 4250 1997 4321 pulsum.

2113 3089 2395 3147 Rationem
2440 3098 2495 3148 et
2537 3089 2792 3161 Sophiam
2823 3089 2910 3159 3‘;
2943 3094 3002 3143 ut
3042 3104 3140 3160 per
3165 3087 3339 3157 ipsum
3368 3084 3560 3141 ﬁerent
3584 3084 3713 3139 uui-

2112 3196 2290 3249 versa,
2332 3196 2427 3251 per
2455 3195 2613 3251 quem
2645 3190 2796 3235 erant
2833 3179 3066 3251 cogitata
3092 3187 3253 3249 atque
3279 3173 3567 3248 disposita;
3598 3173 3713 3228 imo

2113 3275 2167 3323 et
2196 3269 2334 3323 facta
2359 3268 2490 3338 jam,
2525 3274 2782 3339 quantum
2830 3266 2885 3321 in
2914 3266 3010 3323 Dei
3056 3280 3245 3321 sensu.
3295 3265 3412 3320 Hoc
3453 3262 3596 3318 enim
3626 3261 3710 3318 eis

2113 3356 2314 3422 deerat,
2373 3364 2434 3411 ut
2462 3371 2644 3411 coram
2695 3370 2911 3427 quoque
2963 3355 3019 3409 in
3076 3354 3189 3409 suis
3224 3352 3509 3425 speciebus
3550 3357 3714 3422 atque

2113 3443 2424 3501 substantiis
2452 3452 2913 3517 cognoscerentur
2941 3452 2993 3499 et
3024 3451 3351 3499 tenerentur.

2712 3586 2941 3643 CAPUT
2990 3586 3104 3641 VII.

2183 3710 2336 3767 Tunc
2381 3710 2547 3782 igitur
2590 3709 2753 3766 etiam
2797 3709 2918 3783 ipse
2963 3723 3142 3766 sermo
3165 3706 3400 3780 speciem
3433 3714 3489 3765 et
3540 3720 3709 3762 orna-

2111 3806 2226 3855 tum
2290 3814 2447 3855 suum
2503 3798 2684 3868 sumit,
2742 3812 2935 3854 sonum
3012 3804 3065 3854 et
3133 3811 3342 3862 vocem,
3399 3812 3524 3853 cum
3581 3795 3712 3851 dicit

2110 3888 2299 3946 Deus:
2342 3890 2470 3944 Fiat
2511 3888 2632 3943 lux.
2692 3887 2820 3942 Hm
2862 3894 2945 3942 est
3000 3886 3251 3943 nativitas
3296 3885 3537 3959 perfecta
3590 3900 3707 3941 ser-

2113 3978 2309 4044 monis,
2338 3978 2469 4033 dum
2500 3993 2569 4033 ex
2626 3977 2740 4033 Deo
2777 3976 3022 4048 procedit
3052 3996 3064 4033 :
3101 3975 3349 4033 conditus
3398 3975 3466 4031 ab
3493 3988 3559 4030 eo
3601 3974 3711 4045 pri-

2110 4084 2257 4122 mum
2309 4068 2377 4123 ad
2421 4068 2714 4141 cogitatum
2771 4068 2827 4122 in
2881 4066 3097 4123 nomine
3151 4064 3363 4137 Sophia:
3395 4082 3409 4123 :
3442 4065 3708 4123 Dominus

2110 4157 2368 4215 condidit
2394 4173 2485 4213 me
2528 4157 2769 4213 initium
2808 4157 3052 4212 viarum.
3084 4153 3289 4211 Dehinc
3325 4162 3613 4226 generatus
3641 4151 3709 4206 ad

2112 4246 2366 4303 effectum
2398 4262 2412 4301 :
2448 4246 2590 4303 Cum
2613 4250 2848 4319 pararet
2877 4246 3100 4309 caelum,
3131 4245 3364 4302 aderam
3390 4244 3482 4298 illi
3512 4242 3707 4299 simul.

401 4334 773 4408 Quodcunque
837 4336 1184 4409 cogitaveris,
1230 4350 1411 4392 sermo
1456 4342 1577 4404 est;
1647 4298 2006 4411 quodcunque
2036 4298 2082 4376 θ
2113 4335 2319 4392 Exinde
2350 4351 2473 4392 eum
2521 4298 2707 4406 parem
2744 4335 2848 4390 sibi
2876 4334 3099 4401 faciens,
3148 4333 3217 4388 de
3266 4348 3376 4406 quo
3406 4330 3707 4405 proceden-

402 4422 655 4490 senseris,
689 4422 821 4479 ratio
867 4432 965 4480 est.
1016 4424 1277 4495 Loquaris
1307 4422 1439 4479 illud
1487 4423 1540 4477 in
1579 4423 1758 4480 animo
1786 4439 2005 4482 necesse

402 4522 517 4585 est;
564 4520 618 4567 et
665 4512 793 4569 dum
822 4514 1078 4585 loqueris,
1112 4512 1515 4569 conlocutorem
1546 4514 1747 4583 pateris
1789 4529 2002 4570 sermo-

402 4617 546 4668 nem,
580 4602 635 4657 in
688 4618 796 4673 quo
824 4602 966 4658 inest
1008 4602 1123 4659 haec
1160 4602 1274 4674 ipsa
1310 4603 1477 4669 ratio,
1508 4618 1613 4672 qua
1641 4618 1766 4659 cum
1812 4620 1879 4660 eo
1909 4619 2003 4660 co-

399 4691 575 4765 gitans
600 4690 854 4765 loquaris,
880 4708 980 4766 per
997 4707 1160 4764 quem
1192 4691 1416 4765 loquens
1443 4692 1670 4766 cogitas.
1697 4693 1774 4749 lta
1804 4709 2002 4751 secun-

2113 4428 2183 4482 do
2210 4425 2379 4481 Filius
2402 4425 2575 4482 factus
2604 4432 2706 4496 est,
2728 4424 3136 4498 primogenitus
3157 4422 3409 4493 (Coloss.,
3445 4437 3485 4487 ι,
3512 4423 3621 4493 15),
3648 4430 3708 4477 ιιι

2113 4524 2235 4571 ante
2262 4514 2441 4570 omnia
2478 4513 2726 4586 genitus;
2758 4521 2812 4568 et
2837 4514 3170 4585 unigenitus
3208 4512 3253 4582 (Ι
3292 4514 3474 4577 Ιοαη.,
3516 4527 3595 4577 tv,
3627 4508 3708 4581 9),

2111 4612 2171 4660 ιιι
2198 4602 2345 4662 solus
2383 4618 2450 4659 ex
2478 4602 2591 4658 Deo
2644 4601 2861 4674 genitus
2892 4619 2907 4656 :
2957 4601 3176 4674 proprie
3225 4602 3293 4657 de
3339 4601 3498 4657 vulva
3526 4599 3709 4656 cordis

2114 4692 2302 4764 ipsius,
2320 4690 2615 4749 secundum
2637 4690 2779 4762 quod
2807 4696 2859 4745 et
2883 4691 3040 4746 Pater
3064 4691 3183 4763 ipse
3213 4697 3441 4747 testatur
3474 4707 3487 4748 :
3522 4691 3706 4746 Eruc-

1792 4818 1982 4882 Variae
2023 4821 2339 4881 lectiones.

468 4924 514 4960 2⁷
544 4923 607 4979 Et
644 4923 727 4980 cui
755 4922 990 4993 subjecit
1018 4924 1210 4982 deerat
1242 4926 1304 4980 in
1350 4926 1610 4983 Rhenan.
1645 4925 1694 4962 28
1740 4923 1785 4994 Q

1794 4925 1976 4981 uidam
2026 4925 2179 4980 Petr.
2217 4921 2468 4978 Ciaccon.
2504 4919 2553 4958 29
2594 4919 2757 4976 Aliud
2805 4920 2977 4980 abest.
3024 4922 3197 4980 Rhen.
3235 4924 3408 4981 Seml.
3465 4924 3689 4982 Obertlt.

332 4970 333 4973 γ
396 4994 447 5033 ³ο
475 4996 521 5051 Α
544 4970 2143 5065 Mamrestagnis;signa.“stantes
2168 4970 2980 5065 instantinstant
3012 4970 3192 5054 ἱῡὶἔῆζ

1797 5122 2296 5186 Commentarius.

466 5229 581 5300 (l3)
605 5230 674 5302 In
700 5229 983 5302 principio
1001 5232 1143 5302 Deus
1154 5232 1291 5302 fecit
1321 5228 1426 5286 sibi
1445 5229 1680 5302 Filium.
1706 5227 1893 5286 Docuit
1909 5244 1995 5285 me

395 5298 587 5358 beatus
616 5298 976 5372 Hieronymus
1000 5298 1177 5359 statim
1207 5302 1274 5357 ab
1313 5298 1537 5372 exordio
1573 5302 1783 5372 Quwst.
1830 5302 1989 5372 Hebr.

394 5391 457 5429 in
510 5376 644 5453 Gen.
695 5370 856 5453 hunc
882 5374 1061 5453 locum
1088 5414 1116 5453 ,_
1150 5388 1316 5453 quem
1358 5370 1771 5453 ibidemncitat,
1823 5371 1997 5453 magis

393 5446 691 5503 secundum
748 5444 897 5503 vorbi
956 5441 1376 5509 translationem,
1436 5443 1505 5499 de
1527 5441 1772 5515 _7Christo
1826 5441 1995 5515 accipi

433 5530 575 5573 osse.
628 5517 765 5572 Nam
821 5516 973 5573 LXX
1025 5516 1364 5587 interpretes,
1412 5522 1465 5570 et
1518 5513 1995 5587 Symmacltus,iet

442 5587 732 5645 heodotion
762 5590 1145 5645 transtulerunt
1169 5585 1255 5643 ‘in
1306 5587 1607 5659 Principio,
1640 5593 1695 5644 et
1723 5586 1778 5644 in
1824 5585 1991 5646 Hebr.

2105 5234 2189 5307 est
2214 5234 2487 5293 mxuma,
2519 5225 2889 5307 quoquuila
2908 5225 3290 5307 interpretatur
3318 5228 3381 5307 in
3407 5229 3703 5307 Capitula;

2105 5245 2189 5284 eat
2214 5245 2487 5293 murena,
2519 5245 2889 5307 quoa_Aquuu
2908 5245 3290 5295 interpretatur
3318 5245 3381 5284 in
3407 5245 3559 5353 υιῖρῑι

2103 5306 2157 5354 θί
2176 5313 2305 5389 ,‘3‘3‘.’
2333 5308 2467 5389 l3?)
2498 5298 2643 5389 ενεά
2657 5305 3053 5389 ὲίὲξέἒῖιῗῖθξέἓῖξῖ
3082 5299 3316 5389 “of?”
3355 5300 3432 5356 [⁸⁸
3505 5315 3559 5355 ⁸·

2175 5369 2293 5437 (14)
2343 5369 2470 5439 'Qua
2492 5372 2632 5439 fuit.
2657 5369 2889 5435 Scilicet,
2909 5369 3075 5424 Deus.
3101 5370 3273 5426 SBIL.

2176 5440 2291 5512 (15)
2321 5439 2646 5499 Individuas
2697 5457 2850 5499 suas.
2882 5439 3116 5496 Comites
3145 5441 3366 5499 scilicet.
3398 5443 3466 5498 Ut
3508 5442 3601 5498 lib.
3636 5443 3704 5499 de

2103 5513 2543 5594 Patientia,.su_b_
2567 5512 2776 5594 ﬁnem;
2811 5533 2834 5564 α
2860 5513 2999 5594 Cum
3031 5527 3163 5594 ergo
3190 5513 3422 5594 Spiritus
3451 5514 3550 5570 Dei
3574 5514 3703 5594 des-

2100 5585 2301 5653 cendit,
2342 5584 2621 5644 individua
2670 5584 2928 5654 patientia
2982 5584 3271 5642 comitatur
3312 5600 3459 5644 eum.
3514 5605 3540 5636 ι
3574 5586 3698 5641 Βιρ.

3731 3914 3762 4027 /
