4032 6152
304 311 402 372 185

1553 316 1748 378 LIBER
1784 315 1940 376 ADV.
1980 316 2325 380 PRAXBAM.

3480 315 3580 377 186

293 442 436 540 tapit
459 454 553 496 cor
581 455 774 540 meum
793 457 1110 540 sermonem
1133 444 1415 540 optimum
1442 446 1621 540 (Psal.
1636 445 1876 512 xuv,t).
1909 460 1956 540 Α
1987 446 2070 502 vit
2086 461 2200 540 esse
2225 460 2282 503 se
2312 445 2712 540 aequalecho
2741 443 3094 540 (Phtlippzll.
3125 443 3202 540 6).
3241 443 3300 498 In
3329 457 3437 540 qua
3460 441 3578 540 eiii-

291 528 374 585 Ad
419 543 575 601 quem
621 529 886 602 deinceps
932 533 1183 605 gaudens
1210 533 1442 604 proinde
1469 535 1802 607 gaudentem
1830 535 1879 574 ³⁵

290 616 343 672 in
370 631 593 689 persona
632 617 783 674 illius
809 620 991 688 (Psal.
1032 637 1094 685 ιι,
1134 623 1192 690 7)
1224 637 1239 678 :
1273 625 1454 679 Filius
1490 637 1653 680 meus
1671 639 1737 681 es
1790 628 1873 686 tu,

287 721 378 776 ego
406 703 561 762 hodie
577 708 751 777 genui
771 711 847 764 te.
869 709 939 764 Et
959 725 972 762 :
993 712 1144 779 .Ante
1169 711 1479 782 luciferum
1497 713 1668 784 genui
1687 717 1760 769 te.
1786 711 1880 768 Sic

283 802 334 848 et
359 793 528 850 Filius
554 810 623 851 ex
652 811 751 852 sua
779 813 1012 869 persona
1033 800 1318 871 proﬁtetur
1339 801 1551 858 Patrem
1575 801 1628 858 in
1659 802 1880 858 nomine

281 881 491 953 Sophim
542 901 558 937 :
608 886 886 942 Dominus
925 887 1180 946 condidit
1224 905 1316 947 me
1365 892 1607 948 initium
1651 891 1878 948 viarum

284 969 522 1039 inopem
535 985 662 1026 sua.
689 971 836 1029 Ante
851 989 1045 1030 omnes
1063 978 1258 1030 autem
1274 976 1359 1032 col
1366 977 1442 1033 les
1459 976 1746 1047 generavit
1765 991 1878 1032 me.

277 1056 397 1110 Nam
416 1055 466 1110 si
487 1056 584 1114 hic
607 1057 830 1130 quidem
846 1061 1052 1132 Sophia
1066 1063 1279 1120 videtur
1301 1063 1484 1120 dicere
1522 1061 1796 1120 conditam
1819 1077 1878 1118 se

274 1162 301 1200 ι
315 1144 560 1202 Domino
579 1145 638 1202 in
658 1163 824 1218 opera
844 1157 899 1205 et
917 1151 1033 1206 vias
1049 1152 1200 1222 ejus;
1215 1153 1346 1209 alibi
1365 1163 1542 1210 autem
1566 1168 1880 1224 persermo—

273 1251 391 1291 nem
417 1237 746 1294 ostenditur
773 1241 967 1296 omnia
995 1242 1157 1311 facta
1183 1259 1318 1308 esse,
1352 1248 1407 1300 et
1433 1244 1558 1298 sine
1586 1244 1687 1298 illo
1727 1241 1877 1298 nihil

272 1325 494 1392 factum
530 1341 544 1380 :
579 1325 719 1382 sicut
745 1335 798 1382 et
845 1326 1009 1386 16$
1061 1346 1276 1386 rursum
1307 1332 1484 1401 (Psal.
1522 1346 1732 1395 χχχιιι,
1769 1331 1827 1401 6)
1857 1346 1871 1388 :

273 1414 542 1472 Sermone
568 1417 691 1487 ejus
723 1417 849 1474 caeli
877 1418 1202 1487 conﬁrmati
1237 1426 1399 1486 sunt,
1421 1425 1478 1477 et
1513 1422 1727 1494 spiritu
1754 1423 1876 1492 ejus

269 1515 452 1560 omnes
500 1506 655 1561 vires
681 1521 906 1573 eorum;
938 1507 1124 1579 utique
1167 1523 1235 1566 eo
1279 1509 1476 1581 spiritu
1503 1509 1601 1580 qui
1639 1511 1876 1568 sermoni

268 1587 423 1645 inerat
458 1607 480 1647 :
520 1601 750 1664 apparet
794 1610 957 1651 unam
1001 1596 1354 1668 eamdemque
1400 1597 1508 1654 vim
1559 1613 1686 1655 esse
1732 1613 1876 1655 nunc

269 1677 317 1733 in
356 1679 598 1736 nomine
649 1681 892 1752 Sophim,
940 1699 1111 1741 nunc-
1138 1686 1194 1740 in
1239 1686 1602 1756 appellatione
1648 1688 1874 1744 Sermo-

1986 535 2076 607 gie
2108 534 2236 590 Dei?
2263 533 2447 604 utique
2466 533 2519 588 in
2539 532 2789 603 alia,non
2805 540 2980 588 tamen
3009 531 3063 586 in
3092 531 3254 589 nulla.
3271 531 3408 602 Quis
3432 530 3575 587 enim

1985 623 2205 695 negabit
2247 623 2420 680 Deum
2449 636 2651 694 corpus
2693 620 2804 692 (17)
2833 635 2976 685 esse,
3011 619 3110 674 etsi
3164 620 3311 675 Deus
3355 618 3575 690 spiritus

1985 715 2112 768 est?
2141 712 2381 785 Spiritus
2407 712 2552 767 enim
2573 726 2774 782 corpus
2801 708 2886 764 sui
2915 708 3130 784 generis
3159 709 3214 763 in
3245 723 3344 762 sua
3371 701 3572 778 efﬁgie;

1986 800 2090 858 Sed
2123 811 2176 857 et
2220 801 2269 841 39
2309 799 2596 857 invisibilia
2645 800 2733 854 illa
2789 813 3128 870 quaecunque
3165 801 3322 864 sunt,
3379 795 3578 852 habent

1985 889 2129 962 apud
2158 891 2329 946 Deum
2361 897 2415 944 et
2455 905 2612 944 suum
2656 903 2854 960 corpus
2879 895 2934 943 et
2984 902 3135 942 suam
3187 884 3439 949 formam,
3481 898 3574 955 per

1983 996 2104 1052 quae
2131 980 2232 1037 soli
2253 981 2366 1036 Deo
2396 979 2627 1036 visibilis
2676 987 2801 1035 sunt
2827 995 2840 1048 ;
2880 986 3081 1049 quanto
3111 975 3286 1049 magis
3311 974 3460 1046 quod
3497 989 3574 1028 .ex

1985 1070 2156 1141 ipsius
2184 1069 2488 1127 substantia
2525 1071 2576 1108 ἰο
2604 1069 2830 1125 missum
2862 1076 2966 1139 est,
2995 1068 3110 1144 sine
3139 1064 3444 1122 substantia
3471 1079 3576 1120 non

1983 1159 2126 1215 erit!
2184 1159 2532 1230 Qumcunque
2583 1174 2711 1231 ergo
2763 1157 3067 1215 substantia
3123 1152 3403 1212 Sermonis
3459 1151 3576 1222 fuit,

1984 1247 2131 1303 illam
2167 1246 2289 1303 dico
2318 1261 2624 1317 personam,
2665 1254 2736 1314 ,et
2777 1245 2859 1300 illi
2905 1259 3100 1300 nomen
3155 1242 3276 1298 Filii
3331 1239 3574 1306 vindico;

1981 1344 2037 1393 et
2063 1335 2190 1392 dum
2227 1334 2420 1391 Filium
2449 1350 2706 1408 agnosco,
2735 1335 3036 1392 secundum
3064 1349 3097 1388 a
3142 1333 3299 1388 Patre
3325 1329 3576 1386 defendo.

2585 1423 2811 1479 CAPUT
2832 1424 2970 1478 VIII.

2056 1515 2168 1568 Hoc
2212 1511 2256 1567 si
2300 1513 2427 1584 quis
2452 1513 2719 1584 putaverit
2747 1529 2836 1568 me
2878 1511 3127 1583 προϐολὴν
3176 1510 3414 1580 aliquam
3471 1507 3576 1577 (18)

1990 1600 2158 1658 I63
2184 1599 2552 1668 introducere,
2592 1601 2645 1654 id
2694 1609 2795 1671 est,
2829 1600 3178 1671 prolationem
3229 1596 3306 1654 rei
3349 1595 3576 1652 alterius

1985 1707 2048 1748 ex
2079 1690 2269 1756 altera,
2300 1689 2445 1762 quod
2491 1689 2616 1746 facit
2637 1689 2974 1753 Valentinus,
3004 1689 3166 1742 alium
3206 1693 3370 1758 atque
3399 1684 3565 1740 alium

267 1767 380 1837 nis;
431 1785 572 1840 quae
607 1773 854 1831 initium
893 1777 1112 1846 accepit
1148 1778 1376 1834 viarum
1415 1778 1478 1832 in
1525 1779 1626 1834 Dei
1652 1795 1824 1850 opera
1855 1797 1873 1833 :
1981 1779 2208 1835 Eonem
2237 1779 2304 1836 de
2320 1759 2500 1834 Eone
2544 1777 2878 1848 producens;
2930 1775 3105 1848 primo
3143 1775 3364 1847 quidem
3395 1772 3572 1828 dicam

268 1864 315 1911 et
340 1874 470 1929 quae
507 1861 719 1918 calum
747 1863 1134 1933 conﬁrmavit;
1152 1881 1257 1938 per
1291 1881 1456 1937 quam
1486 1869 1682 1924 omnia
1714 1869 1874 1938 facta

267 1952 410 2012 sunt,
443 1958 516 2004 et
559 1951 688 2008 sine
717 1967 823 2022 qua
859 1951 906 1990 3"
951 1954 1099 2010 nihil
1129 1957 1353 2025 factum
1381 1961 1465 2012 est
1498 1959 1686 2028 (Joan.
1719 1972 1759 2021 ι,
1792 1957 1871 2025 3).

267 2035 374 2093 Nec
398 2037 624 2093 diutius
661 2039 731 2094 de
768 2039 888 2108 isto,
921 2041 1072 2112 quasi
1121 2059 1230 2098 non
1278 2044 1347 2100 de
1392 2043 1511 2116 ipso
1557 2044 1628 2100 sit
1667 2059 1870 2110 sermo,

269 2133 318 2180 et
367 2126 421 2180 in
489 2127 734 2199 SOphiae,
791 2138 846 2184 et
908 2129 963 2184 in
1009 2130 1233 2188 rationis
1264 2177 1278 2200 ,
1340 2140 1397 2188 et
1449 2133 1500 2187 in
1557 2135 1738 2190 omnis
1783 2133 1870 2188 di-

271 2213 369 2268 vini
416 2215 595 2273 animi
652 2226 706 2273 et
760 2218 985 2290 spiritus
1054 2221 1292 2290 nomine,
1343 2221 1436 2293 qui
1501 2221 1645 2278 ﬁlius
1699 2223 1872 2279 factus

275 2313 349 2360 est
387 2305 520 2370 Dei,
564 2307 638 2362 de
691 2323 801 2379 quo
856 2308 1171 2380 prodeundo
1225 2320 1511 2384 generatus
1547 2324 1648 2369 est.
1702 2312 1868 2386 Ergo,

277 2391 465 2464 inquis,
520 2395 625 2452 das
670 2397 906 2469 aliquam
954 2401 1308 2456 substantiam
1363 2418 1482 2458 esse
1531 2402 1870 2470 Sermonem,

281 2483 459 2554 spiritu
510 2493 567 2540 et
625 2486 846 2560 Sephire
893 2490 1182 2546 traditione
1229 2493 1641 2548 constructam?
1686 2493 1864 2550 Plane.

281 2571 386 2627 Noti
443 2573 535 2629 vis
601 2575 751 2630 enim
807 2593 932 2635 eum
1001 2580 1391 2636 substantivum
1439 2581 1636 2638 habere
1690 2581 1744 2635 in
1810 2596 1870 2638 re

285 2675 372 2730 per
425 2665 753 2720 substantiae
806 2667 1210 2738 proprietatem,
1258 2676 1319 2724 ut
1375 2685 1464 2726 res
1521 2677 1574 2726 et
1640 2685 1870 2742 persona

287 2750 514 2820 quaedam
543 2751 726 2809 videri
758 2756 947 2827 possit,
977 2765 1028 2811 et
1055 2757 1128 2812 ita
1155 2757 1331 2830 capiat
1357 2759 1628 2816 secundus
1675 2774 1704 2813 a
1756 2759 1870 2815 Deo

293 2839 601 2897 constitutus
631 2841 774 2898 duos
817 2844 1055 2915 efﬁcere,
1089 2847 1302 2904 Patrem
1347 2855 1400 2905 et
1448 2844 1665 2914 Filium,
1697 2848 1870 2904 Deum

299 2933 348 2979 et
390 2927 717 2988 Sermonem.
761 2931 906 3002 Quid
955 2943 1040 2991 est
1084 2935 1249 3004 enim,
1298 2936 1468 3002 dices,
1515 2951 1715 3004 sermo,
1766 2936 1868 2990 nisi

312 3027 400 3068 vox
447 3028 497 3073 et
549 3034 715 3077 sonus
768 3023 904 3089 oris,
933 3032 990 3079 et
1042 3024 1208 3095 (sicut
1257 3026 1592 3100 grammatici
1632 3025 1868 3098 tradunt)

314 3115 399 3156 aer
431 3103 848 3180 oiiensus,(t6),
909 3111 1264 3183 intelligibilis
1315 3113 1537 3183 auditu;
1595 3123 1868 3180 caeterum,

311 3202 517 3246 vacuum
560 3197 732 3252 nescio
774 3198 928 3271 quid,
971 3209 1022 3256 et
1068 3199 1250 3268 inane,
1281 3211 1335 3258 et
1381 3201 1756 3272 incorporale?
1796 3203 1867 3256 At

295 3291 391 3350 ego
416 3281 536 3338 nihil
561 3283 686 3341 dico
716 3286 784 3342 de
826 3287 939 3342 Deo
968 3287 1126 3345 inane
1167 3297 1220 3346 et
1260 3306 1484 3347 vacuum
1514 3289 1730 3362 prodire
1766 3306 1865 3363 po-

289 3365 460 3437 tuisse,
489 3381 553 3426 ut
596 3387 706 3428 non
752 3374 820 3430 de
849 3374 996 3431 inani
1027 3382 1081 3432 et
1108 3392 1279 3435 vacuo
1307 3379 1603 3449 prolatum;
1638 3395 1740 3435 nec
1767 3395 1862 3434 ca-

281 3467 391 3511 rere
414 3457 736 3526 substantia,
767 3462 914 3534 quod
959 3463 1028 3520 de
1065 3473 1210 3520 tanta
1248 3466 1550 3522 substantia
1577 3467 1860 3539 processit,

279 3550 324 3598 et
403 3553 581 3602 tantas
652 3551 984 3608 substantias
1049 3551 1191 3618 fecit,
1248 3554 1390 3610 enim
1444 3564 1498 3612 et
1555 3555 1674 3626 ipse
1741 3571 1864 3626 qua:

276 3629 402 3689 facta
447 3648 586 3692 sunt
640 3653 739 3708 per
791 3639 960 3696 illum.
992 3639 1165 3711 Quale
1212 3651 1296 3699 est
1349 3652 1408 3700 ut
1462 3643 1597 3699 nihil
1627 3645 1698 3700 sit
1723 3643 1863 3717 ipse,

275 3721 378 3777 sine
407 3741 525 3796 quo
560 3725 696 3782 nihil
749 3726 951 3785 factum
981 3731 1101 3786 est?
1128 3739 1188 3786 ut
1229 3730 1407 3788 inanis
1445 3732 1638 3800 solida,
1670 3742 1726 3788 et
1770 3750 1867 3791 va-

270 3822 394 3872 cuus
419 3814 611 3883 plena,
645 3823 700 3870 et
738 3814 1095 3888 incorporalis
1123 3819 1428 3892 corporalia
1454 3821 1527 3878 sit
1575 3819 1866 3893 cperatus?

270 3897 394 3955 Nam
431 3903 548 3958 etsi
577 3912 758 3974 potest
786 3905 1077 3978 aliquando
1105 3909 1234 3979 quid
1273 3908 1390 3968 ﬁeri
1427 3910 1702 3967 diversum
1743 3912 1866 3982 ejus

269 4000 359 4054 per
379 3990 540 4062 quod
591 3990 675 4059 ﬁt,
704 3992 837 4047 nihil
875 4002 1054 4050 tamen
1091 4005 1272 4067 potest
1315 3996 1436 4052 ﬁeri
1481 4013 1579 4069 per
1626 3999 1678 4052 id
1719 3997 1863 4070 quod

264 4089 492 4134 vacuum
529 4088 584 4134 et
622 4079 777 4136 inane
809 4093 909 4139 est.
942 4082 1123 4140 Vacua
1157 4093 1212 4140 et
1239 4083 1415 4141 inanis
1442 4101 1530 4142 res
1565 4095 1648 4142 est
1673 4087 1864 4144 Sermo

1982 1867 2101 1934 tibi,
2140 1883 2247 1923 non
2277 1867 2398 1923 ideo
2427 1881 2536 1922 non
2565 1867 2730 1923 utitur
2768 1867 2817 1904 ⁴²
2847 1874 2900 1922 et
2927 1863 3124 1919 veritas
3153 1861 3416 1918 vocabulo
3445 1859 3569 1925 isto,

1979 1964 2033 2012 et
2061 1971 2118 2012 re
2145 1971 2209 2012 ac
2244 1971 2408 2012 censu
2437 1956 2578 2025 ejus,
2627 1955 2753 2027 quia
2798 1963 2854 2010 et
2897 1953 3121 2010 haeresis
3169 1949 3352 2024 potius
3379 1965 3448 2006 ex
3475 1964 3575 2003 ve-

1965 2045 2137 2122 _ritate
2174 2044 2403 2114 accepit,
2431 2043 2578 2117 quod
2605 2044 2673 2097 ad
2712 2042 3056 2099 mendacium
3105 2055 3265 2097 suum
3314 2044 3562 2094 strueret.

1980 2133 2224 2189 Prolatus
2252 2142 2333 2187 est
2359 2145 2542 2187 sermo
2573 2132 2692 2198 Dei,
2711 2131 2930 2186 annon?
2962 2130 3061 2186 Hic
3089 2143 3298 2184 mecum
3328 2127 3565 2201 gradum

1977 2220 2102 2293 ﬁge.
2129 2221 2186 2276 Si
2217 2221 2455 2290 prolatus
2483 2228 2586 2288 est,
2609 2234 2878 2293 cognosce
2905 2219 3190 2291 probolam
3213 2215 3472 2281 veritatis,
3509 2223 3564 2268 et

1977 2309 2170 2366 viderit
2205 2309 2428 2365 heresis
2445 2310 2488 2365 si
2515 2308 2649 2381 quid
2677 2308 2745 2364 de
2792 2307 3015 2364 veritate
3042 2306 3246 2362 imitata
3300 2313 3403 2362 est.
3447 2304 3562 2358 Jam

1977 2413 2124 2454 nunc
2151 2399 2426 2469 quaeritur,
2483 2397 2604 2470 quis
2633 2396 2908 2468 quomodo
2935 2404 3115 2452 utatur
3143 2394 3321 2467 aliqua
3376 2409 3455 2461 re,
3507 2401 3561 2448 et

1977 2487 2241 2542 vocabulo
2287 2489 2427 2554 ejus.
2485 2485 2802 2540 Valentinus
2831 2485 3087 2556 probolas
3115 2499 3246 2541 suas
3300 2481 3561 2540 discernit

1978 2585 2033 2632 et
2058 2584 2273 2648 separat
2311 2577 2379 2631 ab
2418 2583 2637 2631 auctore
2671 2594 2684 2630 :
2719 2582 2772 2630 et
2801 2575 2874 2630 ita
2903 2574 3063 2649 longe
3091 2574 3160 2630 ab
3181 2589 3248 2630 eo
3290 2573 3458 2645 ponit,
3506 2580 3567 2628 ut

1978 2665 2114 2720 Eon
2143 2673 2348 2737 patrem
2394 2664 2608 2720 nesciat.
2642 2665 2906 2737 Denique,
2957 2663 3218 2720 desiderat
3255 2677 3439 2728 nosse,
3470 2676 3570 2717 nec

1978 2759 2182 2825 potest;
2208 2755 2317 2810 imo
2346 2763 2399 2812 et
2428 2771 2566 2827 pene
2602 2755 2914 2821 devoratur,
2947 2761 3002 2810 et
3028 2751 3347 2808 dissolvitur
3397 2751 3452 2804 in
3485 2766 3570 2806 re-

1979 2845 2175 2914 liquam
2207 2845 2575 2900 substantiam.
2629 2843 2790 2916 Apud
2821 2858 2923 2898 nos
2953 2851 3128 2898 autem
3185 2842 3335 2897 solus
3392 2840 3571 2896 Filius

1979 2934 2207 2987 Patrem
2233 2934 2388 2988 novit
2409 2933 2628 3002 (Matth.
2662 2949 2744 2998 iu,
2777 2935 2893 3000 27),
2925 2939 2981 2988 et
3007 2932 3201 2988 sinum
3229 2929 3419 2986 Patris
3450 2931 3568 3001 ipse

1975 3022 2237 3094 exposuit
2275 3022 2459 3090 (Joan.
2519 3037 2557 3086 ι,
2600 3022 2712 3091 18),
2763 3032 2816 3076 et
2844 3021 3026 3076 omnia
3053 3020 3197 3092 apud
3229 3022 3436 3076 Patrem
3465 3035 3569 3074 au-

1976 3111 2120 3167 divit
2148 3110 2379 3172 etvidit,
2412 3114 2468 3165 et
2495 3109 2546 3148 ‘3
2574 3127 2699 3181 qum
2728 3111 3037 3165 mandatus
3065 3115 3151 3166 est
3178 3125 3213 3162 a
3237 3111 3425 3171 Patre,
3442 3124 3506 3164 ea
3519 3111 3573 3162 et

1978 3199 2234 3269 loquitur
2259 3198 2446 3264 (Joan.
2480 3211 2602 3262 vm,
2635 3198 2866 3265 26).Nec
2895 3214 3084 3260 suam,
3119 3196 3212 3252 sed
3243 3197 3432 3250 Patris
3451 3211 3574 3266 per-

1971 3289 2110 3357 fecit
2155 3287 2504 3363 voluntatem
2538 3285 2700 3353 (Joan
2739 3300 2810 3349 v1,
2847 3287 2960 3354 38),
2991 3299 3153 3356 quam
3182 3283 3247 3338 de
3282 3283 3570 3353 proximo,

1971 3377 2080 3431 imo
2108 3375 2174 3434 de
2192 3375 2364 3432 initio
2413 3377 2673 3430 noverat.
2710 3374 2841 3442 Quis
2863 3374 3020 3431 enim
3047 3375 3156 3428 scit
3187 3387 3312 3444 qua:
3340 3373 3458 3426 sint
3508 3371 3572 3424 in

1971 3467 2102 3532 Deo,
2125 3465 2243 3521 nisi
2263 3463 2502 3536 spiritus
2515 3465 2614 3535 qui
2643 3464 2705 3517 in
2725 3465 2841 3536 ipso
2868 3468 2949 3518 est
2972 3463 3039 3516 .91
3075 3463 3197 3517 Cor.
3227 3475 3292 3532 ιι,
3313 3457 3430 3529 11.)
3452 3460 3574 3516 Ser-

1971 3572 2062 3611 mo
2090 3559 2287 3611 autem
2328 3554 2542 3624 spiritu
2569 3556 2826 3608 structus
2857 3556 2962 3622 est,
2995 3559 3051 3606 et
3096 3557 3153 3605 ut
3183 3550 3255 3604 ita
3314 3548 3565 3616 dixerim,

1972 3641 2242 3699 sermonis
2275 3654 2476 3710 corpus
2497 3649 2577 3694 est
2606 3640 2846 3709 spiritus.
2878 3641 3066 3696 Sermo
3093 3653 3224 3710 ergo
3255 3645 3309 3695 et
3336 3638 3392 3693 in
3412 3639 3570 3694 Patre

1971 3745 2209 3802 semper,
2240 3729 2379 3786 sicut
2403 3727 2537 3784 dicit
2571 3745 2582 3782 :
2626 3731 2734 3798 Ego
2765 3730 2828 3784 in
2885 3731 3057 3786 Patre
3086 3729 3270 3797 (Joan.
3307 3743 3418 3791 xw,
3457 3727 3564 3794 11).

1972 3829 2027 3877 et
2087 3818 2230 3891 apud
2285 3818 2458 3874 Deum
2512 3832 2752 3888 semper,
2800 3817 2940 3872 sicut
2983 3815 3246 3887 scriptum
3303 3827 3385 3873 est
3428 3832 3442 3870 :
3494 3818 3562 3871 Et

1973 3911 2164 3967 Sermo
2192 3911 2319 3962 erat
2348 3905 2502 3978 apud
2534 3909 2706 3963 Deum
2745 3907 2931 3976 (Joan.
2965 3922 3006 3974 ι,
3063 3905 3142 3976 1.)
3179 3905 3250 3960 Ει
3279 3919 3556 3975 nunquam

1973 4005 2254 4065 separatus
2282 4009 2314 4047 a
2359 3994 2535 4061 Patre,
2569 4001 2661 4049 aut
2712 3994 2852 4050 alius
2879 4011 2910 4050 a
2939 3995 3116 4059 Patre,
3147 3993 3292 4067 quia,
3352 3997 3460 4066 Ego
3508 3998 3565 4050 et

1973 4087 2147 4140 Pater
2173 4099 2359 4140 unum
2397 4099 2598 4139 sumus
2620 4084 2806 4155 (Joan.
2829 4101 2885 4148 ιι,
2915 4085 3026 4153 30).
3053 4084 3182 4139 Haec
3212 4083 3315 4138 erit
3342 4082 3569 4153 probola

266 4163 380 4236 Dei,
406 4169 524 4238 qui
568 4167 741 4224 Filius
776 4169 953 4227 dictus
996 4180 1096 4237 est,
1131 4173 1226 4244 qui
1258 4173 1374 4244 ipse
1400 4175 1548 4231 Deus
1571 4175 1861 4246 cognomi-
1970 4171 2235 4237 veritatis,
2281 4182 2464 4228 custos
2535 4171 2789 4238 unitatis,
2848 4188 2956 4244 qua
3008 4172 3280 4242 prolatum
3334 4171 3567 4226 dicimus

259 4263 416 4311 natus
446 4263 545 4312 est
577 4277 590 4314 :
624 4259 690 4314 Et
718 4273 900 4317 sermo
932 4265 1056 4315 erat
1085 4263 1234 4333 apud
1261 4265 1456 4327 Deum,
1475 4269 1528 4320 et
1568 4266 1708 4320 Deus
1737 4267 1860 4320 erat
1895 4331 1926 4333 _
1969 4259 2164 4316 Filium
2194 4275 2226 4314 a
2254 4260 2436 4328 Patre,
2467 4259 2561 4313 sed
2601 4275 2710 4316 non
2739 4266 3052 4330 separatum
3100 4261 3151 4298 ἰδ
3181 4259 3311 4330 (19).
3365 4260 3564 4314 Protu-

261 4343 488 4404 Sermo?
529 4348 713 4416 (Joan.
747 4349 789 4414 Ι,
826 4349 903 4419 1.)
933 4331 1198 4422 Scriptum
1230 4362 1310 4410 est
1339 4373 1352 4408 :
1384 4355 1504 4411 Non
1530 4370 1720 4410 sumes
1759 4370 1859 4410 no-
1893 4331 1939 4409 ll
1969 4350 2034 4407 lit
2079 4349 2222 4406 enim
2278 4348 2426 4402 Deus
2487 4348 2824 4413 Sermonem,
2889 4348 3344 4418 quemadmodum
3405 4351 3567 4405 etiam

257 4447 383 4489 men
411 4434 531 4489 Dei
577 4435 644 4488 in
689 4449 902 4492 vanum
944 4437 1142 4504 (Exod.
1188 4454 1292 4505 xx,
1324 4442 1406 4510 7).
1448 4441 1548 4494 Hic
1584 4447 1728 4496 certe
1759 4449 1860 4504 est,
1974 4437 2282 4494 Paracletus
2337 4435 2518 4503 docet,
2572 4435 2710 4491 sicut
2786 4436 2939 4490 radix
3004 4435 3271 4501 fruticem,
3335 4444 3389 4491 et
3443 4437 3566 4491 fons

253 4524 343 4589 qui
364 4523 645 4596 inefﬁgie
661 4526 760 4582 Dei
773 4529 1266 4592 constitutus,non
1282 4532 1548 4602 rapinam
1565 4529 1868 4588 existima-
1976 4526 2220 4593 ﬂuvium,
2251 4532 2305 4580 et
2331 4523 2414 4580 sol
2443 4522 2675 4580 radium.
2703 4524 2841 4578 Nam
2873 4532 2929 4578 et
2964 4522 3080 4578 istm
3109 4523 3316 4595 species
3369 4524 3589 4593 probo-.

1651 4680 1839 4743 Variae
1885 4681 2194 4742 lectiones.

319 4779 369 4818 ³⁵
397 4780 686 4861 Qaqdenti
716 4784 884 4861 Seml.
913 4783 1169 4861 36_Quem
1188 4790 1426 4861 Eraneq.
1457 4787 1654 4861 37(Quﬁo
1695 4791 1931 4858 Franeq.
1967 4782 2288 4861 38_Negavit
2335 4782 2510 4861 Rhen:
2558 4783 2744 4861 Segnia
2784 4777 3006 4861 Doerth.
3029 4777 3174 4861 _39
3201 4779 3343 4861 add;
3389 4779 3557 4838 Seml.

511 4853 568 4892 ⁸ο
595 4853 920 4912 Substantiaz
949 4851 1124 4915 Rhen.
1153 4858 1200 4898 ἰι
1222 4859 1318 4915 Hic
1346 4851 1472 4917 Lat.
1513 4851 1772 4916 “'Utatur
1817 4851 1988 4916 Fran.
2019 4851 2205 4939 Paris.
2257 4861 2435 4910 utetur
2482 4855 2605 4909 Lat.
2637 4855 2687 4892 4³
2715 4853 2797 4909 Ad
2813 4856 2986 4910 inser.
3020 4852 3210 4909 Latin.
3230 4853 3278 4891 ἰιι
3308 4853 3558 4909 Paratum

1657 5000 2162 5066 Commentarius.

319 5099 628 5180 {16)Quid
648 5104 733 5180 ait
751 5103 925 5180 enim,
937 5103 1113 5180 dices,
1140 5122 1340 5180 sermo,
1363 5107 1478 5163 nisi
1498 5123 1608 5164 υοω
1623 5112 1679 5164 et
1693 5125 1862 5167 sonus

252 5170 386 5251 oris,
413 5175 475 5250 et
501 5186 603 5226 aer
623 5170 915 5298 agemus?
932 5173 1020 5230 Sic
1039 5176 1174 5234 libro
1193 5179 1260 5232 de
1281 5180 1707 5236 Resurrectione
1727 5195 1861 5235 car-

253 5256 342 5296 nts
369 5243 476 5296 nbl
521 5241 594 5297 de
707 5244 908 5298 litibus.
937 5261 1073 5298 auos
1115 5250 1388 5298 accepisse
1427 5250 1696 5298 hominem
1743 5251 1855 5298 ait:

253 5241 476 5322 nisubi
521 5241 594 5322 de
642 5241 908 5322 dentibus,
937 5261 1073 5322 quos
1098 5250 1388 5322 accepisse
1427 5250 1696 5322 hominem
1743 5251 1855 5306 ait:

231 5329 281 5384 ,ε
325 5311 611 5396 Δκέραιε
639 5311 901 5395 articulos
921 5311 1218 5396 offensione
1245 5311 1713 5396 signandos:_Bic.

324 5382 449 5451 (17)
473 5385 614 5464 Quis
644 5386 1040 5464 enimnegaoit
1064 5382 1519 5464 Qeume'orpus?
1540 5394 1602 5450 V.
1629 5395 1686 5449 In
1719 5395 1860 5451 hunc

275 5466 444 5536 ecum
473 5454 561 5536 D._
579 5456 648 5511 Le
676 5454 936 5536 Nourrrj
963 5459 1016 5536 in
1064 5454 1692 5536 TertullianiApologet.
1731 5466 1856 5522 Dis-

258 5528 583 5608 sert..,‘c:_7,
607 5537 711 5582 art.
735 5532 785 5608 ᾖ.
810 5537 851 5582 t.
872 5528 900 5586 I
923 5529 1145 5608 hujusce
1171 5533 1330 5608 edit.,
1355 5550 1409 5603 p.
1430 5528 1526 5608 8'11
1547 5528 1694 5608 squ.
1715 5536 1856 5591 Enn.

324 5596 449 5662 (18)
468 5597 774 5667 Putauerit
795 5615 884 5656 me
901 5596 1148 5672 προίολὴν
1168 5596 1441 5676 aliquam.
1463 5604 1564 5660 Per
1595 5596 1732 5663 lianc
1759 5622 1859 5664 vo-

1968 5120 2086 5162 cem
2115 5115 2210 5184 seu
2241 5101 2596 5174 prolationem
2645 5101 2710 5184 id_
2737 5101 2992 5184 explicat
3001 5103 3157 5184 quod
3216 5104 3316 5184 S_S_.
3360 5107 3562 5184 Patres

1969 5173 2377 5252 generationem
2411 5185 2628 5252 vocant,
2659 5173 2752 5228 ubi
2800 5173 3053 5252 deifilio
3099 5191 3192 5232 seu
3250 5177 3442 5252 Verbo
3483 5179 3563 5236 lo-

1966 5244 2220 5372 ᾇιιιιῐιιιιῖξ
2246 5246 2338 5317 qui
2367 5246 2586 5318 γενητὸς,
2619 5260 2744 5300 cum
2800 5244 3034 5317 Spiritus
3061 5257 3280 5304 sanctus
3327 5249 3398 5304 sit
3425 5249 3566 5305 ἐκπο-

1967 5339 2150 5372 οωτος.
2223 5332 2298 5371 lG.

1996 5321 2150 5379 ωτός.
2172 5321 2298 5372 RIG.

1967 5341 2157 5462 ρωᾶοξξ)
2341 5403 2456 5463 non
2481 5392 2856 5463 separatum.
2891 5388 3047 5446 Unde
3107 5399 3183 5448 tot
3205 5391 3563 5463 “quaestiones

1966 5458 2152 5539 utrum
2180 5461 2231 5539 si.
2255 5458 2400 5539 aliud
2429 5476 2460 5513 a
2481 5458 2672 5528 Patre;
2703 5461 2850 5531 quod
2873 5476 2978 5516 non
3011 5458 3353 5528 conceditur,
3373 5478 3562 5533 quam-

1967 5535 2050 5590 vis
2070 5533 2141 5589 sit
2165 5530 2324 5586 aiius.
2357 5532 2485 5588 R16.
