4032 6152
420 346 527 410 ἳ87

1106 345 1551 408 TERTULLIANI
1591 346 1853 409 OPBRUM
1889 344 2061 406 PARS
2095 343 2163 404 ll.
2202 372 2277 387 -—
2312 340 2539 404 SERIES
2570 342 2610 411 Ι,
2652 342 2997 403 POLEMICA.

3606 346 3714 404 188

420 476 484 531 la:
515 482 638 530 sunt
692 488 873 531 earum
913 472 1356 542 subslantiarum,
1395 489 1459 529 ex
1488 473 1687 546 quibus
1723 474 2012 546 prodeunt.
2046 484 2095 565 Α
2123 472 2380 527 etalium
2394 468 2933 528 advocata-inmittet
2952 470 3404 545 vobis,Spiritum
3425 474 3710 532 veritatis.

418 562 531 620 Nec
556 561 913 617 dubitaverim
950 562 1145 619 Filium
1175 562 1375 628 dicere,
1411 569 1463 618 et
1500 562 1697 619 radicis
1744 561 2011 629 fruticem,

418 666 472 716 et
508 657 668 714 fontis
709 658 949 728 ﬂuvium,
984 666 1038 715 et
1068 658 1200 715 solis
1239 658 1481 725 radium;
1525 658 1650 731 quia
1674 658 1851 715 omnis
1902 658 2017 715 ori-

418 765 489 823 go
518 757 708 820 patens
755 757 871 821 est;
925 757 978 806 et
1015 763 1177 805 omne
1214 749 1360 820 quod
1398 764 1462 804 ex
1522 748 1734 824 origine
1798 748 2015 820 profer-

418 846 522 904 tur,
571 838 864 910 progenies
909 845 1008 907 est,
1069 834 1241 893 multo
1291 839 1461 909 magis
1509 838 1699 894 Sermo
1746 839 1865 908 Dei,
1921 837 2014 909 qui

417 926 578 983 etiam
606 927 823 998 praprie
863 942 1059 983 nomen
1102 926 1225 981 Filii
1263 925 1469 998 accepit
1501 945 1514 983 :
1550 941 1651 983 nec
1698 927 1875 983 frutex
1923 935 2010 983 ta-

417 1032 542 1071 men
570 1033 601 1071 a
629 1016 831 1083 radice,
863 1033 963 1073 nec
982 1016 1175 1075 ﬂuvius
1205 1033 1235 1071 a
1275 1016 1446 1083 fonte,
1478 1032 1576 1073 nec
1615 1017 1797 1073 radius
1824 1033 1857 1073 a
1900 1017 2014 1073 sole

416 1107 769 1174 discernitur,
818 1106 954 1164 sicut
982 1124 1080 1163 nec
1107 1122 1137 1161 a
1166 1108 1280 1163 Deo
1336 1107 1547 1163 Sermo.
1592 1108 1762 1183 Igitur
1808 1123 2012 1164 secun-

413 1195 540 1251 dum
597 1197 787 1252 horum
841 1197 1211 1269 exemplorum
1283 1196 1531 1264 formam,
1593 1197 1854 1269 proﬁteor
1922 1212 2009 1253 me

416 1287 556 1341 duos
583 1285 781 1352 dicere,
814 1287 984 1343 Deum
1033 1295 1085 1343 et
1132 1288 1448 1344 Sermonem
1493 1290 1629 1359 ejus,
1692 1290 1906 1345 Patrem
1963 1297 2015 1345 et

418 1371 609 1430 Filium
640 1374 833 1447 ipsius.
867 1375 1006 1431 Nam
1037 1383 1092 1431 et
1112 1376 1261 1431 radix
1298 1384 1351 1432 et
1381 1376 1557 1433 frutex
1592 1376 1712 1432 duze
1741 1392 1828 1434 res
1864 1386 2014 1450 sunt,

418 1465 512 1521 sed
551 1465 869 1533 conjunctae.
903 1466 969 1520 Et
993 1465 1114 1520 fons
1143 1474 1198 1521 et
1235 1466 1438 1523 ﬂumen
1467 1468 1590 1523 duae
1621 1467 1838 1539 Species
1867 1476 2011 1534 sunt,

418 1555 509 1611 sed
541 1553 809 1609 indivisze.
840 1554 904 1610 Et
932 1554 1012 1611 sol
1054 1563 1106 1611 et
1138 1557 1318 1611 radius
1356 1556 1477 1613 duae
1508 1556 1696 1615 formae
1736 1566 1881 1624 sunt,
1916 1559 2011 1615 sed

418 1644 771 1702 cohaerentes.
804 1642 977 1699 Omne
1008 1645 1151 1716 quod
1197 1646 1380 1717 prodit
1436 1663 1502 1703 ex
1558 1646 1758 1720 aliquo,
1810 1663 2006 1704 secun-

417 1732 547 1797 dum
575 1732 645 1787 sit
673 1733 792 1802 ejus
838 1748 1059 1790 necesse
1090 1742 1171 1790 est
1202 1734 1270 1790 de
1325 1751 1433 1806 quo
1466 1735 1675 1806 prodit,
1722 1753 1831 1792 non
1884 1736 2008 1794 ideo

417 1828 593 1877 tamen
627 1832 705 1876 est
743 1829 1064 1893 separatum.
1097 1823 1376 1879 Secundus
1397 1835 1574 1881 autem
1604 1824 1697 1881 ubi
1742 1835 1839 1891 est,
1904 1826 2011 1881 duo

420 1917 562 1964 sunt.
597 1910 663 1964 Et
700 1910 892 1966 tertius
930 1910 1019 1965 ubi
1045 1919 1146 1980 est,
1178 1919 1287 1969 tres
1337 1925 1478 1968 sunt.
1505 1914 1725 1970 Tertius
1754 1916 1898 1970 enim
1930 1917 2012 1971 est

427 1996 595 2054 I64
635 1997 867 2069 Spiritus
908 2016 937 2055 a
966 2001 1080 2056 Deo
1111 2009 1162 2057 et
1191 2001 1344 2071 Filio,
1372 2004 1510 2059 sicut
1545 2003 1738 2061 tertius
1774 2020 1803 2059 a
1834 2004 2013 2060 radice

421 2087 630 2144 fructus
667 2103 731 2143 ex
763 2088 961 2145 frutice
985 2107 999 2157 ;
1022 2097 1076 2144 et
1098 2089 1285 2146 tertius
1315 2106 1343 2144 a
1366 2091 1530 2161 fonte,
1563 2093 1713 2149 rivus
1744 2109 1809 2149 ex
1847 2094 2021 2148 flumi.

421 2192 524 2246 ne;
561 2183 615 2232 et
650 2175 843 2233 tertius
870 2193 900 2231 a
926 2178 1064 2243 sole,
1091 2194 1225 2252 apex
1254 2195 1319 2235 ex
1346 2180 1519 2237 radio.
1577 2181 1723 2237 Nihil
1777 2192 1952 2239 tamen
1985 2202 2015 2239 a

419 2263 646 2320 matrice
673 2263 956 2332 alienatur,
989 2280 1019 2321 a
1049 2282 1154 2338 qua
1185 2266 1548 2339 proprietates
1577 2285 1704 2326 suas
1724 2269 1889 2325 ducit.
1937 2272 2015 2325 Ita

415 2353 625 2410 trinitas
672 2370 770 2427 per
796 2362 1075 2411 consertos
1114 2364 1167 2411 et
1212 2372 1487 2414 connexos
1536 2359 1736 2432 gradus
1784 2374 1815 2413 a
1858 2361 2014 2416 Patre

410 2443 722 2510 decurrens,
781 2454 833 2501 et
870 2446 1210 2502 monarchiae
1259 2446 1393 2502 nihil
1433 2446 1720 2521 obstrepit,
1779 2457 1830 2505 et
1858 2465 2012 2508 oeco-

411 2534 610 2591 nomia?
644 2542 841 2591 statum
878 2536 1139 2610 protegit.

1033 2625 1257 2683 CAPUT
1295 2626 1372 2681 IX
1385 2666 1399 2683 .

482 2713 631 2769 Hanc
652 2727 736 2768 me
765 2711 1010 2785 regulam
1066 2713 1394 2784 professum,
1426 2730 1531 2788 qua
1561 2714 1900 2789 inseparatos
1941 2720 2008 2773 ab

409 2800 664 2859 alterutro
698 2804 913 2859 Patrem
944 2810 995 2859 et
1024 2802 1214 2859 Filium
1265 2811 1318 2859 et
1347 2804 1605 2875 Spiritum
1639 2814 1829 2872 testor,
1886 2815 2007 2864 tene

412 2888 653 2960 ubique;
706 2899 760 2945 et
796 2891 888 2957 ita,
950 2891 1078 2961 quid
1125 2894 1399 2963 quomodo
1431 2894 1658 2961 dicatur,
1720 2910 2003 2966 agnosces.

415 2975 552 3032 Ecce
588 2976 728 3032 enim
761 2978 881 3034 dico
902 2977 1071 3037 alium
1091 2996 1209 3037 esse
1238 2982 1468 3053 Patrem,
1504 2996 1556 3040 et
1592 2984 1756 3040 alium
1793 2985 2004 3052 Filium,

2128 562 2218 618 Sic
2243 560 2408 616 alium
2445 576 2477 615 a
2506 576 2566 617 se
2594 561 2945 630 Paracletum,
2974 561 3251 633 quomodo
3279 565 3334 618 et
3362 577 3463 619 nos
3486 580 3520 619 ι
3546 564 3712 620 Patre

2121 652 2285 707 alium
2312 651 2524 722 Filium,
2546 657 2607 707 ut
2634 651 2845 708 tertium
2874 653 3099 725 gradum
3133 652 3445 710 ostenderet
3474 656 3527 709 in
3557 655 3713 711 Pars»

2121 740 2279 808 cleto,
2321 742 2461 797 sicut
2488 757 2591 797 nos
2618 741 2916 799 secundum
2956 740 3009 796 in
3040 741 3195 813 Filio,
3229 749 3450 814 propter
3481 758 3707 802 oecono-

2122 831 2245 888 miae
2281 832 2726 889 observationem.
2766 832 2949 902 Ipsum
2980 831 3124 902 quod
3153 831 3312 887 Pater
3341 840 3393 887 et
3421 832 3591 888 Filius
3620 833 3708 887 di-

2121 931 2331 989 cuntur,
2363 937 2544 977 nonne
2572 920 2718 977 aliud
2764 921 2831 975 ab
2877 921 2982 978 alio
3020 921 3138 976 est?
3177 920 3370 993 Utique
3418 921 3559 976 enim
3593 937 3711 978 om-

2116 1014 2206 1067 nia
2235 1012 2381 1084 quod
2410 1018 2691 1079 vocantur,
2723 1011 2827 1067 hoc
2866 1019 3023 1067 erunt
3070 1028 3081 1067 :
3131 1019 3185 1066 et
3222 1010 3363 1082 quod
3392 1020 3570 1080 erunt,
3600 1011 3709 1068 hoc

2120 1101 2451 1157 vocabuntur
2476 1120 2488 1156 :
2512 1111 2566 1158 et
2591 1101 2915 1173 permiscere
2936 1117 2993 1157 se
3019 1101 3305 1159 diversitas
3321 1099 3710 1157 vocabulorum

2120 1204 2229 1245 non
2261 1196 2433 1260 potest
2477 1189 2739 1258 omnimo,
2771 1189 2897 1261 quia
2926 1205 3025 1247 nec
3062 1207 3260 1257 rerum,
3293 1204 3519 1263 quarum
3551 1196 3715 1245 erunt

2119 1278 2397 1337 vocabula.
2421 1282 2517 1336 Est
2545 1284 2649 1344 est,
2682 1295 2797 1336 non
2824 1295 2941 1339 non
2963 1300 2980 1337 :
3002 1297 3139 1337 nam
3169 1280 3311 1353 quod
3327 1279 3570 1353 amplius
3600 1282 3710 1349 est,

2121 1369 2221 1428 hoc
2248 1389 2283 1427 a
2310 1370 2461 1428 malo
2491 1368 2807 1440 est(1l!atth.
2840 1390 2889 1440 v,
2923 1372 3036 1443 3’7).

2748 1463 2974 1519 CAPUT
3003 1462 3078 1517 Χ.

2192 1551 2267 1607 Ita
2315 1559 2404 1607 aut
2435 1551 2594 1608 Pater
2638 1559 2727 1608 aut
2756 1551 2926 1606 Filius
2955 1558 3055 1617 est,
3088 1556 3143 1605 et
3172 1563 3348 1620 neque
3376 1546 3496 1604 dies
3523 1546 3711 1603 eadem

2123 1648 2178 1696 et
2224 1655 2350 1707 nox,
2382 1656 2554 1713 neque
2599 1642 2753 1697 Pater
2790 1641 2926 1696 idem
2975 1648 3029 1697 et
3072 1637 3261 1703 Filius,
3306 1646 3361 1693 ut
3407 1637 3514 1694 sint
3552 1638 3713 1693 ambo

2118 1747 2258 1789 unus
2288 1742 2340 1789 et
2368 1741 2660 1804 utrumque
2688 1731 2821 1787 alter
2871 1748 2883 1785 :
2928 1730 3077 1803 quod
3122 1727 3407 1785 vanissimi
3455 1728 3544 1782 isti
3585 1741 3712 1783 mo-

2120 1823 2391 1882 narchiani
2422 1822 2537 1893 (2t)
2563 1821 2773 1878 volunt.
2802 1822 2927 1893 Ipse
2960 1834 3040 1891 se,
3071 1819 3339 1892 inquiunt,
3371 1816 3564 1872 Filium
3605 1816 3709 1873 sibi

2121 1917 2267 1973 fecit.
2300 1913 2502 1987 Atquin
2532 1913 2688 1968 Pater
2710 1910 2904 1967 Filium
2940 1908 3080 1975 facit,
3109 1917 3163 1964 et
3188 1910 3395 1964 Patrem
3424 1905 3608 1962 Filius.
3640 1906 3715 1961 Et

2121 2005 2216 2079 qui
2244 2020 2308 2060 ex
2358 2003 2619 2059 alterutro
2646 2000 2800 2066 ﬁunt,
2834 2017 2863 2055 a
2901 1998 3207 2069 semetipsis
3246 1996 3349 2052 sibi
3390 1995 3510 2050 ﬁeri
3554 1995 3709 2051 nullo

2122 2094 2286 2149 modo
2323 2090 2487 2148 I65
2521 2098 2769 2163 possunt,
2803 2096 2862 2144 ut
2899 2090 3057 2145 Pater
3094 2102 3150 2143 se
3180 2085 3282 2143 sibi
3312 2084 3505 2141 Filium
3536 2083 3712 2143 faciat.

2125 2194 2179 2240 et
2234 2182 2403 2240 Filius
2458 2197 2517 2237 se
2573 2180 2677 2235 sibi
2732 2182 2941 2235 Patrem
2994 2184 3231 2248 praestet.
3294 2174 3425 2244 Quae
3484 2172 3717 2229 instituit

2123 2274 2283 2340 Deus,
2311 2271 2471 2328 etiam
2522 2270 2636 2341 ipse
2666 2268 2918 2325 custodit.
2962 2268 3165 2322 Habeat
3193 2279 3416 2322 necesse
3445 2270 3527 2319 est
3554 2263 3715 2317 Pater

2122 2361 2336 2428 Filium,
2393 2370 2451 2416 ut
2495 2359 2653 2415 Pater
2683 2357 2780 2430 sit;
2829 2364 2883 2413 et
2958 2354 3131 2413 Filius
3172 2357 3407 2420 Patrem,
3438 2359 3496 2408 ut
3541 2350 3717 2408 Filius

2120 2450 2217 2522 sit;
2252 2449 2395 2505 aliud
2425 2457 2509 2505 est
2550 2454 2730 2504 autem
2768 2447 2985 2511 habere,
3021 2444 3165 2501 aliud
3206 2460 3343 2500 esse.
3374 2442 3539 2499 Verbi
3576 2453 3709 2514 gra-

2120 2539 2211 2607 tia,
2244 2545 2303 2594 ut
2358 2536 2581 2593 maritus
2629 2535 2751 2605 sim,
2782 2534 3006 2590 habeam
3054 2539 3268 2604 oportet
3311 2543 3554 2595 uxorem,
3601 2538 3713 2581 non

2118 2628 2234 2699 ipse
2262 2627 2393 2681 mihi
2422 2640 2517 2681 ero
2547 2639 2699 2681 uxor.
2743 2624 2833 2681 Sic
2859 2624 3039 2689 etiam,
3073 2630 3135 2678 ut
3174 2628 3325 2693 pater
3370 2619 3493 2687 sim,
3535 2616 3708 2672 ﬁlium

2119 2718 2319 2785 habeo;
2363 2732 2470 2771 non
2509 2715 2627 2787 ipse
2678 2714 2808 2770 mihi
2847 2729 2938 2769 ero
2983 2712 3148 2768 ﬁlius.
3193 2712 3258 2767 Et
3304 2717 3363 2765 ut
3399 2707 3541 2765 ﬁlius
3577 2705 3703 2773 sim,

2116 2816 2325 2881 patrem
2368 2808 2559 2873 habeo,
2588 2821 2697 2863 non
2741 2805 2861 2877 ipse
2897 2803 3028 2858 mihi
3058 2819 3150 2859 ero
3189 2808 3361 2875 pater.
3395 2797 3529 2867 Quae
3557 2797 3704 2854 enim

2116 2913 2202 2952 me
2261 2897 2460 2953 faciunt
2516 2895 2561 2952 si
2609 2896 2867 2957 habuero,
2901 2901 3028 2948 tunc
3082 2906 3175 2947 ero
3231 2898 3401 2963 pater,
3433 2890 3478 2944 si
3534 2887 3707 2942 ﬁlium

2114 2988 2367 3055 habeam;
2423 2985 2565 3043 ﬁlius
2611 3000 2723 3053 ero,
2766 2986 2813 3040 si
2858 2992 3084 3056 patrem.
3135 2984 3301 3038 Porro
3347 2980 3391 3035 si
3447 2979 3562 3051 ipse
3609 2992 3709 3033 ero

418 3074 471 3122 et
508 3066 674 3122 alium
726 3067 1004 3140 Spiritum.
1047 3071 1186 3129 Male
1206 3072 1403 3143 accipit
1428 3074 1630 3131 idiotcs
1660 3077 1889 3149 quisque
1919 3084 2011 3133 aut
2042 3063 2086 3144 Β
2117 3078 2245 3149 quid
2287 3093 2493 3139 eorum,
2518 3078 2631 3147 jam
2687 3089 2796 3130 non
2863 3074 3035 3130 habeo
3091 3073 3235 3144 quod
3268 3069 3386 3140 ipse
3433 3082 3527 3124 ero
3559 3084 3573 3120 :
3606 3081 3709 3123 nec

411 3172 694 3228 perversus
756 3159 859 3217 hoc
918 3160 1140 3232 dictum,
1209 3164 1362 3235 quasi
1404 3163 1767 3221 diversitatem
1818 3175 2004 3233 sonet,

412 3256 459 3302 el
494 3261 559 3301 ex
611 3247 918 3307 diversitate
948 3251 1339 3321 separationem
1379 3254 1658 3323 protendat
1696 3256 1772 3319 4⁵,
1833 3255 2012 3309 Patris

417 3344 471 3391 et
508 3336 626 3394 Filii
683 3346 735 3395 et
793 3339 1049 3410 Spiritus.
1090 3342 1424 3396 Necessitate
1461 3349 1643 3396 autem
1690 3343 1793 3397 hoc
1857 3341 2011 3414 dico,

415 3441 535 3481 cum
558 3427 807 3483 eumdem
838 3428 1045 3483 Patrem
1077 3437 1127 3485 et
1157 3429 1352 3484 Filium
1381 3436 1432 3483 et
1480 3428 1740 3497 Spiritum
1787 3439 2010 3487 conten-

416 3516 568 3583 dunt,
614 3516 870 3572 adversus
916 3518 1271 3573 oeconomiam
1334 3516 1667 3573 monarchire
1709 3520 2008 3585 adulantes,

420 3620 528 3659 non
567 3612 747 3661 tamen
779 3606 1084 3662 diversitate
1114 3607 1275 3661 alium
1303 3605 1502 3662 Filium
1523 3624 1554 3662 a
1583 3609 1758 3675 Patre,
1792 3609 1886 3664 sed
1908 3610 2012 3664 dis-

420 3691 745 3766 tributione;
784 3710 885 3751 nec
932 3695 1195 3752 divisione
1254 3697 1443 3765 alium,
1472 3697 1567 3751 sed
1625 3698 2005 3764 distinctione;

417 3781 545 3859 quia
573 3796 683 3836 non
712 3785 781 3837 sit
813 3776 953 3839 idem
984 3783 1141 3838 Pater
1187 3792 1239 3840 et
1266 3784 1454 3852 Filius,
1494 3786 1578 3841 vel
1608 3787 1824 3841 modulo
1877 3786 2011 3842 alius

418 3871 485 3924 ab
550 3871 675 3926 alio.
733 3864 933 3928 Praeter
985 3873 1126 3929 enim
1184 3881 1294 3929 tota
1325 3875 1621 3929 substantia
1653 3885 1731 3930 est
1776 3894 1788 3930 :
1844 3874 2011 3931 Filius

415 3974 544 4018 vero
571 3959 826 4019 derivatio
858 3963 971 4034 (20)
1001 3962 1161 4018 totius
1208 3973 1260 4018 et
1314 3963 1515 4035 portio,
1566 3963 1700 4020 sicut
1721 3964 1835 4035 ipse
1882 3979 2010 4037 pro-

418 4050 619 4116 ﬁtetur,
668 4053 805 4121 Quia
843 4055 1013 4108 Pater
1057 4056 1243 4124 major
1272 4070 1360 4109 me
1390 4058 1469 4108 est
1499 4054 1681 4123 (Joan.
1715 4068 1838 4119 xrv,
1898 4057 2009 4127 28).

418 4143 465 4193 A
499 4155 606 4211 quo
637 4148 689 4195 et
717 4142 1017 4196 minoratus
1047 4142 1097 4179 ἰδ
1145 4141 1354 4197 canitur
1390 4142 1445 4197 in
1474 4142 1691 4199 Psalmo
1752 4144 1895 4215 (vin,
1929 4139 2009 4207 6).

420 4232 693 4290 Modicum
724 4232 768 4270 4⁷
799 4232 931 4305 quid
960 4234 1109 4289 citra
1138 4236 1381 4303 angelos.
1416 4232 1504 4291 Sic
1542 4239 1594 4290 et
1622 4235 1780 4291 Pater
1808 4236 1942 4290 alius
1981 4250 2012 4289 a

416 4320 573 4388 Filio,
597 4320 722 4375 dum
747 4321 879 4377 Filio
907 4323 1082 4391 major
1110 4340 1123 4391 ;
1161 4324 1287 4377 dum
1318 4323 1455 4378 alius
1483 4323 1574 4395 qui
1603 4333 1839 4399 generat,
1872 4323 2006 4380 alius

416 4407 509 4480 qui
537 4416 854 4480 generatur;
902 4410 1029 4463 dum
1063 4409 1201 4465 alius
1228 4411 1319 4482 qui
1349 4410 1532 4480 mittit,
1564 4412 1700 4467 alius
1729 4414 1818 4484 qui
1874 4413 2004 4467 mit-

419 4505 575 4573 titur;
626 4505 754 4561 dum
784 4506 916 4563 alius
948 4508 1040 4577 qui
1080 4507 1225 4575 facit,
1257 4508 1395 4565 alius
1424 4526 1525 4582 per
1556 4527 1719 4582 quem
1749 4509 1826 4565 ﬁt.
1866 4511 2009 4567 Bene

418 4595 564 4666 quod
587 4604 640 4650 et
678 4595 938 4651 Dominus
976 4612 1104 4652 usus
1141 4598 1245 4654 hoc
1276 4599 1442 4655 verbo
1489 4598 1542 4652 in
1583 4614 1813 4670 persona
1842 4600 2009 4655 Para-

421 4683 573 4750 eleti,
626 4698 733 4739 non
779 4683 1099 4742 divisionem
1146 4686 1485 4758 signiﬁcavit,
1540 4688 1633 4743 sed
1693 4687 2009 4763 dispositio-

417 4788 539 4829 nem
575 4791 588 4828 :
617 4776 824 4847 Ragabo
854 4778 1029 4844 enim,
1051 4775 1229 4849 inquit
1250 4778 1583 4847 (Joan.xrv,
1618 4778 1729 4850 16),
1761 4780 2014 4848 Patrem,

2118 3176 2344 3239 patrem,
2376 3166 2504 3239 quia
2548 3165 2667 3237 ipse
2704 3178 2795 3220 ero
2844 3171 3023 3235 pater;
3069 3176 3171 3218 nec
3206 3159 3398 3223 ﬁlium,
3426 3156 3551 3230 quia
3593 3156 3713 3227 ipse

2120 3274 2213 3314 ero
2242 3257 2410 3313 filius.
2442 3257 2503 3310 1n
2541 3263 2797 3326 quantum
2828 3260 3003 3309 autem
3050 3252 3274 3307 alterum
3307 3267 3371 3307 ex
3398 3248 3481 3303 his
3508 3247 3710 3302 habere

2122 3362 2208 3402 me
2240 3352 2468 3417 Oportet,
2518 3344 2743 3399 alterum
2784 3358 2931 3409 esse;
2980 3341 3039 3394 in
3084 3347 3287 3394 tantum
3338 3336 3384 3391 si
3420 3344 3709 3406 utrumque

2122 3434 2298 3499 fuero,
2332 3434 2559 3488 alterum
2606 3446 2716 3487 non
2752 3445 2866 3497 ero,
2907 3430 3037 3486 dum
3085 3429 3311 3484 alterum
3358 3440 3466 3481 non
3514 3423 3710 3479 habeo.

2123 3525 2179 3579 Si
2210 3522 2353 3578 enim
2386 3521 2500 3593 ipse
2533 3536 2626 3578 ero
2655 3520 2800 3577 ﬁlius
2827 3519 2921 3594 qui
2969 3526 3022 3576 et
3051 3526 3223 3591 pater,
3251 3517 3364 3587 jam
3399 3530 3511 3570 non
3538 3513 3713 3567 habeo

2120 3612 2312 3677 ﬁlium,
2368 3610 2463 3666 sed
2510 3610 2625 3681 ipse
2681 3626 2800 3665 sum
2840 3608 3009 3663 ﬁlius.
3066 3609 3185 3662 Non
3234 3605 3485 3660 habendo
3531 3610 3710 3657 autem

2117 3701 2308 3767 ﬁlium,
2350 3702 2477 3755 dum
2524 3700 2638 3770 ipse
2688 3716 2809 3755 sum
2851 3697 3014 3765 ﬁlius,
3047 3695 3321 3770 quomodo
3375 3702 3532 3766 pater
3573 3688 3710 3747 ero?

2118 3791 2324 3847 Habere
2351 3789 2492 3845 enim
2537 3789 2706 3845 ﬁlium
2751 3787 2942 3857 debeo,
2973 3795 3030 3843 ut
3069 3793 3226 3857 pater
3275 3784 3397 3838 sim.
3425 3782 3546 3837 Non
3585 3795 3709 3835 sum

2123 3896 2258 3953 ergo
2286 3878 2454 3947 ﬁlius,
2486 3877 2613 3951 quia
2641 3885 2849 3946 patrem
2878 3890 2984 3931 non
3015 3875 3211 3941 habeo,
3237 3872 3330 3946 qui
3359 3871 3482 3928 facit
3517 3868 3711 3924 ﬁlium.

2120 3971 2294 4043 Eque
2323 3970 2368 4024 si
2406 3967 2522 4040 ipse
2552 3983 2669 4022 sum
2699 3973 2852 4038 pater
2882 3965 2975 4035 qui
3005 3972 3058 4019 et
3078 3962 3376 4033 ﬁlius,jam
3406 3976 3513 4016 non
3538 3958 3712 4014 habeo

2121 4069 2352 4131 patrem,
2385 4057 2479 4113 sed
2527 4056 2641 4127 ipse
2687 4072 2808 4111 sum
2865 4060 3045 4127 pater;
3095 4068 3202 4108 non
3249 4050 3493 4107 habendo
3531 4056 3712 4104 autem

2120 4155 2348 4221 patrem,
2381 4146 2506 4202 dum
2554 4147 2670 4216 ipse
2707 4160 2824 4199 sum
2873 4152 3046 4215 pater,
3077 4141 3352 4215 quomodo
3399 4139 3539 4196 ﬁlius
3574 4137 3712 4192 ero?

2120 4238 2330 4294 Habere
2358 4236 2500 4292 enim
2532 4243 2738 4307 patrem
2768 4233 2960 4299 debeo,
3002 4243 3061 4288 ut
3093 4230 3235 4287 ﬁlius
3263 4231 3388 4286 sim.
3416 4231 3537 4303 Non
3578 4240 3711 4301 ergo

2119 4344 2210 4384 ero
2239 4334 2406 4400 pater,
2439 4326 2561 4397 quia
2591 4323 2762 4380 ﬁlium
2809 4339 2919 4380 non
2957 4322 3150 4391 habeo,
3181 4321 3275 4394 qui
3324 4320 3448 4375 facit
3484 4327 3710 4388 patrem.

2118 4420 2229 4476 Hoc
2264 4419 2365 4475 erit
2402 4423 2571 4473 totum
2607 4414 2883 4487 ingenium
2926 4412 3149 4480 diaboli,
3181 4411 3411 4467 alterum
3442 4425 3510 4465 ex
3538 4407 3712 4462 altero

2119 4509 2421 4575 excludere,
2463 4507 2593 4563 dum
2639 4513 2929 4577 utrumque
2957 4502 3012 4557 in
3040 4517 3206 4557 unum
3237 4491 3349 4557 sub
3383 4497 3712 4556 monarcbiaa

2120 4599 2302 4659 favore
2326 4596 2674 4660 concludens,
2697 4601 2953 4651 neutrum
2978 4593 3165 4650 haberi
3195 4592 3341 4648 facit.
3370 4590 3443 4647 Ut
3471 4597 3524 4645 et
3559 4594 3717 4661 pater

2126 4705 2232 4745 non
2281 4687 2369 4753 sit,
2401 4685 2495 4757 qui
2532 4682 2733 4739 scilicet
2777 4681 2947 4737 ﬁlium
2984 4696 3095 4738 non
3124 4681 3316 4750 habet;
3350 4688 3406 4735 et
3433 4677 3575 4733 ﬁlius
3604 4692 3716 4732 non

2125 4778 2214 4847 sit,
2245 4778 2337 4851 qui
2383 4791 2536 4846 reque
2585 4779 2791 4845 patrem
2840 4786 2948 4828 non
2992 4772 3172 4828 habet.
3204 4772 3347 4827 Dum
3386 4768 3529 4824 enim
3559 4776 3718 4838 pater

1794 4921 1983 4983 Variae
2026 4923 2333 4983 lectiones.

486 5023 535 5060 ιε
574 5022 863 5079 Pertendat
889 5026 1029 5083 Jun.
1070 5026 1120 5065 ’15
1149 5026 1323 5083 Minor
1344 5034 1469 5082 natu
1500 5027 1677 5084 Rhea.
1729 5029 1898 5084 Seml.
1935 5026 2156 5084 Oberth.
2181 5026 2226 5065 ¹ιἿ
2266 5023 2476 5081 Modico
2503 5025 2675 5081 Rhea.
2720 5023 2886 5082 Seml.
2925 5023 3143 5081 Oberth.

1826 5176 2321 5241 Commentarius.

477 5298 590 5368 (20)
624 5297 804 5355 Filius
822 5316 951 5358 vero
969 5299 1266 5357 derwatzo.
1302 5298 1463 5354 Recte
1492 5297 1769 5354 adnotavit
1797 5297 1864 5352 ad
1883 5314 2018 5353 mar-

408 5369 594 5441 ginem
634 5370 1108 5441 Rhenanuscaute
1167 5371 1253 5426 hic
1308 5370 1417 5441 legi
1444 5369 1653 5441 debere
1717 5368 2013 5428 Tertullia-

411 5440 540 5514 num
573 5484 586 5513 ,
621 5448 822 5514 utpote
862 5440 973 5514 qui,
1020 5455 1141 5496 curn
1185 5441 1321 5514 jam_
1350 5440 1552 5514 dudum
1596 5449 1721 5497 ante
1767 5442 2013 5514 haeresim

417 5512 532 5569 Arii
576 5511 1009 5583 scripserit,'non
1057 5527 1228 5581 usque
1260 5511 1395 5568 adeo
1433 5512 1598 5568 verba
1625 5529 1725 5569 sua
1786 5512 2014 5569 trutina-

421 5583 579 5655 verit.
611 5584 884 5638 Sententia
912 5597 1040 5655 vero
1070 5584 1212 5653 ejus,
1258 5585 1403 5655 quod
1441 5583 1689 5654 ejusdem
1736 5586 1847 5641 sint
1884 5585 2017 5641 sub-

427 5654 633 5709 stantiae
666 5656 819 5710 Pater
848 5663 902 5709 et
944 5652 1106 5710 Filius
1133 5663 1187 5711 et
1214 5652 1447 5728 Spiritus
1474 5652 1766 5715 ‘inanifesta
1790 5657 1868 5725 ﬁt,
1903 5667 2014 5713 tum

2125 5301 2218 5357 ex‘.
2239 5297 2687 5372 praecedentibus,
2721 5306 2833 5355 tum
2876 5315 2941 5355 ex
2986 5298 3335 5372 sequentibus
3383 5298 3546 5369 hujus
3593 5297 3723 5355 libri

2124 5388 2254 5511 ωῗέ
2263 5374 2630 5513 ιξῖίῖιίᾶιίεεὶτηὶ
2641 5444 2742 5500 isti
2751 5443 3164 5501 monarchiani.
3178 5441 3437 5499 Nonnulli
3452 5442 3720 5499 Praxeani

2124 5514 2445 5571 Trinitatem
2468 5530 2673 5587 negare
2696 5515 3012 5587 videbantur
3047 5532 3061 5569 :
3092 5514 3488 5587 contendebant
3511 5513 3722 5587 quippe

2126 5587 2305 5643 Deum
2332 5584 2565 5643 Patremﬁ
2580 5586 2768 5659 Filium
2799 5599 2858 5639 se
2885 5584 3099 5659 fecisse,
3131 5586 3277 5657 quod
3306 5586 3404 5659 Dei
3436 5584 3714 5659 μονᾶρχίαν

2128 5659 2485 5731 appellabant,
2522 5657 2663 5713 unde
2693 5671 2889 5712 nomen
2915 5656 3089 5714 sortiti
3126 5656 3270 5713 sunt.
3304 5657 3384 5714 Ls
3427 5656 3524 5713 Pa.
