4002 6118
245 270 339 331 189
1537 270 1645 334 LIB
1683 270 1841 333 ADV.
1903 263 2248 329 PRAXEAM.

3444 267 3546 327 190

249 407 348 463 est,
372 395 520 455 ﬁlius
538 394 796 492 erit.
837 394 1332 492 Sic_monarchiam
1362 405 1563 464 tenent,
1612 399 1706 472 qui
1732 414 1832 456 nec
1861 411 1910 492 Α
1938 395 2068 452 alibi
2093 415 2114 492 ἐ
2149 392 2472 492 «ροιηίιιιιι
2497 393 2633 492 dixit
2670 393 2738 450 ad
2766 409 2846 461 se,
2878 393 3044 492 Filius
3072 411 3229 453 meus
3256 412 3376 492 sum
3401 411 3535 492 ego,

255 495 461 558 patrem
489 501 578 540 nec
598 483 771 539 ﬁlium
809 485 1106 542 continent.
1137 487 1245 543 Sed
1281 487 1413 543 nihil
1443 490 1559 545 Deo
1589 487 1828 545 difﬁcile.

259 575 387 645 Quis
431 577 526 630 hoc
564 572 811 628 nesciat?
847 582 902 628 et
930 575 1305 648 impossibilia
1349 577 1503 649 apud
1529 578 1827 644 sceculum,

261 665 525 738 possibilia
550 663 700 735 apud
721 665 900 720 Deum
927 664 1150 735 (Matth.
1173 681 1297 730 xxx,
1327 669 1415 734 26)
1432 667 1554 737 quis
1573 665 1834 740 ignoret?

265 753 322 808 Et
343 755 508 808 stulta
540 753 747 808 mundi
777 753 946 823 elegit
984 757 1147 820 Deus,
1176 759 1244 812 ut
1271 757 1586 827 confundat
1612 757 1835 828 sapien-

266 846 380 898 tiam
423 843 474 879 ⁴⁸
507 843 551 911 (l
583 843 710 898 Cor.
763 857 805 908 ι,
837 843 930 910 27)
986 856 1000 898 :
1057 843 1288 917 legimus
1314 845 1514 900 omnia.
1549 846 1718 918 Ergo,
1751 846 1834 900 in-

258 932 439 1003 quiunt,
472 927 699 985 difﬁcile
727 943 838 986 non
885 929 988 986 fuit
1035 933 1168 998 Deo,
1219 933 1398 1005 ipsum
1441 949 1500 989 se
1547 942 1601 989 et
1627 945 1833 1006 patrem

254 1031 295 1075 et
327 1018 494 1074 filium
552 1017 758 1088 facere,
806 1018 1066 1076 adversus
1110 1021 1358 1078 traditam
1398 1021 1626 1078 formam
1673 1024 1836 1079 rebus

253 1107 492 1173 humanis,
523 1124 654 1164 nam
703 1115 760 1163 et
813 1109 1048 1164 sterilem
1080 1125 1292 1180 parere,
1332 1119 1523 1168 contra
1565 1121 1832 1180 naturam,

249 1196 437 1253 difﬁcile
487 1198 607 1254 Deo
659 1210 768 1252 non
808 1195 929 1266 fuit,
988 1197 1130 1256 sicut
1176 1215 1277 1256 nec
1329 1199 1610 1272 virginem.
1671 1201 1836 1258 Plane

246 1286 352 1340 nihil
382 1285 504 1341 Deo
542 1284 792 1342 difﬁcile.
841 1286 949 1342 Sed
982 1287 1026 1342 si
1079 1295 1185 1342 tam
1229 1289 1279 1327 49
1325 1289 1550 1360 abrupte
1582 1291 1635 1344 in
1683 1304 1831 1361 prte-

246 1373 632 1445 sumptionibus
662 1373 864 1430 nostris
909 1375 1008 1431 hac
1043 1378 1309 1432 sententia
1339 1385 1572 1448 utamur,
1621 1378 1836 1451 quidvis

242 1462 297 1517 de
327 1463 446 1519 Deo
491 1461 803 1535 confingere
849 1463 1169 1535 poterimus,
1223 1465 1384 1537 quasi
1446 1466 1648 1535 fecerit,
1711 1467 1836 1536 quia

241 1553 398 1608 facere
441 1552 698 1622 potuerit.
760 1552 882 1609 Non
911 1561 1089 1608 autem
1146 1553 1271 1626 quia
1315 1554 1496 1610 omnia
1544 1563 1722 1626 potest
1748 1554 1834 1610 fa-

240 1655 370 1704 cere,
417 1641 545 1696 ideo
605 1640 793 1712 utique
836 1641 887 1679 ⁵ο
934 1642 1264 1698 credendum
1311 1651 1392 1700 est
1427 1644 1576 1700 illum
1621 1645 1830 1718 fecisse,

240 1699 388 1784 etiam
431 1728 584 1800 quod
630 1699 744 1785 non
775 1727 1002 1795 fecerit;
1061 1730 1157 1786 sed
1184 1747 1252 1786 an
1298 1699 1830 1806 fecerit,req_uireu-,
1867 1699 1911 1780 Β

246 1817 391 1871 dum.
420 1817 600 1872 Potuit
631 1817 698 1886 δι,
728 1816 800 1871 ita
831 1817 1017 1875 salvus
1044 1816 1165 1883 sim,
1207 1820 1354 1876 Deus
1401 1821 1599 1892 pennis
1647 1821 1831 1878 homi-

258 1920 384 1960 nem
422 1906 492 1960 ad
524 1905 790 1961 velandum
825 1905 1173 1979 instruxisse,
1209 1909 1357 1980 quod
1395 1919 1448 1966 et
1464 1909 1652 1966 milvis
1689 1926 1832 1982 prai-

254 1992 387 2048 stitit
410 2013 426 2054 ;
449 2008 557 2049 non
589 2003 770 2063 tamen,
805 1995 935 2067 quia
963 1996 1154 2067 potuit,
1187 1997 1370 2052 statim
1398 2006 1452 2053 et
1479 1997 1622 2054 fecit.
1658 1999 1834 2055 Potuit

246 2090 298 2136 et
346 2083 622 2148 Praxeam,
683 2093 737 2139 et
789 2099 982 2140 omnes
1048 2086 1246 2156 pariter
1299 2086 1584 2143 haereticos
1651 2088 1832 2144 statim

239 2171 592 2244 exstinxisse;
656 2188 766 2230 non
825 2183 1025 2244 tamen,
1095 2177 1220 2248 quia
1284 2176 1480 2248 potuit,
1557 2177 1834 2235 exstinxit.

232 2260 525 2332 Oportebat
554 2261 704 2316 enim
734 2268 790 2318 et
815 2261 1014 2320 milvos
1043 2279 1187 2332 esse,
1222 2271 1275 2320 et
1302 2265 1585 2323 haereticos
1617 2285 1629 2322 :
1665 2279 1834 2338 opor-

235 2350 369 2404 tebat
413 2356 470 2406 et
507 2350 732 2406 Patrem
767 2349 1035 2425 cruciﬁgi.
1086 2351 1196 2407 Hac
1242 2354 1451 2409 ratione
1499 2352 1602 2408 erit
1629 2353 1836 2426 aliquid

235 2445 284 2494 et
319 2437 545 2496 difﬁcile
574 2439 731 2506 Deo;
773 2440 826 2496 id
871 2441 1077 2498 scilicet
1124 2439 1291 2498 I66
1325 2443 1687 2516 quodcunque
1725 2457 1833 2498 non

235 2525 430 2593 fecerit,
478 2544 595 2585 non
643 2531 773 2603 quia
817 2546 927 2587 non
974 2533 1230 2604 potuerit,
1271 2531 1365 2587 sed
1403 2532 1535 2603 quia
1578 2531 1832 2590 noluerit.

235 2618 328 2672 Dei
369 2619 522 2673 enim
572 2634 763 2691 posse,
810 2622 948 2676 velle
996 2628 1114 2688 est;
1157 2631 1212 2676 et
1256 2635 1364 2676 non
1402 2636 1587 2691 posse,
1639 2621 1832 2690 nolle;

232 2708 369 2779 quod
423 2717 618 2763 autem
655 2708 844 2777 voluit,
901 2721 956 2764 et
1010 2710 1202 2781 potuit,
1261 2721 1315 2765 et
1370 2711 1626 2767 ostendit.
1687 2713 1836 2783 Ergo

231 2799 352 2868 quia
399 2799 449 2854 si
497 2797 678 2855 voluit
726 2799 1074 2872 semetipsum
1122 2801 1227 2857 sibi
1275 2799 1469 2856 Filium
1498 2799 1696 2867 facere,
1733 2815 1836 2872 po-

234 2887 360 2958 tuit;
411 2897 471 2945 et
507 2888 642 2960 quia
680 2888 727 2944 si
777 2887 973 2960 potuit,
1026 2888 1152 2945 fecit
1185 2907 1199 2945 :
1236 2899 1363 2946 tunc
1394 2891 1648 2962 probabis
1687 2891 1834 2945 illum

1941 499 2044 558 ego
2093 483 2253 540 hodie
2300 482 2555 554 generari
2601 499 2710 549 me,
2761 505 2787 532 ι
2821 484 3048 556 proinde
3077 493 3131 540 et
3166 503 3180 539 :
3216 505 3240 537 ct
3276 484 3416 540 Ante
3444 485 3532 538 lu-

1941 574 2164 631 ciferum
2194 571 2449 646 generavi
2478 588 2565 628 me
2613 575 2783 643 (Psal.
2822 589 2939 640 etx,
2973 573 3048 646 3),
3081 581 3135 630 et
3167 592 3180 628 :
3215 591 3245 626 α
3274 573 3536 630 Dominus

1942 663 2181 721 condidit
2237 679 2325 719 me
2365 663 2578 718 initium
2624 664 2830 719 viarum
2887 663 2944 718 in
2987 677 3150 733 opera
3198 678 3356 729 mea;
3405 672 3531 718 ante

1944 769 2134 810 omnes
2161 761 2339 809 autem
2384 752 2554 809 colles
2595 753 2847 824 generari
2877 768 2962 808 me
2992 752 3146 826 (Sap.
3178 767 3304 820 vut,
3333 753 3427 824 22)
3452 774 3467 822 ς
3506 775 3528 802 ι

1943 844 2068 899 etsi
2095 859 2201 916 qua
2247 842 2349 898 alia
2397 843 2452 898 in
2498 844 2642 900 hunc
2686 843 2909 900 modum
2949 851 3092 899 sunt.
3141 840 3313 911 Quem
3353 849 3529 898 autem

1941 933 2226 988 verebatur
2267 933 2412 988 Deus
2457 932 2721 987 Dominus
2769 931 3130 988 universitatis
3179 934 3251 987 ita
3297 946 3539 1002 pronun-

1944 1021 2097 1090 tiare,
2127 1022 2171 1076 si
2202 1021 2272 1075 ita
2304 1037 2388 1076 res
2416 1029 2564 1090 erat;
2614 1036 2683 1075 an
2715 1021 2996 1076 verebatur
3024 1037 3094 1076 nc
3143 1035 3252 1077 non
3285 1020 3537 1074 credere-

1943 1115 2046 1178 tur,
2080 1109 2124 1164 si
2154 1109 2466 1180 simpliciter
2501 1124 2561 1164 se
2589 1118 2643 1164 et
2688 1109 2896 1163 Patrem
2945 1117 2999 1165 et
3045 1107 3240 1163 Filium
3292 1122 3534 1176 pronun-

1941 1197 2174 1254 tiasset?
2204 1198 2378 1253 Unum
2419 1205 2597 1252 tamen
2641 1197 2849 1254 veritus
2895 1205 2998 1263 est,
3037 1195 3278 1252 mentiri.
3314 1193 3534 1251 Veritus

1943 1294 2119 1342 autem
2165 1287 2512 1358 semetipsum
2555 1293 2610 1341 et
2647 1301 2801 1342 suam
2839 1287 3140 1342 veritatem.
3171 1286 3238 1341 Et
3270 1284 3395 1340 ideo
3436 1299 3537 1340 ve-

1941 1391 2121 1432 racem
2167 1376 2342 1432 Deum
2369 1375 2618 1439 credens,
2669 1374 2780 1431 scio
2826 1374 2976 1430 illum
3021 1389 3130 1430 non
3173 1374 3332 1428 aliter
3374 1388 3538 1444 quam

1941 1465 2212 1536 disposuit
2257 1462 2658 1536 pronuntiasse,
2693 1477 2794 1518 nec
2821 1461 2972 1518 aliter
3000 1460 3338 1532 disposuisse
3364 1477 3529 1532 quam

1943 1553 2328 1626 pronuntiavit.
2371 1553 2452 1608 Tu
2485 1565 2650 1624 porro
2690 1566 2814 1607 eum
2859 1549 3178 1605 mendacem
3221 1547 3430 1604 efﬁcias
3481 1555 3538 1602 et

1943 1642 2188 1699 fallacem
2237 1650 2290 1698 et
2337 1642 2680 1714 deceptorem
2725 1638 2852 1694 fidei
2912 1640 3100 1709 hujus,
3149 1638 3194 1692 si
3241 1651 3363 1693 cum
3418 1636 3539 1708 ipse

1942 1741 2085 1788 esset
2121 1731 2220 1788 sibi
2250 1731 2441 1796 Filius,
2473 1729 2559 1785 alii
2603 1730 2764 1785 dabat
2805 1727 2944 1784 Filii'
2973 1741 3280 1798 personam,
3311 1726 3533 1798 quando

1941 1823 2236 1893 Scripturas
2278 1835 2468 1876 omnes
2504 1828 2560 1875 et
2595 1817 3106 1876 demonstrationem
3137 1824 3192 1872 et
3233 1814 3535 1870 distinctio-

1942 1925 2067 1965 nem
2124 1909 2376 1965 trinitatis
2429 1907 2734 1965 ostendant.
2793 1907 2841 1963 A
2899 1904 3099 1976 quibus
3149 1910 3204 1959 et
3270 1902 3527 1974 praescri-

1942 2000 2056 2071 ptio
2094 2007 2277 2055 nostra
2298 1998 2600 2063 deducitur,
2635 2012 2742 2052 non
2773 2010 2935 2067 posse
2977 2008 3146 2048 unum
3175 2001 3334 2065 atque
3364 2007 3524 2047 eum-

1942 2088 2067 2144 dem
2093 2088 2267 2144 videri
2295 2087 2389 2160 qui
2433 2087 2690 2158 loquitur,
2722 2093 2776 2141 et
2815 2085 2884 2141 de
2931 2098 3040 2156 quo
3085 2081 3340 2154 loquitur,
3373 2088 3426 2137 et
3471 2081 3536 2135 ad

1942 2193 2101 2250 quem
2125 2176 2364 2250 loquitur
2397 2193 2410 2233 :
2441 2175 2568 2250 quia
2605 2190 2781 2247 neque
2809 2171 3154 2245 perversitas,
3187 2186 3363 2243 neque
3390 2168 3537 2224 falla-

1943 2269 2026 2324 cia
2055 2269 2168 2325 Deo
2195 2273 2458 2340 congruat
2489 2282 2503 2322 :
2526 2274 2586 2322 ut
2613 2281 2737 2322 cum
2766 2265 2887 2337 ipse
2914 2269 3058 2320 esset
3085 2263 3150 2316 ad
3167 2277 3328 2334 quem
3356 2261 3538 2334 loque-

1944 2357 2119 2422 batur,
2151 2355 2220 2411 ad
2248 2355 2408 2412 alium
2438 2356 2635 2426 potius,
2661 2362 2716 2410 et
2743 2369 2850 2409 non
2881 2353 2945 2408 ad
2977 2351 3328 2421 semetipsum
3351 2353 3534 2420 loqua-

1944 2453 2030 2501 tur
2055 2445 2126 2503 ⁵2.
2156 2446 2359 2516 Accipe
2406 2443 2574 2518 igitur
2618 2453 2673 2500 et
2716 2442 2848 2498 alias
2874 2455 3035 2498 voces
3078 2438 3254 2495 Patris
3284 2439 3354 2494 de
3385 2439 3522 2494 Filio

1949 2531 2108 2591 167
2162 2548 2255 2604 per
2282 2531 2476 2589 Isaiam
2504 2532 2666 2603 (xui,
2700 2531 2756 2603 1)
2788 2549 2803 2586 :
2829 2533 2965 2587 Ecce
2993 2528 3152 2599 ﬁlius
3179 2543 3339 2585 meus
3375 2543 3539 2601 quem

1945 2625 2102 2695 elegi,
2135 2622 2374 2679 dilectus
2393 2639 2551 2680 meus
2579 2623 2644 2676 in
2665 2637 2824 2696 quem
2847 2621 2981 2677 bene
2999 2620 3169 2676 sensi.
3193 2620 3410 2674 Ponam
3430 2619 3542 2689 spi-

1945 2715 2123 2768 ritum
2154 2727 2349 2768 meum
2376 2728 2546 2784 super
2565 2713 2774 2783 ipsum,
2811 2715 2868 2765 et
2890 2707 3176 2780 judicium
3211 2707 3542 2762 nationibus

1945 2801 2340 2858 annuntiabit.
2376 2799 2575 2871 Accipe
2594 2810 2646 2855 et
2669 2800 2736 2854 ad
2766 2798 2942 2871 ipsum
2975 2814 2987 2854 :
3027 2797 3292 2868 Magnum
3326 2796 3429 2851 tibi
3457 2798 3541 2850 est

1943 2894 2012 2946 ut
2040 2892 2248 2949 voceris
2268 2891 2419 2960 ﬁlius
2439 2907 2598 2947 meus
2617 2889 2690 2944 ad
2717 2887 3056 2946 statuendas
3083 2885 3262 2942 tribus
3281 2887 3465 2951 Jacob,
3485 2889 3540 2941 et

240 2988 290 3030 et
338 2977 592 3050 potuisse
647 2986 701 3034 et
750 2978 1008 3049 voluisse,
1065 2979 1110 3036 si
1173 2980 1488 3052 probaveris
1539 2980 1696 3036 illum
1754 2977 1835 3034 fe-
1871 2990 1915 3070 ε
1945 2978 2017 3034 ad
2053 2979 2485 3036 eonvertendam
2523 2976 3367 3050 dispersionemIsraelis.Posui
3397 2974 3544 3030 tein

245 3066 390 3120 cisse.

859 3157 1085 3215 CAPUT
1121 3159 1221 3214 XI.

307 3244 548 3302 Probare
595 3251 770 3301 autem
816 3255 924 3303 tam
955 3255 1140 3314 aperte
1167 3248 1390 3306 debebis
1422 3265 1486 3306 ex
1516 3247 1834 3324 Scripturis,

242 3347 400 3402 quam
429 3349 537 3390 nos
581 3335 876 3406 probamus
911 3335 1066 3392 illum
1108 3335 1212 3393 sibi
1259 3337 1455 3394 Filium
1485 3337 1673 3395 fecisse
1718 3340 1840 3396 Ser-

242 3437 452 3477 monem
483 3439 665 3480 suum.
719 3425 775 3480 Si
805 3425 946 3482 enim
989 3425 1184 3482 Filium
1229 3430 1492 3497 nominat,
1541 3428 1704 3484 Filius
1735 3444 1838 3486 au-

244 3519 347 3566 tern
381 3529 494 3570 non
516 3513 659 3569 alius
687 3515 789 3570 erit
817 3529 980 3588 quam
1008 3515 1100 3587 qui
1129 3532 1194 3573 ex
1221 3517 1343 3590 ipso
1370 3517 1611 3589 prodiit;
1651 3520 1838 3575 Sermo

243 3614 419 3657 autem
466 3601 672 3674 prodiit
717 3619 783 3658 ex
832 3604 1094 3674 ipso,-hic
1122 3603 1222 3661 erit
1257 3604 1444 3675 Filius,
1477 3620 1586 3662 non
1617 3605 1734 3677 ipse
1769 3607 1838 3662 de

243 3705 347 3761 quo
373 3690 596 3763 prodiit.
643 3693 768 3748 Non
814 3693 958 3750 enim
987 3693 1106 3765 ipse
1148 3694 1351 3766 prodiit
1405 3711 1472 3751 ex
1520 3694 1830 3766 semetipso.

245 3776 434 3849 Porro,
479 3782 572 3852 qui
619 3783 871 3838 eumdem
908 3782 1118 3838 Patrem
1148 3783 1283 3840 dicis
1327 3791 1383 3840 et
1427 3784 1646 3852 Filium,
1679 3801 1836 3841 eum-

245 3867 366 3922 dem
422 3877 478 3926 et
521 3871 812 3941 protulisse
851 3887 918 3928 ex
962 3871 1252 3943 semetipso
1294 3871 1447 3941 facis,
1501 3881 1554 3928 et
1589 3872 1839 3945 prodisse

245 3958 389 4027 quod
415 3959 564 4015 Deus
601 3968 702 4016 est.
751 3960 807 4016 Si
855 3961 1032 4032 potuit
1077 3961 1290 4026 fecisse,
1339 3977 1446 4018 non
1477 3969 1657 4018 tamen
1688 3961 1836 4019 fecit.

245 4049 349 4100 Aut
391 4047 589 4104 exhibe
633 4048 1014 4118 probationem
1061 4065 1222 4121 quam
1260 4051 1550 4120 expostulo
1595 4066 1731 4107 meae
1759 4052 1834 4108 si-

243 4133 458 4200 milem;
504 4135 562 4190 id
607 4144 710 4206 est,
758 4137 838 4194 sic
883 4137 1191 4209 Scripturas
1238 4139 1489 4195 eumdem
1542 4139 1739 4196 Filium
1787 4148 1842 4196 et

244 4222 457 4280 Patrem
503 4225 808 4292 ostendere,
867 4225 1322 4297 quemadmodum
1375 4227 1517 4298 apud
1573 4243 1676 4284 nos
1722 4227 1840 4285 dis-

1950 3068 2133 3124 lucem
2167 3068 2491 3130 nationum,
2528 3071 2597 3120 ut
2635 3067 2710 3120 sis
2747 3065 2901 3122 salus
2920 3067 2983 3120 in
3013 3068 3337 3121 extremum
3369 3067 3538 3117 terra:

1947 3157 2076 3226 (Isa.
2100 3170 2252 3219 χιιι,
2279 3155 2387 3224 16).
2423 3153 2622 3225 Accipe
2649 3168 2796 3208 nunc
2825 3160 2878 3206 et
2907 3152 3022 3206 Filii
3051 3167 3215 3207 voces
3243 3151 3312 3205 de
3337 3151 3496 3205 Patre
3520 3165 3532 3202 :

1949 3246 2195 3319 Spiritus
2216 3245 2444 3301 Domini
2460 3259 2629 3316 super
2650 3257 2761 3309 me,
2783 3243 3128 3315 quapropter
3142 3241 3320 3295 unxit
3335 3251 3446 3303 me,
3469 3238 3542 3292 ad

1947 3333 2449 3407 euangelizandum
2471 3332 2789 3390 hominibus
2810 3331 2940 3402 (Isa.
2961 3345 3077 3398 uxr,
3102 3330 3181 3398 1).
3203 3329 3338 3384 Item
3365 3326 3433 3381 ad
3450 3327 3544 3380 Pa-

1947 3430 2082 3480 trem
2113 3423 2168 3477 in
2204 3422 2438 3489 Psalmo,
2471 3421 2540 3476 de
2565 3422 2754 3478 eodem
2779 3438 2792 3477 :
2815 3421 2896 3494 Ne
2917 3418 3286 3490 dereliqueris
3313 3434 3424 3484 me,
3446 3415 3544 3470 do-

1947 3527 2051 3569 nec
2081 3515 2421 3568 annuntiem
2442 3511 2733 3568 brachium
2764 3515 2928 3566 tuum
2945 3509 3249 3564 nativitati
3265 3507 3544 3562 universae

1947 3601 2386 3671 venturce(Psal.
2414 3614 2572 3665 LXXI,
2596 3602 2672 3669 8).
2705 3599 2836 3656 Item
2870 3598 2922 3652 in
2951 3597 3057 3652 alio
3092 3615 3106 3650 :
3131 3596 3385 3661 Domine,
3409 3593 3544 3668 quid

1945 3692 2322 3764 multiplicati
2339 3695 2472 3747 sunt
2487 3690 2589 3762 qui
2608 3690 2992 3762 comprimunt
3009 3703 3100 3743 me
3113 3687 3143 3740 Υ
3161 3685 3340 3756 (Psal.
3358 3697 3444 3747 III,
3465 3682 3544 3748 2.)

1947 3781 2054 3837 Sed
2082 3788 2136 3837 et
2164 3795 2358 3836 omnes
2385 3794 2523 3850 pene
2561 3777 2760 3833 Psalmi
2789 3775 2987 3832 Christi
3035 3789 3324 3847 personam
3373 3770 3543 3827 susti-

1946 3876 2114 3941 nent;
2145 3869 2342 3925 Filium
2369 3867 2436 3923 ad
2465 3869 2698 3932 Patrem,
2729 3865 2783 3921 id
2813 3874 2895 3922 est
2939 3864 3211 3920 Christum
3257 3861 3324 3918 ad
3370 3860 3544 3916 Deum

1944 3959 2110 4014 verba
2159 3957 2442 4014 facientem
2491 3962 2900 4028 repraesentant.
2949 3951 3339 4012 Animadverte
3385 3949 3546 4007 etiam

1945 4046 2201 4118 Spiritum
2249 4047 2554 4118 loquentem
2611 4061 2676 4102 ex
2728 4043 2886 4100 tertia
2934 4057 3167 4114 persona
3196 4042 3262 4096 de
3304 4041 3463 4095 Patre
3493 4045 3548 4094 et

1945 4136 2085 4193 Filio
2117 4153 2128 4193 :
2155 4137 2316 4192 Dixit
2344 4137 2612 4194 Dominus
2651 4136 2885 4192 Domino
2913 4148 3057 4199 meo,
3083 4131 3218 4190 Sede
3241 4129 3313 4188 ad
3340 4130 3544 4186 dexte-

1949 4243 2075 4284 ram
2102 4242 2308 4290 meam,
2340 4224 2514 4282 donec
2552 4241 2765 4296 ponam
2794 4224 3050 4281 inimicos
3079 4226 3207 4278 tuos
3238 4219 3546 4276 scabellum

237 4311 403 4410 tincte
458 4313 622 4369 Pater
675 4321 729 4370 et
809 4313 977 4370 Filius
1034 4315 1506 4386 demonstrantur;
1566 4316 1836 4383 distincte,
1873 4329 1918 4410 υ
1949 4315 2153 4389 pedum
2198 4320 2429 4371 tuorum
2467 4314 2642 4382 (Psal.
2693 4327 2787 4377 cx,
2839 4317 2891 4380 1,
2938 4311 3014 4382 2).
3062 4310 3195 4366 Item
3226 4324 3324 4382 per
3351 4305 3546 4364 Isaiam

231 4401 487 4472 inquam,
538 4415 648 4456 non
703 4401 890 4472 divise,
938 4402 1078 4460 sicut
1117 4419 1220 4478 ego
1284 4403 1501 4476 profero
1554 4404 1753 4461 dictum
1809 4423 1840 4461 a
1874 4401 1913 4410 ⁷
1949 4406 2111 4475 (xuv
2156 4446 2172 4472 ,

223 4580 403 4646 (Psal.
469 4594 629 4650 xuv,
689 4582 764 4652 1).
826 4580 916 4638 Sic
966 4589 1025 4636 tu
1079 4591 1266 4639 contra
1321 4599 1585 4655 opponas,
1642 4584 1838 4640 alicubi

221 4665 436 4724 dixisse
466 4667 662 4734 Deum,
693 4671 991 4728 Eructavit
1010 4687 1104 4730 cor
1132 4687 1322 4728 meum
1342 4673 1669 4733 Sermonem
1697 4677 1838 4748 opti-

221 4774 415 4823 mum,
451 4766 512 4813 ut
538 4757 656 4829 ipse
691 4760 762 4814 sit
790 4759 882 4832 qui
913 4767 968 4815 et
1014 4760 1295 4831 eructavit,
1330 4768 1385 4816 et
1429 4763 1571 4833 quod
1619 4774 1838 4819 eructa-

217 4845 338 4911 vit;
375 4854 440 4902 et
485 4845 607 4918 ipse
653 4849 742 4920 qui
789 4848 1086 4918 protulerit,
1133 4858 1188 4905 et
1232 4851 1326 4922 qui
1375 4853 1614 4923 prolatus
1667 4852 1758 4917 sit,
1790 4851 1836 4908 si

211 4934 339 5005 ipse
386 4942 478 4989 est
519 4941 575 4991 et
621 4935 810 4994 Sermo
852 4949 905 4994 et
933 4939 1097 4993 Deus.
1153 4937 1291 4995 Ecce
1320 4955 1424 5012 ego
1456 4957 1702 5012 propono
1730 4943 1835 4998 Pa-

217 5032 363 5079 trem
399 5024 546 5080 Filio
589 5025 788 5082 dixisse
825 5041 839 5080 :
890 5028 1073 5085 Filius
1119 5046 1276 5087 meus
1325 5045 1382 5086 es
1415 5034 1498 5098 tu,
1532 5048 1627 5104 ego
1677 5032 1836 5089 hodie

212 5117 506 5187 ρεπεναυὶ
539 5117 592 5172 te
617 5116 789 5186 (Psal.
818 5132 878 5185 ιι,
926 5118 1003 5185 7).
1034 5117 1087 5174 Si
1127 5117 1264 5176 velis
1309 5126 1370 5175 ut
1415 5121 1629 5178 credam
1657 5121 1835 5192 ipsum

215 5220 344 5261 esse
407 5204 626 5261 Patrem
669 5213 724 5260 et
773 5206 985 5272 Filium,
1032 5207 1256 5264 ostende
1299 5209 1377 5266 sic
1429 5210 1833 5284 pronuntiatum

467 4493 766 4549 Eructavit
806 4509 902 4549 cor
946 4507 1136 4551 meum
1185 4495 1511 4552 Sermonem
1555 4495 1838 4568 optimum

2230 4405 2312 4471 1)
2364 4419 2378 4458 :
2429 4405 2554 4458 Haec
2609 4401 2750 4456 dicit
2806 4402 3077 4457 Dominus
3134 4400 3368 4456 Domino
3422 4412 3545 4454 meo

1953 4493 2191 4551 Christo.
2239 4494 2372 4548 Item
2421 4506 2518 4562 per
2569 4489 2826 4546 eumdem
2873 4489 2944 4542 ad
2988 4489 3205 4542 Patrem
3237 4487 3304 4540 de
3356 4485 3490 4540 Filio
3524 4503 3542 4540 :

1946 4586 2196 4648 Domine,
2220 4583 2346 4654 quis
2365 4578 2608 4638 credidit
2635 4578 2866 4634 auditui
2893 4579 3086 4634 nostra
3112 4578 3224 4632 ρει
3244 4573 3544 4631 brachium

1946 4674 2174 4730 Domini
2200 4674 2292 4728 cui
2310 4671 2623 4728 revelatum
2652 4667 2779 4725 est?
2807 4667 3289 4723 Annuntiavimus
3324 4663 3389 4720 de
3419 4661 3539 4726 illo,

1945 4765 2095 4818 sicut
2119 4762 2412 4834 puerulus,
2435 4761 2581 4816 sicut
2602 4758 2774 4816 radix
2801 4759 2864 4813 in
2896 4762 3050 4815 terra
3077 4755 3319 4819 sitienti,
3351 4756 3546 4812 etnon

1946 4856 2073 4910 erat
2103 4853 2290 4922 forma
2336 4851 2479 4922 ejus,
2522 4865 2626 4905 nec
2665 4849 2848 4922 gloria
2884 4847 3015 4920 (Isa.
3063 4860 3183 4910 LIII,
3215 4849 3267 4911 1,
3301 4843 3378 4916 2).
3409 4841 3539 4899 Haec

1942 4956 2115 5015 pauca
2156 4940 2226 4997 de
2276 4938 2484 4996 multis.
2530 4939 2648 4995 Nec
2702 4937 2845 4994 enim
2899 4935 3213 4992 aifectamus
3260 4932 3540 4990 universas

1943 5031 2246 5101 Scripturas
2313 5028 2585 5094 evolvere,
2636 5043 2756 5084 cum
2802 5035 2855 5083 et
2911 5027 2966 5081 in
3012 5025 3244 5100 singulis
3290 5022 3540 5094 capitulis

1943 5122 2161 5193 plenam
2216 5119 2548 5190 maiestatem
2604 5127 2657 5175 et
2711 5115 3082 5174 auctoritatem
3147 5119 3538 5176 contestantes,

1949 5211 2207 5280 majorem
2245 5222 2595 5281 congressum
2641 5205 2696 5262 in
2741 5201 3112 5261 retractatibus
3149 5203 3446 5257 habeamus
3492 5199 3544 5237 ⁵³

1629 5384 1822 5452 Varia;
1864 5389 2178 5452 lectiones.

293 5521 350 5559 ³³
369 5517 658 5591 Sapientia
685 5519 862 5578 Rhen.
906 5522 1075 5580 Se'ml.
1109 5521 1330 5578 Oberth.
1364 5518 1411 5558 *9
1449 5515 1672 5578 Difﬁcile
1701 5520 1864 5577 sensi.
1889 5521 2020 5575 'I‘am
2053 5521 2225 5579 Seml.
2247 5521 2297 5559 ⁵ο
2327 5513 2772 5591 Ideoque_l_llien.
2798 5515 2966 5591 Senil.
3015 5505 3422 5591 Οὺεςιιιᾷιιι
3454 5523 3543 5591 vo-

224 5589 430 5650 hiuet
455 5577 587 5648 add.
610 5577 786 5650 Rhen.
825 5592 877 5631 ⁵³
903 5577 1246 5664 Loquebatur
1277 5577 1452 5649 Rhcn.
1485 5577 1653 5650 Sentl.
1704 5591 1923 5650 Oberth.
1977 5577 2288 5663 loqueretur
2317 5593 2451 5646 Jun.
2479 5577 2548 5628 ’⁵³
2576 5589 2850 5646 Habemus
2891 5585 3063 5642 Rhen.
3104 5580 3273 5640 Seml.
3317 5577 3538 5639 Obcrth.
