4002 6118
488 247 583 306 191

483 373 580 429 His
607 372 789 445 itaque
840 372 1042 445 paucis,
1074 379 1250 428 tamen
1298 371 1577 431 manifeste
1622 374 1896 432 distinctio
1936 375 2060 431 Tri-

485 461 662 518 nitatis
708 462 1015 532 exponitur.
1064 460 1159 515 Est
1211 459 1355 525 enim
1408 459 1524 531 ipse
1580 463 1674 534 qui
1730 463 2063 534 pronuntiat,

485 551 737 622 Spiritus,
768 559 821 606 et
848 550 1002 605 Pater
1028 548 1095 605 ad
1124 566 1284 621 quem
1335 551 1662 621 pronuntiat,
1694 562 1746 608 et
1794 551 1961 607 Filius
2008 551 2075 607 de

485 655 595 712 quo
623 638 945 711 pronuntiat.
981 637 1071 693 Sic
1097 648 1151 692 et
1190 645 1384 695 caetera
1428 655 1552 710 quae
1599 656 1744 697 nunc
1770 642 1836 697 ad
1865 642 2074 699 Patrem

487 729 554 784 de
582 726 735 793 Filio,
777 726 857 782 vel
890 726 956 781 ad
1000 726 1215 792 Filium,
1261 743 1403 783 nunc
1433 729 1498 783 ad
1547 729 1741 785 Filium
1781 730 1851 787 de
1896 731 2073 798 Patre,

460 815 569 873 'vel
606 816 674 870 ad
720 815 951 885 Patrem,
1004 831 1147 872 nunc
1191 817 1258 871 ad
1302 816 1561 888 Spiritum
1620 821 2072 890 pronuntiantur;

428 904 433 913 '
488 920 927 977 unamquamque
959 920 1247 978 personam
1274 906 1331 962 in
1377 923 1474 962 sua
1503 908 1831 980 proprietate
1860 910 2074 967 consti-

486 1000 662 1049 tuunt.

1091 1082 1316 1142 CAPUT
1352 1086 1474 1143 ΧΠ.

561 1170 618 1225 Si
651 1178 701 1227 te
730 1171 907 1227 adhuc
944 1188 1201 1229 numerus
1229 1176 1555 1232 scandalizat
1599 1174 1891 1239 Trinitatis,
1922 1174 2078 1246 quasi

487 1274 595 1314 non
644 1274 903 1315 connexis
930 1260 986 1315 in
1032 1261 1236 1317 unitate
1285 1262 1536 1335 simplici,
1587 1264 1863 1335 interrogo
1935 1279 2077 1335 quo-

488 1348 650 1404 modo
681 1349 872 1405 unicus
892 1357 944 1403 et
972 1350 1267 1420 singularis
1288 1352 1570 1423 pluraliter
1597 1354 1830 1427 loquitur
1855 1370 1868 1412 :
1889 1356 2079 1410 Facia-

488 1453 613 1493 mus
657 1436 941 1495 hominem
978 1441 1052 1494 ad
1088 1442 1392 1513 imaginem
1422 1450 1478 1499 et
1505 1444 1944 1500 similitudinem
1971 1460 2076 1500 no-

489 1530 669 1580 stram
698 1528 855 1595 (Gen.
906 1543 945 1592 1,
978 1529 1085 1598 26),
1124 1546 1246 1585 cum
1294 1531 1532 1585 debuerit
1562 1530 1762 1586 dixisse
1802 1549 1815 1585 :
1850 1532 2078 1587 Faciam

490 1617 773 1673 hominem
792 1618 864 1672 ad
892 1620 1195 1689 imaginem
1216 1625 1271 1675 et
1289 1620 1727 1676 similitudinem
1755 1638 1981 1677 meam:
2004 1629 2081 1675 ut-

1193 246 1633 308 TERTULLlANl
1670 248 1933 312 OPBRUM
1974 249 2141 311 PARS
2179 250 2247 319 Il.
2288 280 2359 291 -—
2395 246 2622 308 SERIES
2652 247 2695 317 Ι,
2726 245 3071 307 POLEMICA.

2174 375 2334 431 alium
2392 375 2655 431 dicentem
2710 380 2767 428 ut
2812 371 2924 439 ﬁat,
3001 371 3161 427 alium
3224 368 3532 427 facientem.
3586 371 3783 426 Alium

3674 246 3783 304 192

2181 474 2361 521 autem
2417 462 2693 536 quomodo
2748 461 2991 534 accipere
3052 460 3275 524 debeas,
3328 459 3440 528 jam
3498 458 3788 529 professus

2184 571 2341 622 sum;
2376 567 2642 624 personae,
2691 566 2798 606 non
2827 547 3141 605 substantiae
3167 546 3425 611 nomine;
3472 547 3541 602 ad
3580 547 3789 603 distin-

2182 643 2434 711 ctionem,
2485 658 2593 698 non
2643 641 2708 696 ad
2755 639 3094 695 divisionem.
3126 638 3408 705 Caeterum,
3440 635 3543 692 etsi
3572 637 3786 709 ubique

2184 740 2345 788 teneo
2409 746 2571 787 unam
2625 727 2977 785 substantiam
3022 725 3075 781 in
3133 724 3303 781 tribus
3359 723 3783 792 cohaerentibus,

2185 831 2362 879 tamen
2409 822 2573 878 alium
2620 819 2793 877 dicam
2839 824 3054 888 oportet
3098 831 3165 871 ex
3206 815 3530 871 necessitate
3560 830 3783 879 sensus,

2185 928 2308 968 eum
2338 911 2430 983 qui
2460 910 2630 980 jubet,
2663 918 2720 964 et
2743 922 2866 963 eum
2898 906 2989 978 qui
3038 904 3181 960 facit.
3222 903 3358 959 Nam
3405 919 3505 959 nec
3535 904 3784 972 iuberet,

2185 1000 2230 1055 si
2262 1002 2375 1070 ipse
2400 999 2621 1064 faceret,
2653 996 2781 1052 dum
2804 995 3020 1065 juberet
3048 992 3167 1049 ﬁeri
3196 991 3244 1032 59
3273 1009 3371 1064 per
3399 1009 3544 1047 eum.
3574 993 3787 1047 Tamen

2181 1089 2420 1158 jubebat,
2455 1088 2595 1143 haud
2632 1085 2734 1141 sibi
2770 1085 3023 1155 jussurus
3061 1082 3108 1137 si
3146 1098 3288 1137 unus
3315 1089 3493 1147 esset;
3537 1090 3629 1137 aut
3662 1081 3788 1137 sine

2180 1177 2345 1246 jussu
2392 1174 2650 1240 facturus,
2682 1172 2807 1246 quia
2861 1187 2972 1229 non
3015 1177 3380 1242 exspectasset
3426 1179 3483 1225 ut
3536 1170 3639 1225 sibi
3678 1170 3787 1239 ju-

2186 1265 2358 1320 beret.

2782 1349 3004 1406 CAPUT
3040 1348 3185 1404 XIII.

2259 1442 2427 1515 Ergo,
2458 1441 2650 1513 inquit,
2683 1438 2729 1494 si
2758 1438 2904 1493 Deus
2930 1436 3083 1501 dixit,
3126 1445 3179 1493 et
3206 1436 3351 1492 Deus
3380 1434 3537 1505 fecit;
3570 1437 3615 1490 si
3644 1436 3791 1491 alius

2187 1529 2333 1585 Deus
2362 1529 2513 1593 dixit,
2566 1536 2620 1584 et
2663 1527 2804 1583 alius
2842 1526 2984 1590 fecit,
3026 1526 3135 1581 duo
3182 1524 3268 1581 Dii
3316 1524 3692 1597 praedicantur.
3728 1525 3783 1582 Si

2191 1625 2296 1673 tam
2342 1619 2511 1673 durus
2559 1634 2639 1688 es,
2684 1624 2812 1687 puta
2856 1615 3067 1671 interim
3107 1621 3205 1670 :et
3242 1622 3301 1668 ut
3348 1615 3523 1670 adhuc
3551 1613 3785 1684 amplius

488 1714 617 1775 pote
655 1704 849 1760 unicus
878 1714 931 1758 et
968 1681 1251 1775 singularis
1274 1708 1301 1761 ?
1347 1707 1453 1763 Sed
1496 1716 1551 1762 et
1580 1707 1635 1761 in
1681 1708 2030 1780 sequentibus
2059 1729 2073 1767 :
2113 1681 2156 1760 Β
2188 1708 2290 1765 hoc
2318 1717 2495 1779 putes,
2528 1681 2708 1779 accipe
2734 1707 2791 1763 in
2838 1706 3049 1762 Psalmo
3079 1706 3251 1777 (κων,
3284 1707 3339 1771 7,
3391 1706 3447 1769 8)
3474 1705 3609 1762 duos
3635 1681 3787 1764 Deos

489 1795 627 1848 Ecce
656 1792 832 1847 Adam
859 1795 1050 1861 factus
1081 1799 1162 1850 est
1193 1798 1466 1869 tanquam
1496 1813 1645 1852 unus
1673 1814 1746 1854 ea:
1773 1797 1951 1865 nobis,
1985 1796 2082 1852 fal-

489 1878 550 1933 lit
578 1888 668 1933 aut
698 1879 874 1944 ludit;
928 1890 986 1936 ut
1034 1897 1157 1937 cum
1196 1899 1356 1955 unus,
1403 1894 1458 1941 et
1503 1886 1669 1954 solus,
1703 1898 1755 1942 et
1795 1886 2083 1957 singularis

490 1977 654 2032 esset,
701 1984 999 2026 numerose
1038 1970 1343 2042 loqueretur
1385 1991 1396 2027 :
1433 1982 1520 2029 aut
1571 1975 1828 2045 numquid
1874 1975 2083 2048 angelis

489 2054 828 2126 loquebatur,
872 2064 929 2112 ut
966 2058 1137 2114 Judaei
1165 2059 1607 2132 interpretantur,
1658 2062 1786 2133 quia
1835 2080 1934 2119 nec
1977 2064 2080 2134 ipsi

491 2143 684 2199 Filium
713 2148 1064 2217 agnoscunt?
1094 2147 1182 2203 An
1210 2151 1337 2220 quia
1366 2149 1481 2222 ipse
1527 2160 1643 2206 erat
1672 2151 1844 2218 Pater,
1892 2151 2079 2217 Filius,

490 2232 739 2302 Spiritus,
790 2233 915 2291 ideo
966 2236 1231 2306 pluralem
1280 2254 1339 2293 se
1386 2247 1668 2310 praestans,
1709 2241 1775 2305 5'1,
1810 2240 2083 2311 pluraliter

491 2320 594 2377 sibi
625 2320 991 2393 loquebatur?
1019 2326 1133 2380 Imo
1164 2328 1289 2395 quia
1313 2327 1426 2395 jam
1456 2329 1750 2384 adlierebat
1778 2327 1857 2384 illi
1894 2328 2077 2398 Filius,

490 2413 728 2467 secunda
768 2428 1017 2483 persona,
1066 2412 1229 2471 I68
1292 2416 1480 2471 Sermo
1538 2416 1741 2487 ipsius;
1800 2427 1853 2472 et
1904 2417 2078 2484 tertia,

492 2500 727 2569 Spiritus
767 2501 824 2556 in
871 2501 1156 2571 Sermone,
1206 2504 1325 2560 ideo
1375 2504 1652 2574 pluraliter
1696 2506 2077 2576 pronuntiavit,

486 2592 787 2659 faciamus,
820 2599 891 2662 et,
932 2598 1210 2658 nostram,
1238 2601 1310 2660 et,
1342 2593 1517 2651 nobis.
1549 2594 1685 2650 Cum
1714 2594 1909 2667 quibus
1938 2594 2079 2652 enim

484 2679 716 2735 faciebat
744 2680 1039 2745 hominem,
1070 2690 1123 2736 et
1151 2681 1351 2754 quibus
1380 2681 1611 2739 faciebat
1639 2683 1865 2739 similem
1888 2684 1914 2738 ?
1943 2684 2078 2739 Cum

486 2768 619 2824 Filio
650 2770 698 2807 ⁵⁵
735 2769 971 2840 quidem,
1016 2769 1108 2841 qui
1137 2780 1250 2827 erat
1293 2770 1580 2827 induturus
1612 2773 1917 2838 hominem;
1951 2772 2077 2845 Spi-

488 2857 590 2911 ritu
632 2873 780 2921 vero,
831 2858 923 2929 qui
970 2868 1086 2914 erat
1134 2859 1568 2916 sanctiﬁcaturns
1596 2862 1890 2927 hominem,
1924 2863 2077 2933 quasi

2188 1795 2364 1855 dictos
2396 1816 2407 1852 :
2451 1800 2695 1857 Thronus
2727 1802 2883 1862 tuus,
2914 1799 3078 1858 Deus,
3109 1797 3172 1851 in
3202 1812 3404 1860 (eoum,
3434 1798 3592 1867 virga
3620 1797 3786 1867 regni

2191 1892 2278 1945 tui
2308 1909 2326 1944 :
2355 1887 2615 1945 dilexisti
2634 1889 2943 1957 justitiam,
2967 1891 3019 1941 et
3048 1885 3217 1941 odisti
3244 1884 3631 1957 iniquitatem,
3650 1901 3784 1955 pro-

2186 1982 2381 2051 pterea
2412 1978 2587 2033 unxit
2620 1982 2672 2033 te
2692 1979 2853 2039 Deus,
2881 1978 3021 2031 Deus
3053 1979 3202 2029 tuus.
3236 1972 3291 2028 Si
3320 1973 3389 2029 ad
3416 1974 3587 2028 Deum
3618 1972 3785 2044 loqui-

2192 2076 2297 2135 tur,
2347 2073 2402 2121 et
2450 2072 2669 2121 unctum
2717 2064 2951 2118 Deuma
2980 2063 3097 2116 Deo
3152 2060 3401 2125 affirmat,
3450 2061 3649 2117 scilicet
3696 2062 3783 2117 hic

2188 2155 2328 2219 duos
2375 2153 2506 2209 deos
2537 2151 2785 2224 proponit
2831 2152 2899 2205 θο.
2934 2150 3067 2206 Inde
3114 2158 3167 2205 et
3211 2150 3375 2205 Isaias
3402 2150 3558 2221 (χιον,
3593 2152 3680 2221 14)
3713 2153 3781 2207 ad

2190 2258 2475 2315 personam
2504 2240 2700 2298 Christi
2736 2258 2747 2294 :
2774 2244 2841 2297 Et
2865 2239 3071 2297 Sabain
3093 2240 3162 2309 δι,
3196 2238 3387 2310 inquit,
3412 2240 3523 2295 viri
3551 2241 3693 2296 elati
3712 2240 3786 2296 ad

2193 2336 2243 2388 te
2267 2331 2616 2403 transibunt,
2631 2334 2685 2385 et
2704 2333 2829 2402 post
2852 2332 3222 2400 tesequentur
3242 2328 3420 2383 vincti
3440 2328 3714 2391 manibus,
3729 2333 3785 2383 et

2191 2427 2245 2477 te
2271 2420 2602 2481 adorabunt,
2622 2420 2754 2490 quia
2784 2419 2847 2474 in
2874 2424 2926 2475 te
2947 2421 3094 2474 Deus
3130 2422 3231 2474 est.
3274 2418 3351 2473 Tu
3379 2419 3533 2473 enim
3551 2434 3607 2473 es
3637 2418 3783 2474 Deus

2192 2513 2399 2573 uester,
2429 2512 2482 2565 ct
2519 2506 2918 2574 nesciebamus,
2950 2508 3093 2563 Deus
3138 2506 3387 2563 Israelis.
3424 2505 3494 2561 Et
3521 2504 3606 2561 hic
3636 2504 3809 2560 enim-

2188 2597 2433 2661 dieendo,
2482 2599 2622 2651 Deus
2678 2597 2741 2650 in
2808 2600 2879 2661 te,
2941 2598 3006 2650 tu
3076 2597 3239 2663 Deus,
3289 2595 3428 2651 duos
3474 2593 3778 2665 proponit:

2189 2687 2280 2759 qui
2336 2695 2471 2749 erat,
2524 2697 2573 2739 et
2620 2685 2675 2739 in
2731 2700 2839 2757 quo
2895 2692 3030 2751 erat,
3088 2683 3359 2740 Christum
3408 2682 3476 2749 62,
3525 2694 3574 2737 et
3612 2682 3785 2753 Spiri-

2188 2782 2320 2827 tum.
2372 2770 2536 2829 I69
2572 2772 2755 2842 Ipsum
2809 2770 2933 2843 plus
2981 2771 3031 2809 63
3080 2778 3185 2836 est,
3234 2772 3378 2842 quod
3408 2770 3464 2825 in
3493 2769 3787 2841 Evangelio

2189 2860 2409 2917 totidem
2431 2861 2672 2917 invenies
2703 2878 2717 2914 :
2743 2862 2807 2916 In
2822 2862 3112 2933 principio
3133 2865 3257 2917 erat
3282 2862 3496 2930 Sermo,
3518 2864 3573 2916 et
3595 2860 3785 2917 Sermo

484 2960 607 3001 cum
640 2946 899 3015 ministris
927 2948 978 2985 ⁵6
1006 2957 1058 3003 et
1087 2947 1320 3013 arbitris,
1361 2966 1424 3004 ex
1458 2949 1661 3005 unitate
1689 2950 1960 3007 Trinitatis
1990 2952 2071 3006 lo-
2103 2964 2146 3043 ο
2178 2955 2303 3007 erat
2376 2949 2527 3023 apud
2571 2953 2767 3014 Deum,
2837 2954 2894 3006 et
2956 2952 3101 3005 Deus
3164 2953 3292 3006 erat
3353 2950 3545 3005 Sermo
3600 2948 3781 3019 (Joan.

484 3035 769 3106 quebatur.
826 3036 1089 3108 Denique,
1157 3054 1388 3108 sequens
1442 3039 1718 3112 Scriptura
1788 3040 2072 3117 distinguit

486 3124 625 3179 inter
652 3140 946 3194 personas:
984 3130 1053 3183 Et
1086 3130 1227 3198 fecit
1255 3132 1400 3185 Deus
1430 3130 1735 3198 hominem,
1768 3131 1841 3187 ad
1870 3133 2075 3203 imagi-

484 3231 615 3271 nem
634 3216 735 3272 Dei
760 3218 897 3286 fecit
924 3218 1091 3272 illum
1111 3216 1274 3289 (Gen.
1316 3234 1355 3282 1,
1386 3218 1500 3289 27).
1533 3218 1638 3273 Cur
1668 3234 1798 3285 non,
1831 3236 2005 3287 suam,
2027 3219 2073 3274 si

486 3318 626 3358 unus
671 3303 764 3372 qui
804 3304 1050 3370 iaciebat,
1085 3315 1139 3360 et
1175 3322 1285 3361 non
1330 3315 1446 3361 erat
1478 3308 1545 3361 ad
1594 3315 1752 3375 cujus
1794 3306 2020 3363 faciebat
2045 3310 2073 3364 ?

484 3393 615 3447 Erat
669 3400 849 3448 autem
907 3393 975 3447 ad
1050 3395 1211 3463 cujus
1282 3393 1569 3467 imaginem
1630 3394 1859 3451 faciebat
1926 3415 1937 3453 :
2006 3397 2073 3452 ad

486 3480 607 3536 Filii
648 3481 875 3547 scilicet,
924 3482 1012 3554 qui
1061 3484 1227 3539 homo
1276 3482 1486 3539 futurus
1533 3484 1728 3541 certior
1775 3492 1829 3541 et
1874 3486 2072 3553 verior,

484 3570 782 3642 imaginem
830 3588 985 3627 suam
1039 3571 1237 3627 fecerat
1285 3570 1389 3629 dici
1420 3572 1692 3629 hominem
1721 3573 1815 3646 qui
1857 3583 1981 3631 tunc
2006 3575 2075 3630 de

484 3655 615 3712 limo
665 3656 889 3713 formari
919 3658 1174 3724 habebat,
1215 3659 1394 3731 imago
1435 3661 1547 3717 veri
1595 3662 1641 3699 57
1670 3672 1723 3718 et
1750 3662 2075 3719 similitudo.

483 3746 589 3800 Sed
628 3744 769 3800 etin
796 3748 1244 3805 antecedentibus
1287 3749 1544 3821 Operibus
1589 3751 1778 3807 mundi
1805 3752 2079 3824 quomodo

485 3831 744 3903 scriptum
772 3845 873 3899 est,
904 3836 1144 3906 primum
1172 3837 1409 3909 quidem,
1450 3838 1691 3895 nondum
1727 3838 1863 3895 Filio
1911 3856 2080 3911 appa-

494 3929 643 3977 rente
676 3939 690 3977 :
724 3926 793 3979 Et
833 3924 982 3980 dixit
1004 3927 1149 3981 Deus
1177 3946 1195 3981 :
1228 3927 1355 3982 Fiat
1390 3928 1514 3996 lux,
1537 3933 1593 3983 et
1620 3931 1775 3999 facta
1806 3933 1887 3986 est
1911 3949 1930 3986 :
1965 3928 2081 3999 ipse

486 4009 660 4065 statim
690 4013 882 4069 Sermo
902 4015 1006 4069 tua:
1034 4030 1185 4085 vera,
1212 4033 1335 4088 qua:
1365 4016 1659 4076 illuminat
1690 4018 1973 4077 hominem
2002 4033 2085 4075 ve-

2184 3055 2222 3106 1,
2256 3040 2329 3110 1).
2354 3039 2504 3095 Unus
2520 3038 2610 3110 qui
2632 3048 2766 3105 erat,
2799 3046 2850 3092 et
2875 3038 3013 3093 alius
3044 3052 3209 3108 penes
3243 3053 3406 3109 quem
3435 3042 3569 3094 erat.
3600 3036 3710 3092 Sed
3730 3045 3787 3092 et

2183 3145 2377 3184 nomen
2409 3127 2627 3182 Domini
2655 3127 2709 3181 in
2739 3127 2949 3183 duobus
2978 3127 3104 3198 lego
3136 3143 3152 3183 :
3184 3128 3345 3183 Dixit
3382 3128 3652 3184 Dominus
3681 3128 3781 3183 Do-

2178 3219 2335 3295 mino
2362 3234 2483 3273 meo
2506 3236 2523 3271 :
2544 3216 2679 3274 Sede
2707 3216 2779 3272 ad
2800 3215 3097 3273 dexteram
3135 3232 3339 3273 meam.
3373 3217 3523 3285 (Psal
3551 3232 3664 3282 crx,
3704 3218 3783 3285 1)..

2179 3306 2245 3362 Et
2274 3304 2439 3361 Isaias
2468 3306 2582 3360 hinc
2612 3304 2742 3357 dicit
2774 3320 2787 3357 :
2820 3304 3073 3371 Domine,
3104 3306 3233 3376 quis
3272 3303 3509 3361 credidit
3551 3303 3773 3361 auditui

2182 3391 2422 3450 nostro?
2468 3398 2521 3449 et
2565 3391 2857 3448 brachium
2904 3392 3130 3448 Domini
3165 3393 3259 3449 cui
3306 3392 3624 3450 revelatum
3652 3390 3777 3450 est?

2184 3486 2313 3554 (Isa.
2344 3498 2463 3549 L111,
2496 3486 2571 3553 1).
2604 3482 2907 3539 Brachium
2950 3482 3088 3538 enim
3123 3486 3285 3538 tuum
3313 3480 3383 3545 64,
3416 3495 3527 3536 non
3553 3483 3779 3538 Domini

2182 3572 2423 3637 dixisset,
2484 3572 2529 3626 si
2586 3587 2696 3627 non
2761 3571 3051 3627 Dominum
3108 3571 3323 3626 Patrem
3383 3578 3437 3625 et
3490 3568 3780 3626 Dominum

2186 3660 2381 3718 Filium
2428 3658 2656 3732 intelligi
2696 3659 2869 3715 vellet.
2912 3658 3087 3714 Etiam
3136 3660 3316 3714 adhuc
3366 3657 3642 3730 antiquior
3669 3657 3781 3714 Ge-

2186 3751 2333 3809 nesis
2366 3768 2378 3804 :
2413 3753 2481 3807 Et
2522 3749 2681 3821 pluit
2727 3748 3003 3806 Dominus
3037 3765 3206 3821 super
3248 3746 3543 3805 Sodomam
3572 3752 3631 3803 et
3672 3748 3783 3804 Go-

2187 3839 2479 3897 morrham
2499 3838 2748 3910 sulphur
2772 3842 2824 3893 et
2854 3838 3040 3908 ignem
3063 3837 3129 3894 de
3158 3836 3293 3894 cwlo
3313 3855 3347 3891 a
3368 3836 3602 3892 Domino
3624 3836 3790 3905 (Gen.

2188 3944 2306 3984 nx.
2337 3927 2444 3997 24).
2496 3927 2621 3980 Ηωο
2648 3933 2741 3982 aut
2787 3940 2926 3996 nega
2954 3924 3175 3995 scripta,
3211 3934 3306 3979 aut
3333 3923 3454 3996 quis
3483 3941 3563 3990 es,
3594 3932 3652 3979 ut
3675 3940 3787 3980 non

2190 4025 2347 4089 putes
2425 4015 2738 4087 accipienda
2810 4016 3264 4086 quemadmodum
3356 4013 3560 4083 scripta
3642 4022 3790 4078 sunt,

488 4100 741 4157 nientem
771 4102 834 4155 in
870 4102 1023 4159 hunc
1052 4104 1359 4171 mundum,
1390 4113 1443 4159 et
1467 4121 1570 4176 per
1607 4105 1753 4161 illum
1801 4106 2087 4162 mundialis
2192 4105 2425 4162 maxime
2454 4119 2575 4175 quae
2603 4116 2711 4158 non
2740 4100 2796 4156 in
2842 4100 3123 4175 allegoriis
3163 4109 3216 4157 et
3261 4100 3558 4174 parabolis,
3608 4100 3701 4155 sed
3731 4100 3789 4154 in

487 4204 705 4260 quoque
736 4188 847 4244 lux.
881 4190 1090 4245 Exinde
1137 4200 1317 4247 autem
1348 4192 1401 4247 in
1447 4194 1709 4250 Sermone
1749 4195 1959 4253 Christo
1998 4212 2088 4251 as-
2122 4246 2163 4260 _
2195 4194 2600 4251 deﬁnitionibus
2626 4200 2681 4247 et
2708 4192 2757 4230 6⁵
2786 4191 2946 4247 certis
2976 4199 3027 4246 et
3068 4189 3406 4260 simplicibus
3437 4189 3636 4244 habent
3664 4202 3797 4243 sen-

486 4277 711 4331 sistente
756 4288 809 4333 et
854 4277 1262 4335 administrante
1320 4281 1467 4337 Deus
1529 4284 1696 4340 voluit
1749 4285 1798 4323 ⁵8
1841 4283 1979 4349 ﬁeri,
2032 4293 2086 4341 et
2121 4246 2166 4324 υ
2197 4283 2366 4340 sum?
2412 4282 2568 4352 Quod
2616 4281 2661 4337 si
2691 4296 2757 4336 ex
2798 4279 2904 4336 illis
2947 4294 3008 4335 es
3038 4278 3128 4352 qui
3176 4287 3299 4333 tunc
3342 4276 3634 4334 Dominum
3680 4292 3797 4332 non

486 4365 634 4421 Deus
660 4364 806 4423 fecit.
856 4370 927 4424 Et
960 4368 1113 4425 dixit
1151 4372 1289 4428 Deus
1331 4392 1348 4425 :
1391 4374 1520 4427 Fiat
1546 4373 1995 4442 ﬁrmamentum,
2029 4379 2086 4432 et
2194 4372 2527 4429 sustinebant
2571 4370 2673 4427 Dei
2727 4385 2784 4425 se
2839 4367 3035 4425 Filium
3084 4367 3475 4433 ostendentem,
3522 4380 3621 4421 nec
3664 4380 3799 4421 eum

484 4454 623 4524 fecit
641 4455 785 4511 Deus
803 4456 1264 4524 ﬁrmamentum;
1285 4462 1341 4514 et
1362 4458 1516 4515 dixit
1538 4462 1683 4516 Deus
1699 4464 1775 4517 :F
1776 4464 1901 4516 iant
1925 4462 2087 4517 lumi-
2194 4462 2487 4519 Dominum
2511 4460 2817 4530 crederent,
2848 4456 3136 4515 recordare
3156 4465 3217 4513 tu
3246 4473 3369 4514 cum
3398 4456 3502 4511 illis
3530 4455 3799 4525 scriptum

489 4545 746 4607 naria,et
765 4546 903 4614 fecit
922 4547 1066 4602 Deus
1092 4547 1379 4605 luminare
1399 4550 1587 4620 majus
1604 4555 1658 4606 et
1678 4550 2084 4620 minust’GenJ,
2194 4566 2361 4608 esse:
2413 4554 2518 4624 Ego
2561 4550 2688 4605 dixi
2726 4564 2742 4599 :
2786 4550 2877 4605 Vos
2920 4548 3004 4603 dii
3050 4548 3199 4614 estis,
3254 4552 3308 4603 et
3359 4546 3470 4615 ﬁlii
3514 4545 3805 4602 Altissimi

487 4633 651 4702 7-16)
677 4651 691 4701 ;
726 4634 815 4688 sed
846 4640 900 4689 et
928 4643 1120 4691 caetera
1150 4635 1331 4708 utique
1358 4636 1502 4693 idem
1532 4637 1658 4693 fecit
1681 4638 1771 4711 qui
1802 4650 1856 4695 et
1884 4639 2083 4711 priora,
2195 4642 2369 4712 (Psal.
2411 4652 2624 4706 1.xxx11,
2657 4639 2735 4707 6).
2776 4637 2840 4693 Et
2872 4653 2885 4691 :
2922 4638 3094 4694 Stetit
3124 4639 3264 4694 Deus
3303 4637 3365 4691 in
3406 4636 3641 4692 ecclesia
3670 4634 3804 4691 deo-

488 4718 545 4773 id
573 4730 652 4775 est
695 4722 886 4778 Sermo
926 4721 1046 4791 Dei,
1084 4741 1189 4797 per
1228 4742 1394 4799 quem
1426 4727 1621 4783 omnia
1652 4731 1807 4799 facta
1843 4733 1999 4793 sunt,
2031 4731 2086 4785 et
2197 4749 2367 4795 rum;
2396 4738 2454 4783 ut
2480 4730 2525 4785 si
2556 4727 2819 4795 homines,
2843 4743 2940 4798 per
2965 4726 3127 4783 ﬁdem
3150 4725 3291 4782 ﬁlios
3317 4726 3413 4783 Dei
3441 4724 3634 4793 factos,
3659 4724 3803 4779 deos

491 4808 614 4864 sine
634 4825 742 4880 quo
764 4814 991 4881 factum
1013 4819 1095 4870 est
1112 4814 1281 4871 nihil.
1313 4813 1419 4883 Qui
1450 4815 1564 4886 ipse
1594 4818 1741 4872 Deus
1769 4826 1870 4881 est,
1904 4832 2092 4871 secun-
2198 4819 2471 4891 Scriptura
2533 4816 2889 4889 pronuntiare
2961 4831 3071 4872 non
3152 4815 3347 4879 timuit,
3433 4814 3571 4869 scias
3644 4812 3800 4867 illam

494 4898 622 4953 dum
649 4898 911 4958 Joannem
942 4904 1007 4971 (1,
1043 4904 1116 4974 1),
1139 4908 1286 4959 Deus
1324 4910 1449 4964 erat
1484 4909 1698 4964 Sermo.
1730 4908 1906 4965 Habes
1931 4907 2087 4977 duos,
2198 4909 2372 4963 multo
2418 4905 2593 4979 magis
2637 4920 2769 4963 vero
2822 4913 2877 4962 et
2922 4905 3080 4961 unico
3125 4902 3225 4960 Dei
3273 4903 3412 4958 Filio
3452 4901 3552 4958 Dei
3596 4915 3803 4959 nomen

1872 5104 2063 5167 Variae
2108 5106 2417 5167 lectiones.

566 5253 613 5291 ⁵⁴
651 5253 947 5311 Praeferens
996 5258 1195 5315 Wouw.
1237 5258 1286 5297 ⁵⁵
1321 5258 1563 5316 Similem
1588 5262 1614 5316 ‘2
1657 5261 1789 5318 Filio
1813 5262 1987 5320 Rhen.
2012 5263 2182 5320 Seml.
2212 5262 2437 5319 Oberth.
2478 5262 2527 5299 ⁵6
2563 5261 2958 5317 Comministris
2985 5260 3119 5315 Jun.
3142 5258 3190 5296 ⁵⁷
3239 5258 3384 5314 Vero
3427 5256 3597 5315 Rhen.
3634 5258 3811 5313 Pam.

499 5326 672 5384 Seml.
708 5326 941 5404 _0_bert_h.
965 5328 1322 5404 58AYoluerint
1350 5334 1470 5403 Rig.
1513 5334 1700 5391 Venet.
1731 5334 1781 5372 ⁵9
1823 5334 1961 5388 Dum
2013 5334 2233 5404 juberet
2261 5335 2426 5398 enim,
2460 5331 2575 5389 fieri
2618 5334 2891 5404 Lat.Rig.
2931 5333 3059 5404 dum
3104 5331 3337 5404 juberet.
3378 5330 3518 5404 Fieri
3548 5344 3815 5404 porcum

499 5398 818 5479 tamenin"-
850 5400 982 5479 ίατι·
1006 5400 1070 5479 ,⁵ο
1100 5401 1205 5479 ξω
1246 5398 1495 5479 madeo?
1523 5404 1655 5460 deos
1681 5422 1780 5479 pro
1804 5406 1962 5479 Yirsa
1981 5398 2131 5479 réeni
2161 5404 2236 5479 tui
2279 5406 2449 5479 Semt-
2480 5398 2901 5479 Pam-“attinnt?”
2930 5410 2983 5457 ει
3012 5398 3115 5479 hic;
3128 5402 3270 5479 ἀυοξ
3306 5402 3439 5479 deos
3465 5398 3667 5479 Lai-3.“
3694 5401 3813 5479 $8-

499 5470 640 5545 baim
665 5471 1093 5545 t:raiz._Seboim_
1108 5475 1276 5531 Seml.
1308 5475 1358 5513 53
1384 5474 1492 5543 Qui
1521 5470 1763 5533 erant'in
1793 5470 1923 5533 Chr:
1955 5470 2129 5533 RhEn.
2164 5478 2333 5533 Seml.
2376 5476 2595 5533 Oberth.
2628 5475 2677 5514 6³
2707 5474 2982 5545 Spiritum,
3003 5490 3049 5528 s.
3084 5473 3208 5539 Plus
3242 5473 3431 5530 Latin.
3462 5472 3517 5527 in
3582 5470 3819 5528 Christo

502 5556 564 5595 ex
595 5540 653 5598 S.
687 5542 807 5600 Plus
826 5543 962 5615 Jun.
981 5544 1030 5583 δι
1060 5543 1210 5602 Enim
1279 5540 1436 5605 suum
1465 5561 1570 5603 non
1600 5546 1844 5616 dixisset,
1875 5548 2104 5607 siSeml.
2144 5548 2194 5587 ⁵⁵
2220 5549 2284 5605 Et
2310 5548 2482 5608 abest.
2519 5547 2690 5605 Seml.
