4032 6152
255 329 366 392 193

242 459 377 527 jure
431 449 751 508 contulisse.
807 467 831 502 ι
872 448 1040 520 Ergo,
1091 444 1288 518 inquis,
1351 443 1664 515 provocabo
1703 451 1776 508 te,
1807 450 1869 498 ut

250 544 419 603 hodie
454 555 672 615 quoque
722 556 791 595 ex
838 539 1152 594 auctoritate
1194 536 1419 592 istarum
1461 532 1861 602 Scripturarum

250 639 566 690 constanter
591 629 736 684 duos
766 629 911 684 Deos
940 634 994 682 et
1031 626 1170 680 duos
1198 623 1464 679 Dominos
1502 620 1790 692 praedices.
1832 639 1856 672 ι

250 723 428 780 Absit.
491 721 609 776 Nos
659 718 808 774 enim
857 715 951 790 qui
999 724 1054 771 et
1106 722 1352 785 tempora
1408 719 1463 767 et
1493 726 1689 768 causas
1715 709 1864 766 Scri-

250 825 534 887 pturarum
583 825 685 882 per
731 809 829 863 Dei
878 806 1109 878 gratiam
1137 801 1479 872 inspicimus,
1509 800 1741 856 maxime
1770 800 1868 854 Pa-

253 900 453 968 racleti,
489 914 608 956 non
666 896 948 953 hominum
993 893 1271 964 discipuli,
1302 892 1442 948 duos
1468 890 1687 963 quidem
1725 887 1866 944 defi-

251 992 447 1055 nimus,
506 989 722 1044 Patrem
764 994 819 1041 et
862 985 1078 1050 Filium,
1109 991 1163 1040 et
1200 983 1310 1052 jam
1343 989 1449 1036 tres
1512 995 1636 1034 cum
1665 977 1869 1049 Spiritu

249 1090 463 1147 sancto,
531 1075 843 1133 secundum
898 1073 1160 1130 rationem
1191 1068 1535 1135 oeconomite,
1569 1083 1693 1138 quae
1744 1065 1870 1122 facit

247 1187 551 1227 numerum
605 1190 620 1226 :
671 1181 760 1237 ne,
810 1172 872 1222 ut
904 1175 1076 1221 vestra
1122 1159 1450 1236 perversitas
1500 1157 1682 1224 infert,
1711 1157 1871 1213 Pater

245 1263 360 1334 ipse
390 1260 666 1316 credatur
710 1266 872 1313 natus
901 1262 954 1309 et
972 1269 1202 1324 passus;
1236 1250 1381 1322 quod
1412 1264 1516 1305 non
1548 1247 1674 1303 licet
1701 1245 1868 1314 credi,

247 1351 518 1423 quoniam
551 1363 666 1404 non
704 1347 777 1402 ita
807 1344 1059 1399 traditum
1108 1350 1208 1402 est.
1244 1342 1393 1395 Duos
1424 1347 1601 1393 tamen
1630 1337 1772 1392 Deos
1819 1343 1874 1390 et

246 1440 382 1495 duos
432 1437 725 1494 Dominos
749 1449 1021 1506 nunquam
1051 1449 1117 1488 ex
1146 1444 1241 1487 ore
1277 1435 1465 1484 nostro
1497 1425 1824 1498 proferimus
1852 1445 1865 1480 ε

249 1545 352 1585 non
402 1529 580 1600 quasi
639 1541 752 1581 non
807 1533 861 1579 et
913 1524 1070 1578 Pater
1116 1523 1279 1585 Deus,
1331 1525 1384 1573 et
1415 1517 1584 1572 Filius
1620 1515 1791 1584 Deus,
1822 1521 1876 1568 et

251 1599 491 1692 Spiritus
545 1622 772 1673 sanctus
820 1613 991 1680 Deus,
1044 1619 1097 1666 et
1130 1599 1286 1665 Deus
1316 1605 1734 1678 unusquisque;
1776 1603 1874 1660 sed

251 1710 520 1782 quoniam
580 1716 734 1761 retro
763 1711 815 1760 et
843 1703 950 1758 duo
980 1700 1065 1756 Dii
1095 1707 1147 1755 et
1193 1697 1301 1752 duo
1354 1693 1570 1752 Domini
1607 1692 1874 1767 praedica-

253 1802 490 1868 bantur;
529 1803 617 1864 ut,
660 1795 753 1850 ubi
771 1793 1010 1848 venisset
1040 1788 1309 1855 Christus,
1339 1791 1394 1842 et
1433 1785 1586 1840 Deus
1615 1796 1878 1857 agnosce-

254 1895 419 1957 retur,
453 1893 519 1943 et
578 1883 852 1939 Dominus
917 1887 1218 1945 vocaretur,
1265 1875 1390 1948 quia
1445 1872 1620 1928 Filius
1671 1870 1771 1926 Dei
1827 1879 1882 1926 et

257 1975 506 2034 Domini.
563 1974 627 2030 Si
675 1973 818 2028 enim
863 1986 971 2026 una
1007 1982 1238 2040 persona
1269 1975 1322 2021 et
1363 1963 1468 2020 Dei
1498 1970 1552 2018 et
1579 1959 1797 2016 Domini
1827 1959 1883 2015 in

255 2065 563 2138 Scripturis
624 2060 977 2121 inveniretur,
1038 2056 1226 2112 merito
1284 2053 1528 2110 Christus
1581 2065 1689 2105 nou
1745 2055 1887 2104 esset

259 2137 542 2210 admissus
602 2152 676 2207 ad
707 2165 907 2206 nomen
937 2145 1037 2201 Dei
1067 2155 1122 2202 et
1146 2145 1196 2182 66
1259 2141 1496 2198 Domini.
1536 2139 1709 2194 Nemo
1740 2137 1886 2193 enim

263 2244 399 2299 alius
429 2251 650 2316 praeter
697 2255 840 2294 unus
880 2238 1028 2292 Deus
1064 2242 1116 2290 et
1147 2249 1287 2288 unus
1319 2229 1584 2288 Dominus
1615 2226 1886 2301 przedica-

264 2337 440 2405 batur,
495 2342 552 2389 et
595 2331 844 2388 futurum
900 2333 1016 2382 erat
1070 2330 1132 2380 ut
1189 2323 1306 2394 ipse
1343 2322 1502 2377 Pater
1540 2316 1890 2374 descendisse

268 2423 564 2491 videretur,
601 2419 734 2492 quia
762 2431 904 2474 unus
931 2415 1077 2470 Deus
1121 2419 1176 2469 et
1223 2427 1366 2466 unus
1417 2407 1684 2466 Dominus
1739 2407 1889 2476 lege-

273 2514 454 2581 batur;
479 2517 534 2566 et
554 2517 674 2566 tota
693 2503 995 2564 oeconomia
1024 2510 1078 2558 et
1108 2502 1229 2572 ejus
1260 2499 1693 2564 obumbraretur,
1719 2493 1892 2549 170

277 2618 390 2674 quae
438 2601 496 2654 in
543 2596 840 2654 materiam
880 2593 1004 2648 fidei
1052 2597 1337 2662 prospecta
1379 2595 1540 2660 atque
1579 2585 1893 2654 dispensata

283 2670 378 2745 est.
409 2688 484 2744 At
508 2687 612 2742 ubi
664 2685 819 2740 venit
863 2681 1128 2746 Christus,
1170 2686 1224 2735 et
1257 2673 1507 2750 cognitus
1534 2677 1615 2729 est
1644 2686 1674 2725 a
1713 2670 1887 2734 nobis,

289 2777 422 2850 quod
453 2777 572 2850 ipse
608 2774 681 2830 sit
700 2775 749 2812 5"
783 2771 875 2844 qui
924 2783 1210 2826 numerum
1259 2775 1403 2828 retro
1453 2761 1671 2824 fecerat,
1724 2757 1895 2814 factus

297 2848 552 2921 secundus
600 2881 635 2917 a
690 2865 868 2925 Patre,
901 2867 955 2916 et
1010 2875 1131 2916 cum
1189 2853 1398 2928 Spiritu
1460 2850 1663 2919 tertius,
1697 2857 1748 2904 et
1781 2848 1894 2913 jam

307 2955 448 3010 Pater
498 2971 598 3026 per
657 2953 835 3025 ipsum
895 2947 1108 3020 plenius
1165 2941 1557 3011 manifestatus,
1615 2939 1892 2995 redactum

1533 316 1728 376 LIBER
1767 313 1920 374 ADV.
1961 311 2302 375 ΡΒΑΧΕΑΜ.

3462 319 3563 380 194

1899 453 1946 533 Α
1971 443 2081 500 nia
2110 441 2428 533 benedictus
2456 444 2520 499 in.
2551 460 2732 499 aevum
2754 460 2916 501 omne
2946 447 3123 514 (Rom.
3156 461 3197 512 ι,
3228 447 3306 515 '7).
3339 444 3472 502 Nam
3513 456 3566 502 et

1977 533 2184 590 radium
2219 532 2354 588 solis
2393 547 2633 589 seorsum
2692 532 2866 588 solem
2914 533 3154 604 vocabo;
3185 534 3351 592 solem
3389 541 3564 591 autem

1974 623 2261 678 nominans
2317 623 2477 692 cujus
2514 631 2592 677 est
2647 621 2854 687 radius,
2885 636 2994 677 non
3023 623 3202 678 statim
3241 632 3296 680 et
3356 625 3564 681 radium

1974 714 2146 768 solem
2166 711 2475 782 appellabo.
2497 712 2641 767 Nam
2663 711 2762 766 etsi
2780 711 2927 766 soles
2948 711 3087 767 duos
3109 727 3218 768 non
3238 713 3431 768 faciam
3454 732 3468 767 :
3492 714 3563 779 ⁸³2,

1976 809 2148 858 tamen
2199 810 2253 855 et
2291 801 2462 856 solem
2508 807 2563 854 et
2609 800 2822 855 radium
2872 801 2994 869 ejus
3033 807 3141 854 tam
3190 801 3326 855 duas
3369 817 3476 868 res,
3518 807 3606 864 et',

1975 891 2108 946 duas
2151 890 2361 960 species
2386 889 2547 945 unius
2594 889 2839 944 indivisa:
2882 889 3202 945 substantiae
3249 891 3567 957 numerabo,
3617 911 3636 927 κ
3681 942 3692 952 ,

1973 995 2135 1052 quam
2189 979 2242 1017 13
2293 980 2468 1036 Deum
2503 987 2556 1035 et
2598 977 2913 1036 Sermonem
2968 980 3112 1049 ejus,
3153 995 3316 1052 quam
3355 981 3571 1037 Patrem

1977 1077 2028 1125 et
2065 1068 2284 1124 Filium.

2562 1210 2788 1278 CAPUT
2838 1211 2984 1268 XIV.

2052 1332 2244 1390 Adhuc
2269 1342 2323 1390 et
2383 1335 2472 1389 illa
2498 1332 2656 1390 nobis
2703 1334 2893 1404 regula
2948 1333 3160 1390 adsistit
3197 1335 3336 1392 duos
3396 1335 3577 1390 vindi-

1980 1423 2229 1479 cantibus
2261 1425 2469 1478 Patrem
2500 1433 2556 1478 et
2573 1423 2786 1488 Filium,
2820 1437 2944 1494 quae
2972 1424 3022 1461 ἰιι
3049 1423 3372 1481 invisibilem
3405 1425 3578 1479 Deum

1981 1511 2379 1567 determinavit.
2411 1511 2547 1568 Cum
2593 1510 2732 1566 enim
2762 1511 2978 1583 Moyses
3011 1512 3211 1582 (Exod.
3244 1527 3455 1578 χχχιιι,
3490 1515 3578 1576 13,

1983 1599 2074 1670 29)
2096 1599 2149 1654 in
2177 1600 2408 1672 Egypto
2429 1598 2790 1655 desiderasset
2817 1601 3029 1655 Domini
3065 1611 3417 1672 conspectum
3442 1602 3578 1670 (24),

1982 1688 2169 1744 dicens
2192 1705 2204 1745 :
2235 1690 2294 1744 Si
2319 1703 2444 1760 ergo
2470 1689 2668 1744 inveni
2684 1690 2937 1759 gratiam
2957 1705 3153 1745 coram
3175 1693 3247 1758 te,
3267 1691 3583 1760 manifesta

1909 1741 1955 1820 Β
1985 1778 2134 1833 mihi
2165 1783 2237 1845 te,
2261 1783 2329 1833 ut
2347 1741 2743 1850 cognoscenter

1988 1883 2066 1931 re,
2117 1865 2313 1937 inquit,
2351 1868 2563 1936 faciem
2590 1882 2814 1932 meam;
2863 1880 2978 1921 non
3007 1867 3161 1922 enim
3187 1865 3394 1922 videbit
3424 1865 3585 1925 homo

1991 1957 2197 2028 faciem
2227 1971 2438 2018 meam,
2469 1960 2524 2010 et
2547 1955 2710 2020 vivet,
2736 1955 2788 2007 id
2828 1964 2927 2018 est,
2958 1953 3218 2009 morietur
3247 1953 3339 2023 qui
3368 1954 3586 2010 viderit.

1992 2042 2304 2099 Invenimus
2351 2042 2500 2098 enim
2544 2050 2598 2096 et
2642 2059 2673 2097 a
2711 2040 2899 2096 multis
2945 2041 3117 2096 Deum
3147 2044 3345 2106 visum,
3387 2048 3439 2095 et
3483 2057 3584 2097 ne-

1999 2131 2202 2186 miuem
2249 2139 2428 2186 tamen
2456 2144 2666 2195 eorum,
2701 2128 2793 2201 qui
2831 2144 2953 2184 eum
2999 2128 3261 2197 viderant,
3294 2137 3587 2187 mortuum.

1999 2223 2189 2279 Visum
2237 2222 2469 2293 quidem"
2513 2221 2679 2276 Deum
2718 2218 3017 2274 secundum
3067 2216 3346 2273 hominum
3377 2219 3589 2289 capaci-

1996 2319 2180 2376 tatem,
2246 2325 2352 2366 non
2417 2309 2717 2364 secundum
2767 2305 3164 2376 plenitudinem
3216 2304 3514 2361 divinitatis
3574 2325 3589 2360 :

1998 2416 2124 2455 nam
2155 2397 2472 2472 patriarchae
2501 2399 2675 2453 Deum
2714 2395 2914 2452 vidisse
2972 2394 3298 2461 referuntur,
3329 2404 3388 2449 ut
3417 2395 3594 2452 Abra-

1999 2490 2126 2544 ham
2181 2496 2236 2544 et
2262 2489 2453 2555 Jacob,
2483 2495 2536 2541 et
2592 2485 2889 2555 prophetae,
2919 2492 2982 2539 ut
3009 2482 3196 2552 Isaias,
3228 2491 3288 2539 ut
3315 2484 3593 2554 Ezechiel;

2002 2586 2057 2634 et
2102 2585 2284 2634 tamen
2337 2575 2536 2631 mortui
2572 2588 2683 2628 non
2736 2583 2881 2628 sunt.
2917 2569 3073 2627 171
3111 2571 3281 2642 Igitur
3335 2581 3425 2628 aut
3460 2575 3598 2630 mori

2002 2666 2321 2730 debuerant,
2351 2664 2396 2718 si
2427 2679 2550 2718 eum
2581 2662 2858 2726 viderant;
2891 2662 3067 2717 Deum
3093 2659 3234 2716 enim
3263 2676 3426 2718 nemo
3447 2662 3598 2720 vide-

2003 2754 2106 2823 bit,
2136 2757 2192 2811 et
2219 2755 2394 2820 vivet;
2431 2760 2520 2806 aut
2573 2751 2619 2805 si
2648 2751 2826 2805 Deum
2865 2749 3138 2817 viderunt,
3172 2756 3227 2803 et
3255 2749 3454 2805 mortui
3493 2765 3600 2805 non

2003 2851 2150 2909 sunt,
2209 2840 2492 2911 Scriptura
2543 2839 2819 2906 mentitur,
2879 2839 3052 2894 Deum
3115 2837 3339 2894 dixisse.
3381 2841 3599 2895 Faciem

2003 2947 2190 2988 meam
2236 2931 2397 2986 homo
2448 2931 2497 2985 si
2538 2930 2763 2998 viderit,
2812 2946 2929 2988 non
2955 2930 3138 2996 vivet;
3203 2937 3294 2983 aut
3325 2927 3600 3000 Scriptura
3669 2983 3674 2989 .

325 3051 402 3097 est
437 3045 543 3111 jam
586 3057 782 3097 nomen
846 3017 948 3095 Dei
1005 3046 1059 3093 et
1114 3033 1333 3092 Domini
1388 3031 1444 3087 in
1498 3028 1784 3095 unionem;
1815 3033 1893 3091 ut,
1929 3027 1972 3106 ε
2003 3020 2285 3086 mentitur,
2317 3034 2441 3074 cum
2479 3018 2733 3081 invisum,
2793 3025 2888 3072 aut
2915 3033 3039 3072 cum
3069 3017 3242 3074 visum
3271 3019 3443 3073 Deum
3477 3035 3602 3090 pro-

328 3128 519 3200 quia88
551 3130 833 3186 uationesa
884 3124 1228 3184 multitudine
1287 3120 1562 3177 idolorum
1611 3115 1898 3174 transirent

227 3287 236 3292 _
315 3218 386 3272 ad
411 3220 616 3275 unicum
645 3219 835 3289 Deum,
867 3226 920 3274 et
970 3212 1276 3271 differentia
1313 3207 1729 3268 constitueretur
1760 3204 1899 3258 inter

304 3307 540 3363 cultores
584 3307 773 3374 unius,
809 3313 862 3362 et
908 3305 957 3345 69
1002 3301 1245 3376 plurimae
1300 3296 1615 3355 divinitatis.
1666 3294 1805 3348 Nam
1848 3299 1902 3346 et

299 3399 480 3455 lucere
533 3397 590 3452 in
648 3395 850 3451 mundo
916 3391 1252 3450 Christianos
1307 3387 1592 3462 oportebat
1645 3392 1705 3440 ut
1760 3380 1903 3436 filios

294 3489 452 3555 lucis,
515 3488 710 3543 lumen
745 3483 933 3540 mundi
987 3498 1155 3538 unum
1201 3489 1256 3536 et
1285 3479 1458 3533 Deum
1510 3481 1564 3530 et
1611 3469 1903 3527 Dominum

297 3579 563 3644 colentes,
606 3583 665 3632 et
711 3574 1066 3631 nominantes.
1118 3571 1403 3632 Caeterum,
1439 3565 1484 3620 si
1515 3579 1582 3619 ex
1623 3559 1904 3618 conscien-

294 3671 363 3725 tia
392 3685 505 3742 qua
560 3665 769 3722 scimus
814 3661 911 3719 Dei
958 3676 1152 3718 nomen
1197 3667 1251 3714 et
1297 3653 1513 3712 Domini
1561 3658 1616 3707 et
1673 3649 1810 3704 Patri
1853 3653 1906 3704 et

289 3735 425 3814 Filio
456 3767 516 3813 et
562 3751 791 3827 Spiritui
829 3751 1134 3816 convenire,
1174 3749 1320 3803 Deos
1349 3751 1401 3799 et
1429 3740 1690 3798 Dominos
1723 3735 1906 3792 uomi-

291 3824 1079 3912 uaremuspexstiuxissemus
1149 3837 1300 3892 faces
1343 3837 1559 3890 nostras
1625 3827 1783 3883 etiam
1839 3824 1908 3880 ad

289 3935 572 4008 martyria
597 3928 916 3995 timidiores,
948 3925 1146 3999 quibus
1177 3919 1437 3980 evadendi
1483 3930 1698 3992 quoque
1726 3915 1779 3954 ⁷ο
1807 3928 1908 3984 pa-

287 4002 501 4084 teret"n
547 4019 771 4078 occasio
795 4017 1100 4090 jurantibus
1126 4011 1306 4071 statim
1337 4026 1435 4082 per
1463 4009 1608 4064 Deos
1636 4014 1690 4062 et
1718 4002 1909 4060 Domi-

288 4134 408 4188 nos,
441 4123 507 4171 ut
574 4109 795 4185 quidam
833 4105 1088 4173 haretici,
1134 4117 1369 4177 quorum
1401 4097 1489 4154 Dii
1527 4098 1709 4188 plures
1773 4093 1906 4188 (23)ἷ

285 4181 481 4281 Itaque
514 4181 682 4260 Deos
735 4197 954 4256 omnino
998 4209 1106 4251 non
1133 4192 1330 4260 dicam,
1361 4203 1463 4244 nec
1489 4185 1780 4250 Dominos;
1813 4181 1908 4238 sed

2007 3110 2124 3165 fert.
2183 3108 2296 3161 .lam
2355 3120 2485 3175 ergo
2512 3104 2652 3161 alius
2707 3104 2809 3158 erit
2837 3105 2931 3175 qui
2987 3104 3294 3173 videbatur,
3334 3105 3600 3176 quianon
3695 3159 3704 3164 -

2005 3203 2184 3268 potest
2237 3193 2383 3249 idem
2441 3191 2729 3249 invisibilis
2772 3191 3006 3257 deﬁniri,
3051 3193 3143 3261 qui
3181 3193 3490 3258 videbatur;
3553 3196 3642 3250 et‘

2007 3298 2347 3356 consequens
2411 3282 2534 3347 erit,
2574 3289 2632 3336 ut
2688 3280 3021 3336 invisibilem
3059 3283 3266 3336 Patrem
3333 3282 3605 3355 intelliga-

2010 3392 2148 3443 mus,
2217 3387 2312 3446 pro
2369 3369 2705 3442 plenitudine
2756 3368 3085 3441 majestatis;
3141 3369 3410 3426 visibilem
3471 3385 3605 3428 vero

2012 3465 2202 3520 Filium
2240 3476 2616 3533 agnoscamus,
2650 3475 2746 3529 pro
2777 3459 3000 3516 modulo
3031 3459 3378 3518 derivationis
3407 3475 3424 3518 :
3466 3460 3607 3516 sicut

2012 3570 2112 3610 nec
2158 3553 2326 3607 solem
2376 3549 2535 3606 nobis
2563 3549 2916 3620 contemplari
2959 3548 3106 3614 licet,
3139 3558 3398 3621 quantum
3425 3551 3494 3605 ad
3525 3550 3606 3622 ip-

2013 3657 2128 3698 sam
2157 3639 2477 3698 substantiae
2505 3652 2771 3694 summam
2827 3653 2948 3710 quae
2977 3645 3061 3693 est
3089 3637 3145 3692 in
3168 3637 3321 3694 caelis
3353 3657 3366 3696 :
3395 3639 3608 3695 radium

2014 3739 2193 3787 autem
2241 3730 2361 3799 ejus
2390 3729 2683 3784 toleramus
2727 3727 2902 3783 oculis
2932 3742 3033 3798 pro
3087 3734 3452 3798 temperatura
3483 3743 3610 3801 por-

2015 3821 2177 3878 tiouis
2225 3834 2347 3890 quae
2410 3817 2464 3872 in
2508 3824 2713 3872 terram
2748 3814 2876 3872 inde
2913 3815 3229 3887 porrigitur.
3259 3816 3356 3873 Hic
3409 3833 3473 3873 ex
3503 3819 3612 3873 ~di-

2015 3924 2174 3968 verso
2227 3907 2376 3962 volet
2429 3901 2628 3977 aliquis
2659 3903 2820 3960 etiam
2879 3901 3073 3960 Filium
3104 3904 3425 3963 invisibilem
3477 3923 3611 3964 con-

2017 3999 2256 4064 tendere,
2305 4006 2366 4053 ut
2420 4009 2741 4060 sermonem,
2792 4005 2855 4050 ut
2909 3994 3184 4065 spiritum;
3221 4005 3275 4053 ct
3302 3996 3430 4053 dum
3487 3998 3613 4052 uni-

2019 4104 2137 4147 cam
2189 4085 2240 4125 75
2264 4084 2632 4142 conditionem
2691 4083 2862 4140 Patris
2901 4092 2952 4140 et
2980 4083 3104 4140 Filii
3156 4085 3416 4152 vindicat,
3451 4101 3616 4141 unum

2015 4178 2198 4253 potius
2225 4180 2388 4247 atque
2414 4174 2662 4230 eumdem
2708 4173 3032 4231 continuare
3058 4174 3271 4232 Patrem
3299 4183 3356 4230 et
3400 4175 3618 4234 Filium.

287 4262 649 4369 Apostolum
679 4304 894 4361 sequar,
922 4291 980 4341 ut
1024 4282 1072 4341 si
1112 4280 1308 4355 pariter
1352 4273 1666 4332 nominandi
1712 4271 1912 4328 fuerint
1945 4310 1992 4390 Β
2020 4268 2128 4327 Sed
2182 4264 2416 4321 diximus
2478 4263 2812 4334 Scripturam
2877 4262 3200 4320 differentiae
3267 4265 3618 4336 patrocinari,

610 4379 711 4390 .....
839 4378 879 4390 κ
1046 4375 1084 4390 ἢ
1125 4381 1136 4390 .
1221 4389 1250 4390 η
1316 4367 1575 4390 -..⁴-11-..ι.
1654 4371 1702 4390 ,ιι
1739 4364 1910 4390 1--....ι
2025 4375 2123 4390 nm.
2175 4352 2402 4390 uiaihilia
2441 4360 2492 4390 nt
2552 4352 2840 4390 inuicihilia
2880 4353 3279 4390 dialinnlinnnm
3364 4355 3497 4390 λταπ.
3567 4365 3618 4390 οι

294 4352 455 4444 Pitter
489 4352 566 4441 et
610 4352 804 4448 Filius,
839 4352 1008 4433 Deum
1046 4352 1258 4430 Patrem
1310 4367 1602 4443 appellem,
1652 4371 1707 4420 et
1731 4364 1914 4418 Jesurn
1946 4352 1992 4390 ν
2025 4375 2123 4432 per
2175 4352 2404 4414 visibilis
2441 4360 2495 4409 et
2552 4352 2842 4409 invisibilis
2880 4353 3304 4411 distinctionem.
3364 4355 3501 4412 Nam
3567 4365 3622 4412 et

295 4441 607 4535 ᾖῌιξίέωιη
646 4441 937 4526 Dominum
991 4463 1287 4522 nominem.
1320 4441 1507 4516 Solum
1555 4461 1734 4510 autem
1763 4451 1919 4507 Chri-
2028 4448 2158 4507 illud
2213 4443 2469 4516 adjiciunt
2516 4441 2584 4496 ad
2631 4443 3152 4514 argumentationem
3187 4461 3200 4499 :
3235 4442 3395 4511 Quod
3450 4446 3496 4501 si
3526 4445 3619 4500 Fi-

294 4529 698 4637 stumnpotero
744 4558 915 4613 Deum
967 4555 1162 4624 dicere,
1201 4551 1339 4609 sicut
1383 4547 1526 4604 idem
1569 4541 1864 4616 Apostolus
1901 4559 1916 4596 :
2031 4540 2135 4596 lius
2165 4543 2293 4593 tunc
2337 4534 2404 4590 ad
2431 4533 2654 4602 Moysen
2703 4529 3042 4602 loquebatur,
3077 4530 3196 4604 ipse
3245 4531 3438 4588 faciem
3469 4548 3622 4589 suam

289 4617 636 4730 aquibus
672 4650 950 4717 Christus,
980 4646 1076 4718 qui
1098 4617 1202 4708 est,
1226 4637 1417 4712 inquit,
1441 4639 1588 4694 Deus
1626 4648 1794 4706 super
1813 4648 1926 4689 o-m-
2034 4624 2238 4684 nemini
2300 4621 2570 4680 visibilem
2634 4618 3027 4691 pronuntiaret,
3076 4621 3201 4692 quia
3245 4617 3453 4676 scilicet
3507 4620 3623 4692 ipse

1706 4751 1902 4814 Variae
1943 4749 2254 4813 lectiones.

363 4873 420 4912 δεῖ
454 4868 566 4926 Ad
597 4864 689 4921 ad.
715 4858 950 4921 Seml.61
987 4858 1068 4914 Sit
1091 4856 1264 4914 abest.
1300 4853 1468 4912 Seml.
1499 4849 1831 4926 68_Et__Seml.
1872 4847 2022 4926 69AUt
2045 4843 2218 4926 Seml.
2257 4836 2310 4878 ’⁸ο
2335 4837 2561 4908 Quaque
2592 4835 2763 4894 Seml.
2795 4832 2841 4872 τι
2874 4833 3029 4892 Patet
3067 4833 3238 4893 Seml.
3272 4832 3322 4874 ⁷2
3351 4835 3501 4895 Duos
3539 4835 3623 4894 fa-

297 4918 678 5001 ciam—Santi.
707 4918 902 5004 1‘3'Qua
935 4930 1104 4989 Seml.
1128 4928 1177 4967 τι
1205 4926 1378 4997 Quem
1420 4924 1589 4983 Seml.
1621 4922 1670 4960 75
1705 4919 1886 4976 Unum
1917 4918 2087 4978 Seml.

1734 5015 2230 5082 Commentarius.

372 5143 511 5217 (22)
552 5140 804 5217 Μιξπίῑηξ
828 5135 1142 5217 Ραταρῖεεέν
1185 5129 1620 5217 ceremiam
1644 5124 1933 5217 ἔὲδθέρέἐέἓ
2007 5149 2010 5152 ’
2053 5119 2232 5217 ,ΑΨ
2248 5117 2463 5217 Pii?
2485 5113 2750 5217 31243332
2758 5115 2820 5217 ξῗ.
2833 5110 3298 5217 άξξέάἷῖίέδδθίιρ
3301 5116 3478 5217 “En-im
3493 5133 3631 5217 ἢθη·

301 5183 525 5284 Sextil],
552 5183 1382 5284 ιῖἰΜίῇᾇιξίῖὶῖῖβῖιιᾶᾆιξιό⁷
1402 5183 1561 5256 novae
1613 5183 1934 5284 prophetiae.
2046 5183 2322 5284 spectem.
2342 5183 2463 5284 1mg
2485 5199 2611 5244 vero
2637 5183 2747 5266 non
2768 5183 2824 5238 in
2850 5183 3107 5284 ﬂigvpto,
3137 5185 3236 5241 sed
3264 5187 3318 5284 in
3341 5188 3472 5244 Sina
3500 5193 3636 5284 A‘ra-

301 5254 1048 5347 iiaXﬁim'i'veiﬁiéndii
1075 5254 1393 5347 sectatores,
1432 5254 1629 5326 senon
1657 5254 1936 5326 hominum
2049 5254 2151 5345 b'ia;
2179 5267 2359 5318 monte
2412 5257 2635 5347 Moyses
2657 5254 2775 5347 ipse
2832 5254 3008 5347 refe-rt
3049 5257 3314 5347 ejusmodi
3340 5275 3426 5340 .se
3462 5259 3634 5341 collo-

307 5325 793 5434 hﬁgﬁésﬁed
829 5349 1106 5406 Paracleti.
1147 5346 1331 5402 BHBN.
1380 5325 1393 5342 ’
1462 5412 1508 5434 ῃ
1713 5410 1740 5434 Δ
2047 5334 2238 5434 quidm
2275 5346 2396 5389 cum
2437 5325 2552 5434 Deo
2606 5325 3213 5434 hqbuisse.'l‘hiirandttm
3250 5329 3449 5386 idcirco
3480 5330 3636 5385 nobis

506 5431 519 5434 _
589 5429 609 5434 _
872 5423 934 5434 τ..
1008 5421 1020 5434 ι
1192 5420 1232 5434 τι
1274 5431 1288 5434 ,
1318 5423 1417 5434 7.-..
1519 5427 1674 5434 -..μμ
1751 5424 1934 5434 ---υ-.-
2048 5423 2098 5434 .η
2146 5423 2171 5434 Α
2198 5420 2261 5434 η-
2332 5416 2438 5434 nun
2523 5415 2592 5434 nn
2622 5416 2653 5434 ιι
2697 5414 2759 5434 na
2806 5414 2894 5434 nni
2939 5416 3021 5434 nm
3059 5416 3109 5434 In
3137 5414 3318 5434 ann-una
3348 5400 3461 5434 niam
3489 5415 3636 5434 nnm_

388 5399 1419 5502 ’ξέξῖιόἱόἦῇ’ἀξίρὶῆᾖὲείβιοριθι-
1447 5412 1677 5468 Bonum
1709 5410 1939 5467 deorum
2048 5399 2280 5474 videtur,
2332 5400 2475 5502 quod
2523 5415 2592 5456 ne
2613 5399 2762 5502 ullust
2785 5399 3023 5502 Iquidem
3057 5399 3320 5470 interpres
3348 5400 3461 5457 sive
3489 5415 3637 5454 com-

1095 5493 1111 5502 .
1149 5492 1161 5502 .
1244 5489 1275 5502 ,ο
1321 5489 1330 5498 υ
1422 5501 1429 5502 ,
1504 5501 1512 5502 ,
1559 5485 1644 5502 LP-
1670 5483 1792 5502 ν--.
1854 5481 1936 5502 ..-Α
2049 5483 2321 5502 ....-..a..s-..
2451 5487 2552 5502 una
2662 5486 2721 5502 nn
2747 5487 2776 5502 η
2826 5485 2930 5502 ιονι-
2989 5486 3227 5502 ΛηιηΛν-ιηη
3305 5473 3637 5502 unane-smnia

315 5469 1472 5569 ἱωῖἓέᾌεέῐᾜ,,ἰὲἕέϐςὶῃέ-ωᾜέίεὶιὶίὶῇεωρε
1497 5483 1815 5549 subindicat,
1847 5481 1940 5554 qui
2049 5469 2321 5569 mLentator
2350 5469 2394 5569 ’Δ
2411 5473 2579 5569 hunc.
2613 5469 2933 5526 Tertulliani
2955 5486 3250 5569 ‘errorem,
3285 5473 3644 5569 I“quantumvis

315 5541 1432 5633 EESEEéSi-‘id’i'eiﬁfaiiciniEtiam;
1465 5572 1529 5612 ex
1558 5541 1814 5625 corrupta
1846 5541 1939 5609 r'a-
2050 5548 2289 5633 obvium,
2332 5543 2396 5601 ad
2462 5550 2646 5599 nostra
2711 5557 2889 5610 usque
2955 5549 3195 5614 tempora
3246 5541 3640 5602 observaverit.

319 5621 482 5703 εἶιῐέ
502 5621 736 5698 Euri;
779 5621 823 5626 ”
864 5621 867 5622 ⁷
1160 5621 1171 5628 ’
1719 5621 1735 5625 “
2050 5621 2191 5678 Eun.
