4002 6118
454 247 559 308 195

1143 251 1589 311 TEBTULLIANI
1628 253 1898 317 OPERUM
1934 258 2102 329 PARS
2132 263 2209 326 ΙΙ.
2247 298 2316 310 -
2353 267 2575 330 SERIES
2606 270 2649 340 Ι,
2692 271 3041 332 POLEMICA.

3638 280 3753 345 196

449 375 735 485 invisibilis
762 376 1112 485 Pater‘fuerit
1172 379 1648 485 inFiliipomine.
1679 383 1757 481 ac
1784 387 2038 485 perlioc,
2068 405 2116 485 ι
2149 392 2282 463 Quis
2337 398 2483 453 enim
2530 400 2686 457 Pater
2715 397 2743 453 ?
2793 417 2899 459 non
2950 402 3117 459 facies
3172 404 3274 460 erit
3325 405 3479 473 Filii,
3526 410 3758 467 nomine

336 472 341 477 ‘
444 466 525 520 sic
559 464 809 520 eumdem
863 466 1049 523 volunt
1076 468 1246 540 accipi
1302 469 1569 527 visibilem
1601 477 1656 525 et
1696 472 2035 548 invisibilem,

448 552 725 622 quomodo
754 554 1005 611 eumdem
1058 556 1269 613 Patrem
1320 567 1373 615 et
1418 558 1615 615 Filium
1653 580 1666 615 :
1699 563 1954 633 quoniam
1983 574 2039 622 et

446 640 605 712 paulo
642 659 830 714 supra,
862 657 1151 717 antequam
1206 646 1401 704 faciem
1451 651 1621 721 Moysi
1659 662 1908 724 negasset
1963 656 2031 723 76,

442 732 701 803 scriptum
730 735 817 800 sit,
847 736 1137 793 Dominum
1192 737 1259 791 ad
1288 739 1509 810 Moysen
1566 740 1802 798 locutum
1832 758 2033 815 coram,

442 821 585 876 velut
608 823 654 876 si
684 822 808 894 quis
861 824 1113 895 loquatur
1141 824 1207 879 ad
1235 826 1472 884 amicum
1503 845 1679 897 suum,
1720 846 1829 887 non
1860 832 2036 890 minus

439 925 600 982 quam
628 920 681 967 et
734 911 899 968 Jacob
931 930 944 967 :
979 916 1085 986 Ego
1119 915 1251 982 vidi,
1283 914 1457 987 inquit
1503 917 1662 990 (Gen.
1698 935 1882 988 xxxu,
1918 926 2031 992 30),

436 1000 747 1057 Dominum
774 1003 924 1071 facie
951 1002 1025 1057 ad
1043 1005 1271 1073 faciem.
1294 1005 1436 1079 Ergo
1463 1006 1691 1064 visibilis
1723 1018 1776 1065 et
1804 1011 1851 1049 Π
1882 1011 2031 1066 invi-

447 1088 618 1143 sibilis
644 1090 812 1149 idem.
858 1092 927 1145 Et
955 1094 1080 1163 quia
1127 1093 1271 1148 idem
1302 1106 1610 1166 utrumque,
1662 1097 1782 1153 ideo
1812 1106 1865 1154 et
1893 1099 2030 1169 ipse,

435 1193 539 1247 qua
590 1179 770 1244 Pater,
829 1180 1143 1252 invisibilis;
1179 1191 1230 1238 et
1286 1199 1391 1254 qua
1428 1184 1594 1241 Filius
1649 1187 1717 1256 7⁸,
1775 1187 2031 1247 visibilis.

433 1266 598 1336 Quasi
626 1283 732 1324 non
783 1269 1049 1340 expositio
1079 1271 1373 1344 Scriptum
1404 1292 1526 1345 quae
1590 1274 1705 1330 fita
1736 1277 1910 1345 nobis,
1945 1278 2033 1333 Fi-

431 1354 505 1413 lio
552 1366 836 1428 competat,
868 1359 1025 1414 Patre
1052 1363 1295 1433 seposito
1338 1365 1393 1418 in
1422 1379 1524 1419 sua
1563 1365 1929 1423 invisibilitate
1958 1369 2026 1423 79.

430 1443 673 1501 Dicimus
712 1447 858 1502 enim
904 1456 954 1502 et
982 1448 1174 1506 Filium
1228 1467 1327 1507 suo
1352 1452 1575 1508 nomine
1631 1461 1856 1512 eatenus
1883 1454 2027 1513 invi-

429 1532 666 1601 sibilem,
700 1552 805 1607 qua
849 1552 1032 1594 sermo
1082 1546 1135 1594 et
1181 1538 1406 1609 spiritus
1434 1540 1535 1595 Dei
1590 1556 1656 1596 ex
1710 1542 2025 1602 substantiae

427 1622 742 1679 conditione
767 1626 879 1694 jam
936 1642 1099 1693 nunc,
1130 1636 1184 1683 et
1238 1644 1343 1699 qua
1371 1629 1423 1668 30
1450 1630 1619 1697 Deus,
1650 1638 1701 1688 et
1728 1647 1925 1702 sermo,
1969 1644 2026 1691 et

2150 486 2497 554 auctoritatis,
2537 505 2693 561 quam
2762 490 2973 562 genitus
3028 507 3059 546 a
3114 491 3268 548 Patre
3312 496 3665 565 consequitur
3717 499 3752 554 ‘P

2146 574 2265 631 Non
2295 576 2439 631 enim
2469 587 2522 632 et
2571 579 2638 633 de
2664 577 2846 650 aliqua
2872 579 3080 648 majore
3112 596 3341 651 persona
3369 583 3623 655 congruit
3649 586 3750 643 di-

2142 679 2265 720 cere
2314 684 2328 721 :
2362 667 2544 724 Facies
2573 684 2691 724 mea
2718 677 2801 723 est
2847 668 2936 724 ille
2992 670 3188 738 homo;
3219 678 3271 726 et
3302 688 3315 725 :
3348 672 3564 730 Faciem
3609 678 3747 732 mihi

2144 762 2376 822 praestat.
2401 758 2589 825 Pater,
2613 756 2806 829 inquit,
2836 760 3021 830 major
3048 776 3135 817 me
3162 765 3247 817 est
3266 759 3457 831 (Joan.
3482 779 3598 833 xxv,
3622 769 3747 837 28).

2142 842 2288 911 Ergo
2327 842 2500 900 facies
2527 844 2626 900 erit
2651 845 2769 901 Filii
2814 846 2988 903 Pater.
3039 849 3172 903 Nam
3210 856 3262 905 et
3299 849 3571 922 Scriptura
3608 852 3748 926 quid

2141 929 2333 986 dicit?
2381 934 2627 1005 Spiritus
2672 951 2931 1006 personae
2968 939 3112 1009 ejus,
3159 939 3412 997 Christus
3464 944 3747 1001 Dominus

2143 1020 2371 1089 (Thren.
2412 1038 2486 1090 tv,
2515 1023 2626 1093 20).
2657 1024 2804 1097 Ergo
2842 1024 2887 1079 si
2918 1024 3165 1081 Christus
3202 1043 3449 1098 personae
3496 1040 3747 1102 paternae

2140 1108 2364 1179 spiritus
2384 1119 2484 1177 est,
2520 1112 2707 1169 merito
2739 1114 2894 1182 cujus
2950 1113 3171 1183 spiritus
3222 1132 3457 1188 persona
3492 1130 3628 1189 erat,
3677 1122 3741 1177 id

2141 1204 2222 1252 est
2272 1198 2462 1267 Patris,
2503 1216 2624 1256 eum
2671 1201 2863 1259 faciem
2918 1220 3090 1271 suam,
3132 1220 3194 1259 ex
3239 1205 3443 1262 unitate
3501 1207 3736 1278 scilicet,

2137 1287 2526 1355 pronuntiavit.
2593 1289 2822 1346 mirarer
2874 1292 3050 1362 plane,
3108 1309 3177 1348 an
3234 1293 3400 1351 facies
3424 1296 3546 1353 Filii
3575 1298 3741 1357 Pater

2137 1374 2307 1445 accipi
2337 1378 2524 1446 possit,
2551 1380 2739 1449 quiest
2756 1386 2915 1451 caput
2934 1382 2982 1452 ej
2994 1398 3056 1439 us
3080 1400 3093 1438 :
3123 1384 3303 1456 Caput
3333 1385 3476 1442 enim
3520 1388 3740 1447 Christi

2137 1466 2282 1522 Deus
2301 1466 2347 1536 (Ι
2375 1467 2499 1525 Cor.
2533 1484 2593 1539 Il,
2626 1470 2704 1540 3).

2740 1585 2966 1642 CAPUT
3001 1586 3123 1643 XV.

427 1711 651 1783 Spiritus
700 1712 1016 1769 :visibilem
1069 1694 1271 1771 autem-
1301 1716 1474 1773 fuisse
1527 1694 1652 1774 ante
1698 1694 1923 1776 carnem,
1955 1740 2021 1781 eo
2056 1696 2100 1775 Β
2201 1694 2253 1753 Si
2328 1698 2469 1754 hunc
2514 1699 2802 1756 articulum
2848 1702 3236 1772 quaesuon'bus
3291 1703 3576 1776 Scriptum
3631 1724 3733 1766 Ve‘

430 1800 588 1856 modo
620 1815 728 1870 quo
759 1802 887 1856 dicit
914 1802 1101 1873 (Num.
1138 1821 1240 1872 xu,
1275 1806 1331 1876 2)
1361 1807 1428 1862 ad
1457 1809 1637 1863 Aaron
1668 1816 1722 1864 et
1752 1811 1971 1866 Mariam
2005 1829 2017 1868 :

432 1891 567 1944 Etsi
594 1891 775 1959 fuerit
793 1892 1088 1962 praphetes
1120 1896 1179 1950 in
1204 1895 1368 1965 vobis,
1400 1898 1461 1952 in
1484 1900 1695 1955 visione
1723 1916 2024 1971 cognoscar

428 1978 540 2044 illi,
564 1982 619 2033 et
636 1980 698 2034 in
718 1982 935 2037 somnio
957 1983 1152 2055 loquar
1172 1984 1284 2047 illi,
1308 2001 1422 2041 non
1438 1987 1707 2057 quomodo
1739 1989 1925 2061 Moysi.
1955 1992 2021 2049 Οε

425 2066 495 2121 ad
515 2084 573 2124 os
604 2068 797 2140 loquar
826 2070 918 2126 illi
948 2073 1010 2126 in
1030 2076 1229 2143 specie,
1252 2072 1303 2127 id
1336 2083 1419 2129 est
1449 2076 1504 2130 in
1535 2075 1783 2146 veritate;
1818 2084 1873 2135 et
1901 2097 2018 2138 non

423 2159 484 2212 in
510 2158 827 2229 wnigmate,
862 2159 916 2213 id
942 2168 1043 2225 est,
1076 2177 1183 2217 non
1216 2162 1270 2217 in
1303 2161 1558 2235 imagine.
1590 2164 1747 2222 Sicut
1782 2175 1834 2222 et
1858 2169 2015 2240 Apo-

420 2245 590 2301 stolus
641 2265 653 2304 :
690 2250 848 2304 Nunc
880 2251 1131 2309 videmus
1187 2256 1462 2325 tanquam
1486 2271 1589 2325 per
1617 2257 1905 2327 speculum
1951 2260 2013 2315 in

422 2338 887 2407 renig—matedunc
899 2344 1096 2397 autem
1110 2342 1259 2410 facie
1269 2342 1339 2397 ad
1348 2343 1557 2411 faciem
1571 2342 1615 2413 (Ι
1635 2344 1758 2401 Cor.
1768 2351 1922 2416 xur,t
1935 2348 2013 2419 2).

418 2425 586 2497 Igitur
616 2442 741 2481 cum
770 2428 943 2498 Moysi
972 2438 1150 2485 servat
1188 2438 1544 2502 conspectum
1574 2449 1736 2490 suum
1759 2443 1815 2491 et
1841 2436 2008 2496 collo-

416 2513 601 2584 quium
629 2513 767 2569 facie
805 2516 873 2569 ad
902 2515 1099 2572 faciem
1130 2518 1186 2573 in
1212 2517 1454 2574 futurum
1486 2520 1633 2591 (nam
1661 2522 1766 2579 hoc
1803 2536 2010 2595 postea

414 2601 767 2672 adimpletum
799 2610 881 2659 est
908 2604 961 2659 in
1018 2606 1219 2663 montis
1246 2622 1486 2680 secessu,
1518 2607 1658 2665 sicut
1686 2609 1917 2683 legimus
1954 2613 2007 2669 in

414 2690 712 2763 Evangelio
752 2694 906 2763 (Luc.
965 2709 1043 2758 ix,
1077 2697 1166 2765 30)
1231 2695 1405 2751 visum
1465 2712 1589 2755 cum
1630 2698 1724 2754 illo
1781 2700 2007 2772 Moysen

413 2778 860 2851 colloquentem);
911 2780 1071 2838 172
1128 2792 1349 2854 apparet
1378 2792 1523 2841 retro
1551 2802 1767 2859 semper
1804 2788 1857 2843 in
1884 2806 2009 2862 spe-

414 2867 559 2935 culo,
590 2874 645 2923 et
671 2868 976 2941 aenigmate,
1010 2878 1063 2926 et
1114 2871 1341 2939 visione,
1375 2882 1428 2930 et
1474 2876 1687 2933 somnio
1717 2880 1908 2945 Deum,
1950 2880 2004 2935 id

2135 1786 2260 1840 teris
2307 1804 2415 1843 non
2482 1789 2781 1862 expediam,
2814 1790 2882 1847 de
2927 1791 3082 1847 Novo
3137 1792 3480 1850 Testamento
3518 1812 3731 1853 sumam

2131 1873 2594 1932 conﬁrmationem
2633 1890 2829 1935 nostrae
2868 1878 3325 1950 interpretationis
3367 1901 3382 1950 ;
3442 1900 3508 1938 ne
3554 1886 3732 1956 quod-

2128 1980 2336 2036 cunque
2392 1966 2445 2021 in
2504 1966 2695 2022 Filium
2734 1978 2941 2039 reputo,
3001 1967 3055 2022 in
3096 1970 3303 2026 Patrem
3359 1973 3584 2042 proinde
3624 1974 3729 2031 de-

2126 2051 2337 2111 fendas.
2386 2056 2523 2113 Ecce
2571 2056 2714 2113 enim
2761 2066 2815 2113 et
2860 2056 2914 2135 in
2943 2058 3253 2131 Evangeliis
3281 2067 3333 2115 et
3361 2061 3415 2117 in
3461 2065 3728 2135 apostolis

2125 2141 2392 2199 visibilem
2451 2154 2504 2199 et
2578 2134 2913 2203 invisibilem
2952 2148 3127 2202 Deum
3177 2147 3551 2220 deprehendo,
3619 2154 3724 2208 sub

2126 2233 2407 2288 manifesta
2482 2243 2535 2290 et
2613 2234 2886 2307 personali
2966 2235 3310 2294 distinctione
3397 2240 3725 2300 conditionis

2122 2324 2424 2394 utriusque.
2476 2323 2755 2380 Exclamat
2800 2324 3197 2397 quodammodo
3242 2327 3476 2385 Joannes
3506 2334 3722 2389 :Deum

2122 2427 2283 2471 nemo
2326 2411 2469 2468 vidit
2498 2430 2753 2486 unquam
2802 2413 2986 2485 (Joan.
3019 2430 3058 2484 ι,
3106 2414 3216 2486 18).
3268 2415 3458 2490 Utique
3495 2435 3595 2476 nec
3632 2437 3721 2477 re-

2120 2509 2223 2558 tro.
2280 2501 2494 2557 Ademit
2558 2502 2699 2558 enim
2743 2502 3002 2573 temporis
3055 2504 3433 2576 quaastionem,
3483 2507 3721 2566 dicendo

2118 2590 2293 2645 Deum
2326 2607 2603 2664 nunquam
2646 2591 2841 2646 visum.
2894 2590 3186 2648 Confirmat
3223 2600 3273 2649 et
3324 2595 3615 2666 Apostolus
3651 2598 3730 2654 de

2117 2683 2271 2738 Deo:
2311 2682 2482 2751 Quem
2514 2697 2675 2739 nemo
2706 2680 2847 2736 vidit
2898 2681 3191 2738 hominum
3244 2683 3360 2753 sed,
3391 2701 3493 2743 nec
3533 2686 3728 2745 videre

2112 2776 2300 2845 potest
2342 2768 2385 2842 (Ι
2437 2772 2566 2826 Tim.
2601 2786 2677 2839 vr,
2708 2771 2793 2840 18)
2830 2788 2843 2837 ;
2892 2769 3126 2838 scilicet,
3157 2771 3283 2844 quia
3328 2772 3587 2831 morietur
3624 2779 3725 2848 qui

2116 2860 2309 2919 viderit
2337 2860 2470 2932 (26).
2500 2858 2671 2915 Iidem
2715 2858 2819 2930 ipsi
2847 2859 3078 2930 apostoli
3107 2867 3160 2915 et
3202 2860 3399 2919 vidisse
3448 2879 3507 2920 se
3537 2864 3726 2922 Chris-

412 2963 511 3022 est,
546 2956 741 3013 Filium
779 2958 896 3024 Dei,
947 2958 1127 3018 visum
1186 2968 1292 3017 tam
1332 2964 1617 3034 Prophetis
1669 2969 1722 3020 et
1770 2967 2008 3023 Patriar-
2040 2980 2085 3060 ε
2116 2957 2247 3018 tum:
2278 2958 2331 3007 εί
2359 2957 3034 3060 ίξξηῑΐθοίδδὲᾒξθείδηωτο
3066 2951 3433 3060 Ρξπτοιείίρεθ
3458 2961 3540 3060 ξεί
3562 2956 3726 3060 φιλ-τῖ’
3780 3022 3789 3029 .

410 3045 545 3113 chis,
577 3062 737 3117 quam
794 3057 849 3103 et
896 3047 998 3118 ipsi
1056 3049 1231 3106 adhuc
1282 3051 1480 3123 Moysi.
1510 3053 1575 3109 Et
1628 3053 1749 3126 ipse
1787 3057 2007 3128 quidem

410 3134 676 3192 Dominus
706 3136 751 3192 si
781 3137 925 3194 forte
988 3154 1168 3195 coram
1198 3140 1267 3195 ad
1296 3140 1488 3198 faciem
1515 3141 1861 3213 loquebatur,
1893 3163 2003 3203 non

412 3231 589 3281 tamen
618 3232 677 3281 ut
734 3233 837 3295 est,
869 3226 1031 3283 homo
1084 3226 1277 3283 faciem
1306 3228 1424 3297 ejus
1464 3228 1696 3296 vider-et,
1725 3231 1829 3288 nisi
1858 3232 2004 3292 forte

407 3312 462 3368 in
519 3313 742 3386 speculo
772 3324 826 3369 et
883 3314 937 3368 in
983 3314 1288 3387 aenigmate.
1320 3316 1587 3387 Denique,
1620 3318 1666 3372 si
1723 3319 1801 3376 sic
1829 3321 2003 3392 Moysi

406 3402 617 3459 locutus
643 3413 724 3459 est
773 3402 1061 3473 Dominus,
1090 3410 1149 3460 ut
1178 3412 1230 3460 et
1273 3404 1492 3476 Moyses
1521 3405 1712 3463 faciem
1738 3408 1860 3478 ejus
1898 3426 2000 3467 co-

405 3489 584 3549 minus
611 3491 791 3556 sciret,
822 3491 1094 3563 quomodo
1148 3492 1328 3548 statim
1356 3501 1521 3563 atque
1557 3492 1757 3550 ibidem
1786 3496 2001 3557 deside-

402 3586 483 3633 rat
536 3578 729 3634 faciem
784 3580 905 3649 ejus
967 3578 1150 3637 videre
1210 3597 1390 3652 quam,
1432 3582 1556 3654 quia
1621 3583 1847 3655 viderat,
1887 3603 1998 3644 non

402 3664 765 3724 desideraret?
789 3666 1077 3738 Quomodo
1098 3685 1251 3740 teque
1274 3680 1329 3727 et
1347 3671 1615 3729 Dominus
1642 3682 1806 3747 negat
1824 3675 1995 3733 videri

399 3752 591 3812 faciem
646 3772 798 3811 suam
866 3772 1047 3826 posse,
1110 3774 1267 3828 quam
1325 3761 1659 3829 ostenderat,
1720 3763 1767 3818 si
1818 3772 1994 3824 tamen

399 3842 747 3900 ostenderat?
775 3848 884 3901 Aut
937 3860 1059 3916 quae
1091 3854 1175 3901 est
1205 3845 1371 3903 facies
1399 3848 1518 3914 Dei,
1548 3852 1707 3920 cujus
1734 3868 1995 3927 conspec-

398 3941 485 3988 tus
532 3940 782 4005 negatur,
816 3933 864 3987 si
893 3942 1010 3991 erat
1057 3951 1182 4005 qua:
1211 3934 1325 3991 visa
1351 3937 1473 3991 est?
1538 3939 1671 4005 Vidi,
1702 3940 1877 4012 inquit
1902 3944 1993 4000 Ja-

2118 3048 2205 3097 tus
2260 3048 2313 3097 et
2370 3041 2527 3095 Pater
2555 3048 2609 3095 et
2651 3038 2837 3106 Filius,
2887 3040 3162 3114 quomodo
3197 3041 3340 3097 visus
3398 3048 3498 3111 est,
3529 3052 3583 3099 et
3630 3043 3722 3098 in-

2115 3130 2259 3189 visus
2281 3131 2308 3185 ‘?
2362 3128 2401 3185 Ι
2420 3127 2529 3186 73
2556 3127 2639 3184 Ad
2669 3129 2807 3184 hanc
2831 3126 3195 3185 diversitatem
3242 3128 3346 3184 visi
3375 3138 3429 3185 et
3474 3131 3631 3186 invisi
3660 3131 3721 3186 in

2064 3234 2069 3240 '
2114 3235 2282 3275 unum
2313 3217 2711 3286 conferendam,
2749 3216 2873 3289 quis
2910 3234 2976 3273 ex
3019 3217 3231 3274 diverso
3284 3234 3392 3273 non
3427 3233 3720 3293 argumen-

2114 3307 2330 3373 tabitur,
2381 3317 2525 3363 recte
2569 3316 2854 3378 utrumque
2896 3305 3144 3364 dictum:
3187 3305 3454 3364 visibilem
3498 3308 3722 3380 quidem

2110 3395 2163 3451 in
2194 3412 2377 3462 carne,
2402 3394 2728 3452 invisibilem
2758 3410 2886 3452 vero
2907 3402 3031 3451 ante
3080 3410 3293 3451 carnem
3319 3413 3332 3461 ;
3367 3403 3425 3451 ut
3455 3395 3599 3453 idem
3645 3398 3722 3455 sit

2109 3486 2262 3543 Pater
2294 3484 2575 3540 invisibilis
2604 3486 2729 3541 ante
2760 3499 2993 3549 carnem,
3017 3483 3109 3556 qui
3137 3489 3190 3540 et
3221 3482 3388 3539 Filius
3407 3483 3631 3543 visibilis
3658 3486 3715 3542 in

2106 3592 2265 3634 carne
2300 3577 2328 3632 ‘2
2376 3574 2603 3648 Atquin,
2659 3573 2705 3629 si
2773 3573 2917 3629 idem
2973 3581 3097 3628 ante
3150 3589 3365 3631 carnem
3422 3566 3715 3631 invisibilis

2106 3664 2379 3738 quomodo
2407 3663 2559 3720 visus
2605 3660 2768 3718 etiam
2810 3670 2954 3718 retro
2986 3660 3261 3719 invenitur
3289 3671 3414 3719 ante
3455 3668 3716 3722 carnem?

2101 3757 2274 3825 JEque
2303 3755 2351 3810 si
2367 3754 2512 3809 idem
2534 3760 2654 3823 post
2686 3767 2849 3823 quem
2878 3760 2930 3806 et
2959 3758 3101 3807 retro
3129 3749 3305 3808 visum
3327 3751 3383 3806 in
3402 3754 3706 3826 aenigmate,

2102 3844 2317 3917 plenius
2372 3841 2638 3900 visibilem
2679 3856 2804 3898 caro
2845 3839 3061 3911 effecit;
3103 3855 3283 3896 sermo
3348 3840 3564 3912 scilicet,
3615 3844 3709 3915 qui

2100 3942 2304 3991 etcaro
2332 3930 2521 3997 factus,
2555 3938 2638 3984 est
2685 3926 2841 3995 alius,
2890 3944 3053 4000 quem
3105 3944 3377 4001 nunquam
3416 3930 3704 4001 quisquam

393 4020 516 4086 cob,
547 4021 729 4078 Deum
747 4023 899 4092 facie
917 4022 990 4077 ad
1008 4023 1241 4093 faciem,
1267 4028 1322 4079 et
1338 4025 1495 4081 salva
1513 4028 1673 4096 facta
1691 4032 1777 4085 est
1792 4030 1991 4087 anima
2084 4022 2249 4088 vidit,
2284 4020 2389 4077 nisi
2426 4021 2602 4086 Pater,
2653 4017 2858 4074 scilicet
2889 4020 3043 4088 cujus
3070 4025 3151 4073 est
3197 4034 3395 4075 sermo.
3428 4020 3699 4092 Denique,

394 4126 520 4166 mea
552 4110 717 4178 (Gen.
746 4125 932 4176 χχχιι,
964 4111 1075 4182 30).
1106 4111 1226 4166 Alia
1246 4112 1410 4168 debet
1435 4128 1552 4169 esse
1581 4112 1766 4184 facies,
1792 4133 1912 4189 quae
1943 4118 1990 4173 si

2098 4110 2450 4185 inspiciamus
2503 4123 2668 4182 quem
2724 4107 2973 4179 Apostoli
3026 4107 3280 4164 viderint.
3348 4110 3502 4178 Quod
3556 4110 3700 4167 vidi-

395 4198 666 4270 videatur,
698 4200 916 4256 occidit.
976 4201 1084 4257 Aut
1117 4200 1377 4273 numquid
1432 4202 1600 4261 Filius
1628 4205 1847 4276 quidem
1902 4207 1988 4263 vi-
2022 4272 2055 4276 _
2094 4219 2243 4272 mus,
2293 4202 2466 4274 inquit
2508 4199 2745 4256 Joannes
2782 4198 2833 4267 (Ι
2870 4199 3030 4255 Joan.
3066 4212 3106 4263 1,
3160 4197 3236 4268 1),
3286 4199 3432 4270 quod
3475 4200 3704 4257 audivi-

395 4289 643 4355 debatur,
676 4298 731 4344 et
780 4290 859 4347 sic
889 4288 1073 4358 facies,
1107 4290 1205 4347 sed
1232 4272 1409 4363 ipsum
1461 4293 1564 4351 hoc
1592 4272 1902 4367 in—visione,
1935 4303 1989 4351 et
2020 4272 2067 4351 υ
2096 4307 2244 4358 mus,
2276 4291 2455 4349 οεαῑίδ
2486 4289 2700 4346 τιθεῖντ’-ε
2724 4286 2987 4357 vidimus:
3015 4289 3071 4342 εί
3096 4301 3304 4341 manus
3334 4290 3547 4344 ποδίνίε
3575 4304 3705 4344 con’

394 4377 627 4445 somnio,
660 4388 714 4435 et
768 4378 1015 4452 speculo,
1046 4388 1101 4435 et
1139 4380 1452 4452 aenigmate,
1502 4383 1628 4452 quia
1692 4399 1892 4451 sermo,
1932 4395 1988 4443 et

391 4466 634 4538 Spiritus,
669 4466 773 4522 nisi
826 4466 1149 4540 imaginaria
1178 4468 1353 4526 forma
1404 4471 1577 4529 videri
1618 4488 1727 4529 non
1785 4485 1981 4545 potest.

391 4557 605 4616 Faciem
652 4565 837 4615 autem
893 4575 1047 4614 suam
1077 4562 1192 4632 (25)
1218 4560 1347 4619 dicit
1402 4560 1724 4627 invisibilem
1752 4564 1979 4626 Patrem.

2097 4385 2484 4444 trectaverunt
2542 4379 2609 4438 de
2657 4380 2923 4435 Sermone
2966 4376 3120 4431 vitae.
3174 4374 3363 4432 Sermo
3393 4376 3536 4431 enim
3572 4379 3700 4434 vitae

2092 4475 2284 4541 factus,
2309 4482 2362 4530 et
2379 4468 2612 4537 auditus,
2647 4474 2701 4522 et
2721 4472 3105 4534 contrectatus,
3136 4462 3263 4535 quia
3282 4480 3425 4534 caro,
3457 4465 3548 4538 qui
3576 4476 3701 4523 ante

2092 4579 2308 4622 carnem
2338 4562 2529 4617 Sermo
2559 4564 2763 4613 tantum
2794 4555 2850 4611 in
2878 4553 3173 4626 primordio
3221 4555 3363 4626 apud
3393 4555 3563 4613 Deum
3595 4556 3697 4613 Pa-

1760 4693 1951 4756 Varire
1990 4694 2309 4765 lectiones.

460 4787 511 4865 EG
536 4788 603 4865 Et
642 4790 1041 4865 inseritﬁemt.
1074 4790 1121 4865 Ἰ]
1144 4790 1402 4865 Etabest.
1436 4798 1609 4853 Fran.
1640 4798 1825 4853 Paris.
1855 4796 1906 4837 ⁷⁸
1940 4795 2079 4865 Quia
2123 4802 2178 4851 et
2214 4792 2354 4849 ﬁlius
2387 4790 2555 4849 Seml.
2588 4795 2741 4861 pater
2773 4784 2998 4849 visibilis
3026 4786 3271 4846 antehac
3308 4788 3443 4845 Jun.
3474 4786 3522 4827 79
3553 4787 3695 4845 Visi-

397 4859 617 4915 bilitatis
640 4862 808 4917 Se-ml.
840 4859 891 4899 ⁸ο
912 4859 1052 4927 Quia
1080 4862 1253 4919 Semt.
1286 4880 1406 4935 quae
1434 4869 1580 4923 Deus
1603 4874 1661 4924 ut
1690 4870 1824 4926 Jun.
1856 4859 2151 4941 qua-etiam
2189 4866 2311 4936 Rig.

1783 4986 2284 5049 Commentarios.

453 5084 569 5153 (25)
600 5084 823 5140 Faciem
847 5090 1037 5143 autem
1071 5104 1253 5153 suam,
1276 5094 1379 5145 etc.
1412 5089 1562 5145 Istud
1591 5090 1747 5147 affert
1773 5091 1977 5148 Auctor

381 5164 642 5227 tanquam,
688 5167 1065 5226 argumentum
1124 5159 1549 5226 Praxeanorum;
1577 5177 1700 5218 nam
1732 5172 1783 5219 et
1821 5165 1971 5218 refu-

380 5225 678 5304 t_at_verbis
714 5225 840 5304 illis.
869 5230 1023 5304 Quis
1081 5233 1235 5286 enim
1258 5231 1486 5304 pater?
1514 5225 1644 5302 etc.,
1682 5234 1974 5290 ostendens

378 5298 821 5379 filium_potius
847 5302 1058 5379 faciem
1088 5298 1279 5360 Patris
1327 5304 1432 5360 dici
1459 5298 1684 5372 debere,
1717 5307 1879 5379 idque
1906 5321 1972 5362 ex

376 5370 577 5442 Scrip.,
606 5371 808 5427 Thren.
841 5370 915 5426 iv.
948 5374 1086 5429 PAM.

445 5442 562 5513 (26)
587 5443 761 5529 Iidem
802 5444 931 5529 ipsi
981 5446 1251 5529 Apostoli,
1283 5453 1385 5529 etc.
1444 5445 1719 5529 apostolis
1774 5446 1969 5529 plurali

375 5528 602 5589 numero
677 5514 958 5583 adtribuit,
990 5514 1178 5589 r‘quod
1239 5514 1405 5574 solus
1459 5514 1696 5575 Joannes
1758 5514 1965 5587 scribit,

370 5583 543 5653 Epist.
599 5600 637 5650 ι,
680 5596 733 5643 et
788 5602 916 5646 mox
953 5583 1182 5661 cita-tur;
1237 5606 1300 5647 ea
1337 5589 1406 5647 de
1463 5605 1646 5660 causa,
1704 5583 1966 5665 quantum

2072 5093 2324 5167 apparet,
2355 5083 2504 5167 quod
2534 5081 2919 5167 pluraliterille
2950 5080 3202 5167 dixerit’;
3238 5082 3388 5151 Quod
3414 5082 3682 5167 vidimus,

2068 5152 2227 5232 quod
2254 5152 2598 5237 audivimus,
2635 5155 2806 5214 oculis
2831 5155 3056 5237 uostris
3086 5152 3445 5237 vidimus,._et
3474 5172 3685 5237 munus

2081 5226 2295 5288 nostra:
2342 5230 2864 5292 contrectaverunt,
2922 5226 2987 5283 de
3019 5226 3285 5282 Sermone
3314 5227 3464 5282 vita.
3502 5228 3602 5284 Ubi
3630 5237 3687 5282 et

2082 5318 2296 5359 rursum
2328 5300 2489 5379 paulo
2517 5311 2639 5379 post
2656 5300 2945 5379 verborum
2967 5295 3215 5379 ordinem
3261 5306 3526 5379 immutat,
3556 5315 3681 5356 cum

2079 5375 2291 5446 legatur
2318 5368 2479 5446 hodie
2508 5368 2563 5427 et
2588 5371 2779 5446 Graece
2808 5368 3077 5446 etLatine
3109 5368 3308 5446 :_Quod
3327 5370 3675 5446 audivimus,

2077 5439 2224 5519 quwod
2254 5444 2494 5502 vidimus
2536 5444 2713 5502 oculis
2750 5441 2982 5519 nostris,
3015 5439 3159 5519 qugd
3198 5442 3595 5512 prospeximus
3620 5446 3677 5499 et

2072 5510 2284 5576 manu:
2303 5521 2517 5575 nostra:
2537 5516 3053 5577 contrectaverunt.
3076 5510 3216 5568 Pan;
