4032 6152
271 315 364 385 197
1521 307 1716 370 LIBER
1753 307 1908 368 ADV.
1948 305 2289 368 PRAXEAM.

3457 305 3558 367 193

266 446 402 504 trem,
433 447 544 490 non
591 431 756 488 Pater
802 431 951 504 apud
1003 430 1342 490 Sermonem.
1371 430 1510 488 Nam
1555 433 1662 488 etsi
1707 433 1902 528 DeusA
1959 441 2044 490 est
2077 447 2314 504 semper,
2345 445 2412 487 ex
2439 426 2748 486 auctoritate
2777 429 2950 486 Patris
2988 441 3042 488 et
3091 431 3396 508 voluntate;
3429 436 3558 508 quia

261 525 456 593 Sermo,
475 521 576 579 sed
605 520 756 591 apud
780 519 1118 595 Deum,quia
1146 536 1211 576 ex
1247 521 1366 578 Deo
1387 521 1552 588 Deus,
1571 523 1696 594 quia
1725 537 1850 580 cum

261 617 392 670 Patre
417 611 564 686 apud
593 612 812 666 Patrem
843 629 856 670 :
889 613 962 668 Et
989 611 1232 668 vidimus
1258 611 1500 684 gloriam
1518 611 1658 683 :ejus
1677 652 1694 678 ,
1727 616 1856 670 tan-

261 719 420 776 quam
441 701 739 774 unigeniti
769 717 804 756 a
831 702 1006 758 Patre
1045 701 1233 772 (Joan.
1269 711 1307 757 Ι.
1338 700 1424 770 tot)
1452 717 1466 768 ;
1491 699 1682 773 utique
1711 699 1854 770 Filii,

259 792 450 850 scilicet.
478 789 730 857 visibilis,
768 789 1058 862 glorificati
1086 804 1118 844 a
1149 791 1308 846 Patre
1337 789 1710 846 invisibili.Et
1729 789 1856 847 ideo

259 881 520 957 quoniam,
590 881 639 920 ει
679 879 998 938 Sermonem
1044 880 1146 937 Dei
1207 881 1380 937 Deum
1427 877 1654 948 dixerat,
1703 895 1774 938 ne
1808 881 1858 920 ⁸2

258 971 520 1043 adjuvaret
593 969 1044 1026 adversariorum
1123 971 1624 1040 praesumptionem,
1699 969 1856 1042 quasi

259 1062 452 1117 Patrem
483 1060 672 1131 ipsum
697 1058 938 1128 vidisset,
968 1057 1036 1114 ad
1063 1056 1506 1130 distinguendum
1545 1058 1685 1114 inter
1721 1056 1861 1114 invi-

258 1151 456 1206 sibilem
497 1150 740 1216 Patrem,
788 1157 842 1204 et
870 1147 1068 1204 Filium
1117 1147 1406 1216 visibilem,
1451 1147 1750 1219 superdicit
1793 1166 1862 1208 ex

255 1239 570 1306 abundanti,
602 1239 788 1296 Deum
813 1255 978 1296 nemo
1009 1237 1153 1296 vidit
1178 1255 1436 1311 unquam
1464 1239 1632 1308 (Joan
1659 1254 1704 1306 ι,
1743 1241 1860 1310 t8).

255 1327 410 1398 Quem
445 1328 682 1386 Deum?
713 1330 1028 1384 Sermonem
1048 1329 1076 1381 ?
1103 1327 1328 1400 Atquin,
1373 1328 1644 1394 Vidimus,
1675 1331 1731 1386 et
1757 1345 1862 1386 au-

254 1419 521 1490 diuimus,
543 1421 606 1475 et
633 1419 1130 1488 contrectavimus,
1163 1418 1232 1474 de
1268 1418 1534 1476 Sermone
1561 1419 1688 1476 vitae
1727 1433 1862 1490 prte-

255 1510 452 1564 dicturn
488 1514 596 1564 est.
627 1507 736 1564 Sed
768 1523 932 1580 quem
959 1509 1178 1566 Deum?
1208 1505 1425 1564 Scilicet
1455 1508 1688 1574 Patrem,
1715 1506 1860 1578 apud

253 1598 412 1669 Quem
455 1599 644 1654 Deum
689 1597 742 1637 33
783 1605 902 1654 erat
943 1599 1152 1664 Sermo,
1201 1597 1532 1670 unigenitus
1577 1597 1778 1656 scilicet
1813 1596 1862 1634 3"

256 1689 450 1756 Filius,
479 1690 592 1761 qui
621 1691 684 1744 in
701 1689 896 1746 sinum
916 1687 966 1725 8⁵
993 1687 1184 1744 Patris
1205 1687 1326 1758 ipse
1347 1687 1638 1744 disseruit.
1658 1688 1784 1758 Ipse
1803 1693 1859 1744 et

1965 529 2143 588 Filius
2171 529 2320 586 nihil
2348 545 2384 584 a
2411 529 2705 600 semetipso
2733 531 2915 599 potest
2941 531 3128 600 facere
3158 575 3174 600 ,
3206 534 3321 590 nisi
3349 533 3557 592 uiderit

1964 619 2194 676 Patrem
2219 618 2532 690 facientem
2551 636 2570 686 ;
2601 617 2658 672 in
2705 633 2872 674 sensu
2907 617 3118 675 scilicet
3154 617 3446 680 facientem
3483 622 3554 692 92,

1965 707 2123 764 Pater
2151 708 2298 764 enim
2353 723 2518 766 sensu
2545 706 2595 746 93
2623 707 2754 779 agit.
2813 706 2985 765 Filius
3016 725 3144 768 vero
3193 710 3338 782 quod
3387 711 3439 752 9⁵
3502 713 3560 768 in

1964 797 2137 854 Patris
2163 813 2326 854 sensu
2351 805 2434 856 est
2470 791 2662 855 videns
2688 795 2918 870 perficit.
2969 798 3062 856 Sic
3097 803 3292 857 omnia
3317 818 3418 874 per
3455 805 3552 860 Fi-

1971 887 2114 948 lium
2140 891 2296 962 facta
2322 893 2479 960 sunt,
2509 891 2566 947 et
2583 889 2707 945 sine
2745 889 2845 945 illo
2871 889 3096 960 factum
3119 895 3206 948 est
3242 891 3414 948 nihil.

2565 1031 2796 1088 CAPUT
2839 1031 2989 1090 XVI.

2039 1156 2150 1212 Nec
2185 1163 2347 1229 putes
2376 1156 2492 1214 sola
2512 1171 2680 1228 opera
2707 1157 2891 1212 mundi
2925 1173 3022 1228 per
3059 1157 3262 1216 Filium
3291 1157 3448 1226 facta,
3468 1160 3566 1218 sed

1968 1251 2023 1302 et
2047 1261 2170 1317 quae
2199 1261 2229 1299 a
2256 1247 2372 1302 Deo
2401 1245 2596 1302 exinde
2615 1254 2770 1317 gesta
2795 1257 2939 1302 sunt.
2971 1249 3145 1305 Pater
3171 1248 3310 1305 enim
3332 1249 3568 1322 quidili—

1967 1337 2052 1408 git
2079 1337 2309 1402 Filium,
2334 1340 2392 1394 et
2417 1337 2610 1393 omnia
2639 1337 2881 1394 tradidit
2913 1338 2978 1394 in
3008 1355 3187 1398 manu
3207 1337 3258 1376 9⁵
3277 1341 3431 1411 ejus;
3453 1341 3566 1398 uti-

1968 1441 2074 1498 que
2101 1441 2134 1482 a
2170 1425 2467 1498 primordio
2493 1423 2764 1497 diligit,et
2799 1441 2830 1482 a
2877 1425 3177 1496 primordio
3217 1429 3451 1484 tradidit.
3485 1430 3568 1486 Ex

1971 1527 2136 1587 quo,a
2163 1511 2458 1584 primordio
2491 1513 2684 1572 Sermo
2738 1520 2858 1572 erat
2887 1515 3040 1586 apud
3085 1518 3254 1574 Deum
3281 1559 3294 1582 ,
3335 1520 3392 1574 et
3421 1521 3569 1576 Deus

1893 1641 1936 1718 Β
1969 1607 2095 1662 erat
2123 1603 2314 1660 Sermo
2338 1602 2524 1672 (Joan.
2555 1615 2596 1658 ι.
2629 1601 2706 1672 1),
2737 1602 2824 1658 cui
2855 1601 2991 1658 data
3005 1607 3090 1660 est
3108 1605 3294 1661 omnis
3319 1609 3568 1674 potestas

1972 1710 1998 1718 ,-
2039 1693 2200 1718 bna..-
2245 1693 2304 1718 ἐ...
2344 1691 2492 1718 -Ml.'..
2527 1695 2579 1718 ηι
2607 1691 2666 1718 ἐκ
2701 1693 2853 1718 δίη-..ι-
2897 1691 3072 1718 ιι-ιιι.
3103 1708 3288 1718 ..-η-η
3335 1697 3384 1718 οἱ
3457 1696 3566 1718 τυ---

1967 1710 2003 1748 a
2029 1693 2200 1749 Patre
2245 1693 2310 1748 in
2339 1691 2492 1748 oculis
2523 1695 2579 1746 et
2607 1691 2674 1746 in
2698 1693 2858 1748 terra
2887 1691 3308 1759 Matth.xxvnr,
3334 1697 3406 1764 8).
3445 1696 3571 1752 Non

252 1775 486 1842 auditus,
517 1783 578 1830 et
607 1775 770 1842 visus,
800 1782 854 1832 et
881 1789 952 1830 ne
989 1773 1304 1844 phantasma
1331 1774 1660 1841 crederetur,
1699 1777 1859 1830 etiam
1955 1781 2184 1854 judicat
2205 1782 2376 1839 Pater
2394 1795 2736 1852 quamquam
2762 1797 2774 1834 ;
2800 1779 2894 1838 sed
2907 1797 3071 1839 omne
3081 1783 3367 1853 judicium
3385 1785 3570 1842 tradi.

255 1872 646 1923 contrectatus.
677 1866 831 1922 Hunc
859 1872 914 1920 et
969 1863 1161 1918 Paulus
1211 1863 1512 1934 conspexit,
1541 1877 1642 1920 nec
1681 1873 1860 1922 tamen

253 1955 456 2012 Patrem
509 1953 676 2010 vidit.
727 1955 940 2022 Nonne,
990 1951 1185 2025 inquit,
1232 1953 1349 2010 vidi
1409 1957 1596 2012 Iesum
1635 1954 1680 2024 (Ι
1729 1953 1854 2012 Cor.

254 2061 322 2112 ιι,
373 2044 486 2118 1)?
531 2043 812 2101 Christum
863 2051 1044 2100 autem
1087 2052 1144 2100 et
1189 2041 1306 2114 ipse
1355 2043 1526 2100 Deum
1554 2043 1604 2082 ⁸6
1651 2057 1860 2116 cogno-

251 2135 516 2192 minavit:
578 2135 832 2203 Quorum
879 2137 1095 2204 patres,
1143 2135 1200 2190 et
1245 2147 1317 2190 ex
1355 2132 1556 2203 quibus
1607 2131 1860 2189 Christus

252 2225 564 2282 secundum
579 2239 841 2290 carnem,
865 2223 964 2294 qui
986 2224 1070 2278 est
1088 2221 1308 2294 super87
1333 2221 1526 2280 omnia
1541 2223 1682 2279 Deus
1709 2221 1863 2280 bene-

254 2315 424 2372 dictus
449 2317 520 2370 in
541 2329 742 2370 (eoum
759 2311 940 2384 (Rom.
959 2326 1044 2378 1x,
1067 2312 1142 2380 5).
1175 2310 1426 2368 Ostendit
1444 2319 1498 2368 et
1517 2310 1631 2382 ipse
1659 2311 1711 2348 8⁸
1731 2309 1862 2368 visi-

257 2405 402 2460 bilem
433 2404 544 2460 Dei
597 2401 823 2469 Filium,
865 2401 922 2458 id
950 2408 1034 2458 est
1073 2401 1385 2457 Sermonem
1411 2401 1528 2470 Dei,
1564 2403 1696 2475 quia
1729 2416 1860 2458 caro

259 2497 430 2565 factus
483 2497 598 2560 est,
632 2491 900 2564 jChristus
943 2489 1118 2548 dictus
1145 2497 1248 2547 est.
1279 2490 1358 2546 De
1401 2490 1558 2548 Patre
1585 2499 1767 2546 autem
1793 2490 1862 2546 ad

258 2585 590 2642 Timotheum
617 2600 633 2640 :
669 2581 846 2650 Quem
863 2597 1024 2638 nemo
1055 2582 1193 2638 vidit
1213 2581 1512 2638 hominum
1529 2581 1626 2638 sed
1651 2597 1755 2638 nec
1775 2580 1862 2644 oi-

263 2673 376 2730 dcre
419 2675 624 2746 potest
667 2672 720 2742 (Ι
779 2672 916 2728 Tim.
957 2686 1032 2736 vr,
1087 2671 1196 2740 16).
1241 2669 1586 2744 Exaggerans
1631 2669 1862 2741 amplius

265 2761 438 2832 illud.)
469 2780 482 2819 :
523 2762 640 2831 Qui
665 2760 818 2816 sol-us
851 2758 1016 2816 habet
1035 2759 1563 2824 immortalitatem,
1603 2757 1642 2814 I
1663 2756 1772 2814 74
1809 2763 1864 2812 et

275 2848 438 2905 lucem
472 2849 702 2906 habitat
720 2848 1187 2906 inaccessibilem.
1213 2849 1292 2904 De
1321 2864 1428 2922 quo
1457 2857 1512 2904 et
1536 2863 1700 2919 supra
1726 2848 1863 2902 dixe-

279 2947 372 2992 rat:
391 2941 510 3009 Regi
521 2943 722 2994 autem
733 2937 1076 2995 seculorum
1091 2937 1428 3004 immortali,
1444 2936 1861 3008 invisibili(27),

1967 1870 2052 1926 dit
2082 1871 2224 1928 Filio
2257 1871 2441 1939 (Joan.
2473 1886 2525 1933 v,
2561 1872 2648 1939 22)
2673 1885 2740 1938 ;a
2770 1869 3067 1941 primordio
3109 1881 3308 1928 tamen.
3341 1871 3574 1928 Omnem

1966 1957 2111 2016 enim
2135 1957 2324 2016 dicens
2359 1963 2702 2030 potestatem,
2733 1965 2787 2014 et
2810 1974 2972 2015 omne
2993 1958 3283 2028 judicium,
3315 1969 3372 2016 et
3397 1961 3574 2018 omnia

1967 2041 2063 2118 per
2091 2063 2217 2102 eum
2243 2045 2402 2118 facta,
2431 2054 2486 2104 et
2523 2049 2708 2104 omnia
2735 2047 2930 2106 tradita
2989 2047 3044 2102 in
3080 2063 3244 2106 manu
3281 2050 3426 2120 ejus,
3453 2051 3576 2106 nul-

1967 2136 2076 2194 lam
2129 2135 2511 2208 cxceptiouem
2553 2135 2816 2207 temporis
2863 2134 3124 2207 permittit
3159 2155 3172 2192 :
3205 2136 3332 2208 quia
3383 2138 3568 2194 omnia

1969 2240 2080 2282 non
2125 2233 2308 2294 erunt,
2358 2224 2404 2280 si
2461 2240 2571 2282 non
2621 2225 2798 2282 omnis
2835 2225 3098 2298 temporis
3125 2226 3346 2284 fuerint.
3389 2227 3560 2284 Filius

1967 2317 2154 2386 itaque
2183 2321 2268 2372 est
2296 2315 2390 2387 qui
2418 2313 2469 2354 96
2497 2315 2564 2370 ab
2585 2313 2743 2372 initio
2773 2314 3248 2385 judicavit,turrim
3277 2316 3562 2388 superbis-

1927 2419 1944 2424 ‘
1966 2404 2158 2464 simam
2213 2403 2440 2474 elidens,
2507 2403 2826 2476 linguasque
2881 2403 3208 2476 dispertiens
3250 2405 3321 2477 97,
3377 2405 3564 2462 orbem

1969 2503 2138 2558 totum
2172 2509 2436 2567 aquarum
2463 2493 2721 2552 violentia
2755 2493 3010 2565 puniens,
3061 2495 3258 2567 plueus
3285 2511 3451 2566 super
3471 2496 3568 2552 So-

1967 2585 2182 2644 domam
2233 2592 2288 2642 et
2323 2583 2684 2642 Gomorrham
2749 2583 2933 2655 ignem
2989 2591 3044 2640 et
3098 2584 3410 2657 sulphurem
3467 2584 3564 2655 93;

1967 2675 2239 2734 Dominus
2266 2673 2316 2712 99
2343 2691 2382 2730 α
2415 2675 2652 2734 Domino
2681 2672 2842 2744 (Gen.
2879 2689 3000 2742 χιχ,
3041 2674 3156 2742 24).
3194 2674 3314 2744 Ipse
3339 2673 3482 2730 enim
3513 2681 3569 2730 et

1966 2763 2034 2818 ad
2061 2765 2298 2824 humana
2329 2777 2550 2834 semper
2577 2761 2848 2835 colloquia
2863 2761 3246 2826 descendit,ab
3273 2762 3445 2818 Adam
3479 2777 3568 2816 us-

1969 2868 2074 2924 que
2103 2853 2172 2910 ad
2191 2851 2526 2924 patriarchas
2553 2859 2608 2908 et
2635 2853 2947 2924 prOphetas,
2979 2852 3035 2907 in
3063 2850 3286 2913 visione.
3327 2851 3384 2906 in
3413 2867 3564 2908 som-

1973 2941 2064 2998 nio
2095 2941 2137 3012 ι,
2159 2940 2215 2996 in
2249 2940 2287 2996 I
2307 2939 2413 2998 75
2439 2943 2687 3012 speculo,
2717 2941 2774 2996 in
2803 2941 3116 3015 aenigmate,
3139 2940 3390 2997 ordinem
3409 2957 3566 2996 suum

305 2987 959 3009 ------,-ηη------η-ηη-
983 2987 1073 2994 πη-
1973 2987 2062 2998 --ν
2124 2987 2137 3012 ,
2159 2987 2215 2996 --
2251 2987 2287 2996 -
2311 2987 2338 2998 -
2360 2987 2406 2997 -
2439 2987 2687 3012 -.ην-η,
2717 2987 2774 2996 η-
2803 2987 2906 2998 m-
2952 2987 3116 3007 ι---ηνι
3143 2987 3390 2997 -----ν--
3409 2987 3566 2996 --ι--π

297 3025 388 3080 soli
419 3029 512 3084 Deo
565 3049 584 3084 :
637 3035 692 3082 ut
729 3034 786 3084 et
813 3027 1081 3084 contraria
1127 3026 1236 3098 ipsi
1282 3025 1416 3082 Filio
1445 3026 1860 3095 ascriberemus,
1901 2987 1944 3068 ε
1970 3038 2304 3103 praestruens
2337 3031 2406 3086 ab
2427 3029 2578 3086 initio
2609 2987 3014 3102 semper,qu'em
3043 3037 3158 3086 erat
3187 3036 3569 3100 persecuturus

303 3115 657 3169 mortalitatem
678 3115 766 3188 ,δὴ
824 3115 1320 3182 accessibilitatem;
1372 3131 1538 3188 quem
1574 3119 1866 3172 mortuum
1972 3117 2027 3172 in
2055 3117 2218 3174 ﬁnem
2247 3119 2290 3174 ².
2323 3119 2404 3174 Ita
2445 3134 2662 3190 semper
2714 3117 2988 3174 cdiscebat
3021 3119 3162 3191 (29),
3195 3125 3250 3174 et
3305 3120 3454 3176 Deus
3513 3118 3569 3173 in

300 3211 622 3260 contestatur
644 3207 952 3264 secundum
981 3207 1313 3280 Scripturas
1345 3205 1390 3276 (Ι
1422 3207 1544 3264 Cor.
1576 3219 1672 3272 xv,
1703 3205 1790 3277 3);
1812 3211 1866 3260 et
1975 3207 2127 3266 terris
2163 3223 2291 3265 cum
2317 3206 2626 3264 hominibus
2678 3207 2989 3262 conversari
3025 3221 3136 3262 non
3165 3206 3304 3262 alius
3333 3207 3513 3278 potuit
3549 3204 3572 3242 3

279 3305 312 3346 ε
341 3307 406 3348 se
447 3293 730 3352 novissime
775 3297 968 3362 visum,
1019 3312 1114 3367 per
1159 3294 1528 3353 accessibilem
1557 3295 1744 3367 utique
1773 3295 1867 3351 lu-
1975 3313 2136 3368 quam
2159 3295 2479 3368 Sermo,qui
2499 3310 2628 3352 caro
2651 3302 2765 3352 erat
2793 3293 3030 3352 futurus.
3062 3293 3346 3350 Ediscebat
3371 3303 3570 3360 autem,

272 3397 438 3440 ce:
469 3401 783 3458 quanquam
800 3393 854 3444 et
880 3385 1024 3441 illam
1053 3401 1232 3458 neque
1259 3385 1308 3424 9°
1337 3384 1454 3453 ipse
1477 3383 1599 3440 sine
1629 3382 1868 3454 periculo
1975 3395 2038 3446 ut
2091 3385 2250 3443 nobis
2295 3385 2461 3441 ﬁdem
2517 3392 2798 3452 sterneret,
2857 3395 2916 3441 ut
2967 3383 3172 3441 facilius
3227 3383 3572 3440 crederemus

267 3470 484 3528 luminis
529 3485 799 3546 expertus
846 3483 948 3542 est,
999 3490 1178 3547 neque
1223 3475 1412 3530 Petrus
1456 3481 1512 3530 et
1550 3473 1786 3529 Joannes
1815 3479 1870 3528 et
1976 3475 2166 3532 Filium
2195 3476 2300 3534 Dei
2349 3474 2698 3532 descendisse
2743 3473 2802 3530 in
2860 3475 3120 3532 saeculum
3155 3513 3168 3540 ,
3219 3473 3265 3529 si
3293 3475 3316 3512 4
3345 3482 3398 3529 et
3431 3483 3572 3530 retro

261 3562 487 3620 Iacobus
521 3565 646 3621 sine
675 3564 897 3620 rationis
926 3562 972 3602 91
1003 3571 1060 3620 et
1083 3562 1316 3618 amentia
1344 3564 1494 3634 (28);
1539 3562 1635 3635 qui
1675 3561 1722 3616 si
1757 3576 1870 3618 non
1977 3565 2086 3626 tale
2111 3565 2240 3638 quid
2277 3571 2490 3637 gestum
2526 3578 3002 3638 cognosceremus.
3043 3564 3272 3635 Pmpter
3298 3577 3400 3618 nos
3427 3563 3572 3618 enim

261 3652 472 3722 passuri
505 3651 640 3708 Filii
685 3651 940 3724 gloriam,
969 3653 1063 3710 sed
1112 3651 1326 3710 Patrem
1372 3650 1652 3720 vidissent,
1685 3651 1868 3721 credo,
1976 3653 2116 3710 sicut
2141 3653 2339 3724 scripta
2366 3658 2514 3721 sunt,
2543 3650 2620 3708 ita
2655 3661 2708 3707 et
2735 3659 2890 3724 gesta
2917 3659 3046 3708 sunt
3085 3693 3100 3718 ,
3149 3650 3202 3706 in
3259 3666 3398 3722 quos
3421 3666 3574 3708 aevo-
3655 3715 3668 3726 ο

259 3743 514 3798 morituri
541 3741 768 3798 ibidem.
791 3744 972 3800 Deum
999 3740 1140 3798 enim
1161 3756 1336 3800 nemo
1355 3740 1583 3810 videbit,
1615 3743 1670 3798 et
1700 3741 1868 3798 vivet.
1979 3759 2098 3800 rum
2123 3740 2264 3798 ﬁnes
2289 3740 2836 3798 decucurrerunt.Sic
2854 3739 3016 3798 etiam
3043 3738 3272 3798 affectus
3307 3740 3577 3798 humanos
3635 3753 3648 3768 ν

255 3829 310 3885 Si
355 3833 476 3890 haec
541 3832 618 3888 ita
669 3839 816 3900 sunt,
865 3839 1078 3888 constat
1121 3845 1244 3888 eum
1300 3845 1518 3902 semper
1575 3827 1754 3886 visum
1803 3830 1874 3886 ab
1979 3831 2183 3890 sciebat
2213 3831 2329 3902 jam
2393 3837 2536 3896 tunc,
2595 3837 2954 3901 suscepturus
3004 3827 3168 3886 etiam
3211 3827 3362 3900 ipsas
3407 3829 3574 3884 subs-

251 3919 424 3992 initio,
457 3923 572 3995 qui
621 3920 770 3978 visus
793 3921 959 3978 fuerit
985 3921 1040 3976 in
1087 3920 1229 3990 line;
1279 3929 1334 3978 et
1359 3937 1484 3976 eum
1529 3935 1628 3976 nec
1671 3919 1727 3976 in
1765 3919 1876 3976 ﬁne
1981 3920 2174 3978 tantias
2199 3919 2434 3978 hominis
2457 3959 2476 3987 ,
2532 3933 2752 3976 carnem
2807 3926 2864 3974 et
2917 3917 3202 3987 animam;
3235 3917 3576 3992 interrogans

249 4012 446 4079 sistam,
485 4010 600 4084 qui
629 4026 732 4068 nec
759 4010 828 4066 ab
859 4009 1012 4067 initio
1039 4009 1142 4066 fuit
1165 4009 1350 4080 visus;
1383 4017 1436 4065 et
1463 4007 1536 4064 ita
1563 4007 1703 4064 duos
1731 4023 1870 4076 esse,
1977 4008 2154 4064 Adam
2184 4008 2334 4079 quasi
2374 4005 2643 4075 nesciens,
2676 4005 2788 4076 Ubi,
2810 4021 2864 4063 es
2893 4005 3096 4060 Adam?
3119 4005 3399 4076 paenitens
3429 4003 3576 4076 quod

243 4103 424 4160 visum
453 4111 524 4160 et
559 4100 816 4158 invisum.
867 4099 1036 4158 Filius
1078 4115 1211 4173 ergo
1239 4099 1386 4160 visus
1429 4107 1512 4156 est
1555 4113 1786 4170 semper,
1819 4105 1876 4154 et
1909 4165 1946 4173 _
1984 4097 2267 4155 hominem
2305 4099 2570 4168 fecisset,
2623 4094 2792 4168 quaesi
2817 4110 2926 4151 non
2956 4093 3247 4166 praesciens
3279 4109 3294 4161 ;
3347 4097 3580 4150 tantam

201 4205 208 4242 ς
247 4191 414 4249 Filius
435 4199 818 4250 conversatus
853 4187 954 4260 {est
997 4165 1229 4262 semper,
1280 4197 1334 4248 et
1379 4187 1552 4246 Filius
1605 4165 1874 4260 operatus.
1909 4165 1954 4244 Β
1984 4186 2273 4258 Abraham,
2303 4165 2460 4258 quasi
2485 4165 2745 4257 ignorans
2773 4183 2902 4257 quid
2929 4165 2998 4240 sit
3025 4183 3081 4238 in
3110 4182 3370 4253 homine;
3405 4180 3579 4237 offen-

1661 4285 1854 4348 Varite
1894 4287 2204 4350 lectiones.

308 4371 358 4409 ει
389 4366 915 4442 Quomodo_§eml.
936 4366 996 4442 733
1025 4369 1094 4442 Ut
1121 4367 1290 4442 Sami.
1321 4367 1371 4406 ⁸³
1397 4367 1543 4442 Deus
1567 4366 1736 4442 Seml.
1767 4367 1818 4442 ἕξ
1847 4365 2058 4442 Sci-licet
2083 4366 2236 4442 abest
2293 4361 2466 4442 segni.
2488 4359 2540 4398 ⁸⁵
2557 4361 2749 4442 'E'stnin
2790 4362 2912 4442 sinu
2937 4361 3110 4442 Sami.
3142 4360 3196 4400 εδ
3237 4359 3581 4442 ξρειιᾳιᾮο-

237 4431 456 4500 mitium
491 4440 689 4500 Seml.
721 4439 770 4477 ⁸⁷
789 4442 891 4513 Per
919 4441 1091 4513 Seml.
1132 4439 1184 4479 ³⁸
1209 4440 1334 4512 Ipse
1361 4439 1542 4513 abest_
1578 4437 1748 4513 seml.
1771 4436 1820 4475 39
1847 4437 1917 4492 Et
1955 4438 2135 4513 inser.
2163 4437 2296 4492 Jun.
2317 4433 2378 4513 ἒξ)
2403 4435 2472 4513 lit
2497 4431 2827 4513 addrSeml.
2849 4432 3196 4513 91ﬂanimea
3237 4433 3408 4513 Seml.
3441 4432 3583 4513 irra:

237 4515 394 4572 tione
425 4519 631 4572 Fran.
683 4511 952 4569 erratione
981 4511 1156 4569 Rhen.
1190 4501 1400 4568 et'Jun.
1447 4509 1671 4566 rationis
1708 4525 1774 4564 ex
1803 4509 2034 4564 amentia
2076 4510 2277 4566 Wouw.
2316 4506 2367 4544 92
2407 4504 2744 4560 Sentientem
2775 4504 2949 4560 Seml.
2982 4504 3033 4540 93
3063 4504 3124 4557 ln
3164 4519 3332 4572 sensu
3357 4505 3494 4559 Jun.
3532 4501 3582 4540 9'!

235 4571 344 4656 Qui
407 4571 632 4656 timet.
686 4584 878 4656 Phan.
929 4582 979 4622 95
1033 4584 1168 4656 Sinu
1219 4581 1394 4656 (then.
1438 4581 1490 4620 96
1543 4581 1607 4636 Et
1635 4580 1764 4637 add.
1806 4580 1976 4637 Seml.
2015 4579 2069 4656 "_
2097 4577 2424 4656 Disperdens
2457 4573 2671 4656 Serui;
2691 4573 2744 4656 9?
2773 4575 3032 4656 “Sulphur
3063 4573 3207 4656 Jun:
3244 4571 3294 4656 9?
3325 4573 3494 4656 “Deus
3551 4587 3582 4656 a

233 4643 354 4714 Deo
413 4653 636 4716 Seml.
681 4653 700 4692 ι
745 4653 950 4712 Somno
997 4655 1166 4714 Seml.
1220 4655 1245 4694 ²
1283 4653 1416 4724 Quae
1461 4663 1576 4709 erat
1619 4659 2000 4725 persecuturus
2056 4643 2263 4708 inﬁnita
2319 4649 2492 4710 Seml.
2530 4647 2556 4686 ³
2633 4644 2811 4705 Potuit
2863 4645 3015 4702 abest
3055 4645 3226 4702 Seml.
3267 4643 3296 4680 ἰ
3324 4643 3381 4699 Si
3431 4644 3585 4700 abest

233 4731 422 4787 Scml.

1688 4793 1832 4858 Com
1842 4797 2186 4858 mentarius.

307 4907 428 4982 [27)
463 4905 645 4982 Regi
686 4909 879 4982 autem
923 4905 1264 4982 saeculorum
1300 4903 1635 4982 immortali,
1685 4901 1884 4982 invisi-
1991 4901 2142 4971 dicit,
2174 4907 2420 4982 utsupra
2441 4899 2773 4982 Periculum
2797 4893 3052 4982 luminis
3085 4937 3100 4962 ,
3147 4891 3585 4982 hoc'est,“da'm:

233 4963 364 5050 bili,
382 4963 683 5050 e'tcivﬂic
709 4977 966 5034 adnotatu
992 4977 1242 5050 dignum,
1260 4975 1420 5050 quod
1448 4989 1558 5050 non
1586 4963 1884 5050 niodo_l_3B.
1992 4963 2144 5050 num;
2177 4963 2340 5050 Liher'
2359 4973 2698 5050 Ursini,sine_
2719 4971 2959 5050 rationis
2983 4965 3318 5026 examentia
3347 4986 3366 5034 ;
3397 4963 3588 5021 Pithaei

227 5025 1667 5122 ἱᾘῦἶΪίἰῑὲῗεῖηζὲῖΧζιξμξίῗῑιιῖὖὲιόἕιξιῖιᾟῇοξίῖ
1682 5025 1882 5102 res:
1992 5025 3061 5122 meinunguendus.ius.“,
3151 5109 3184 5122 η

231 5139 268 5190 ι,
302 5125 600 5190 citantes,
626 5119 726 5174 sed
757 5127 811 5175 et
840 5109 1178 5192 hic'Auctor,
1201 5135 1312 5192 non
1341 5115 1485 5192 aliud
1515 5109 1700 5190 legant
1725 5131 1887 5192 quam
2016 5115 2180 5192 __(2_9)
2200 5117 2296 5192 _Ita
2323 5131 2540 5192 semper
2591 5113 2888 5192 cdiscebat.
2929 5109 3392 5192 Sic_in_.libro.de
3419 5125 3592 5167 carne

233 5181 349 5252 soli
381 5197 548 5261 Deo,
583 5181 654 5247 ex
689 5191 1118 5264 quocolligitur,
1161 5181 1307 5262 quod
1338 5181 1890 5264 quidamfengmqis
2001 5181 2209 5246 Christi
2233 5204 2313 5264 :__«
2351 5188 2418 5264 Et
2440 5181 2688 5264 liberare,
2722 5185 3000 5264 inquinet
3023 5181 3268 5264 judicare
3296 5181 3590 5264 humanum

231 5253 562 5322 hodiernis
599 5253 998 5334 exemplaribus
1053 5253 1402 5332 interponunt
1451 5253 1736 5334 sapienti",
1783 5259 1887 5334 ad-
1996 5273 2170 5334 genus
2199 5257 2478 5334 edis-cehat
2524 5260 2582 5312 in
2611 5257 2783 5313 carnis
2798 5253 3135 5334 'habitu_non
3165 5263 3301 5334 natae
3330 5253 3526 5308 adhuc.
3551 5274 3588 5334 .2

231 5277 562 5322 hodierms
599 5277 998 5334 exemplaribus
1053 5277 1402 5332 interponunt
1451 5277 1514 5318 sa
1557 5277 1736 5330 temt‘,
1785 5277 1887 5312 aa-
1996 5277 2170 5330 genus
2199 5277 2478 5314 cutscenat
2524 5277 2582 5312 1n
2611 5277 2783 5313 carnis
2814 5277 2999 5312 nanuu
3029 5277 3135 5310 non
3165 5277 3301 5308 nata:
3330 5277 3526 5308 auuuc.
3565 5277 3588 5301 ι

231 5341 464 5416 tectum
513 5349 654 5416 esse
691 5349 756 5416 εξ
797 5335 946 5416 cales
983 5334 1160 5416 ἓρίει-
1190 5334 1268 5416 δά
1299 5335 1460 5416 ξοπιες
1503 5277 1679 5400 δαετθ
1721 5329 1888 5388 θείω
1995 5331 2258 5416 “unum:
2286 5329 2351 5387 αθ
2377 5333 2608 5416 .13.“???-
2660 5330 2852 5385 εανηίε
2883 5323 3594 5416 Lalet'PPPiEPFE‘EFTDEE

235 5393 438 5468 initio
473 5405 666 5465 nimis
691 5405 864 5462 libera
890 5393 1052 5462 Clarii
1087 5405 1390 5476 castigatio.
1425 5393 1568 5462 Pati.
1634 5473 1645 5476 _
1808 5475 1814 5476 ί
1997 5393 2284 5476 ediscunt.
2305 5403 2440 5476 »__Et
2489 5402 2574 5458 hic
2601 5417 2727 5456 mox
2727 5418 2774 5476 _:
2797 5418 2846 5476 Δα
2891 5399 3184 5476 Ediscebat
3206 5405 3511 5476 _autem._s_
3534 5393 3593 5447 In

315 5465 444 5549 (ἐξ)
517 5479 720 5550 Neque
753 5480 964 5535 Petrus
992 5482 1073 5550 et
1110 5465 1356 5536 Joannes
1394 5479 1448 5533 et
1493 5473 1730 5550 Iacobus
1755 5475 1892 5550 sine
1997 5471 2184 5550 libello
2211 5473 2286 5528 ad
2313 5473 2584 5550 Martyres
2614 5491 2690 5550 .1:
2722 5471 2900 5550 Etiam
2923 5474 2985 5550 in
3013 5485 3171 5550 pace,
3203 5465 3596 5550 inquit,nlabo-

235 5537 526 5608 rationis
565 5537 638 5606 et.
669 5553 950 5608 amentia.
979 5549 1094 5607 Hoc
1129 5559 1232 5615 est,
1277 5561 1454 5618 neque
1499 5547 1616 5620 sine
1654 5545 1891 5620 periculo
1999 5559 2062 5602 re
2081 5553 2137 5602 et
2161 5537 2522 5601 incommodis
2550 5545 2751 5601 bellum
2783 5542 2892 5615 pati
2914 5537 3032 5614 jam
3058 5537 3324 5598 ediscunt.
3363 5557 3386 5588 ι
3411 5537 3594 5596 Enen.

235 5624 536 5693 rationis,
592 5636 769 5694 neque
827 5621 946 5678 sine
991 5621 1242 5679 amentia.
1312 5617 1620 5677 Periculum
1655 5617 1893 5676 rationis
