4002 6118
215 252 305 313 201
1475 245 1669 308 LIBER
1709 243 1864 307 ADV.
1904 245 2241 308 PRAXEAM.

3378 259 3503 321 ‘202

221 397 281 438 eo
305 379 353 418 υ
377 392 483 434 non
518 381 648 472 est...
687 373 847 472 Quod
894 373 1012 446 ipse
1047 371 1288 436 inferens
1330 371 1556 472 23.nnon
1601 369 1798 472 Filium
1828 391 1877 472 λ
1907 370 2130 440 faceret,
2161 371 2261 431 nisi
2287 389 2319 430 a
2349 373 2558 472 certet-is
2605 376 2800 434 solum.
2848 377 2955 435 Sed
2999 386 3052 436 et
3075 380 3123 434 34
3147 380 3499 460 Evangelium

223 479 398 541 negat,
445 465 538 523 sed
583 464 755 520 alium
805 463 977 520 Deum
1011 480 1026 519 :
1076 471 1329 520 caeterum
1383 461 1520 519 alius
1565 477 1596 517 a
1644 462 1797 518 Patre

228 560 386 618 Filius
409 572 507 612 Ion
534 564 611 612 est
639 553 712 608 2".
742 552 1004 625 Denique,
1051 551 1258 624 inspice
1287 549 1566 624 sequentia
1593 550 1795 621 hujus-

237 647 369 705 modi
405 641 913 716 pronuntiationum,
960 649 1016 698 et
1060 639 1302 699 invenies
1348 640 1461 696 fere
1507 639 1575 696 ad
1618 639 1799 696 idolo-

241 754 347 794 rum
383 734 698 790 factitatores
748 740 914 803 atque
942 730 1178 788 cultores
1220 728 1590 786 deﬁnitionem
1615 745 1798 786 earum

243 829 489 901 perticae,
530 833 597 878 ut
632 820 1042 877 multitudinem
1089 819 1342 877 falsorum
1396 820 1621 877 deorum
1670 819 1801 875 unio‘

238 913 485 972 divinitatis
534 910 814 983 expellat,
865 909 1072 966 habens
1119 917 1297 966 tamen
1349 907 1540 965 Filium
1596 917 1800 980 quanto

230 1004 534 1062 individuum
591 1008 650 1056 et
687 999 1050 1072 inseparatum
1088 1015 1120 1054 a
1144 999 1319 1065 Patre,
1370 1006 1517 1054 tanto
1563 998 1616 1054 in
1646 998 1799 1054 Patre

226 1092 576 1164 reputandum,
610 1089 716 1145 etsi
747 1103 857 1146 non
897 1087 1250 1144 nominatum.
1303 1086 1508 1159 Atquin
1546 1085 1591 1141 si
1620 1087 1797 1143 nomi-

220 1189 370 1238 nasset
396 1180 580 1244 illum,
627 1185 960 1251 separasset,
995 1177 1068 1234 ita
1112 1176 1338 1235 dicens:
1391 1195 1418 1228 α
1451 1175 1610 1232 Alius
1654 1191 1800 1248 prae-

215 1283 280 1327 ter
316 1287 394 1326 me
437 1284 565 1326 non
615 1276 720 1332 est,
770 1267 873 1324 nisi
914 1266 1082 1323 Filius
1127 1281 1300 1322 meus.
1349 1285 1376 1318 ιο
1426 1264 1608 1321 Alium
1655 1265 1799 1322 enim

213 1361 351 1417 etiam
401 1357 609 1414 Filium
666 1355 923 1421 fecisset,
968 1370 1131 1428 quem
1181 1354 1246 1411 de
1302 1353 1420 1412 aliis
1478 1353 1797 1426 excepisset.

212 1452 327 1508 Puta
361 1449 543 1506 solem
595 1447 818 1504 dicere:
855 1465 879 1499 ι
930 1445 1048 1519 Ego
1076 1447 1180 1516 sol,
1224 1452 1280 1502 et
1323 1444 1460 1501 alius
1488 1453 1683 1517 printer
1711 1458 1800 1501 me

209 1557 306 1598 non
330 1548 425 1606 est,
477 1538 594 1596 nisi
641 1536 831 1593 radius
870 1551 1045 1603 meus,
1098 1557 1121 1586 ι
1175 1550 1354 1592 nonne
1399 1535 1712 1592 denotasses
1750 1533 1799 1572 2⁵

209 1632 478 1687 vanitatem
511 1629 590 1696 κ,
639 1628 799 1700 quasi
845 1643 954 1682 non
1000 1633 1055 1684 et
1102 1625 1283 1682 radius
1313 1626 1370 1681 in
1401 1624 1514 1682 sole
1561 1626 1794 1698 depute-

213 1721 334 1777 tur?
357 1721 547 1792 Itaque
580 1723 780 1789 praeter
829 1716 876 1755 ²¹¹
923 1715 1273 1788 semetipsum
1321 1729 1428 1772 non
1482 1729 1602 1771 esse
1633 1714 1797 1770 alium

1906 467 2200 530 recusetur,
2231 463 2377 535 quod
2404 462 2545 520 dicat
2575 465 2771 521 omnia
2816 479 2919 538 per
2966 467 3293 527 Sermonem
3330 488 3365 527 a
3392 475 3499 532 Deo

1905 553 2065 622 facta
2093 567 2228 617 esse,
2260 555 2316 609 et
2333 553 2458 612 sine
2476 569 2536 612 eo
2557 554 2709 611 nihil
2730 558 2974 626 factum.
2999 557 3119 614 Nisi
3147 557 3290 614 enim
3320 561 3499 629 fallor,

1905 648 1959 696 et
1998 638 2126 696 alibi
2169 641 2427 714 scriptum
2479 649 2600 700 est:
2650 643 2916 702 Sermone
2967 647 3088 718 ejus
3125 649 3252 705 caeli
3279 650 3502 719 ﬁrmati

1908 734 2068 800 sunt,
2088 734 2144 786 et
2172 731 2379 802 spiritu
2408 733 2520 789 oris
2550 731 2601 771 ³⁵
2631 734 2752 805 ejus
2781 749 2980 792 omnes
3008 735 3253 795 virtutes
3282 754 3496 797 eorum.

1905 815 1976 872 Et
2013 817 2200 876 Sermo
2249 828 2452 887 autem,
2509 819 2696 878 Virtus
2742 829 2795 878 et
2837 821 3062 894 SOphia,
3118 822 3234 895 ipse
3272 826 3372 882 erit
3400 828 3501 884 Dei

1904 904 2093 962 Filius.
2124 907 2202 965 Ita
2229 907 2276 964 si
2303 923 2402 980 per
2429 907 2623 966 Filium
2663 909 2863 980 omnia,
2906 911 3106 968 coelum
3132 928 3354 986 quoque
3404 931 3502 988 per

1904 993 2095 1052 Filium
2122 997 2438 1070 extendens,
2477 1013 2587 1056 non
2632 999 2783 1056 solus
2828 1001 3088 1074 extendit,
3120 1001 3224 1058 nisi
3271 1002 3366 1060 illa
3406 1020 3498 1061 ra-

1907 1083 2052 1143 tione
2077 1101 2183 1158 qua
2209 1102 2241 1141 a
2267 1086 2317 1126 ³6
2343 1089 2555 1145 caeteris
2599 1089 2764 1146 solus.
2811 1089 2988 1164 Atque
3035 1091 3174 1148 adeo
3222 1093 3405 1150 statim
3431 1095 3502 1151 de

1905 1173 2042 1230 Filio
2069 1174 2306 1246 loquitur
2327 1193 2340 1230 :
2383 1178 2517 1246 Quis
2535 1177 2689 1235 alius
2708 1178 2911 1250 defecit
2938 1182 3102 1251 signa
3120 1183 3502 1255 ventriloquo-

1906 1280 2060 1331 rum,
2083 1268 2140 1322 et
2158 1265 2537 1324 divinationes
2557 1284 2592 1322 a
2613 1267 2798 1338 corde,
2821 1273 3082 1326 avertens
3101 1272 3386 1343 sapientes
3419 1290 3502 1332 re-

1909 1359 2176 1422 trorsum,
2208 1358 2265 1412 et
2308 1357 2607 1414 consilium
2661 1373 2853 1416 eorum
2905 1360 3248 1429 infatuans?
3292 1362 3503 1420 Sislens

1906 1443 2070 1501 verba
2096 1443 2213 1500 Filii
2264 1445 2364 1511 sui,
2415 1445 2674 1502 discendo
2719 1446 2928 1503 scilicet
2970 1465 2982 1501 :
3027 1450 3125 1504 Hic
3182 1455 3270 1506 est
3323 1454 3501 1508 Filius

1906 1550 2062 1593 meus
2093 1534 2369 1601 dilectus;
2402 1534 2552 1592 hunc
2578 1535 2790 1594 audite.
2821 1536 2900 1592 Ita
2935 1534 3135 1595 Filium
3163 1539 3501 1614 subjungens

1905 1622 2021 1694 ipse
2047 1623 2428 1695 interpretator
2473 1629 2576 1694 est,
2615 1625 2894 1695 quomodo
2937 1627 3142 1684 coelum
3191 1629 3344 1685 solus
3389 1645 3492 1686 ex-

1908 1711 2153 1780 tenderit,
2204 1711 2406 1769 scilicet
2433 1728 2554 1768 cum
2602 1711 2736 1771 Filio
2782 1713 2952 1782 solus,
3000 1716 3140 1773 sicut
3185 1733 3305 1774 cum
3353 1718 3495 1774 Filio

213 1811 398 1873 Deum,
419 1787 530 1865 hoc
556 1787 784 1880 propter
813 1787 1169 1862 idololatriam
1198 1811 1306 1860 tam
1335 1802 1608 1860 nationum
1637 1818 1800 1875 quam
1833 1787 1878 1867 Β
1908 1817 2089 1858 unum.
2127 1801 2357 1859 Proinde
2401 1809 2454 1858 et
2482 1801 2598 1858 Filii
2626 1803 2731 1859 erit
2755 1819 2879 1868 vox,
2905 1805 3150 1862 Extendi
3176 1808 3382 1863 caelum
3419 1825 3499 1866 so-

227 1899 454 1964 lsraelis,
497 1898 653 1953 etiam
681 1906 909 1969 propter
951 1895 1252 1963 haereticos,
1301 1893 1414 1967 qui,
1445 1893 1584 1951 sicut
1613 1891 1794 1949 natio-

240 2004 330 2043 nes
370 1987 632 2056 manibus,
677 1985 746 2041 ita
788 1995 845 2042 et
887 1985 989 2057 ipsi
1037 1984 1221 2041 verbis
1258 1983 1406 2039 idola
1453 1982 1794 2048 fabricantur,

235 2076 285 2130 id
310 2086 407 2142 est,
458 2074 622 2130 alium
659 2073 854 2140 Deum,
910 2080 962 2129 et
1005 2058 1168 2128 alium
1211 2070 1502 2127 Christum.
1555 2070 1724 2141 Igitur
1751 2079 1803 2128 et

223 2180 334 2220 cum
379 2178 440 2220 se
483 2178 650 2218 unum
688 2159 1112 2233 pronuntiabat,
1157 2158 1294 2216 Filio
1342 2159 1499 2214 Pater
1548 2172 1800 2229 procura-

213 2254 310 2322 bat,
341 2269 409 2309 ne
450 2254 524 2309 ab
561 2251 676 2306 alio
723 2252 839 2307 Deo
859 2248 1108 2307 Christus
1149 2246 1364 2306 venisse
1400 2245 1671 2311 credatur,
1701 2244 1801 2300 sed

212 2344 381 2399 abillo
406 2341 504 2414 qui
547 2340 912 2413 praedixerat:
958 2342 1067 2412 Ego
1114 2339 1277 2403 Deus,
1323 2341 1378 2395 et
1425 2335 1574 2392 alius
1601 2333 1803 2406 absque

212 2450 420 2491 menon
442 2436 537 2491 est
557 2452 578 2499 ;
599 2430 696 2504 qui
735 2446 792 2487 se
819 2429 1057 2495 unicum,
1087 2426 1182 2484 sed
1220 2440 1343 2485 cum
1387 2423 1521 2482 Filio
1551 2425 1802 2493 ostendit,

211 2538 325 2580 cum
350 2536 461 2594 quo
491 2520 704 2579 calum
732 2518 884 2576 solus
906 2515 1164 2574 extendit.

799 2607 1028 2666 CAPUT
1053 2603 1210 2663 XIX.

267 2701 405 2770 Quin
441 2700 496 2738 ³⁸
527 2710 591 2756 et
624 2697 971 2768 hoc‘fdictum
1025 2696 1165 2766 ejus,
1196 2694 1253 2750 in
1281 2697 1658 2766 argumentum
1689 2690 1803 2747 sin-

195 2789 511 2866 gularitatis
545 2784 718 2844 178
745 2785 1044 2858 arripiant:
1078 2781 1344 2849 Extendi,
1375 2779 1570 2854 inquit,
1602 2781 1805 2837 caelum

195 2881 366 2937 solus.
425 2876 711 2946 Quantum
764 2877 832 2932 ad
879 2883 1099 2933 caeteras
1145 2872 1396 2936 virtutes,
1447 2869 1617 2935 solus,
1667 2882 1806 2938 prte-

198 2979 412 3025 struens
488 2967 759 3023 adversus
832 2965 1171 3034 conjecturas
1257 2957 1652 3027 haereticorum,
1713 2953 1806 3028 qui

201 3057 473 3114 mndum
519 3057 594 3110 ab
647 3054 850 3128 angelis
896 3051 1012 3124 (32)
1053 3059 1108 3106 et
1159 3047 1522 3122 potestatibus
1577 3041 1808 3100 diversis

203 3148 390 3203 volunt
443 3151 759 3213 structum;
803 3141 895 3215 qui
943 3149 998 3199 et
1026 3140 1200 3212 ipsum
1243 3138 1552 3195 Creatorem
1579 3139 1673 3188 aut
1709 3147 1804 3187 an-

187 3237 386 3309 gelum
440 3233 667 3300 faciunt,
709 3241 801 3288 aut
845 3231 912 3288 ad
951 3229 1057 3286 alia
1102 3227 1152 3267 29
1194 3242 1318 3299 quae
1364 3223 1719 3308 extrinsecus,
1748 3230 1808 3278 ut

185 3305 371 3397 opera
413 3324 629 3392 mundi,
661 3323 997 3398 ignorantem
1034 3333 1249 3392 quoque
1295 3317 1662 3394 subornatum.
1695 3305 1807 3369 Aut

182 3417 238 3471 si
275 3417 357 3472 sic
389 3414 549 3471 solus
597 3413 790 3472 caelum
839 3410 1098 3481 extendit,
1143 3405 1416 3481 quomodo
1464 3404 1552 3462 isti
1598 3417 1805 3476 praesu-

183 3514 361 3562 munt
412 3505 472 3560 in
509 3518 822 3576 perversum
870 3499 1126 3570 haeretici,
1175 3498 1328 3570 quasi
1375 3493 1668 3568 singularis
1695 3507 1805 3550 non

188 3594 529 3649 admittatur
565 3591 766 3665 Sophia
810 3589 902 3648 illa
951 3589 1168 3647 dicens:
1219 3589 1362 3644 Cum
1404 3586 1637 3658 pararet
1693 3598 1804 3640 cae-

191 3685 292 3738 to:
319 3683 395 3748 3°,
433 3699 527 3753 ego
556 3683 784 3740 aderam
824 3681 918 3737 illi
943 3677 1115 3738 simul
1143 3677 1212 3730 31.
1241 3676 1308 3731 Et
1335 3673 1380 3730 si
1407 3672 1543 3728 dixit
1568 3673 1804 3743 Aposto-

192 3773 334 3826 lus:
372 3771 518 3838 Qui:
548 3771 801 3844 cognovit
820 3785 1046 3827 sensum
1071 3766 1316 3830 Domini,
1348 3767 1404 3818 et
1425 3763 1544 3835 quis
1565 3761 1659 3816 illi
1674 3775 1804 3817 con-

189 3859 341 3913 silio
369 3860 492 3928 fuit
514 3862 539 3914 ?
555 3859 606 3928 (I
627 3859 746 3917 Cor.
771 3873 833 3925 ιι,
857 3857 945 3927 15)
973 3857 1159 3928 utique
1177 3861 1376 3927 praeter
1403 3849 1659 3922 SOphiam
1687 3849 1804 3919 (33)

185 3947 286 4001 ait
331 3945 409 4017 32,
462 3961 586 4017 qua:
630 3945 710 4002 illi
747 3946 950 4002 aderat.
1008 3945 1070 4000 ln
1117 3943 1233 4015 ipso
1280 3949 1458 3997 tamen
1485 3946 1686 3994 etcum
1715 3936 1807 3994 illo

187 4034 478 4089 universa
523 4035 917 4107 compingebat,
949 4048 1056 4090 non
1104 4031 1386 4104 ignorante
1428 4026 1557 4100 quid
1584 4025 1803 4084 faceret.

196 4124 427 4180 Praeter
469 4124 724 4198 Sophiam
771 4132 972 4190 autem,
1019 4131 1216 4196 printer
1268 4118 1461 4176 Filium
1515 4115 1664 4181 dicit,
1712 4113 1803 4187 qui

190 4223 288 4268 est
316 4213 596 4283 Christus,
627 4212 828 4287 Sophia
855 4224 910 4270 et
954 4211 1140 4269 Virtus
1166 4208 1266 4267 Dei
1295 4205 1592 4265 secundum
1622 4205 1808 4276 Apos-

187 4302 414 4373 tolum,
446 4303 593 4358 solus
629 4304 804 4360 sciens
851 4317 1066 4358 sensum
1110 4299 1315 4358 Patris:
1356 4297 1488 4366 Quis
1527 4293 1671 4349 enim
1698 4291 1808 4347 scit

1905 1892 2034 1958 lus;
2067 1890 2191 1964 quia
2219 1891 2483 1950 Sermone
2513 1893 2640 1947 cwli
2668 1893 2994 1963 conﬁrmati
3021 1899 3180 1951 sunt.
3222 1895 3360 1964 Quia
3396 1894 3500 1952 So-

1905 1979 2052 2050 phia,
2102 1979 2154 2034 id
2200 1988 2282 2036 est
2327 1979 2394 2047 3",
2449 1980 2710 2037 Sermone
2764 1981 3074 2048 assisteute,
3125 1992 3368 2054 paratum
3420 1995 3502 2042 est

1907 2068 2128 2138 coelum,
2155 2077 2206 2124 et
2234 2071 2425 2126 omnia
2455 2087 2555 2142 per
2587 2071 2912 2127 Sermonem
2931 2077 3070 2128 sunt
3088 2074 3263 2143 facta,
3293 2089 3504 2146 compe-

1910 2158 1971 2214 tit
1998 2166 2052 2214 et
2081 2157 2279 2214 Filium
2308 2159 2357 2197 33
2385 2157 2564 2216 solum
2611 2160 2915 2217 extendisse
2945 2162 3164 2229 cmlum,
3197 2163 3322 2234 quia
3350 2165 3504 2221 solus

1908 2246 2207 2320 operationi
2236 2247 2414 2302 Patris
2444 2247 2778 2306 ministravit.
2810 2249 2958 2304 Idem
2998 2249 3100 2306 erit
3127 2251 3350 2310 dicens:
3395 2255 3504 2324 Ego

1906 2339 2149 2410 primus,
2182 2340 2238 2394 et
2266 2339 2502 2410 insuper
2541 2342 2789 2396 ventura
2840 2339 2888 2377 39
2930 2356 3025 2412 ego
3072 2357 3218 2400 sum.
3265 2342 3504 2398 Primum

1909 2425 2117 2483 scilicet
2153 2425 2416 2495 omnium,
2448 2425 2675 2484 Sermo:
2704 2429 2768 2484 In
2795 2431 3085 2502 principio
3114 2435 3240 2488 erat
3270 2432 3503 2501 Sermo;

1910 2515 1966 2570 in
2003 2529 2110 2587 quo
2137 2514 2402 2589 principio
2448 2516 2686 2587 prolatus
2714 2532 2746 2572 a
2784 2519 2938 2574 Patre
2966 2526 3067 2574 est.
3097 2519 3372 2578 Caeterum
3400 2523 3505 2578 Pa-

1912 2611 1994 2658 ter
2038 2618 2148 2660 non
2193 2603 2398 2660 habens
2444 2602 2688 2671 initium,
2745 2613 2805 2660 ut
2849 2621 2880 2660 a
2927 2607 3074 2663 nullo
3117 2609 3394 2678 prolatus,
3448 2619 3510 2668 ut

1911 2692 2144 2763 innatus,
2193 2708 2303 2750 non
2360 2702 2537 2764 potest
2589 2693 2778 2751 videri.
2814 2693 2919 2766 Qui
2965 2697 3114 2752 solus
3145 2697 3248 2755 fuit
3274 2714 3507 2770 semper,

1911 2781 2157 2839 ordinem
2211 2781 2413 2840 habere
2467 2797 2571 2839 non
2611 2782 2826 2854 potuit.
2886 2783 3061 2855 Igitur
3114 2785 3159 2841 si
3223 2794 3510 2859 prOptcrea

1910 2871 2160 2927 eumdem
2203 2880 2258 2928 et
2304 2870 2512 2927 Patrem
2565 2879 2617 2927 et
2662 2870 2860 2928 Filium
2905 2873 3237 2931 credendum
3287 2883 3511 2946 putave-

1911 2966 2055 3028 runt,
2103 2965 2160 3014 ut
2205 2974 2373 3015 unum
2410 2959 2585 3015 Deum
2633 2960 2925 3030 vindicent,
2973 2963 3026 3001 ἰο
3055 2963 3205 3021 salva
3236 2962 3404 3023 I79
3430 2973 3513 3022 est

1910 3048 2038 3104 unio
2068 3048 2207 3119 ejus,
2236 3047 2332 3120 qui
2360 3063 2480 3103 cum
2511 3047 2760 3115 situnus,
2783 3050 2944 3105 habet
2963 3052 3010 3090 ἰι
3033 3061 3087 3107 et
3108 3053 3326 3121 Filium,
3358 3071 3512 3126 aeque

1912 3141 1967 3190 et
1996 3133 2172 3207 ipsum
2209 3135 2413 3190 eisdem
2460 3135 2755 3205 Scripturis
2801 3139 3274 3208 comprehensum.
3327 3142 3384 3198 Si
3415 3143 3509 3198 Fi-

1908 3224 2042 3282 lium
2071 3221 2262 3281 nolunt
2298 3223 2591 3280 secundum
2631 3239 2662 3280 a
2705 3225 2879 3281 Patre
2909 3228 3176 3298 reputari,
3210 3245 3280 3286 ne
3318 3245 3511 3287 secun-

1911 3315 2018 3371 dus
2062 3313 2200 3370 duos
2248 3312 2408 3370 faciat
2451 3313 2582 3370 deos
2623 3313 2749 3382 dici,
2798 3315 3136 3373 ostendimus
3183 3316 3344 3375 etiam
3374 3319 3512 3376 duos

1911 3405 2055 3461 Deos
2085 3405 2138 3459 in
2167 3402 2446 3476 Scriptura
2483 3402 2704 3474 relatos,
2743 3413 2797 3461 et
2824 3406 2960 3462 duos
2987 3406 3285 3476 Dominos;
3320 3419 3375 3466 et
3417 3417 3502 3466 ta-

1914 3509 2036 3550 men
2064 3507 2130 3548 ne
2156 3491 2223 3548 de
2267 3490 2371 3549 isto
2415 3491 2845 3550 scandalizentur
2889 3495 2959 3562 49,
3009 3495 3277 3555 rationem
3319 3498 3497 3555 reddi-

1909 3582 2107 3652 dimus,
2135 3596 2241 3654 qua
2285 3579 2381 3637 Dei
2425 3595 2535 3636 non
2581 3582 2691 3637 duo
2727 3581 2993 3653 dicantur,
3044 3599 3142 3642 nec
3186 3586 3401 3643 Domini
3428 3589 3498 3660 ‘3,

1913 3671 2013 3729 sed
2042 3686 2150 3744 qua
2178 3673 2336 3728 Pater
2363 3677 2416 3728 et
2445 3670 2613 3728 Filius
2650 3671 2795 3740 duo;
2844 3680 2898 3729 et
2937 3674 3042 3729 hoc
3081 3687 3197 3731 non
3246 3691 3310 3733 ex
3341 3692 3500 3749 sepa-

1911 3761 2119 3818 ratione
2147 3759 2478 3830 substantiae,
2511 3759 2606 3814 sed
2633 3774 2698 3816 ex
2730 3759 3113 3833 dispositione,
3156 3780 3279 3820 cum
3308 3744 3530 3842 indivi-l

1912 3851 2079 3907 duum
2135 3855 2188 3906 et
2240 3849 2604 3921 inseparatum
2654 3848 2850 3905 Filium
2900 3867 2932 3906 a
2981 3853 3131 3908 Patre
3177 3853 3533 3925 pronuntia-<

1911 3955 2068 4009 mus;
2119 3953 2218 3995 nec
2255 3945 2416 4004 statu,
2477 3936 2571 3994 sed
2618 3938 2790 4008 gradu
2839 3938 3040 4009 alium;
3093 3942 3190 4011 qui
3236 3941 3339 3997 etsi
3367 3941 3514 4000 Deus

1912 4027 2138 4094 dicatur,
2158 4025 2377 4099 quando
2399 4026 2706 4082 nominatur
2726 4025 3046 4098 singularis,
3068 4043 3176 4085 non
3215 4029 3341 4086 ideo
3377 4030 3514 4087 duos

1915 4118 2051 4174 deos
2103 4114 2281 4180 iaciat,
2314 4114 2408 4171 sed
2441 4129 2626 4183 unum,
2673 4114 2778 4171 hoc
2826 4115 2946 4188 ipso
2992 4117 3138 4188 quod
3181 4127 3236 4174 et
3278 4120 3422 4175 Deus
3447 4134 3511 4174 ex

1915 4206 2119 4264 unitate
2147 4202 2321 4259 Patris
2358 4203 2536 4262 vocari
2566 4203 2781 4258 habeat.

2518 4291 2742 4348 CAPUT
2777 4292 2910 4348 XX.

187 4409 340 4463 quae
371 4365 517 4449 sunt
541 4393 602 4446 in
627 4394 730 4449 Deo
756 4393 870 4448 nisi
899 4391 1151 4464 Spiritus
1177 4390 1279 4461 qui
1305 4389 1369 4443 in
1395 4386 1514 4458 ipso
1544 4380 1808 4440 est?Non
1843 4365 1889 4442 Π
1989 4383 2092 4440 Sed
2120 4377 2674 4454 argumentationibus
2703 4395 2894 4435 eorum
2935 4381 3112 4440 adhuc
3158 4383 3512 4442 retundendis

185 4482 292 4552 qui
326 4492 493 4538 extra
523 4482 696 4551 ipsum
735 4480 802 4536 33.
834 4480 960 4536 Erat
1005 4493 1136 4552 ergo
1170 4476 1264 4551 qui
1302 4490 1410 4532 non
1438 4473 1613 4530 solum
1642 4471 1813 4526 Deum
1914 4487 2089 4545 epera
2124 4467 2416 4544 praebenda
2461 4473 2563 4536 est,
2605 4467 2648 4523 si
2698 4466 2822 4540 quid
2854 4467 2922 4526 de
2961 4469 3252 4542 Scripturis
3288 4474 3353 4529 ad
3385 4490 3512 4530 sen-

1596 4651 1787 4716 Variaa
1829 4652 2138 4715 lectiones.

277 4818 338 4856 ²²
371 4816 602 4886 Absque
645 4828 711 4870 eo
740 4813 895 4886 alius
937 4813 1116 4886 Seml.
1163 4811 1227 4886 33_
1263 4812 1523 4886 inserens
1558 4807 1728 4886 gem}.
1754 4805 1809 4886 34
1834 4805 1983 4886 Deus
2021 4801 2151 4886 add:
2177 4803 2309 4886 ian.
2333 4800 2400 4886 ,π
2426 4799 2745 4886 Denotasset
2795 4799 2988 4886 geruli.
3009 4798 3356 4886 {Unimth
3389 4805 3515 4860 alii.

193 4890 242 4928 π
282 4889 412 4945 Per
440 4885 613 4944 Seml.
645 4887 696 4924 ³⁸
722 4885 767 4955 Q

195 5033 246 5069 3‘3
279 5031 398 5069 ῐιἾιί

195 5033 246 5069 33
279 5032 440 5086 Filio
481 5032 680 5086 Wouw.
705 5032 756 5069 39
783 5032 843 5083 In
871 5034 1260 5100 superventura
1295 5032 1412 5084 Sem

194 5110 290 5160 tur
321 5103 466 5160 alii.
500 5101 551 5141 ⁸³
581 5102 641 5157 In
655 5117 760 5174 qua
785 5099 1003 5160 Domini
1040 5099 1158 5157 cod.
1210 5098 1412 5156 Wouw.

773 4871 839 4942 ni
871 4871 1040 4943 Sarni.
1072 4884 1122 4922 29
1151 4883 1231 4938 Ad
1261 4884 1357 4938 illa
1391 4883 1526 4938 Jun.
1560 4879 1610 4919 ³ο
1656 4877 1861 4934 C(elum
1901 4875 2072 4933 Seml.
2105 4873 2152 4912 31
2182 4871 2347 4927 Simul
2387 4871 2540 4928 abest
2579 4872 2742 4943 Seml.
2795 4871 2996 4943 337Fuit
3035 4873 3204 4930 Seml.
3239 4872 3288 4910 33
3335 4874 3518 4943 Ipsum

191 4942 364 5016 era-ti
385 4942 544 5016 Eii-eo
574 4942 765 5016 Seml.‘
778 4957 828 4996 3*
871 4942 941 5012 Et
987 4942 1141 5014 abest
1199 4955 1369 5012 Seml.
1403 4953 1452 4992 35
1481 4950 1609 5007 Oris
1656 4950 1808 5006 abest
1863 4948 2032 5004 Seml.
2064 4945 2113 4984 36
2143 4947 2188 4998 A
2221 4945 2374 5000 abest
2416 4944 2609 5016 ..ςοεφηζἒ
2632 4942 2678 5016 37
2707 4942 2906 5014 Sophia
2937 4944 2988 5016 in
3037 4958 3289 5016 sermone

540 5011 756 5110 agitis
783 5028 843 5110 in
871 5011 1272 5110 superuentura,
1295 5025 1464 5084 Seml.
1502 5024 1560 5078 In
1591 5021 1747 5079 abest
1766 5022 1934 5078 Fran.
1965 5018 2014 5057 έιο
2045 5016 2240 5074 Salvus
2279 5013 2450 5074 Seml.
2487 5015 2534 5052 ἀι
2565 5011 2971 5073 Habeat'Seml.
3005 5015 3054 5053 ¹ί²
3081 5015 3522 5075 Scandalizaren-

3385 4949 3517 5005 eml.

1625 5187 2127 5256 COmmentarius.

282 5363 422 5430 (32)
454 5359 567 5428 Qui
593 5358 876 5416 mundum
904 5360 973 5419 ab
991 5357 1352 5430 angelis,_etc.
1383 5353 1544 5408 Notat
1581 5313 1823 5430 valenti-
1931 5347 2127 5430 Paulus
2152 5344 2309 5430 dicit,
2337 5345 2476 5426 .Quis
2499 5345 2592 5401 illi
2619 5347 2855 5430 consilio
2891 5348 3006 5418 fuit
3025 5350 3048 5401 ?
3063 5346 3364 5430 intelligit:
3391 5346 3526 5430 Quis

193 5430 430 5486 nianos
456 5437 516 5486 et
541 5431 748 5486 similes
775 5431 929 5497 alios,
970 5441 1024 5488 et

191 5501 532 5558 lencianos.
564 5501 754 5559 Busa.

277 5574 414 5644 (33)
466 5575 664 5647 Utique
714 5575 928 5646 praeter
977 5569 1260 5645 Sophia-m.
1309 5565 1512 5628 Sensus
1556 5573 1673 5622 est:
1704 5579 1826 5621 cum

333 5662 593 5721 Panos.
623 5660 689 5716 Il.

1112 5426 1243 5485 rocli
1291 5431 1582 5482 sectatores
1617 5437 1680 5480 ac
1719 5421 1824 5479 Se-

1934 5428 2132 5491 praete_r
2179 5415 2437 5488 SOphiam
2484 5417 2708 5473 consilio
2748 5415 3023 5488 fuit,'qua:
3062 5415 3271 5490 SOphia
3289 5417 3366 5472 illi
3397 5418 3528 5474 adc-

1934 5489 2016 5548 iat
2034 5490 2063 5546 ‘2
2090 5489 2276 5546 RusN.

3284 5647 3318 5700 7
