4032 6152
510 290 649 359 203'

1228 279 1673 345 TERTULLIANI
1710 277 1983 343 OPEBUM
2019 278 2185 341 PARS
2221 280 2292 342 II.
2330 315 2401 326 -—
2436 282 2661 346 SERIES
2700 286 2744 358 Ι,
2782 284 3128 347 POLEMICA.

3712 286 3820 349 204

528 417 753 477 tentiam
797 427 953 471 suam
993 416 1306 502 excerpent,
1353 415 1550 467 caetera
1594 407 1845 502 nolentes
1893 405 2108 502 intueri,
2139 421 2188 502 Α
2222 412 2418 485 Matth,
2461 429 2585 482 xvr,
2638 411 2743 483 16).
2796 412 3015 502 lioeet
3056 410 3173 502 ipse
3228 417 3375 468 recte
3422 410 3657 502 sensisse
3697 411 3823 469 illos

520 512 749 580 quaeet
802 502 919 575 ipsa
973 500 1217 575 regulam
1246 507 1515 581 (servant,
1566 505 1621 554 et
1680 496 1902 571 quidem
1966 495 2112 552 salva

519 595 723 656 unione
761 589 1076 657 divinitatis,
1126 598 1183 647 et
1227 587 1552 644 monarchiaa
1597 587 1799 643 sonitu.
1848 584 1984 640 Nam
2029 587 2111 640 si-

520 692 611 743 cut
640 684 696 739 in
732 680 1006 739 veteribus
1035 678 1167 734 nihil
1194 676 1340 733 aliud
1367 682 1551 733 tenent
1585 690 1771 748 quam,
1800 675 1908 745 Ego
1946 675 2110 738 Deus,

518 781 572 835 et
601 775 751 832 alius
778 775 991 845 prwter
1016 784 1108 826 me
1143 782 1259 823 non
1306 770 1389 823 est
1428 766 1605 836 (Psal.
1662 778 1796 831 xcv,
1830 764 1923 835 5);
1956 763 2031 819 ita
2058 764 2112 819 in

520 859 811 933 Evangelia
839 900 852 924 ,
913 855 1319 928 responsionem
1372 853 1588 910 Domini
1662 854 1729 909 ad
1805 853 2111 926 Philippum

520 959 777 1007 tuentur:
812 951 921 1020 Ego
950 951 1007 1005 et
1026 948 1196 1003 Pater
1214 960 1396 1001 unum
1412 958 1613 1000 sumus
1630 942 1817 1012 (Joan.
1849 943 1967 1015 xrv)
1993 965 2012 1013 ;
2035 952 2111 1013 et,

526 1041 630 1109 Qui
672 1054 763 1096 me
818 1036 1045 1106 viderit,
1089 1032 1242 1091 videt
1291 1033 1340 1072 ἰθ
1394 1037 1451 1090 et
1494 1034 1761 1103 Patrem;
1800 1040 1873 1098 et,
1913 1034 2022 1103 Ego
2050 1034 2114 1088 in

520 1132 710 1199 Patre,
744 1132 803 1184 et
844 1128 1018 1182 Pater
1053 1125 1121 1180 in
1147 1138 1257 1181 me.
1302 1121 1399 1178 His
1446 1120 1618 1177 tribus
1660 1121 1910 1192 capitulis
1938 1129 2110 1177 totum

519 1218 935 1276 instrumentum
996 1214 1273 1286 utriusque
1325 1210 1653 1267 Testamenti
1708 1211 1891 1268 volunt
1945 1210 2112 1267 cede-

519 1324 578 1365 re
604 1309 675 1375 4⁵,
721 1321 848 1364 cum
895 1306 1145 1378 Oporteat
1189 1301 1487 1358 secundum
1531 1300 1687 1372 plura
1733 1299 1957 1373 intelligi
1986 1315 2115 1371 pau-

518 1397 686 1462 ciora,
718 1395 813 1453 sed
842 1394 1121 1466 proprium
1157 1392 1263 1448 hoc
1308 1398 1389 1447 est
1425 1390 1667 1447 omnium
1712 1388 2109 1446 haereticorum.

519 1485 655 1541 Nam
682 1484 807 1556 quia
836 1497 1005 1555 pauca
1048 1487 1176 1536 sunt
1200 1495 1320 1553 quae
1360 1479 1415 1534 in
1445 1479 1595 1551 sylva
1635 1478 1868 1534 inveniri
1897 1478 1947 1517 ἰδ
1974 1493 2109 1551 pos-

517 1582 659 1641 sunt,
710 1588 877 1645 pauca
932 1571 1193 1628 adversus
1242 1569 1397 1642 plura
1462 1566 1779 1633 defendunt,
1825 1575 1877 1624 et
1926 1573 2112 1638 poste-

520 1663 661 1720 riora
724 1661 983 1719 adversus
1041 1658 1227 1730 priora
1293 1655 1614 1728 suscipiunt.
1673 1654 1885 1728 Regula
1931 1664 2108 1712 autem

2220 499 2516 558 conﬁrmat.
2549 498 2859 555 Nathanaeli
2899 498 2948 537 ⁵4
2993 498 3209 570 quidem
3258 498 3592 568 respondens
3630 516 3644 555 z
3680 499 3819 567 Quia

2220 587 2343 646 dixi
2370 589 2451 643 55:
2495 589 2611 645 Vidi
2650 591 2704 645 te
2731 586 2833 645 sub
2861 586 2988 658 ﬁcu,
3019 587 3137 645 ideo
3168 586 3347 643 credis
3381 588 3568 658 (Joan.
3599 602 3661 651 ιι,
3685 590 3812 657 50);

2222 677 2438 733 Petrum
2462 691 2592 734 vero
2623 679 2847 734 beatum
2877 676 3170 742 afﬁrmans,
3203 678 3299 732 cui
3326 692 3443 734 non
3462 693 3615 747 caro,
3640 693 3821 750 neque

2220 768 2450 838 sanguis
2496 765 2797 823 revelasset
2842 764 3009 837 (quod
3056 773 3111 819 et
3156 765 3370 820 Patrem
3402 763 3688 835 senserat),
3723 764 3820 820 sed

2221 855 2391 911 Pater
2417 855 2514 926 qui
2551 854 2615 908 in
2661 853 2816 911 caelis
2854 856 2939 908 est
2970 852 3189 924 (Matth.
3221 868 3344 921 xvr,
3376 853 3489 923 17).
3519 852 3641 923 Quo
3671 852 3818 908 dicto

2220 925 2499 1017 utriusque
2539 956 2786 1015 personae
2831 942 3105 998 constituit
3149 941 3564 1007 distinctionem,
3598 954 3650 998 et
3696 925 3877 1001 Filii)

2219 1032 2275 1088 in
2322 1034 2513 1102 terris,
2558 1047 2720 1103 quem
2772 1033 2963 1089 Petrus
3017 1039 3310 1104 agnoverat
3363 1031 3463 1090 Dei
3515 1031 3710 1087 Filium
3762 1038 3819 1086 et

2218 1123 2391 1178 Patris
2419 1121 2508 1195 qui
2556 1121 2605 1161 ⁵6
2634 1121 2688 1176 in
2736 1120 2910 1193 oculis,
2958 1122 3053 1193 qui
3100 1122 3254 1176 Petro
3308 1122 3639 1179 revelaverat
3664 1119 3817 1192 quod

2219 1211 2411 1266 Petrus
2462 1219 2755 1282 agnoverat
2807 1210 2906 1266 Dei
2958 1208 3148 1266 Filium
3206 1209 3500 1266 Christum.
3563 1209 3701 1265 Cum
3758 1208 3816 1263 in

2219 1298 2480 1372 templum
2518 1300 2563 1340 57
2616 1298 2840 1365 introiit,
2891 1298 3068 1357 (edem
3115 1300 3305 1356 Patris
3354 1299 3606 1373 appellat,
3637 1307 3696 1355 ut
3724 1297 3820 1353 Fi-

2217 1386 2340 1446 lius.
2389 1387 2523 1444 Cum
2561 1388 2625 1443 ad
2659 1388 3016 1445 Nicodemum
3071 1387 3236 1445 dicit:
3291 1391 3378 1447 Ita
3414 1390 3625 1447 dilexit
3669 1393 3822 1447 Deus

2217 1478 2517 1544 mundum,
2540 1483 2606 1535 ut
2629 1477 2839 1534 Filium
2855 1494 3023 1534 suum
3042 1480 3283 1535 unicum
3302 1478 3540 1544 dederit,
3566 1479 3629 1535 in
3646 1493 3818 1551 quem

2218 1569 2399 1625 omnis
2428 1568 2530 1639 qui
2548 1566 2874 1633 crediderit,
2908 1584 3024 1624 non
3053 1572 3270 1640 pereat,
3302 1567 3397 1625 sed
3416 1570 3614 1626 habent
3634 1571 3818 1627 vitam

2216 1659 2622 1729 sempiternam
2652 1656 2835 1727 (Joan.
2869 1671 2952 1722 in,
2987 1660 3097 1727 16).
3150 1657 3215 1712 Ει
3262 1673 3450 1712 rursus
3487 1658 3643 1729 (Ibid.
3677 1660 3808 1728 t7):

517 1752 665 1809 omni
693 1750 774 1806 rei
802 1764 1018 1820 semper
1056 1747 1103 1786 4⁷
1134 1745 1201 1801 ab
1231 1745 1385 1802 initio
1432 1746 1716 1802 constituta
1743 1760 1811 1801 ex
1840 1744 2110 1815 prioribus
2142 1813 2179 1820 _
2219 1747 2337 1805 Non
2356 1747 2512 1804 enim
2531 1747 2691 1803 misit
2709 1748 2856 1803 Deus
2886 1747 3098 1803 Filium
3125 1763 3295 1804 suum
3323 1750 3387 1804 in
3414 1747 3713 1817 mundum,
3744 1752 3817 1804 ut

518 1852 573 1897 et
597 1856 664 1896 ex
693 1813 937 1910 pluribus
964 1836 1019 1892 in
1057 1833 1354 1909 posteriora
1401 1832 1716 1905 praescribit,
1757 1813 1944 1906 utique
1973 1841 2026 1892 et
2052 1833 2108 1890 in
2141 1813 2187 1892 Β
2205 1834 2423 1907 judicet
2442 1834 2739 1903 mundum,
2760 1835 2856 1892 sed
2872 1839 2939 1890 ut
2959 1836 3146 1892 salvus
3168 1838 3244 1893 sit
3260 1837 3507 1893 mundus
3526 1853 3628 1909 per
3655 1813 3813 1895 eum.

518 1929 771 2001 pauciora
796 1927 869 1985 48.

1100 2011 1327 2071 CAPUT
1366 2012 1521 2070 XXI.

588 2108 787 2180 ASpice
827 2105 1004 2177 itaque
1033 2110 1230 2176 quanta
1260 2102 1578 2174 praescribat
1601 2098 1649 2139 49
1683 2099 1778 2157 tibi
1807 2100 1919 2173 (34)
1949 2101 2108 2157 etiam

519 2200 572 2255 in
610 2196 922 2269 Evangelio,
953 2202 1077 2249 ante
1104 2190 1339 2264 Philippi
1388 2189 1856 2259 consultationem,
1891 2198 1945 2246 et
1986 2198 2108 2249 ante

517 2302 730 2343 omnem
775 2282 1291 2358 argumentationem
1339 2288 1504 2336 tuam.
1538 2280 1605 2334 Et
1644 2278 1699 2334 in
1746 2279 1956 2351 primis,
1988 2279 2107 2352 ipsa

514 2375 694 2431 statim
750 2372 993 2445 praefatio
1063 2368 1285 2428 Joannis
1352 2366 1818 2440 Evangelizatoris
1872 2369 2105 2425 demou-

513 2472 664 2529 strat,
713 2461 863 2535 quod
907 2469 1049 2517 retro
1097 2458 1280 2522 fuerit,
1338 2455 1430 2528 qui
1487 2471 1611 2512 caro
1670 2455 1788 2512 ﬁeri
1834 2456 2099 2514 habebat:

515 2554 578 2610 In
596 2552 878 2625 principio
899 2554 1026 2609 erat
1047 2549 1258 2611 Sermo,
1281 2548 1336 2602 et
1358 2545 1547 2603 Sermo
1575 2550 1701 2603 erat
1730 2547 1884 2618 apud
1904 2550 2101 2618 Deum,

511 2646 569 2698 et
597 2644 737 2698 Deus
779 2644 904 2696 erat
951 2640 1160 2697 Sermo.
1220 2637 1319 2693 Hic
1366 2641 1489 2694 erat
1532 2638 1595 2693 in
1629 2636 1912 2709 principio
1948 2637 2103 2710 aput

511 2731 706 2789 Deum.
730 2728 930 2787 Omnia
945 2743 1049 2799 per
1064 2729 1250 2799 ipsum
1267 2725 1425 2798 facta
1454 2728 1609 2789 sunt,
1632 2728 1689 2779 et
1710 2725 1833 2783 sine
1847 2726 1965 2797 ipso
1984 2728 2103 2796 fac-

510 2822 636 2875 tum
664 2821 748 2875 est
767 2815 915 2872 nihil
936 2816 1123 2885 (Joan.
1169 2828 1207 2880 ι,
1241 2818 1265 2868 1
1301 2814 1501 2886 seqq.).
1546 2812 1722 2870 I80
1750 2814 1885 2868 Nam
1913 2812 1960 2867 si
1989 2815 2105 2869 haec

2224 1925 2330 1993 Qui
2356 1924 2659 1983 crediderit
2682 1927 2740 1980 in
2758 1924 2948 1991 illum,
2969 1940 3085 1981 non
3104 1925 3433 1997 judicatur;
3454 1929 3550 2000 qui
3568 1943 3679 1984 non
3697 1943 3819 1984 cre-

2217 2013 2426 2072 diderit
2447 2016 2511 2069 in
2539 2014 2726 2086 illum,
2736 2016 2863 2086 jam
2882 2013 3183 2085 judicatus
3203 2019 3309 2086 est,
3338 2017 3473 2088 quia
3499 2032 3614 2073 non
3631 2016 3821 2073 credi-

2216 2102 2302 2157 dit
2323 2105 2386 2159 in
2402 2104 2632 2161 nomine
2652 2103 2809 2159 unici
2826 2102 2971 2158 Filii
2989 2103 3108 2158 Dei.
3128 2103 3362 2158 Joannes
3385 2110 3565 2159 autem
3586 2119 3704 2159 cum
3724 2103 3813 2159 in-

2216 2198 2582 2264 terrogaretur
2609 2191 2725 2262 (36)
2744 2190 2874 2263 quid
2903 2190 2952 2228 53
2971 2190 3040 2246 de
3060 2190 3190 2247 Jesu
3211 2191 3583 2265 contingeret:
3616 2195 3808 2262 Pater,

2213 2281 2405 2355 inquit,
2434 2279 2625 2351 diligit
2658 2280 2708 2317 59
2738 2280 2969 2347 Filium,
2994 2283 3051 2336 et
3069 2281 3264 2337 omnia
3294 2280 3533 2337 tradidit
3554 2282 3615 2338 in
3630 2298 3812 2340 manu

2212 2375 2352 2445 ejus.
2379 2370 2673 2441 Quicredit
2691 2369 2741 2407 σο
2760 2372 2823 2426 in
2844 2370 3077 2439 Filium,
3103 2369 3266 2428 habet
3288 2372 3468 2426 vitam
3487 2375 3765 2429 (sternam
3784 2393 3809 2441 ,-

2212 2464 2307 2533 qui
2334 2476 2450 2521 non
2477 2460 2655 2517 credit
2685 2460 2748 2515 in
2773 2459 2996 2515 Filium
3023 2459 3071 2498 δι
3092 2460 3193 2515 Dei
3228 2476 3344 2517 non
3372 2460 3577 2517 videbit
3606 2463 3806 2531 Deum,

2208 2549 2303 2607 sed
2332 2550 2422 2605 ira
2449 2548 2549 2606 Dei
2574 2547 2822 2604 manebit
2852 2562 3022 2621 super
3062 2562 3191 2604 eum
3238 2548 3420 2618 (Joan.
3451 2563 3531 2617 Ill,
3565 2551 3652 2616 35,
3684 2553 3802 2621 36).

2209 2637 2384 2707 Quem
2440 2651 2569 2694 vero
2617 2634 2923 2694 Samaritidi
2979 2636 3256 2693 ostendit?
3305 2638 3360 2693 Si
3407 2637 3652 2693 Messium
3707 2640 3805 2712 qui

2211 2728 2408 2785 dicitur
2443 2726 2709 2797 Christus,
2757 2724 2947 2781 Filium
2989 2726 3173 2798 utique
3213 2724 3363 2783 181
3414 2742 3490 2796 se,
3538 2743 3647 2782 non
3692 2728 3801 2783 Pa-

2212 2825 2346 2874 trem
2385 2814 2784 2882 demonstravit,
2814 2814 2909 2889 qui
2946 2824 2998 2869 et
3027 2815 3155 2870 alibi
3200 2816 3446 2872 Christus
3471 2815 3571 2872 Dei
3608 2815 3797 2883 Filius,

508 2920 614 2961 non
641 2904 795 2960 aliter
823 2902 993 2973 accipi
1018 2902 1163 2972 licet,
1208 2918 1371 2973 quam
1417 2903 1689 2974 quomodo
1719 2902 1919 2975 scripta
1948 2913 2093 2970 sunt,
2128 2932 2170 3011 Β
2210 2923 2319 2964 non
2351 2907 2508 2962 Pater
2537 2905 2716 2961 dictus
2745 2914 2846 2961 est.
2876 2903 3084 2960 Exinde
3129 2904 3445 2976 discipulis:
3482 2903 3660 2963 Meum
3686 2910 3797 2973 est,

508 2992 871 3049 indubitanter
916 2992 1053 3047 alius
1093 2990 1410 3056 ostenditur,
1461 2991 1553 3064 qui
1598 2989 1759 3048 fuerit
1810 3008 1841 3047 a
1895 2994 2092 3064 princi-

506 3082 619 3154 pio,
651 3082 788 3137 alius
812 3082 956 3154 apud
1009 3096 1170 3153 quem
1224 3079 1361 3136 fuit:
1395 3079 1563 3137 alium
1608 3079 1922 3139 Sermonem
1950 3099 2090 3156 esse,

502 3170 664 3229 alium
702 3171 875 3227 Deum
904 3170 954 3208 ⁵ο
980 3170 1123 3238 (licet
1150 3176 1205 3225 et
1250 3168 1399 3227 Deus
1451 3168 1659 3239 Sermo,
1710 3171 1805 3227 sed
1852 3188 1958 3245 qua
1990 3172 2089 3229 Dei

504 3258 692 3326 Filius,
734 3273 842 3318 non
885 3272 995 3331 qua
1049 3258 1265 3328 Pater);
1315 3259 1477 3313 alium
1522 3275 1621 3329 per
1672 3274 1832 3330 quem
1888 3260 2089 3331 omnia,

499 3347 667 3404 alium
694 3364 724 3403 a
753 3362 864 3419 quo
904 3347 1103 3404 omnia.
1162 3345 1345 3402 Alium
1391 3354 1567 3402 autem
1612 3348 1888 3417 quomodo
1933 3349 2090 3407 dica-

499 3452 642 3507 mus,
688 3452 833 3508 satpe
874 3436 989 3505 jam
1035 3434 1337 3505 edidimus;
1383 3449 1489 3505 quo
1513 3434 1677 3492 alium
1724 3437 1965 3496 dicamus
1995 3454 2091 3496 ne-

498 3542 653 3583 cesse
689 3533 791 3595 est,
848 3539 918 3580 ne
972 3523 1265 3596 eumdem;
1312 3522 1478 3581 alium
1533 3532 1735 3595 autem,
1780 3541 1886 3583 non
1932 3528 2091 3600 quasi

499 3621 824 3685 separatum,
854 3611 952 3668 sed
980 3610 1336 3682 dispositione
1366 3613 1412 3650 51
1442 3611 1627 3679 alium,
1659 3628 1768 3670 non
1799 3614 2088 3675 divisione.

500 3700 598 3757 llic
624 3716 753 3772 ergo
784 3703 964 3771 factus
980 3704 1061 3756 est
1080 3715 1232 3766 caro,
1256 3714 1365 3755 non
1403 3699 1521 3771 ipse
1551 3702 1711 3771 cujus
1739 3710 1853 3759 erat
1877 3703 2087 3764 Sermo.

500 3788 674 3859 Hujus
700 3787 883 3858 gloria
930 3788 1049 3843 visa
1098 3790 1183 3843 est
1234 3794 1485 3859 tauquam
1535 3788 1738 3845 unicia
1766 3789 1923 3847 Patre
1952 3792 2090 3865 (35),

501 3891 610 3931 non
638 3884 889 3944 tanquam
921 3873 1110 3930 Patris.
1146 3874 1246 3931 Hic
1274 3892 1414 3931 unus
1457 3877 1508 3914 ⁵2
1553 3877 1732 3934 sinum
1780 3880 1950 3937 Patris
1974 3882 2092 3938 dis-

501 3963 688 4032 seruit,
748 3978 856 4020 non
912 3963 1091 4020 sinum
1145 3979 1307 4020 suum
1361 3965 1537 4022 Pater.
1595 3968 1851 4025 Praecedit
1906 3971 2088 4027 enim:

504 4055 678 4109 Deum
698 4069 861 4112 nemo
887 4052 1031 4109 vidit
1067 4069 1340 4126 unquam.
1374 4055 1524 4112 Idem
1554 4062 1607 4112 et
1635 4057 1684 4095 53
1710 4073 1883 4131 agnus
1909 4060 2005 4117 Dei
2023 4062 2092 4118 ab

500 4141 709 4197 Joanne
763 4141 1094 4213 designatur,
1158 4158 1266 4198 non
1318 4142 1436 4215 ipse
1487 4146 1643 4216 cujus
1698 4157 1779 4204 est
1833 4148 2085 4207 dilectus.

503 4229 661 4286 Certe
706 4229 871 4286 Filius
911 4229 1009 4286 Dei
1056 4246 1294 4300 semper,
1348 4232 1443 4288 sed
1492 4250 1600 4290 non
1643 4235 1760 4307 ipse
1807 4239 1961 4308 cujus
2009 4248 2091 4298 est

2201 2996 2395 3069 inquit,
2428 2999 2499 3052 ut
2523 2995 2738 3066 faciam
2766 2994 3117 3053 voluntatem
3134 2995 3254 3065 ejus
3274 2996 3370 3066 qui
3395 3010 3486 3051 me
3514 2996 3696 3058 misit,
3729 2998 3799 3049 ut

2201 3102 2563 3147 consu-mmen
2593 3102 2729 3157 opus
2777 3085 2919 3155 ejus.
2953 3084 3016 3138 Et
3046 3082 3113 3137 ad
3152 3081 3391 3149 Judaeos,
3423 3084 3491 3138 de
3520 3082 3797 3155 paralytici

2200 3177 2460 3232 sanitate:
2496 3177 2668 3232 Pater
2694 3188 2859 3230 meus
2886 3187 3060 3245 usque
3103 3172 3262 3232 modo
3292 3177 3577 3247 cperatur,
3615 3176 3672 3229 et
3702 3186 3796 3245 ego

2199 3281 2397 3339 operor
2422 3266 2611 3336 (Joan.
2660 3276 2716 3329 γ,
2751 3264 2863 3331 17).
2897 3264 3068 3320 Pater
3093 3267 3148 3320 et
3172 3278 3285 3335 ego,
3312 3261 3479 3318 Filius
3505 3260 3656 3317 dicit.
3684 3261 3793 3315 De-

2200 3354 2386 3425 nique,
2411 3356 2643 3425 prapter
2692 3349 2790 3409 hoc
2837 3353 3014 3423 magis
3043 3349 3232 3407 Judaei
3274 3352 3444 3408 illum
3474 3350 3792 3419 interﬁcere

2198 3438 2476 3506 volebant,
2496 3452 2610 3495 non
2638 3439 2868 3492 tantum
2884 3435 2935 3474 θ²
2958 3436 3101 3509 quod
3112 3436 3349 3493 solveret
3374 3434 3685 3501 sabbatum,
3703 3434 3798 3491 sed

2199 3528 2343 3600 quod
2371 3529 2601 3583 Patrem
2626 3540 2796 3582 suum
2842 3528 3018 3581 Deum
3044 3525 3279 3594 diceret,
3322 3540 3547 3597 wquans
3578 3539 3635 3581 se
3663 3526 3793 3581 Deo.

2198 3617 2346 3672 Tunc
2376 3630 2506 3687 ergo
2544 3614 2755 3671 dicebat
2779 3614 2848 3669 ad
2874 3629 3009 3671 eos:
3042 3614 3200 3672 Nihil
3237 3614 3418 3672 Filius
3469 3617 3663 3685 facere
3703 3629 3801 3686 po-

2201 3710 2310 3764 test
2347 3722 2383 3762 a
2411 3705 2727 3777 semetipso,
2764 3705 2885 3762 nisi
2918 3704 3127 3762 viderit
3154 3704 3207 3744 6³
3233 3705 3464 3761 Patrem
3490 3704 3803 3775 facientem

2201 3794 2361 3865 (Ibid.
2396 3797 2461 3850 19
2492 3795 2691 3866 seqq.).
2735 3794 2866 3863 Quae
2892 3796 3048 3851 enim
3085 3796 3186 3854 ille
3208 3796 3375 3867 facit,
3406 3794 3601 3853 eadem
3627 3797 3683 3851 et
3716 3792 3804 3847 Fi-

2204 3886 2315 3941 lius
2345 3886 2508 3955 facit.
2541 3886 2712 3941 Pater
2740 3886 2895 3942 enim
2921 3886 3112 3958 diligit
3132 3888 3364 3955 Filium,
3394 3890 3452 3944 et
3480 3886 3672 3943 omnia
3701 3882 3805 3941 de-

2200 3977 2541 4033 monstravit
2561 3975 2652 4030 illi
2666 3991 2796 4047 qua:
2812 3976 2915 4034 ille
2939 3979 3080 4048 fecit
3096 3982 3155 4034 et
3174 3978 3395 4049 majora
3411 3976 3538 4032 istis
3557 3974 3606 4013 δίε
3625 3988 3805 4043 opera

2201 4065 2612 4121 demonstravit
2638 4064 2745 4127 illi,
2779 4068 2846 4119 ut
2874 4081 2969 4122 vos
2994 4067 3309 4123 miremini.
3340 4064 3614 4135 Quomodo
3643 4064 3801 4119 enim

2202 4156 2444 4213 suscitat
2471 4158 2720 4213 mortuos
2750 4158 2806 4213 et
2834 4156 3101 4225 viviﬁcat,
3125 4157 3212 4212 ita
3240 4160 3295 4213 et
3317 4156 3493 4211 Filius
3518 4164 3653 4226 quos
3670 4154 3799 4208 vult

2200 4244 2451 4314 vivi/icui
2487 4244 2555 4300 6⁵.
2590 4244 2771 4315 Neque
2815 4246 2970 4301 enim
3019 4246 3187 4301 Pater
3213 4244 3457 4316 judicat,
3495 4242 3589 4300 sed
3634 4259 3807 4299 omne

501 4319 686 4374 Filius.
727 4319 841 4375 Hoc
875 4335 999 4376 eum
1045 4319 1339 4376 Natlianael
1378 4324 1557 4379 statim
1614 4324 1800 4395 sensit,
1856 4327 1994 4385 sicut
2037 4338 2091 4387 et
2125 4322 2172 4401 Β
2191 4333 2481 4407 judicium
2509 4332 2664 4389 dedit
2704 4334 2869 4405 Filio,
2897 4336 2988 4390 uti
3020 4349 3213 4391 omnes
3256 4332 3533 4392 honorent
3564 4332 3805 4397 Filium,

504 4406 630 4463 alibi
683 4408 878 4465 Petrus
923 4424 938 4466 :
1005 4409 1080 4465 Tu
1135 4424 1191 4467 es
1242 4410 1420 4470 Filius
1476 4414 1571 4471 Dei
1631 4414 1815 4484 (Joan.
1856 4432 1913 4485 ι,
1973 4420 2090 4487 50;

2202 4424 2348 4481 sicut
2389 4422 2667 4482 honorant
2708 4423 2956 4482 Patrem.
3002 4422 3106 4491 Qui
3141 4436 3259 4480 non
3307 4421 3546 4481 honorat
3586 4420 3810 4477 Filium

1882 4542 2074 4609 Variae
2116 4551 2431 4615 lectiones.

507 4738 517 4749 _
575 4666 626 4705 44
661 4663 811 4752 Vidit
837 4666 1017 4723 Fran.
1061 4668 1242 4752 Paris.
1277 4671 1395 4752 Dig.
1427 4670 1739 4752 “Credere
1762 4676 1937 4752 Seml.
1978 4679 2029 4718 ἰδ
2058 4681 2308 4752 Invenire
2335 4678 2551 4752 Jun.“
2591 4678 2812 4752 Sempe?
2840 4679 2999 4737 αὒϐεέ
3039 4680 3224 4752 ,δεηῑιο
3263 4679 3313 4717 ’⁸⁸
3340 4679 3401 4735 In
3431 4677 3721 4752 prioribus,
3750 4686 3817 4734 ει

505 4740 892 4817 inposteriora
918 4740 1218 4808 praescribit
1234 4740 1427 4817 utique
1447 4750 1499 4798 et
1538 4743 1594 4798 in
1622 4746 1963 4815 paucioribus
2002 4751 2246 4809 Rhen.“9
2276 4751 2629 4807 Praescribant
2659 4740 2832 4808 Seml.
2874 4751 2923 4790 ⁵ο
2951 4750 3075 4817 Dei,
3110 4752 3277 4806 alium
3297 4740 3589 4806 Dominum
3621 4740 3808 4806 Seml.

506 4810 812 4892 51Necesse
844 4818 933 4892 est
957 4810 1898 4892 non'eumdem‘hautemlnonquasi
1927 4832 2254 4892 separatum,
2289 4821 2643 4891 dispositione
2675 4822 2845 4878 Seml.
2875 4810 3107 4878 Necesse
3135 4830 3218 4878 est
3246 4836 3355 4878 non
3382 4820 3658 4887 eumdem,
3692 4836 3816 4877 non

507 4888 686 4951 autem
713 4880 866 4951 quasi
899 4881 1031 4937 Jun.
1072 4880 1120 4918 ⁵2
1151 4882 1319 4938 Unius
1346 4884 1515 4941 Seml.
1558 4880 1607 4925 ⁵³
1633 4880 1779 4944 lnde‘
1794 4891 1898 4947 etsi
1924 4880 2097 4950 Seml.
2137 4895 2185 4932 5i
2206 4880 2502 4947 Nathahael
2531 4892 2709 4950 Rhea.
2732 4893 2782 4931 ⁵⁵
2810 4892 2963 4948 Dixit
2990 4894 3165 4951 Rhen.
3195 4893 3245 4932 ⁵6

3282 4892 3386 4962 Qui
3426 4892 3613 4949 omitt.
3662 4893 3813 4948 Jun.

510 4948 558 5024 5_"
588 4948 1011 5024 TemploiSeoml.
1035 4952 1085 4989 58
1110 4951 1186 5009 De
1207 4957 1397 5012 omitt.
1434 4958 1689 5015 Ciaccon.
1714 4959 1761 4998 59
1774 4948 1981 5017 Dilexit
2000 4965 2169 5020 Seml.
2200 4964 2250 5002 σο
2278 4948 2721 5024 CrediditSeml.
2744 4964 2791 5005 δι
2819 4948 3067 5023 Credidit
3081 4948 3137 5021 in
3155 4948 3277 5023 tilio
3294 4948 3483 5023 ‘Se-ml.
3507 4964 3557 5003 62
3590 4963 3817 5019 Tamen

514 5021 686 5078 Seml.
717 5020 767 5060 53
794 5020 985 5078 Videat
1012 5025 1184 5081 Seml.
1223 5026 1271 5066 64
1308 5027 1412 5082 lsta
1434 5029 1601 5085 Seml.
1644 5030 1694 5069 6⁵
1721 5030 2025 5089 Viviﬁcabit
2042 5034 2167 5091 alii.

1868 5154 2367 5223 Commentarius.

586 5276 700 5359 (ξι)
733 5277 956 5359 Quanta
979 5279 1360 5359 prtescribant
1392 5280 1512 5359 tibi.
1554 5280 1767 5359 Quanta
1811 5299 1910 5356 pro
1940 5303 2103 5359 quam

511 5349 707 5422 multa,
738 5358 798 5422 ut
826 5357 951 5404 ante
978 5349 1033 5403 in
1060 5350 1430 5422 superioribus
1459 5351 1579 5422 plus
1606 5355 1789 5411 semel.

583 5420 700 5493 (36)
724 5421 1008 5500 Tanquam
1027 5421 1185 5499 unici
1203 5437 1236 5475 α
1260 5420 1882 5501 Ραξτρρξμονογξνᾳῦςάπὸ
1900 5428 2100 5501 πατρὸς.

512 5490 822 5616 ἔοιξξω
845 5490 994 5547 unici
1025 5490 1226 5561 quippe
1264 5490 1492 5551 reddidit
1515 5490 1661 5566 quod
1696 5498 1920 5558 habetur
1944 5490 2102 5560 Jdati.

511 5577 553 5620 I.
584 5577 661 5617 LE
694 5577 788 5619 l’ll.

2284 5288 2419 5365 (36).
2433 5293 2671 5365 Joannes
2690 5297 2885 5349 autem
2904 5309 3034 5349 cum
3054 5294 3527 5365 interrogaretur.
3540 5291 3821 5365 Joannem

2211 5360 2505 5433 BaptiStam
2551 5362 2819 5435 intelligit,
2864 5364 3020 5433 cujus
3066 5372 3192 5421 sunt
3240 5360 3408 5421 verba
3452 5363 3613 5420 etiam
3644 5362 3815 5435 Joan.

2212 5447 2300 5508 tu,
2339 5449 2459 5505 qua:
2488 5434 2805 5508 sequuntur,
2835 5436 3247 5508 Paterrdiligitg
3280 5436 3510 5501 Filium,
3546 5440 3690 5503 etc.;
3730 5434 3825 5492 sic

2211 5503 2798 5581 enim—castigavimus,
2826 5520 2942 5577 pro,
2974 5503 3201 5567 dilexit.
3234 5506 3375 5565 Pu.
