4002 6118
203 225 294 288 205
1021 255 1060 266 ..
1452 211 1644 274 uasa
1690 211 1849 273 Αον.
1889 209 2238 277 PRAXEAM.

3375 235 3488 300 206

194 352 564 412 mhonorat
583 347 951 420 Patrem,qui
964 341 1382 401 Filiummisit.
1401 342 1598 411 Amen,
1617 356 1787 433 amen
1817 352 1868 433 λ
1894 343 1951 397 et
1980 342 2212 433 ipseme
2236 344 2390 414 misi,
2417 345 2513 402 sed
2543 364 2558 403 :
2590 347 2690 408 Ille
2727 351 2909 409 misit.
2947 353 3100 424 Item,
3130 373 3254 416 cum
3297 363 3483 421 misis-

195 445 302 502 diro
327 439 497 504 vobis,
531 436 687 510 quod
716 454 815 510 qui
850 434 1013 492 audit
1055 433 1104 476 δε
1140 446 1424 490 sermones
1451 447 1602 488 meos
1628 429 1696 497 6⁷,
1725 433 1784 488 et
1818 429 1865 433 ’⁷
1891 437 2013 485 sent
2049 430 2118 487 ad
2164 431 2523 492 invadendum
2563 451 2689 494 eum
2738 440 2990 499 Phariszei
3021 463 3035 500 :
3072 447 3339 509 Modicum
3373 454 3481 511 ad-

197 529 364 588 credit
393 531 444 586 ei
476 528 571 600 qui
587 541 689 582 me
714 527 892 589 misit,
926 525 1087 583 habet
1104 525 1283 582 vitam
1306 527 1603 587 (sternam,
1635 525 1690 579 et
1721 521 1786 575 in

201 620 460 690 judicium
478 631 590 671 non
615 617 779 671 venit
807 614 878 681 δε,
913 613 1009 670 sed
1025 615 1237 671 transit
1265 613 1314 651 69
1343 610 1411 670 de
1438 614 1618 669 morte
1633 611 1694 665 in
1711 611 1786 666 vi-

205 715 333 763 tam.
361 711 522 762 Amen
548 705 678 761 dico
704 703 875 768 vobis,
919 702 1066 776 quod
1093 703 1279 759 veniet
1314 700 1472 765 hora,
1502 715 1615 773 qua
1632 714 1784 756 mor-

202 801 282 853 tui
289 797 510 852 amtient
525 808 720 851 vocem
735 792 870 848 Filii
885 794 980 851 Dei
991 813 1010 861 ;
1024 796 1080 850 et
1098 807 1228 850 cum
1240 789 1549 858 audierint,
1567 791 1777 846 vivent.

195 889 333 943 Sicut
352 888 505 942 enim
537 885 717 940 Pater
735 881 897 940 habet
925 884 1102 937 vitam
1131 885 1409 938 wternam
1436 879 1488 918 ⁷ο
1514 895 1550 935 a
1577 881 1780 936 semet-

191 977 386 1047 ipso,ita
399 978 458 1029 et
475 975 544 1027 Fi
552 973 628 1028 lio
641 969 799 1028 dedit
813 973 992 1028 vitam
1007 974 1283 1028 teternam
1296 967 1492 1026 habere
1508 969 1570 1024 in
1587 971 1782 1024 semet-

189 1066 301 1136 ipso,
323 1066 375 1116 et
395 1061 709 1133 judicium
739 1059 893 1116 dedit
923 1060 1014 1116 illi
1040 1063 1226 1130 facere
1255 1059 1320 1112 in
1337 1061 1632 1130 potestate,
1667 1070 1779 1128 qua

184 1152 338 1208 Filius
377 1149 655 1209 hominis
697 1153 781 1206 est
807 1149 957 1219 (37);
991 1162 1085 1218 per
1130 1161 1345 1203 carnem
1386 1144 1608 1210 scilicet,
1639 1145 1779 1200 sicut

175 1249 218 1296 et
250 1239 407 1295 Filius
443 1239 563 1294 Dei
612 1253 716 1308 per
739 1236 989 1308 spiritum
1019 1235 1156 1305 ejus.
1187 1235 1380 1291 Adhuc
1408 1233 1630 1304 adjicit:
1671 1235 1776 1305 Ego

173 1334 338 1385 autem
352 1328 545 1384 habeo
553 1345 660 1400 ,ma
657 1329 753 1399 jus
766 1343 934 1401 qutun
955 1326 1187 1382 Joannis
1200 1323 1771 1391 testimoniundloan.

169 1435 212 1489 ι’,
231 1418 434 1488 36,3Ἶ).
470 1417 668 1490 Opera
690 1416 840 1474 enim
868 1413 1330 1487 qutePater-mihi
1356 1411 1509 1469 dedit
1521 1428 1776 1469 consum-

166 1507 437 1572 mare,illa
453 1507 596 1578 ipsa
617 1505 688 1561 de
699 1522 787 1563 me
799 1504 1190 1562 testimonium
1199 1500 1677 1604 perhibent,quod.
1685 1515 1776 1558 me
1809 1524 1854 1604 Β

166 1599 314 1653 Pater
327 1597 592 1652 miserit.
603 1595 785 1666 thui
799 1609 889 1650 me
899 1595 1054 1650 misit
1068 1594 1379 1664 Pater,ipse
1391 1593 1776 1649 testimonium

164 1688 294 1742 dixit
322 1687 385 1742 de
410 1701 537 1742 me.
576 1683 930 1756 Subjungens
959 1690 1172 1738 autem:
1216 1683 1398 1755 Neque
1425 1696 1613 1740 vocem
1653 1683 1776 1754 ejus

167 1777 383 1832 audistis
411 1782 724 1848 unquam;
745 1789 923 1849 neque
947 1773 1196 1846 formam
1227 1773 1351 1844 ejus
1371 1771 1620 1836 vidistis;
1643 1785 1776 1826 con-

173 1864 341 1919 ﬁrmat
359 1873 507 1920 retro
541 1877 664 1918 non
688 1863 922 1926 Patrem,
945 1860 1041 1916 sed
1067 1859 1265 1915 Filium
1289 1858 1469 1923 fuisse,
1501 1859 1593 1931 qui
1615 1859 1773 1914 vide-

182 1954 327 2007 batur
352 1951 759 2008 etaudiebatur.
786 1949 1027 2022 Denique
1047 1947 1178 2004 dicit
1196 1966 1208 2002 :
1228 1949 1335 2019 Ego
1349 1949 1480 2004 veni
1494 1949 1555 2003 in
1585 1949 1772 2004 Patris

177 2045 287 2096 mei
313 2044 562 2106 nomine,
590 2045 646 2097 et
673 2057 787 2096 non
820 2056 912 2096 me
938 2038 1227 2110 recepistis
1255 2036 1438 2109 (lbid.,
1471 2036 1583 2106 43).
1620 2036 1774 2092 Adeo

166 2146 379 2203 semper
405 2130 578 2185 Filius
617 2137 734 2185 erat
783 2129 835 2184 in
866 2129 963 2184 Dei
994 2136 1050 2183 et
1092 2126 1260 2200 Regis
1289 2136 1338 2182 et
1375 2125 1609 2190 Domini,
1641 2133 1695 2181 et
1723 2127 1770 2165 τι

160 2219 608 2291 Omnipotentis,
647 2224 703 2274 et
734 2215 988 2273 Altissimi
1030 2217 1269 2272 nomine.
1311 2214 1772 2287 Interroganlibus

161 2315 332 2363 autem
371 2307 514 2380 quid
565 2305 740 2362 facere
769 2305 1023 2370 debeant,
1054 2303 1334 2377 respondit
1366 2319 1381 2358 :
1426 2305 1492 2362 Ut
1527 2303 1772 2381 credatis

165 2401 218 2453 in
243 2414 374 2453 eum
406 2412 588 2470 quem
618 2398 763 2452 Deus
783 2396 940 2451 misit
964 2396 1142 2464 (Joan.
1173 2409 1252 2459 vr,
1273 2393 1389 2465 29).
1419 2393 1615 2448 Panem
1645 2409 1774 2466 quo-

167 2501 334 2557 quese
364 2483 633 2547 afﬁrmat,
651 2499 812 2554 quem
833 2483 990 2539 Pater
1019 2484 1301 2552 praestaret
1326 2481 1394 2538 de
1421 2481 1768 2555 otelo(lbid.,

163 2578 271 2644 32).
295 2575 450 2647 Ergo
483 2589 660 2631 omne
687 2571 833 2644 quod
879 2572 930 2628 ei
967 2571 1125 2630 daret
1168 2571 1339 2628 Pater
1365 2570 1439 2627 ad
1474 2587 1533 2629 se
1557 2573 1769 2638 venire,

163 2679 260 2719 nec
289 2665 664 2733 rejecturum
690 2675 769 2728 se,
805 2661 939 2732 quia
975 2659 1042 2717 de
1069 2658 1203 2715 caelo
1231 2657 1623 2723 descendisset,
1655 2676 1773 2717 non

166 2756 224 2807 at
253 2768 442 2817 suam,
474 2749 578 2807 sed
608 2753 680 2804 ut
707 2749 896 2804 Patris
924 2749 1138 2818 faceret
1163 2747 1518 2804 voluntatem
1541 2767 1559 2804 :
1579 2749 1776 2807 volun-

1891 516 1999 576 huc
2027 524 2310 595 temporis,
2341 524 2434 591 ait,
2464 525 2744 586 vobiscum
2779 547 2930 596 sum,
2961 538 3019 589 et
3057 537 3190 594 vado
3233 540 3306 595 ad
3351 559 3481 600 eum

1890 608 1990 703 qui
2014 625 2105 703 me
2135 612 2316 703 misit.
2348 611 2421 669 At
2447 614 2538 670 ubi
2559 631 2620 672 se
2650 628 2810 690 negat
2835 635 2956 678 esse
2986 622 3162 680 solum
3182 625 3212 683 ?
3240 629 3342 686 Sed
3360 647 3476 702 ego,

1888 697 2078 767 inquit,
2108 702 2165 754 et
2185 701 2286 772 qui
2312 717 2403 758 me
2421 705 2582 760 misit
2611 706 2806 776 Pater;
2837 725 3020 768 nonne
3057 711 3194 772 duos
3219 697 3477 775 demotis?

1890 792 2012 851 trat,
2047 794 2150 842 tam
2196 788 2332 846 duos
2384 807 2548 862 quam
2579 793 2958 868 iuseparatos?
2988 800 3098 859 imo
3147 811 3319 863 totum
3365 818 3480 865 erat

1887 873 1989 966 hoc
2014 875 2159 947 quod
2189 876 2438 946 docebat,
2476 881 2814 954 inscparatos
2846 887 2985 945 duos
3020 906 3160 952 esse.
3194 892 3478 966 Siquidem

1885 969 1940 1017 et
1976 962 2148 1036 legem
2181 981 2488 1038 preponens
2517 972 2744 1029 duorum
2790 975 3066 1034 hominum
3113 962 3477 1040 testimonium

1885 1050 2307 1122 conﬁrmantem,
2341 1059 2626 1132 subjungit
2655 1077 2669 1119 :
2704 1065 2816 1135 Ego
2845 1069 3239 1128 testimonium
3268 1071 3392 1130 dico
3409 1074 3479 1130 de

1884 1154 1993 1228 me,
2026 1145 2081 1200 et
2103 1145 2490 1203 testimonium
2511 1149 2651 1208 dicit
2670 1151 2738 1208 de
2762 1170 2872 1221 me,
2893 1158 2990 1228 qui
3000 1175 3089 1216 me
3105 1160 3264 1216 misit
3282 1163 3475 1220 Pater.

1884 1225 2040 1296 Quod
2079 1230 2126 1286 si
2171 1248 2313 1290 unus
2342 1244 2504 1304 esset,
2537 1236 2666 1294 dum
2704 1240 2843 1297 idem
2879 1225 3042 1301 estet
3087 1246 3254 1303 Filius
3285 1259 3342 1305 et
3378 1251 3479 1307 Pa-

1887 1325 1985 1383 ter,
2018 1333 2127 1377 non
2157 1329 2399 1380 uteretur
2427 1324 2566 1399 legis
2605 1330 2903 1398 patrocinio
2933 1331 3097 1389 fidem
3123 1336 3474 1408 imponentis,

1881 1423 1989 1464 non
2029 1409 2189 1466 unius
2232 1412 2558 1482 testimonio,
2611 1417 2704 1474 sed
2749 1420 3000 1480 duorum.
3050 1424 3200 1492 Item,
3237 1425 3475 1484 interro-

1882 1507 2038 1570 gatus
2054 1500 2146 1555 ubi
2164 1509 2310 1558 esset
2335 1503 2512 1574 Pater,
2529 1522 2708 1579 neque
2723 1525 2796 1578 se,
2816 1525 2998 1584 neque
3016 1514 3245 1572 Patrem
3273 1520 3477 1574 notum

1882 1604 1996 1646 esse
2031 1589 2149 1647 illis
2179 1592 2532 1662 respondens,
2561 1594 2702 1652 duos
2746 1597 2886 1653 dixit
2939 1599 3185 1673 ignotos;
3230 1605 3378 1675 quod
3427 1607 3479 1661 si

1881 1678 2075 1750 ipsum
2101 1683 2351 1747 nossent,
2391 1683 2622 1740 Patrem
2650 1691 2903 1756 nossent,
2935 1703 3043 1744 non
3078 1690 3296 1762 quidem
3327 1695 3476 1764 quasi

1881 1765 1998 1839 ipse
2023 1776 2165 1825 esset
2209 1768 2368 1838 Pater
2403 1779 2456 1828 et
2484 1771 2673 1840 Filius,
2704 1775 2798 1831 sed
2831 1776 2960 1846 quia
2997 1792 3093 1848 per
3131 1777 3478 1838 individuita-

1884 1862 1990 1910 tem
2022 1872 2200 1930 neque
2223 1861 2462 1932 agnosci,
2495 1877 2672 1934 neque
2715 1863 2962 1936 ignorari
2993 1865 3128 1922 alter
3157 1868 3277 1925 sine
3311 1870 3482 1926 altero

1883 1954 2080 2018 potest.
2117 1949 2223 2017 Qui
2247 1965 2354 2015 me,
2387 1950 2482 2022 ait,
2512 1952 2692 2021 misit,
2725 1970 2904 2010 verau-
2929 1959 3033 2026 est,
3067 1961 3124 2013 et
3148 1971 3244 2029 ego
3264 1975 3388 2029 qua:
3416 1959 3484 2016 ab

1882 2051 1944 2091 eo
1975 2034 2189 2106 audivi,
2233 2053 2298 2093 ea
2326 2043 2385 2094 et
2429 2042 2627 2112 loquor
2666 2044 2727 2099 in
2765 2043 3068 2100 mundum.
3103 2045 3487 2118 Interpretante

1881 2121 2208 2179 extrinsecus
2235 2125 2528 2197 Scriptura,
2562 2141 2670 2183 non
2727 2129 3048 2200 cognovisse
3084 2130 3210 2188 illos
3245 2135 3388 2206 quod
3415 2134 3486 2188 de

1883 2211 2036 2268 Patre
2074 2212 2318 2279 dixisset,
2367 2230 2492 2271 cum
2540 2217 2749 2272 scilicet
2792 2232 3120 2288 cognoscere
3168 2220 3487 2290 debuissem

1881 2315 2160 2357 sermones
2211 2301 2382 2359 Patris
2423 2304 2476 2359 in
2525 2303 2662 2361 Filio
2700 2321 2840 2374 esse,
2881 2306 3111 2378 legendo
3158 2310 3301 2381 apud
3331 2312 3487 2368 lere—

1880 2389 2132 2461 miam‘(r,
2163 2392 2236 2461 9).
2274 2394 2340 2449 Et
2369 2391 2520 2449 dixit
2538 2393 2685 2450 mihi
2705 2397 2974 2454 Dominus
2997 2417 3015 2453 :
3048 2401 3188 2456 Ecce
3216 2399 3343 2456 dedi
3371 2418 3492 2459 ser-

1879 2495 2069 2536 mones
2094 2494 2248 2537 meos
2277 2482 2341 2536 in
2370 2497 2428 2539 os
2451 2487 2642 2540 tuum.
2674 2483 2740 2539 Et
2767 2485 2912 2556 apud
2942 2485 3138 2542 Isaiam
3171 2489 3232 2560 (I,
3266 2489 3320 2560 4)
3355 2507 3367 2544 :
3392 2491 3490 2549 Do.

1879 2569 2071 2624 minus
2103 2568 2204 2624 dat
2230 2570 2376 2626 mihi
2408 2570 2663 2642 linguam
2693 2572 3016 2646 disciplina:
3044 2577 3118 2632 ad
3157 2593 3495 2648 cognoscen-

1879 2659 2016 2714 dum
2035 2658 2258 2730 quando
2275 2663 2530 2732 oporteat
2547 2661 2731 2719 dicere
2749 2677 3083 2724 sermonem.
3100 2664 3249 2720 Sicut
3264 2666 3381 2737 ipse
3400 2684 3494 2722 rur

1880 2761 2011 2802 sus:
2043 2749 2210 2812 Tunc,
2234 2747 2410 2819 inquit
2435 2750 2660 2817 (Joann.
2689 2765 2790 2817 vn,
2822 2754 2938 2822 28),
2961 2757 3320 2824 cognoscetis,
3348 2756 3490 2827 quod

171 2845 337 2896 tatem
365 2844 579 2896 autem
608 2840 794 2894 Patris
823 2852 957 2902 esse,
981 2839 1074 2892 uti
1101 2838 1198 2909 qui
1224 2835 1430 2894 viderit
1459 2837 1690 2904 Filium,
1713 2843 1771 2896 et
1881 2849 1974 2906 ego
2004 2837 2132 2901 sim,
2156 2839 2211 2893 et
2236 2851 2269 2891 a
2299 2839 2627 2910 memetipso
2657 2840 2805 2896 nihil
2835 2839 3034 2913 loquar
3063 2861 3081 2898 :
3101 2842 3196 2900 sed
3224 2846 3372 2901 sicut
3398 2862 3490 2902 me

173 2929 470 2986 crediderit
519 2931 585 2982 in
614 2943 766 2996 eum,
796 2929 968 2984 vitam
998 2929 1052 2982 et
1081 2927 1554 2983 resurrectionem
1580 2941 1767 2984 conse-
1799 2913 1843 2992 C
1872 2924 2081 2992 docuit,
2105 2928 2190 2982 ita
2219 2929 2276 2984 et
2309 2927 2540 2999 loquor;
2570 2930 2705 3000 quia
2727 2934 2784 2987 et
2810 2932 2908 3002 qui
2933 2948 3024 2989 me
3057 2934 3236 3002 misit,
3267 2953 3487 2994 mecum

173 3023 372 3087 rantur
419 3015 608 3088 (lbid.,
659 3017 796 3084 35);
842 3016 1127 3074 neminem
1169 3030 1336 3087 porro
1383 3015 1455 3071 ad
1490 3032 1548 3074 se
1583 3017 1776 3075 venire

181 3101 328 3160 I82
356 3105 688 3176 posse,nisi
715 3119 877 3175 quem
904 3105 1079 3160 Pater
1096 3103 1334 3162 adducat
1357 3105 1469 3173 (38)
1495 3123 1513 3161 :
1550 3121 1775 3162 omnem

157 3196 254 3266 qui
301 3211 341 3249 α
385 3195 571 3250 Patre
618 3193 870 3250 audisset
915 3197 971 3250 et
1009 3193 1318 3264 didicisset,
1361 3196 1556 3254 venire
1609 3195 1682 3251 ad
1717 3211 1775 3254 se

153 3281 356 3347 (lbid.,
389 3281 507 3348 14).
543 3281 663 3337 Νοη
689 3281 853 3354 quasi
889 3283 1116 3339 Patrem
1143 3282 1352 3355 aliquis
1379 3281 1604 3352 viderit,
1635 3283 1774 3354 adji-

147 3369 308 3426 ciens
338 3378 400 3426 et
430 3370 539 3434 hic,
569 3379 630 3425 ut
657 3369 968 3426 ostenderet
986 3371 1156 3425 Patris
1186 3385 1306 3426 esse
1330 3370 1643 3429 Sermonem
1677 3387 1775 3442 per

147 3475 320 3529 quem
371 3457 524 3514 docti
569 3457 718 3514 ﬁant.
767 3460 842 3514 At
887 3473 1013 3515 cum
1057 3458 1342 3515 discedunt
1387 3460 1454 3514 ab
1503 3475 1569 3516 eo
1617 3461 1770 3517 multi

145 3549 344 3619 (lbid.,
378 3550 571 3616 66),et
596 3547 860 3619 apostolis
879 3547 992 3603 suis
1011 3547 1192 3614 offert,
1217 3549 1262 3604 si
1295 3549 1461 3605 velint
1490 3551 1770 3608 discedere

137 3647 196 3692 et
231 3637 371 3710 ipsi,
418 3637 548 3708 quid
579 3638 854 3709 respondit
892 3637 1078 3695 Simon
1109 3639 1299 3694 Petrus
1319 3639 1348 3695 ‘l
1383 3641 1495 3710 Quo
1524 3640 1766 3698 discedi-

145 3743 283 3783 mus
305 3726 360 3765 τι
381 3721 416 3782 ?
444 3725 608 3782 verba
635 3729 770 3784 vitis
800 3725 982 3793 habes,
1013 3730 1070 3785 et
1095 3743 1196 3786 nos
1223 3727 1502 3786 credimus
1529 3730 1673 3801 quod
1703 3736 1767 3786 tu

155 3817 229 3870 sis
263 3815 563 3874 Christus.
586 3817 798 3874 Patrem
829 3816 983 3876 illum
1013 3831 1153 3884 esse,
1169 3831 1236 3873 an
1256 3817 1423 3874 Patris
1445 3817 1714 3876 Christum
1734 3818 1767 3875 ?

728 3956 955 4017 CAPUT
1014 3958 1197 4015 XXII.

1884 3017 1991 3072 est.
2030 3013 2101 3069 Et
2131 3014 2231 3072 hoc
2275 3015 2343 3069 ad
2373 3016 2733 3072 testimonium
2781 3017 3188 3077 individuorum
3225 3023 3480 3084 duorum.

1881 3103 2037 3170 Item,
2067 3103 2126 3157 in
2178 3102 2528 3160 altercatione
2575 3104 2908 3170 Judteorum,
2953 3110 3288 3178 exprobrans
3339 3116 3486 3185 quod

1881 3193 2130 3250 occidere
2177 3208 2302 3248 eum
2332 3193 2529 3249 vellent
2578 3211 2592 3249 :
2639 3196 2768 3265 Ego,
2807 3193 2976 3251 I83
3021 3195 3194 3267 inquit
3222 3199 3382 3268 (Ibid.
3417 3204 3485 3257 38

1881 3281 2086 3354 seqq.),
2107 3298 2231 3355 qua:
2260 3280 2377 3338 vidi
2401 3297 2573 3354 penes
2603 3284 2831 3340 Patrem
2860 3300 3073 3350 meum,
3107 3285 3379 3360 loquor,et
3396 3306 3488 3346 vos

1881 3371 2022 3444 quod
2058 3369 2281 3429 vidistis
2304 3387 2473 3443 penes
2499 3376 2727 3444 patrem
2754 3376 3027 3442 vestrum,
3064 3373 3122 3429 id
3151 3376 3353 3445 facitis
3382 3397 3400 3432 :
3429 3381 3487 3435 et

1878 3476 2035 3518 nunc
2050 3462 2221 3518 vultis
2246 3459 2493 3517 occidere
2527 3460 2811 3518 hominem
2839 3464 3137 3520 veritatem
3157 3463 3305 3522 vobis
3335 3463 3485 3522 locu-

1881 3555 2024 3620 tum,
2050 3565 2218 3623 quam
2246 3549 2496 3606 audierit
2526 3566 2562 3604 a
2589 3552 2715 3614 Deo,
2745 3557 2798 3606 et
2828 3567 2842 3607 :
2881 3549 2942 3606 Si
2970 3552 3117 3609 Deus
3147 3557 3290 3609 esset
3314 3558 3483 3625 pater

1876 3641 2080 3708 vester,
2111 3635 2455 3694 dilexissetis
2483 3651 2594 3693 me.
2645 3639 2755 3708 Ego
2793 3640 2946 3695 enim
2977 3655 3050 3696 ex
3085 3641 3195 3698 Deo
3233 3643 3387 3699 exivi
3423 3648 3481 3699 et

1875 3728 2005 3783 veni
2056 3726 2131 3797 (et
2187 3733 2364 3782 tamen
2418 3740 2527 3784 non
2585 3735 2909 3797 separantur
2963 3725 3036 3795 ⁷⁵,
3088 3729 3210 3784 licet
3281 3729 3477 3787 exiisse

1874 3813 2088 3880 dixerit,
2135 3821 2198 3871 ut
2260 3814 2483 3886 quidem
2530 3814 2797 3886 arripiunt
2834 3817 2996 3886 hujus
3049 3816 3178 3872 dicti
3232 3819 3474 3875 occasio-

1873 3918 2037 3972 nem;
2078 3902 2241 3959 exivit
2292 3911 2470 3959 autem
2501 3919 2532 3957 a
2569 3903 2746 3967 Patre,
2779 3911 2838 3959 ut
2885 3903 3068 3960 radius
3105 3921 3171 3960 ex
3228 3907 3370 3978 sole,
3417 3902 3476 3965 ut'

1872 3993 2019 4051 rivus
2046 4007 2116 4048 ex
2136 3991 2300 4059 fonte,
2323 3999 2382 4048 ut
2412 3991 2586 4048 frutex
2615 4007 2681 4049 ex
2711 3992 2958 4063 semine).
2992 3995 3101 4066 Ego
3129 3993 3471 4053 daemonium

217 4081 400 4153 Cujus
441 4089 620 4138 autem
665 4081 967 4140 doctrinam
997 4082 1129 4140 dicit
1156 4083 1224 4138 ad
1272 4097 1434 4156 quam
1486 4082 1760 4140 miraban-
1869 4098 1985 4139 non
2014 4080 2202 4147 habeo,
2253 4080 2350 4137 sed
2398 4079 2603 4138 honoro
2641 4083 2870 4138 Patrem
2908 4097 3118 4150 meum,
3151 4089 3204 4139 et
3237 4099 3250 4140 :
3285 4084 3347 4140 Si
3373 4100 3472 4156 ego

154 4173 282 4228 tur?
333 4187 523 4236 suam,
575 4186 646 4228 an
690 4172 912 4228 Patris?
969 4172 1138 4245 Eque
1183 4172 1582 4245 ambigentibus
1626 4173 1762 4229 inter
1867 4187 1959 4228 me
1987 4171 2107 4242 ipse
2134 4169 2466 4240 gloriﬁcem,
2500 4169 2651 4226 nihil
2672 4173 2756 4226 est
2773 4171 3119 4242 gloriamea.
3149 4175 3364 4244 Estqui
3378 4189 3471 4231 me

153 4276 227 4328 se,
266 4276 343 4317 ne
395 4259 518 4332 ipse
563 4269 705 4318 esset
749 4261 1020 4331 Christus,
1060 4260 1248 4334 utique
1295 4276 1404 4316 non
1453 4261 1624 4326 Pater,
1661 4260 1759 4317 sed
1792 4295 1840 4374 Β
1870 4259 2141 4332 gloriﬁcet
2186 4259 2380 4323 Pater,
2429 4272 2594 4329 quem
2630 4275 2726 4316 vos
2765 4259 2960 4315 dicitis
2997 4262 3173 4317 Deum
3201 4276 3317 4318 esse
3343 4275 3466 4319 ves-

155 4348 311 4374 ητις..-
350 4367 367 4374 -
421 4350 598 4374 31-..-.-
626 4365 714 4374 ...-
743 4351 897 4374 --.u:-
951 4349 1124 4374 :....--:s
1153 4351 1307 4374 11--..
1352 4363 1429 4374 ....
1474 4350 1564 4374 om
1612 4351 1761 4374 -..μμ
1874 4353 2023 4374 ι.......
2070 4345 2551 4374 ..ΛΑΜΛοδληδιιθιιι-ιο
2602 4349 2920 4374 ηιηηημμ.;
2941 4363 3060 4374 -.....
3107 4351 3168 4374 ns
3192 4348 3238 4374 ..Δ
3262 4349 3438 4374 .1:-.....

151 4348 313 4406 Filius
349 4367 368 4405 :
407 4350 599 4421 Neque
622 4365 714 4406 me
737 4351 918 4416 scitis,
951 4349 1129 4422 inquit
1151 4351 1332 4419 (Joan.
1352 4363 1449 4416 vn,
1474 4350 1588 4422 28),
1609 4351 1761 4408 unde
1792 4345 1840 4374 "
1872 4353 2045 4416 trum,
2068 4360 2171 4404 nec
2189 4347 2369 4402 nostis
2386 4345 2578 4413 illum,
2599 4349 2662 4401 at
2681 4361 2775 4416 ego
2789 4349 2920 4406 novi
2934 4363 3081 4406 eum.
3098 4351 3168 4404 Et
3187 4348 3238 4404 si
3257 4349 3465 4415 dicam,

149 4442 272 4503 sim,
306 4443 375 4494 et
413 4455 529 4495 non
556 4441 686 4496 veni
735 4455 769 4495 a
809 4441 1045 4511 meipso,
1090 4439 1184 4495 sed
1226 4441 1309 4497 est
1348 4455 1509 4496 verus
1546 4439 1644 4512 qui
1668 4455 1760 4497 me
1869 4439 1988 4495 Non
2004 4435 2152 4501 novi,
2184 4450 2276 4492 ero
2301 4433 2509 4491 similis
2533 4435 2707 4490 vestri
2721 4434 2985 4502 mendam,
3001 4435 3096 4490 sed
3121 4436 3254 4492 novi
3271 4438 3465 4501 illum,

146 4529 323 4592 misit,
366 4543 544 4600 quem
564 4543 656 4584 vos
684 4544 797 4584 non
822 4528 1023 4584 nostis.
1053 4529 1162 4600 Ego
1190 4530 1320 4587 novi
1349 4528 1537 4595 illum,
1568 4529 1666 4602 qui
1692 4529 1758 4585 ab
1868 4529 1924 4583 et
1952 4537 2266 4580 sermonem
2299 4525 2419 4596 ejus
2457 4538 2636 4580 servo.
2669 4521 2751 4576 Ac
2787 4535 2909 4577 cum
2940 4521 3218 4592 subjungit
3245 4538 3260 4579 :
3295 4525 3466 4580 Abra-

147 4615 237 4672 illo
268 4632 420 4672 sum
441 4615 578 4679 7*,et
595 4615 792 4674 illeme
820 4616 1140 4673 misit.Non
1153 4615 1305 4684 dixit,
1325 4619 1457 4690 quia
1474 4617 1592 4690 ipse
1611 4633 1759 4684 sum,
1872 4615 2004 4671 ham
2041 4613 2189 4668 diem
2218 4626 2410 4669 meum
2439 4610 2602 4682 vidit,
2643 4616 2695 4666 et
2724 4609 2952 4668 laetatus
2986 4612 3093 4680 est,
3136 4624 3332 4682 nempe
3373 4610 3465 4665 de-

1510 4737 1702 4804 Varise
1745 4741 2061 4804 lectiones.

199 4845 251 4885 ⁸⁵
277 4843 460 4915 Quod
509 4851 566 4900 et
592 4845 683 4915 qui
713 4845 946 4902 audierit
992 4847 1182 4904 Latin.
1223 4846 1270 4885 67
1313 4845 1458 4902 Ieos
1512 4848 1666 4904 abest
1704 4845 1875 4904 Seml.
1927 4843 1978 4883 6⁸
2022 4837 2772 4915 νθῃίςεὸεηιιιᾲδξτηῃεϋι
2805 4839 2894 4915 at;
2924 4837 3220 4915 venit_cod.
3260 4840 3464 4915 Wouw.

150 4910 188 4985 δ
217 4909 525 4973 ,Ειέηιιω
545 4909 726 4985 {abest
756 4916 928 4975 Rhen.
954 4915 999 4955 ⁷¹
1032 4917 1094 4974 Bt
1127 4918 1281 4975 abest
1311 4916 1478 4975 Seml.
1511 4925 1564 4975 et
1591 4917 1805 4974 Domini
1833 4916 1986 4973 abest
2019 4913 2138 4970 cod.
2169 4913 2372 4985 unw.
2397 4911 2448 4950 ⁷2
2479 4911 2827 4970 Discedemus
2846 4909 3018 4968 Fran.
3047 4909 3099 4950 ⁷³
3125 4910 3298 4984 Atque
3327 4914 3464 4971 Jun.

152 4984 186 5030 7‘
207 4987 365 5059 Quia
390 4983 718 5060 apud’illum
745 5005 865 5046 sum
889 4990 1062 5048 Seml.
1081 4987 1222 5058 Quia
1249 4989 1317 5044 ab
1346 4989 1437 5046 illo
1465 5005 1588 5047 sum
1620 4991 1757 5046 Jun.
1796 4985 1846 5026 75
1867 4988 2192 5058 Separamus
2221 4983 2396 5041 Seml.

1567 5087 2074 5150 Commentarios.

281 5190 1761 5296 ίααίιῖίεέητλίξάεξέἐιὶ,ξιξεῖίξιεηιῑείεῆίίξιςηρααηξξε

163 5266 250 5318 ius
282 5263 555 5321 hominis
592 5267 695 5318 est.
727 5263 862 5335 Fere
888 5277 1078 5335 omnes
1103 5263 1312 5335 codices
1342 5273 1404 5335 et
1439 5263 1762 5335 interpretes

143 5341 476 5416 proponunt
516 5335 671 5405 quia,
709 5332 858 5417 quod
914 5333 1189 5417 intellectu
1235 5332 1596 5416 faciliusest.‘
1625 5334 1762 5390 Nam

143 5416 194 5456 δ.
231 5405 683 5475 Chrysostomus
731 5405 879 5460 illam
923 5419 1033 5461 non
1059 5405 1306 5462 adhibuit
1342 5405 1757 5472 distinctionem,

149 5489 206 5528 eo
233 5476 406 5548 quod
433 5491 504 5532 ea
523 5483 764 5533 uteretur
792 5475 990 5534 Paulus
1017 5477 1284 5534 Samosat.
1316 5477 1394 5534 ιε
1432 5478 1527 5532 Pa.

1939 5187 2063 5269 (88)
2093 5187 2216 5268 Nisi
2252 5202 2418 5268 quem
2443 5187 2612 5269 Pater
2649 5184 2924 5269 adducat.
2943 5187 3163 5269 Septem
3191 5183 3466 5269 hisce-ca-

1872 5255 2074 5330 pitibus
2101 5274 2133 5313 a
2160 5255 2426 5330 vigesimo
2464 5257 2876 5330 monarchianos
2895 5255 3469 5330 impetit,_probatque

1870 5327 1904 5387 ὁ
1929 5330 2207 5401 Scriptura
2224 5327 2429 5401 Filium
2473 5328 2637 5401 alium
2666 5343 2790 5401 esse
2827 5343 2866 5401 ξι
2893 5327 3067 5394 Patre,
3107 5327 3343 5398 ideoque
3367 5327 3471 5384 Pa-

1871 5407 2006 5459 trem
2044 5397 2153 5458 non
2181 5414 2241 5458 se
2271 5397 2436 5456 ﬁlium
2474 5397 2689 5457 fecisse.
2721 5399 2800 5455 Le
2827 5399 2926 5456 Pa.
