4002 6118
504 212 613 276 207

1193 201 1640 264 TERTULLIANI
1677 197 1942 262 OPERUM
1976 197 2148 260 PARS
2182 195 2254 256 Il.
2291 199 2364 239 '—
2400 192 2627 256 SERIES
2664 194 2707 265 Ι,
2748 190 3097 252 POLEMIGA.

3687 178 3798 239 208

509 344 772 398 monstrat
808 334 1006 393 Filium
1049 332 1284 391 Abrahae
1323 336 1469 388 retro
1497 331 1694 396 visum,
1726 344 1832 386 non
1862 330 2094 384 Patrem.
2129 339 2177 419 Α
2207 324 2338 380 lium
2375 322 2444 377 79.
2476 321 2628 378 Adeo
2657 326 2828 378 totum
2870 319 2976 375 hoc
3011 310 3392 388 perseverabat
3418 306 3696 404 inducere,
3738 309 3802 359 ut

503 434 658 498 ltem,
675 443 840 498 super
867 441 1070 484 caecum
1097 423 1252 478 illum
1268 422 1460 478 Patris
1479 436 1650 492 opera
1677 418 1808 474 dicit
1825 435 1881 475 se
1908 419 2097 489 facere

503 523 780 592 oportere.
831 516 928 571 Cui
985 523 1106 585 post
1165 511 1580 568 restitutionem,
1618 507 1879 566 luminum
1921 524 1934 560 :
1996 510 2094 573 Tu,

503 606 676 679 inquit
704 607 886 675 (Joan.
924 617 1005 669 rx,
1038 600 1151 669 35),
1186 597 1364 657 credis
1392 601 1457 652 in
1500 596 1708 652 Filium
1739 595 1881 651 Dei?
1917 602 1972 649 et
2006 594 2097 647 in-

505 692 802 767 terroganti
829 690 950 763 quis
977 695 1125 746 esset
1168 687 1289 752 iste,
1324 686 1442 757 ipse
1469 700 1529 740 se
1557 685 1956 750 demonstrans,
1989 681 2098 737 uti-

505 800 613 857 que
663 781 863 840 Filium
913 775 1323 846 demonstravit,
1371 789 1535 845 quem
1591 770 1921 828 credendum
1975 784 2099 826 esse

504 875 731 930 dixerat.
780 868 1010 934 Dehinc,
1040 865 1296 938 cognosci
1345 880 1406 920 se
1433 862 1716 936 proﬁtetur
1767 878 1799 917 a
1826 862 2010 924 Patre,
2044 867 2098 914 et

504 958 717 1014 Patrem
762 971 795 1010 a
841 970 921 1012 se.
953 953 1022 1009 Et
1067 951 1192 1007 ideo
1238 964 1296 1005 se
1322 947 1473 1020 diligi
1503 964 1534 1003 a
1579 948 1756 1015 Patre,
1803 944 1948 1017 quod
1976 942 2098 999 ani-

505 1063 648 1102 mam
677 1061 829 1102 suam
876 1050 1042 1114 ponat
1082 1059 1094 1094 :
1128 1039 1254 1111 quia
1291 1038 1397 1095 hoc
1438 1045 1768 1107 praeceptum
1801 1031 2100 1104 accepisset

505 1154 545 1199 a.
582 1137 762 1193 Patre.
816 1135 883 1190 Et
925 1132 1288 1202 interrogatus
1345 1143 1377 1180 a
1431 1123 1634 1180 Iudaeis
1671 1123 1719 1178 si
1782 1122 1898 1192 ipse
1951 1130 2101 1176 esset

505 1225 748 1281 Christus
773 1221 872 1291 (uti
908 1235 1012 1293 que
1041 1217 1140 1274 Dei
1185 1215 1257 1283 75,
1299 1230 1424 1270 nam
1479 1228 1652 1286 usque
1687 1212 1745 1266 in
1772 1209 2097 1266 hodiernum

504 1312 677 1368 Judaei
720 1310 989 1366 Christum
1045 1305 1166 1372 Dei,
1215 1319 1329 1360 non
1363 1302 1540 1374 ipsum
1597 1302 1807 1356 Patrem
1861 1305 2098 1369 Sperant,

506 1401 630 1473 quia
684 1412 957 1470 nunquam
1011 1394 1256 1451 Christus
1305 1392 1464 1446 Pater
1515 1388 1746 1460 scriptus
1791 1397 1874 1443 est
1909 1393 2101 1441 ventu-

507 1490 625 1558 rus)
660 1506 674 1544 :
706 1491 938 1558 Loquor,
968 1483 1162 1555 inquit,
1205 1481 1373 1545 vobis,
1402 1481 1459 1535 et
1494 1494 1610 1534 non
1638 1475 1890 1532 creditis.
1926 1476 2102 1546 Opera

2207 412 2313 468 duo
2361 423 2538 466 tamen
2582 409 2926 465 crederentur
2971 405 3028 460 in
3074 417 3179 456 una
3207 400 3434 466 virtute;
3475 394 3603 466 quia
3648 393 3804 450 aliter

2207 501 2375 559 Filius
2405 499 2551 556 credi
2578 513 2689 555 non
2717 504 2917 568 posset,
2947 493 3050 548 nisi
3079 492 3187 546 duo
3215 489 3582 545 crederentur.

2764 636 2984 693 CAPUT
3027 630 3230 690 XXIII.

2278 766 2405 821 Post
2430 763 2549 819 haec
2575 768 2756 817 autem
2784 758 2987 817 Martha
3014 755 3210 812 Filium
3242 750 3341 807 Dei
3369 764 3495 806 eum
3524 743 3802 814 confessa,

2208 869 2323 911 non
2359 854 2530 926 magis
2569 851 2787 915 erravit,
2817 862 2980 921 quam
3009 846 3192 900 Petrus
3220 839 3444 911 (Matth.
3474 853 3594 908 xvr,
3615 837 3716 926 is)
3750 841 3805 888 et

2207 923 2540 1009 Nathanael;
2572 953 2878 1011 quanquam
2904 933 3003 991 etsi
3047 936 3301 998 errasset,
3341 929 3521 983 statim
3574 923 3803 980 didicis-

2209 1042 2308 1091 set.
2366 1033 2505 1088 Ecce
2557 1027 2721 1096 enim,
2777 1025 2844 1080 ad
2888 1021 3257 1079 suscitandum
3317 1017 3544 1072 fratrem
3597 1012 3718 1084 ejus
3771 1027 3805 1066 a

2209 1118 2459 1186 mortuis,
2485 1117 2556 1171 ad
2609 1113 2808 1171 coelum
2853 1118 2909 1167 et
2944 1111 3010 1165 ad
3058 1110 3269 1163 Patrem
3314 1103 3578 1159 Dominus
3626 1097 3806 1186 suspi-

2210 1209 2403 1266 ciens:
2446 1185 2646 1273 Pater,
2677 1200 2850 1272 inquit
2892 1199 3079 1270 (Joan.
3107 1211 3169 1262 tt,
3216 1197 3284 1250 42
3323 1191 3530 1264 [utique
3576 1185 3806 1260 Filiusl),

2207 1299 2423 1370 gratias
2449 1311 2549 1367 ago
2572 1293 2695 1357 tibi,
2728 1289 2868 1363 quod
2895 1303 2985 1345 me
3013 1301 3228 1357 semper
3247 1281 3540 1370 exaudias.
3573 1281 3806 1370 PrOpter

2207 1365 2347 1443 istas
2378 1365 2570 1441 turbas
2590 1381 3028 1436 circumstantes
3059 1374 3185 1429 dixi
3213 1376 3280 1427 ut
3309 1369 3542 1427 credant
3563 1365 3710 1439 quod
3742 1368 3807 1420 tu

2208 1491 2299 1532 me
2325 1472 2544 1529 miseris
2574 1469 2644 1522 8°.
2687 1467 2796 1522 Sed
2837 1472 2892 1521 et
2932 1463 2990 1518 in
3017 1460 3424 1519 conturbatione
3453 1456 3645 1512 anima:
3678 1472 3691 1512 :
3734 1456 3805 1510 Et

507 1595 631 1652 qua:
647 1594 742 1650 ego
771 1575 996 1647 facioin
1024 1573 1255 1630 nomine
1283 1567 1634 1636 Patris,ipsa
1658 1564 1725 1621 de
1743 1579 1833 1618 me
1863 1544 2114 1619 testimo-
2143 1564 2188 1642 Β
2219 1561 2354 1636 quid
2391 1557 2612 1616 dicam?
2660 1556 2854 1623 Pater,
2884 1552 3104 1610 salvum
3147 1565 3236 1605 me
3281 1551 3372 1619 [ac
3401 1546 3467 1603 de
3493 1547 3608 1602 ista
3642 1544 3806 1600 hora.

507 1650 672 1723 nium
701 1667 924 1720 dicunt.
949 1659 1088 1728 Quid
1119 1655 1482 1714 testimonium
1499 1655 1528 1708 ε)
1546 1653 1722 1724 ipsum
1743 1650 1944 1708 scilicet
1961 1667 2106 1718 esse,

508 1756 576 1810 de
604 1768 711 1826 quo
743 1747 1176 1820 interrogabant,
1207 1744 1262 1798 id
1289 1749 1372 1800 est
1407 1741 1678 1797 Christum
1708 1740 1829 1795 Dei.
1875 1742 1954 1797 De
1983 1740 2104 1799 ovi-

507 1845 612 1898 bus
640 1841 800 1897 etiam
828 1837 962 1906 suis,
1010 1835 1155 1907 quod
1200 1847 1362 1888 nemo
1392 1830 1511 1886 illas
1557 1830 1627 1886 de
1651 1844 1811 1884 manu
1855 1830 1975 1900 ejus
2004 1829 2107 1884 eri-

511 1937 665 2002 peret
695 1945 709 1981 :
740 1929 908 1983 Pater
937 1924 1091 1981 enim
1129 1921 1271 1994 quod
1293 1919 1439 1976 mihi
1458 1918 1630 1988 dedit,
1661 1919 1850 1990 majus
1868 1921 1952 1980 est
1980 1934 2105 1976 om-

508 2017 673 2073 nibus
702 2013 750 2052 7"
783 2023 876 2070 et:
909 2015 1018 2084 Ego
1056 2017 1112 2070 et
1158 2012 1330 2066 Pater
1359 2024 1543 2066 unum
1580 2022 1778 2063 sumus
1823 2005 1961 2076 (39).
2011 2004 2108 2059 Hic

509 2121 639 2178 ergo
659 2105 774 2175 jam
811 2101 1040 2173 gradum
1069 2099 1254 2156 volunt
1280 2097 1449 2170 ﬁgere
1478 2097 1647 2165 stulti,
1689 2097 1797 2151 imo
1833 2096 1985 2160 caeci,
2014 2093 2106 2166 qui

512 2210 622 2270 non
656 2193 892 2260 videant,
944 2189 1142 2262 primo,
1186 2189 1296 2258 Ego
1348 2189 1405 2243 et
1461 2187 1648 2250 Pater,
1699 2184 1934 2241 duorum
1989 2196 2112 2238 esse

510 2280 999 2355 signiﬁcationem;
1042 2276 1238 2334 dehinc
1267 2275 1323 2330 in
1361 2273 1680 2339 novissimo,
1734 2288 1953 2338 sumus,
1998 2285 2108 2327 non

508 2385 575 2425 ex
603 2367 762 2423 unius
791 2381 913 2422 esse
959 2376 1214 2435 persona,
1261 2359 1408 2432 quod
1445 2357 1732 2430 pluraliter
1757 2357 1962 2412 dictum
1990 2365 2105 2422 est;

511 2467 627 2514 tum
655 2454 824 2527 quod,
855 2467 1042 2510 unum
1079 2465 1298 2514 sumus,
1328 2462 1463 2515 non,
1495 2465 1522 2498 α
1551 2447 1703 2502 Unus
1733 2460 1942 2500 sumus.
1986 2465 2010 2495 ι»
2051 2441 2108 2501 Si

507 2547 651 2605 enim
698 2543 940 2600 dixisset.
998 2561 1022 2591 ι
1057 2539 1207 2595 Unus
1253 2551 1462 2603 sumus,
1503 2555 1527 2587 υ
1560 2534 1821 2606 potuisset
1855 2534 2110 2603 adjuvare

509 2635 832 2692 sententiam
887 2631 1119 2686 illorum.
1171 2627 1319 2683 Unus
1364 2624 1526 2682 etiam
1571 2621 1860 2694 singularis
1896 2621 2107 2678 numeri

508 2721 832 2798 signiﬁcatio
860 2718 1090 2777 videtur.
1121 2715 1315 2772 Adhuc
1357 2729 1482 2770 cum
1525 2711 1654 2783 duo,
1701 2710 1981 2767 masculini
2009 2726 2106 2782 ge-

509 2814 681 2870 neris.
714 2812 890 2866 Unum
920 2806 1070 2873 dicit,
1101 2802 1330 2860 neutrali
1389 2801 1578 2873 verbo,
1607 2801 1754 2873 quod
1797 2815 1907 2856 non
1946 2801 2110 2872 perti-

515 2912 608 2957 net
645 2899 711 2954 ad
754 2894 1206 2968 singularitatem,
1237 2891 1330 2948 sed
1367 2889 1438 2945 ad
1494 2889 1772 2954 unitatem,
1803 2889 1870 2944 ad
1921 2886 2109 2943 simili-

513 2988 772 3054 tudinem,
803 2984 873 3040 ad
918 2981 1382 3052 coniunctionem,
1413 2977 1482 3032 ad
1529 2975 1872 3032 dilectionem
1916 2973 2107 3042 Patris,
2142 2952 2185 3032 θ
2214 2952 2406 3034 Filium
2456 2974 2513 3030 in
2567 2972 2727 3030 terris
2783 2952 2988 3040 haberi,
3031 2985 3088 3026 se
3118 2982 3245 3024 vero
3295 2964 3349 3020 in
3376 2963 3567 3030 caelis;
3599 2975 3708 3034 quo

511 3079 604 3150 qui
632 3076 829 3132 Filium
874 3072 1085 3144 diligit;
1116 3078 1168 3126 et
1196 3069 1264 3124 ad
1311 3066 1632 3138 obsequium
1669 3065 1810 3135 Filii,
1859 3066 1953 3138 qui
2006 3081 2106 3124 vo-

511 3166 703 3222 luntati
758 3162 928 3219 Patris
981 3157 1318 3231 obsequitur.
1381 3159 1561 3214 Unum
1614 3170 1850 3224 sumus,
1897 3154 2106 3222 dicens,

514 3272 608 3328 ego
639 3259 694 3312 et
723 3255 915 3316 Pater,
945 3247 1182 3305 ostendit
1205 3245 1346 3302 duos
1385 3259 1521 3308 esse,
1553 3257 1692 3314 quos
1733 3250 1908 3314 aequat
1942 3242 2107 3299 l84

513 3351 570 3402 et
611 3340 810 3413 jungit.
841 3337 996 3395 Adeo
1023 3334 1171 3391 addit
1199 3333 1361 3389 etiam
1391 3333 1559 3387 multa
1587 3346 1646 3386 se
1675 3345 1841 3402 opera
1889 3347 1921 3386 a
1958 3333 2110 3390 Patre

513 3431 834 3498 ostendisse,
883 3441 1111 3499 quorum
1166 3421 1299 3478 nihil
1345 3419 1571 3491 lapidari
1615 3427 1871 3476 meretur.
1920 3421 1986 3477 Et
2039 3436 2110 3477 ne

513 3526 762 3592 putarent
815 3515 938 3572 ideo
984 3529 1043 3570 se
1082 3511 1235 3567 illum
1287 3508 1528 3581 lapidare
1583 3509 1801 3577 debere,
1852 3511 2004 3580 quasi
2050 3526 2112 3567 se

514 3609 685 3664 Deum
715 3605 916 3677 ipsum,
962 3600 1019 3658 id
1061 3607 1146 3656 est
1173 3600 1381 3655 Patrem
1407 3595 1664 3656 voluisset
1691 3595 1954 3668 intelligi;
1983 3598 2114 3670 quia

459 3707 464 3712 ‘
515 3696 744 3760 dixerat,
777 3696 890 3763 Ego
911 3694 966 3749 et
999 3689 1169 3746 Pater
1197 3702 1385 3743 unum
1413 3700 1631 3751 sumus,
1662 3699 1769 3756 qua
1796 3686 1992 3742 Filium
2011 3686 2113 3743 Dei

515 3785 688 3840 Deum
725 3779 1038 3844 ostendens,
1066 3791 1174 3832 non
1201 3790 1314 3855 qua
1347 3773 1528 3844 ipsum
1555 3773 1752 3830 Deum.
1784 3775 1845 3830 Si
1871 3777 1935 3830 in
1974 3773 2110 3847 ie’ge,

516 3873 712 3944 inquit,
739 3871 1021 3942 scriptum
1049 3869 1154 3924 est.
1179 3867 1287 3936 Ego
1317 3863 1461 3929 dixi,
1505 3863 1596 3920 Vos
1627 3862 1709 3918 dii
1735 3864 1888 3929 estis,
1919 3869 1973 3922 et
1997 3881 2114 3925 non

514 3964 697 4032 potest
733 3958 874 4017 solvi
893 3957 1215 4026 Scriptura,
1239 3967 1403 4023 quem
1442 3951 1618 4008 Pater
1635 3952 2036 4020 sanctiﬁcavit,
2058 3957 2113 4009 et

515 4050 677 4106 misit
705 4048 769 4101 in
807 4043 1110 4108 mundum,
1160 4056 1253 4096 vos
1291 4055 1424 4097 eum
1470 4037 1858 4110 blasphemare
1900 4040 2113 4110 dicitis,

517 4139 655 4210 quia
681 4136 804 4192 dixi
831 4133 901 4197 78,
923 4131 1103 4189 Filius
1131 4131 1230 4186 Dei
1243 4132 1406 4184 sum?
1425 4128 1484 4184 Si
1514 4143 1631 4184 non
1655 4130 1805 4198 facio
1825 4145 1995 4202 opera
2017 4133 2116 4188 Pa-

520 4227 626 4282 tris
653 4226 786 4293 mei,
819 4220 998 4280 nolite
1022 4217 1265 4284 credere,
1293 4217 1345 4272 si
1373 4231 1499 4274 vero
1529 4218 1699 4287 facio,
1731 4223 1784 4272 et
1811 4218 1956 4274 mihi
1991 4233 2113 4274 cre-

518 4313 646 4371 dere
675 4327 790 4370 non
816 4309 1012 4375 vultis,
1032 4307 1117 4364 vel
1143 4321 1278 4379 prop
1289 4309 1375 4362 ter
1389 4304 1798 4378 cperam-edite.
1822 4307 1891 4362 Et
1919 4309 2116 4364 scitote

519 4401 668 4474 quod
695 4415 792 4473 ego
820 4399 884 4454 in
920 4398 1091 4454 Patre
1117 4397 1248 4463 sim,
1279 4397 1334 4450 et
1381 4393 1553 4449 Pater
1581 4393 1644 4450 in
1672 4411 1782 4451 me.
1815 4394 1917 4451 Per
1951 4410 2119 4467 Opera

2214 1634 2424 1724 Atquin
2454 1651 2678 1720 propter
2707 1643 2805 1701 hoc
2823 1643 2953 1700 veni
3001 1643 3065 1696 in
3084 1640 3260 1696 istam
3307 1637 3529 1693 horam.
3587 1634 3808 1698 Merum,

2215 1719 2401 1805 Pater,
2428 1719 2684 1808 glori/ica
2711 1747 2920 1790 nomen
2941 1734 3111 1785 tuum
3136 1726 3319 1797 (Joan.
3343 1738 3449 1788 xu,
3473 1721 3580 1791 27).
3611 1719 3667 1772 In
3694 1733 3813 1808 quo

2213 1833 2328 1884 erat
2363 1834 2418 1880 et
2445 1825 2495 1896 εξ
2540 1821 2728 1877 Filius.
2763 1822 2894 1891 Ego,
2926 1815 3095 1889 inquit
3122 1816 3309 1886 (Joan.
3341 1827 3395 1878 v,
3428 1807 3722 1896 43),rvenii
3747 1807 3807 1860 in

2213 1916 2406 1971 Patris
2444 1911 2693 1968 nomine.
2733 1908 2864 1962 inde
2893 1904 3100 1961 scilicet
3143 1902 3426 1958 suffecerat
3471 1895 3588 1953 Filii
3615 1895 3682 1949 ad
3711 1895 3809 1949 Pr.-

2213 2011 2349 2060 trern
2404 2015 2528 2058 vox.
2559 1999 2698 2056 Ecce
2749 2012 2816 2052 ex
2867 1991 3194 2049 abundantia
3220 1990 3270 2026 82
3322 1985 3610 2060 reapondet
3652 1983 3703 2022 33
3739 1982 3808 2038 de

2212 2091 2352 2147 caelo
2383 2088 2566 2152 Pater,
2613 2085 2748 2142 Filio
2776 2088 3105 2140 contestatur
3149 2077 3374 2150 (Matth.
3406 2090 3547 2140 xvn,
3578 2073 3632 2143 ὃ)
3666 2089 3679 2126 :
3710 2072 3811 2126 Hic

2214 2184 2296 2238 est
2333 2180 2512 2235 Filius
2539 2191 2696 2234 meus
2734 2173 2991 2237 dilectus,
3023 2173 3086 2226 in
3114 2185 3218 2242 quo
3246 2167 3376 2225 bene
3412 2165 3585 2230 sensi,
3617 2159 3813 2217 audite

2214 2267 2402 2323 illum.
2434 2266 2509 2320 Ita
2535 2272 2591 2320 et
2620 2266 2675 2318 in
2703 2261 2829 2332 isto,
2864 2259 3204 2329 Gloriﬁcavi,
3244 2260 3300 2314 et
3326 2251 3643 2328 glori/icabo
3671 2266 3812 2306 rur-

2217 2373 2315 2413 sus
2342 2356 2412 2421 8‘,
2469 2366 2604 2425 quot
2657 2365 2903 2423 persona:
2962 2348 3058 2404 tibi
3098 2346 3368 2410 videntur,
3402 2339 3815 2415 perversissime

2221 2445 2440 2515 Praxea,
2472 2442 2575 2497 nisi
2621 2447 2756 2514 quot
2783 2445 2841 2494 et
2871 2439 3073 2495 voces?
3103 2434 3270 2491 habes
3296 2432 3493 2488 Filium
3519 2428 3577 2484 in
3622 2428 3814 2493 terris,

2213 2533 2384 2590 habes
2408 2533 2621 2588 Patrem
2666 2528 2724 2584 in
2753 2526 2925 2585 ccelis.
2973 2526 3093 2583 Non
3121 2532 3205 2580 est
3249 2521 3516 2594 separatio
3564 2517 3684 2587 ista,
3713 2515 3842 2600 sed,

2213 2620 2494 2693 dispositio
2549 2617 2749 2675 divina.
2807 2617 3098 2680 Caeterum,
3155 2611 3355 2670 scimus
3427 2609 3598 2665 Deum
3650 2594 3818 2662 etiam

2213 2710 2352 2767 intra
2380 2709 2610 2782 abyssos
2653 2721 2792 2772 esse,
2825 2715 2878 2760 et
2923 2704 3123 2774 ubique
3165 2699 3481 2764 consistere,
3529 2693 3628 2752 sed
3656 2693 3714 2750 vi
3759 2702 3820 2749 et

2213 2805 2496 2871 potestate.
2542 2795 2741 2853 Filium
2777 2807 3018 2866 quoque,
3050 2799 3110 2846 ut
3155 2788 3498 2846 individuum
3539 2799 3662 2843 cum
3689 2782 3818 2854 ipso

2215 2888 2430 2960 ubique.
2488 2886 2692 2941 Tamen
2747 2884 2802 2939 in
2873 2881 2991 2953 ipsa
3045 2877 3377 2943 oeconomia,
3435 2876 3590 2932 Pater
3644 2871 3823 2930 voluit

3761 2959 3818 2997 83

2215 3074 2271 3122 et
2297 3065 2414 3137 ipse
2455 3063 2628 3120 Filius
2679 3060 3002 3133 suspiciens,
3033 3063 3087 3113 et
3133 3055 3321 3115 orabat
3364 3060 3420 3110 et
3445 3049 3822 3124 ,postulabata

2216 3156 2392 3225 Patre,
2440 3168 2549 3226 quo
2590 3159 2645 3210 et
2679 3165 2779 3207 nos
2823 3158 3030 3206 erectos
3093 3145 3323 3203 docebat
3377 3158 3532 3200 orare
3580 3159 3594 3199 :
3644 3142 3817 3197 Pater

2214 3247 2410 3302 noster
2454 3243 2552 3315 qui
2595 3256 2651 3298 es
2679 3241 2745 3295 in
2789 3237 2940 3297 caelis
2970 3234 3200 3308 (Matth.
3252 3248 3332 3298 v1,
3367 3235 3478 3301 t9),
3507 3237 3564 3285 et
3599 3244 3720 3286 cum
3761 3226 3811 3263 ⁸⁵

2217 3334 2286 3388 sit
2323 3339 2378 3389 et
2421 3333 2638 3402 ubique,
2683 3329 2822 3384 hanc
2874 3326 2924 3363 ⁸⁷
2977 3324 3161 3381 sedem
3206 3338 3356 3378 suam
3413 3318 3584 3377 voluit
3619 3321 3818 3384 Pater;

2217 3422 2526 3478 minoravit
2538 3420 2590 3458 33
2614 3417 2653 3474 I
2669 3416 2780 3474 85
2803 3415 3013 3474 Filium
3025 3414 3238 3473 modico
3250 3415 3396 3468 citra
3407 3410 3631 3482 angelos
3643 3406 3794 3476 (Psal
3803 3448 3823 3461 .

2220 3526 2342 3576 vni,
2391 3510 2471 3580 6),
2527 3509 2595 3564 ad
2657 3517 2852 3563 terram
2898 3502 3268 3571 demittendo;
3311 3499 3493 3572 gloria
3532 3501 3723 3553 tamen
3765 3500 3828 3552 et

2223 3599 2429 3657 honore
2470 3598 2850 3654 coronaturus
2904 3593 3094 3658 illum,
3153 3589 3211 3644 in
3265 3589 3434 3645 caelos
3472 3584 3830 3643 resumenda.

2221 3688 2352 3743 Haec
2400 3686 2513 3755 jam
2560 3685 2849 3758 praestabat
2879 3681 2978 3749 illi,
3029 3679 3235 3746 dicens,
3283 3679 3354 3733 Et
3389 3675 3717 3749 gtoriﬁcavi,
3760 3677 3832 3729 et

2221 3775 2559 3850 gloriﬁcabo.
2589 3772 2825 3829 Postulat
2851 3770 3016 3826 Filius
3050 3769 3121 3824 de
3161 3767 3337 3834 terris,
3367 3765 3526 3820 Pater
3558 3761 3839 3846 promittit

2223 3843 2270 3920 5'
2297 3843 2470 3921 ccetis.
2511 3861 2651 3932 Quid
2680 3859 2996 3916 mendacem
3025 3856 3158 3912 facis
3183 3866 3235 3912 et
3286 3855 3498 3910 Patrem
3521 3860 3574 3908 et
3600 3843 3838 3917 Filium,

2223 3955 2268 4008 si
2297 3963 2389 4009 aut
2430 3951 2479 3990 39
2517 3951 2671 4006 Pater
2697 3949 2766 4005 de
2803 3946 2959 4004 caelis
2998 3944 3318 4016 loquebatur
3346 3942 3413 3997 ad
3450 3939 3662 4006 Filium,
3693 3952 3842 3995 cum

2223 4042 2341 4113 ipse
2368 4050 2514 4099 esset
2545 4039 2712 4097 Filius
2739 4036 2885 4110 apud
2914 4042 3086 4094 terras
3110 4051 3126 4102 ;
3157 4041 3250 4089 aut
3301 4031 3470 4088 Filius
3498 4029 3565 4085 ad
3611 4028 3840 4083 Patrem

2224 4129 2559 4202 precabatur,
2616 4144 2738 4185 cum
2801 4126 2931 4197 «ipse
2985 4133 3127 4180 esset
3194 4122 3347 4177 Pater
3415 4119 3557 4191 apud
3608 4118 3771 4173 caelos
3799 4119 3842 4172 ?

2223 4219 2392 4290 Quale
2431 4225 2516 4276 est
2569 4226 2628 4276 ut
2669 4216 2836 4273 Filius
2863 4215 2993 4270 item
3023 4211 3316 4285 postularet
3350 4209 3402 4247 90
3442 4224 3475 4262 ει
3503 4206 3844 4276 semetipso,

2228 4308 2547 4382 postulando
2593 4324 2624 4362 a
2671 4306 2846 4371 Patre,
2887 4303 2932 4358 si
2989 4303 3036 4340 91
3091 4299 3265 4356 Filius
3327 4305 3442 4354 erat
3497 4297 3689 4366 Pater;
3729 4304 3850 4353 aut.

2229 4399 2423 4456 iterum
2479 4398 2636 4452 Pater
2692 4393 2794 4450 sibi
2853 4391 2959 4465 ipsi
3024 4389 3384 4464 promitteret,
3447 4383 3850 4459 promittendo

518 4505 655 4564 ergo
701 4497 822 4562 erat
857 4489 1012 4544 Pater
1057 4484 1115 4539 in
1162 4482 1320 4550 Filio,
1349 4489 1403 4538 et
1432 4480 1603 4537 Filius
1649 4481 1704 4536 in
1733 4482 1930 4553 Patre;
1968 4489 2022 4542 et
2051 4487 2123 4543 ita
2228 4488 2390 4555 Filio,
2421 4485 2466 4542 si
2514 4485 2671 4541 Pater
2698 4483 2857 4540 erat?
2885 4489 2946 4538 ut
2981 4480 3061 4536 sic
3093 4480 3231 4536 duos
3267 4476 3471 4534 divisos
3498 4475 3848 4542 diceremus,

476 4596 618 4656 iper
671 4594 835 4651 opera
867 4573 1232 4662 intelligimus
1279 4587 1447 4628 unum
1493 4585 1614 4626 esse
1669 4571 1884 4629 Patrem
1935 4581 1988 4631 et
2031 4576 2123 4632 Fi-

2228 4575 2500 4652 quomodo
2542 4573 2814 4645 jactitatis,
2865 4569 3199 4628 tolerabilius
3261 4575 3377 4624 erat
3421 4567 3558 4622 duos
3593 4563 3846 4634 divisos,

1904 4709 2096 4777 Variae
2135 4717 2454 4780 lectiones.

588 4845 641 4885 ⁷⁸
671 4845 818 4901 Deus
856 4843 1026 4902 Seml.
1066 4840 1116 4880 ’³⁷
1150 4840 1306 4896 Pater
1332 4839 1476 4896 enim
1504 4838 1797 4910 quiimajor
1850 4847 1934 4898 est
1977 4845 2234 4902 omnibus
2263 4843 2410 4902 dedit
2454 4841 2590 4898 mihi
2622 4841 2768 4908 alii;
2794 4840 2951 4897 Pater
2995 4837 3138 4895 enim
3169 4835 3259 4908 qui
3291 4831 3619 4910 ded_ithrAni_hi,
3651 4836 3851 4910 majOr

518 4925 602 4974 est
627 4932 774 4972 omn.
798 4917 929 4972 Jun.
969 4915 1020 4952 ’λδ
1047 4913 1269 4968 Dixerat
1307 4912 1478 4968 Seml.
1507 4909 1558 4949 79
1587 4909 1652 4966 Et

653 4912 1478 4998 imp.[ungjanDixeratthmL
1507 4901 1668 4998 7'18:
1678 4901 1896 4998 Filium.
1927 4901 2082 4974 abest
2112 4919 2284 4998 Seml.
2314 4915 2501 4998 9°_Sed
2533 4901 2824 4998 addnELant.
2847 4912 2900 4998 εξ
2925 4910 2992 4998 Et
3030 4901 3425 4998 onti‘tft.n8enil.
3446 4901 3497 4940 ⁸²
3527 4907 3612 4961 Ex
3648 4901 3849 4998 abun.-

516 4988 667 5042 danti
700 4988 888 5042 Latin.
923 4984 974 5023 83
1016 4983 1310 5054 Respondit
1333 4981 1507 5054 (Fr-an.
1540 4981 1589 5018 δ’·
1625 4980 1971 5054 Glorih‘cabo,
2001 5003 2191 5046 rursus
2240 4989 2408 5047 Seml.
2454 4987 2639 5044 Venet.
2668 4983 2720 5022 ⁸⁵

2750 4982 2904 5051 Quod
2937 4982 3107 5040 Seml.
3139 4980 3189 5018 3°
3225 4978 3397 5051 Coelis
3429 4992 3602 5036 :cum
3643 4979 3847 5051 Seml.

517 5057 565 5096 ⁸⁷
595 5057 815 5128 Utique,
846 5059 983 5112 hanc
1011 5049 1139 5112 alii:
1167 5054 1218 5092 ⁸⁸
1248 5053 1446 5110 Voluit.
1479 5053 1636 5108 Pater
1663 5049 2149 5118 minoravit'Seml.
2180 5059 2232 5100 ⁸9
2268 5063 2466 5117 Autern
2497 5057 2668 5116 Seml.
2699 5055 2750 5094 9°
2778 5049 3027 5112 'Postulet
3054 5051 3226 5110 Seml.
3257 5049 3305 5088 91
3345 5049 3400 5107 Si
3431 5052 3617 5111 omitt.
3647 5050 3846 5108 Seml.

1928 5179 2428 5250 Commentarius.

553 5318 704 5392 --(39)
741 5318 849 5391 Ego
875 5313 1141 5394 et_Pater
1176 5326 1360 5369 unum
1380 5326 1596 5394 sumus.
1632 5311 1968 5394 Haec-eadem
1995 5328 2122 5394 ver:-
2230 5315 2428 5387 chiani,
2461 5314 2704 5394 qui__i_nde
2742 5313 2937 5394 factum
2977 5311 3231 5394 putabant
3257 5318 3320 5366 ut
3357 5317 3629 5394 constaret
3653 5309 3850 5367 alium

518 5381 607 5446 ba'
640 5381 763 5463 quae
785 5381 899 5463 ἐξ-
928 5386 1103 5442 Joan..
1150 5398 1224 5463 χε
1268 5384 1582 5463 assumpsit,
1623 5382 1858 5463 _retul_i_t_
1883 5400 2001 5455 cap.
2053 5388 2123 5440 20
2230 5403 2341 5444 non
2357 5381 2498 5463 esse
2529 5386 2726 5443 Filium
2768 5401 2801 5441 a
2844 5381 3035 5451 Patre;
3067 5397 3189 5463 cum
3216 5390 3394 5463 tamen
3426 5381 3684 5440 unitatem
3725 5397 3850 5439 es-

516 5454 787 5534 supei-ius.
840 5457 938 5516 Illa
964 5465 1147 5514 autem
1193 5454 1586 5526 detorquebant
1623 5454 1860 5514 haeretici
1905 5454 2123 5514 monar-

2229 5457 2419 5519 sentin
2446 5458 2646 5525 dicant,
2677 5470 2785 5514 non
2815 5467 3082 5527 personae.
3112 5455 3191 5512 LE
3218 5454 3313 5510 Pu.
