4002 6118
228 283 323 346 209

228 428 383 487 quam
424 424 601 466 unum
649 409 828 463 Deum
884 406 1226 480 versipellem
1270 407 1590 482 praedicare.
1637 409 1821 481 Itaque

231 506 294 560 ad
308 504 447 558 istos
462 511 578 556 tunc
596 499 651 540 ³2
665 499 934 554 Dominus
947 499 1322 569 pronuntiavit
1343 500 1526 569 (Joan‘.
1547 513 1673 567 xui,
1691 501 1784 567 30)
1806 516 1819 553 :

237 598 354 652 Non
381 595 599 665 propter
617 603 712 644 me
745 589 862 645 ista
889 605 996 645 v0.1:
1022 589 1199 654 venit,
1229 589 1322 646 sed
1347 593 1579 661 propter
1604 604 1731 657 vos;
1760 592 1826 642 ut

234 684 458 739 credant
482 679 557 742 hi,
577 687 638 733 et
664 679 888 733 Patrem
917 687 971 733 et
985 675 1199 746 Filium,
1232 678 1284 731 in
1307 676 1422 732 suis
1443 691 1709 749 quemque
1727 691 1826 732 no-

233 771 470 828 nauibus,
501 779 559 823 et
596 765 878 838 personis,
908 776 962 819 et
1008 763 1160 820 locis.
1190 765 1300 821 Sed
1346 766 1522 821 adhuc
1563 755 1828 823 exclamat

226 863 376 917 Iesus
400 866 454 913 et
479 856 624 912 dicit
654 874 670 911 :
706 857 814 925 Qui
843 857 1022 913 credit
1045 858 1109 912 in
1128 872 1234 920 me,
1266 872 1383 912 non
1408 857 1472 913 in
1501 871 1590 913 me
1626 857 1822 926 credit,

221 952 307 1008 sed
331 954 390 1006 in
421 966 562 1006 eum
595 948 785 1004 credit
809 948 910 1020 qui
937 961 1028 1002 me
1056 948 1220 1002 misit
1239 946 1388 1016 (quia
1421 962 1518 1017 per
1548 946 1741 1000 Filium
1769 947 1824 1000 in

216 1042 411 1096 Patrem
441 1038 702 1093 creditur
728 1079 742 1101 ,
775 1045 830 1092 et
860 1036 1155 1091 auctoritas
1182 1036 1438 1092 credendi
1484 1035 1639 1100 Filio,
1670 1038 1826 1091 Pater

209 1130 329 1194 est);
347 1133 401 1186 et
430 1129 537 1200 qui
549 1124 1303 1199 conspicitme”,conspicit
1322 1140 1450 1182 eum
1477 1126 1574 1197 qui
1595 1141 1687 1180 me
1714 1125 1824 1180 mi-

203 1222 292 1275 sit.
330 1214 682 1286 Quomodo?
719 1217 989 1285 Quoniam
1040 1215 1258 1273 scilicet
1290 1232 1325 1271 a
1354 1216 1679 1287 memetipso
1709 1231 1824 1272 non

205 1325 320 1362 sum
338 1309 579 1363 locutu—3
591 1323 617 1376 ;
635 1305 734 1362 sed
757 1306 849 1378 qui
866 1319 956 1360 me
972 1305 1130 1359 misit
1153 1306 1336 1370 Pater,
1358 1305 1474 1375 ipse
1493 1305 1638 1360 mihi
1655 1321 1823 1360 man-

203 1396 394 1452 datum
424 1395 602 1452 dedit
637 1392 776 1466 quid
814 1393 1001 1449 dicam
1040 1395 1097 1448 et
1136 1392 1270 1464 quid
1303 1393 1516 1464 loquar,
1548 1393 1822 1449 Dominus

200 1486 338 1541 enim
376 1485 482 1539 dat
524 1483 687 1538 mihi
731 1483 984 1551 linguam
1024 1480 1355 1554 disciplinae.
1385 1481 1458 1536 ad
1485 1496 1818 1552 cognoscen-

200 1574 328 1629 dam
358 1571 603 1645 quando
647 1573 906 1642 oporteat
934 1569 1119 1626 dicere
1171 1584 1482 1626 sermonem
1513 1584 1675 1642 quem
1715 1586 1809 1641 ego

203 1665 393 1734 loquor
425 1663 571 1732 (ιω.
609 1675 694 1723 1v,
745 1661 820 1728 4).
855 1659 1015 1714 Sicut
1056 1657 1200 1714 mihi
1227 1659 1398 1714 Pater
1424 1658 1595 1723 dixit,
1630 1660 1716 1714 ita
1753 1661 1811 1716 et

206 1752 399 1824 loquor
441 1753 643 1817 (Joan.
697 1762 804 1814 xu,
852 1749 964 1814 50).
1009 1746 1136 1801 Haec
1179 1745 1458 1818 quomodo
1505 1745 1646 1802 dicta
1683 1746 1812 1814 sint,

211 1839 622 1911 Evangeli-zator
707 1844 765 1892 et
835 1835 1024 1906 utique
1096 1843 1204 1890 tam
1269 1835 1446 1892 clarus
1518 1834 1816 1903 discipulus

219 1930 461 1984 Joannes
508 1927 694 1996 magis,
730 1941 891 1999 quam
942 1925 1193 1991 Praxeas,
1227 1932 1448 1980 noverat
1475 1923 1546 1994 94,
1579 1923 1816 1994 ideoque

216 2018 335 2087 ipse
360 2018 434 2071 de
459 2032 562 2072 suo
593 2031 758 2070 sensu
788 2031 802 2068 :
835 2015 978 2071 Ante
1007 2017 1205 2069 autem
1233 2013 1653 2070 solemnitatem
1681 2014 1814 2068 Pas-

203 2107 323 2161 cha
364 2106 499 2172 ($0).
534 2104 720 2175 inquit
747 2105 931 2171 (Joan.
963 2116 1090 2166 xm,
1127 2103 1200 2170 1),
1234 2102 1415 2158 sciens
1438 2100 1594 2158 Iesus
1622 2103 1814 2156 omnia

197 2195 304 2249 sibi
322 2195 551 2249 tradita
593 2209 629 2248 a
649 2195 826 2250 Patre
853 2207 986 2256 esse,
1019 2196 1072 2248 et
1101 2205 1158 2249 se
1185 2206 1256 2247 ex
1277 2193 1384 2246 Deo
1415 2192 1622 2248 exiisse
1646 2190 1717 2255 95,
1741 2191 1814 2246 ad

201 2287 369 2340 Deum
417 2283 658 2338 vadere.
703 2281 807 2337 Sed
856 2281 1090 2335 Praxeas
1128 2278 1302 2349 ipsum
1342 2279 1458 2335 vult
1497 2279 1703 2334 Patrem
1744 2281 1812 2336 de

203 2372 496 2441 semetipso
562 2369 789 2438 exiisse,
857 2378 911 2424 et
956 2369 1022 2422 ad
1082 2367 1433 2439 semetipsum
1501 2369 1719 2431 abiisse,
1752 2374 1812 2422 ut

206 2461 451 2516 diabolus
513 2460 578 2513 in
629 2473 728 2514 cor
769 2460 945 2522 Judae,
997 2471 1105 2512 non
1149 2455 1264 2512 Filii
1311 2456 1668 2524 traditionem,
1710 2455 1810 2511 sed

200 2550 361 2604 Patris
408 2548 601 2621 ipsius
629 2547 942 2603 immiserit.
972 2548 1080 2601 Nec
1136 2545 1352 2601 diabolo
1379 2545 1534 2607 bene,
1567 2561 1667 2601 nec
1691 2546 1810 2600 hae-

195 2638 392 2705 mtico;
427 2637 572 2706 quia
627 2653 730 2692 nec
756 2636 812 2690 in
859 2635 994 2691 Filio
1023 2637 1167 2692 bono
1197 2649 1295 2690 suo
1340 2634 1584 2690 diabolus
1612 2649 1810 2701 Opera-

199 2734 281 2779 tns
306 2735 389 2781 est
439 2725 830 2781 traditionem.
884 2723 1051 2780 Filius
1097 2724 1243 2780 enim
1290 2723 1520 2778 traditus
1559 2733 1643 2780 est
1686 2723 1805 2792 Dei,

1476 278 1674 342 LIBER
1708 278 1865 342 ADV.
1903 278 2248 345 PRAXKAM.

3416 282 3528 349 210

1853 420 1901 500 Α
1931 411 2112 468 nimus
2153 413 2266 483 jam
2313 411 2378 469 ad
2409 411 2731 484 Philippum,
2764 411 2855 485 qui
2885 427 2985 485 spe
3014 413 3273 471 excitatus
3300 415 3522 474 videndi

1935 502 2126 573 Patris,
2157 517 2260 560 nec
2285 502 2590 576 intelligens
2605 501 2878 575 quomodo
2904 503 3077 558 visum
3107 506 3318 562 Patrem
3337 509 3524 564 audis-

1932 597 2015 646 set
2035 609 2048 644 :
2077 591 2525 664 Ostende,inquit,
2541 593 2696 649 nobis
2707 594 3020 658 Patrem,et
3033 596 3251 665 sufﬁcit
3263 597 3439 654 nobis.
3458 600 3523 655 Et

1932 678 2198 736 Dominus
2223 699 2235 735 :
2259 683 2708 754 Philippe,tanto
2731 687 2980 754 tempore
2998 685 3281 743 vobiscum
3301 703 3450 754 sum,
3464 695 3520 745 et

1933 786 2048 827 non
2077 773 2406 842 cognovistis
2443 774 2572 826 me?
2598 769 2770 839 Quem
2799 771 2927 827 dicit
2951 772 3383 842 cognosciabillis
3417 777 3522 831 de-

1933 860 2118 918 buisse
2134 863 2260 931 (hoc
2273 859 2414 916 enim
2436 860 2614 915 solum
2631 858 2827 915 discuti
2845 863 3101 932 oportet),
3117 863 3267 934 quasi
3288 863 3519 932 Patrem,

1933 967 2002 1006 an
2037 950 2193 1022 quasi
2232 948 2462 1005 Filium?
2507 949 2560 1004 Si
2590 949 2747 1021 quasi
2777 949 3004 1019 Patrem,
3039 951 3231 1007 doceat
3268 953 3518 1023 Praxeas,

1932 1050 2078 1097 tanto
2107 1047 2353 1110 tempore
2400 1039 2668 1095 Christum
2717 1053 2840 1095 cum
2868 1038 2949 1094 eis
2980 1049 3378 1111 conversatum,
3421 1045 3520 1100 Pa-

1932 1139 2070 1186 trem
2111 1128 2416 1200 aliquando,
2450 1141 2560 1182 non
2596 1126 2719 1184 dico
2748 1127 3002 1201 intelligi,
3038 1145 3228 1184 verum
3278 1132 3359 1188 vel
3407 1148 3516 1187 ms-

1933 1220 2108 1277 timari
2158 1218 2416 1290 potuisse.
2446 1216 2618 1272 Nobis
2664 1230 2857 1272 omnes
2899 1216 3214 1287 Scripturae,
3271 1228 3326 1276 et
3362 1229 3514 1279 vete-

1931 1323 2016 1364 res
2052 1309 2168 1377 (41)
2197 1307 2467 1362 Christum
2495 1305 2616 1369 Dei,
2673 1309 2730 1358 et
2765 1316 2922 1358 n0vaa
2969 1304 3165 1360 Filium
3203 1305 3301 1361 Dei
3337 1307 3519 1378 praeﬁ-

1929 1397 2088 1452 niunt
2131 1396 2267 1467 (42).
2315 1396 2429 1450 Hoc
2465 1400 2520 1448 et
2561 1399 2706 1448 retro
2744 1391 3160 1464 praedicabatur,
3209 1393 3312 1449 hoc
3355 1406 3411 1450 et
3447 1397 3515 1450 ab

1929 1487 2051 1560 ipso
2105 1485 2318 1542 Christo
2365 1481 2839 1556 pronuntiabatur;
2886 1480 2996 1537 imo
3031 1481 3143 1551 jam
3191 1490 3246 1538 et
3282 1483 3350 1537 ab
3395 1483 3516 1554 ipso

1917 1578 2072 1634 Patre
2123 1587 2306 1630 coram
2350 1570 2420 1625 de
2467 1568 2620 1624 caelis
2650 1566 2847 1622 Filium
2887 1566 3188 1638 proﬁtente,
3231 1576 3286 1624 et
3320 1569 3514 1627 Filium

1922 1666 2260 1744 gloriﬁcante
2284 1679 2297 1716 :
2330 1663 2428 1717 Hic
2458 1664 2539 1717 est
2565 1658 2753 1716 Filius
2781 1673 2980 1725 meus;
3001 1666 3091 1712 et:
3121 1658 3440 1728 Gloriﬁcavi
3459 1667 3516 1718 et

1919 1755 2261 1831 gloriﬁcabo.
2306 1751 2422 1806 Hoc
2469 1756 2524 1805 et
2551 1762 2584 1802 a
2628 1745 2903 1818 discipulis
2957 1745 3297 1814 credebatur,
3328 1747 3432 1804 hoc
3460 1755 3518 1804 et

1919 1862 1954 1903 a
1991 1843 2192 1900 Iudaeis
2234 1856 2342 1898 non
2384 1837 2726 1904 credebatur,
2777 1835 2880 1891 hoc
2926 1849 2986 1890 se
3036 1834 3224 1891 volens
3261 1836 3404 1892 credi
3446 1838 3516 1893 ab

1919 1933 2039 2000 illis,
2069 1931 2217 1989 omni
2260 1932 2390 1985 hora
2417 1927 2627 1982 Patrem
2673 1924 3006 1990 nominabat,
3039 1931 3096 1980 et
3123 1924 3335 1982 Patrem
3365 1942 3516 1997 prae-

1919 2022 2146 2089 ferebat,
2175 2026 2228 2076 et
2276 2019 2481 2074 Patrem
2511 2015 2826 2071 honorabat.
2878 2013 2935 2069 Si
2977 2011 3056 2068 ita
3103 2023 3204 2080 est,
3237 2029 3368 2086 ergo
3405 2030 3512 2071 non

1920 2111 2134 2166 Patrem
2161 2114 2306 2164 tanto
2339 2114 2585 2176 tempore
2615 2117 2798 2158 secum
2829 2109 3206 2158 conversatum
3236 2102 3516 2176 ignorave-

1917 2208 2057 2268 rant,
2087 2200 2183 2254 sed
2211 2195 2424 2253 Filium.
2457 2195 2522 2250 Et
2551 2192 2812 2248 Dominus
2857 2207 2979 2247 eum
3010 2207 3069 2246 se
3098 2192 3368 2264 ignoranti
3408 2210 3509 2250 ex-

1919 2290 2198 2361 probrans,
2233 2301 2395 2358 quem
2443 2284 2844 2356 ignoraverant,
2875 2297 3002 2338 eum
3058 2282 3245 2354 utique
3284 2286 3511 2354 agnosci

1917 2377 2146 2442 volebat,
2177 2390 2340 2448 quem
2387 2380 2536 2427 tanto
2581 2380 2827 2440 tempore
2874 2384 2984 2426 non
3041 2370 3260 2441 agnosci
3305 2387 3511 2442 expro-

1916 2465 2186 2528 braverat,
2217 2463 2269 2517 id
2311 2471 2395 2517 est
2421 2460 2636 2518 Filium.
2670 2460 2740 2514 Et
2783 2473 3042 2528 apparere
3069 2459 3181 2527 jam
3213 2466 3337 2530 post
3363 2475 3512 2532 quo-

1917 2555 2078 2610 modo
2121 2553 2323 2608 dictum
2372 2551 2457 2612 sit,
2495 2550 2600 2619 Qui
2625 2564 2717 2605 me
2752 2548 2921 2614 videt,
2957 2548 3108 2604 videt
3137 2547 3161 2586 3
3189 2552 3246 2605 et
3276 2551 3511 2606 Patrem

1918 2645 2102 2712 (Joan.
2136 2657 2254 2704 xvn,
2285 2640 2363 2711 9).
2397 2637 2611 2695 Scilicet
2652 2651 2761 2709 quo
2793 2643 2849 2691 et
2876 2651 3039 2706 supra
3072 2652 3086 2690 :
3120 2638 3227 2707 Ego
3256 2641 3314 2691 et
3343 2639 3515 2694 Pater

1914 2747 2096 2787 unum
2125 2745 2318 2785 sumus
2360 2729 2542 2788 (Joan.
2575 2740 2696 2795 xw,
2729 2727 2841 2793 28).
2875 2722 3096 2792 Quare?
3125 2723 3271 2795 quia,
3306 2723 3413 2796 Ego
3443 2741 3515 2782 ea:

200 2814 286 2883 qni
311 2823 432 2869 erat
480 2817 544 2869 in
579 2814 693 2870 ﬁlio
724 2813 978 2881 hominis,
1009 2813 1145 2869 sicut
1172 2813 1451 2885 Scriptura
1479 2812 1758 2884 subiungit
1794 2829 1808 2866 :
1842 2801 1887 2880 Β
1915 2821 2022 2876 Deo
2042 2820 2192 2876 exivi
2207 2821 2264 2874 et
2289 2818 2528 2883 veni;et,
2548 2818 2790 2886 Egosum
2808 2811 3109 2882 via-;I87
3135 2830 3299 2871 nemo
3313 2814 3387 2868 ad
3400 2815 3514 2869 ρα-

208 2905 354 2959 Nunc
383 2905 754 2974 gloriﬁcatus
766 2908 852 2960 est
874 2905 1050 2959 Filius
1065 2904 1327 2966 hominis,
1353 2907 1406 2959 et
1425 2904 1564 2959 Deus
1597 2904 1811 2972 glorifi-

216 2999 360 3050 catus
377 2998 472 3049 est
502 2995 574 3048 in
591 2993 711 3047 illo.
731 2989 869 3059 Quid
896 2990 935 3046 I
950 2989 1064 3047 86
1083 2992 1230 3046 Deus
1245 2993 1272 3045 ε)
1289 2991 1473 3060 utique
1493 3005 1603 3046 non
1633 2991 1810 3058 Pater,

220 3081 298 3134 sed
325 3083 539 3137 Sermo
561 3079 751 3146 Patris,
781 3080 874 3152 qui
905 3087 1020 3134 erat
1049 3079 1101 3133 in
1133 3077 1244 3135 ﬁlio
1274 3078 1532 3144 hominis,
1571 3078 1626 3132 id
1653 3088 1736 3134 est
1761 3079 1816 3133 in

207 3183 388 3231 carne,
421 3169 478 3222 in
501 3183 613 3238 qua
641 3177 691 3224 et
720 3166 1052 3238 gloriﬁcatus
1077 3168 1216 3237 jam;
1248 3167 1444 3222 virtute
1473 3181 1603 3222 vero
1633 3177 1687 3223 et
1707 3183 1816 3222 ser-

205 3274 386 3314 mone.
423 3266 481 3314 et
507 3265 633 3313 antn
651 3258 836 3312 Jcsum
855 3257 906 3295 95
937 3275 950 3310 :
983 3261 1052 3313 Et
1069 3261 1230 3321 Deus,
1261 3255 1454 3328 inquit,
1483 3257 1816 3330 gloriﬁcavit

194 3346 248 3386 97
282 3349 458 3403 illam
495 3351 560 3402 in
589 3350 906 3418 semetipso,
936 3345 988 3401 id
1019 3355 1122 3413 est,
1154 3345 1308 3401 Pater
1335 3345 1527 3401 Filium
1556 3346 1608 3385 98
1650 3347 1706 3401 in
1729 3361 1820 3402 se-

200 3435 443 3506 metipso
499 3436 725 3499 habens,
782 3435 884 3491 etsi
941 3443 1243 3507 porrectum
1287 3435 1354 3489 ad
1411 3442 1633 3503 terram,
1693 3451 1816 3492 mox

197 3539 303 3596 per
367 3524 829 3580 resurrectionem
893 3522 1216 3594 gloriﬁcavit
1265 3523 1336 3590 99,
1369 3535 1540 3581 morte
1580 3524 1813 3581 devicta-

784 3612 1002 3670 CAPUT
1028 3612 1234 3668 XXIV.

281 3702 456 3757 Erant
523 3703 541 3739 ι
600 3701 762 3771 plane
816 3701 907 3772 qui
962 3708 1017 3757 et
1081 3710 1208 3757 tunc
1260 3715 1368 3756 non
1431 3701 1810 3773 intelligerent.

200 3790 484 3859 Quoniam
523 3796 578 3843 et
623 3788 860 3844 Thomas
907 3788 1223 3861 aliquandiu
1282 3789 1595 3845 incredulus
1647 3808 1660 3848 :
1715 3793 1841 3847 00--

203 3882 367 3936 mine
399 3878 566 3944 enim,
600 3877 771 3950 inquit
798 3879 982 3949 (Joan.
1011 3894 1133 3946 xw,
1162 3882 1196 3935 5
1233 3879 1436 3950 seqq.),
1464 3897 1578 3936 non
1608 3883 1816 3937 scimus

197 3985 312 4039 quo
354 3984 474 4034 eas,
508 3972 567 4023 et
595 3967 866 4039 quomodo
894 3969 1045 4022 viam
1073 3967 1372 4024 novimus?
1400 3968 1465 4022 Et
1491 3967 1651 4025 Jesus
1671 3987 1685 4023 :
1708 3972 1815 4042 Ego

199 4073 336 4111 sum
369 4059 486 4120 via,
519 4057 725 4113 veritas
744 4061 801 4112 et
830 4059 965 4112 vita.
990 4057 1157 4114 Nemo
1185 4058 1430 4114 venitad
1449 4060 1679 4114 Patrem
1700 4060 1816 4115 nisi

197 4161 437 4215 μεν-ωε.
461 4145 520 4200 Si
531 4135 920 4215 cognovissetis
934 4161 1040 4209 me,
1055 4146 1447 4216 cegnovissetis
1463 4149 1519 4201 et
1544 4147 1774 4203 Patrem
1794 4165 1812 4201 :

199 4213 300 4288 Sed
326 4232 354 4270 ²
382 4213 608 4288 abhinc
633 4234 810 4290 nostis
833 4233 1018 4300 illum,
1041 4237 1097 4289 et
1115 4213 1312 4291 videtis
1332 4233 1523 4292 illum.
1543 4234 1611 4290 Et
1633 4248 1820 4305 perve-
1850 4213 1898 4290 Β
1926 4232 2098 4290 cendo
2144 4247 2160 4286 :

1925 2912 2071 2963 trem
2102 2908 2275 2971 venit,
2297 2903 2816 2976 nisiperme(Joan.
2831 2917 2948 2966 xw,
2965 2901 3021 2972 6)
3037 2920 3050 2969 ;
3066 2913 3137 2969 et,
3157 2905 3324 2961 Nemo
3344 2906 3416 2960 ad
3426 2921 3516 2962 me

1920 2996 2094 3057 venit,
2112 2994 2226 3049 nisi
2235 2995 2404 3049 Pater
2413 3009 2546 3048 eum
2566 2990 3060 3061 adduxeritann.
3076 3008 3155 3054 γι,
3170 2995 3260 3060 44)
3276 3013 3290 3059 ;
3305 3002 3376 3058 et,
3398 2996 3517 3050 0m-

1919 3083 2021 3137 nia
2049 3081 2196 3138 mihi
2215 3083 2384 3136 Pater
2397 3078 2635 3135 tradidit
2651 3078 2876 3147 (Matth.
2889 3092 2966 3144 ιιι,
2988 3082 3109 3149 2’1);
3135 3088 3209 3145 et,
3231 3082 3390 3137 Sicut
3406 3084 3516 3137 "Pa-

1926 3177 2013 3228 ter
2039 3171 2306 3239 vivi/ient,
2327 3169 2412 3223 ita
2433 3171 2488 3225 et
2507 3167 2679 3223 Pilius
2707 3167 2890 3234 (toan.
2914 3182 2969 3230 v,
2994 3167 3117 3233 2i);
3148 3173 3218 3231 et,
3246 3169 3306 3224 Si
3323 3185 3413 3225 me
3433 3185 3516 3224 co-

1923 3260 2212 3332 gnovistis,
2246 3261 2303 3314 et
2329 3260 2557 3314 Patrem
2587 3256 2918 3328 cognovistis
2945 3255 3126 3320 (Joan.
3160 3270 3278 3322 xxv,
3302 3258 3380 3326 7).
3413 3256 3511 3312 Se-

1923 3348 2160 3405 cundum
2207 3347 2323 3403 haec
2362 3348 2527 3410 enim,
2558 3344 2823 3400 vicarium
2865 3360 2926 3401 se
2970 3343 3146 3400 Patris
3173 3346 3512 3415 ostenderat,

1925 3453 2022 3511 per
2049 3453 2207 3508 quem
2236 3436 2390 3490 Pater
2445 3444 2498 3491 et
2523 3433 2802 3490 videretur
2833 3433 2889 3488 in
2946 3432 3123 3502 factis,
3153 3443 3207 3490 et
3235 3434 3515 3491 audiretur

1925 3526 1979 3581 in
2008 3525 2210 3593 verbis,
2257 3531 2312 3580 et
2339 3529 2763 3597 cognosceretur
2791 3521 2847 3577 in
2895 3521 3050 3588 Filio,
3104 3522 3242 3581 facta
3272 3531 3327 3579 et
3355 3525 3516 3580 verba

1925 3615 2091 3670 Patris
2137 3613 2590 3680 administrante;
2649 3610 2779 3682 quia
2823 3611 3106 3667 invisibilis
3149 3620 3318 3684 pater,
3367 3612 3514 3685 quod

1922 3713 1976 3758 et
2005 3702 2290 3772 Philippus
2343 3700 2598 3756 didicerat
2625 3698 2679 3754 in
2708 3699 2848 3774 lege,
2877 3707 2932 3754 et
2975 3699 3284 3757 meminisse
3312 3700 3516 3756 debue-

1922 3800 2007 3848 rat
2037 3795 2248 3849 :Deum
2266 3807 2429 3848 nemo
2456 3789 2665 3847 videbit
2682 3793 2739 3846 et
2767 3791 2911 3845 vivet
2932 3788 3133 3857 (Exod.
3158 3791 3272 3858 33).
3306 3789 3374 3845 Et
3392 3789 3515 3845 ideo

1923 3880 2244 3955 suggillatur
2292 3880 2502 3933 Patrem
2531 3877 2718 3934 videre
2767 3875 3088 3934 desiderans
3133 3878 3284 3949 quasi
3321 3878 3516 3935 visibi-
3544 3924 3554 3950 _

1923 3970 2050 4036 lem,
2101 3976 2157 4024 et
2199 3967 2481 4023 instruitur
2524 3965 2792 4022 visibilem
2841 3982 2966 4022 eum
3016 3967 3069 4020 in
3120 3966 3254 4023 Filio
3287 3968 3404 4024 ﬁeri
3450 3985 3516 4024 ex
3544 3961 3551 4022 ’.

1919 4056 2224 4125 virtutibus,
2279 4069 2390 4111 non
2438 4070 2503 4110 ex
2549 4069 2797 4124 personae
2842 4055 3353 4125 repraesentatione.
3413 4043 3549 4129 Ι)θῂ

1925 4144 2108 4213 nique.
2142 4142 2188 4198 si
2220 4144 2428 4199 Patrem
2459 4143 2707 4198 eumdem
2737 4140 2928 4197 Filium
2958 4143 3124 4197 vellet
3149 4143 3396 4216 intelligi,
3426 4142 3516 4196 di-
3552 4139 3556 4150 ⁵

2214 4232 2321 4300 Qui
2365 4247 2455 4287 me
2501 4229 2675 4292 videt,
2724 4232 2953 4288 Patrem
2996 4231 3198 4288 videt:
3243 4231 3518 4304 quomodo

1576 4385 1768 4448 Variae
1808 4386 2118 4449 lectiones.

273 4515 326 4552 97
355 4515 518 4570 Nunc
549 4518 716 4572 Seml.
746 4515 797 4555 93
825 4516 915 4572 Me
938 4519 1094 4575 abest
1144 4519 1318 4575 Rhen.
1349 4518 1399 4558 94
1425 4518 1678 4574 Nominat
1722 4519 1893 4576 Seml.
1930 4517 1982 4556 95
2037 4519 2170 4574 Esse
2202 4517 2371 4576 Seml.
2399 4515 2452 4553 95
2478 4516 2638 4569 lesus
2678 4514 2848 4571 Seml.
2878 4513 2928 4551 9"
2987 4513 3319 4569 Gloriﬁcabit
3371 4517 3514 4571 Jun.

200 4585 254 4623 93
307 4586 488 4656 Quem
528 4588 654 4645 add.
690 4590 860 4645 Seml.
926 4588 977 4627 99
1024 4589 1354 4646 Gloriticabit
1416 4593 1604 4650 omitt.
1667 4592 1834 4648 Seml.
1888 4591 1904 4628 ι
1957 4589 2180 4646 Devicta
2243 4595 2396 4644 erant
2465 4587 2652 4644 Paris.
2712 4585 2736 4623 2
2791 4585 2857 4644 Et
2911 4584 3042 4641 add.
3085 4587 3258 4643 Seml.
3309 4586 3334 4625 3
3379 4585 3523 4643 Vidit

203 4660 331 4714 alii.

1619 4785 2116 4863 Commentarius.

274 4920 396 4988 (LO)
423 4921 771 4975 Anteautem
789 4919 1208 4975 solemnitatem
1222 4921 1461 4977 Pascha.
1485 4921 1611 4978 Hac
1628 4924 1793 4980 verba

206 4990 365 5063 toan.
401 5005 512 5046 xm
542 4991 867 5063 transposito
911 4989 1038 5045 citat
1065 4990 1290 5063 ordine;
1324 4992 1521 5063 alioqui
1551 5009 1670 5049 cum
1705 5013 1791 5052 re-

209 5062 377 5134 liquis
426 5061 720 5128 consentit,
772 5061 960 5188 legens
1005 5061 1166 5116 etiam
1196 5076 1318 5116 cum
1363 5061 1580 5136 vulgato
1636 5065 1808 5122 inter-

209 5146 384 5188 prete.
419 5132 786 5188 auamtumvis
867 5148 1001 5188 raece
1032 5132 1100 5188 sit
1138 5132 1186 5186 ἐν
1216 5136 1370 5188 αὐτῶ.
1400 5137 1463 5188 in
1491 5141 1808 5188 semelinsn.

208 5132 1001 5210 prete,_quamtumvis_Graece
1032 5132 1100 5188 sit
1138 5132 1186 5186 ἐν
1216 5136 1376 5210 σεῖητῲ,Δ
1400 5132 1808 5210 ἱνῐεενηθιὶρδο.

210 5205 352 5260 Pu.
371 5203 642 5277 Haecde
669 5203 900 5277 iunxisti},
934 5220 1041 5259 non
1074 5203 1337 5274 reperitur
1364 5208 1419 5260 in
1448 5218 1634 5263 nostro
1664 5203 1811 5265 certe

206 5276 537 5340 exemplari,
573 5275 796 5331 Parisiis
825 5275 991 5340 edito,
1024 5292 1110 5330 an.
1148 5278 1307 5339 1549,
1339 5277 1433 5332 sed
1479 5279 1650 5334 multo
1698 5298 1815 5337 rec-

207 5349 343 5428 tius,
491 5346 986 5428 {quiadd-est,
1022 5349 1356 5428 gemetipso,
1388 5358 1448 5405 ut
1456 5349 1532 5428 _in
1580 5351 1817 5428 Vulgata

209 5423 365 5494 ζιαιγ.
399 5423 566 5481 Atat,
602 5421 722 5483 177,
757 5419 804 5494 'l,_
865 5419 975 5494 ll).
1021 5419 1200 5494 Potuit
1241 5419 1420 5494 igitur
1456 5419 1818 5494 Tertullia'nus

207 5491 504 5547 lectionem
534 5497 734 5563 nostra:
763 5491 994 5563 similem
1024 5491 1417 5563 habu‘sse'prae
1446 5493 1625 5548 oculis
1657 5497 1818 5549 etiam

208 5563 485 5630 Graiam,
543 5560 633 5618 cui
680 5561 904 5634 Vulgata
970 5563 1026 5618 in
1081 5560 1362 5632 posterum
1412 5566 1819 5622 accommodata

1909 4917 2091 4978 fuerit.
2128 4918 2272 4974 Enn.

1993 4991 2107 5060 (41)
2139 4991 2302 5046 Nobis
2319 5005 2513 5048 omnes
2537 4989 2846 5060 Scriptum
2867 4990 2922 5045 et
2953 4989 3324 5060 veteres,_ietc.
3359 4986 3519 5060 Allu-

1919 5056 2012 5116 dit‘
2032 5056 2102 5115 ad
2128 5077 2318 5117 omnes
2338 5060 2643 5134 Srripturas
2657 5056 2767 5134 'eas_
2778 5056 3082 5134 ve_teres,_in
3111 5057 3519 5134 quibus_Chris-

1923 5139 2013 5190 tus
2044 5135 2141 5190 Dei
2167 5128 2481 5205 appellatur,
2511 5136 2704 5205 utpote
2736 5129 2879 5186 Psal.
2912 5145 2972 5197 ιι,
3005 5128 3107 5183 lsa.
3143 5145 3276 5201 xcv,
3308 5131 3514 5186 Thren.

1922 5220 1995 5267 iv,
2031 5212 2086 5260 et
2113 5206 2248 5260 Dan.
2282 5221 2362 5260 rx.
2399 5207 2535 5261 Pu.

1994 5275 2110 5347 (42)
2156 5277 2648 5350 Etnovcej‘ilium
2696 5276 2795 5350 Dei
2824 5271 3524 5350 p‘rwﬁniuntLScripturas

1927 5342 2192 5416 ejusmodi
2234 5347 2372 5403 Novi
2415 5345 2752 5403 Testamenti
2785 5342 2976 5416 habes,
3001 5343 3154 5416 initio
3186 5342 3522 5416 Evangelio-

1928 5412 2047 5474 rum
2085 5418 2262 5486 Marci,
2311 5422 2469 5476 Lucae
2517 5435 2579 5474 ac
2623 5420 2777 5474 Joan.
2813 5423 2870 5472 et
2915 5415 3039 5470 alibi
3081 5413 3220 5483 apud
3272 5412 3520 5486 eosdem.

1931 5490 2115 5543 Matth.
2146 5505 2223 5545 iv.
2248 5480 2371 5548 Act.
2400 5506 2457 5544 ιι.
2484 5496 2539 5545 et
2563 5505 2643 5555 ix,
2669 5495 2725 5544 et
2754 5487 2930 5558 Epist.
2947 5487 3014 5540 ad
3044 5480 3294 5558 Rdr_nan.,
3317 5480 3523 5549 Galat.,

1929 5559 2131 5632 Ephes.
2165 5568 2221 5618 et
2249 5563 2448 5628 Hebr.,
2482 5555 2999 5630 denique‘et'Apoc.
3032 5568 3094 5611 ιι.
3127 5555 3269 5610 ΡΑΜ.
