4002 6118
517 301 619 363 211
1198 306 1645 373 TERTULLIANI
1683 311 1950 378 OPERUM
2005 318 2184 380 PARS
2213 319 2281 382 II.
2322 347 2393 365 —-
2429 316 2659 379 SERIES
2695 317 2738 386 Ι,
2779 315 3129 377 POLEMIGA.
3698 309 3812 369 212

511 428 746 500 subjicit,
779 430 902 489 Non
926 430 1155 489 creditis
1183 433 1208 472 ἰ
1236 435 1367 507 quia
1402 452 1497 509 ego
1526 439 1590 494 in
1617 441 1806 510 Patre,
1840 447 1894 500 et
1924 445 2099 503 Pater
2128 459 2177 539 Α
2209 445 2528 504 necessitate
2567 443 2614 482 15
2668 441 2844 500 omnis
2899 437 3388 536 bumilitatistcum
3589 434 3808 533 Patrem

513 518 693 605 inme
737 523 858 576 est?
901 519 1174 576 Debuerat
1221 522 1365 579 enim
1411 525 1773 596 subjunxisse,
1817 531 1939 587 Non
1989 548 2098 589 ere-
2128 518 2177 539 "
2205 549 2266 590 se
2294 540 2482 605 posset
2505 532 2792 588 ostendere
2825 537 2937 586 tam
2959 527 3100 586 ﬁdeli
3128 524 3363 592 femina,
3395 538 3462 580 ex
3483 522 3810 593 dilectione,

511 604 638 662 ditis
665 607 688 646 5
736 607 862 679 quia
889 624 996 680 ego
1042 625 1162 666 sum
1205 610 1398 669 Pater?
1436 615 1546 671 Aut
1571 632 1681 688 quo
1728 621 2092 694 exaggeravit,
2204 604 2314 678 non
2343 638 2408 678 ex
2449 620 2779 685 curiositate,
2839 633 2942 674 nec
2995 635 3060 674 ex
3140 611 3514 671 incredulitate
3558 611 3804 679 Thoma,

513 695 558 750 si
604 695 893 787 nonuillud
932 697 1306 787 pi_anifesmvit
1363 705 1509 775 quod
1567 705 1806 763 voluerat
1851 709 2094 784 intelligi,
2203 709 2421 787 tangere
2464 726 2586 767 eum
2647 722 2968 783 aggressa:
3012 707 3108 771 Ne,
3131 702 3322 776 inquit,
3365 702 3664 773 contigeris
3713 719 3806 760 me

514 799 574 839 se
659 784 863 842 scilicet
926 784 1122 843 Filium
1203 792 1364 847 esse?
1421 793 1588 852 Porro
1669 795 1917 865 dicendo,
1975 799 2097 857 Non
2203 784 2457 860 uariatum
2485 796 2809 857 ascendiad
2829 798 3055 854 Patrem
3091 808 3314 859 meum;
3343 789 3482 848 vade
3508 793 3703 847 autem
3728 790 3808 847 ad

514 873 734 930 creditis
760 874 785 913 δ
827 875 951 949 quia
994 892 1100 951 ego
1128 877 1184 934 in
1230 878 1404 946 Patre,
1445 888 1504 939 et
1530 883 1690 942 Pater
1733 886 1789 942 in
1816 904 1936 958 me;
1973 904 2097 961 pro-
2203 892 2413 961 fratres
2442 904 2594 946 meos
2623 884 2778 959 (quin
2807 895 2861 941 et
2889 885 2944 941 in
2973 884 3077 938 hoc
3101 894 3157 938 se
3184 879 3376 936 Filium
3428 878 3475 917 ιδ
3515 878 3752 934 ostendit
3781 895 3800 945 ;

513 969 698 1034 ptcrea
754 964 938 1036 potius
973 969 1342 1039 exaggeravit,
1401 987 1470 1028 ne
1528 973 1654 1045 quia
1709 974 1938 1045 dixerat,
1992 980 2098 1049 Qui
2203 977 2347 1034 ﬁlios
2374 977 2518 1034 enim
2543 974 2867 1046 appellasset
2897 971 3044 1039 illos,
3073 967 3120 1025 si
3155 969 3315 1024 Pater
3343 965 3580 1037 fuisset),
3625 969 3681 1025 et
3709 967 3803 1024 di-

511 1068 602 1109 me
629 1051 800 1120 videt,
833 1058 888 1112 et
915 1056 1146 1113 Patrem
1187 1059 1340 1116 videt
1373 1062 1412 1130 7,
1447 1060 1608 1119 Pater
1644 1064 2046 1124 existimaretur
2079 1087 2091 1128 :
2205 1085 2293 1127 ces
2319 1084 2400 1125 eis
2431 1064 3028 1125 :AscendoadPatre-m
3043 1060 3803 1118 meumetPatremvestrum

511 1142 657 1213 quod
704 1158 974 1215 nunquam
1023 1144 1318 1204 existimari
1347 1165 1406 1206 se
1453 1151 1640 1221 voluit,
1680 1153 1772 1226 qui
1801 1171 2013 1228 semper
2039 1175 2098 1216 se
2202 1159 2378 1214 Deum
2393 1173 2582 1214 meum
2611 1158 2666 1212 et
2687 1155 2863 1211 Deum
2883 1154 3135 1209 vestr-um
3161 1147 3345 1220 (toan.
3370 1162 3472 1212 xx,
3509 1147 3622 1215 l7).
3643 1147 3808 1201 Pater

511 1228 724 1297 Filium,
774 1241 829 1287 et
857 1247 892 1290 a
928 1233 1086 1289 Patre
1117 1235 1329 1293 venisse
1385 1237 1756 1309 proﬁtebatur.
1820 1245 1988 1318 Igitur
2034 1248 2099 1304 'et
2203 1246 2270 1303 ad
2294 1246 2507 1301 Patrem
2537 1252 2589 1300 et
2615 1243 2764 1300 Deus
2805 1241 2873 1296 ad
2901 1241 3107 1310 Deum;
3149 1253 3216 1292 an
3259 1235 3427 1292 Filius
3453 1235 3522 1291 ad
3574 1236 3800 1303 Patrem,

462 1327 470 1374 -'.
511 1319 851 1376 manifestam
899 1320 1027 1378 fecit
1081 1322 1305 1381 duarum
1373 1341 1722 1396 personarum
1765 1336 2098 1406 conjunctio-
2205 1343 2259 1391 et
2286 1334 2477 1391 Sermo
2504 1332 2571 1388 ad
2598 1329 2822 1388 Deum?
2849 1330 2970 1400 Ipsa
2998 1341 3216 1399 quoque
3245 1324 3490 1382 clausula
3521 1323 3803 1395 Evangelii

513 1423 660 1480 nem,
698 1424 766 1464 ne
811 1408 966 1466 Pater
989 1425 1238 1468 seorsum
1275 1414 1430 1487 quasi
1464 1416 1688 1477 visibilis
1715 1421 1771 1476 in
1799 1433 2097 1496 conspectu
2203 1432 2427 1497 propter
2449 1421 2582 1496 quid
2610 1420 2890 1489 consignat
2918 1417 3035 1474 hac
3061 1415 3282 1487 scripta,
3311 1412 3414 1469 nisi
3447 1432 3463 1468 :
3502 1415 3566 1472 Ut
3610 1414 3803 1472 creda-

509 1495 930 1567 desideraretur,
951 1505 1006 1554 et
1035 1507 1089 1554 ut
1105 1500 1270 1558 Filius
1295 1514 1713 1574 reprasentator
1732 1510 1905 1570 Patris
1934 1495 2097 1573 liabe-
2205 1495 2523 1584 tis,iinquit,
2547 1508 3036 1570 JesumChristum
3050 1505 3262 1563 Filium
3287 1501 3616 1575 Dei?Igitur
3644 1517 3794 1573 qua-

509 1593 674 1643 retur.
708 1587 777 1642 Et
807 1585 1150 1643 nihilominus
1177 1589 1279 1646 hoc
1307 1607 1526 1665 quoque
1572 1594 1952 1670 interpretatus
1991 1617 2092 1676 est,
2203 1616 2414 1674 cunque
2445 1617 2508 1658 ex
2547 1599 2631 1656 his
2652 1597 2930 1671 putaveris
2955 1595 3025 1651 ad
3061 1591 3585 1650 demonstrationem
3640 1591 3790 1661 ejus-

506 1675 782 1748 quomodo
823 1675 978 1731 Pater
1017 1684 1162 1733 esset
1189 1677 1242 1732 in
1292 1679 1452 1748 Filio,
1503 1689 1558 1738 et
1588 1684 1753 1744 Filius
1797 1689 1850 1745 in
1889 1692 2044 1752 Patre
2077 1675 2090 1756 ἐ
2129 1685 2171 1762 Β
2201 1688 2320 1744 dem
2371 1685 2539 1744 Patris
2567 1697 2620 1744 et
2671 1685 2795 1742 Filii
2836 1682 3106 1756 proﬁcere
3146 1676 3242 1736 tibi
3298 1694 3477 1750 posse,
3539 1679 3801 1736 adversus

517 1765 702 1830 Verba,
736 1763 924 1856 inquit,
949 1781 1070 1856 qua
1099 1782 1191 1836 ego
1219 1768 1409 1840 loquor
1436 1773 1604 1842 vobis,
1627 1791 1742 1833 non
1772 1786 1910 1838 sunt
1937 1801 2092 1856 mea;
2203 1777 2525 1836 deﬁnitivam
2553 1773 2829 1848 Evangelii
2875 1771 3194 1829 sententiam
3236 1768 3447 1826 niteris.
3503 1769 3622 1856 Non
3672 1767 3800 1825 ideo

504 1853 688 1926 utique
717 1851 1467 1946 quia_Patris.Paterautem
1494 1878 1730 1925 manens
1759 1871 1821 1925 in
1859 1888 1969 1938 me,
2001 1851 2091 1946 [αξ.
2197 1866 2338 1922 enim
2384 1865 2588 1937 scripta
2617 1874 2762 1931 sunt,
2825 1868 2887 1919 ut
2958 1861 3180 1918 Patrem
3253 1858 3449 1916 credas
3505 1855 3552 1896 1⁷
3614 1857 3799 1913 Jesum

473 1943 588 2028 ,icit
618 1956 808 2016 opera.
839 1940 940 1997 Per
991 1958 1159 2014 Opera
1189 1961 1320 2018 ergo
1368 1947 1644 2023 virtutum,
1692 1965 1748 2011 et
1774 1959 1938 2016 verba
1963 1940 2091 2018 doc-
2199 1955 2490 2022 Christum,
2514 1953 2612 2010 sed
2635 1962 2693 2010 ut
2721 1951 2944 2008 Filium.

474 2031 658 2087 'trina
696 2045 917 2086 manens
969 2031 1024 2086 in
1077 2032 1210 2089 Filio
1268 2037 1427 2094 Pater
1480 2057 1575 2110 per
1629 2060 1692 2100 ea
1719 2045 1946 2118 videtur,
2002 2065 2094 2120 per
2749 2040 2978 2098 CAPUT
3026 2038 3234 2096 XXVI-

505 2137 627 2194 qua
656 2129 855 2186 manet,
901 2128 953 2176 et
980 2137 1077 2212 per
1116 2138 1240 2179 eum
1270 2124 1324 2180 in
1355 2143 1462 2200 quo
1489 2142 1671 2190 manet
1703 2153 1714 2192 :
1743 2152 1810 2193 ex
1840 2139 1944 2196 hoc
1970 2140 2090 2212 ipso
2268 2133 2494 2205 Pr0pter
2521 2146 2692 2189 unum
2737 2129 2966 2201 Philippi
2993 2142 3324 2192 sermonem,
3349 2133 3404 2182 et
3440 2123 3654 2181 Domini
3681 2140 3797 2180 res-

504 2218 799 2281 apparente
845 2210 1172 2280 proprietate
1223 2215 1506 2290 utriusque
1552 2237 1817 2291 persona,
1859 2210 2092 2285 dum—di-
2197 2222 2514 2294 pousionem
2559 2219 2626 2275 ad
2657 2235 2802 2288 eum,
2835 2218 3082 2274 videmus
3112 2217 3158 2255 18
3187 2215 3410 2272 Joannis
3448 2212 3795 2287 Evangelium

501 2298 575 2356 cit
608 2301 748 2372 :Ego
765 2316 893 2388 sum
912 2301 973 2356 in
1003 2303 1193 2372 Patre,
1213 2308 1269 2361 et
1297 2306 1470 2364 Pater
1497 2310 1688 2370 inme.
1713 2315 1894 2388 Atque
1914 2317 2086 2375 adeo:
2197 2309 2586 2374 decucurrisse,
2619 2324 2687 2365 ne
2717 2315 2797 2364 tot
2827 2305 3110 2361 manifeste
3165 2305 3532 2375 pronuntiata,
3564 2310 3620 2360 et
3662 2310 3795 2358 ante

508 2389 745 2460 Credite,
778 2387 869 2444 ait.
893 2388 1074 2478 Quid?
1101 2391 1188 2448 Mc
1208 2393 1421 2450 Patrem
1437 2399 1597 2456 esse?
1615 2402 1735 2458 Non
1767 2387 1897 2474 puto
1917 2406 2091 2478 scrip-
2195 2408 2249 2456 et
2290 2407 2480 2472 postea
2507 2413 2648 2454 unus
2711 2411 2890 2453 sermo
2945 2396 3222 2451 subvertet
3260 2393 3557 2452 secundum
3609 2394 3794 2450 omnia

502 2486 612 2534 tum
643 2492 788 2546 esse;
813 2477 905 2532 sed
930 2495 943 2530 ε
974 2479 1116 2548 Quia
1133 2496 1226 2552 ego
1249 2481 1313 2537 in
1331 2484 1516 2552 Patre,
1542 2493 1601 2544 et
1621 2491 1790 2548 Pater
1809 2493 1871 2548 in
1899 2511 2005 2552 me.
2031 2477 2092 2552 Si
2195 2490 2394 2561 potius,
2426 2503 2585 2561 quam
2616 2486 2875 2544 adversus
2903 2485 3105 2550 omnia,
3139 2483 3298 2540 etiam
3347 2486 3610 2541 adversus
3661 2499 3795 2540 suos

497 2568 1686 2644 quominus,velproptcroperacredite.Ea
1706 2581 2084 2654 utiqucopera,
2196 2592 2389 2633 sensus
2420 2575 2876 2648 interpretandus.
2927 2576 3193 2630 Caeterum
3225 2580 3284 2629 ut
3337 2570 3442 2627 alia
3500 2572 3795 2644 Evangelia

499 2675 594 2731 per
622 2673 744 2732 qua
762 2657 992 2714 Peterin
1023 2657 1177 2726 Filio,
1195 2663 1459 2731 nonvisu,
1485 2668 1581 2723 scd
1601 2683 1764 2726 sensu
1785 2671 2084 2729 videbatur,
2195 2680 2303 2721 non
2335 2664 2676 2737 interponam
2704 2679 2824 2736 qua
2851 2664 2918 2720 de
2948 2662 3223 2719 nativitate
3263 2661 3543 2719 Dominica
3570 2660 3710 2716 idem
3745 2662 3792 2700 19

1077 2748 1302 2808 CAPUT
1328 2753 1504 2810 XXV.
2195 2753 2533 2820 conﬁrmant,
2545 2752 2766 2819 sufﬁcit,
2780 2769 2902 2808 eum
2915 2753 2964 2792 2ο
2977 2751 3070 2824 qui
3084 2751 3230 2807 nasci
3242 2751 3549 2808 habebatex
3565 2749 3792 2824 virgine,

568 2837 695 2894 Post
740 2837 1065 2916 Philippum,
1116 2847 1186 2900 et'
1217 2852 1382 2901 totam
1429 2846 1780 2904 substantiam
1824 2850 2082 2922 φιωειίο.
2120 2887 2162 2922 η
2194 2843 2394 2915 abipso
2415 2841 2722 2898 annuntiari
2742 2841 2960 2915 angelo,
2999 2841 3192 2896 Filium
3223 2839 3318 2896 Dei
3339 2839 3749 2895 determinatum
3781 2858 3798 2898 :

568 2887 588 2892 -
614 2887 694 2894 η-
957 2887 1065 2909 .....,
1117 2887 1170 2900 ν.
1219 2887 1382 2901 ww...
1429 2887 1780 2904 -..................
1865 2887 2082 2908 υωοηυ-
2195 2887 2392 2915 ...μνη
2415 2887 2960 2915 ............υ.....-.ε,ν.ν,
2999 2887 3192 2896 -.η-..-
3223 2887 3748 2896 -μη---ηη-κ-τ--.
3781 2887 3795 2898 .

496 2923 582 2981 nis
628 2927 803 2999 istius,
855 2887 1018 3004 quiem
1063 2933 1088 2971 δ
1152 2932 1206 2989 iu
1250 2933 1414 2990 tinem
1477 2936 1752 3009 Evangelii
1824 2887 2081 3010 perseve-
2120 2887 2163 2965 ο
2196 2933 2445 3005 Spiritus
2475 2934 2576 2989 Dei
2605 2932 2963 3005 superveniet
2991 2932 3056 2986 in
3093 2936 3167 2997 te,
3201 2935 3257 2986 et
3296 2930 3484 2987 virtus
3514 2929 3795 2986 Attissimi

496 3023 615 3070 rant
634 3018 658 3055 9
685 3017 740 3073 in
769 3020 963 3077 eodem
1004 3038 1208 3094 genere
1257 3024 1546 3095 sermonis,
1577 3040 1686 3097 quo
1737 3027 1892 3084 Pater
1920 3037 1974 3085 et
2002 3029 2087 3084 Fi-
2192 3021 2540 3080 obu-mbrabit
2564 3025 2654 3080 te:
2682 3025 2988 3093 propterea
3015 3021 3158 3093 quod
3188 3021 3460 3076 nascetur
3481 3033 3552 3072 ex
3579 3022 3632 3072 te
3658 3034 3796 3074 san—

496 3106 600 3162 lius
627 3105 680 3162 in
712 3123 812 3167 sua
868 3112 1198 3183 proprietate
1222 3111 1624 3186 distinguuntur
1656 3115 1720 3184 ιο,
1753 3115 2084 3174 Paracletum
2195 3116 2374 3176 ctum,
2397 3109 2694 3170 vocabitur
2712 3110 2893 3167 Filius
2923 3109 3022 3166 Dei
3053 3109 3206 3177 (Luc.
3241 3105 3436 3177 1,3-5.)
3460 3104 3653 3163 Volent
3681 3107 3803 3178 qui-

495 3209 713 3266 qnoque
741 3213 770 3252 a
829 3198 983 3254 Patre
1008 3215 1068 3258 se
1112 3200 1532 3274 postulaturum,
1576 3218 1697 3258 cum
1753 3207 2088 3264 ascendisset
2193 3200 2314 3256 dem
2335 3207 2389 3256 et
2417 3198 2904 3272 hieargumentari,
2928 3197 3020 3253 sed
3039 3197 3238 3254 veritas
3281 3194 3795 3267 pravalebit.189

494 3283 560 3338 ad
606 3284 840 3359 Patrem,
897 3295 951 3343 et
1001 3289 1290 3345 missurum
1342 3288 1686 3361 repromiuit,
1747 3301 1802 3348 οι
1861 3293 2084 3364 quidem
2192 3289 2420 3359 Nempe,
2448 3287 2722 3359 inquiunt,
2755 3285 2924 3343 Filius
2953 3287 3049 3342 Dei
3099 3287 3244 3342 Deus
3283 3293 3386 3352 est,
3417 3295 3468 3340 et
3497 3285 3668 3341 virtus
3695 3285 3788 3341 Αι-

495 3372 678 3446 alium,
701 3377 792 3432 sed
809 3375 1085 3445 jamlss
1108 3377 1472 3448 pramisimus
1491 3379 2086 3450 quomodoaliumcag-
2192 3375 2387 3431 tissimi
2417 3374 2728 3434 Altissimus
2750 3383 2850 3430 est.
2873 3375 2982 3430 Nec
3010 3373 3175 3446 pudet
3201 3373 3326 3429 illos
3355 3373 3603 3443 injicere,
3625 3374 3790 3445 quod,

494 3470 666 3518 lorum
698 3479 713 3517 :
749 3465 826 3521 De
844 3482 964 3524 meo
994 3471 1185 3524 sumet
1223 3467 1407 3536 (Joan.
1440 3483 1556 3534 xvr,
1585 3469 1662 3537 4),
1695 3467 1869 3540 inquit
1900 3487 1914 3524 :
1947 3471 2086 3530 sicut
2193 3465 2240 3522 si
2272 3474 2434 3531 esset,
2475 3465 2734 3536 scriptum
2771 3463 2975 3520 fuisset.
3009 3463 3180 3534 Quem
3212 3463 3353 3520 enim
3409 3464 3710 3530 verebatur,
3744 3474 3802 3520 ut

493 3549 609 3621 ipse
628 3552 696 3609 de
716 3553 890 3609 Patris
903 3553 1039 3625 (43).
1063 3556 1433 3612 Itaconnexus
1449 3555 1619 3612 Patris
1640 3556 1696 3612 in
1719 3557 1948 3626 Filio,et
1967 3561 2082 3618 Filii
2192 3570 2301 3610 non
2337 3563 2526 3626 aperte
2555 3553 2927 3625 pronuntiaret
2959 3568 2974 3610 :
3005 3556 3146 3611 Deus
3176 3555 3548 3628 superveniet,
3616 3555 3670 3608 et
3700 3555 3796 3609 Al-

493 3639 548 3695 in
579 3640 878 3710 Paracleto,
911 3643 1198 3701 tresefﬁcit
1227 3646 1586 3712 cohaerentes,
1603 3647 1831 3703 alterum
1861 3664 1928 3705 ex
1950 3649 2080 3707 alte-
2194 3646 2444 3700 tissimus
2475 3643 2822 3701 Obumbmbit
2865 3641 2962 3700 te?
2993 3642 3195 3698 Diceris
3214 3650 3389 3698 autem
3417 3643 3665 3716 δρίνίιιιδ
3696 3644 3799 3700 Dei

496 3743 576 3793 ro,
611 3727 702 3799 qui
733 3736 844 3785 tres
874 3746 1042 3787 unum
1074 3733 1202 3802 sint,
1234 3748 1344 3788 non
1373 3749 1534 3789 unus.
1567 3733 1851 3802 Quomodo
1877 3736 2082 3795 dictum
2190 3741 2293 3798 etsi
2324 3740 2560 3813 Spiritus
2588 3741 2766 3797 “Dei
2805 3741 2974 3810 Deus,
3023 3749 3202 3796 tamen
3235 3756 3344 3798 non
3371 3740 3578 3796 directo
3620 3741 3792 3795 Deum

495 3824 613 3874 est:
648 3820 755 3890 Ego
774 3823 829 3874 et
852 3822 1024 3879 Pater
1044 3824 1560 3892 unumsumus;ad
1582 3823 1895 3881 substantia
1915 3827 2085 3884 unita-
2193 3831 2497 3899 nominans,
2550 3829 2858 3899 portionem
2918 3830 3080 3886 totius
3144 3828 3373 3901 intelligi
3421 3827 3618 3896 voluit,
3671 3821 3834 3898 qua‘

495 3911 756 3972 tem,non
785 3909 855 3964 ad
877 3909 1092 3965 numeri
1119 3909 1571 3983 singularitatem.
1594 3913 1855 3970 Percurre
1883 3916 2080 3983 adhuc,
2192 3933 2410 3975 cessura
2463 3926 2580 3973 erat
2637 3903 2857 3974 in'ﬁlii
2925 3932 3157 3973 nomen.
3211 3915 3310 3974 Hic
3356 3915 3598 3988 Spiritus
3651 3917 3796 3986 Dei,

495 4001 552 4048 et
597 3993 843 4052 invenies
893 4013 1054 4069 quem
1100 3999 1315 4056 Patrem
1353 3999 1551 4066 credis,
1599 4001 1716 4056 vice
1765 4001 1938 4058 Patris
1965 4004 2081 4061 die-
2192 4006 2332 4063 idem
2372 4008 2474 4063 erit
2501 4007 2709 4063 Sermo.
2743 4007 2892 4062 Sicut
2921 4005 3066 4062 enim
3092 4007 3300 4062 Joanne
3327 4005 3563 4070 dicente,
3597 4005 3792 4063 Ser-mo

496 4092 628 4138 tum.
663 4083 728 4139 Et
755 4085 967 4142 Patrem
997 4088 1312 4161 agricolam,
1344 4089 1533 4160 utique
1565 4089 1606 4128 ιι
1642 4089 1696 4144 in
1736 4098 1884 4147 terra
1908 4098 1963 4149 tu
2002 4111 2097 4166 pu-
2127 4135 2168 4169 η
2201 4113 2332 4154 caro
2380 4101 2567 4169 factus
2623 4104 2722 4163 est,
2766 4097 3026 4168 Spiritum
3071 4111 3285 4168 quoque
3333 4095 3688 4168 intelligimus
3741 4096 3798 4152 in

500 4135 513 4138 -
663 4135 727 4139 _-
755 4135 967 4142 _-------
998 4135 1312 4161 ..οηννωηη
1347 4135 1533 4160 μην..
1739 4135 1963 4149 mn..-
2003 4135 2096 4166 ,..._
2201 4135 2331 4154 νων
2407 4135 2566 4154 um...
2623 4135 2722 4163 σου,
2766 4135 3026 4168 opu“...
3071 4135 3285 4168 ηυυιιυυ
3333 4135 3688 4168 ,μυνη-δ--υυο

497 4179 580 4229 tas
629 4173 817 4233 fuisse.
868 4177 1020 4234 Hunc
1065 4194 1250 4234 rursus
1278 4177 1334 4233 in
1397 4179 1547 4234 catis
1597 4194 1627 4232 a
1672 4178 1809 4237 Filio
1842 4185 2088 4254 agnosci,
2126 4135 2168 4212 D
2199 4135 2471 4243 mentione
2511 4187 2828 4256 Sermonis;
2881 4186 2956 4242 ita
2996 4195 3050 4241 et
3095 4185 3181 4241 hic
3228 4186 3546 4241 Sermonem
3575 4200 3803 4258 quoque

495 4277 619 4319 cum
679 4264 806 4321 illuc
863 4264 1178 4338 respiciens,
1230 4265 1526 4338 discipulos
1585 4283 1714 4324 suos
1779 4269 1923 4325 Patri
1981 4281 2091 4328 tra-
2199 4275 2539 4349 agnoscimus
2575 4275 2629 4330 in
2675 4276 2896 4332 nomine
2961 4273 3218 4344 Spiritus.
3262 4274 3399 4329 Nam
3444 4281 3498 4329 et
3548 4275 3798 4345 spiritus.

498 4351 578 4406 dit
609 4353 676 4407 12.
721 4352 828 4410 Sed
873 4361 929 4410 et
987 4355 1031 4410 si
1079 4355 1133 4410 in
1191 4357 1290 4412 isto
1337 4356 1630 4428 Evangelia
1677 4372 1784 4413 non
1840 4368 1985 4417 esset
2047 4364 2092 4402 13
2199 4365 2500 4435 substantia
2530 4373 2612 4420 est
2639 4365 2925 4433 sermonis,
2955 4375 3007 4419 et
3044 4377 3220 4418 sermo
3261 4362 3505 4434 operatio
3535 4364 3791 4434 spiritus,

498 4442 844 4499 revelatum:
881 4446 1024 4501 Deus
1071 4462 1250 4524 meus,
1299 4446 1369 4501 ad
1426 4447 1556 4518 quid
1593 4461 1682 4501 me
1737 4447 2092 4521 dereliquisti
2197 4452 2383 4509 etduo
2425 4460 2591 4507 "unum
2637 4460 2779 4507 sunt.
2835 4453 3125 4519 Caterum,
3172 4450 3331 4506 alium
3372 4450 3608 4506 Joannes
3659 4467 3792 4520 pro-

495 4528 718 4593 (Matth.
750 4546 934 4597 xxvu,
971 4533 1102 4602 46)?
1131 4541 1206 4600 et,
1239 4537 1432 4597 Pater,
1463 4535 1525 4589 in
1556 4535 1672 4590 tuis
1701 4536 1964 4594 manibus
1993 4539 2090 4597 de-
2200 4540 2433 4597 ﬁtebitur
2490 4556 2709 4596 carnem
2767 4539 3002 4606 factum,
3061 4539 3225 4595 alium
3284 4538 3514 4613 angelus
3573 4555 3805 4597 carnem

492 4636 640 4692 pono
662 4623 935 4693 spiritum
953 4639 1165 4682 meum.
1183 4624 1314 4680 Luc.
1342 4637 1508 4687 χχιιι,
1532 4622 1643 4692 46),
1668 4629 1844 4679 tamen
1871 4637 1994 4697 post
2014 4643 2092 4683 re-
2200 4629 2464 4695 futurum,
2499 4629 2542 4685 si
2574 4643 2682 4684 non
2704 4636 2756 4684 et
2784 4628 3006 4700 spiritus
3035 4643 3214 4685 sermo
3233 4638 3334 4696 est,
3355 4640 3410 4684 et
3438 4642 3616 4684 sermo
3637 4629 3804 4700 spiri-

495 4709 882 4767 surrectionem
912 4721 966 4767 et
1021 4711 1241 4769 devicta
1270 4710 1498 4784 gloriam
1533 4711 1576 4749 Η
1605 4711 1812 4779 mortis,
1845 4715 2090 4786 exposita
2199 4725 2306 4774 tus.
2361 4717 2508 4774 Sicut
2552 4731 2686 4788 ergo
2725 4732 2902 4773 sermo
2943 4716 3041 4774 Dei
3077 4732 3186 4773 non
3225 4723 3307 4772 est
3337 4716 3456 4788 ipse
3503 4716 3660 4789 cujus
3692 4727 3805 4785 est,

1870 4839 2059 4903 Varia
2103 4843 2408 4905 lectiones.

567 4966 806 5048 ‘__Credis
836 4970 1001 5048 Seml.
1035 4968 1170 5048 εξ]ιέ
1200 4967 1226 5007 δ
1246 4967 1374 5048 ιςιῃ
1403 4967 1548 5048 Yidit
1577 4971 1747 5048 sevit.
1771 4971 1796 5008 8
1815 4970 2203 5048 Quaseml;9
2223 4973 2511 5048 Evangelia
2542 4984 2885 5048 perseverant
2927 4975 3096 5033 Semt.
3135 4974 3183 5014 ιο
3221 4971 3581 5048 Distinguitur
3610 4973 3805 5048 Sami.

499 5039 652 5114 {{AEt
680 5054 841 5114 quem
876 5041 1019 5114 Jttft.
1048 5041 1092 5078 12
1128 5038 1368 5095 Tradidit
1398 5042 1566 5114 sentt.
1624 5043 1669 5080 l3
1700 5038 1990 5114 EstSeml.
2028 5045 2071 5082 1"
2117 5043 2301 5100 Gloria
2342 5038 2512 5103 82ml.
2542 5038 2595 5084 ’⁸⁵
2633 5046 3019 5104 Necessitatem
3055 5048 3223 5105 Semt.
3279 5044 3325 5083 ιδ
3353 5038 3492 5114 Quia
3523 5057 3574 5100 et
3606 5045 3661 5099 in
3695 5047 3820 5102 hoc

495 5110 663 5238 gilium
695 5112 863 5168 Semi.
928 5112 969 5150 Π
1003 5113 1062 5168 In
1115 5113 1338 5170 inserit.
1405 5113 1580 5171 Rhen.
1648 5114 1693 5152 ιθ
1747 5113 2008 5170 Videmur
2054 5115 2232 5174 Rhen.
2291 5115 2338 5156 ιο
2393 5117 2579 5174 Fidem
2636 5117 2812 5175 Rhen.
2872 5120 2922 5158 ²ο
2977 5117 3130 5174 Enim
3193 5110 3396 5176 Rheni
3430 5117 3475 5155 ²ι
3527 5116 3810 5190 Spiritum

540 5197 668 5238 ran.

1891 5282 2396 5349 Commentarius.

561 5415 674 5496 (43.)
707 5415 866 5472 Sicut
898 5414 1024 5496 ipse
1047 5414 1112 5471 de
1150 5414 1360 5496 Patris:
1398 5412 1679 5496 Deiectiva
1706 5412 1900 5496 oratio,
1934 5431 2074 5496 qua-
2186 5416 2319 5496 quit,
2340 5420 2575 5496 quod_m
2614 5423 2800 5496 P_atris
2830 5435 2942 5477 mei
2971 5437 3059 5478 me
3086 5436 3202 5479 esse
3228 5426 3448 5495 oportet
3474 5425 3497 5478 ἵ
3527 5419 3617 5476 ubi
3655 5419 3808 5475 sub-

489 5483 613 5542 liter
641 5485 694 5541 in
739 5483 1112 5557 superioribus
1156 5501 1308 5557 sape
1349 5486 1559 5542 locutus
1603 5492 1709 5557 est,
1759 5483 2080 5544 subauditur
2188 5483 2401 5547 auditur
2429 5491 2612 5552 rebus.
2637 5494 2818 5551 BERN.

489 5557 555 5612 de
583 5575 662 5626 eo,
717 5556 859 5630 quod
886 5562 973 5616 est
1008 5556 1346 5615 Patris.’Sic
1391 5557 1534 5615 infra
1564 5575 1578 5613 :
1612 5556 1729 5617 Non
1773 5559 1956 5627 scitis,
1988 5559 2077 5616 in-
