4002 6118
267 272 361 334 213
690 272 698 280 ’
1513 279 1708 340 LIBER
1743 275 1902 340 ADV.
1938 279 2283 343 PRAXBAM.

3349 349 3354 356 ,
3447 281 3552 343 214

270 400 342 501 ita
368 415 473 458 nec
495 399 768 503 Spiritus;
797 406 851 503 et
958 402 1336 503 ‘Deusdictus
1381 413 1630 503 est,.no_n
1674 415 1852 503 tamen
1882 419 1932 503 ⁸
1961 406 2117 466 hrare
2143 406 2436 481 quaerunt?
2463 405 2718 479 Undique
2741 405 2886 462 enim
2931 406 3153 463 obducti
3199 405 3548 466 distinctione

270 491 391 564 ipse
430 500 511 548 est
536 491 690 560 cujus
731 497 817 546 est
861 489 1062 550 dictus.
1100 491 1262 550 Nulla
1299 509 1390 551 res
1435 494 1687 566 alicujus,
1735 496 1854 571 ipsa

280 590 364 638 est
403 583 544 650 cujus
566 586 664 635 at.
714 578 884 635 Plane
926 595 1050 641 cum
1087 581 1218 654 quid
1265 599 1330 639 ex
1378 585 1497 655 ipso
1533 596 1636 656 est,
1677 594 1730 644 ct
1776 587 1856 644 sic

282 672 400 741 ejus
432 678 505 724 est
534 668 662 722 dum
698 682 769 724 ex
811 667 932 739 ipso
988 669 1079 739 sit,
1139 678 1313 741 potest
1367 673 1468 730 tale
1523 673 1652 746 quid
1709 691 1854 747 esse,

277 759 427 830 quale
448 763 494 812 et
521 755 645 828 ipse
673 771 744 811 ex
781 773 894 829 quo
926 768 1025 824 est,
1061 766 1116 815 et
1143 761 1301 829 cujus
1328 769 1430 819 est.
1455 763 1657 821 Etideo
1685 765 1858 837 Spiri-

270 856 347 902 tus
365 845 460 902 Dei
487 845 536 883 ³³
563 846 737 914 Deus,
769 855 823 903 et
852 845 1042 902 Sermo
1081 846 1176 903 Dci
1205 848 1256 887 2³
1283 849 1449 918 Deus,
1489 851 1616 925 quia
1645 869 1710 910 ex
1738 855 1854 910 Deo

258 950 356 990 non
382 944 562 990 tamen
608 933 732 1004 ipse
775 950 843 992 ex
890 949 997 1005 quo
1043 943 1143 991 est.
1175 935 1333 1007 Quod
1381 939 1427 995 si
1457 941 1506 979 24
1544 941 1689 998 Deus
1736 943 1850 1013 Dei,

211 1021 218 1046 ⁷
255 1031 491 1094 tanquam
547 1023 892 1080 substantive
933 1039 1042 1090 res,
1089 1039 1200 1082 non
1247 1026 1350 1082 erit
1395 1027 1510 1100 ipse
1555 1031 1719 1096 Deus,
1760 1033 1854 1088 sed

247 1112 500 1168 hastatus
521 1112 706 1181 Deus,
737 1112 862 1184 quia
882 1111 932 1150 ³⁵
949 1127 1016 1169 ex
1045 1112 1221 1184 ipsius
1244 1114 1338 1171 Dei
1360 1117 1787 1190 substantia,qua
1806 1120 1856 1160 26

247 1209 292 1254 et
328 1199 696 1257 substantive
733 1217 822 1256 res
865 1208 972 1272 est,
1016 1211 1069 1256 et
1115 1210 1174 1257 ut
1220 1203 1394 1274 portio
1441 1205 1619 1280 aliqua
1667 1208 1850 1264 totius.

242 1288 400 1343 linito
429 1289 627 1360 magis
655 1288 827 1344 virtus
866 1287 1154 1357 Altissimi,
1195 1306 1305 1348 non
1334 1292 1438 1348 erit
1482 1293 1598 1364 ipse
1634 1295 1855 1352 Altissi-

242 1393 374 1442 mus,
407 1376 547 1447 quia
584 1375 636 1414 2⁷
665 1392 769 1431 nec
795 1377 1127 1434 substantive
1155 1395 1243 1434 res
1275 1389 1358 1436 est
1387 1382 1534 1453 quod
1563 1391 1643 1439 est
1689 1385 1852 1457 spiri-

242 1477 340 1536 tus,
378 1467 531 1523 sicut
579 1482 690 1523 nec
741 1467 1021 1539 sapientia,
1060 1483 1160 1524 nec
1218 1471 1596 1543 providentia;
1638 1483 1690 1530 et
1737 1477 1854 1531 haec

238 1556 375 1610 enim
411 1555 757 1612 substantiae
786 1570 894 1612 non
942 1564 1086 1625 sunt,
1123 1558 1217 1613 sed
1252 1559 1546 1616 accidentia
1584 1563 1850 1619 uniuscu-

236 1649 430 1718 jusque
461 1645 827 1702 substantiae.
865 1645 1048 1703 Virtus
1092 1646 1302 1718 spiritui
1347 1649 1563 1718 accidit,
1595 1666 1693 1710 nec
1738 1652 1854 1725 ipsa

241 1737 342 1792 erit
390 1737 647 1808 spiritus.
702 1735 798 1791 His
842 1734 1024 1808 itaque
1075 1738 1242 1794 rebus
1296 1739 1678 1812 quodcumque
1727 1752 1856 1798 sunt

1961 497 2133 554 Patris
2173 506 2227 554 et
2271 497 2412 566 Filii,
2441 513 2604 572 quam
2644 504 2892 554 manente
2933 496 3308 568 conjunctione
3352 497 3547 570 dispo-

1959 587 2156 652 nimus,
2205 595 2264 642 ut
2309 587 2456 644 solus
2507 595 2562 644 et
2601 586 2758 655 radii,
2807 594 2864 641 et
2925 585 3091 643 fontis
3143 592 3196 641 et
3231 584 3398 652 ﬂuvii,
3449 603 3549 658 per

1960 673 2293 732 individuum
2341 683 2517 732 tamen
2591 689 2878 731 numerum
2935 672 3166 730 duorum
3235 681 3289 729 et
3361 673 3547 748 trium,

1959 763 2111 821 aliter
2138 779 2256 820 eam
2281 764 2349 820 ad
2395 780 2551 822 suam
2600 761 2954 822 nihilominus
2992 761 3318 820 sententiam
3367 761 3547 818 inter-

1960 855 2153 926 pretari
2181 863 2464 922 conantur,
2494 860 2553 911 ut
2596 869 2754 926 aeque
2802 854 2857 908 in
2906 867 3016 908 una
3063 867 3294 923 persona
3339 859 3552 907 utrum-

1958 960 2064 1015 que
2093 945 2445 1018 distinguaut,
2476 945 2687 1002 Patrem
2715 952 2769 999 et
2797 942 3008 1009 Filium,
3062 941 3309 999 dicentes
3356 940 3551 996 Filium

1961 1048 2176 1089 carnem
2233 1049 2385 1100 esse,
2444 1033 2499 1089 id
2553 1042 2637 1090 est
2690 1031 3001 1099 hominem,
3064 1030 3118 1085 id
3175 1038 3258 1086 est
3321 1030 3547 1101 Jesum;

1961 1122 2168 1178 Patrem
2243 1132 2426 1179 autem
2490 1121 2764 1195 spiritum,
2823 1119 2881 1176 id
2940 1128 3021 1176 est
3092 1119 3286 1184 Deum,
3355 1118 3413 1174 id
3471 1125 3556 1176 est

1959 1211 2247 1268 Christum.
2297 1213 2366 1267 Et
2420 1210 2510 1284 qui
2576 1224 2746 1267 unum
2798 1209 3162 1282 eumdemqne
3214 1207 3557 1266 contendunt

1959 1301 2169 1357 Patrem
2197 1309 2253 1358 et
2277 1301 2489 1371 Filium,
2517 1300 2633 1372 jam
2689 1298 2957 1371 incipiunt
2995 1298 3234 1354 dividere
3283 1296 3407 1354 illos
3448 1311 3548 1366 po-

1959 1392 2062 1447 tius
2115 1407 2273 1464 quam
2326 1405 2496 1447 nnare
2540 1389 2680 1460 (44).
2719 1387 2778 1444 Si
2825 1387 2968 1443 enim
3017 1385 3159 1442 alius
3219 1394 3303 1442 est
3352 1386 3550 1450 Jesns,

1958 1480 2096 1537 alius
2149 1479 2427 1547 Christus;
2485 1478 2628 1534 alius
2685 1476 2786 1533 erit
2830 1475 3016 1546 Filius,
3066 1474 3207 1529 alius
3262 1473 3309 1512 ³1
3360 1473 3546 1540 Pater;

1961 1568 2088 1639 quia
2140 1565 2304 1622 Filius
2346 1567 2521 1631 Jesus,
2551 1572 2607 1620 et
2651 1565 2806 1620 Pater
2859 1562 3123 1618 Christus.
3175 1560 3359 1617 Talem
3420 1573 3550 1614 mo-

1960 1654 2228 1712 narchiam
2283 1654 2427 1726 apud
2502 1651 2846 1710 Valentinum
2915 1648 3142 1706 fortasse
3217 1647 3552 1713 didicerunt,

1959 1743 2100 1800 duos
2130 1741 2324 1808 facere,
2352 1742 2538 1798 Jesum
2587 1747 2640 1796 et
2677 1738 2970 1794 Christum.
3010 1737 3118 1792 Sed
3155 1735 3274 1792 hinc
3319 1734 3544 1806 injectio

249 1826 438 1896 spiritu
461 1826 564 1882 Dei
597 1833 652 1880 et
681 1839 932 1882 sermone
961 1832 1017 1884 et
1043 1825 1238 1883 virtute
1258 1828 1468 1884 collatis
1498 1829 1553 1885 in
1582 1811 1847 1904 virginem
1887 1811 1931 1889 Β
1958 1849 2148 1891 eorum
2202 1847 2269 1888 ex
2325 1828 2678 1902 praetractatis
2731 1828 2780 1867 ³²
2834 1828 2946 1898 jam
2999 1833 3185 1881 retusa
3249 1831 3351 1889 εει,
3403 1827 3550 1896 quod

261 1913 404 1982 quod
432 1914 500 1968 de
526 1928 591 1968 ea
615 1912 875 1985 nascitur,
907 1913 1076 1970 Filius
1105 1914 1202 1971 Dei
1240 1924 1323 1972 est
1369 1916 1437 1972 2⁸.
1469 1918 1583 1976 Hoc
1619 1933 1679 1974 se
1709 1929 1764 1975 et
1793 1919 1848 1975 in

259 2001 374 2057 istis
416 2001 724 2074 Enngcliis
765 2001 882 2072 ipse
929 2009 1156 2060 testatur
1193 2005 1369 2060 statim
1422 2023 1452 2063 a
1481 2021 1650 2078 puero
1685 2025 1698 2063 :
1729 2009 1850 2065 Non

246 2091 426 2158 scitis,
458 2090 638 2162 inquit
665 2093 823 2160 (Luc.
851 2092 918 2159 II,
943 2093 1054 2164 49),
1095 2093 1237 2166 quod
1273 2095 1334 2151 in
1361 2096 1554 2152 Patris
1600 2097 1715 2154 ἠιεί
1758 2113 1849 2154 me

239 2194 355 2236 esse
369 2183 603 2250 oportet
622 2179 651 2234 ?
673 2179 787 2235 Hoc
805 2187 856 2234 et
883 2178 1107 2235 Satanas
1125 2196 1249 2236 eum
1268 2182 1319 2236 in
1340 2183 1728 2240 tentationibus
1749 2201 1848 2241 no-

237 2270 305 2323 vit
346 2287 364 2322 :
396 2270 463 2324 Si
483 2269 680 2325 Filius
710 2269 810 2326 Dei
835 2285 889 2328 es
931 2268 1150 2340 (Matth.
1198 2285 1262 2335 η,
1296 2271 1372 2341 3).
1407 2272 1519 2327 Hoc
1564 2281 1618 2327 et
1655 2274 1849 2330 exinde

238 2358 511 2414 daemonia
563 2356 893 2414 conﬁtentur
925 2376 938 2412 :
973 2359 1192 2415 Scimus
1231 2361 1329 2431 qui
1375 2363 1474 2422 sis,
1516 2363 1697 2419 Filius
1726 2365 1844 2419 Dei.

239 2446 440 2502 Patrem
476 2454 540 2501 et
570 2445 696 2517 ipse
723 2445 931 2501 adorat.
949 2445 1220 2502 Christum
1251 2463 1310 2501 se
1331 2447 1428 2502 Dei
1458 2464 1488 2504 a
1509 2449 1665 2506 Petro
1684 2451 1846 2523 agni-

238 2547 342 2591 tum
372 2550 492 2591 non
526 2543 724 2608 negat.
766 2534 1054 2592 Exsultans
1083 2535 1130 2573 29
1159 2535 1214 2590 in
1253 2536 1442 2608 spiritu
1475 2537 1541 2592 ad
1589 2539 1799 2596 Patrem
1829 2561 1843 2596 :

240 2627 543 2693 Conﬁteor,
578 2624 777 2696 inquit,
810 2625 933 2692 tibi,
965 2627 1153 2692 Pater,
1188 2625 1336 2697 quod
1362 2626 1716 2686 absconderis
1730 2630 1848 2686 haec

233 2733 266 2770 α
293 2713 670 2785 sapientibus
701 2713 924 2782 (Matth.
975 2727 1054 2781 xx,
1085 2713 1198 2784 25).
1230 2714 1328 2771 Hic
1371 2729 1590 2789 quoque
1636 2718 1847 2774 Patrem

237 2804 444 2858 nemini
476 2810 662 2858 totum
680 2802 784 2856 nisi
803 2802 936 2858 Filio
958 2802 1209 2859 affirmat.
1234 2803 1301 2859 Et
1322 2803 1492 2860 Patris
1513 2805 1704 2863 Filium
1718 2821 1850 2863 con-

240 2893 513 2949 fessarum
551 2889 925 2958 confessores,
958 2900 1012 2947 et
1049 2900 1369 2966 negaturum
1400 2903 1688 2966 negatores
1718 2913 1850 2954 suos

1956 1922 2148 1979 Sermo
2206 1918 2326 1991 Dei,
2383 1917 2470 1976 vel
2527 1915 2751 1988 spiritus
2796 1915 2892 1971 Dei
2946 1921 3002 1970 et
3064 1913 3238 1969 virtus
3290 1911 3556 1969 Altissimi

1956 2011 2134 2067 dictus
2177 2009 2267 2076 sit,
2317 2023 2477 2078 quem
2515 2008 2727 2063 Patrem
2774 2003 2991 2061 faciunt.
3047 2001 3171 2059 Non
3228 2001 3374 2058 enim
3423 2003 3557 2074 ipsae

1955 2109 2080 2155 sunt
2105 2099 2264 2168 cujus
2291 2097 2564 2164 dicuntur,
2597 2095 2692 2151 sed
2727 2109 2793 2149 ex
2821 2093 2962 2164 ipso,
2999 2097 3053 2147 et
3077 2089 3270 2161 ipsius.
3312 2088 3381 2146 Et
3404 2089 3558 2146 aliter

1956 2196 2134 2244 tamen
2181 2186 2236 2242 in
2291 2187 2396 2242 isto
2452 2183 2688 2257 capitulo
2741 2181 3104 2238 revincentur.
3158 2198 3184 2230 α
3244 2178 3403 2249 Ecce,
3458 2179 3550 2234 in-

1953 2278 2162 2351 quiunt,
2195 2278 2262 2333 ab
2287 2274 2480 2349 angelo
2523 2272 2872 2346 praedicatum
2900 2280 2982 2328 est
3014 2272 3360 2342 :Propterea
3405 2269 3556 2342 quod

1957 2372 2226 2427 nascetur
2255 2368 2552 2431 Sanctum,
2575 2362 2866 2421 vocabitur
2881 2359 3060 2418 Filius
3081 2361 3212 2428 Dei;
3233 2372 3360 2414 caro
3381 2357 3558 2429 itaque

1956 2467 2079 2514 nata
2123 2467 2224 2523 est,
2277 2469 2404 2513 caro
2450 2454 2636 2526 utique
2686 2451 2735 2491 33
2764 2450 2871 2507 erit
2923 2449 3096 2506 Filius
3146 2447 3263 2504 Dei.
3324 2448 3438 2504 Imo
3486 2447 3556 2502 de

1957 2547 2148 2618 spiritu
2179 2545 2276 2601 Dei
2303 2545 2512 2602 dictum
2533 2550 2634 2600 est.
2668 2541 2826 2598 Certe
2853 2537 2997 2596 enim
3029 2538 3098 2593 de
3124 2536 3332 2609 Spiritu
3361 2543 3549 2592 sancto

1954 2638 2118 2709 Virgo
2165 2633 2450 2706 concepit;
2500 2639 2556 2689 et
2595 2629 2741 2705 quod
2796 2628 3068 2700 concepit,
3098 2627 3152 2682 id
3211 2641 3348 2699 ergo
3404 2623 3555 2683 nasci

1955 2727 2209 2792 habebat,
2256 2724 2398 2797 quod
2447 2729 2563 2778 erat
2617 2728 2962 2793 conceptum,
3007 2728 3061 2774 ct
3102 2716 3454 2788 pariendum;
3495 2714 3553 2770 id

1957 2825 2038 2874 est
2066 2815 2306 2887 spiritus,
2335 2813 2492 2883 cuius
2531 2819 2586 2868 et
2628 2808 2911 2867 vocabitur
2951 2822 3151 2863 nomen
3203 2803 3551 2868 Emmanuel,

1957 2904 2100 2976 quod
2131 2911 2214 2959 est
2240 2904 2670 2973 interpretatum,
2716 2898 3030 2957 nobiscum.
3054 2897 3218 2954 Deus.
3265 2893 3403 2950 Caro
3449 2907 3551 2948 au-

245 2981 397 3076 iti-"1Q
426 2981 655 3036 Ρειῑΐθπι
679 2998 704 3076 ς.
727 2980 992 3076 ίιξάιωθιιε
1022 2981 1332 3076 ῐξξιτίώοίθιῐη
1362 2981 1479 3052 ﬁlii:
1512 2999 1624 3042 ηοῐι
1657 2986 1847 3057 PatriS,
1880 2985 1925 3066 θ
1954 3003 2059 3052 tem
2092 2994 2239 3049 Deus
2267 3006 2376 3046 non
2406 2997 2508 3056 est,
2543 2998 2603 3044 ut
2629 2988 2700 3043 de
2741 2987 2831 3042 illa
2875 2985 3080 3042 dictum
3109 2984 3197 3052 sit,
3248 2981 3410 3052 Quod
3457 2998 3549 3038 na-

252 3069 296 3124 in
343 3071 580 3124 vineam
635 3067 784 3124 missi
840 3078 965 3134 post
1012 3070 1220 3142 aliquot
1273 3086 1482 3137 servos,
1515 3081 1570 3129 et
1616 3073 1783 3130 occisi
1821 3089 1855 3130 a

247 3160 392 3214 malis
426 3155 678 3224 rusticis,
714 3169 766 3215 et
804 3159 847 3225 af
880 3167 1033 3231 patre
1068 3159 1312 3230 defensi;
1349 3162 1610 3235 ignorans
1637 3172 1693 3220 et
1738 3163 1855 3236 ipse

241 3247 388 3304 diem
429 3254 486 3303 et
515 3247 718 3318 .horam
766 3247 1008 3304 ultimam
1067 3249 1169 3306 soli
1226 3250 1371 3306 Patri
1420 3259 1621 3322 notam,
1662 3253 1852 3325 dispo-

243 3353 376 3392 nens
408 3352 641 3408 regnum
677 3333 847 3392 190
865 3336 1174 3412 discipulis,
1207 3340 1481 3412 quomodo
1511 3351 1566 3398 et
1602 3342 1705 3401 sibi
1733 3343 1850 3400 dis-

243 3425 487 3496 positum
525 3423 657 3480 dicit
684 3440 717 3479 a
747 3426 942 3497 Patre;
987 3426 1198 3483 habens
1246 3437 1570 3500 potestatem
1608 3432 1854 3509 legiones

240 3515 577 3588 angelorum
609 3515 920 3586 postulandi
946 3516 1016 3571 ad
1044 3516 1306 3574 auxilium
1330 3535 1361 3574 a
1390 3519 1548 3578 Patre
1577 3521 1621 3576 si
1651 3523 1851 3594 vellet;

241 3605 560 3660 exclamans
587 3605 730 3677 quod
760 3621 819 3661 se
850 3607 998 3662 Deus
1025 3606 1357 3680 reliquisset,
1388 3608 1443 3665 in
1480 3610 1653 3667 Patris
1680 3612 1856 3668 mani-

243 3695 350 3750 bus
380 3692 631 3765 spiritum
652 3709 860 3765 ponens
881 3703 933 3751 et
952 3699 1076 3767 post
1097 3699 1552 3755 resurrectionem
1575 3700 1853 3771 spondens

245 3783 554 3838 missurum
608 3793 669 3841 se
724 3783 1008 3857 discipulis
1059 3785 1475 3858 promissionem
1531 3789 1743 3860 Patris;
1797 3802 1853 3848 et

247 3870 552 3927 novissime
578 3873 842 3928 mandans
871 3881 932 3930 ut
962 3875 1274 3951 tinguerent
1300 3876 1355 3932 in
1403 3877 1615 3934 Patrem
1652 3888 1708 3936 et
1754 3880 1850 3936 Fi-

245 3959 385 4013 lium
419 3969 473 4016 et
501 3959 759 4031 Spiritum
791 3970 1055 4029 sanctum,
1097 3977 1207 4020 non
1239 3963 1293 4019 in
1328 3979 1514 4022 unum.
1573 3965 1708 4023 Nam
1755 3983 1854 4025 nec

245 4049 442 4115 semel,
473 4049 567 4104 sed
599 4060 697 4117 ter,
739 4051 808 4107 ad
835 4052 1047 4127 singula
1075 4053 1294 4110 nomina
1342 4052 1399 4111 in
1427 4069 1692 4127 personas
1732 4057 1850 4115 sin-

245 4136 418 4206 gaias
444 4137 758 4242 tingpimur.

805 4291 1028 4350 CAPUT
1064 4293 1294 4350 XXVII.

1957 3090 2142 3140 scetur
2185 3087 2449 3144 sanctum,
2501 3076 2779 3134 vocabitur
2835 3075 2883 3113 3i
2938 3074 3109 3130 Filius
3145 3072 3286 3140 Dei;
3319 3070 3416 3126 sed
3461 3069 3553 3125 ille

1961 3171 2057 3245 qui
2088 3171 2141 3226 in
2171 3186 2234 3227 ea
2263 3176 2424 3224 natus
2450 3173 2550 3232 est,
2581 3165 2730 3221 Deus
2758 3163 2826 3219 de
2853 3175 2960 3233 quo
2979 3168 3033 3216 et
3056 3160 3293 3229 psalmus
3313 3173 3553 3223 Lxxxvt,

1961 3267 2030 3320 ὃς
2059 3261 2339 3328 Quoniam
2358 3259 2498 3315 Deus
2527 3255 2686 3312 homo
2714 3255 2888 3309 natus
2913 3253 2996 3308 est
3023 3250 3088 3304 in
3119 3248 3250 3314 illa,
3281 3249 3337 3302 et
3366 3246 3554 3314 (ediﬁ-

1959 3353 2109 3410 cavit
2128 3365 2254 3406 eam
2282 3348 2574 3404 voluntate
2605 3344 2813 3401 Patris.
2845 3339 2981 3408 Quis
3005 3338 3153 3394 Deus
3173 3335 3229 3390 in
3259 3350 3322 3390 ea
3351 3341 3505 3389 natus
3524 3336 3553 3390 ‘i

1960 3444 2147 3498 Sermo
2203 3445 2258 3494 et
2311 3434 2578 3506 Spiritus,
2634 3431 2728 3505 qui
2784 3445 2909 3486 cum
2965 3439 3213 3484 sermone
3267 3425 3336 3481 de
3379 3423 3555 3479 Patris

1960 3531 2233 3589 voluntate
2281 3532 2440 3581 natus
2484 3530 2587 3579 est.
2628 3520 2800 3594 Igitur
2856 3518 3043 3574 Sermo
3099 3515 3152 3570 in
3210 3528 3388 3577 carne,
3425 3511 3555 3568 dum

1960 3618 2106 3675 etde
2135 3617 2239 3672 hoc
2265 3614 2314 3653 ³⁵
2343 3608 2711 3684 quaerendum,
2755 3603 3028 3680 quomodo
3075 3601 3268 3660 Sermo
3319 3615 3444 3658 caro
3481 3600 3555 3657 sit

1959 3706 2169 3769 factus;
2201 3709 2450 3759 utrumne
2493 3696 2648 3771 quasi
2696 3694 3125 3768 transfiguratus,
3157 3690 3212 3745 in
3257 3703 3439 3756 carne,
3481 3703 3557 3743 an

1959 3795 2182 3851 indutus
2232 3804 2446 3848 carnem
2474 3789 2502 3844 ?
2545 3786 2660 3843 Imo
2717 3783 2960 3840 indutus.
3039 3780 3324 3846 Caeterum,
3382 3778 3556 3832 Deum

1959 3877 2347 3939 immutabilem
2385 3884 2440 3932 et
2484 3871 2880 3931 informabilem
2926 3867 3074 3926 credi
3115 3880 3337 3924 necesse
3387 3862 3542 3921 l9]

1959 3980 2058 4035 est,
2091 3978 2151 4024 ut
2188 3974 2470 4022 aeternum.
2503 3959 2932 4034 Transfiguratio
2988 3963 3174 4013 autem
3221 3951 3557 4024 interemptio

1958 4067 2044 4114 est
2084 4054 2292 4127 pristini
2321 4052 2458 4123 (45).
2507 4051 2682 4110 Omne
2726 4048 2869 4105 enim
2911 4045 3277 4119 quodcunque
3335 4040 3584 4100 transﬁ-t

1958 4153 2181 4222 guratur
2210 4142 2266 4198 in
2291 4141 2458 4211 aliud,
2502 4139 2698 4196 desinit
2733 4153 2855 4194 esse
2881 4136 3024 4209 quod
3078 4136 3274 4199 fuerat,
3319 4141 3375 4188 et
3410 4131 3556 4188 inci-

1961 4220 2041 4307 pit
2086 4248 2204 4290 esse
2241 4229 2387 4302 quod
2435 4241 2546 4284 non
2593 4234 2729 4284 erat.
2761 4226 2908 4282 Deus
2956 4233 3135 4280 autem
3183 4237 3354 4293 neque
3401 4220 3553 4276 desi-

1960 4323 2042 4380 nit
2093 4336 2236 4389 esse,
2292 4331 2468 4390 neque
2511 4314 2662 4370 aliud
2718 4321 2899 4386 potest
2943 4327 3087 4370 esse.
3137 4311 3329 4368 Sermo
3374 4316 3556 4365 autem

309 4407 386 4462 Et
431 4406 562 4479 quid
610 4423 714 4480 ego
758 4407 812 4462 in
862 4417 966 4464 tam
1015 4408 1309 4466 manifestis
1363 4423 1550 4468 moror
1600 4411 1670 4477 ³ο,
1721 4427 1843 4469 cum
1882 4375 1928 4454 Β
1958 4414 2141 4478 Deus;
2173 4375 2428 4466 etserltio
2473 4403 2688 4461 Domini
2725 4409 2910 4458 manet
2955 4401 3010 4456 in
3058 4415 3254 4468 aevum,
3305 4413 3558 4468 perseve-

244 4513 312 4552 ea
371 4497 601 4569 aggredi
646 4499 891 4567 debeam,
940 4499 1005 4556 de
1050 4499 1254 4571 quibus
1301 4497 1584 4556 manifesta
1638 4501 1838 4558 obum-

1949 4500 2118 4557 rando
2157 4497 2363 4556 scilicet
2417 4495 2472 4550 in
2525 4508 2624 4549 sua
2678 4490 2870 4548 forma.
2929 4489 3104 4561 Quem
3160 4487 3205 4543 si
3260 4501 3369 4543 non
3411 4485 3561 4556 capit

1633 4623 1822 4688 Variae
1867 4623 2178 4689 lectiones.

319 4761 374 4798 ³³
405 4759 503 4814 Dei
532 4760 717 4814 omitt.
761 4758 932 4814 Bhen.
955 4756 1005 4796 ³³
1039 4757 1116 4814 Id.
1149 4759 1194 4795 ³⁵
1224 4757 1281 4813 Si
1310 4761 1498 4815 omitt.
1531 4759 1701 4816 Seml.
1741 4759 1790 4797 2⁵

1818 4758 1937 4828 Qua
1964 4760 2087 4814 Lat.
2128 4755 2178 4794 26

2223 4754 2358 4823 Quae
2382 4750 2557 4823 Rhea.
2590 4747 2639 4788 ³⁷
2666 4748 2771 4823 Qui
2803 4747 2974 4823 sem}.
3025 4746 3075 4783 ³8
3112 4743 3179 4823 Si_
3203 4739 3557 4823 adma-Rhea.

245 4831 294 4868 ε’
327 4831 599 4885 lnsultans
630 4831 808 4887 Venet.
851 4829 900 4866 ³ο
926 4827 1180 4884 Morabor
1200 4814 1372 4886 Rhea.
1395 4830 1442 4868 31
1485 4814 1945 4890 Aliusdeesth'n.
1979 4829 2153 4887 Rhen.
2186 4814 2584 4882 3‘3‘Retraetatis
2616 4814 2792 4878 Bitian.
2826 4819 2875 4858 33
2923 4819 3107 4890 Itaque
3147 4817 3323 4874 Rhen.
3348 4814 3396 4853 3i
3449 4814 3558 4869 Vo-

241 4904 460 4958 cabitur
492 4909 735 4957 sanctum
765 4900 939 4957 Rhen.
970 4900 1020 4938 ³⁵
1057 4900 1304 4968 Denique
1334 4902 1438 4958 hoc
1466 4901 1657 4958 Latin.

1654 5026 2162 5090 Commentarius.

318 5138 440 5202 (44)
475 5133 727 5190 Dividere
755 5135 880 5191 illos
909 5135 1102 5206 potius
1123 5151 1292 5206 quam
1320 5151 1521 5192 unare.
1558 5133 1736 5206 Unare
1761 5135 1852 5189 in-

241 5219 370 5278 quit
398 5209 716 5278 Rhenanus,
757 5205 978 5277 simplex
1009 5206 1236 5278 verbum
1265 5215 1512 5278 usurpat,
1555 5205 1700 5262 unde
1748 5221 1850 5261 nos

243 5275 495 5336 adunare
549 5277 780 5332 dicimus
833 5275 888 5334 et
944 5275 1270 5348 coadunare.
1331 5277 1651 5348 Quanquam
1719 5292 1850 5333 vero

245 5359 367 5406 tres
412 5366 552 5407 mss.
597 5349 841 5404 Vaticani
880 5349 1012 5422 cod.
1037 5347 1239 5422 legant
1267 5351 1454 5422 unire,
1489 5347 1682 5422 tamen
1715 5348 1854 5404 reti-

244 5425 478 5479 nuimus
516 5437 719 5491 unare,
749 5421 895 5492 quod
937 5418 1247 5477 Africanam
1293 5418 1466 5490 magis
1503 5419 1725 5490 phrasin
1769 5437 1857 5476 re-

241 5493 893 5635 doéggifdzsﬁgumtio
905 5570 1098 5620 autem
1118 5562 1485 5634 interemptio
1499 5566 1583 5618 est
1593 5563 1830 5634 pristini
1837 5603 1853 5618 .

1959 5133 2107 5188 Facit
2137 5131 2222 5187 hic
2250 5130 2403 5188 locus
2445 5142 2544 5198 pro
2574 5123 3239 5202 transsubstaptiatione,
3268 5136 3430 5202 quam
3472 5135 3566 5202 ca-

1962 5203 2144 5260 tholici
2217 5203 2268 5258 in
2343 5194 2675 5259 sacramento
2726 5194 3072 5254 Eucharistiae
3152 5199 3440 5257 asserunt,
3507 5194 3563 5247 in

1958 5275 2326 5345 assumptione
2400 5287 2532 5346 vero
2597 5269 2951 5346 humanitatis
2987 5265 3213 5346 ‘Christi
3283 5272 3485 5336 negant
3546 5280 3561 5315 :

1963 5337 2262 5418 utpote'qui
2291 5342 2783 5418 justaSymbolum
2817 5343 2873 5396 Β.
2924 5337 3224 5418 Athanasii,
3271 5346 3560 5418 unusﬂnon

1962 5407 2312 5474 conversione
2358 5407 2650 5473 divinitatis
2695 5413 2751 5468 in
2796 5425 3037 5476 carnem,
3070 5407 3167 5464 sed
3193 5407 3564 5473 assumptione

1965 5489 2313 5545 humanitatis
2343 5488 2399 5544 in
2431 5489 2624 5544 Deum.
2655 5484 2794 5543 Pan.
