4032 6152
345 367 352 371 _
451 275 558 338 215

1131 271 1575 335 TERTULLIANI
1614 271 1884 334 OPERUM
1928 273 2096 336 PARS
2117 271 2203 336 .ll.
2241 308 2312 322 —
2346 275 2572 339 SERIES
2610 279 2654 339 Ι.
2695 275 3046 339 POLEMICA.

3627 275 3737 336 216

453 400 829 476 transﬁgurari
871 399 942 470 36,
977 399 1316 472 consequens
1343 407 1445 467 est,
1479 405 1538 455 ut
1573 399 1654 454 sic
1700 413 1828 455 caro
1872 398 2046 456 iactus
2077 413 2125 495 λ
2156 414 2331 474 neque
2378 401 2600 474 spiritus
2642 415 2789 458 caro.
2839 401 2899 456 In
2942 413 3052 456 uno
3094 389 3259 470 plane
3311 411 3433 454 esse
3487 405 3741 470 possunt.

451 489 787 562 intelligatur
815 489 944 544 dum
984 487 1049 545 ﬁt
1074 486 1122 528 ³⁷
1153 488 1206 544 in
1247 503 1427 556 carne,
1458 496 1512 544 et
1560 485 1959 558 manifestatur,
1991 497 2046 546 et

451 579 682 650 videtur,
725 588 779 636 et
823 585 1189 637 contractatur
1225 593 1326 650 per
1371 592 1588 634 carnem
1621 593 1634 632 :
1664 578 1790 650 quia
1835 586 1888 634 et
1932 593 2044 634 cae-

452 678 570 726 tera
615 671 694 728 sic
739 670 909 742 accipi
937 670 1203 743 exigunt:
1251 667 1307 724 Si
1337 667 1480 724 enim
1508 669 1698 726 Sermo
1744 684 1816 726 ex
1863 677 2044 726 trans-

450 758 776 832 ﬁguratione
821 769 876 815 et
925 755 1296 814 demutatione
1345 757 1656 814 substantiae
1705 773 1830 815 caro
1873 758 2047 815 factus

449 856 551 914 est,
601 864 708 903 una
751 849 861 917 jam
907 847 1011 903 erit
1058 846 1107 886 33
1143 846 1447 902 substantia
1493 847 1655 902 Iesus
1701 863 1764 904 ex
1811 848 2041 917 duabus,

446 954 510 993 ex
557 952 718 994 carne
748 946 804 993 et
851 936 1044 1009 spiritu
1091 937 1325 992 mixtura
1371 935 1643 1009 quaedam,
1676 946 1734 992 ut
1787 937 2042 993 electrum

445 1043 513 1082 ex
563 1041 699 1082 auro
730 1033 785 1082 et
843 1034 1108 1100 argento;
1150 1033 1204 1082 et
1230 1024 1421 1097 incipit
1448 1038 1552 1080 nec
1582 1041 1768 1081 aurum
1817 1041 1957 1093 esse,
1990 1026 2045 1082 id

444 1121 527 1170 est
582 1113 830 1186 spiritus,
881 1129 1059 1186 neque
1115 1121 1424 1188 argentum,
1471 1113 1526 1168 id
1566 1122 1668 1183 est,
1718 1128 1867 1186 caro,
1915 1114 2041 1170 dum

441 1205 669 1260 alterum
728 1205 896 1261 altero
943 1211 1201 1273 mutatur,
1252 1212 1308 1259 et
1349 1203 1566 1259 tertium
1611 1203 1740 1275 quid
1773 1203 2041 1261 efficitur.

438 1295 628 1364 Neque
649 1308 781 1366 ergo
812 1294 958 1349 Deus
973 1293 1074 1349 erit
1098 1294 1277 1350 Iesus.
1308 1293 1499 1349 Sermo
1529 1292 1671 1350 enim
1699 1293 1862 1350 desiit
1899 1309 2040 1364 esse,

445 1382 540 1454 qui
571 1379 696 1438 caro
728 1382 902 1438 iactus
932 1390 1045 1449 est;
1071 1397 1251 1454 neque
1279 1396 1424 1447 caro,
1456 1381 1510 1437 id
1532 1388 1615 1438 est
1633 1383 1795 1441 homo
1823 1383 1891 1451 39,
1915 1398 2042 1441 caro

446 1470 591 1526 enim
622 1486 730 1527 non
759 1470 978 1543 prOprie
1001 1479 1105 1542 est,
1123 1470 1220 1541 qui
1251 1470 1301 1509 ἰο
1327 1471 1517 1527 Sermo
1547 1470 1667 1526 fuit.
1701 1473 1782 1527 Ita
1809 1487 1870 1528 ex
1900 1480 2043 1530 utro-

445 1574 552 1632 que
599 1567 848 1616 neutrum
903 1567 1020 1630 est;
1067 1559 1217 1614 aliud
1266 1558 1431 1632 longe
1486 1559 1703 1616 tertium
1749 1572 1850 1631 est,
1881 1576 2040 1635 quam

444 1655 754 1727 utrumque.
785 1647 888 1703 Sed
917 1648 1058 1704 enim
1082 1648 1383 1705 invenimus
1404 1648 1554 1703 illum
1571 1648 1776 1706 directo
1797 1659 1851 1706 et
1870 1651 2038 1708 Deum

437 1745 488 1792 et
535 1739 808 1794 hominem
854 1739 1184 1810 expositum,
1236 1741 1355 1810 ipso
1403 1739 1506 1794 hoc
1550 1740 1766 1812 psalmo
1829 1758 2041 1815 sugge-

437 1836 608 1896 rente,
633 1830 899 1901 quoniam
921 1831 1062 1885 Deus
1095 1830 1254 1887 homo
1284 1833 1459 1886 natus
1489 1833 1575 1887 est
1603 1831 1668 1885 in
1697 1831 1876 1897 illa“,
1902 1831 2042 1888 (edi-

443 1917 641 1985 ﬁcavit
671 1931 798 1973 eam
842 1920 1138 1976 voluntate
1185 1919 1417 1987 Patris;
1464 1929 1611 1976 certe
1655 1935 2046 1994 usquequaque

439 2005 632 2061 Filium
690 2006 789 2062 Dei
847 2015 900 2063 et
945 2006 1118 2064 ﬁlium
1161 2008 1421 2080 hominis,
1448 2024 1568 2065 cum
1617 2009 1795 2066 Deum
1837 2019 1890 2067 et
1936 2013 2041 2067 ho-

443 2094 642 2150 minem
677 2094 798 2150 sine
826 2095 992 2152 dubio
1021 2097 1322 2152 secundum
1354 2106 1641 2170 utramque
1681 2100 2039 2156 substantiam

443 2182 496 2237 in
543 2199 638 2239 sua
685 2184 1019 2257 proprietate
1052 2184 1344 2243 distantem
1385 2204 1398 2240 :
1449 2187 1575 2258 quia
1622 2203 1800 2260 neque
1847 2187 2036 2247 Sermo

441 2272 588 2328 aliud
638 2289 795 2347 quam
827 2275 993 2344 Deus,
1050 2289 1230 2348 neque
1277 2290 1406 2332 caro
1455 2275 1604 2332 aliud
1642 2293 1804 2350 quam
1848 2278 2036 2335 homo.

437 2362 526 2419 Sic
554 2371 606 2418 et
635 2362 950 2436 Apostolus.
985 2365 1163 2434 (Rom.
1198 2380 1234 2430 ι,
1266 2367 1361 2435 37)
1392 2365 1458 2421 de
1485 2375 1716 2437 utraque
1744 2368 1865 2437 ejus
1911 2370 2037 2424 sub-

435 2450 631 2507 stantia
659 2452 866 2508 docet:
919 2454 1023 2523 Qui
1069 2457 1262 2525 factus
1319 2459 1424 2522 est,
1460 2454 1659 2525 inquit,
1710 2470 1783 2512 ex
1821 2457 2037 2515 semine

435 2541 632 2596 David.
683 2541 782 2596 llic
832 2541 934 2596 erit
982 2542 1145 2598 homo
1198 2549 1251 2599 et
1305 2539 1450 2598 ﬁlius
1504 2543 1761 2608 hominis,
1792 2544 1885 2614 qui
1931 2545 2035 2600 de-

434 2627 618 2684 ﬁnitus
645 2639 724 2684 est
758 2629 929 2686 Filius
974 2631 1073 2685 Dei
1104 2631 1404 2703 secundum
1452 2631 1730 2703 spiritum.
1784 2633 1883 2687 Hic
1933 2633 2037 2690 erit

435 2717 601 2788 Deus,
634 2725 690 2774 et
733 2717 922 2776 Sermo
955 2719 1052 2776 Dei
1099 2717 1559 2792 ﬁlius.\Videmus
1607 2720 1878 2792 duplicem
1927 2731 2036 2778 sta-

440 2814 553 2862 tum
581 2821 691 2864 non
720 2808 1026 2878 confusum,
1079 2809 1174 2865 sed
1213 2808 1566 2881 corijunctum
1614 2809 1668 2865 in
1704 2825 1808 2866 una
1845 2826 2034 2882 perso-

439 2910 508 2950 na
561 2894 700 2966 (46),
755 2897 926 2952 Deum
980 2906 1036 2954 et
1090 2898 1364 2955 hominem
1425 2900 1630 2956 Iesum.
1687 2900 1766 2956 De
1820 2900 2037 2957 Christo

435 3073 636 3146 prietas
685 3073 1132 3152 substantiaejut
1189 3087 1247 3134 et
1293 3079 1516 3150 spiritus
1564 3096 1650 3136 res
1696 3096 1824 3137 suas
1865 3080 2057 3152 egerit-

2153 488 2233 546 Ex
2262 488 2346 545 his
2389 491 2550 547 Iesus
2588 487 2841 556 constitit,
2873 503 2940 546 ex
2987 501 3151 545 carne
3199 487 3383 555 homo,
3435 499 3498 541 ex
3546 485 3744 558 spiritu

2153 577 2322 644 Deus,
2351 595 2514 651 quem
2540 585 2670 636 tunc
2693 577 2926 650 angelus
2971 593 3036 634 ex
3083 591 3150 633 ea
3191 582 3346 648 parte
3373 590 3483 648 qua
3520 574 3747 646 spiritus

2153 676 2286 735 erat,
2318 667 2414 725 Dei
2444 668 2638 725 Filium
2665 667 3052 740 pronuntiavit,
3095 681 3319 722 servans
3365 663 3512 722 carni
3540 664 3738 720 Filium

2152 756 2390 813 hominis
2427 756 2554 814 dici.
2605 756 2695 814 Sic
2731 765 2786 813 et
2829 755 3129 828 Apostolus
3167 755 3330 812 etiam
3387 755 3482 810 Dei
3532 762 3586 811 et
3637 754 3745 810 ho-

2155 845 2362 902 minum
2391 847 2671 919 appellans
2701 851 3034 918 sequestrem
3065 843 3130 916 (Ι.
3179 846 3315 901 Tim.
3349 858 3410 910 tt,
3432 841 3510 914 5),
3542 843 3743 899 utrius-

2153 951 2259 1006 que
2297 936 2614 992 substantite
2657 933 3011 992 conﬁrmavit.
3062 932 3367 992 Novissime
3405 931 3499 1005 qui
3543 931 3746 988 Filium

2153 1025 2251 1080 Dei
2309 1040 2527 1082 carnem
2591 1023 2982 1096 interpretaris,
3050 1022 3246 1078 exhibe
3299 1021 3390 1095 qui
3459 1020 3528 1078 sit
3601 1021 3748 1077 ﬁlius

2154 1114 2409 1170 hominis.
2460 1115 2574 1172 Aut
2618 1113 2885 1187 numquid
2923 1110 3140 1184 spiritus
3186 1109 3337 1167 erit?
3385 1110 3483 1166 sed
3522 1109 3749 1181 spiritus

2156 1204 2369 1260 Patrem
2435 1204 2610 1276 ipsum
2659 1204 2743 1260 vis
2815 1201 3038 1269 haberi;
3099 1199 3227 1272 quia
3277 1201 3427 1256 Deus
3495 1199 3743 1271 spiritus,

2152 1293 2306 1366 quasi
2334 1307 2443 1350 non
2473 1302 2528 1350 et
2553 1293 2652 1351 Dei
2682 1291 2904 1373 spiritus
2935 1307 2948 1348 :
2983 1290 3123 1347 sicut
3158 1298 3214 1346 et
3258 1303 3436 1348 sermo
3478 1289 3641 1357 Deus,
3693 1297 3751 1346 et

2151 1383 2247 1439 Dei
2276 1396 2473 1442 sermo.

2704 1525 2932 1582 CAPUT
2957 1511 3206 1582 XXVIII.

2220 1652 2408 1726 Itaque
2456 1650 2731 1708 Christum
2776 1651 2915 1708 facis
2961 1653 3210 1720 Patrem,
3258 1647 3596 1717 stultissime,
3649 1649 3744 1721 qui

2153 1757 2252 1799 nec
2279 1741 2454 1814 ipsam
2500 1742 2608 1798 vim
2655 1740 2914 1813 inspicias
2945 1739 3181 1796 nominis
3229 1739 3414 1810 hujus,
3464 1738 3508 1794 si
3557 1746 3744 1794 tamen

2155 1847 2351 1888 nomen
2378 1842 2460 1888 est
2485 1831 2748 1897 Christus,
2783 1839 2836 1886 et
2874 1846 2983 1887 non
3022 1830 3312 1902 appellatio
3351 1828 3568 1900 potius;
3599 1845 3746 1886 unc-

2156 1927 2248 1979 tus
2277 1922 2327 1960 ‘3
2383 1922 2527 1978 enim
2580 1920 2931 1994 signiﬁcatur.
2991 1923 3196 1980 Unctus
3235 1926 3416 1974 autem
3471 1933 3572 1974 nos
3624 1933 3745 1974 ma-

2151 2011 2237 2085 gis
2287 2025 2488 2068 nomen
2550 2021 2649 2079 est,
2698 2026 2864 2082 quam
2917 2011 3176 2079 vestitus,
3222 2023 3380 2081 quam
3433 2007 3742 2075 calceatus,

2150 2101 2404 2158 accidens
2441 2098 2644 2155 nomini
2703 2113 2808 2155 res.
2844 2097 2929 2154 An
2961 2105 3018 2153 tu
3053 2097 3120 2166 ‘9,
3163 2097 3210 2152 si
3249 2113 3314 2153 ex
3343 2097 3528 2169 aliquo
3576 2111 3743 2168 argu-

2150 2197 2330 2244 mento
2375 2190 2613 2246 vestitus
2658 2201 2874 2260 quoque
2918 2194 3204 2244 vocaretur
3243 2186 3426 2250 Iesus,
3467 2185 3744 2257 quomodo

2153 2279 2407 2336 Christus
2475 2278 2543 2331 ab
2608 2275 2876 2332 unctionis
2932 2281 3287 2333 sacramento.
3342 2289 3494 2344 aeque
3550 2274 3743 2329 Iesum

2147 2365 2340 2422 Filium
2385 2363 2484 2421 Dei
2533 2363 2760 2430 diceres,
2791 2366 3058 2422 vestitum
3114 2377 3244 2419 vero
3297 2361 3504 2417 Patrem
3559 2363 3747 2418 crede-

2146 2455 2273 2512 res?
2301 2454 2458 2512 Nunc
2507 2452 2572 2511 de
2623 2452 2855 2510 Christo.
2890 2453 2949 2509 Si
2985 2453 3145 2508 Pater
3171 2450 3436 2506 'Christus
3493 2457 3590 2516 est,
3643 2450 3749 2505 Pa-

2148 2551 2227 2600 ter
2253 2552 2448 2600 unctus
2496 2552 2599 2613 est,
2633 2552 2686 2598 et
2713 2543 2902 2613 utique
2951 2542 3020 2597 ab
3065 2540 3191 2596 alio.
3239 2541 3348 2594 Aut
3392 2539 3501 2596 sia
3547 2549 3745 2595 semet-

2122 2633 2290 2713 lipso,
2337 2634 2528 2705 proba.
2582 2631 2693 2688 Sed
2751 2647 2860 2686 non
2907 2630 2981 2686 ita
3029 2629 3225 2686 docent
3281 2629 3416 2685 Acta
3469 2629 3748 2698 apostolo-

2152 2739 2291 2792 rum,
2351 2722 2404 2777 in
2457 2723 2546 2778 illa
2599 2720 2985 2779 exclamatione
3037 2719 3295 2776 Ecclesiae
3349 2718 3398 2756 ⁵ο
3445 2717 3512 2772 ad
3567 2719 3747 2774 Deum

2147 2815 2294 2885 (Act.
2327 2828 2403 2879 ιν,
2445 2815 2535 2884 2³7)
2565 2813 2961 2871 Convenerunt
2991 2811 3145 2867 enim
3175 2809 3429 2866 universi
3456 2809 3518 2863 in
3534 2810 3645 2864 ista
3663 2810 3748 2865 ci-

2147 2905 2330 2962 vitate
2369 2901 2629 2958 adversus
2672 2905 2939 2957 sanctum
2985 2900 3197 2956 Filium
3244 2901 3409 2954 tuum
3455 2898 3644 2955 Iesum
3693 2898 3742 2934 51

2149 3079 2220 3136 ita
2249 3088 2302 3136 et
2330 3079 2523 3136 Filium
2555 3079 2651 3135 Dei
2697 3080 2882 3135 Iesum
2928 3076 3210 3134 contestati
3260 3083 3404 3145 sunt,
3457 3083 3510 3131 et
3543 3073 3741 3130 Filium

437 2991 620 3039 autem
667 2983 860 3042 diﬁ‘ero
890 2987 1063 3224 “2.?
1098 2987 1238 3044 adeo
1270 2989 1418 3046 salva
1457 2995 1541 3046 est
1570 2989 1858 3061 utriusque
1906 3006 2035 3073 pro-
2067 2999 2111 3078 ο
2147 3009 2310 3064 quem
2341 2992 2590 3062 tinxisti,
2623 2989 2860 3046 Herodes
2897 2997 2948 3044 et
2974 2989 3178 3044 Pilatus
3207 3003 3331 3043 cum
3376 2984 3743 3052 Nationibus;

437 3073 636 3146 prietas
685 3077 1004 3134 substantiae
1074 3087 1132 3134 ut
1189 3087 1247 3134 et
1293 3079 1516 3150 spiritus
1564 3096 1650 3136 res
1696 3096 1824 3137 suas
1865 3080 2057 3152 egerit
2149 3079 2220 3136 ita
2249 3088 2302 3136 et
2330 3079 2523 3136 Filium
2555 3079 2651 3135 Dei
2697 3080 2882 3135 Iesum
2928 3076 3210 3134 contestati
3260 3083 3404 3145 sunt,
3457 3083 3510 3131 et
3543 3073 3741 3130 Filium

437 3163 486 3218 in
531 3163 647 3224 illo.
680 3165 735 3220 id
766 3175 849 3222 est
895 3169 980 3224 vir
1044 3176 1126 3224 tes
1173 3175 1224 3224 et
1271 3183 1436 3224 onera
1490 3175 1544 3223 et
1574 3169 1752 3224 signa.
1811 3177 1864 3224 et
1910 3183 2037 3224 caro
2147 3185 2179 3224 a
2209 3170 2365 3224 Patre
2395 3175 2634 3224 unctum.
2666 3167 2814 3224 Ergo
2851 3168 3009 3223 Iesus
3049 3165 3098 3204 ⁵³
3127 3164 3267 3220 idem
3326 3164 3429 3221 erit
3469 3163 3729 3224 Christus,

430 3163 486 3218 in
531 3163 647 3232 illo,
680 3165 735 3220 id
766 3175 849 3222 est
895 3163 1126 3225 virtutes
1173 3175 1224 3224 et
1271 3183 1436 3240 opera
1490 3175 1544 3223 et
1574 3169 1752 3240 signa,
1811 3177 1864 3224 et
1910 3183 2037 3224 caro

432 3253 713 3324 passiones
768 3273 894 3311 suas
950 3256 1135 3312 functa
1182 3256 1274 3326 sit,
1330 3255 1574 3310 esuriens
1627 3257 1729 3312 sub
1791 3255 2032 3322 diabolo,

436 3342 624 3398 sitiens
697 3343 797 3398 sub
871 3343 1211 3410 Samnritide,
1285 3343 1422 3398 ﬂens
1509 3344 1810 3409 Lazarum,
1879 3343 2038 3399 anxia

440 3446 607 3503 usque
661 3431 728 3484 ad
774 3439 1040 3503 mortem;
1081 3430 1314 3503 denique
1368 3439 1421 3486 et
1473 3439 1684 3486 mortua
1731 3439 1830 3487 est.
1879 3430 2036 3500 Quod

439 3519 485 3575 si
541 3518 756 3577 tertium
813 3519 943 3591 quid
1000 3528 1142 3576 esset
1195 3537 1259 3576 ex
1318 3527 1551 3592 utroque
1605 3519 1908 3591 confusum,
1979 3527 2039 3576 ut

439 3609 726 3679 electrum,
796 3623 906 3664 non
978 3617 1084 3664 tam
1155 3607 1408 3666 distincta
1487 3609 1807 3665 documenta
1875 3619 2034 3681 pate-

437 3705 555 3752 rent
584 3697 862 3768 utriusque
891 3697 1226 3752 substantia}.
1263 3697 1368 3753 Sed
1409 3705 1464 3753 et
1511 3697 1732 3768 spiritus
1781 3698 2034 3769 carnalia,

436 3792 489 3840 et
538 3798 664 3839 caro
719 3783 984 3854 spiritalia
1017 3782 1182 3840 192
1209 3784 1448 3855 egissent
1467 3786 1517 3823 4³
1547 3800 1612 3839 ex
1644 3786 2033 3855 translatione,

433 3881 524 3929 aut
575 3872 625 3911 ἰδ
662 3887 834 3944 neque
865 3873 1128 3937 carnalia,
1169 3889 1346 3946 neque
1393 3873 1674 3945 spiritalia,
1724 3875 1819 3930 sed
1868 3874 2037 3931 tertia:

435 3963 664 4033 alicujus
719 3961 927 4032 formae,
978 3979 1044 4020 ex
1101 3962 1423 4020 confusione
1475 3981 1488 4019 :
1540 3964 1649 4021 imo
1709 3973 1802 4021 aut
1861 3980 2036 4022 sermo

439 4061 686 4109 mortuus
715 4061 879 4119 CSSOI,
913 4062 1004 4109 aut
1031 4069 1158 4111 caro
1203 4063 1418 4111 mortua
1464 4071 1573 4111 non
1621 4063 1787 4124 esset,
1833 4057 1881 4113 SI
1914 4071 2037 4112 801⁸-

444 4156 532 4198 mo
561 4156 856 4198 conversus
885 4150 1031 4200 esset
1061 4144 1113 4198 in
1144 4158 1362 4200 carnem
1390 4161 1406 4212 ;
1435 4151 1528 4199 aut
1572 4161 1700 4202 caro
1747 4146 1891 4202 enim
1932 4145 2036 4201 im-

441 4233 689 4288 mortalis
717 4231 932 4302 fuisset,
963 4241 1056 4289 aut
1084 4249 1265 4290 sermo
1294 4234 1562 4291 mortalis.
1595 4235 1698 4292 Sed
1746 4235 1875 4308 quia
1911 4236 2038 4290 sub-

441 4322 653 4378 stantiae
700 4321 875 4376 ambte
933 4321 984 4376 in
1043 4331 1182 4379 statu
1237 4339 1340 4381 suo
1395 4341 1626 4400 quaeque
1681 4324 1934 4382 distincte
1991 4325 2041 4363 ιδ

2147 3185 2179 3224 a
2209 3170 2365 3226 Patre
2395 3175 2634 3226 unctum.
2666 3167 2814 3239 Ergo
2851 3168 3009 3223 Iesus
3049 3165 3098 3204 ⁵³
3127 3164 3267 3220 idem
3326 3164 3429 3221 erit
3469 3163 3729 3228 Christus,

2146 3258 2239 3330 qui
2297 3273 2328 3312 a
2382 3258 2537 3312 Patre
2591 3265 2785 3313 unctus
2844 3264 2949 3324 est,
3011 3271 3118 3312 non
3165 3256 3340 3310 Pater.
3398 3252 3486 3323 qui
3545 3250 3737 3307 Fllium

2149 3346 2322 3402 unxit.
2353 3345 2439 3403 Sic
2467 3353 2520 3402 et
2547 3345 2736 3402 Petrus
2765 3344 2909 3416 (Act.
2946 3357 3005 3411 Il,
3041 3343 3130 3412 36)
3165 3360 3178 3395 :
3221 3342 3571 3399 Firmissime
3617 3340 3741 3395 ita-

2147 3452 2250 3510 que
2278 3438 2568 3508 cognoscat
2598 3437 2782 3493 omnis
2827 3435 3020 3490 domus
3052 3433 3242 3497 Israel,
3287 3433 3430 3504 quod
3465 3434 3519 3488 et
3545 3431 3741 3488 Domi-

2148 3541 2290 3580 num
2309 3529 2365 3581 et
2390 3523 2697 3586 Christum,
2722 3522 2782 3577 id
2810 3526 2892 3579 est
2921 3525 3184 3585 unctum,
3208 3520 3409 3591 fecerit
3439 3535 3564 3576 eum
3595 3521 3744 3576 Deus

2149 3613 2297 3672 hunc
2316 3615 2527 3678 Iesum,
2561 3629 2725 3687 quem
2753 3625 2846 3668 vos
2873 3611 3260 3681 cruciﬁxistis.
3293 3609 3529 3666 Joannes
3557 3616 3740 3664 autem

2149 3703 2374 3772 (lIoan.
2408 3713 2468 3767 n',
2499 3701 2590 3764 22)
2617 3699 2778 3755 etiam
2810 3695 2973 3755 I93
3019 3699 3346 3756 mendacem
3387 3703 3537 3752 notat
3586 3713 3739 3763 eum,

2145 3794 2241 3863 qui
2266 3792 2556 3862 negaverit
2579 3791 2772 3846 Iesum
2801 3803 2917 3845 esse
2951 3788 3236 3844 Christum
3262 3803 3276 3840 :
3307 3791 3512 3850 contra,
3534 3784 3601 3842 de
3630 3786 3742 3842 Deo

2145 3880 2363 3945 datum,
2383 3895 2606 3936 omnem
2622 3881 2720 3952 qui
2747 3878 3051 3936 crediderit
3080 3879 3266 3936 Iesum
3287 3891 3400 3932 esse
3426 3875 3742 3931 Christum.

2144 3969 2368 4038 Pr0pter
2420 3969 2567 4040 quod
2624 3976 2678 4022 et
2730 3968 2980 4023 hortatur
3054 3975 3115 4021 ut
3178 3963 3469 4022 credamus
3529 3964 3738 4019 nomini

2143 4054 2263 4112 Filii
2309 4058 2430 4128 ejus
2476 4058 2605 4113 Iesu
2643 4056 2880 4124 Christi,
2932 4063 2992 4112 ut
3046 4054 3255 4112 scilicet
3304 4053 3614 4110 communio
3665 4053 3741 4109 sit

2147 4145 2307 4202 nobis
2353 4161 2474 4202 cum
2513 4147 2691 4212 Patre,
2732 4155 2787 4201 et
2831 4143 2965 4201 Filio
3003 4144 3122 4215 ejus
3167 4145 3298 4200 Iesu
3353 4141 3584 4200 Christo.
3645 4142 3741 4198 Sic

2151 4243 2206 4291 et
2231 4236 2428 4293 Paulus
2454 4236 2653 4308 ubique
2681 4239 2853 4292 Deum
2880 4237 3109 4293 Patrem
3145 4235 3328 4308 ponit,
3358 4238 3415 4288 et
3434 4234 3741 4290 Dominum

2160 4330 2417 4383 nostrum
2447 4327 2637 4381 Iesum
2671 4324 2976 4381 Christum.
3010 4322 3146 4379 Cum
3173 4321 3244 4377 ad
3273 4322 3548 4377 Romanos
3588 4321 3648 4385 (ι.
3681 4319 3741 4390 8)

438 4411 694 4486 agebant,
727 4412 850 4467 ideo
889 4411 998 4467 illis
1035 4420 1088 4468 et
1126 4429 1306 4484 operae
1335 4421 1389 4470 et
1417 4415 1602 4471 exitus
1646 4415 1730 4471 sui
1781 4428 2037 4470 occurre-
2071 4412 2116 4490 υ
2147 4412 2352 4485 scribit,
2395 4414 2607 4485 gratias
2662 4414 2779 4485 agit
2826 4414 2929 4469 Deo
2968 4427 3074 4484 per
3118 4411 3417 4467 Dominum
3470 4413 3737 4464 nostrum

435 4507 582 4558 runt.
613 4501 772 4558 Disce
803 4501 973 4574 igitur
1009 4517 1136 4558 cum
1162 4503 1459 4560 Nicodemo
1489 4520 1503 4558 :
1545 4505 1689 4573 Quia
1719 4504 1861 4576 quod
1893 4505 1957 4559 in
1985 4504 2035 4541 ’⁸⁷

439 4607 610 4650 carne
637 4597 845 4650 natum
873 4596 977 4659 est,
1009 4609 1139 4649 caro
1170 4599 1271 4660 est,
1293 4596 1348 4648 et
1394 4593 1539 4665 quod
1567 4593 1632 4650 de
1668 4594 1877 4666 spiritu
1918 4594 2035 4666 spi-

440 4683 587 4738 ritus
637 4687 741 4741 est.
792 4681 1004 4752 (Ioan.,
1062 4690 1148 4752 nt,
1180 4681 1258 4751 6.)
1287 4681 1477 4753 Neque
1523 4696 1651 4740 caro
1681 4681 1904 4754 spiritus
1951 4680 2029 4749 ﬁt,

2145 4503 2334 4558 Iesum
2375 4501 2689 4557 Christum.
2737 4500 2871 4554 Cum
2908 4499 2976 4554 ad
3021 4499 3249 4556 Galatas
3295 4499 3357 4567 (ι,
3396 4498 3469 4568 1),
3514 4514 3631 4554 non
3667 4500 3740 4555 ab

2145 4589 2463 4648 hominibus
2485 4606 2542 4646 se
2563 4589 2877 4662 apostolum
2892 4591 3157 4662 prta/ert,
3173 4602 3276 4644 nec
3293 4602 3396 4659 per
3428 4585 3736 4650 hominem,

2141 4681 2236 4738 sed
2251 4698 2355 4754 per
2371 4682 2556 4738 Iesum
2583 4677 2886 4751 Christum,
2909 4684 2966 4736 et
2989 4681 3164 4737 Deum
3193 4679 3442 4734 Patrem.
3473 4675 3539 4731 Et
3564 4675 3741 4732 habes

1797 4838 1990 4901 Variae
2031 4841 2342 4902 lectiones.

506 4969 555 5008 35
584 4968 916 5040 Conﬁgurari
977 4970 1151 5027 Rhen.
1175 4970 1223 5010 ³⁷
1255 4971 1338 5027 Sit
1367 4974 1534 5028 Fran.
1567 4972 1618 5010 3⁸
1649 4971 1775 5026 Erat
1807 4972 1981 5028 Rhen.
2016 4970 2066 5010 39
2115 4971 2305 5038 Neque
2333 4969 2495 5025 homo
2533 4985 2658 5025 caro
2686 4970 2864 5027 Rhen.
2906 4972 2954 5009 40
2981 4969 3121 5039 Quia
3151 4971 3325 5027 Rhen.
3374 4970 3418 5008 ⁵1
3452 4969 3519 5024 Et
3549 4972 3738 5040 inser.

437 5040 608 5098 Rhen.
635 5038 689 5113 ἒξ
721 5038 945 5113 Dissero
979 5043 1148 5099 Seml.
1173 5043 1465 5113 “Egisset
1497 5044 1670 5100 Seml.
1707 5044 1753 5080 δι’·
1784 5043 1855 5096 Ut
1884 5044 2059 5099 Rhen.
2091 5043 2140 5081 ⁸⁸⁵
2171 5042 2252 5098 Ex
2282 5041 2454 5113 deest.
2489 5043 2695 5113 Venet.,
2733 5045 2930 5104 Fran..
2963 5038 3171 5106 Paris.,
3202 5044 3321 5112 Rig.
3356 5041 3406 5079 ἰδ
3445 5039 3738 5113 Distinctze

431 5114 610 5169 Paris.
645 5111 690 5148 4⁷
722 5112 802 5169 De
833 5115 1023 5168 Latin.
1051 5114 1100 5152 ἰδ
1127 5111 1325 5169 Potius"
1345 5113 1489 5168 enim
1519 5123 1716 5170 unctus
1745 5113 1920 5171 Rhen.
1953 5114 2004 5152 ⁸⁸9
2023 5114 2096 5168 At
2126 5123 2181 5170 tu
2210 5113 2388 5170 Rhen.
2411 5112 2461 5151 5°
2490 5112 2748 5170 Ecclesiae
2774 5113 2924 5172 deest
2948 5114 3126 5171 Rhen.
3157 5111 3409 5169 51Iesum
3439 5116 3524 5170 est
3549 5111 3736 5170 Rhen.

429 5184 479 5222 ⁵2
515 5182 782 5239 Dominus
825 5186 1000 5241 Seml.

1849 5256 2348 5322 Commentarius.

499 5389 610 5459 (46)
651 5389 1124 5462 Νοηᾼσοηριδιιηι,
1152 5388 1252 5462 sed
1274 5390 1742 5462 conjunctumin
1772 5406 1888 5446 una
1907 5405 2029 5462 per-

432 5477 589 5527 sona,
622 5468 724 5517 etc.
766 5460 1096 5531 Conjunctus
1127 5459 1383 5516 nimirum
1412 5462 1554 5518 Deus
1582 5471 1636 5517 et
1664 5461 1850 5528 homo,
1880 5459 2029 5517 salva

436 5533 715 5604 utriusque
769 5531 1083 5590 substantiae
1137 5533 1491 5605 prOprietate,
1545 5533 1656 5602 οὐχὶ
1729 5532 1782 5586 ἐκ.
1835 5534 2028 5607 συχχύ-

2137 5412 2259 5454 σεως
2290 5395 2372 5452 τῆς
2405 5391 2584 5451 οὖσίας.
2623 5389 2759 5459 Quae
2808 5405 2842 5445 a
2877 5387 3137 5459 Symbolo
3183 5390 3243 5446 B.
3293 5389 3572 5447 Athanasii
3619 5403 3736 5446 non

2138 5465 2278 5521 adeo
2297 5461 2548 5521 videntur
2577 5461 2854 5518 recedere.
2887 5459 2963 5516 La
2996 5462 3092 5516 Pa.
