4002 6118
306 337 414 396 217

1569 327 1764 391 LIBER
1801 325 1954 388 ADV.
1997 323 2341 388 PRAXEAM.

3508 336 3616 401 218

315 471 442 531 uita
499 461 846 516 instrumenta
899 457 951 498 ⁵³
1005 458 1158 530 ejus,
1212 474 1334 531 qua:
1390 457 1446 515 in
1503 458 1648 515 hunc
1671 454 1918 547 imodum
1951 466 1998 547 Α
2030 453 2346 510 Sermonem
2383 461 2437 510 et
2477 453 2828 547 Deiglj‘ilium.
2873 458 3110 519 Dicendo
3144 461 3394 534 denique,
3425 461 3610 520 Chris-

325 550 681 625 pronuntiant,
733 557 790 605 et
844 548 984 606 duos
1041 557 1371 621 praponunt,
1439 548 1611 604 Deum
1669 546 1905 610 Patrem,

327 653 386 699 et
425 638 696 697 Dominum
745 647 997 694 nostrum
1041 637 1227 694 Jesum
1286 635 1555 693 Christum
1589 635 1783 692 Filium
1811 633 1910 688 Pa-

328 732 446 799 tris,
470 740 515 786 et
555 730 743 784 Jesum
785 727 968 798 ipsum
1006 742 1125 783 esse
1153 726 1449 794 Christum,
1483 726 1536 780 in
1566 725 1735 780 altero
1763 737 1905 796 quo-

319 819 660 894 queuomine
700 817 803 874 Dei
849 816 1064 872 Filium.
1107 818 1246 873 Nam
1300 815 1494 873 exinde
1520 815 1605 886 :eo
1632 814 1754 888 jure
1800 827 1907 884 quo

313 918 603 978 utrumque
638 921 839 964 nomen
897 905 1058 961 unius
1111 912 1212 971 est,
1264 903 1319 960 id
1375 914 1459 961 est
1508 903 1609 960 Dei
1664 902 1790 959 Filii
1835 902 1904 967 ⁵4,

300 998 467 1052 etiam
516 995 758 1052 alterum
827 993 944 1051 sine
991 996 1160 1052 altero
1215 995 1456 1069 ejusdem
1520 1004 1620 1051 est.
1674 992 1740 1048 Et
1796 992 1907 1047 sive

294 1089 455 1142 Iesus
522 1083 910 1142 tantummodo
989 1085 1228 1155 positum
1285 1092 1404 1150 est,
1461 1083 1784 1156 intelligitur
1850 1086 1906 1135 et

294 1174 554 1231 Christus
583 1193 600 1229 :
638 1175 766 1244 quia
807 1175 964 1229 Jesus
991 1174 1041 1212 ⁵⁵
1086 1181 1282 1230 unctus
1310 1182 1410 1232 est.
1441 1172 1562 1232 Sive
1611 1172 1904 1228 solummo-

287 1266 358 1321 do
412 1264 702 1330 Christus,
753 1263 894 1320 idem
938 1270 1023 1318 est
1065 1263 1227 1320 Jesus
1273 1263 1343 1330 ⁵6,
1400 1263 1532 1335 quia
1585 1271 1777 1317 unctus
1822 1267 1907 1316 est

283 1353 472 1409 Iesus.
529 1353 787 1422 Quorum
826 1350 1102 1407 nominum
1159 1351 1388 1408 alterum
1449 1358 1535 1407 est
1583 1350 1900 1423 prOprium,

288 1445 440 1514 quod
487 1443 567 1498 ab
597 1441 790 1514 angelo
827 1440 1145 1511 impositum
1190 1448 1306 1511 est;
1348 1439 1579 1497 alterum
1627 1438 1900 1506 accidens,

285 1530 442 1603 quod
488 1531 572 1586 ab
620 1528 878 1585 unctione
925 1529 1220 1599 convenit;
1254 1529 1382 1586 dum
1430 1536 1611 1585 tamen
1659 1527 1905 1586 Christus

286 1619 460 1676 Filius
509 1618 608 1682 sit,
643 1633 753 1673 non
795 1617 968 1674 Pater.
1023 1619 1322 1686 Postremo,
1375 1633 1537 1690 quam
1568 1631 1746 1674 caecus
1799 1623 1902 1685 est,

289 1707 384 1779 qui
439 1723 551 1763 nec
610 1705 666 1761 in
699 1704 892 1761 Christi
943 1705 1159 1762 nomine
1195 1705 1454 1779 intelligit
1506 1705 1671 1762 alium
1726 1704 1903 1759 Deum

291 1796 589 1870 portendi,
640 1796 689 1850 si
744 1795 958 1851 Christo
1007 1809 1207 1852 nomen
1258 1795 1430 1852 Patris
1481 1795 1528 1834 ⁵⁷
1586 1790 1900 1851 adscribet?

2030 551 2114 598 tus
2150 549 2394 600 mortuus
2438 552 2539 614 est,
2587 543 2641 600 id
2689 554 2773 603 est
2825 557 3036 620 unctus,
3075 550 3129 606 id
3175 552 3319 621 quod
3393 561 3612 610 unctum

2016 638 2118 700 est,
2145 641 2414 689 mortuum
2457 635 2716 700 ostendit,
2746 635 2803 692 id
2833 647 2915 694 est
2941 653 3177 695 carnem.
3210 641 3374 713 Ergo,
3407 642 3610 716 inquis,

2014 732 2068 779 et
2095 737 2197 778 nos
2239 721 2427 780 eadem
2461 724 2666 782 ratione
2702 725 2912 783 Patrem
2965 736 3238 785 mortuum
3273 731 3319 768 σι
3371 730 3614 789 dicentes

2013 827 2120 884 qua
2145 827 2244 870 vos
2280 812 2330 852 6²
2359 812 2580 886 Filium,
2620 829 2730 871 non
2759 816 3200 888 blasphemamus
3241 818 3298 874 in
3325 819 3613 878 Dominum

2013 899 2235 957 Deum:
2269 917 2377 959 non
2424 902 2567 958 enim
2615 919 2682 960 ex
2729 904 2930 976 divina,
2961 905 3059 962 sed
3103 923 3170 963 ex
3216 909 3450 964 humana
3477 911 3610 966 sub-

2015 991 2210 1047 stantia
2263 999 2532 1049 mortuum
2572 992 2823 1050 dicimus.
2872 995 3072 1067 Atquin
3129 995 3179 1035 6³
3224 996 3615 1067 blasphematis

2013 1094 2122 1135 non
2165 1087 2373 1137 tantum
2421 1081 2547 1154 quia
2583 1090 2857 1138 mortuum
2908 1083 3086 1142 dicitis
3144 1086 3376 1156 Patrem,
3415 1086 3509 1142 sed
3559 1095 3615 1144 et

2013 1168 2137 1241 quia
2179 1171 2519 1228 cruciﬁxum.
2568 1172 2942 1230 Maledictioue
2989 1174 3130 1230 enim
3183 1174 3447 1242 cruciﬁxi,
3493 1192 3613 1248 qum

2011 1273 2076 1314 ex
2105 1258 2227 1332 lege
2256 1260 2309 1314 in
2350 1258 2542 1315 Filium
2575 1261 2834 1333 competit
2861 1263 3007 1332 (quia
3045 1263 3292 1321 Christus
3322 1281 3422 1336 pro
3455 1266 3614 1320 nobis

2015 1347 2320 1404 maledictio
2375 1348 2423 1386 64
2457 1347 2631 1405 factus
2659 1357 2762 1416 est,
2816 1365 2924 1408 non
2969 1352 3170 1422 Pater),
3219 1353 3496 1408 Christum
3556 1355 3608 1410 in

2012 1436 2223 1492 Patrem
2297 1446 2700 1504 convertentes,
2774 1438 2830 1493 in
2912 1441 3121 1496 Patrem
3201 1441 3608 1515 blasphematis.

2011 1525 2125 1581 Nos
2151 1532 2330 1581 autem
2375 1525 2618 1584 dicentes
2664 1527 2933 1584 Christum
2961 1528 3294 1599 cruciﬁxum,
3326 1545 3436 1587 non
3487 1549 3606 1588 ma-

2013 1613 2297 1670 ledicimus
2335 1613 2508 1686 illum,
2554 1616 2650 1672 sed
2693 1615 3042 1672 maledictum
3097 1617 3234 1690 legis
3288 1618 3601 1691 referimus;

2011 1701 2137 1772 quia
2179 1716 2278 1758 nec
2317 1703 2608 1771 Apostolus
2654 1702 2757 1760 hoc
2785 1703 2971 1760 dicens
3019 1705 3422 1774 blasphemavit.
3456 1706 3607 1765 Sicut

2011 1796 2208 1859 autem,
2255 1789 2324 1848 de
2356 1805 2465 1862 quo
2493 1789 2622 1863 quid
2664 1791 2807 1863 capit
2832 1790 2960 1861 dici,
2992 1792 3109 1849 sine
3136 1793 3473 1864 blasphemia
3514 1797 3602 1852 di-

306 1857 369 1944 si
409 1887 556 1942 enim
578 1857 829 1941 Christus
855 1885 1016 1942 Pater
1045 1887 1191 1942 Deus
1227 1893 1331 1953 est,
1378 1885 1469 1957 qui
1521 1884 1651 1940 dicit
1705 1857 1974 1965 (Joan.IB
2002 1877 2168 1946 citur;
2196 1857 2289 1933 ita
2316 1857 2461 1950 qiiod
2512 1857 2625 1934 non
2666 1857 2826 1950 capit,
2859 1857 3194 1949 blasphemia
3231 1857 3313 1938 est
3361 1883 3405 1938 si
3453 1884 3601 1941 dica-

317 1993 426 2042 ιι,
455 1980 546 2044 i1)
576 1994 589 2029 :
617 1974 862 2032 Ascendo
890 1975 964 2030 ad
985 1975 1214 2033 Patrem
1242 1990 1435 2032 meum
1463 1977 1520 2031 et
1549 1974 1778 2028 Patrem
1808 1989 1902 2029 ve-

310 2070 529 2130 strum,
561 2069 610 2118 et
639 2067 818 2121 Deum
839 2078 1034 2120 meum
1063 2067 1120 2119 et
1168 2066 1347 2120 Deum
1393 2066 1680 2128 vestrum;
1711 2061 1898 2131 utique

297 2155 468 2210 alium
521 2152 732 2207 Patrem
759 2167 923 2223 super
951 2167 1010 2207 se
1058 2160 1112 2208 et
1155 2152 1330 2206 Deum
1368 2149 1624 2206 ostendit.
1658 2147 1714 2206 Si
1764 2148 1892 2204 item

292 2242 452 2297 Pater
493 2242 741 2298 Christus
767 2250 868 2308 est,
900 2241 1040 2298 alius
1070 2249 1152 2298 est
1187 2239 1280 2312 qui
1309 2239 1520 2296 solidat
1572 2240 1896 2296 tonitruum

283 2338 341 2388 et
354 2332 560 2386 condit
569 2331 920 2402 spiritum,et
932 2331 1250 2387 annuntiat
1259 2330 1323 2383 in
1338 2327 1588 2386 homines
1605 2327 1896 2384 Christum

278 2436 454 2476 suum
489 2420 707 2487 (Amos,
739 2433 814 2486 IV,
839 2421 928 2486 t3)
955 2436 970 2484 ;
1000 2428 1054 2473 et
1082 2417 1128 2472 si
1158 2420 1479 2474 astiterunt
1509 2433 1666 2489 reges
1699 2422 1891 2483 terrae,

280 2515 335 2564 et
352 2509 671 2566 archonte:
690 2510 1010 2580 congregati
1028 2512 1166 2564 sunt
1178 2508 1240 2562 in
1254 2523 1436 2563 unum
1448 2507 1712 2564 adversus
1736 2505 1895 2562 Chri-

279 2604 436 2656 stum
473 2600 667 2670 ipsius
696 2598 867 2667 (Psat.
901 2613 958 2664 ιι,
986 2600 1042 2668 2)
1067 2619 1080 2666 ;
1130 2597 1272 2654 alius
1299 2595 1403 2652 erit
1432 2595 1718 2664 Dominus,
1751 2609 1889 2651 con-

279 2696 362 2742 tra
392 2687 563 2756 cujus
620 2685 890 2742 Christum
950 2685 1261 2759 congregati
1317 2691 1446 2742 sunt
1474 2698 1631 2756 reges
1687 2691 1741 2736 ot
1796 2699 1889 2737 ar-

279 2775 541 2829 chontes.
584 2772 652 2828 Et
691 2773 736 2828 si
788 2791 802 2826 :
848 2774 973 2832 Haec
1014 2774 1171 2842 dicitj
1197 2773 1467 2832 Dominus
1498 2772 1731 2829 Domino
1769 2787 1891 2829 meo

285 2863 512 2919 Christo
549 2863 685 2930 (Isa.
719 2877 846 2929 XLV,
879 2862 970 2931 1);
1001 2861 1139 2918 alius
1166 2861 1267 2918 erit
1294 2862 1553 2918 Dominus
1580 2860 1674 2932 qui
1715 2859 1891 2930 loqui-

281 2960 370 3006 tur
421 2951 492 3005 ad
553 2951 764 3006 Patrem
819 2950 1032 3006 Christi.
1085 2951 1152 3005 Et
1196 2966 1319 3006 cum
1362 2947 1655 3020 Apostolus
1709 2947 1895 3004 scribit

2010 1973 2114 2022 tur.
2144 1967 2286 2039 Ergo
2315 1983 2414 2024 nec
2441 1983 2760 2039 compassus
2786 1978 2868 2024 est
2896 1969 3054 2026 Pater
3080 1969 3248 2039 Filio;
3280 1971 3360 2026 sic
3385 1971 3528 2027 enim
3550 1974 3601 2011 6⁵

2007 2055 2265 2112 directam
2315 2054 2704 2127 blasphemiam
2751 2056 2804 2112 in
2870 2058 3081 2114 Patrem
3138 2059 3314 2126 veriti,
3372 2057 3602 2116 diminui

2007 2160 2127 2200 eam
2168 2145 2272 2200 hoc
2309 2147 2472 2200 modo
2499 2152 2738 2217 sperant,
2769 2145 3131 2202 concedentes
3161 2146 3274 2214 jam
3303 2149 3512 2204 Patrem
3549 2150 3602 2204 ei

2005 2233 2202 2290 Filium
2234 2234 2372 2290 duos
2397 2249 2516 2289 esse
2544 2252 2559 2305 ;
2591 2234 2636 2290 si
2668 2234 2836 2292 Filius
2863 2235 3086 2307 quidem
3115 2236 3166 2275 55
3195 2236 3414 2306 patitur,
3445 2238 3599 2296 Pater

2005 2339 2136 2381 vero
2192 2322 2534 2395 compatitur.
2588 2323 2750 2380 Stulti
2805 2333 2859 2380 et
2906 2325 2961 2380 in
2991 2326 3112 2382 hoc.
3159 2324 3306 2394 Quid
3334 2335 3418 2383 est
3453 2327 3595 2384 enim

2003 2411 2260 2484 compati,
2299 2429 2464 2485 quam
2503 2427 2624 2468 cum
2653 2412 2758 2468 alio
2785 2412 2944 2483 pati?
2974 2414 3160 2480 Porro,
3193 2415 3236 2469 si
3277 2414 3594 2487 impassibi-

2003 2503 2066 2558 lis
2093 2502 2266 2569 Pater,
2313 2503 2495 2574 utique
2531 2512 2587 2559 et
2615 2501 3089 2574 incompassibilis.
3133 2503 3246 2558 Aut
3273 2503 3318 2558 si
3347 2518 3597 2576 compas-

1999 2591 2191 2656 sibilis,
2224 2590 2407 2664 utique
2463 2590 2756 2662 passibilis.
2811 2591 2955 2647 Nihil
3013 2591 3062 2646 ei
3115 2592 3200 2648 vel
3258 2594 3359 2650 hoc
3407 2594 3598 2652 timore

2000 2689 2092 2736 tuo
2139 2679 2187 2719 6⁷
2219 2690 2462 2751 praestas.
2507 2681 2683 2738 Times
2727 2680 2907 2738 dicere
2940 2681 3269 2752 passibilem,
3302 2699 3466 2754 quem
3513 2685 3596 2740 di-

2001 2769 2081 2826 cis
2126 2769 2578 2840 compassibilem.
2638 2771 2770 2825 Tam
2825 2778 3004 2826 autem
3053 2770 3503 2842 incompassibilis
3544 2775 3596 2812 68

2004 2859 2157 2914 Pater
2200 2866 2300 2927 est,
2352 2874 2514 2930 quam
2572 2858 2922 2930 impassibilis
2972 2859 3133 2916 etiam
3186 2859 3358 2916 Filius
3409 2876 3476 2917 ex
3531 2877 3596 2918 ea

2001 2947 2313 3004 conditione
2351 2963 2454 3020 qua
2500 2948 2642 3003 Deus
2686 2954 2794 3004 est.
2859 2948 2964 3003 Sed
3019 2949 3292 3020 quomodo
3340 2949 3389 2988 59
3427 2949 3594 3006 Filius

281 3039 524 3111 (Ephes.
557 3054 599 3104 ι,
634 3041 720 3108 17)
748 3056 759 3094 :
787 3041 875 3097 Uti
904 3042 1047 3096 Deus
1076 3039 1304 3095 Domini
1330 3039 1516 3094 nostri
1543 3039 1670 3094 Jesu
1686 3036 1893 3093 Christi
1923 3031 1967 3112 θ
1998 3049 2189 3106 passus
2230 3042 2330 3102 est,
2362 3035 2409 3091 si
2456 3048 2563 3090 non
2591 3050 2906 3106 compassus
2942 3043 3024 3092 est
3070 3046 3124 3092 et
3178 3038 3331 3092 Pater
3352 3039 3380 3091 ‘?
3427 3039 3594 3110 Sepa-

284 3129 381 3182 det
414 3128 574 3184 vobis
593 3128 855 3198 spiritum
881 3128 1176 3199 sapientiae
1204 3131 1260 3183 et
1280 3127 1594 3198 agnitionis
1611 3122 1777 3194 ;alius
1790 3122 1890 3178 erit

283 3215 443 3271 Deus
492 3213 685 3270 Christi
728 3215 854 3271 Jesu
901 3215 1279 3270 charismatum
1326 3212 1690 3285 spiritualium
1720 3210 1886 3284 largi-

293 3313 386 3360 tor
411 3305 600 3374 (Rom.
636 3318 752 3371 vm,
787 3304 899 3372 tt).
925 3303 1103 3372 Certe,
1133 3319 1202 3360 ne
1229 3317 1328 3373 per
1356 3303 1537 3359 omnia
1562 3318 1884 3376 evagemur;

290 3395 392 3466 qui
410 3395 707 3449 suscitavit
724 3394 1027 3458 Christum,
1041 3393 1423 3449 suscitaturus
1443 3396 1528 3450 est
1548 3397 1600 3450 et
1620 3393 1890 3448 mortalia

292 3498 532 3555 corpora
587 3487 820 3549 nostra;
855 3482 1075 3554 jamque
1150 3480 1288 3536 alius
1333 3481 1382 3520 ⁵⁸
1439 3481 1540 3537 erit
1601 3480 1889 3536 suscitator

291 3586 458 3642 quam
491 3571 644 3626 Pater
673 3578 938 3637 mortuus,
969 3578 1022 3627 et
1041 3572 1197 3627 Pater
1227 3569 1535 3638 suscitatus,
1568 3569 1613 3626 si
1641 3571 1888 3628 Christus

292 3659 393 3732 qui
423 3669 507 3718 est
551 3668 818 3729 mortuus,
848 3662 1000 3716 Pater
1030 3664 1136 3716 est.

867 3749 1094 3808 CAPUT
1139 3749 1348 3807 XXIX.

372 3837 735 3906 Obmutescat,
785 3837 1118 3896 Obmutescat
1175 3839 1276 3895 ista
1323 3838 1684 3909 blasphemia,
1731 3835 1886 3893 sufﬁ-

298 3930 408 3984 ciat
457 3927 724 3984 Christum
779 3927 972 3983 Filium
1026 3927 1127 3984 Dei
1175 3937 1450 3984 mortuum
1476 3926 1633 3997 dici;
1675 3933 1730 3982 et
1786 3924 1889 3980 hoc

295 4017 394 4091 qui
431 4016 505 4071 ita
537 4014 698 4072 I94
743 4018 1000 4088 scriptum
1030 4026 1129 4073 est.
1172 4017 1308 4072 Nam
1340 4027 1394 4072 et
1429 4015 1746 4088 Apostolus,
1776 4028 1886 4069 non

293 4106 419 4163 sine
447 4107 612 4162 oncre‘
670 4107 1024 4176 pronuntians
1073 4106 1350 4163 Christum
1399 4115 1691 4174 mortuum,
1726 4104 1883 4174 adje-

293 4194 374 4252 cit
409 4195 478 4262 59,
503 4196 817 4252 secundum
864 4197 1229 4270 Scripturas;
1259 4202 1316 4252 ut
1344 4194 1595 4252 duritiam
1632 4208 1884 4266 pronun-

1999 3123 2214 3178 rabatur
2249 3122 2298 3161 ’⁷ο
2323 3139 2354 3177 a
2393 3122 2548 3192 Filio,
2581 3138 2688 3179 non
2721 3124 2905 3179 aDeo.
2936 3125 3069 3180 Nam
3103 3134 3157 3180 et
3185 3127 3384 3181 ﬂuvius
3415 3127 3460 3181 si
3490 3127 3592 3181 ali-

1998 3226 2102 3282 qua
2131 3211 2457 3268 turbulentia
2502 3210 2920 3282 contaminatur,
2968 3227 3274 3285 quanquam
3322 3230 3424 3268 una
3453 3215 3591 3269 sub-

1996 3299 2192 3355 stantia
2221 3301 2290 3356 de
2342 3300 2490 3356 fonte
2548 3300 2816 3369 decurrat,
2859 3315 2961 3357 nec
2996 3312 3308 3356 secernatur
3344 3318 3376 3356 a
3421 3303 3590 3372 fonte,

1997 3396 2174 3444 tamen
2230 3388 2375 3446 ﬂuvii
2422 3390 2617 3460 injuria
2665 3404 2770 3445 non
2806 3388 3101 3460 pertinebit
3154 3390 3219 3444 ad
3261 3389 3480 3447 fontem.
3525 3393 3594 3447 Et

1995 3477 2120 3533 licet
2166 3492 2306 3550 aqua
2351 3478 2511 3536 fontis
2539 3478 2610 3535 sit
2636 3493 2757 3550 quae
2800 3478 2847 3517 71
2880 3477 3108 3547 patiatur
3136 3477 3191 3532 in
3221 3477 3424 3546 ﬂuvio;
3462 3478 3590 3534 dum

1997 3582 2106 3623 non
2134 3566 2188 3621 iu
2218 3565 2369 3623 fonte
2402 3567 2622 3638 patitur,
2653 3567 2751 3624 sed
2780 3567 2837 3622 in
2867 3566 3051 3634 ﬂuvio,
3082 3566 3344 3632 non,fons
3373 3567 3620 3696 patitur,(

1997 3657 2089 3696 carl
2123 3655 2318 3696 ﬂiivinc
2362 3653 2453 3696 nni
2503 3673 2566 3696 ον
2617 3657 2768 3696 fnnlo
2813 3665 2890 3696 ne!
2949 3658 3017 3696 [In
3072 3665 3121 3696 at
3169 3657 3211 3696 ei
3265 3655 3315 3694 72
3369 3656 3591 3696 enin-inm

1996 3657 2089 3711 sed
2123 3655 2319 3712 ﬂuvius
2362 3653 2456 3728 qui
2503 3673 2568 3712 ex
2617 3657 2768 3712 fonte
2813 3665 2913 3712 est.
2947 3658 3042 3724 Ita,
3072 3665 3124 3712 et
3169 3657 3214 3711 si
3265 3655 3315 3694 ⁷2
3369 3656 3592 3730 spiritus

1996 3744 2094 3799 Dei
2124 3743 2250 3816 quid
2291 3745 2402 3814 pati
2433 3753 2612 3815 posset
2649 3746 2699 3784 ⁷³
2729 3746 2779 3800 in
2813 3745 2970 3812 Filio,
2999 3745 3128 3817 quia
3172 3755 3350 3802 tamen
3390 3761 3496 3802 non
3538 3746 3590 3800 in

1996 3835 2149 3890 Patre
2195 3843 2489 3907 pateretur,
2517 3836 2612 3891 sed
2663 3836 2717 3891 in
2763 3835 2924 3903 Filio,
2956 3836 3113 3892 Pater
3140 3851 3334 3906 passus
3373 3851 3478 3892 non
3511 3836 3592 3892 vi-

1993 3923 2230 3980 deretur.
2263 3923 2371 3980 Sed
2415 3923 2614 3981 sufficit
2645 3925 2776 3980 nihil
2810 3923 3072 3995 Spiritum
3111 3923 3207 3980 Dei
3237 3939 3458 3994 passum
3489 3940 3591 3982 suo

1996 4013 2250 4081 nomine;
2303 4013 2426 4085 quia
2453 4013 2499 4068 si
2553 4013 2683 4084 quid
2733 4030 2923 4084 passus
2968 4021 3066 4082 est,
3099 4013 3153 4069 in
3199 4013 3332 4071 Filio
3370 4014 3590 4086 quidem

1993 4117 2187 4172 passus
2215 4109 2316 4168 est,
2350 4100 2511 4161 I95
2544 4103 2598 4157 in
2625 4117 2734 4175 quo
2763 4114 2877 4159 erat
2907 4113 2962 4159 et
2988 4102 3036 4141 7"
3064 4103 3237 4171 Pater,
3269 4119 3391 4160 cum
3421 4103 3591 4160 Filius

1993 4189 2044 4229 ’⁷⁵
2074 4198 2344 4263 pateretur
2369 4191 2425 4248 in
2457 4207 2653 4263 carne;
2688 4192 2816 4261 quia
2854 4193 2960 4252 hoc
3000 4198 3350 4248 retractatum
3377 4192 3446 4248 ⁷6.
3477 4193 3590 4250 Nec

295 4260 534 4339 tiationis
561 4284 957 4355 Scripturarum
983 4260 1306 4343 auctoritate
1352 4284 1611 4350 molliret,
1632 4260 1700 4340 'et
1727 4297 1885 4340 scan-
1919 4260 1965 4338 Β
1995 4260 2278 4352 quisquam
2309 4281 2546 4352 negabit,
2581 4260 2799 4352 quando
2827 4290 2878 4337 et
2898 4296 3000 4337 nos
3025 4281 3134 4351 pati
3165 4295 3265 4352 pro
3285 4282 3398 4338 Deo
3413 4296 3523 4338 non
3539 4281 3588 4320 ’⁸⁷

293 4373 480 4428 dalum
528 4373 756 4429 auditori
819 4383 1107 4430 everteret.
1177 4373 1495 4446 Quanquam
1553 4389 1674 4429 cum
1759 4373 1882 4428 duae

241 4448 608 4536 isubstantize
664 4470 984 4519 censeantur
1035 4463 1090 4518 in
1146 4463 1366 4520 Christo
1419 4463 1568 4530 Jesu,
1598 4461 1782 4517 divina
1829 4474 1884 4519 et

293 4553 552 4619 humana,
597 4559 805 4610 constet
857 4561 1034 4608 autem
1081 4551 1440 4609 immortalem
1471 4567 1594 4608 esse
1621 4551 1878 4621 divinam,

292 4637 440 4695 sicut
471 4640 742 4696 mortalem
788 4640 839 4678 5°
868 4657 990 4711 quae
1036 4641 1270 4696 humana
1301 4641 1390 4710 sit,
1422 4651 1663 4712 apparet,
1694 4648 1884 4713 quate-

293 4744 397 4782 nus
435 4743 559 4783 eum
617 4738 884 4784 mortuum
940 4729 1103 4796 dicat,
1153 4729 1210 4784 id
1265 4740 1365 4794 est,
1425 4744 1535 4800 qua
1570 4743 1789 4785 carnem
1831 4737 1885 4785 et

291 4813 562 4871 hominem
616 4822 669 4870 et
720 4814 887 4872 ﬁlium
942 4815 1198 4883 hominis,
1230 4831 1334 4873 non
1392 4833 1500 4890 qua
1553 4817 1799 4888 spiritum
1831 4826 1886 4873 et

1990 4385 2307 4444 possumus,
2335 4369 2441 4425 nisi
2469 4369 2519 4406 ’³⁸
2545 4369 2773 4441 Spiritus
2802 4371 2897 4427 Dei
2918 4370 2987 4426 sit
3017 4371 3071 4425 in
3100 4368 3255 4426 nobis
3281 4371 3376 4444 qui
3401 4371 3470 4443 {et
3498 4372 3588 4428 lo-

1990 4461 2175 4533 quitur
2219 4461 2288 4515 de
2333 4459 2491 4516 nobis
2531 4474 2651 4530 quae
2701 4466 2826 4514 sunt
2871 4459 3264 4530 confessionis;
3316 4476 3424 4518 non
3473 4461 3587 4534 ipse

1993 4561 2168 4608 tamen
2196 4548 2429 4622 patiens,
2451 4549 2548 4604 sed
2575 4547 2688 4620 pati
2717 4561 2878 4619 posse
2906 4555 3190 4619 praestans.

2561 4637 2792 4694 CAPUT
2822 4637 3011 4694 XXX.

2063 4726 2318 4798 Alioquin
2357 4726 2402 4782 si
2461 4728 2597 4785 ultra
2651 4743 2845 4798 pergas
2896 4727 2964 4792 '9,
3006 4732 3194 4798 potero
3251 4723 3350 4780 tibi
3397 4723 3585 4781 durius

1994 4817 2343 4888 respondere,
2374 4823 2429 4873 et
2454 4825 2506 4873 te
2535 4831 2660 4874 cum
2688 4815 2858 4890 ipsius
2896 4813 3114 4873 Domini
3144 4813 3583 4886 pronuntiatione

1652 4997 1843 5058 Varia:
1886 4999 2201 5058 lectiones.

355 5183 409 5222 ⁵³
438 5182 639 5239 Totum
663 5182 1071 5241 instrumentum
1101 5182 1278 5240 Rhen.
1305 5184 1353 5222 55
1383 5182 1551 5239 Filius
1583 5181 1752 5240 Rhen.
1793 5182 1842 5220 ⁵⁵
1870 5180 2113 5238 Christus
2141 5182 2270 5239 add.
2306 5181 2480 5240 Rhen.
2503 5181 2552 5221 ⁵6
2571 5180 2927 5239 Solummodo
2953 5182 3106 5240 deest
3135 5190 3189 5240 et
3213 5183 3370 5240 Jesus
3398 5184 3577 5243 Rhen.

282 5252 558 5337 {Christi
589 5269 778 5337 nomen
803 5255 1220 5337 patri_Semt._§3
1248 5255 1523 5337 Tanquam
1552 5255 1688 5309 alius
1727 5254 1900 5337 Rhen.
1937 5253 2136 5337 Utique
2173 5253 2701 5337 aliuscoduWouio.
2721 5253 2770 5292 59
2791 5253 3002 5337 Adjicit
3029 5255 3157 5337 alii;
3189 5255 3239 5294 5°
3261 5255 3578 5337 ﬂammar-

285 5325 449 5382 talem
485 5327 621 5382 Jun.
653 5327 783 5382 Cum
806 5325 1099 5384 ’mOrtalem
1129 5325 1302 5384 Rhen.
1325 5325 1620 5382 61’Patrem
1648 5335 1918 5382 mortuum
1948 5325 2135 5385 omitt.
2172 5328 2343 5384 Se-mt.
2374 5325 2424 5364 62
2450 5327 2562 5382 Nos
2591 5327 2764 5385 Rhen.
2796 5326 2846 5365 6³
2878 5331 2947 5382 At
2966 5342 3088 5381 cum
3120 5328 3296 5385 Semt.
3326 5327 3376 5364 6⁵
3405 5327 3577 5382 Male-

284 5396 534 5471 dictione
558 5401 751 5471 Eram,
781 5399 987 5464 Paris.,
1023 5400 1143 5471 Rig.
1175 5398 1224 5436 6⁵
1251 5397 1397 5471 Sicut
1427 5397 1691 5471 Rhen:_55_
1736 5396 2040 5471 Siquidem_
2078 5397 2355 5471 Rhenus?l
2416 5397 2596 5471 Veluti
2631 5405 2845 5455 mortuo
2894 5398 3146 5471 Serui;68
3173 5396 3576 5471 Compassibilis

289 5469 460 5526 Seml.
489 5467 541 5507 59
564 5467 791 5537 Quando
819 5471 938 5529 cod.
980 5467 1202 5535 Wouw.,
1248 5469 1342 5524 tib.
1381 5470 1562 5541 Ursin.
1584 5469 1633 5506 ’³ο
1661 5467 1951 5540 Separatur
1977 5468 2149 5526 Rhen.
2184 5470 2228 5506 τι
2264 5469 2454 5541 Utique
2482 5470 2568 5541 oet
2598 5485 2753 5540 aeque
2773 5471 2960 5541 Latin.
2981 5469 3030 5507 ’³2
3057 5468 3139 5535 Et,
3161 5469 3329 5541 Semgt.
3367 5468 3420 5541 ξιὲ
3453 5467 3578 5541 Pos-

287 5541 360 5614 sit
401 5541 570 5614 Seml.
604 5541 771 5614 lta_et
792 5541 887 5614 qui
917 5542 1326 5614 patituriParis.
1353 5540 1414 5614 τε
1436 5538 1664 5614 Quidem
1703 5537 1904 5598 eratut
1932 5542 2088 5597 Pater
2117 5537 2441 5600 Semler."‘3
2468 5540 2602 5598 Filio
2634 5537 2714 5598 Id.
2759 5542 2807 5580 ⁷6
2852 5540 3208 5605 Retractatus,
3239 5539 3317 5597 Id.
3367 5537 3414 5577 ’³⁷
3453 5538 3576 5595 Non

286 5611 466 5671 deest.
491 5613 660 5670 Semt.
682 5611 732 5651 ⁷⁸
749 5611 1005 5672 εἴδεήπι.
1044 5612 1094 5652 ’³9
1123 5613 1362 5684 Pergens
1389 5612 1558 5670 Semt.
