4002 6118
383 288 494 349 219

1079 288 1520 350 TERTULLIANI
1558 287 1824 349 OPERUM
1861 285 2028 348 PARS
2063 283 2134 346 ll.
2171 310 2244 327 —
2283 277 2513 339 SERIES
2548 277 2593 348 Ι,
2640 274 2979 335 POLEMICA.

3567 267 3670 328 220

384 413 736 480 committere,
769 414 846 472 uti
875 414 1050 471 dicam
1081 431 1094 470 :
1129 413 1268 486 Quid
1298 415 1366 471 de
1413 413 1518 473 isto
1563 413 1807 488 quaeris?
1857 414 1970 471 Ha-

2084 421 2397 488 divinitatis,
2430 427 2485 477 et
2513 417 2730 476 tertium
2777 415 3004 492 gradum
3053 413 3346 484 majestatis
3389 411 3462 476 εδ,
3505 410 3671 505 unius

385 503 548 560 bes8°
573 503 751 574 ipsum
782 503 1170 560 exclamantem
1201 504 1256 560 in
1285 505 1538 575 passione
1571 521 1582 562 :
1617 509 1761 564 Deus
1792 521 1975 572 meus,

384 595 531 652 Deus
549 611 730 661 meus,
761 599 827 651 ut
855 596 988 668 quid
1004 613 1094 654 me
1118 595 1479 670 dereliquisti
1490 598 1514 651 ἓν
1532 595 1675 668 Ergo
1692 607 1783 652 aut
1810 595 1980 652 Filius

382 681 686 754 patiebatur
721 699 752 737 a
782 684 936 740 Patre
983 683 1295 753 derelictus,
1334 692 1389 740 et
1452 685 1606 740 Pater
1636 700 1826 756 passus
1871 700 1976 741 non

384 781 485 840 est,
529 771 623 843 qui
675 772 872 828 Filium
927 773 1253 846 dereliquit;
1311 779 1402 830 aut
1448 773 1494 830 si
1533 774 1690 830 Pater
1730 782 1844 832 erat
1887 776 1976 847 qui

386 861 703 935 patiebatur,
737 863 806 916 ad
835 878 999 934 quem
1055 863 1228 919 Deum
1289 862 1668 920 exclamabat?
1699 864 1809 920 Sed
1862 865 1979 920 haec

383 965 485 1007 vox
515 950 690 1008 carnis
729 958 784 1006 et
821 951 1034 1022 animae,
1065 950 1120 1007 id
1175 960 1256 1008 est
1281 951 1534 1021 hominis,
1595 967 1700 1009 non
1755 954 1976 1009 Sermo-

383 1039 485 1105 nis,
516 1056 618 1097 nec
645 1039 896 1112 Spiritus,
941 1041 991 1097 id
1023 1049 1106 1098 est
1134 1055 1240 1097 non
1297 1043 1412 1110 Dei,
1465 1052 1748 1114 propterea
1781 1042 1977 1098 emissa

383 1135 483 1192 est,
513 1137 572 1184 ut
620 1128 1008 1200 impassibilem
1056 1130 1230 1185 Deum
1269 1129 1605 1195 ostenderet,
1637 1129 1730 1202 qui
1773 1130 1851 1186 sic
1878 1130 1974 1185 Fi-

380 1215 512 1272 lium
539 1216 842 1290 dereliquit,
879 1218 1008 1274 dum
1053 1217 1324 1274 hominem
1351 1219 1468 1288 ejus
1497 1218 1716 1273 tradidit
1745 1220 1798 1274 in
1840 1235 1980 1275 mor-

381 1314 508 1360 tem.
543 1305 656 1362 Hoc
693 1315 747 1361 et
798 1307 1090 1378 Apostolus
1127 1307 1310 1377 sensit,
1342 1307 1582 1392 scribens
1630 1310 1809 1379 (Rom.
1845 1326 1975 1382 vm,

379 1397 470 1464 32)
507 1411 520 1449 ε
573 1395 634 1452 Si
661 1397 833 1451 Pater
875 1397 1018 1453 Filio
1050 1412 1163 1453 non
1200 1398 1479 1469 pepercit.
1529 1397 1644 1452 Hoc
1693 1406 1746 1454 et
1791 1397 1977 1454 Esaias

377 1484 505 1552 (Isa.
537 1497 657 1550 Lm,
690 1484 746 1552 6)
794 1483 945 1556 prior
973 1485 1341 1557 pronuntiavit
1372 1502 1384 1542 :
1431 1488 1498 1541 Et
1530 1487 1799 1542 Dominus
1846 1504 1976 1546 eum

381 1571 618 1628 tradidit
643 1589 748 1644 pro
803 1573 1026 1631 delictis
1055 1577 1285 1633 nostris.
1319 1573 1406 1628 Sic
1437 1573 1673 1645 reliquit,
1704 1575 1831 1632 dum
1863 1592 1972 1633 non

377 1661 580 1730 parcit;
638 1659 717 1715 sic
746 1661 980 1732 reliquit,
1014 1663 1148 1716 dum
1207 1661 1366 1718 tradit
1413 1663 1482 1717 ει.
1541 1662 1831 1734 Caeterum,
1863 1682 1972 1724 non

377 1711 592 1822 ieliquit
648 1749 802 1805 Pater
828 1711 1045 1818 FTiliuin,
1077 1750 1128 1804 in
1165 1753 1321 1821 cujus
1369 1751 1618 1809 manibus
1654 1711 1831 1809 Filius,
1860 1755 1972 1827 spi-
2006 1711 2050 1790 Β

378 1838 541 1894 ritum
573 1852 731 1892 suum
759 1839 962 1907 posuit.
997 1837 1238 1910 Denique
1269 1839 1472 1912 posuit,
1503 1848 1555 1896 et
1582 1843 1762 1897 statim
1792 1843 1923 1899 obiit
1956 1861 1968 1899 :

379 1925 571 1997 spiritu
604 1924 749 1981 enim
796 1935 1045 1983 manente
1082 1927 1137 1983 in
1185 1942 1365 2000 carne,
1403 1944 1526 1986 caro
1575 1933 1798 1987 omnino
1833 1932 1973 1988 mori

379 2029 487 2069 non
528 2019 725 2086 potest.
771 2014 869 2082 Ita,
927 2014 1160 2088 relinqui
1205 2031 1234 2071 a
1282 2018 1459 2085 Patre,
1495 2017 1632 2073 mori
1687 2018 1783 2074 fuit
1811 2019 1971 2076 Filio.

345 2156 347 2158 .
378 2103 552 2160 Filius
578 2103 747 2176 igitur
768 2112 819 2159 et
838 2106 1086 2163 moritur
1115 2108 1168 2176 (Ι
1186 2107 1308 2164 Cor.
1332 2123 1432 2173 xv,
1459 2110 1489 2162 3
1520 2109 1697 2181 seqq.)
1719 2112 1775 2167 et
1796 2125 1975 2168 resus-

379 2192 604 2248 citatur
622 2209 652 2247 a
676 2193 848 2261 Patre,
879 2196 1194 2254 secundum
1223 2197 1568 2269 Scripturas.
1594 2197 1760 2254 Filius
1787 2216 1975 2256 ascen-

380 2280 467 2336 dit
496 2281 549 2335 in
579 2283 860 2353 superioza
889 2285 1171 2352 caelorum,
1211 2287 1302 2356 qui
1333 2297 1386 2341 ct
1416 2287 1701 2345 descendit
1733 2288 1797 2343 in
1827 2289 1974 2345 inte-

381 2371 536 2427 riora
563 2370 614 2410 ⁸³
640 2377 811 2430 terra:
831 2393 849 2429 :
878 2373 967 2431 hic
992 2376 1146 2432 sedet
1176 2376 1249 2431 ad
1287 2376 1586 2434 deateram
1629 2376 1841 2446 Patris,
1863 2393 1970 2434 non

378 2459 530 2514 Pater
558 2459 628 2514 ad
669 2477 837 2516 suam.
869 2463 1023 2518 Hunc
1069 2464 1214 2520 videt
1259 2464 1311 2504 8³
1338 2463 1642 2536 Stephanus
1671 2483 1795 2523 cum
1838 2466 1971 2537 lapi-

377 2547 536 2603 datur
563 2549 634 2618 ⁸³,
675 2549 852 2605 adhuc
881 2558 1112 2607 stantem
1145 2553 1210 2608 ad
1257 2554 1532 2610 dexteram
1563 2556 1685 2621 Dei,
1715 2564 1772 2609 ut
1807 2553 1975 2613 I96

377 2635 571 2691 exinde
601 2653 900 2707 sessurum,
933 2638 1106 2697 donec
1135 2647 1310 2714 ponat
1342 2643 1431 2698 illi
1457 2645 1628 2700 Pater
1655 2661 1847 2702 omnes
1870 2645 1977 2699 ini-

378 2727 554 2784 micos
582 2729 682 2785 sub
701 2729 931 2800 pedibus
959 2731 1078 2786 suis
1108 2731 1282 2802 (Psal.
1309 2746 1421 2801 cxx,
1451 2734 1526 2800 2).
1544 2732 1701 2787 Hicet
1722 2740 1976 2788 venturus

2081 513 2494 588 praedicatorem
2540 505 2888 572 monarchiaa,
2921 504 3015 561 sed
3059 511 3114 560 et
3141 501 3459 560 ceconomize
3503 499 3669 556 inter-

2081 610 2425 677 pretatorem,
2452 599 2497 655 si
2545 597 2665 672 quis
2695 609 2971 653 sermones
2999 607 3153 649 novae
3216 589 3514 664 prophetiae
3571 589 3672 660 (47)

2083 694 2206 764 ejus
2251 687 2569 759 admiserit,
2618 696 2671 744 et
2719 685 3065 742 deductorem
3108 680 3158 719 8⁷
3203 680 3379 738 omnis
3416 679 3667 745 veritatis,

2080 799 2203 854 quae
2234 789 2320 839 est
2363 781 2420 836 in
2449 780 2602 835 Patre
2649 783 2703 833 et
2729 775 2867 831 Filio
2895 786 2950 830 et
2977 771 3178 845 Spiritu
3231 777 3450 838 sancto,
3484 783 3670 826 secun-

2083 873 2213 928 dum
2251 868 2600 930 christianum
2649 869 3070 921 sacramentum.

2648 1008 2871 1066 CAPUT
2893 1006 3108 1064 XXXI.

2153 1139 2415 1195 Caeterum
2443 1135 2680 1191 Iudaicae
2708 1132 2834 1189 ﬁdei
2856 1132 2956 1188 ista
2974 1145 3064 1187 res
3082 1129 3149 1196 33,
3183 1129 3260 1186 sic
3293 1144 3462 1185 unum
3500 1129 3672 1182 Deum

2081 1226 2324 1294 credere,
2357 1232 2416 1282 ut
2443 1223 2634 1281 Filium
2674 1221 3032 1277 adnumerare
3059 1218 3113 1274 ei
3150 1219 3309 1287 nolis,
3336 1224 3388 1273 et
3420 1222 3543 1288 post
3581 1216 3672 1272 Fi-

2081 1317 2234 1381 lium,
2267 1315 2548 1385 Spiritum.
2597 1311 2740 1381 Quid
2778 1310 2922 1366 enim
2955 1309 3056 1366 erit
3103 1307 3244 1364 inter
3287 1321 3387 1362 nos
3431 1314 3485 1361 et
3531 1305 3673 1373 illos,

2079 1405 2184 1461 nisi
2218 1402 2521 1459 differentia
2548 1399 2695 1457 ista?
2721 1397 2879 1468 Quod
2928 1411 3064 1469 opus
3107 1394 3410 1467 Evangelii,
3449 1409 3569 1468 quae
3597 1403 3677 1451 est

2079 1492 2382 1549 substantia
2461 1489 2596 1548 Novi
2657 1486 3016 1552 Testamenti,
3078 1491 3315 1540 statuens
3387 1483 3566 1556 legem
3625 1491 3676 1539 et

2080 1583 2368 1653 prophetas
2407 1593 2574 1652 usque
2616 1577 2683 1632 ad
2734 1577 3014 1641 Joannem,
3055 1574 3098 1631 si
3131 1585 3240 1630 non
3278 1571 3478 1629 exinde
3526 1573 3677 1629 Pater

2081 1679 2134 1725 et
2158 1668 2324 1724 Filius
2359 1675 2411 1724 et
2453 1665 2708 1739 Spiritus,
2754 1673 2864 1721 tres
2890 1661 3104 1731 crediti,
3152 1677 3317 1717 unum
3349 1663 3518 1717 Deum
3569 1661 3672 1716 sis-

2081 1759 2246 1814 tunt?
2273 1757 2362 1813 Sic
2391 1755 2536 1812 Deus
2565 1753 2738 1812 voluit
2765 1767 2968 1810 novare
2996 1759 3415 1820 sacramentum,
3441 1757 3500 1805 ut
3529 1764 3666 1806 nove

2079 1863 2226 1904 unus
2263 1845 2574 1903 crederetur
2616 1859 2716 1916 per
2763 1842 2951 1899 Filium
3005 1848 3060 1898 et
3100 1841 3376 1914 Spiritum,
3407 1847 3468 1897 ut
3494 1855 3675 1896 coram

2079 1939 2188 2010 jam
2219 1938 2362 1993 Deus
2390 1934 2446 1991 in
2470 1932 2584 1990 suis
2618 1932 2854 2004 propriis
2882 1931 3198 1988 nominibus
3224 1941 3277 1988 et
3304 1929 3554 2002 personis
3591 1943 3677 1987 oo-
3705 1942 3727 2009 )

2080 2032 2454 2101 gnoscerctur,
2505 2021 2597 2096 qui
2647 2031 2700 2078 et
2739 2029 2883 2078 retro
2913 2020 3032 2092 'per
3082 2019 3274 2076 Filium
3319 2029 3371 2077 et
3418 2017 3674 2090 Spiritum

2083 2115 2402 2188 praedicatus
2440 2127 2548 2168 non
2589 2109 3008 2183 intelligebatur.
3062 2109 3307 2166 Viderint
3353 2108 3516 2182 igitur
3556 2107 3674 2163 Au-

2081 2205 2327 2270 tichristi,
2381 2202 2471 2274 qui
2547 2207 2746 2272 negant
2797 2199 3008 2254 Patrem
3063 2207 3117 2254 et
3189 2197 3409 2254 Filium.
3467 2198 3676 2271 Negant

2081 2293 2225 2351 enim
2253 2293 2485 2360 Patrem,
2527 2291 2655 2346 dum
2685 2288 2933 2344 eumdem
2981 2287 3175 2344 Filium
3218 2286 3437 2359 dicunt;
3483 2295 3544 2342 et
3574 2301 3674 2341 ne-

2082 2390 2210 2457 gant
2237 2380 2454 2445 Filium,
2505 2377 2632 2434 dum
2682 2376 2934 2433 eumdem
2974 2377 3180 2432 Patrem
3220 2375 3468 2445 credunt,
3495 2375 3674 2430 dando

2082 2469 2188 2526 illis
2222 2485 2344 2542 quae
2382 2483 2492 2523 non
2531 2473 2678 2532 sunt,
2738 2464 3028 2521 auferendo
3067 2480 3185 2535 quae
3224 2471 3368 2520 sunt.
3407 2462 3509 2531 Qui
3549 2479 3676 2519 vero

2083 2557 2364 2615 confessus
2404 2554 2562 2612 fuerit
2599 2553 2872 2611 Christum
2925 2552 3124 2608 Filium
3162 2551 3261 2607 Dei
3300 2567 3408 2608 non
3446 2553 3675 2616 Patrem,

2084 2647 2230 2703 Deus
2268 2644 2322 2700 in
2361 2644 2454 2701 illo
2493 2653 2694 2708 manet,
2734 2651 2787 2698 et
2825 2642 2942 2716 ipse
2979 2642 3034 2697 in
3075 2643 3212 2697 Deo.
3252 2641 3365 2696 Nos
3403 2640 3674 2696 credimus

2087 2733 2395 2792 testimonio
2433 2734 2484 2772 89
2542 2733 2663 2798 Dei,
2706 2747 2813 2802 quo
2855 2739 3075 2786 testatus
3115 2738 3196 2787 est
3233 2730 3299 2786 de
3339 2730 3471 2784 Filio
3518 2744 3616 2785 suo
3658 2747 3669 2786 :

379 2825 467 2915 est
497 2833 684 2873 rursus
729 2834 897 2893 super
933 2820 1109 2878 nubes
1142 2821 1195 2890 (Ι
1233 2824 1352 2878 (.‘or.
1386 2823 1480 2888 xv)
1512 2823 1654 2890 cadi,
1694 2822 1813 2878 talis
1849 2839 1981 2896 qua—
2012 2837 2055 2915 ε
2093 2825 2201 2893 Qui
2230 2824 2439 2879 Filium
2467 2838 2583 2879 non
2614 2820 2797 2888 habet,
2820 2837 2922 2877 nec
2943 2820 3121 2877 vitam
3161 2819 3321 2877 habet
3351 2819 3396 2902 (Ι
3425 2820 3583 2875 Ιοαη,
3618 2833 3676 2885 v,

379 2902 447 2960 lis
474 2912 528 2961 et
555 2907 817 2962 ascendit.
869 2907 963 2962 Hic
1020 2908 1230 2965 interim
1261 2920 1543 2982 acceptum
1589 2927 1621 2967 a
1668 2911 1828 2967 Patre
1858 2928 1975 2967 mu-

377 3005 478 3047 nus
521 2992 734 3068 cffudit,
789 2995 1045 3068 Spiritum
1096 2998 1372 3071 Sanctum,
1427 2999 1639 3058 tertium
1689 3017 1886 3058 nomen
1923 3001 1974 3040 ⁸⁵

2089 2913 2197 2984 12).
2230 2914 2345 2968 Non
2367 2913 2530 2968 habet
2566 2919 2744 2968 autem
2775 2909 2991 2980 Filium,
3023 2908 3114 2982 qui
3152 2925 3274 2967 eum
3311 2907 3476 2967 alium
3516 2924 3672 2981 quam

2082 3000 2276 3058 Filium
2313 2999 2503 3059 credit.

1803 3170 1993 3233 Variae
2037 3172 2348 3233 lectiones.

445 3324 496 3398 εξί)
522 3325 692 3382 Habet
723 3328 892 3384 Seml.
933 3327 979 3365 ει
1015 3326 1207 3381 Tradet
1240 3329 1408 3384 Seml.
1439 3328 1489 3366 82
1511 3327 1767 3382 Interiora
1801 3328 1921 3384 alii.
1961 3328 2012 3368 83
2041 3328 2188 3383 Vidit
2219 3331 2388 3384 Fran.
2429 3327 2477 3366 8"
2522 3327 2881 3398 Lapidaretur
2911 3326 3084 3383 Rhen.
3127 3325 3444 3398 BShNumen
3476 3327 3662 3382 Paris.

371 3395 422 3524 εἰς
452 3397 529 3524 Etl
547 3398 768 3454 tertium
796 3398 1026 3471 gradum
1056 3399 1347 3467 majestatis
1375 3402 1562 3458 omitt.
1580 3401 1749 3457 Seml.
1779 3399 1826 3438 εἳ
1859 3399 2184 3457 Deductoris
2210 3400 2392 3458 Ithen.
2414 3399 2466 3436 88
2503 3395 2733 3455 lnstares
2759 3398 2962 3470 conjic.
2990 3397 3159 3455 Seml.
3191 3396 3243 3435 39
3271 3396 3663 3454 Testimonium

415 3485 502 3525 em
549 3524 554 3525 ,

1756 3540 2258 3606 Commentarius.

377 3779 397 3828 ι
443 3699 566 3826 (471)
599 3702 894 3825 δὲν-ηιοηθδ
925 3719 1082 3762 novre
1111 3705 1450 3777 prophetiae.
1479 3704 1717 3760 Montani
1750 3702 2024 3774 vaticinia,
2055 3703 2254 3776 quibus
2282 3709 2581 3760 occaecatus
2609 3698 2990 3769 Tertullianus,
3023 3701 3108 3758 hic
3121 3703 3189 3758 ab
3209 3700 3402 3759 eodem
3434 3700 3676 3758 innuun-

402 3786 483 3828 ur.
569 3786 602 3825 ε
677 3787 732 3827 n.

402 3786 483 3828 lll'.
526 3786 602 3826 LE
635 3786 732 3827 PR.

393 3889 3679 3929 ω

627 4139 1404 4324 Q.SEPT.
1472 4138 2024 4299 FLOR.
2113 4133 3422 4300 TERTULLIANI

1920 4377 2121 4431 LIBER.

1109 4419 1849 4636 onuasus
1920 4419 2952 4634 EDRMOGENEM.

447 4927 1054 5010 AREUMENTUML
1097 4929 1498 5010 Hermogenes
1523 4929 1624 4987 iste
1679 4930 1892 5010 natione
1935 4929 2032 5010 fuit
2066 4928 2219 5010 Afer,
2253 4925 2590 5010 professione
2619 4925 2809 4997 pictor,
2843 4926 2982 5010 alius
3011 4925 3235 5010 omnino
3265 4926 3334 4980 ab
3365 4941 3431 4981 eo
3457 4925 3676 5010 dequo

373 5015 495 5057 cum
523 4999 788 5075 Phygello
816 5015 911 5075 seu
944 5000 1167 5075 Phileto,
1209 4997 1444 5073 loquitur
1469 5001 1785 5075 Apostolus,
1808 5002 1854 5057 Il
1880 5003 1951 5075 ad
1973 5000 2211 5075 Timoth.
2245 4997 2281 5056 ἰ.
2313 4999 2674 5075 Christianum
2715 5013 2774 5075 se
2795 4999 3031 5075 primum
3059 4997 3346 5075 professus
3368 4997 3681 5075 ,_va_fritiem

373 5069 742 5145 etsudeIum
769 5071 999 5145 natantis
1024 5072 1262 5145 animum
1280 5069 1536 5129 'testatus'
1559 5082 1662 5141 est,
1703 5069 1823 5130 cum
1877 5073 1930 5128 in
1971 5071 2252 5145 gentilium
2271 5070 2676 5145 philosophiam
2707 5069 2951 5145 degener
2995 5069 3242 5145 ineurrit,
3273 5076 3328 5123 et
3369 5070 3682 5145 Stoicorum

374 5143 558 5198 deliria
595 5149 816 5217 secutus
837 5140 995 5198 I97
1029 5152 1130 5198 est.
1161 5143 1531 5217 Herm0genes
1559 5139 1736 5200 adhuc
1765 5146 1950 5202 vivens
1974 5139 2224 5200 'docebat
2252 5139 2365 5217 dari
2389 5139 2666 5198 materiam
2697 5139 2974 5207 tetérnam,
2997 5142 3102 5217 hoc
3129 5141 3346 5217 inuisus
3389 5139 3683 5217 principio,

371 5217 578 5272 bonum
606 5218 665 5290 et
684 5214 977 5290 _optimum
997 5231 1114 5290 esse
1137 5218 1329 5282 Deum,
1349 5212 1450 5290 q'ui
1467 5216 1609 5275 bona
1638 5222 1812 5290 atque
1833 5217 2051 5290 optima
2085 5220 2205 5272 tam
2232 5216 2367 5271 velit
2390 5219 2598 5290 facere,
2633 5230 2803 5290 quam
2832 5217 2964 5290 scit,
2983 5215 3097 5270 imo
3126 5212 3277 5268 nihil
3306 5213 3686 5290 nonbonum,

375 5292 545 5362 atque
575 5286 854 5362 opt-imum
883 5291 934 5342 et
963 5287 1104 5362 velle
1133 5303 1282 5353 eum,
1317 5284 1371 5345 et
1402 5284 1994 5362 sapere.....'inveniri
2023 5291 2215 5344 autem
2237 5290 2295 5344 et
2320 5284 2476 5362 mala
2503 5287 2569 5342 ab
2600 5284 2660 5344 eo
2688 5289 2845 5362 facta
2873 5287 3071 5362 utique
3101 5301 3215 5362 non
3254 5289 3327 5340 ex"
3355 5284 3593 5362 arbitrio
3627 5287 3690 5362 et

376 5305 438 5343 ac
479 5305 545 5343 ue
575 5305 854 5357 opt-imum
883 5305 934 5342 er
963 5305 1103 5344 veue
1133 5305 1282 5353 eum,
1317 5305 1369 5345 et
1402 5306 1708 5362 sapere.....
1743 5305 1993 5343 inveniri
2023 5305 2215 5344 autem
2237 5305 2295 5344 er
2320 5305 2476 5343 maia
2503 5305 2569 5342 ao
2600 5305 2660 5344 eo
2688 5305 2845 5357 [acra
2873 5305 3071 5357 urique
3101 5305 3215 5341 non
3254 5305 3327 5340 ex
3355 5305 3593 5340 arourw
3627 5305 3690 5339 er

376 5305 664 5416 voluntate
692 5375 710 5423 ς
741 5362 999 5428 oportere
1028 5359 1206 5430 igitur
1235 5376 1306 5416 ear:
1330 5362 1470 5418 vitio
1502 5362 1749 5430 alicujus
1781 5361 1866 5415 rei
1895 5362 2119 5428 factum
2144 5376 2218 5417 ea:
2250 5360 2494 5414 materia
2524 5374 2637 5416 esse
2658 5361 2778 5416 sine
2807 5358 2989 5414 dubio.
3023 5355 3123 5410 Cui
3153 5357 3447 5424 reponebat
3465 5355 3691 5410 Tertul-

375 5430 550 5486 lianus
581 5431 974 5501 Hermogenem
1003 5429 1140 5486 duos
1164 5431 1288 5489 deos
1309 5433 1548 5504 inferre,
1583 5429 1717 5488 dum
1746 5431 2054 5504 materiam
2077 5433 2403 5504 paremDeo
2425 5431 2622 5504 infert.
2658 5433 2832 5487 Deum
2862 5433 3057 5504 autem
3074 5443 3261 5504 unum
3290 5443 3408 5483 esse
3437 5429 3690 5504 oportet,

378 5504 616 5557 unicum
645 5500 852 5575 autem
867 5517 984 5559 esse
1013 5519 1127 5558 non
1153 5500 1389 5575 poterit,
1429 5507 1524 5561 cui
1541 5501 1758 5575 aliquid
1790 5500 2202 5574 adaequabitur,
2226 5500 2623 5574 adrequabitur
2639 5506 2841 5575 autem
2864 5503 2972 5575 Deo
2998 5500 3270 5575 materia,
3298 5503 3693 5575 cumgteterna

377 5577 652 5630 censetur.
682 5573 937 5629 Similiter
955 5588 1057 5629 nec
1078 5571 1434 5648 oninipotens
1457 5571 1722 5649 Deus,i]ui
1741 5571 2002 5631 materia:
2022 5571 2372 5645 indiguit,et'
2388 5576 2633 5632 materia
2655 5573 2842 5644 egenti
2864 5574 2971 5629 Deo
2997 5586 3055 5628 se
3069 5571 3348 5643 prwstitit
3373 5572 3608 5638 minori,
3624 5574 3690 5628 et
