4032 6152
375 283 482 343 323

1067 278 1508 342 TERTULLIANI
1545 276 1813 340 OPERUM
1850 276 2018 341 PARS
2056 278 2123 338 II.
2166 309 2235 321 -
2271 279 2498 340 SERIES
2535 282 2579 354 Ι,
2622 279 2971 341 l‘OLEMlCA.

3567 278 3673 339 324

377 428 474 486 per
511 410 597 476 sit,
639 423 748 464 non
775 406 913 478 fieri,
947 405 1042 465 sed
1081 424 1201 465 esse
1234 407 1385 464 illum
1415 406 1472 463 in
1504 422 1677 463 aevum
1708 419 1966 462 aevorum.
2000 417 2047 496 Α
2080 404 2221 461 Deus
2276 421 2509 479 semper.
2566 408 2704 465 Nam
2770 422 2874 464 nec
2930 413 3079 477 pater
3136 405 3307 475 potuit
3370 419 3494 460 esse
3546 413 3674 461 ante

376 498 548 572 Igitur
572 512 682 561 non
721 496 789 552 de
841 497 1131 570 semetipso
1175 496 1365 553 fecisse
1393 495 1542 551 illum
1581 494 1675 567 qui
1711 510 1820 548 non
1850 494 1970 563 ejus

377 586 541 645 fuerit
566 587 590 619 ⁶
616 584 965 653 conditionis,
996 594 1057 641 ut
1084 586 1150 641 de
1178 585 1464 657 semetipso
1483 583 1661 640 facere
1680 584 1966 656 potuisset.

377 674 606 735 Proinde
635 691 699 731 ex
732 673 902 731 nihilo
933 689 1038 730 non
1071 673 1309 745 potuisse
1349 689 1474 728 eum
1507 671 1705 742 facere,
1733 670 1811 726 sic
1839 686 1972 726 con-

377 763 566 831 tendit,
600 763 804 819 bonum
856 771 910 819 et
943 763 1209 835 Optimum
1237 761 1500 818 deﬁniens
1538 760 1848 825 Dominum,
1879 760 1971 833 qui

378 854 520 909 bona
544 858 708 925 atque
735 852 942 923 Optima
972 859 1078 907 tam
1126 852 1251 909 velit
1299 850 1478 907 facere
1523 866 1683 923 quam
1733 850 1830 918 sit;
1865 849 1972 905 imo

378 941 508 997 nihil
548 956 657 996 non
689 942 888 997 bonum
920 949 1079 1013 atque
1106 940 1370 1014 Optimum
1399 949 1452 995 et
1480 939 1622 996 velle
1652 956 1773 996 eum
1804 946 1859 995 et
1886 938 1970 994 fa—

377 1045 520 1088 cere.
555 1031 726 1102 Igitur
758 1031 940 1086 omnia
977 1031 1140 1101 bona,
1194 1030 1379 1087 omnia
1420 1030 1489 1084 ab
1521 1044 1585 1084 eo
1622 1030 1764 1084 bona
1791 1038 1842 1084 et
1872 1043 1973 1100 0p-

379 1118 512 1175 tima
540 1120 851 1190 oportuisse
900 1118 1015 1176 ﬁeri
1053 1121 1353 1176 secundum
1385 1119 1748 1175 conditionem
1780 1118 1972 1189 ipsius.

380 1191 612 1264 Inveniri
641 1218 822 1264 autem
862 1217 916 1263 et
946 1209 1087 1263 mala
1133 1210 1203 1263 ab
1232 1224 1297 1265 eo
1348 1208 1513 1279 facta;
1546 1207 1732 1279 utique
1760 1223 1870 1263 non
1908 1223 1977 1263 ex

379 1296 624 1365 arbitrio,
653 1314 756 1354 nec
795 1314 860 1353 ex
883 1299 1157 1354 voluntate
1182 1316 1193 1355 :
1227 1298 1353 1371 quia
1380 1298 1424 1353 si
1455 1314 1515 1354 ex
1541 1297 1768 1353 arbitrio
1797 1307 1976 1355 etvo-

377 1385 605 1455 luntate,
648 1386 776 1442 nihil
808 1387 1175 1459 incongruens
1224 1398 1277 1442 et
1308 1388 1589 1462 indignum
1620 1386 1727 1442 sibi
1758 1385 1974 1445 faceret.

378 1473 535 1541 Quod
566 1492 697 1549 ergo
727 1492 833 1532 non
857 1476 1079 1532 arbitrio
1111 1492 1209 1533 suo
1240 1477 1447 1547 fecerit,
1481 1479 1709 1552 intelligi
1730 1485 1980 1549 Oportere

379 1579 447 1619 ex
484 1563 617 1621 vitio
656 1563 886 1636 alicujus
915 1566 991 1621 rei
1024 1564 1248 1630 factum,
1299 1582 1365 1621 ex
1414 1566 1641 1623 materia
1687 1582 1807 1622 esse
1853 1565 1970 1621 sine

377 1651 569 1709 dubio.

993 1742 1219 1797 CAPUT
1276 1742 1366 1797 III.

452 1828 652 1897 Adjicit
678 1837 731 1884 et
760 1827 944 1886 aliud:
970 1830 1143 1885 Deum
1175 1846 1386 1901 semper
1416 1832 1589 1886 Deum
1617 1830 1640 1867 ’⁷
1672 1832 1830 1887 etiam
1860 1832 1968 1887 Do-

380 1917 585 1971 minum
644 1916 836 1988 fuisse,
884 1933 1159 1990 nunquam
1208 1934 1317 1973 non
1355 1921 1546 1975 Deum.
1584 1920 1744 1976 Nullo
1813 1935 1974 1992 porro

382 2006 542 2062 modo
573 2004 815 2076 potuisse
842 2004 993 2061 illum
1026 2021 1242 2080 semper
1278 2008 1569 2064 Dominum
1600 2009 1806 2080 haberi,
1836 2009 1975 2065 sicut

380 2102 437 2151 et
464 2110 681 2166 semper
700 2096 890 2163 Deum,
912 2096 957 2150 si
985 2112 1095 2152 non
1125 2097 1313 2154 fuisset
1333 2097 1537 2170 aliquid
1570 2108 1712 2155 retro
1741 2115 1971 2170 semper,

383 2185 539 2255 cujus
569 2199 782 2255 semper
811 2185 1073 2241 Dominus
1102 2187 1403 2252 haberetur,
1439 2188 1604 2243 fuisse
1642 2188 1824 2260 itaque
1853 2204 1974 2242 ma-

382 2272 571 2328 teriam
612 2288 829 2344 semper
859 2274 973 2330 Deo
1004 2276 1258 2331 Domino.
1285 2278 1432 2332 Hanc
1460 2279 1826 2348 conjecturam
1857 2278 1975 2347 ejus

378 2359 488 2430 jam
520 2360 644 2417 hinc
671 2362 948 2418 destruere
988 2365 1317 2435 properabo,
1346 2380 1509 2436 quam
1554 2366 1814 2421 hactenus
1844 2380 1973 2437 pro-

384 2456 503 2520 pter
531 2465 638 2506 non
667 2451 1027 2523 intelligentes
1063 2454 1322 2523 adjecisse
1369 2454 1519 2525 duxi,
1552 2463 1610 2510 ut
1642 2456 1834 2525 sciant,
1865 2470 1975 2510 caa-

384 2544 501 2593 tera
532 2555 748 2611 quoque
787 2549 1100 2613 argumenta
1145 2550 1249 2597 tam
1282 2541 1506 2614 intelligi
1543 2559 1707 2616 quam
1749 2543 1973 2599 revinri.

296 2694 301 2699 ξ
384 2625 483 2681 Dei
512 2642 708 2683 nomen
736 2628 966 2684 dicimus
986 2645 1201 2701 semper
1231 2630 1408 2685 fuisse
1436 2630 1579 2702 apud
1598 2630 1974 2702 semetipsum,

382 2722 437 2770 et
464 2714 515 2769 in
558 2717 868 2790 semetipso,
904 2719 1193 2775 Dominum
1235 2735 1363 2775 vero
1412 2735 1521 2775 non
1577 2736 1790 2791 semper
1842 2738 1855 2774 :
1899 2720 1978 2773 di-

381 2819 533 2858 versa
569 2805 711 2860 enim
760 2807 1039 2879 utriusque
1078 2808 1335 2865 conditio.
1393 2810 1539 2865 Deus
1581 2807 1605 2842 δ
1661 2809 1974 2864 substantiae

380 2892 552 2963 ipsius
582 2910 800 2964 nomen,
834 2896 887 2951 id
937 2906 1020 2954 est
1050 2896 1369 2969 divinitatis;
1406 2897 1670 2954 Dominus
1707 2913 1835 2953 vero
1865 2913 1973 2953 non

2080 494 2273 565 filium,
2306 512 2407 551 nec
2434 496 2598 567 judex
2629 505 2756 553 ante
2783 495 3063 552 delictum.
3122 492 3244 550 Fuit
3298 501 3473 548 autem
3529 503 3670 549 tem-

2078 600 2201 657 pus,
2243 602 2363 641 cum
2415 586 2527 657 (11)
2585 593 2641 642 et
2681 586 2728 625 ιο
2793 585 3045 641 delictum
3099 591 3153 640 et
3203 582 3699 665 ﬁliumfuit“

2080 674 2226 745 quod
2253 673 2513 745 judicem,
2548 683 2600 732 et
2643 674 2737 746 qui
2784 683 2987 747 patrem
3032 672 3321 730 Dominum
3361 673 3405 711 ιι
3453 674 3670 730 faceret.

2080 761 2168 818 Sic
2195 770 2246 817 et
2285 762 2548 818 Dominus
2603 778 2710 818 non
2753 770 2878 820 ante
2916 778 2978 818 ea
3028 763 3075 800 1'3
3123 775 3354 831 quorum
3406 760 3674 816 Dominus

2081 852 2351 918 existeret,
2395 851 2488 907 sed
2526 852 2792 909 Dominus
2840 859 3041 907 tantum
3080 850 3291 906 futurus
3328 849 3672 922 quandoque,

2081 939 2219 998 sicut
2246 941 2407 996 Pater
2452 957 2552 1014 per
2589 940 2810 1006 Filium,
2854 940 2992 994 sicut
3036 940 3201 1008 judex
3246 953 3343 1009 per
3388 938 3671 1001 delictum;

2083 1031 2154 1087 ita
2182 1040 2235 1087 et
2261 1030 2527 1087 Dominus
2560 1046 2655 1101 per
2700 1046 2782 1097 ea,
2816 1046 2937 1101 quae
2976 1030 3079 1084 sibi
3127 1028 3399 1083 servitura
3437 1026 3673 1085 fecisset.

2082 1120 2464 1194 Argumentari
2512 1120 2607 1176 tibi
2658 1120 2862 1190 videor,
2918 1119 3285 1190 Hermogenes
3336 1117 3402 1172 13.
3452 1118 3679 1173 Naviter

2083 1209 2363 1282 Scriptura
2405 1210 2562 1265 nobis
2616 1208 3005 1281 patrocinatur,
3063 1222 3183 1278 qua:
3243 1214 3528 1279 utrumque
3576 1222 3682 1262 no-

2084 1317 2209 1358 men
2265 1302 2312 1357 ei
2376 1300 2636 1366 distinxit,
2688 1307 2742 1355 et
2787 1313 2883 1353 suo
2931 1306 3172 1369 tempore
3226 1296 3480 1351 ostendit.
3540 1295 3679 1351 Nam

2085 1393 2229 1448 Deus
2271 1393 2313 1429 ι¹ι
2342 1391 2560 1463 quidem
2590 1390 2730 1461 quod
2765 1394 2878 1444 erat
2896 1403 3133 1457 semper,
3166 1386 3345 1442 statim
3377 1386 3616 1441 nominat
3662 1404 3677 1441 :

2088 1482 2151 1536 In
2186 1481 2471 1555 principio
2501 1481 2637 1552 fecit
2674 1479 2816 1537 Deus
2846 1480 3051 1535 caelum
3079 1480 3135 1534 et
3157 1482 3393 1535 terram.
3424 1478 3502 1532 Ac
3519 1476 3677 1533 dein-

2080 1584 2209 1642 ceps
2236 1569 2495 1642 quamdiu
2523 1568 2752 1625 faciebat
2781 1583 3009 1641 quorum
3034 1566 3286 1622 dominus
3308 1563 3518 1620 futurus
3539 1572 3679 1631 erat,

2087 1658 2226 1714 Deus
2256 1658 2596 1715 solummodo
2616 1659 2765 1729 ponit
2796 1675 2809 1712 :
2838 1660 2904 1714 Et
2931 1657 3084 1713 dixit
3112 1658 3273 1720 Deus,
3296 1660 3352 1710 et
3368 1656 3502 1726 fecit
3518 1654 3684 1717 Deus,

2079 1754 2136 1807 et
2166 1749 2305 1807 vidit
2334 1751 2502 1816 Deus,
2536 1757 2591 1803 et
2635 1762 2901 1818 nusquam
2929 1745 3109 1801 adhuc
3147 1743 3430 1801 Dominus.
3472 1743 3544 1797 At
3574 1743 3669 1797 ubi

2080 1839 2333 1895 universa
2360 1835 2606 1909 perfecit,
2639 1835 2930 1907 ipsumque
2982 1832 3069 1891 vel
3119 1832 3349 1888 maxime
3386 1830 3680 1896 hominem,

2079 1928 2170 2001 qui
2202 1927 2421 2001 proprie
2452 1926 2746 1982 Dominum
2794 1924 2840 1962 15
2883 1923 3267 1980 intellecturus
3314 1927 3453 1986 erat,
3502 1919 3680 1977 Domi-

2082 2033 2183 2073 nus
2230 2016 2388 2071 etiam
2438 2014 2852 2089 cognominatur
2913 2013 2978 2069 1⁸.
3020 2012 3168 2067 Tunc
3210 2011 3371 2065 etiam
3418 2009 3687 2065 Dominus

2082 2121 2278 2161 nomen
2309 2104 2554 2176 adjunxit
2587 2121 2599 2157 :
2633 2106 2701 2160 Et
2735 2104 2952 2176 accepit
2984 2103 3127 2158 Deus
3161 2100 3275 2171 (I2)
3298 2100 3565 2157 Dominus
3588 2100 3685 2154 ho-

2082 2198 2296 2253 minem
2328 2210 2494 2268 quem
2519 2195 2717 2263 ﬁnxit.
2751 2195 2821 2249 Et
2848 2193 3114 2264 praecipit
3138 2190 3181 2228 17
3213 2191 3480 2246 Dominus
3508 2189 3675 2244 Deus.

2083 2287 2160 2340 Ac
2188 2285 2383 2340 exinde
2414 2283 2683 2339 Dominus
2720 2282 2812 2353 qui
2843 2290 2985 2336 retro
3034 2280 3184 2334 Deus
3215 2284 3441 2346 tantum,
3473 2292 3539 2331 ex
3566 2292 3683 2349 quo

2084 2371 2274 2428 habuit
2302 2373 2460 2441 cujus
2490 2379 2650 2426 esset.
2682 2371 2819 2424 Nam
2848 2369 2991 2423 Deus
3032 2366 3134 2422 sibi
3182 2373 3329 2433 erat;
3374 2365 3533 2421 rebus
3579 2379 3682 2420 au-

2086 2472 2192 2518 tem
2222 2471 2347 2517 tunc
2375 2462 2545 2530 Deus,
2576 2476 2694 2516 cum
2726 2466 2776 2513 et
2806 2456 3093 2513 Dominus.
3128 2455 3296 2530 Igitur
3324 2454 3381 2510 in
3419 2461 3680 2524 quantum

2089 2550 2288 2622 putabit
2320 2551 2442 2606 ideo
2475 2548 2755 2604 materiam
2788 2562 3004 2617 semper
3034 2544 3221 2615 fuisse,
3255 2543 3382 2615 quia
3411 2543 3457 2581 18
3485 2543 3682 2599 Domi-

2086 2657 2188 2694 nus
2217 2655 2431 2710 semper
2458 2645 2619 2703 esset,
2649 2638 2704 2691 in
2753 2644 2960 2691 tantum
3007 2633 3275 2690 constabit
3314 2630 3446 2686 nihil
3493 2631 3681 2699 fuisse,

2084 2726 2215 2798 quia
2242 2734 2453 2782 constat
2482 2723 2771 2780 Dominum
2800 2738 2908 2777 non
2939 2736 3157 2793 semper
3190 2718 3377 2775 fuisse.
3412 2718 3682 2787 Adjiciam

2088 2822 2140 2869 et
2188 2829 2292 2886 ego
2331 2820 2554 2886 propter
2599 2827 2705 2867 non
2746 2809 3134 2881 intelligentes,
3166 2823 3395 2879 quorum
3441 2808 3681 2862 Hermo-

2081 2919 2247 2976 genes
2304 2910 2542 2957 extrema
2589 2900 2735 2956 linea
2775 2907 2855 2954 est
2904 2899 3035 2967 (13),
3091 2904 3146 2952 et
3190 2895 3406 2969 quidem
3452 2895 3677 2965 epinoe-

382 2980 716 3051 substantiae,
747 2984 841 3038 sed
865 2985 1149 3057 potestatis
1177 2986 1536 3042 substantiam
1568 3002 1783 3057 semper
1810 2987 1977 3043 fuisse
2009 2984 2053 3063 ο
2085 3000 2226 3046 mata
2267 2991 2379 3060 (14)
2412 2990 2557 3045 illius
2587 2988 2906 3060 retorquebo
2945 2986 3210 3041 adversus
3245 2984 3393 3039 illum
3436 2983 3501 3036 19.
3544 2983 3674 3038 Cum

380 3085 504 3125 cum
537 3087 634 3127 suo
667 3073 902 3144 nomine,
930 3077 1076 3145 quod
1122 3084 1203 3132 est
1241 3077 1405 3145 Deus,
1455 3086 1639 3147 postea
1678 3075 1970 3141 Dominus,

380 3159 688 3216 accedentis
716 3162 918 3219 scilicet
946 3164 1024 3219 rei
1041 3166 1241 3222 mentio
1269 3165 1315 3220 9.
1340 3168 1473 3221 Nam
1499 3182 1565 3222 ex
1593 3181 1701 3238 quo
1729 3183 1850 3223 esse
1869 3185 1974 3224 coe-

382 3260 576 3321 perunt
613 3250 788 3309 200
833 3254 889 3309 in
925 3271 1044 3326 quae
1086 3262 1355 3325 postestas
1404 3256 1618 3312 Domini
1664 3265 1869 3330 ageret,
1902 3273 1973 3313 ex

382 3340 474 3398 illo
516 3359 608 3411 per
648 3345 1013 3400 accessionem
1070 3345 1354 3415 potestatis
1390 3353 1442 3398 et
1486 3344 1658 3400 factus
1695 3352 1749 3400 et
1794 3345 1973 3402 dictus

381 3436 465 3484 est
494 3430 758 3488 Dominus
790 3448 802 3486 z
837 3431 968 3503 quia
998 3441 1052 3488 et
1098 3441 1253 3503 pater
1282 3440 1335 3487 et
1359 3431 1528 3501 judex
1577 3448 1804 3504 semper,
1844 3433 1973 3505 quia

2080 3080 2223 3137 enim
2265 3088 2424 3149 neget
2449 3078 2727 3134 materiam
2754 3084 2932 3132 natam
2982 3082 3076 3129 aut
3102 3073 3319 3136 factam,
3354 3072 3431 3128 sic
3450 3086 3666 3144 qucque

2083 3167 2300 3225 invcnio
2338 3166 2553 3223 Domini
2581 3181 2777 3221 nomen
2809 3166 2922 3219 Deo
2953 3178 3059 3218 non
3098 3162 3418 3232 competisse
3466 3162 3517 3214 in
3549 3177 3666 3214 ma-

2086 3257 2301 3323 teriam;
2334 3257 2462 3329 quia
2506 3256 2671 3311 libera
2717 3253 2881 3309 fuerit
2927 3266 3151 3308 necesse
3196 3262 3299 3315 est,
3330 3267 3451 3321 quae
3496 3249 3665 3321 origi-

2082 3353 2208 3401 nem
2234 3362 2339 3402 non
2360 3346 2628 3410 habendo,
2653 3360 2758 3399 non
2791 3340 2979 3397 habuit
3004 3351 3299 3408 auctorum,
3324 3339 3482 3397 20I
3525 3338 3671 3410 quod

2081 3442 2213 3503 erat,
2256 3433 2455 3490 nemini
2499 3432 2739 3491 serviens
2786 3431 2854 3485 20.
2888 3431 3073 3500 Itaque
3111 3446 3175 3486 ex
3222 3444 3331 3502 quo
3372 3430 3523 3485 Deus
3571 3445 3674 3499 po-

1696 3624 1699 3629 ,
1786 3558 1977 3622 Varia)
2023 3563 2336 3623 lectiones.

454 3688 479 3724 δ
508 3688 684 3769 [fieret
728 3692 901 3769 .Semln.
937 3690 1155 3769 Qberth.
1187 3692 1339 3769 prgb.
1373 3708 1409 3769 ᾳ
1436 3693 1574 3769 Jun.
1599 3690 1621 3726 ⁷
1653 3691 1824 3769 Deum
1845 3708 2054 3769 semper
2084 3694 2252 3769 Deum
2275 3703 2328 3769 et
2354 3693 2478 3769 jam_
2495 3707 2703 3763 semper
2732 3691 3038 3769 Dominum
3051 3687 3216 3769 fuisse
3233 3690 3676 3769 {nunquamne-ri

386 3758 670 3813 Dominum
711 3762 842 3816 Jun.
874 3760 900 3795 ⁸
936 3761 1036 3815 Sed
1068 3758 1215 3816 Deus
1247 3763 1415 3818 Seml.
1474 3764 1498 3797 9
1548 3763 1856 3819 Accidentis
1885 3758 1999 3819 scil.
2034 3765 2111 3819 rei
2143 3758 2412 3821 mentione
2444 3766 2577 3821 Jun.
2612 3758 2804 3820 merito
2835 3765 2960 3818 Lat.
2998 3766 3044 3805 ιο
3070 3759 3136 3815 Ει
3167 3760 3337 3817 Semt.
3374 3758 3590 3817 Oberth.
3631 3759 3673 3796 ιι

384 3830 557 3883 Deum
590 3832 915 3886 Lattmalii.
951 3832 997 3904 l2
1026 3831 1197 3886 Antea
1230 3835 1400 3904 Seml.
1432 3833 1478 3871 l3
1507 3834 1756 3904 Argutari
1790 3834 1885 3888 tibi
1924 3835 2111 3890 videOr
2140 3837 2523 3903 Hermogenes,
2557 3835 2780 3891 naviter.
2814 3833 3085 3903 Scriptura
3138 3848 3203 3887 an
3234 3834 3364 3889 Jun.
3402 3832 3444 3904 1’?
3484 3829 3674 3904 Domi-1

388 3915 491 3975 nus
523 3904 689 3959 Semt.
728 3904 772 3939 15
791 3903 1069 3975 Dominus
1100 3910 1152 3957 et
1192 3903 1555 3975 intellecturus
1583 3901 1696 3959 erat
1754 3906 1923 3962 Semt.
1963 3907 2008 3943 ιδ
2055 3901 2543 3975 Gegnominaturus
2583 3907 2750 3963 Seml.
2792 3901 3014 3962 Oberth.
3058 3908 3104 3944 1"
3136 3904 3396 3975 Praecepit
3424 3903 3593 3959 Seml.
3628 3901 3679 3938 ιδ

386 3970 522 4057 Qua.
544 3978 722 4055 Venet.
766 3973 810 4010 19
966 3974 1281 4057 paenitentia
1311 3974 1800 4057 illiusretorquebo
1828 3978 2040 4057 advers.
2074 3970 2162 4033 ill.
2182 3977 2618 4057 Seml._0berttt_._
2651 3978 2700 4015 ²ο
2727 3979 2847 4057 Non
2875 3978 3064 4034 habuit
3092 3992 3202 4057 rem
3231 3970 3376 4057 quod
3406 3981 3538 4037 erat,
3569 3988 3675 4057 ne:

391 4046 525 4102 mini
562 4047 801 4119 serviens
848 4043 1097 4119 Rhenrm.
1134 4049 1303 4119 Fran.
1336 4046 1518 4119 Paris;
1551 4043 1660 4102 non
1687 4048 1874 4102 habuit
1902 4060 2200 4118 auctorem,
2232 4048 2377 4119 quod
2407 4060 2521 4105 erat
2557 4051 2756 4105 Wouw.
2800 4050 2924 4105 Ven.
2958 4065 3069 4106 non
3116 4043 3307 4101 habuit
3360 4061 3472 4101 rem
3527 4043 3679 4114 quod

386 4129 521 4187 erat,
556 4118 784 4188 ideoque
814 4116 1018 4170 nemini
1048 4116 1289 4172 serviens
1320 4117 1436 4177 cod.
1482 4120 1595 4175 Vat.
1628 4134 1735 4175 non
1765 4127 2041 4175 auctorem
2075 4116 2220 4191 quod
2250 4116 2361 4176 erat
2388 4120 2642 4192 ideoque,
2673 4119 2873 4175 nemini
2916 4121 3158 4177 serviens
3184 4119 3321 4174 Jun.

1843 4245 2343 4311 Commentarius.

458 4380 574 4451 (11)
605 4379 735 4434 Fuit
765 4383 957 4471 (autem
980 4382 1204 4471 tempus
1232 4393 1382 4471 cum,
1407 4386 1509 4433 etc.
1543 4379 1666 4471 Hoc
1675 4379 1731 4435 in
1762 4380 1879 4463 loco
1900 4395 1983 4434 er-
2015 4395 2060 4471 ο
2087 4380 2249 4471 lineis
2288 4382 2632 4471 notabantur.
2684 4378 3128 4471 Hincvquidqnid
3186 4386 3512 4471 postremum
3572 4384 3679 4439 est,

385 4448 571 4508 rorem
615 4450 913 4523 cavendum
951 4448 1144 4523 omnes
1180 4448 1335 4505 facile
1375 4459 1689 4523 agnoscent,
1724 4452 1977 4523 nimirum

385 4524 767 4591 Ariauisrnum.
819 4520 1014 4577 Notum
1058 4520 1258 4591 quippe
1297 4516 1602 4578 esteorum
1652 4516 1872 4578 verbum
1919 4516 1977 4589 ἦν

387 4598 463 4650 ὅτε
492 4595 579 4648 οὐκ
607 4588 685 4661 ἧν,
717 4607 838 4663 qua:
865 4607 1026 4647 voces
1053 4588 1205 4645 idem
1230 4601 1422 4649 sonant
1466 4594 1707 4649 omnino.
1759 4594 1834 4648 LE
1876 4588 1976 4647 Pa.

458 4667 575 4737 (t2)
606 4668 675 4721 Et
720 4665 935 4737 accepit
964 4666 1128 4737 Deus.
1160 4663 1362 4719 Verum
1418 4665 1636 4737 quidem
1684 4677 1783 4733 est,
1834 4664 1979 4737 quod

387 4734 609 4794 adnotat
646 4734 865 4804 Auctor,
907 4734 1197 4789 Dominum
1252 4751 1361 4791 non
1398 4734 1580 4792 vecari
1637 4737 1829 4801 Deum,
1852 4734 1980 4791 'nisi

390 4810 480 4865 ubi
513 4808 765 4864 universa
793 4805 1042 4876 perfecit,
1063 4806 1359 4878 ipsumque
1396 4807 1479 4861 vel
1528 4807 1760 4863 maxime
1803 4807 1982 4862 homi-

388 4896 546 4949 nem;
578 4878 673 4933 sed
704 4878 865 4932 etiam
894 4887 1019 4933 ante
1046 4877 1379 4947 Scripturam
1405 4879 1491 4933 hic
1520 4879 1757 4943 citatam,
1800 4878 1983 4933 statim

388 4951 540 5007 initio
563 4965 603 5004 ll
632 4964 751 5015 cap.
786 4949 905 5005 Non
947 4949 1101 5005 enim
1154 4950 1386 5021 pluerat
1435 4952 1706 5006 Dominus
1737 4953 1911 5021 Deus,
1933 4956 1987 5003 et

389 5021 673 5095 plantavit
702 5023 970 5095 Dominus
1000 5019 1551 5095 Deus—parudisum;
1583 5029 1693 5095 tum
1725 5035 1853 5074 vero
1883 5019 1983 5073 de-

390 5092 535 5151 mum
577 5093 739 5163 istud,
783 5094 851 5147 Et
904 5093 1123 5163 accepit
1162 5092 1433 5147 Dominus
1475 5095 1624 5148 Deus
1677 5092 1982 5147 hommem.

389 5168 532 5232 Pan.

418 5250 423 5257 ‘
460 5230 575 5307 (13)
598 5238 846 5305 Quorum
869 5236 1233 5307 Hermogenes
1246 5235 1508 5307 extrema
1529 5234 1681 5291 linea
1693 5236 1797 5307 est_.
1813 5230 1989 5307 Quam

389 5301 510 5366 esse
542 5301 705 5363 ﬁnem
736 5305 881 5363 omni
914 5303 1154 5375 reiqdicit
1192 5304 1294 5356 hoc
1343 5302 1463 5372 ipso
1495 5319 1683 5375 Opere.
1729 5304 1820 5375 Ait
1846 5301 1985 5375 insi-

391 5381 642 5446 pientiam
682 5373 1039 5444 Hermogenis
1074 5371 1233 5425 finem
1280 5371 1399 5427 esse
1436 5371 1675 5429 omnium
1723 5373 1986 5446 insipien-

392 5452 609 5519 tiarum,
631 5455 734 5506 hoc
763 5454 865 5511 est,
897 5458 1255 5512 suspremam,
1289 5459 1452 5514 supra
1483 5463 1646 5518 quam
1670 5446 1834 5500 nulla.
1860 5445 1987 5519 me.

468 5515 723 5591 Quorum
744 5523 1106 5584 Hermogenes
1127 5519 1385 5591 attremit
1407 5515 1561 5591 tinea
1590 5519 1767 5591 est.ln
1798 5515 1990 5591 spatiis

398 5585 527 5650 oliui
567 5596 622 5649 in
650 5592 845 5664 quibus
880 5602 1073 5642 cursus
1094 5585 1311 5657 publice
1338 5586 1518 5656 fiebat,
1551 5590 1759 5647 initium
1792 5585 1846 5647 et
1866 5588 1990 5644 linis

2087 4460 2328 4508 extrema
2358 4453 2494 4509 linea
2541 4452 2947 4520 proverbialiter
2992 4450 3097 4507 dici
3144 4450 3331 4519 erepit.
3378 4449 3523 4519 Ergo
3554 4463 3681 4501 cum

2086 4524 2445 4579 Tertullianus
2476 4524 2866 4593 Hermogenem
2896 4522 2986 4578 hic
3016 4531 3192 4588 vocat,
3211 4538 3328 4577 non
3358 4520 3681 4593 intelligen-

2091 4598 2237 4652 tium
2256 4600 2567 4653 extremam
2602 4591 2832 4659 lineam,
2867 4592 3325 4663 imperitissimum
3353 4591 3680 4662 accipe.Ho-

2092 4667 2262 4723 ratius
2291 4667 2571 4738 epistolam
2602 4663 2671 4719 ad
2709 4662 2990 4733 Quintium
3024 4666 3102 4720 sic
3131 4662 3333 4720 claudit
3366 4680 3380 4716 :

2466 4777 2596 4828 Mors
2625 4778 2809 4830 ultima
2838 4779 2972 4829 linea
3007 4792 3178 4830 rerum
3206 4785 3301 4828 est.

2091 4868 2259 4925 Simul
2300 4868 2461 4924 tacite
2487 4866 2675 4922 alludit
2718 4867 2789 4922 ad
2827 4877 2995 4925 artem
3036 4866 3392 4939 Hermogenis
3432 4862 3688 4939 penicillo

2092 4941 2262 4996 lineas
2290 4940 2486 4996 ducere
2535 4939 2700 5005 soliti,
2734 4956 2860 4994 nam
2898 4940 3073 5009 pictor
3110 4934 3269 4994 erat."
3299 4937 3389 4993 Sic
3434 4934 3579 5009 infra
3616 4934 3686 4990 de

2094 5010 2314 5066 materia
2362 5010 2587 5081 loquens
2639 5029 2652 5065 :
2699 5032 2722 5061 α
2767 5012 2824 5067 Si
2866 5006 2920 5067 in
2961 5013 3103 5079 loco,
3146 5009 3335 5080 inquit,
3386 5022 3521 5079 ergo
3551 5006 3687 5081 intra

2094 5083 2303 5151 locum;
2351 5081 2396 5135 si
2437 5079 2592 5137 intra
2636 5083 2835 5151 locum,
2879 5098 3009 5151 ergo
3047 5079 3440 5137 determinatur
3489 5093 3518 5131 a
3569 5079 3687 5133 loco

2095 5153 2233 5208 intra
2258 5169 2421 5223 quem
2449 5161 2558 5218 est;
2590 5152 2637 5207 si
2667 5155 3078 5217 determinatur,
3139 5154 3301 5207 habet
3348 5152 3552 5223 lineam,
3584 5163 3685 5223 e15-

2098 5218 2341 5292 tremain,
2373 5241 2533 5297 quam
2560 5234 2819 5297 quantum
2852 5225 3073 5297 proprie
3123 5224 3293 5292 pictor
3333 5219 3582 5292 agnoscit
3619 5218 3687 5273 ﬁ-

2096 5311 2219 5351 nem
2250 5311 2366 5349 esse
2394 5296 2541 5351 omni
2572 5296 2666 5361 rei,
2722 5298 2877 5366 cujus
2907 5297 3049 5351 linea
3094 5306 3337 5351 extrema
3364 5301 3465 5356 est,
3512 5312 3534 5341 »
3577 5301 3685 5366 etc.

2098 5368 2156 5421 In
2187 5366 2279 5422 lib.
2312 5366 2437 5424 adv.
2476 5364 2801 5433 Praxeam,
2826 5377 2977 5424 vocat
3023 5368 3196 5423 Deum
3244 5370 3567 5424 extremam
3618 5364 3693 5417 li-

2098 5454 2265 5494 neam
2304 5439 2719 5496 universitatis.
2756 5443 2940 5494 llasN.
3116 5456 3131 5467 ·

2128 5580 2138 5591 ,
2167 5510 2298 5639 (14:1)1
2324 5512 2714 5581 Epinoemata.
2747 5510 2836 5567 Sic
2863 5510 3265 5566 emendavimus
3293 5523 3358 5565 ex
3398 5507 3534 5564 libro
3576 5504 3655 5560 Ur

2128 5597 2220 5639 m1.
2303 5596 2381 5638 ιθ.

2098 5597 2220 5639 sun.
2254 5596 2381 5639 Καὶ.
