4002 6118
313 274 410 334 225
1650 267 1846 328 LIBER
1864 267 2047 326 -ADV.
2086 267 2561 329 HEBMOGENEM.
3514 277 3624 338 226

310 404 552 456 testatem
589 411 746 451 suam
781 395 1026 453 exercuit
1045 397 1098 453 in
1127 413 1267 467 eam,
1288 397 1539 456 faciendo
1569 409 1634 450 ex
1655 392 1902 466 materia,
1933 411 1981 491 Α
2013 407 2123 465 qua
2158 393 2486 449 universitas
2515 391 2782 449 consistit.
2814 392 3102 462 Quomodo
3133 399 3494 470 respondebit
3521 401 3575 440 ²⁹
3599 403 3628 459 ?

319 502 385 544 ex
411 487 499 541 illo
535 485 813 540 materiam
841 485 1132 542 Dominum
1163 488 1329 545 Deum
1360 502 1535 560 passa,
1570 483 1904 541 demonstrat
1933 481 1981 491 "
2034 482 2154 537 Non
2199 483 2378 537 statim
2429 481 2709 538 materiam
2755 484 3064 552 comparari
3102 487 3232 551 Deo,
3279 487 3322 542 si
3367 490 3493 560 quid
3524 491 3627 546 Dei

321 578 418 632 hoc
442 576 586 630 illum
637 574 852 629 tamdiu
896 589 1005 630 non
1037 574 1225 643 fuisse,
1257 577 1521 651 quamdiu
1551 575 1650 629 fuit
1680 574 1750 627 21.
1783 573 1922 628 Ilinc
2034 571 2248 642 habeat,
2280 571 2405 642 quia
2443 586 2551 627 non
2589 578 2761 627 totum
2808 571 3059 627 habendo
3092 589 3199 629 non
3246 588 3530 634 concurrat
3572 579 3627 634 in

326 665 536 736 denique
586 662 848 733 incipiam
896 663 965 719 de
1009 665 1231 721 materia
1269 673 1581 730 retractare,
1615 661 1760 734 quod
1799 675 1919 717 eam
2033 660 2419 731 plenitudinem
2490 659 2962 731 comparationis?
3025 661 3165 729 Quid
3229 664 3344 721 Deo
3408 667 3630 740 reliquit

325 755 453 809 Deus
479 751 593 807 sibi
623 760 911 822 comparet
939 753 1169 823 proinde
1189 769 1299 810 non
1330 763 1533 822 natam,
1557 751 1787 824 proinde
1815 765 1923 806 non
2035 749 2288 821 amplius,
2322 757 2382 804 ut
2410 765 2517 805 non
2549 756 2719 804 totum
2753 748 2870 818 Dei,
2905 750 3141 806 materiae
3188 753 3408 809 dedisse
3435 756 3628 814 videa-

321 842 524 904 factam,
557 839 802 911 proinde
831 847 1106 908 aeternam,
1137 845 1257 899 sine
1287 843 1462 907 initio,
1495 841 1612 897 sine
1650 839 1756 895 fine
1792 854 1924 910 pro-

311 928 543 1000 positam
577 928 650 982 22.
673 925 829 996 Quis
858 928 1006 984 enim
1036 931 1173 986 alius
1200 932 1296 987 Dei
1325 946 1541 994 census,
1571 943 1732 1001 quam
1763 935 1924 982 mter-

307 1017 495 1087 nitas?
547 1017 680 1088 quis
728 1016 868 1072 alius
914 1019 1230 1077 aeternitatis
1275 1028 1464 1084 status,
1509 1034 1671 1090 quam
1713 1031 1926 1088 semper

302 1107 473 1164 fuisse
503 1114 568 1162 et
597 1105 852 1163 futurum
883 1122 1022 1174 esse,
1054 1124 1118 1164 ex
1155 1108 1517 1183 praerogativa
1547 1107 1747 1162 nullius
1789 1103 1926 1160 initii

301 1205 352 1252 et
379 1196 603 1250 nullius
633 1193 807 1250 ﬁnis?
834 1195 948 1252 Hoc
991 1197 1036 1251 si
1083 1197 1184 1252 Dei
1225 1207 1311 1254 est
1339 1197 1637 1270 proprium,
1669 1195 1796 1267 quia
1823 1194 1923 1250 etsi

301 1284 391 1339 alii
421 1283 478 1321 2³
507 1283 879 1354 adscribatur,
907 1281 1017 1355 jam
1065 1301 1173 1341 non
1216 1286 1317 1342 erit
1362 1287 1459 1342 Dei
1499 1285 1800 1357 proprium,
1833 1282 1927 1338 sed

301 1387 613 1430 commune
647 1387 771 1427 cum
803 1387 868 1428 eo
897 1372 986 1429 cui
1017 1381 1070 1429 et
1107 1373 1447 1432 adscribitur.
1477 1375 1635 1445 Nam,
1665 1372 1767 1429 etsi
1799 1377 1928 1427 sunt

302 1463 398 1534 qui
456 1462 728 1518 dicuntur
773 1461 861 1516 dei
907 1461 1024 1520 sive
1071 1462 1125 1519 in
1173 1465 1336 1536 coelo,
1367 1464 1483 1522 sive
1527 1463 1582 1519 in
1634 1472 1777 1520 terra
1822 1476 1928 1517 no-

303 1553 501 1620 mine;
561 1557 826 1606 caeterum
881 1566 1025 1607 unus
1069 1553 1218 1610 Deus
1258 1553 1433 1625 Pater,
1483 1569 1549 1610 ex
1595 1566 1704 1624 quo
1750 1550 1930 1606 omnia

310 1643 352 1707 (I
387 1642 516 1698 Cor.
553 1654 685 1708 ml,
719 1640 777 1709 5)
809 1657 822 1698 :
857 1655 964 1712 quo
991 1641 1169 1715 magis
1195 1642 1340 1713 apud
1371 1657 1469 1700 nos
1497 1641 1665 1698 solius
1690 1639 1790 1696 Dei
1817 1653 1940 1695 esse

2035 837 2168 891 tur?
2199 836 2298 891 Vel
2339 851 2465 908 qua,
2507 836 2700 908 inquit,
2733 844 2788 892 et
2818 835 2897 892 sic
2920 837 3155 894 habente
3184 843 3433 909 materia,
3482 846 3630 902 salva

2034 925 2104 980 sit
2149 925 2263 981 Deo
2293 933 2346 981 et
2382 925 2674 981 auctoritas
2702 925 2751 964 3°
2789 934 2842 980 et
2881 926 3203 996 substantia,
3235 946 3342 1003 qua
3381 931 3530 987 solus
3577 942 3632 990 et

2035 1014 2243 1083 primus
2279 1022 2466 1070 auctor
2502 1022 2602 1081 est,
2648 1023 2701 1071 et
2738 1014 2999 1072 Dominus
3050 1018 3291 1073 omnium
3323 1031 3628 1078 censeatur.

2033 1103 2250 1161 Veritas
2297 1113 2475 1160 autem
2523 1104 2600 1160 sic
2637 1121 2803 1160 unum
2844 1106 3013 1162 Deum
3065 1108 3236 1180 exigit
3263 1109 3631 1178 defendendo,

2036 1200 2096 1248 ut
2123 1192 2294 1248 solius
2325 1192 2395 1248 sit
2423 1193 2687 1265 quidquid
2711 1194 2886 1264 ipsius
2900 1202 3002 1251 est.
3039 1197 3122 1252 Ita
3141 1197 3285 1252 enim
3311 1199 3484 1270 ipsius
3507 1201 3629 1267 erit,

2035 1281 2078 1336 si
2113 1281 2277 1338 fuerit
2323 1282 2493 1337 solius
2537 1300 2550 1336 :
2592 1290 2646 1337 et
2674 1299 2737 1338 ex
2787 1283 2891 1339 hoc
2939 1284 3082 1340 alius
3119 1287 3253 1343 deus
3298 1305 3406 1344 non
3461 1293 3635 1363 possit

2035 1369 2263 1438 admitti,
2316 1369 2442 1424 dum
2485 1369 2684 1424 nemini
2730 1371 2854 1427 licet
2907 1372 3107 1428 habere
3145 1374 3212 1430 de
3258 1377 3372 1433 Deo
3409 1378 3632 1452 aliquid.

2034 1458 2204 1530 Ergo,
2240 1457 2438 1530 inquis,
2498 1473 2597 1514 nec
2635 1473 2736 1514 nos
2782 1459 3044 1515 habemus
3088 1461 3186 1518 Dei
3243 1465 3467 1537 aliquid.
3517 1468 3633 1525 Imo

2047 1549 2330 1614 habemus,
2365 1554 2420 1602 et
2456 1547 2799 1620 habebimus,
2831 1549 2926 1603 sed
2965 1549 3034 1604 ab
3062 1549 3205 1622 ipso,
3251 1568 3360 1608 non
3390 1570 3421 1609 a
3453 1556 3631 1612 nobis.

2045 1635 2184 1690 Nam
2215 1643 2270 1692 et
2297 1635 2386 1690 dei
2416 1635 2462 1673 31
2493 1635 2715 1704 erimus,
2747 1636 2792 1690 si
2823 1637 3120 1693 meruimus
3150 1640 3228 1694 illi
3259 1658 3380 1698 esse
3417 1643 3485 1701 de
3505 1647 3632 1717 qui-

312 1699 537 1794 debeat,
572 1699 726 1800 quod
755 1699 1188 1801 Dei-proprium
1230 1699 1312 1789 est
1355 1750 1370 1788 :
1421 1740 1496 1801 et,
1544 1740 1604 1788 ut
1651 1730 1782 1801 dixi,
1826 1730 1936 1800 jam
1971 1699 2016 1777 Β

321 1835 428 1874 non
461 1817 754 1888 proprium
772 1826 937 1885 esset,
967 1819 1092 1890 quia
1116 1819 1340 1876 alterius
1357 1827 1518 1877 esset.
1539 1817 1698 1886 Quod
1720 1818 1764 1873 si
1791 1819 1936 1872 Deus

339 1916 441 1975 est,
479 1906 698 1962 unicum
749 1905 825 1960 sit
869 1921 1092 1962 necesse
1139 1915 1241 1973 est,
1272 1919 1331 1964 ut
1376 1908 1541 1964 unius
1571 1908 1640 1963 sit
1684 1907 1732 1945 ²⁴
1785 1923 1799 1961 :
1848 1913 1938 1960 aut

344 1995 474 2066 quid
503 1994 600 2048 erit
639 1994 871 2051 unicum
901 2003 956 2050 et
1003 1995 1301 2067 singulare,
1334 1996 1437 2052 nisi
1481 1996 1570 2052 cui
1605 1995 1739 2050 nihil
1786 1993 1936 2048 adae-

339 2082 628 2154 quabitur?
662 2083 798 2155 quid
846 2083 1168 2155 principale,
1197 2085 1304 2139 nisi
1349 2084 1495 2157 quod
1538 2099 1705 2154 super
1735 2083 1933 2151 omnia,

333 2172 436 2226 nisi
462 2171 611 2243 quod
653 2179 784 2227 ante
812 2171 1012 2238 omnia,
1043 2180 1098 2227 et
1133 2189 1206 2229 ex
1243 2187 1355 2244 quo
1391 2172 1613 2230 omnia?
1639 2173 1765 2228 Haec
1793 2172 1938 2226 Deus

325 2260 480 2316 solus
510 2260 768 2316 habendo
792 2267 890 2328 est,
925 2271 978 2318 et
1023 2261 1173 2317 solus
1220 2262 1468 2320 habendo
1497 2278 1638 2318 unus
1667 2269 1749 2318 est
1777 2262 1846 2314 2⁵.
1878 2260 1936 2316 Si

318 2349 460 2403 alius
505 2349 789 2420 habuerit,
831 2358 912 2405 tot
956 2350 1068 2419 jam
1107 2359 1268 2408 erunt
1307 2350 1428 2417 Dei,
1460 2360 1614 2422 quot,
1651 2348 1939 2405 habuerint

319 2453 441 2511 quae
477 2437 584 2493 Dei
612 2447 762 2494 sunt.
784 2438 864 2492 Ita
893 2437 1270 2511 Hermogenes
1288 2438 1427 2495 duos
1456 2439 1587 2496 deos
1616 2438 1796 2495 infert.
1827 2437 1939 2493 Ma-

319 2526 521 2584 teriam
565 2541 752 2597 parem
780 2526 894 2583 Deo
925 2525 1087 2583 infert
1115 2527 1185 2582 26.
1215 2527 1386 2584 Deum
1416 2537 1594 2584 autem
1623 2543 1788 2584 unum
1819 2542 1942 2584 esse

318 2623 573 2686 oportet,
594 2613 724 2686 quia
752 2614 900 2685 quod
920 2631 1188 2671 summum
1225 2615 1319 2686 sit,
1337 2615 1488 2672 Deus
1512 2625 1594 2672 est
1616 2633 1630 2670 :
1672 2631 1939 2672 summum

321 2712 516 2759 autem
548 2717 660 2759 non
690 2702 815 2773 erit,
839 2703 944 2760 nisi
971 2703 1115 2776 quod
1133 2703 1351 2761 unicum
1381 2703 1578 2761 fuerit:
1600 2705 1940 2772 unicumau-

327 2803 442 2849 tem
472 2807 600 2848 esse
630 2805 742 2847 non
772 2793 996 2863 poterit,
1017 2792 1106 2850 cui
1138 2791 1340 2866 aliquid
1373 2793 1768 2867 adaequabitur;
1791 2793 1941 2850 adae-

327 2881 596 2952 quabitnr
623 2887 798 2936 autem
823 2882 935 2938 Deo
956 2882 1202 2950 materia,
1227 2897 1349 2938 cum
1373 2891 1575 2940 aeterna
1594 2892 1843 2939 censetur
1871 2883 1942 2940 2⁷.

986 2971 1212 3026 CAPUT
1249 2971 1316 3027 V.

418 3059 536 3116 Sed
556 3059 724 3125 Deus,
755 3057 905 3116 Dens
950 3067 1060 3128 est;
1095 3059 1337 3128 materia,
1369 3059 1598 3116 materia
1625 3067 1710 3116 est
1749 3077 1762 3116 :
1795 3060 1948 3132 quasi

337 3145 642 3202 diversitas
676 3147 952 3204 nominum
993 3147 1386 3219 comparationi
1423 3147 1653 3213 resistat,
1685 3147 1729 3202 si
1775 3156 1950 3204 status

339 3235 497 3289 idem
529 3234 852 3292 vindicetur.
888 3235 972 3292 Sit
1013 3245 1066 3291 et
1103 3243 1296 3292 natura
1323 3235 1555 3302 diversa,
1598 3235 1667 3290 sit
1693 3243 1745 3292 et
1777 3236 1951 3293 forma

342 3337 460 3378 non
490 3323 699 3390 eadem,
733 3324 1024 3380 dummodo
1057 3324 1107 3362 28
1139 3325 1312 3395 ipsius
1339 3332 1510 3380 status
1547 3340 1658 3380 una
1695 3324 1763 3380 sit
1791 3325 1945 3382 ratio.

342 3413 579 3469 lnnatus
629 3413 800 3480 Deus,
832 3428 900 3468 an
946 3428 1056 3470 non
1102 3422 1157 3470 et
1194 3415 1374 3470 innata
1423 3414 1692 3470 materia?
1738 3430 1954 3486 semper

343 3500 520 3568 Deus,
553 3515 620 3554 an
650 3515 760 3556 non
790 3516 1007 3572 semper
1041 3511 1096 3558 et
1123 3501 1383 3558 materia?
1413 3501 1591 3559 Ambo
1621 3501 1738 3558 sine
1775 3501 1950 3573 initio,

345 3587 538 3644 20$
565 3589 729 3646 ambo
765 3589 884 3645 sine
923 3589 1048 3656 ﬁne,
1078 3591 1238 3647 ambo
1264 3590 1426 3647 etiam
1463 3598 1708 3648 auctores
1736 3591 1954 3648 univer-

347 3678 552 3747 sitatis,
573 3688 680 3733 tam
708 3679 801 3749 qui
829 3678 976 3751 fecit,
995 3695 1156 3752 quam
1181 3679 1250 3736 de
1276 3694 1383 3751 qua
1413 3677 1564 3738 fecit.
1593 3681 1780 3752 Neque
1807 3681 1952 3736 enim

347 3773 539 3837 potest
565 3781 673 3823 non
702 3774 756 3822 et
797 3766 1026 3823 materia
1063 3767 1266 3824 auctrix
1305 3767 1550 3826 omnium
1578 3767 1845 3838 deputari,
1884 3768 1954 3825 de

2046 1724 2149 1779 bus
2175 1722 2493 1796 praedicavit
2524 1739 2538 1777 :
2569 1725 2679 1796 Ego
2714 1724 2839 1780 dixi
2868 1745 2886 1781 :
2913 1727 3005 1782 Vos
3031 1729 3127 1782 Dei
3163 1733 3337 1798 estis;
3377 1740 3430 1788 et
3461 1735 3638 1791 Stetit

2045 1817 2186 1870 Deus
2224 1816 2288 1870 in
2321 1813 2555 1871 ecclesia
2592 1813 2824 1870 deorum
2858 1813 3033 1884 (Psal.
3075 1832 3278 1887 Lxxxr,
3323 1821 3378 1890 1)
3411 1839 3424 1875 :
3454 1825 3549 1878 sed
3571 1839 3636 1880 ex

2045 1901 2220 1975 gratia
2249 1901 2440 1972 ipsius,
2470 1916 2580 1957 non
2637 1916 2703 1957 ex
2742 1911 2927 1957 nostra
2971 1905 3321 1975 proprietate,
3355 1910 3482 1981 quia
3521 1911 3639 1982 ipse

2045 1999 2126 2045 cst
2154 1990 2305 2046 solus
2324 1989 2414 2061 qui
2445 1990 2576 2045 deos
2607 1989 2784 2047 faciat.
2809 1991 3046 2047 Materiae
3074 1993 3124 2031 ³2
3148 2003 3326 2051 autem
3359 1999 3636 2068 proprium

2047 2078 2170 2134 facit
2202 2078 2346 2151 quod
2396 2093 2518 2133 cum
2564 2079 2678 2135 Deo
2733 2077 2893 2135 habet
2925 2097 2940 2134 :
2979 2089 3070 2137 aut
3100 2083 3148 2137 si
3195 2100 3224 2138 a
3254 2087 3368 2141 Deo
3404 2089 3636 2160 accepit,

2046 2165 2188 2238 quod
2222 2175 2304 2221 est
2331 2164 2452 2236 Dei,
2473 2165 2715 2222 ordinem
2744 2165 2867 2222 dico
2895 2170 3227 2239 aeternitatis,
3280 2181 3454 2243 potest
3491 2177 3640 2232 credi

2047 2264 2097 2309 et
2128 2253 2325 2310 habere
2344 2253 2489 2308 illam
2520 2269 2643 2309 cum
2673 2254 2787 2312 Deo
2825 2256 3053 2329 aliquid,
3088 2268 3140 2315 et
3166 2260 3324 2316 deum
3355 2263 3500 2319 illam
3532 2280 3639 2322 non

2047 2357 2186 2398 esse.
2215 2341 2388 2412 Quale
2436 2351 2520 2398 est
2566 2354 2771 2412 autem,
2803 2361 2924 2401 cum
2969 2347 3258 2405 confitetur
3305 2351 3396 2407 ille
3441 2353 3642 2426 aliquid

2049 2447 2173 2488 cum
2204 2433 2318 2488 Deo
2349 2432 2570 2499 habere,
2603 2441 2656 2488 et
2695 2434 2807 2489 vult
2837 2435 3009 2492 solius
3047 2437 3146 2494 Dei
3177 2455 3298 2496 esse
3338 2442 3487 2514 quod
3517 2459 3638 2500 ma-

2049 2521 2240 2578 teriam
2271 2537 2380 2579 non
2411 2531 2575 2597 negat
2597 2523 2797 2580 habere
2819 2525 2848 2578 ?

2674 2613 2898 2670 CAPUT
2939 2615 3030 2672 Vl.
3511 2647 3514 2649 λ

2120 2700 2262 2757 Dicit
2291 2700 2498 2757 salvum
2533 2700 2650 2757 Deo
2679 2717 2803 2757 esse
2835 2708 2892 2758 ut
2923 2713 2974 2758 et
3005 2703 3154 2760 solus
3178 2706 3246 2760 sit
3278 2707 3414 2780 (l6),
3446 2720 3498 2766 et
3527 2713 3648 2782 pri-

2051 2805 2193 2856 mus,
2219 2799 2271 2847 et
2299 2789 2542 2846 omnium
2569 2796 2778 2859 auctor,
2811 2799 2868 2847 et
2895 2793 3133 2849 omnium
3160 2783 3448 2866 Dominus,
3480 2811 3533 2857 et
3561 2819 3652 2859 ne-

2053 2878 2183 2934 mini
2220 2879 2650 2950 comparandus;
2699 2896 2823 2954 quae
2858 2896 2980 2937 mox
3027 2885 3268 2941 materiae
3307 2903 3526 2962 quoque
3554 2891 3652 2947 ad-

1979 2986 2024 3063 η
2051 2967 2240 3022 scribit
2267 2967 2336 3021 33.
2370 2967 2490 3040 Ego
2527 2967 2743 3039 quidem
2775 2970 2925 3026 Deus
2954 2971 3022 3041 3*,
3065 2976 3458 3034 contestabitur
3484 2980 3650 3047 Deus,

2061 3064 2114 3110 et
2137 3056 2336 3125 juravit
2371 3070 2777 3127 nonnumquam
2808 3073 2904 3127 per
2933 3063 3307 3133 semetipsum,
3342 3069 3485 3139 quod
3516 3071 3653 3125 alius

2058 3159 2165 3200 non
2185 3143 2255 3199 sit
2283 3141 2459 3215 qualis
2487 3142 2604 3212 ipse
2635 3144 2819 3211 (Deut.
2862 3161 3050 3216 χχχιι,
3085 3152 3174 3214 39,
3205 3153 3296 3221 40)
3327 3172 3341 3208 :
3367 3156 3463 3209 sed
3493 3172 3651 3212 men-

2059 3231 2245 3288 dacem
2273 3247 2396 3286 eum
2425 3229 2583 3285 faciet
2611 3229 3005 3303 Hermogenes.
3037 3236 3151 3291 Erit
3179 3240 3323 3294 enim
3349 3250 3401 3297 et
3433 3246 3653 3303 materia

2059 3317 2233 3390 qualis
2255 3319 2422 3387 Deus,
2447 3317 2666 3386 infecta,
2703 3319 2904 3390 innata,
2931 3321 3144 3378 initium
3176 3340 3285 3382 non
3317 3329 3652 3400 habens,nec

2060 3407 2244 3465 ﬁnem.
2275 3406 2430 3464 Dicet
2456 3409 2604 3465 Deus
2638 3427 2651 3465 :
2685 3411 2803 3483 Ego
2835 3412 3180 3488 primus(l7)
3208 3418 3342 3487 (Isa.
3366 3435 3651 3494 xu,xmv,

2060 3496 2314 3568 xnvm)?
2349 3506 2403 3553 et
2439 3498 2716 3568 quomodo
2745 3500 2978 3572 primus,
2999 3504 3085 3559 cui
3117 3508 3344 3563 materia
3374 3521 3656 3570 coaetanea

2062 3586 2184 3643 est?
2215 3585 2354 3640 inter
2396 3593 2702 3642 coaetaneos
2750 3597 2930 3644 autem
2960 3599 3015 3646 et
3051 3599 3485 3665 contemporales
3521 3601 3656 3659 ordo

2061 3691 2171 3733 non
2199 3685 2300 3746 est,
2339 3683 2431 3730 aut
2458 3674 2640 3732 ωδ
2667 3685 2719 3733 et
2759 3681 2988 3736 materia
3019 3682 3191 3753 prima
3232 3695 3335 3742 est.
3376 3692 3654 3764 Extendi,

2061 3765 2254 3836 inquit,
2312 3765 2514 3822 caelum
2563 3768 2718 3824 solus
2765 3769 2880 3840 (18)
2912 3771 3050 3844 (18η.
3084 3777 3242 3848 xuv)
3279 3795 3292 3834 :
3326 3781 3510 3851 atquin
3549 3797 3656 3839 non

1729 3889 1923 3951 Varia:
1971 3891 2281 3952 lectiones.

433 3997 478 4035 ²ι
513 3997 638 4052 Haec
665 3998 799 4053 Jun.
841 3997 962 4054 fuit.
993 3997 1198 4068 Rigalt.
1234 3997 1360 4054 Ven.
1387 3998 1618 4068 rectius.
1649 3993 2012 4068 ?2_Pr0posita
2029 3995 2161 4051 Jun.
2192 4009 2240 4068 ρ.
2264 3992 2367 4049 rel.
2392 3992 2442 4031 ²³
2466 3991 2720 4068 Sed_quia
2749 3994 2805 4068 si
2826 4002 2880 4050 et
2906 3997 2996 4052 alii
3026 4001 3204 4059 Rhen.
3237 4005 3409 4063 Sami,
3433 4009 3653 4068 σθω-ιιι,

354 4069 488 4140 quia
517 4069 563 4122 si
581 4078 643 4142 Aet
665 4069 753 4122 alii
779 4069 994 4142 _Wouw.
1033 4065 1152 4138 Rig.
1184 4068 1232 4106 ²⁴
1260 4067 1491 4142 Etenim,
1523 4075 1582 4142 ut
1607 4065 1737 4142 dixi,
1754 4065 1869 4136 jam
1897 4065 2300 4142 nonproprium
2332 4071 2475 4142 esset
2503 4065 2628 4142 quia
2659 4066 2877 4142 alterius
2906 4081 3050 4126 esset
3079 4075 3244 4142 quod,
3266 4077 3311 4131 si
3342 4065 3487 4134 Deus
3513 4065 3660 4140 unus

355 4135 466 4202 ést,
496 4139 716 4210 unicum
746 4138 816 4192 sit
845 4154 1066 4195 necesse
1092 4135 1195 4209 est,
1234 4149 1293 4210 et
1310 4139 1480 4210 iunius
1510 4138 1580 4193 sit
1624 4135 1768 4195 Jun;
1802 4138 1946 4209 quod
1978 4135 2037 4192 si
2061 4137 2228 4210 Deus,
2260 4135 2478 4210 unicum
2519 4135 2638 4192 cod.
2683 4138 2943 4196 Wouwer.
2979 4142 3028 4178 ³⁵
3062 4135 3182 4198 Haec
3205 4135 3348 4202 Deus
3377 4135 3534 4207 solus
3544 4135 3656 4210 iiii

360 4209 702 4297 bendompp‘us
730 4220 831 4264 est.
859 4211 1026 4293 sentt.
1058 4204 1279 4297 Qberth.
1304 4209 1353 4297 1:6
1371 4209 1537 4297 {Effert
1557 4211 1684 4265 dum
1711 4204 1995 4297 materiam
2018 4209 2149 4297 lla-nl.
2182 4204 2228 4288 'f‘"
2467 4214 2666 4297 steterim
2697 4211 3176 4297 censebiturjmi.“
3204 4221 3349 4297 ἔφη),
3377 4204 3528 4291 [ονξέ
3552 4204 3658 4297 ﬁo

358 4297 510 4364 eum.
536 4280 585 4364 2‘3
602 4281 740 4364 Dum
763 4281 966 4362 nomini
990 4281 1157 4364 ipsius
1179 4280 1347 4364 seml:
1371 4279 1419 4316 ²⁹
1440 4281 1968 4364 Signumjnterrog.
1993 4278 2146 4364 abest
2173 4278 2242 4364 in
2267 4277 2354 4364 ed.
2378 4279 2550 4364 Rhen.
2584 4278 2753 4364 Serui.
2787 4285 2843 4335 et
2867 4286 3101 4364 rectius.
3128 4277 3661 4364 3°_Rhé'n.'couji2ie:

361 4354 460 4430 bat
491 4352 637 4405 salva
665 4353 734 4408 sit
764 4353 929 4430 ratio;
962 4353 1068 4430 alii
1095 4354 1258 4430 (teste
1288 4355 1342 4408 et
1370 4349 1786 4430 comprobatam
1815 4349 2388 4430 Juri.)ﬁs_alva.sitmdep
2410 4349 2811 4430 _etau’ctoritas
2828 4359 2883 4430 et
2931 4353 3247 4430 substantia,
3274 4376 3380 4430 qua
3419 4349 3663 4424 solusve:

361 4427 789 4506 primnsauctor
817 4418 923 4492 est,
949 4433 1003 4478 et
1032 4418 1307 4506 Dominus
1322 4418 1568 4506 omnium
1601 4429 1881 4506 censetur.
2090 4420 2214 4501 alii:
2235 4418 2297 4506 .3?
2323 4418 2540 4506 materia
2559 4419 2729 4506 Seml.
2762 4419 2812 4457 ³³
2834 4418 3260 4506 ςοιηρδηιηάυέ,
3291 4418 3390 4502 per
3417 4418 3662 4506 qh‘é'ne'c'

356 4489 468 4551 est.
500 4493 732 4549 Materiae
769 4489 988 4567 quoque
1015 4493 1231 4552 ascribit
1268 4493 1444 4551 Rhen.
1470 4493 1642 4552 Seml.
1678 4492 1895 4550 Oberth.
1919 4492 1966 4530 3"
1998 4491 2094 4547 Ille
2121 4491 2340 4563 quidem
2370 4490 2518 4546 Deus
2553 4489 2704 4561 apud
2732 4489 2877 4547 eosd.

1758 4588 2258 4652 Commentarius.

437 4699 557 4768 (15)
589 4699 717 4754 Ηιεε
743 4700 1071 4789 DeusLsolus
1103 4698 1346 4789 habendo
1367 4701 1482 4789 est;
1493 4697 1692 4789 Ilorum
1714 4695 1858 4753 Deus
1877 4711 1966 4752 so-
2001 4713 2046 4789 ο
2079 4697 2193 4789 {5:93
2207 4695 2448 4789 primus
2458 4697 2904 4789 95-71%!)28191'n3ru3.
2926 4697 3060 4754 Illud
3089 4708 3538 4789 auwmzlfjxtendi
3563 4732 3661 4773 σω.

361 4772 453 4825 lus
481 4785 706 4839 compos
735 4779 846 4838 est;
889 4771 1004 4825 haec
1042 4771 1192 4826 solus
1227 4771 1402 4825 habet.
1447 4773 1568 4824 tlte.

439 4838 712 4911 (I6)Dicit
732 4840 954 4896 salvum
970 4844 1075 4897 Deo
1106 4857 1241 4912 esse,
1263 4845 1328 4898 ut
1357 4846 1414 4912 et
1433 4841 1585 4900 solus
1607 4840 1700 4912 sit,
1726 4838 1966 4912 etc.7Con-

361 4910 594 4967 trariu’m
625 4926 726 4967 suo
764 4912 1008 4983 dogmati
1032 4910 1249 4967 sensum
1278 4910 1708 4983 etAévatvttoqaatvé;
1737 4912 1793 4964 in
1823 4911 1962 4967 Her-

363 4997 602 5053 mogene
630 4981 882 5048 ostendit,
923 4982 1014 5054 qui
1061 4983 1229 5038 Deum
1278 4981 1453 5054 solum
1491 4992 1544 5038 et
1571 4981 1809 5052 primum
1847 4996 1963 5037 esse

363 5054 636 5120 aﬁirmet;
656 5068 776 5108 cum
809 5053 985 5108 tamen
1008 5054 1285 5109 materiam
1314 5053 1390 5108 illi
1418 5069 1653 5110 coasvam
1675 5059 1731 5108 et
1749 5062 1965 5108 coaeter-

361 5141 496 5204 nam
515 5124 722 5204 .dicere
750 5139 865 5204 non
899 5135 1169 5204 vereatur.
1202 5124 1360 5204 Quod
1388 5125 1613 5204 impium
1644 5131 1696 5179 et
1725 5139 1754 5204 ς
1781 5123 1966 5194 philo-

358 5194 848 5267 sophiaeethnicae
885 5211 1026 5267 penu
1063 5194 1481 5267 depromptum.“
1500 5197 1619 5251 Duo
1648 5194 1855 5267 quippe~
1877 5210 1969 5250 re-

359 5264 489 5323 min
529 5264 814 5336 principia,
843 5264 1013 5323 Deum
1052 5274 1106 5322 et
1131 5264 1440 5334 'materiam,
1478 5264 1759 5322 Platonem
1783 5264 1970 5321 admi—

361 5335 543 5402 sisse,
573 5351 662 5391 me
705 5335 894 5394 docuit
937 5339 1200 5394 Laertius.
1254 5337 1314 5390 Id
1361 5345 1536 5393 autem
1576 5337 1632 5391 iu
1680 5351 1746 5392 eo
1782 5335 1966 5402 miror,

363 5411 502 5464 licet
530 5409 588 5464 in
626 5408 832 5463 caeteris
858 5407 1098 5465 insolens
1124 5407 1256 5464 mihi
1302 5421 1410 5464 non
1454 5407 1714 5464 videatur.
1748 5407 1825 5462 Ls
1875 5409 1969 5463 Pa.

443 5481 583 5552 (ιη
607 5480 764 5552 Dicet
793 5481 934 5536 Deus
972 5498 992 5537 :
1029 5482 1137 5552 Ego
1162 5480 1408 5552 primus.
1438 5479 1546 5552 Ter
1573 5478 1714 5552 istud
1744 5477 1978 5552 habetur

362 5551 520 5622 apud
561 5551 779 5616 Isaiam,
808 5565 858 5608 c.
886 5565 1009 5622 xu,
1043 5549 1179 5607 x'uv
1206 5559 1256 5606 et
1282 5563 1485 5621 xavm,
1517 5549 1571 5604 in
1613 5549 1725 5605 haec
1761 5550 1926 5605 verba
1959 5566 1972 5606 :

2079 4767 2199 4843 lum
2219 4767 2724 4843 solus_,_secundum_
2745 4768 2914 4836 LXX,
2938 4772 3200 4842 reperitur
3217 4774 3370 4834 Isaiae
3401 4767 3551 4843 κυνί.
3565 4767 3660 4843 ubi

2072 4837 2246 4925 editig
2268 4851 2333 4891 ex
2355 4837 2597 4918 _Hebrteo
2643 4839 2800 4925 habet
2826 4829 3152 4925 extendens,

2073 4907 2474 5001 Etlil’ittii‘fff
2485 4911 2788 5001 ,ίξφζηξέίέἰτδ
2801 4915 2904 4966 απτ
2920 4907 3144 5001 fatim
3158 4907 3372 5001 Omnia-
3394 4907 3659 5001 nam

2071 4979 2344 5060 etiamnhic
2372 4979 2557 5060 alludit
2580 4979 2806 5054 Auctor,
2829 4979 2952 5039 cum
2979 4988 3158 5043 Deum
3192 4979 3666 5060 omnium—aaut;-

2071 5065 2192 5106 re‘m
2223 5049 2365 5104 facit.
2390 5049 2524 5105 ΡΑΜ.

2176 5121 2984 5206 ἔξ),ξωίεξξᾴνῄληᾳιιίῂεωζηυξ
3009 5130 3184 5206 solus.
3209 5133 3452 5206 Sicapud
3475 5143 3662 5202 Isaiam

2078 5192 2327 5273 9-.Xuv
2361 5211 2374 5247 =
2413 5192 2676 5273 rem
2702 5195 2787 5273 ev
2818 5195 3025 5273 eam
3053 5202 3216 5273 μὸνος.
3245 5207 3314 5262 Et
3344 5192 3662 5273 satis:

2076 5265 2104 5317 ὁ
2136 5261 2354 5346 ἐκτείῗων
2383 5264 2469 5346 Ῐδνμ
2496 5266 2700 5346 θύἓένδν
2730 5267 2847 5346 ὣῗτεὶ
2879 5261 3073 5346 ’δέῤῥξνζ
3101 5261 3234 5346 Quia
3260 5261 3575 5339 saﬁi'éiiaﬁi
3592 5261 3669 5342 ab

2075 5335 2313 5420 cisternis
2342 5335 2842 5420 lcitata‘.'Sic_‘enim
2873 5335 3205 5420 adfCri‘tiam
3256 5335 3573 5420 Trieph'onmz
3601 5335 3670 5410 Et

2085 5407 2294 5490 qbpo'tvbv
2322 5407 2392 5490 the.
2439 5406 2598 5478 δέῤῥιν
2629 5407 2901 5483 έξήπλωσε,
2923 5417 3012 5484 γῆν
3068 5413 3120 5468 δὲ
3152 5415 3211 5486 ὲφ
3242 5406 3426 5474 ὐόατέσ

2085 5473 2289 5550 ἀσὲέρας
2321 5473 2623 5550 ἐμὸρφῴξςεν,
2697 5473 2705 5476 ⁷
2888 5473 2900 5483 '
2933 5473 2945 5484 '
2973 5473 2984 5480 '
3188 5473 3199 5486 -
3350 5473 3353 5474 ν
3406 5473 3413 5474 κ
3488 5473 3671 5502 νην-Ἰ
