4002 6118
357 235 463 294 ‘22?

1066 229 1511 290 TERTULLIANI
1549 226 1818 287 OPERUM
1856 225 2022 287 PARS
2064 228 2129 289 ll.
2158 259 2227 272 -—
2261 228 2490 290 SBRIES
2518 231 2561 301 Ι,
2606 232 2921 293 POLEMICA

3537 239 3647 301 228

357 364 527 433 solus,
555 378 678 420 cum
727 375 793 416 ea
839 360 981 416 enim
1031 360 1289 418 extendit.
1333 360 1467 415 Cum
1497 354 1754 448 pr0ponit
1797 354 1944 448 salvo
1975 369 2022 448 Α
2052 371 2175 426 qua
2212 356 2257 412 si
2296 358 2512 448 quando
2551 367 2825 431 coguntur
2853 362 3027 417 Deum
3071 363 3343 434 conﬁteri,
3388 374 3567 422 tamen
3593 377 3648 425 et

357 452 458 507 Dei
496 456 637 506 statu
666 449 834 505 fuisse
863 450 1143 505 materiam
1174 449 1222 488 35
1248 465 1260 518 ;
1294 448 1414 506 vide
1451 463 1518 503 ne
1546 447 1595 501 ei
1628 444 1876 502 reddatur
1896 443 1945 482 ³6

355 556 388 595 a
414 541 588 605 nobis,
633 538 862 610 proinde
901 537 1049 594 salvo
1092 546 1232 594 statu
1282 535 1517 593 materia
1546 534 1711 589 fuisse
1740 534 1941 601 Deum,

354 627 626 685 communi
676 639 850 682 tamen
888 632 1029 681 statu
1071 626 1369 681 amborum.
1409 624 1625 682 Salvum
1674 637 1805 696 ergo
1843 621 1945 677 erit

354 725 406 773 et
433 716 694 784 materia,
729 722 787 770 ut
826 724 879 771 ει
918 716 1036 785 ipsa
1083 713 1269 782 fuerit,
1298 713 1395 769 sed
1423 728 1547 769 cum
1575 713 1707 780 Deo,
1738 710 1864 782 quia
1890 718 1944 767 et

355 805 503 860 Deus
523 804 692 873 solus,
725 804 820 858 sed
876 819 998 859 cum
1037 802 1147 858 illa.
1192 802 1258 857 Et
1286 801 1403 872 ipsa
1441 801 1615 872 prima
1652 815 1774 855 cum
1804 800 1938 864 Deo,

352 892 478 967 quia
503 902 555 949 et
582 894 726 948 Deus
758 893 963 963 primus
990 907 1113 947 cum
1143 890 1232 944 ilia
1267 905 1281 946 :
1313 889 1407 945 sed
1437 897 1491 945 et
1536 889 1628 944 illa
1659 889 1940 958 incompa-

354 981 539 1037 rabilis
593 997 715 1038 cum
798 982 943 1051 Deo,
1002 980 1127 1053 quia
1185 986 1239 1034 et
1296 980 1444 1035 Deus
1510 976 1940 1049 incomparabilis

350 1085 469 1125 cum
528 1071 638 1138 illa,
692 1079 745 1127 et
801 1070 1005 1128 auctrix
1058 1086 1179 1125 cum
1238 1069 1373 1134 Deo,
1431 1076 1483 1123 et
1532 1068 1751 1123 domina
1812 1081 1939 1124 cum

353 1160 484 1215 Deo.
517 1159 605 1217 Sic
651 1158 851 1231 aliquid
882 1166 936 1216 et
976 1174 1094 1217 .non
1139 1165 1314 1214 totum
1342 1156 1577 1213 materia
1614 1157 1833 1223 habere,
1868 1156 1938 1211 ita

353 1246 429 1301 illi
458 1248 590 1304 nihil
623 1248 836 1320 reliquit
869 1247 1258 1319 Hermogenes,
1296 1245 1439 1318 quod
1473 1260 1581 1301 non
1620 1252 1673 1299 et
1700 1244 1937 1300 materia

350 1337 664 1392 contulisset
697 1354 711 1390 :
753 1344 810 1391 ut
848 1350 956 1391 non
998 1335 1221 1390 materia
1269 1336 1404 1403 Deo,
1436 1334 1532 1390 sed
1574 1335 1719 1391 Deus
1759 1333 1940 1404 potius

351 1426 587 1481 materia
633 1433 989 1498 comparetur.
1040 1427 1216 1496 Atque
1264 1424 1420 1495 adeo,
1463 1440 1588 1481 cum
1633 1440 1698 1480 ea
1738 1437 1860 1495 qua
1890 1419 1937 1461 ³⁷

350 1514 569 1586 prepria
604 1514 703 1569 Dei
730 1514 1099 1583 vindicamus,
1139 1528 1354 1584 semper
1382 1512 1568 1584 fuisse,
1598 1512 1715 1569 sine
1760 1510 1935 1582 initio,

349 1601 467 1658 sine
497 1602 622 1670 fine,
652 1612 705 1659 et
750 1603 981 1675 primum
1032 1602 1219 1669 fuisse,
1248 1609 1303 1656 et
1349 1601 1521 1657 solum
1554 1641 1568 1671 ,
1599 1609 1652 1657 et
1694 1599 1935 1656 omnium

350 1702 646 1759 auctorem,
699 1692 938 1747 materia
978 1705 1191 1763 quoque
1218 1695 1558 1761 competant;
1591 1703 1777 1762 quaero
1805 1688 1934 1760 quid

348 1780 621 1837 diversum
668 1788 723 1836 et
768 1780 998 1835 alienum
1028 1796 1058 1833 a
1104 1779 1246 1846 Deo,
1286 1794 1348 1835 ac
1378 1793 1469 1849 per
1521 1778 1625 1833 hoc
1670 1776 1935 1848 privatum
1971 1765 2013 1841 Β

348 1870 570 1926 materia
598 1868 921 1939 possederit,
952 1883 1052 1939 per
1078 1869 1222 1939 quod
1260 1869 1372 1924 Deo
1399 1881 1508 1924 non
1546 1873 1887 1939 comparetur
1907 1866 1935 1922 ‘i

347 1958 406 2014 In
435 1975 540 2031 qua
568 1960 745 2016 omnia
774 1958 872 2013 Dei
911 1958 1131 2029 propria
1170 1965 1540 2023 recensentur,
1572 1956 1701 2013 satis
1731 1957 1937 2029 praju—

347 2047 527 2103 dicant
555 2049 621 2104 de
653 2047 860 2118 reliqua
887 2047 1314 2120 comparatione.

952 2136 1174 2193 CAPUT
1214 2136 1341 2195 VII.

415 2225 473 2281 Si
509 2226 771 2282 minorem
809 2232 862 2282 et
890 2225 1196 2282 inferiorem
1230 2224 1505 2285 materiam
1558 2224 1697 2289 Deo,
1743 2231 1797 2278 et
1845 2224 1933 2278 id-

347 2318 490 2372 circo
539 2315 1015 2387 incomparabilem
1058 2314 1154 2383 illi,
1199 2313 1491 2379 contendit,
1532 2321 1591 2368 ut
1628 2313 1841 2382 majori,
1875 2322 1935 2369 ut

346 2405 636 2477 superiori,
680 2407 974 2477 prascribo
1023 2420 1132 2463 non
1161 2420 1357 2476 capere
1402 2402 1564 2459 ullam
1613 2403 1931 2459 diminutio-

347 2509 466 2549 nem
496 2501 551 2548 et
588 2494 1038 2563 humiliationem,
1082 2493 1227 2566 quod
1274 2492 1342 2548 sit
1386 2501 1643 2548 aternum
1678 2500 1730 2547 et
1772 2492 1932 2547 inna-

349 2592 456 2638 tum
491 2598 504 2638 :
537 2581 664 2652 quia
694 2582 796 2638 hoc
831 2592 884 2639 et
912 2585 1085 2639 Deum
1114 2581 1270 2638 faciat
1298 2588 1525 2648 tantum,
1564 2588 1799 2651 quantus
1827 2589 1928 2648 est,

348 2670 499 2726 nullo
530 2670 819 2742 minorem,
869 2689 1048 2743 neque
1092 2670 1498 2742 subjectiorem,
1543 2666 1652 2725 imo
1683 2669 1932 2726 omnibus

348 2761 609 2830 majorem
660 2770 716 2816 et
756 2760 1150 2817 sublimiorem.
1197 2759 1345 2815 Sicut
1387 2758 1530 2813 enim
1575 2766 1770 2814 catera
1810 2774 1932 2830 qua

343 2859 657 2918 nascuntur,
691 2858 783 2903 aut
818 2848 1035 2913 finiunt,
1067 2855 1120 2902 et
1172 2847 1374 2905 idcirco
1418 2855 1617 2903 aterna
1648 2863 1755 2904 non
1782 2854 1927 2915 sunt,

346 2936 516 2993 semel
545 2937 797 3008 opposita
835 2936 952 3003 lini,
982 2953 1102 3011 qua
1132 2945 1184 2994 et
1218 2937 1371 2993 initio
1400 2935 1689 2993 admittunt
1718 2953 1781 2993 ea
1810 2952 1928 3010 qua

2053 446 2188 501 alios
2218 446 2352 503 infra
2380 447 2528 503 illum
2559 449 2765 504 volunt.
2802 450 3063 508 Divinitas
3084 460 3257 508 autem
3286 455 3515 527 gradum
3536 470 3646 513 non

2054 536 2233 599 habet.
2274 544 2459 608 utpote
2490 539 2675 608 unica;
2705 554 2826 610 qua
2872 539 2918 594 si
2966 548 3022 597 et
3073 540 3125 595 in
3174 543 3401 599 materia
3438 544 3539 600 erit
3587 553 3650 602 ut

2053 624 2279 694 proinde
2300 625 2477 681 innata
2507 636 2560 682 et
2588 626 2788 683 infecta
2814 636 2868 684 et
2896 636 3113 695 aeterna,
3138 630 3310 686 aderit
3336 632 3647 705 utrobique,

2051 712 2177 783 quia
2215 712 2389 770 minor
2418 730 2476 771 se
2506 731 2768 786 nusquam
2797 717 2997 787 paterit
3025 734 3165 776 esse.
3199 717 3485 787 Quomodo
3511 737 3648 795 ergo

2051 801 2355 859 discernere
2393 803 2609 861 audebit
2647 807 3034 878 Hermogenes,
3066 816 3226 881 atqtie
3274 810 3346 864 ita
3376 812 3650 881 subjicere

2050 891 2164 949 Deo
2210 892 2509 964 materiam,
2568 904 2823 952 aternam
2874 902 3098 964 aterno,
3148 897 3384 954 innatam
3438 900 3643 967 innato,

2047 980 2336 1038 auctricem
2364 982 2611 1039 auctori?
2633 983 2811 1041 dicere
2847 986 3152 1057 audentem,
3187 995 3259 1053 et,
3300 987 3417 1060 Ego
3446 990 3643 1061 prima,

2049 1076 2122 1138 et,
2153 1070 2269 1143 Ego
2313 1078 2438 1127 ante
2484 1072 2684 1142 omnia,
2714 1080 2787 1143 et,
2817 1074 2937 1146 Ego
2994 1091 3023 1128 a
3070 1091 3178 1147 quo
3224 1077 3408 1134 omnia
3441 1096 3453 1136 :
3488 1095 3649 1149 pares

2049 1156 2269 1225 fuimus,
2302 1158 2464 1216 simul
2494 1159 2714 1228 fuimus,
2755 1162 2915 1218 ambo
2952 1162 3070 1218 sine
3116 1163 3292 1235 initio,
3324 1166 3441 1222 sine
3489 1166 3597 1225 fine
3630 1186 3645 1227 :

2047 1247 2207 1303 ambo
2237 1246 2353 1304 sine
2382 1258 2623 1315 auctore,
2653 1250 2769 1306 sine
2794 1251 2947 1309 Deo?
2977 1250 3111 1320 Quis
3141 1268 3226 1309 me
3258 1255 3402 1310 Deus
3429 1256 3480 1295 ἰο
3515 1258 3651 1314 sub-

2044 1334 2161 1408 jicit
2196 1338 2602 1410 contemporali,
2635 1341 2946 1403 coataneo?
2977 1341 3033 1396 Si
3082 1342 3210 1413 quia
3246 1343 3393 1400 Deus
3428 1346 3645 1416 dicitur,

2049 1425 2215 1480 habeo
2245 1432 2299 1479 et
2326 1440 2434 1499 ego
2462 1443 2641 1483 meum
2686 1442 2904 1485 nomen.
2934 1431 3042 1485 Aut
3070 1445 3174 1502 ego
3205 1448 3323 1487 sum
3354 1433 3520 1503 Deus,
3553 1442 3648 1492 aut

2050 1511 2140 1570 ille
2168 1514 2385 1570 materia
2413 1516 2460 1554 41
2495 1534 2510 1573 :
2541 1517 2666 1589 quia
2700 1518 2859 1574 ambo
2888 1534 3077 1574 sumus
3106 1520 3252 1592 quod
3281 1521 3416 1579 alter
3441 1532 3526 1579 est
3554 1539 3649 1582 no-

2046 1610 2238 1660 strum.
2282 1605 2440 1662 Putas
2478 1606 2659 1678 itaque
2690 1607 2968 1664 materiam
2997 1609 3114 1666 Deo
3144 1626 3249 1667 non
3277 1627 3643 1685 comparasse,

2046 1706 2206 1761 quam
2238 1692 2446 1750 scilicet
2476 1693 2724 1764 subjiciat
2754 1694 2870 1751 illi?

2623 1784 2850 1842 CAPUT
2918 1786 3059 1843 VIII.

2114 1869 2318 1941 Atquin
2341 1870 2502 1928 etiam
2539 1873 2808 1944 praponit
2836 1872 2986 1929 illam
3016 1874 3152 1943 Deo,
3180 1883 3235 1931 et
3266 1878 3434 1932 Deum
3462 1879 3648 1950 potius

2043 1958 2265 2029 subijcit
2291 1960 2548 2028 materia,
2588 1977 2711 2017 eum
2753 1962 2865 2020 vult
2913 1980 3035 2020 eum
3083 1964 3151 2021 de
3198 1967 3423 2023 materia
3454 1978 3645 2027 cuncta

2042 2045 2252 2105 fecisse.
2292 2049 2352 2105 Si
2379 2048 2522 2105 enim
2564 2066 2628 2106 ex
2670 2051 2764 2106 illa
2810 2068 2943 2108 usus
2972 2062 3054 2111 est
3094 2053 3162 2109 ad
3210 2070 3379 2126 opera
3431 2060 3642 2125 mundi,

2038 2134 2148 2203 jam
2192 2146 2245 2193 et
2280 2138 2500 2195 materia
2547 2139 2794 2210 superior
2823 2142 3108 2212 invenitur,
3141 2159 3264 2216 qua
3311 2145 3387 2201 illi
3433 2148 3643 2218 c0piam

2042 2226 2300 2296 operandi
2328 2228 2777 2298 subministravit,
2807 2240 2861 2287 et
2902 2232 3048 2290 Deus
3088 2235 3366 2305 subjectus
3404 2239 3645 2295 materia

2039 2315 2274 2383 videtur,
2304 2318 2458 2388 cujus
2485 2318 2801 2375 substantia
2837 2322 3004 2394 eguit.
3029 2321 3196 2380 Nemo
3228 2325 3354 2380 enin
3384 2341 3492 2382 non
3519 2335 3644 2403 eget

2040 2420 2105 2461 eo
2166 2404 2234 2461 de
2269 2407 2428 2476 cujus
2474 2406 2645 2464 utitur
2691 2408 2808 2480 (19)
2853 2427 2867 2465 :
2911 2425 3073 2468 nemo
3111 2428 3220 2470 non
3268 2413 3554 2485 subjicitur
3589 2417 3641 2473 ei

2040 2494 2195 2562 cujus
2236 2505 2379 2566 eget,
2428 2503 2487 2552 ut
2524 2496 2701 2567 possit
2750 2497 2827 2553 uti
2875 2516 2888 2553 :
2938 2500 3018 2557 sic
3052 2508 3106 2557 et
3143 2517 3303 2559 nemo
3348 2504 3417 2559 de
3462 2503 3640 2562 alieno

2039 2582 2237 2639 utendo
2276 2598 2385 2639 non
2422 2584 2598 2641 minor
2627 2595 2708 2641 est
2746 2602 2811 2642 eo
2853 2587 2923 2644 de
2961 2590 3115 2660 cujus
3143 2590 3336 2646 utitur.
3368 2592 3434 2647 Et
3474 2609 3639 2650 nemo

2038 2671 2132 2741 qui
2171 2679 2392 2744 prastat
2423 2673 2490 2730 de
2537 2688 2636 2731 suo
2669 2675 2766 2747 uti,
2800 2691 2908 2732 non
2956 2677 3011 2733 in
3060 2680 3161 2736 hoc
3191 2681 3437 2753 superior
3464 2693 3547 2738 est
3573 2698 3641 2740 eo

2038 2760 2128 2816 cui
2184 2770 2400 2831 prastat
2451 2762 2549 2818 uti.
2597 2765 2784 2835 Itaque
2825 2766 3043 2823 materia
3100 2770 3217 2840 ipsa
3265 2769 3478 2841 quidem
3528 2771 3639 2829 Deo

2038 2863 2146 2905 non
2176 2851 2345 2922 eguit,
2374 2852 2468 2908 sed
2497 2853 2675 2925 egenti
2705 2869 2764 2909 se
2802 2854 2918 2910 Deo
2955 2857 3207 2927 prastitit
3234 2858 3305 2925 42,
3334 2858 3555 2915 divitem
3586 2868 3640 2916 et

2037 2936 2357 3009 locupletem
2403 2948 2456 2996 et
2494 2940 2769 2999 liberalem
2806 2944 3020 3013 minori,
3054 2947 3267 3017 opinor,
3309 2951 3365 3004 et
3401 2948 3639 3006 invalido

302 3088 303 3091 η
346 3026 494 3081 Deus
524 3040 637 3083 non
664 3026 823 3098 capit,
856 3010 1272 3084 diminutionem
1317 3026 1440 3082 dico
1474 3026 1685 3097 interim
1715 3035 1769 3083 et
1796 3027 1932 3084 sub-
1963 3010 2007 3089 c
2039 3033 2094 3084 et
2121 3028 2301 3084 minus
2331 3029 2527 3088 idoneo
2552 3029 2621 3088 de
2658 3032 2827 3089 nihilo
2859 3010 3036 3091 facere
3076 3010 3202 3107 qua
3238 3010 3390 3095 velit.
3420 3035 3643 3094 Grande

338 3114 649 3186 jectionem,
672 3116 796 3187 quia
826 3124 949 3172 nata
977 3124 1029 3172 et
1061 3116 1197 3172 facta
1234 3124 1400 3173 sunt:
1431 3118 1502 3173 ita
1545 3124 1599 3172 et
1628 3117 1773 3173 Deus
1809 3117 1931 3174 ideo

342 3218 408 3259 ea
439 3220 546 3260 non
574 3204 737 3277 capit,
768 3206 891 3277 quia
918 3221 1018 3261 nec
1048 3212 1210 3262 natus
1230 3204 1469 3274 omnino,
1491 3220 1591 3261 nec
1627 3205 1800 3263 factus
1826 3215 1930 3262 est.

343 3294 577 3349 Materia
608 3302 790 3352 autem
819 3294 869 3333 33
922 3303 1091 3352 status
1123 3296 1242 3351 talis
1286 3300 1388 3351 est.
1420 3294 1586 3367 Igitur
1615 3306 1668 3351 et
1716 3295 1933 3352 duobus

342 3386 575 3451 aternis,
610 3394 669 3440 ut
722 3384 938 3454 innatis,
992 3392 1053 3441 ut
1104 3383 1335 3452 infectis,
1384 3383 1500 3439 Deo
1547 3391 1709 3455 atque
1756 3393 1933 3442 mate-

344 3472 421 3527 ria
451 3472 520 3539 39,
565 3472 635 3528 ob
664 3475 911 3529 eamdem
967 3472 1233 3529 rationem
1280 3472 1585 3529 communis
1635 3481 1823 3542 status,
1864 3491 1932 3532 ex

343 3576 498 3633 aquo
529 3562 852 3618 habentibus
878 3561 933 3617 id
962 3563 1110 3633 quod
1140 3576 1312 3634 neque
1335 3560 1583 3627 diminui,
1608 3576 1708 3617 nec
1736 3561 1930 3633 subjici

342 3650 598 3719 admittit,
638 3650 691 3705 id
719 3660 803 3707 est
841 3650 1195 3708 aternitatem
1232 3667 1245 3707 :
1282 3657 1536 3708 neutrum
1583 3650 1818 3708 dicimus
1846 3652 1931 3708 al-
1966 3682 1980 3699 ο

347 3745 459 3795 tero
487 3754 609 3796 esse
656 3740 941 3806 minorem,
980 3740 1091 3795 sive
1133 3742 1416 3812 majorem,
1466 3746 1718 3797 neutrum
1765 3741 1932 3800 altero

343 3827 705 3896 humiliorem,
757 3828 871 3885 sive
923 3827 1281 3902 superiorem,
1342 3828 1438 3884 sed
1491 3836 1635 3886 stare
1663 3828 1825 3886 ambo
1865 3846 1930 3886 ex

341 3917 460 3988 pari
488 3932 704 3990 magna,
737 3934 803 3973 ex
832 3916 948 3988 pari
973 3918 1238 3984 sublimia,
1268 3915 1449 3973 204
1477 3932 1543 3973 ex
1591 3918 1702 3989 pari
1743 3918 1932 3976 solida

342 4014 396 4061 et
423 4007 672 4078 perfecta
715 4005 1004 4075 felicitatis,
1039 4022 1159 4078 qua
1199 4013 1447 4063 censetur
1493 4008 1785 4064 aeternitas.
1816 4008 1930 4067 Ne-

340 4110 445 4166 que
501 4095 644 4151 enim
702 4094 933 4169 proximi
974 4094 1177 4151 erimus
1243 4093 1593 4166 Opinionibus
1632 4097 1929 4173 nationum,

2042 3134 2229 3175 revera
2252 3117 2574 3175 beneﬁcium
2605 3121 2719 3178 Deo
2748 3123 3000 3190 contulit,
3034 3133 3093 3180 ut
3120 3125 3339 3182 haberet
3364 3126 3527 3184 hodie
3541 3143 3645 3199 per

2039 3221 2200 3278 quem
2227 3207 2374 3263 Deus
2390 3218 2827 3281 cOgnosceretur,
2864 3219 2919 3268 et
2948 3213 3289 3285 omnipotens
3318 3222 3601 3274 vocaretur
3626 3234 3641 3275 :

2039 3293 2141 3348 nisi
2179 3295 2324 3364 quod
2348 3296 2458 3365 jam
2498 3310 2605 3352 non
2635 3298 3063 3372 omnipotens,si
3080 3316 3187 3358 non
3214 3311 3265 3360 et
3294 3304 3397 3361 hoc
3427 3312 3641 3376 potens,

2040 3399 2107 3439 ex
2134 3383 2307 3439 nihilo
2335 3383 2515 3441 omnia
2544 3384 2805 3456 proferre.
2838 3387 2979 3447 Sane
3024 3397 3079 3445 et
3125 3390 3232 3447 sibi
3270 3392 3521 3464 prastitit
3546 3393 3645 3450 ali-

2039 3470 2171 3541 quid
2207 3470 2450 3539 materia,
2491 3481 2552 3528 ut
2598 3481 2653 3529 et
2697 3473 2813 3545 ipsa
2860 3490 2979 3533 cum
3030 3476 3146 3535 Deo
3187 3479 3378 3550 possit,
3417 3481 3641 3553 agnosci

2039 3561 2332 3634 coaqualis
2368 3563 2499 3629 Deo,
2534 3563 2642 3619 imo
2688 3574 2745 3619 ot
2789 3562 3025 3635 adjutrix
3066 3583 3080 3623 :
3140 3567 3247 3623 nisi
3299 3569 3444 3641 quod
3490 3570 3642 3627 solus

2038 3665 2158 3705 eam
2188 3652 2550 3722 Hermogenes
2587 3650 2864 3724 cegnovit,
2895 3661 2948 3711 et
2994 3655 3369 3714 hareticorum
3415 3658 3639 3728 patriar-

2037 3739 2151 3795 cha
2200 3739 2515 3811 philosophi
2568 3739 2704 3811 (20).
2758 3740 3043 3813 PrOphetis
3088 3745 3230 3801 enim
3273 3755 3328 3803 et
3382 3746 3642 3820 apostolis

2039 3845 2212 3902 usque
2242 3829 2420 3885 adhuc
2446 3828 2618 3897 latuit,
2651 3836 2787 3899 puto
2826 3837 2879 3887 et
2910 3831 3122 3890 Christo
3150 3833 3219 3889 43.

2564 3914 2734 3973 205
2770 3917 2998 3974 CAPUT
3041 3921 3140 3975 IX.

2106 4007 2230 4064 Non
2286 4011 2462 4077 potest
2507 4004 2687 4062 dicere
2741 4005 2919 4063 Deum
2967 4015 3024 4062 ut
3081 4008 3371 4066 Dominum
3415 4013 3640 4070 materia

2037 4115 2194 4157 usum
2222 4094 2293 4151 ad
2320 4108 2485 4166 opera
2522 4094 2711 4150 mundi
2752 4111 2766 4149 :
2818 4095 3085 4155 Dominus
3113 4098 3160 4137 4’-
3209 4096 3352 4155 enim
3391 4113 3499 4157 non
3527 4116 3633 4173 ρο-

1713 4222 1906 4288 Varia
1949 4228 2260 4292 lectiones.

413 4353 465 4429 35_
490 4350 1097 4429 Salvo_statu_n3a_teria
1120 4352 1291 4429 fuisse
1316 4351 1455 4409 Deus
1485 4351 1664 4429 Rhea.
1695 4356 1865 4429 seml.
1896 4358 2086 4426 ;salvo
2115 4364 2257 4414 statu
2280 4354 2518 4429 materia
2546 4353 2713 4410 fuisse
2743 4354 2909 4429 Deum
2958 4352 3120 4429 liabet
3148 4353 3265 4429 cod.
3304 4355 3633 4429 Wouwiap-

341 4423 611 4496 probante
644 4426 774 4482 Jun.
808 4424 858 4463 ³6
878 4426 1027 4497 ννίἀθ
1066 4440 1133 4480 ne
1156 4424 1451 4497 irrideatur
1478 4440 1513 4479 a
1542 4426 1695 4481 nobis
1726 4423 1904 4485 Rheni
1931 4432 2100 4488 Seml.
2138 4426 2361 4486 Oberth.
2394 4424 2441 4465 37
2472 4426 2605 4482 Cum
2635 4441 2698 4482 ea
2728 4424 2945 4497 propria
2973 4425 3073 4481 Dei
3103 4426 3257 4497 apud
3301 4427 3444 4485 eosd.
3478 4428 3527 4466 ³⁸
3563 4423 3637 4482 Et

344 4495 580 4567 materia
611 4506 788 4551 autem
818 4496 997 4553 Rhen.
1029 4495 1197 4553 etc.39
1247 4496 1361 4552 Deo
1390 4507 1554 4567 atque
1607 4499 1845 4554 materia
1877 4500 2053 4559 Πήρη.
2087 4506 2140 4558 et
2196 4499 2365 4556 iidem
2414 4499 2517 4563 al.,
2550 4502 2615 4553 ut
2653 4495 2813 4555 solet.
2830 4495 2897 4533 ’40
2926 4498 3089 4555 Forte
3137 4495 3260 4553 Deo
3318 4500 3452 4555 Jun.
3484 4499 3531 4537 ἰι
3571 4499 3636 4554 Et

342 4566 433 4645 ille
462 4569 686 4645 materia
714 4570 849 4645 Jun.
881 4568 929 4603 ⁸2
947 4568 1056 4645 Sed
1086 4566 1303 4645 eguisse
1332 4583 1390 4622 se
1419 4566 1536 4645 Deo
1564 4583 1648 4645 pr.
1681 4569 1802 4645 Lat.
1832 4573 1928 4627 sed
1960 4570 2144 4645 egenti
2173 4587 2233 4627 se
2253 4570 2380 4645 Deo
2404 4586 2482 4645 pr.
2516 4570 2645 4645 Jun.
2676 4568 2991 4645 Sedegenti
3020 4568 3221 4645 se_I_)eo
3241 4585 3298 4641 p.
3330 4569 3637 4645 divitem_et

344 4639 673 4716 locupletem
697 4639 1062 4716 et_liberalem_
1081 4638 1199 4699 cod.
1242 4641 1455 4716 Wouw._
1472 4641 1631 4716 forte
1649 4641 1747 4716 sed
1774 4657 1949 4716 egeno
1977 4638 2036 4716 s'e
2064 4643 2118 4697 d.
2144 4658 2197 4716 ph.
2233 4638 2576 4716 divite’_(sct'l.
2610 4638 2719 4710 se).
2749 4638 2801 4677 4³
2828 4641 2960 4697 Puto
2991 4646 3047 4695 et
3078 4638 3316 4698 Christo.
3345 4643 3515 4697 Fran.
3536 4643 3638 4699 Pa-

342 4714 442 4766 ris.
472 4710 605 4783 ’Rig.
640 4714 709 4768 At
738 4713 876 4768 Jun.
910 4712 1218 4783 pr0pbetas,
1250 4710 1540 4783 apostolos,
1577 4710 1865 4771 Christum.
1896 4714 1946 4753 44
1976 4715 2125 4771 Deus
2144 4710 2334 4769 ’Seml.
2370 4710 2587 4769 Oberth.

1734 4811 2228 4878 Commentarius.

414 4914 529 4985 (19)
556 4917 631 4973 De
660 4916 824 4986 cujus
852 4918 1060 4972 utitur.
1092 4913 1366 4971 Deiectiva
1391 4915 1593 4973 locutio
1624 4933 1637 4971 :
1673 4918 1928 4974 subaudi-

345 4995 428 5040 tur
458 4987 637 5058 rebus,
684 4994 776 5058 aut
832 4986 1035 5058 aliquid
1088 4987 1283 5042 simile.
1336 4987 1663 5058 Hujusmodi
1696 4988 1926 5045 formula

344 5057 619 5129 sermOnis
635 5056 795 5110 etiam
823 5058 878 5111 in
909 5056 1283 5129 superioribus
1312 5056 1460 5113 libris
1508 5074 1640 5114 usus
1674 5068 1774 5114 est.
1806 5061 1923 5118 Ad-

343 5143 534 5203 versus
568 5128 926 5203 Mqrcioneirt,
956 5128 1054 5183 lib.
1088 5130 1213 5185 νε.ςί
1230 5130 1294 5183 in
1323 5132 1612 5203 creatoris,
1644 5130 1929 5203 inquit,ac—

344 5202 581 5275 cipitur.
625 5199 835 5275 Eodem
858 5199 992 5255 libro
1035 5218 1047 5255 :
1091 5203 1156 5256 Et
1184 5218 1218 5255 α
1242 5204 1477 5275 nostrae,
1508 5199 1928 5275 inquitfpartis

341 5271 519 5343 possit
548 5272 770 5343 opponi.
803 5271 1031 5343 Rursum
1055 5285 1179 5326 mox
1210 5271 1472 5342 sequitur,
1503 5271 1619 5328 nou
1638 5271 1829 5329 ηιίὴον
1846 5279 1930 5333 est

344 5342 406 5400 eo
435 5344 500 5400 de
530 5342 691 5415 cujus
728 5343 939 5399 utitur.
970 5342 1283 5398 Gracorum
1313 5343 1643 5415 estimitatio
1675 5345 1858 5402 Itum.

414 5416 530 5490 (20)
558 5414 959 5490 llareticorum
975 5414 1319 5490 patriarcha:
1347 5414 1673 5490 philospphi.
1698 5416 1776 5471 Ex
1798 5428 1932 5490 pro-

345 5486 487 5541 fesso
519 5486 662 5541 istud
696 5485 989 5543 tractatum
1009 5485 1253 5551 habetur,
1293 5501 1458 5557 supra
1488 5485 1810 5544 ab'auctore‘
1834 5487 1931 5542 lib.

2037 4919 2104 4976 de
2131 4916 2465 4997 Prwscript.‘
2486 4913 2617 4997 adu;
2649 4913 2787 4997 har.
2811 4930 2942 4997 cap.
2971 4915 3025 4997 ’ἵε
3060 4914 3209 4997 ΒΑΜ..
3241 4944 3320 4997 _—
3338 4916 3636 4997 flaretico-

2035 5006 2166 5047 rum
2184 4984 2553 5070 protriachw.
2592 4985 2652 5068 In
2688 4984 2914 5067 epistola
2960 4986 3042 5067 ad.
3056 4985 3455 5057 Ctesiphontem
3489 4989 3634 5071 hunc

2033 5059 2351 5116 Tertulliani
2395 5058 2571 5114 locum
2608 5064 2734 5113 ettat
2775 5057 2932 5115 divus
2957 5058 3528 5129 Iheronymustem
3578 5076 3633 5114 in

2032 5131 2242 5187 Nahum
2268 5130 2578 5203 prophetam
2603 5143 2887 5203 exponens
2915 5128 3067 5203 illud,
3100 5128 3351 5203 exsitivit
3367 5132 3530 5203 quasi
3550 5133 3635 5185 at-

2038 5199 2321 5259 telabus:
2366 5199 2394 5252 ξι
2457 5199 2651 5257 Omnia
2679 5199 2876 5267 “enim,
2916 5199 3109 5272 inquit,
3152 5199 3408 5272 dogmata
3442 5217 3631 5258 eorum

2035 5272 2296 5345 (loquitur
2323 5272 2397 5345 de
2421 5272 2704 5345 hareticis)
2750 5288 2872 5328 cum
2912 5269 3175 5345 ‘frigeant,
3206 5269 3261 5345 et
3307 5272 3504 5345 volare,
3523 5289 3632 5329 non

2038 5340 2269 5414 pOssint,
2310 5342 2493 5399 sedem
2522 5343 2621 5399 sibi
2670 5340 2724 5399 et
2759 5340 3021 5414 requiem
3060 5340 3200 5401 inter
3226 5342 3538 5403 Aristotelis
3575 5352 3635 5400 et

2039 5412 2326 5487 Chrysippi
2348 5414 2558 5486 spineta
2595 5412 2886 5486 reperiunt.
2926 5434 2946 5463 υ
2988 5413 3174 5470 RnuN.
