4002 6118
305 291 412 353 229

1516 289 1714 350 LIBER
1753 289 1911 349 Αῡν.
1951 289 2428 352 HERMOGBNEM.

3506 309 3616 372 230

303 418 407 474 ωίι
450 432 571 472 esse
627 416 951 472 substantiae
999 415 1308 489 ooaequalis.
1363 415 1469 471 Sed
1516 415 1760 486 precario
1797 414 1913 473 for-
1944 431 1991 510 Α
2025 417 2304 510 materiam
2360 435 2481 476 cum
2535 419 2786 478 Creatore
2841 439 3172 498 proponunt,
3221 436 3281 486 ut
3322 433 3524 491 malum
3579 451 3614 492 a

309 507 454 562 sitan
475 520 600 561 usus
633 513 724 561 est
743 506 816 560 4⁵.
847 506 912 561 Et
941 504 1062 562 ideo
1092 503 1348 577 precario,
1363 519 1472 561 non
1504 503 1748 560 dominio
1773 507 1908 575 (2t),

312 607 372 652 ut
403 611 516 651 cum
542 611 607 651 ea
636 595 792 650 mala
818 603 965 650 esset
1008 595 1076 651 de
1116 595 1255 650 mala
1285 602 1463 650 tamen
1493 593 1806 650 sustinuerit
1835 595 1911 651 uti

318 685 510 741 scilicet
547 699 619 738 ex
667 684 1000 739 necessitate
1043 681 1432 739 mediocritatis
1469 697 1603 748 suae,
1653 698 1760 754 qua
1803 697 1913 738 non

314 773 506 828 valebat
553 787 623 828 ex
666 771 844 828 nihilo
894 772 1006 836 uti;
1057 786 1166 828 non
1211 789 1277 828 ex
1323 779 1612 842 potestate,
1662 765 1823 844 quam
1867 772 1912 827 si

308 860 580 917 habuisset
608 860 841 916 omnino
870 867 931 916 ut
964 860 1109 916 Deus
1138 859 1192 915 in
1239 859 1540 928 materiam,
1579 876 1739 930 quam
1789 877 1908 917 ma-

300 950 398 1005 ιω
445 956 636 1016 norat,
681 959 812 1005 ante
857 965 975 1005 eam
1023 949 1077 1005 in
1125 949 1328 1006 bonum
1366 948 1417 988 46
1457 948 1806 1005 convertisset
1853 958 1911 1006 ut

291 1037 561 1094 Dominus
589 1046 646 1094 et
674 1038 876 1103 bonus,
907 1045 967 1093 ut
995 1036 1067 1092 ita
1095 1035 1160 1092 de
1187 1037 1354 1108 bono,
1386 1051 1493 1092 non
1524 1035 1592 1092 de
1623 1037 1765 1092 malo
1796 1045 1908 1094 ute-

285 1137 445 1182 retur.
505 1125 631 1182 Sed
691 1125 822 1196 quia
869 1127 1047 1182 bonus
1112 1125 1352 1194 quidem,
1415 1124 1676 1180 Dominus
1725 1133 1904 1181 autem

279 1230 406 1282 non,
481 1214 646 1282 ideo,
705 1213 925 1286 qualem
982 1214 1188 1281 habuit,
1247 1213 1338 1270 alti
1405 1229 1555 1283 usus,
1615 1216 1906 1270 necessita-

278 1315 385 1360 tem
432 1319 606 1359 suam
656 1302 901 1359 ostendit
954 1303 1233 1360 cedean
1279 1302 1574 1359 conditioni
1623 1303 1901 1359 materiae:

271 1408 434 1462 quam
493 1393 546 1447 si
607 1391 878 1448 Dominus
933 1391 1148 1461 fuisset,
1207 1392 1573 1448 emendasset.
1620 1392 1711 1448 Sic
1757 1391 1902 1448 enim

274 1480 620 1553 Hermogeni
696 1480 1138 1553 respondendum
1190 1486 1292 1550 est,
1351 1496 1472 1538 cum
1539 1496 1605 1535 ex
1657 1479 1900 1536 dominio

274 1569 536 1628 defendit
573 1572 757 1627 Deum
804 1569 1022 1626 materia
1064 1585 1244 1636 usum,
1293 1579 1349 1627 et
1401 1569 1470 1626 de
1517 1586 1574 1626 re
1621 1586 1728 1628 non
1776 1587 1898 1636 sua,

274 1658 489 1716 scilicet
547 1674 664 1717 non
709 1659 848 1716 facta
893 1661 964 1716 ab
1021 1659 1160 1731 ipso.
1219 1659 1339 1723 Jam
1379 1673 1512 1732 ergo
1563 1660 1766 1716 malum
1826 1661 1896 1715 ab

276 1749 418 1820 ipso,
446 1749 546 1821 qui
577 1758 665 1805 est
693 1749 850 1818 mali,
877 1749 926 1804 si
955 1763 1064 1805 non
1109 1757 1316 1818 auctor,
1346 1749 1473 1821 quia
1513 1762 1621 1805 non
1649 1747 1893 1816 effector,

2022 501 2264 571 materia,
2305 519 2411 559 non
2443 520 2474 559 a
2523 504 2776 563 Creatore
2827 508 3095 568 deducant
3127 527 3138 564 :
3170 517 3386 588 quando
3430 519 3613 578 nullus

2021 590 2243 646 omnino
2281 593 2330 646 dt
2351 609 2416 648 us
2462 593 2722 652 liberetur
2760 596 2860 652 ista
2898 600 3220 670 quaestione,
3263 612 3319 659 ut
3373 623 3483 664 non
3516 624 3608 664 au-

2019 689 2133 736 ctor
2188 680 2314 736 mali
2371 682 2537 738 videri
2597 685 2820 754 proinde
2879 689 3066 758 possit,
3109 691 3350 764 quisquis
3385 695 3474 753 ille
3527 707 3610 755 est

2018 767 2111 840 qui
2150 769 2349 824 malum
2398 771 2498 827 etsi
2552 787 2659 828 non
2706 773 2826 846 ipse
2874 775 3021 848 fecit,
3081 785 3256 836 tamen
3286 798 3317 836 a
3361 799 3609 854 quocun-

2017 873 2124 930 que
2179 869 2235 916 et
2287 860 2430 916 unde
2514 877 2707 933 passus
2771 872 2853 920 est
2937 864 3072 922 fieri.
3169 870 3365 928 Audiat
3447 874 3610 947 igitur

2019 957 2069 1003 et
2119 948 2503 1022 Hermogenes,
2555 951 2683 1006 dum
2723 951 2851 1008 alibi
2897 953 2963 1010 de
3012 956 3140 1012 mali
3172 959 3378 1016 ratione
3407 962 3607 1020 distin-

2015 1036 2254 1107 guimus,
2311 1036 2525 1095 interim
2576 1056 2634 1096 se
2686 1055 2907 1114 quoque
2959 1042 3091 1098 nihil
3142 1045 3321 1117 egisse
3370 1049 3472 1106 hac
3510 1067 3609 1107 sua

2015 1123 2302 1194 injectione
2337 1127 2472 1197 (24).
2530 1129 2669 1185 Ecce
2725 1129 2888 1198 enim,
2946 1131 3046 1188 etsi
3105 1149 3211 1190 non
3269 1145 3458 1194 auctor
3513 1141 3608 1198 sed

2014 1221 2312 1271 assentator
2348 1215 2393 1252 δι
2427 1216 2551 1272 mali
2589 1219 2704 1287 (25)
2750 1218 3023 1276 invenitur
3066 1221 3230 1292 Deus,
3283 1226 3377 1296 qui
3407 1227 3607 1284 malum

2012 1303 2254 1358 materia:
2282 1310 2434 1360 tanto
2460 1304 2717 1362 sustinuit
2757 1308 2830 1364 de
2878 1308 3026 1366 bono
3065 1322 3202 1368 ante
3237 1315 3425 1371 mundi
3470 1333 3606 1376 con-

2008 1392 2358 1462 stitutionem,
2389 1409 2551 1466 quam
2581 1406 2638 1452 ut
2668 1396 2842 1453 bonus
2885 1406 2940 1454 et
2987 1401 3109 1455 mali
3157 1404 3383 1462 remulus
3412 1422 3607 1464 emen-

2007 1481 2166 1536 dasse
2209 1484 2486 1539 debuerat.
2546 1487 2653 1541 Aut
2708 1485 2851 1542 enim
2902 1487 3078 1558 potuit
3143 1493 3445 1568 emendare,
3506 1497 3602 1552 sed

2007 1570 2180 1626 noluit
2213 1588 2225 1625 :
2259 1579 2351 1626 aut
2404 1572 2575 1628 voluit
2619 1573 2859 1646 quidem,
2901 1591 3090 1634 verum
3132 1593 3242 1634 non
3287 1583 3466 1651 potuit
3509 1584 3600 1639 in-

2005 1655 2190 1713 tirmus
2246 1659 2411 1714 Deus.
2451 1659 2506 1716 Si
2561 1661 2730 1731 potuit
2784 1671 2836 1717 et
2885 1662 3076 1732 noluit,
3123 1667 3296 1723 malus
3350 1677 3403 1725 et
3457 1670 3599 1742 ipse,

2005 1745 2130 1817 quia
2161 1747 2299 1802 malo
2338 1746 2504 1814 favit;
2537 1756 2590 1802 et
2617 1746 2696 1803 sic
2732 1751 2843 1819 jam
2891 1749 3116 1807 habetur
3147 1752 3194 1790 ⁵2
3242 1763 3432 1814 auctor
3457 1761 3599 1830 ejus,

289 1818 433 1893 certe
468 1818 804 1911 ipermissor,
853 1837 980 1909 quia
1017 1837 1345 1894 dominator.
1367 1818 1453 1892 iSi
1498 1851 1626 1894 vero
1675 1836 1897 1894 materia
1931 1818 1975 1896 Β
2005 1836 2149 1907 quod
2179 1835 2307 1892 licet
2335 1852 2441 1893 non
2481 1818 2787 1906 instituerit,
2831 1837 2961 1910 quia
3007 1840 3058 1878 53
3087 1851 3262 1899 tamen
3289 1845 3339 1900 si
3386 1818 3598 1906 uolt-iis;

298 1940 412 1980 non
436 1931 494 1980 et
515 1926 699 1995 ipsius,
739 1940 849 1998 qua
877 1926 1079 1982 malum
1124 1925 1222 1982 Dei
1264 1939 1374 1982 non
1398 1932 1481 1981 cst
1525 1923 1574 1963 4⁷
1606 1942 1621 1980 :
1655 1926 1724 1981 de
1752 1924 1892 1980 alie-

307 2027 379 2068 no
407 2028 546 2087 ergo
582 2030 701 2069 usus
747 2022 854 2081 est,
887 2030 994 2086 qua
1037 2029 1204 2088 egens
1249 2015 1407 2084 ejus;
1438 2021 1532 2070 aut
1579 2020 1633 2069 et
1679 2013 1894 2083 injuria,

294 2115 402 2172 qua
442 2103 734 2172 praeralens
769 2102 912 2171 ejus.
965 2102 1058 2158 llis
1097 2102 1240 2158 enim
1286 2101 1453 2159 tribus
1499 2100 1673 2158 modis
1721 2101 1893 2156 aliena

284 2198 593 2258 sumuntur,
628 2190 781 2261 jure,
812 2189 1096 2258 beneﬁcio,
1131 2192 1376 2262 impetu;
1407 2189 1459 2246 id
1491 2198 1591 2256 est,
1621 2189 1886 2256 dominio,

276 2278 548 2348 precario,
601 2279 680 2335 vi.
757 2278 1016 2336 Dominio
1075 2294 1186 2336 non
1248 2285 1576 2351 suppetente
1629 2279 1680 2316 48
1728 2277 1891 2350 eligat

273 2366 684 2442 Hermogenes,
711 2367 844 2441 quid
875 2369 993 2425 Deo
1021 2376 1317 2442 congruat,
1339 2367 1582 2439 precario
1603 2383 1671 2423 an
1699 2369 1750 2424 vi
1774 2369 1888 2440 (22)

269 2455 335 2512 de
400 2458 643 2514 materia
696 2466 889 2515 cuncta
945 2456 1140 2515 fecisse
1195 2457 1264 2513 “9.
1321 2457 1444 2513 Non
1498 2473 1627 2531 ergo
1673 2457 1885 2514 .melius

268 2546 585 2603 censuisset
630 2548 783 2604 Deus
847 2546 983 2604 nihil
1059 2547 1282 2604 omnino
1340 2545 1663 2612 faciendum,
1722 2562 1883 2620 quam

267 2635 517 2704 precario
539 2644 639 2692 aut
667 2636 717 2691 vi
749 2635 1074 2704 faciendum,
1095 2644 1147 2692 et
1173 2635 1393 2708 quidem
1423 2636 1491 2692 de
1521 2636 1706 2694 malo?

916 2725 1147 2783 CAPUT
1184 2726 1259 2782 X.

337 2815 566 2883 Nonne,
627 2815 838 2872 etiamsi
897 2815 1119 2873 materia
1189 2815 1394 2889 optima
1453 2814 1667 2886 fuisset,
1726 2831 1881 2890 aeque

2003 1929 2082 1978 set
2111 1923 2238 1979 illud
2265 1940 2408 1992 esse,
2441 1941 2550 1981 non
2600 1934 2761 1991 esset,
2795 1926 2912 1998 ipse
2958 1929 3067 1999 jam
3097 1929 3219 1986 fecit
3264 1949 3406 2001 esse,
3453 1938 3598 2007 quod

2003 2011 2297 2068 noluitnon
2326 2027 2446 2069 esse
2478 2029 2490 2069 :
2524 2014 2668 2086 quod
2697 2015 2826 2086 quid
2857 2024 2940 2071 est
2969 2019 3222 2088 turpius?
3243 2019 3299 2075 Si
3325 2020 3380 2076 id
3413 2024 3597 2082 volue-

2002 2098 2071 2154 rit
2099 2115 2238 2170 csse,
2270 2102 2414 2172 quod
2457 2101 2577 2171 ipse
2621 2103 2790 2159 noluit
2833 2103 3040 2175 fecisse,
3089 2106 3378 2166 adversum
3417 2126 3595 2170 seme-

2003 2185 2199 2257 tipsum
2229 2191 2358 2262 egit,
2399 2203 2522 2245 cum
2570 2200 2625 2246 et
2662 2191 2835 2248 voluit
2863 2207 3003 2250 esse.
3063 2193 3227 2264 Quasi
3258 2197 3461 2255 bonum
3493 2218 3594 2260 vo-

1998 2273 2096 2330 luit
2126 2291 2269 2348 esse,
2297 2285 2351 2334 et
2395 2277 2545 2350 quasi
2578 2279 2771 2335 malum
2822 2282 2997 2337 noluit
3047 2283 3255 2343 fecisse.
3289 2286 3445 2356 Quod
3485 2306 3594 2347 non

1997 2361 2264 2435 faciendo,
2310 2369 2508 2422 malum
2552 2369 2832 2439 judicavit,
2893 2371 2945 2426 id
2999 2373 3334 2442 sustinendo,
3387 2379 3593 2437 bonum

1994 2453 2364 2523 pronuntiavit
2417 2457 2487 2524 5",
2562 2458 2758 2514 malum
2819 2475 2919 2531 pro
2977 2462 3122 2520 bono
3177 2465 3498 2525 sustinendo
3537 2479 3591 2527 et

1995 2557 2102 2598 non
2129 2543 2309 2614 potius
2337 2545 2676 2615 cradicando,
2699 2559 2939 2606 assertor
2969 2552 3086 2621 ejus
3117 2551 3367 2612 inventus
3395 2566 3479 2614 est
3500 2559 3584 2615 53:

1994 2632 2149 2700 male,
2189 2632 2234 2689 si
2292 2650 2388 2706 per
2433 2634 2782 2708 voluntatem,
2818 2639 3059 2709 turpiter,
3111 2643 3157 2696 si
3207 2659 3300 2713 per
3349 2647 3581 2704 necessi-

1993 2728 2176 2778 tatem.
2226 2726 2334 2780 Aut
2372 2723 2606 2782 famulus
2654 2727 2753 2782 erit
2799 2728 2927 2782 mali
2992 2730 3154 2796 Deus,
3204 2741 3293 2787 aut
3343 2735 3582 2806 amicus;

1991 2827 2114 2866 cum
2146 2813 2380 2870 materiae
2420 2815 2558 2871 malo
2601 2827 2946 2874 conversatur
2973 2817 3041 2883 55,
3088 2818 3282 2876 nedum
3314 2823 3476 2880 etiam
3522 2825 3588 2881 de

270 2905 597 2963 indecorum
626 2905 730 2962 sibi
759 2905 1137 2975 existimassel,
1171 2905 1238 2962 de
1266 2905 1465 2973 alieno,
1511 2905 1638 2962 licet
1683 2905 1829 2961 hono
1851 2906 1880 2960 2
1913 2917 1956 2997 θ
1988 2900 2132 2958 malo
2165 2903 2282 2972 ejus
2311 2912 2586 2975 operatus.

271 2994 441 3050 Fatue
499 2995 657 3060 satis,
707 2994 753 3050 si
800 2994 873 3050 ita
928 2995 977 3034 ⁵ο
1027 2994 1216 3066 gloriae
1272 3011 1386 3052 suae
1442 3009 1603 3052 causa
1657 2993 1878 3051 molitus

271 3090 355 3140 est
413 3083 704 3149 mundum,
775 3093 832 3138 ut
878 3083 1176 3140 debitorem
1216 3099 1273 3140 se
1327 3082 1515 3139 alienae
1562 3082 1877 3139 substantiae

268 3171 610 3236 ostenderet,
649 3180 700 3226 et
743 3171 964 3242 quidem
1010 3186 1116 3227 non
1149 3171 1323 3228 bonae.
1362 3172 1530 3243 Ergo,
1588 3171 1777 3242 inquit,
1811 3186 1876 3226 ex

269 3259 448 3316 nihilo
481 3259 698 3326 faceret,
752 3269 810 3316 ut
839 3261 980 3315 mala
1025 3275 1245 3332 quoque
1273 3259 1498 3318 arbitrio
1540 3261 1662 3330 ejus
1692 3259 1874 3330 impu-

272 3357 524 3405 tarentur
543 3348 570 3404 τ
597 3351 810 3425 Magna,
843 3347 1018 3407 206
1052 3350 1194 3406 bona
1218 3349 1322 3406 fide
1351 3351 1487 3421 (23),
1519 3349 1733 3408 caecitas
1763 3350 1874 3406 hae-

272 3439 570 3496 reticorum
599 3454 699 3511 pro
731 3440 1037 3510 bujusmodi
1073 3438 1561 3512 argumentatione,
1592 3455 1716 3496 eum
1749 3439 1874 3498 ideo

269 3535 371 3582 aut
411 3528 577 3584 alium
631 3527 801 3583 Deum
846 3530 1048 3584 bonum
1078 3537 1132 3585 et
1178 3529 1442 3601 optimum
1474 3532 1660 3586 volunt
1701 3529 1869 3597 credi,

268 3614 411 3686 quia
464 3615 591 3671 mali
649 3622 922 3674 auctorem
992 3616 1301 3674 existiment
1373 3617 1723 3688 Creatorem;
1779 3626 1872 3675 aut

2601 2991 2825 3048 CAPUT
2865 2994 2960 3049 Χῐ.

2055 3080 2123 3136 Et
2163 3088 2337 3136 tamen
2385 3081 2529 3136 unde
2576 3082 2732 3137 nobis
2787 3083 2833 3121 ⁵⁷
2873 3085 3165 3154 persuadet
3212 3087 3582 3162 Hermogenes

1986 3169 2182 3223 malam
2219 3184 2343 3226 esse
2366 3168 2649 3225 materiam
2683 3171 2846 3239 (26)?
2875 3173 2996 3226 Non
3037 3174 3180 3230 enim
3229 3178 3426 3245 poterit
3471 3195 3580 3234 non

1985 3255 2150 3314 207
2195 3259 2398 3314 malum
2443 3257 2623 3315 dicere
2652 3258 2737 3314 cui
2775 3260 2973 3314 malum
3004 3261 3280 3317 adscribit.
3313 3265 3447 3319 Nam
3479 3267 3576 3321 dc-

1984 3347 2198 3404 finimus
2226 3347 2639 3404 diminutionem
2668 3347 2718 3385 ⁵8
2745 3355 2798 3404 et
2828 3347 3219 3419 subjectionem
3250 3366 3438 3422 capere
3468 3370 3577 3409 non

1983 3452 2148 3507 posse
2174 3435 2320 3509 quod
2359 3436 2430 3493 sit
2457 3446 2713 3493 aeternum
2741 3437 2812 3502 59,
2846 3444 2904 3492 ut
2932 3436 3023 3492 alii
3051 3447 3320 3496 coaeterno
3351 3439 3577 3499 inferius

1982 3527 2283 3598 deputetur.
2319 3525 2396 3580 Ita
2423 3533 2476 3581 et
2509 3542 2652 3582 nunc
2694 3541 2794 3582 nec
2840 3525 3039 3582 malum
3089 3527 3322 3586 dicimus
3352 3544 3576 3602 compe-

1980 3623 2096 3672 tere
2124 3614 2217 3681 illi,
2248 3614 2373 3688 quia
2405 3631 2506 3672 nec
2533 3615 2730 3686 subjici
2758 3631 2824 3673 ex
2863 3616 2966 3673 hoc
3013 3617 3205 3688 possit,
3237 3619 3383 3691 quod
3423 3618 3576 3677 nullo

1655 3760 1848 3826 Variae
1891 3765 2205 3827 lectiones.

347 3859 400 3940 ξιξ
427 3861 722 3940 Non_esset
777 3866 945 3922 Seml.
978 3863 1358 3940 Obertlt._Non
1415 3865 1766 3940 apestgli‘ran.
1791 3869 1972 3923 Paris.
2009 3869 2109 3940 Βία

2118 3908 2132 3922 .
2173 3865 2410 3923 rectius.
2438 3861 2490 3940 ἥδ
2530 3864 2590 3940 Ῑλη
2650 3864 2796 3940 bono
2828 3866 3022 3940 _Seml.
3084 3867 3300 3926 Obertlt.
3328 3869 3401 3940 7“
3457 3869 3574 3940 Qua

267 3934 503 4014 malum,
537 3935 630 3990 Dei
675 3951 785 4014 non
834 3944 935 4014 esth
963 3936 1392 4014 SegnLAQberth.
1423 3937 1473 4014 ’18
1519 3938 1810 4014 Disjuagit
1855 3934 2223 4014 Riten._aec_;
2270 3935 2496 4014 approb.
2531 3936 2702 3993 Seml.
2735 3935 2784 4014 ἒξ)
2819 3937 3286 4014 FecissetuFran.
3319 3939 3369 3978 ⁵ο
3407 3934 3575 4014 Fatue

267 4005 425 4082 satis.
458 4005 645 4082 Itaque
667 4007 840 4082 Rhea.
898 4008 1064 4082 seml.
1131 4007 1351 4082 0_b_erth.
1382 4006 1572 4075 ;l‘atue'
1597 4005 1742 4065 satis
1788 4011 1967 4082 itaque
2009 4011 2144 4066 Jun.
2178 4008 2236 4082 ξιξ
2258 4005 2564 4082 Assectath
2598 4007 2853 4082 conjicin
2890 4010 3111 4082 Jun.”
3168 4013 3370 4068 Auctor
3399 4013 3523 4082 ejus
3555 4028 3567 4068 :

267 4075 608 4156 ῥωσρυτεςίὺ
639 4079 779 4156 aliis
819 4081 1068 4156 emissa,
1100 4078 1300 4156 addita
1353 4085 1504 4156 sunt_
1547 4082 1609 4156 in
1678 4083 1859 4156 Venet.
1880 4075 1968 4156 ’δέ
1999 4097 2129 4137 mss.
2175 4081 2378 4156 ινρμζυ.
2429 4078 2478 4116 ⁵³
2507 4077 2609 4147 Qui
2639 4075 2791 4156 solus
2821 4081 3157 4156 [rapuit/ten,
3194 4086 3260 4156 et,
3283 4087 3411 4156 post
3431 4075 3572 4140 'eum

267 4147 451 4225 ξειηζ.
488 4147 706 4225 Qberth.
741 4149 788 4186 5"
819 4149 1420 4225 Pronuntiavitoynes.
1472 4153 1680 4225 Junius
1718 4151 2034 4225 evidentius
2067 4167 2182 4208 esse
2212 4152 2363 4225 dicit
2383 4169 2402 4205 :
2431 4149 2828 4225 praenuntiavit.
2861 4152 2908 4188 ⁵⁵
2943 4153 3169 4209 Comma
3197 4147 3465 4225 pingitur
3513 4156 3572 4210 in

266 4218 450 4296 ξεεζιι.
486 4218 534 4257 55
559 4219 916 4296 llonversatus
947 4222 1120 4296 Segni.
1154 4221 1209 4296 5_7_
1233 4223 1388 4296 Unde
1425 4224 1591 4296 nobis
1612 4223 1638 4279 ἱ)
1660 4241 1857 4296 omnes
1886 4223 2100 4281 rectius
2127 4239 2296 4294 quam
2328 4218 2513 4296 Serui:
2532 4222 2629 4296 qui
2660 4221 2829 4296 habet
2860 4243 2878 4279 :
2911 4239 3016 4296 non
3063 4226 3132 4280 de
3177 4218 3351 4280 nobis.
3387 4224 3436 4261 ⁵⁸
3465 4225 3573 4281 De-

264 4287 967 4369 ﬁniimusdeminutionem
996 4294 1130 4350 lim.
1164 4293 1214 4332 59
1243 4294 1424 4365 Posse,
1453 4294 1598 4367 quod
1627 4295 1694 4351 sit
1721 4304 1984 4352 aeternum
2013 4287 2203 4351 omnes
2232 4297 2445 4366 praeter
2479 4287 2649 4349 Se'ml.
2683 4297 2737 4348 et
2774 4295 2990 4352 Oberth.
3024 4297 3126 4369 qui
3158 4297 3353 4369 legunt
3377 4315 3395 4352 :
3424 4296 3575 4369 quod

264 4360 315 4414 si
355 4358 428 4416 ita
459 4360 582 4416 erit.

1667 4460 2169 4528 Commentarius.

345 4561 569 4644 (2i).Et
616 4563 734 4644 ideo
771 4566 1049 4661 precario,
1108 4583 1223 4624 non
1271 4567 1538 4661 doL-niinio.
1598 4565 1865 4652 Precario,
1903 4584 1948 4661 η
1985 4589 2007 4619 «ι
2050 4569 2168 4651 Non
2210 4564 2529 4661 repugnavit
2584 4564 2692 4632 ille,
2739 4563 2832 4661 sed
2882 4574 3165 4661 postquam
3214 4571 3418 4642 Optima
3465 4571 3573 4627 fide

261 4635 544 4708 dominio,
575 4635 652 4702 vi,
705 4635 915 4693 sumere
969 4637 1167 4706 aliena,
1215 4641 1386 4696 verba
1431 4646 1556 4693 sunt
1592 4635 1868 4708 jurisconé

263 4704 458 4780 sultis.
506 4704 706 4777 Legum
742 4714 922 4780 autem
974 4704 1214 4764 civilium
1260 4708 1506 4780 peritiam
1560 4704 1614 4763 in
1659 4710 1870 4766 Tertulo

261 4776 448 4903 hianti
443 4776 793 4851 permagnam
821 4778 1009 4850 fuisse,
1035 4795 1144 4837 non
1171 4776 1486 4838 hic—tantum
1511 4779 1666 4837 locus
1689 4790 1872 4840 osten-

303 4865 326 4901 ι
353 4893 368 4903 .
454 4863 595 4903 uera.

303 4863 368 4906 ιι.
402 4863 595 4904 “BEN.

344 4922 461 4990 (22)
494 4922 876 4993 Precariaan
913 4923 990 4979 vi.
1041 4923 1286 4980 Precario
1323 4923 1528 4993 aliquid
1577 4921 1692 4980 fieri
1744 4924 1875 4980 dici-

264 5000 393 5066 tur,
455 5007 597 5066 cum
635 4991 889 5066 precibus
953 5003 1337 5066 extorquetur,
1394 4991 1663 5051 interdum
1728 4996 1872 5051 enim

257 5063 601 5138 ﬂagitationi
657 5073 711 5120 et
774 5063 1094 5136 importuna:
1126 5063 1468 5124 ‘assiduitati
1529 5065 1870 5138 conceditur,

263 5132 422 5206 quod
447 5132 595 5206 alias
621 5132 926 5205 negaretur.
957 5138 1034 5193 LE
1064 5139 1158 5194 Pa.

338 5205 467 5274 (23)
495 5207 648 5262 Bona
687 5206 815 5276 ﬁde.
865 5208 923 5262 Id
978 5216 1080 5276 est,
1125 5208 1305 5266 serio:
1349 5209 1426 5264 sic
1485 5208 1768 5265 Petronius
1821 5210 1871 5266 in

260 5277 465 5354 Satyr.
503 5295 598 5354 τί,
623 5276 726 5333 Sed
755 5278 888 5354 nihil
913 5281 1024 5354 jam
1057 5294 1292 5354 queror,_
1313 5279 1445 5336 nihil
1486 5281 1605 5354 jam
1629 5351 1639 5354 _
1652 5281 1872 5354 memini

261 5349 309 5402 si
347 5344 636 5429 Honafide
683 5344 1379 5429 pueniteritiam'emendas.
1416 5373 1454 5429 DA
1481 5344 1551 5429 Et
1595 5351 1702 5407 alio
1742 5352 1874 5429 loco

261 5428 434 5494 antea
477 5419 776 5494 nimirum:
812 5444 835 5474 α
897 5421 1188 5494 Oculisque
1233 5422 1379 5478 bona
1424 5421 1529 5478 ﬁde
1587 5424 1807 5480 exactis.
1847 5445 1869 5473 ι

256 5489 589 5566 {Aliquando
619 5490 757 5547 idem
777 5501 861 5550 est
889 5509 951 5549 ac
971 5489 1129 5566 juste
1159 5501 1212 5566 et
1248 5509 1380 5566 cum
1417 5495 1789 5566 wqu_i_tate,'ct
1818 5494 1875 5550 in

257 5561 419 5617 hunc
438 5576 656 5618 sensum
679 5566 896 5637 optima
923 5561 1055 5638 ﬁde,
1073 5565 1267 5624 dicitur
1291 5563 1452 5622 etiam
1474 5561 1495 5618 Ξ
1529 5564 1670 5623 idem
1690 5561 1830 5625 Petr.
1859 5585 1874 5622 :

1983 4639 2164 4710 partiti
2193 4635 2472 4692 manubias
2502 4651 2760 4710 sumus._ag
2788 4635 2874 4710 _La
2895 4639 2998 4710 ΔΡιι.

2049 4711 2161 4779 (24)
2196 4712 2312 4767 Sua
2340 4709 2663 4782 injectione_.
2696 4705 3016 4782 Objectione
3044 4723 3140 4766 seu
3167 4717 3488 4782 argumento
3517 4711 3570 4764 in

1980 4785 2305 4838 contrarium
2335 4779 2602 4836 contorto.
2634 4779 2714 4834 LE
2747 4780 2840 4834 Pn.

2051 4853 2167 4925 (25)
2216 4851 2344 4925 sed,
2373 4854 2706 4925 assentator:
2741 4849 2904 4906 mali.
2943 4849 3109 4925 Quasi
3167 4859 3423 4918 assertor,
3473 4867 3570 4909 seu

1980 4921 2169 4989 mavis,
2219 4923 2602 4990 dissimulator,
2677 4923 2822 4978 Deus
2896 4921 3098 4978 scilicet
3183 4925 3377 4979 malam
3451 4940 3572 4980 esse

1982 4994 2256 5069 materiam
2313 5011 2462 5069 cum_
2501 4998 2782 5069 agnoscat,
2823 5009 2894 5069 ea
2950 5003 3125 5050 tamen
3181 4996 3348 5069 utitur
3403 4995 3572 5069 (quod

1980 5073 2095 5123 erat
2149 5065 2496 5137 HermOgenis
2540 5063 2791 5138 dogma),
2823 5063 3074 5138 illiusque
3123 5063 3460 5138 pravitatem-
3488 5069 3577 5126 vel

1981 5138 2186 5202 astruit,
2221 5139 2303 5192 vel
2334 5135 2525 5192 saltem
2550 5135 2870 5194 dissimulat.
2903 5135 3109 5193 Ls‘Pn.

2055 5211 2170 5282 (26)
2224 5208 2437 5282 Malam,
2462 5224 2576 5266 esse
2618 5209 2960 5265 materiam?
2987 5209 3367 5282 Respondebat
3410 5209 3573 5265 modo

1981 5279 2204 5352 objectis
2254 5282 2321 5336 ab
2384 5280 2751 5352 rlIermogeue,
2812 5288 3060 5351 tanquam
3096 5279 3187 5352 isi
3273 5298 3406 5352 vera
3452 5296 3574 5336 esse

1982 5351 2300 5410 concederet
2333 5367 2344 5406 :
2379 5351 2464 5407 hic
2495 5367 2626 5407 vero
2674 5353 2727 5406 in
2767 5367 2890 5408 eum
2926 5351 3176 5422 insurgit.
3233 5351 3576 5422 postulatque

1981 5425 2318 5480 demonstret
2354 5426 2548 5478 malam
2577 5438 2698 5478 esse
2728 5422 3028 5492 materiam,
3059 5421 3113 5480 et
3145 5439 3173 5478 a
3201 5421 3309 5494 quo
3337 5421 3392 5476 id
3423 5436 3573 5475 sum-

1982 5499 2167 5567 pserit,
2200 5494 2470 5554 ostendat.
2501 5495 2576 5551 La
2601 5495 2692 5550 Pa.
