4032 6152
267 248 380 309 233

264 387 426 448 atque
453 375 660 444 optima
688 389 718 430 a
746 374 862 432 Deo
889 374 1066 432 ﬁunt:
1098 378 1168 434 Et
1193 375 1341 433 vidit
1369 376 1512 434 Deus
1539 378 1672 449 quia
1701 377 1862 446 bona,

264 471 321 523 et
345 463 644 523 benedtrit
672 480 739 522 ea
768 467 912 522 Deus
959 465 1124 534 (Gen.
1152 481 1193 534 ι,
1225 467 1286 532 3,·
1338 465 1450 535 34),
1481 462 1663 522 209
1690 466 1869 540 utique

265 568 376 625 qua
421 552 650 623 optima,
709 567 819 609 non
875 560 1022 608 certe
1075 569 1176 625 qua
1216 553 1354 609 mala
1385 568 1446 608 ac
1476 554 1726 625 pessima.
1767 556 1876 610 De-

265 641 628 698 mutationem
676 640 840 713 igitur
887 641 1106 698 admisit
1169 641 1408 710 materia,
1461 649 1514 696 et
1577 642 1622 696 si
1669 642 1740 698 ita
1765 652 1868 708 est,

263 739 470 787 statum
539 730 857 786 aeternitatis
920 730 1136 786 amisit:
1217 739 1430 786 mortua
1494 738 1576 786 est
1645 731 1874 804 denique

262 836 359 876 sua
409 820 611 875 forma.
654 819 762 875 Sed
808 820 1079 877 aeternitas
1110 819 1280 876 amitti
1329 835 1434 875 non
1463 829 1672 890 potest:
1722 821 1873 894 quia,

265 909 369 963 nisi
400 907 580 965 amitti
607 923 715 964 non
745 908 946 980 possit,
976 909 1244 965 aeternitas
1297 923 1406 964 non
1447 917 1546 964 est.
1587 909 1725 982 Ergo
1774 925 1875 966 nec

265 1000 695 1054 demutationetn
733 998 906 1069 potuit
964 998 1287 1054 admisisse:
1325 997 1470 1070 quia,
1505 998 1549 1052 si
1603 999 1875 1055 teternitas

271 1096 371 1157 est,
410 1086 689 1142 demutari
708 1085 860 1142 nullo
886 1086 1051 1143 modo
1081 1095 1276 1159 potest.

859 1231 1081 1288 CAPUT
1111 1232 1262 1292 XIII.

339 1358 410 1414 Et
441 1362 760 1429 quaeretur:
818 1355 1103 1428 Quomodo
1157 1373 1222 1413 ex
1263 1372 1327 1412 ea
1377 1356 1519 1414 bona
1573 1357 1709 1414 facta
1747 1359 1872 1428 sint,

265 1463 395 1521 quae
447 1463 516 1502 ex
558 1444 924 1502 demutatione
957 1445 1106 1502 nullo
1141 1447 1306 1502 modo
1360 1445 1498 1502 facta
1528 1448 1692 1503 sunt?
1721 1447 1876 1505 Unde

265 1539 328 1592 in
384 1535 533 1590 mala
586 1549 649 1589 ac
703 1533 938 1606 pessima
990 1532 1118 1590 boni
1193 1542 1351 1605 atque
1411 1535 1596 1606 optimi
1650 1537 1876 1592 semen?

270 1626 436 1681 Certe
462 1637 567 1680 nec
595 1623 736 1680 bona
788 1624 948 1679 arbor
1001 1622 1208 1679 fructus
1237 1623 1406 1680 malos
1450 1623 1579 1691 edit,
1620 1625 1742 1698 quia
1771 1640 1872 1683 nec

1458 247 1676 311 LIBER.
1719 251 1874 312 ADV.
1913 251 2387 316 HERMOGENEM.

3459 264 3573 324 234'
3586 293 3588 296 ν

1974 396 2041 438 ex
2093 380 2260 438 nihilo
2316 379 2497 452 potius
2550 393 2712 455 quam
2766 396 2830 438 ex
2886 384 3129 442 materia.
3179 385 3404 462 Dignius
3461 398 3566 464 est,

1981 471 2153 526 Deum
2183 470 2345 527 etiam
2399 469 2665 526 malorum
2721 476 2998 529 auctorem
3035 473 3265 530 liberum
3321 477 3564 548 credere,

1982 557 2162 615 2I0
2193 573 2356 629 quam
2386 573 2624 614 servum.
2655 556 3004 632 Quaecunque
3030 569 3269 631 potestas
3298 565 3367 634 ei,
3401 581 3566 638 quam

1982 647 2249 721 pusillitas
2277 647 2558 719 competit.
2590 647 2648 703 Si
2680 656 2734 704 et
2761 649 2841 705 sic
2885 649 3238 707 concedimus
3283 655 3566 712 materiam

1977 737 2199 811 quidem
2252 737 2387 794 nihil
2432 738 2563 794 boni
2617 738 2893 810 habuisse,
2949 739 3239 797 Dominum
3296 757 3457 812 vero,
3519 745 3568 799 si

1979 825 2107 899 quid
2135 825 2266 881 boni
2293 825 2481 892 edidit,
2542 842 2636 882 sua
2685 826 2882 884 virtute
2937 828 3198 899 edidisse,
3250 829 3367 885 aliae
3414 847 3568 904 teque

1979 915 2292 973 oborientur
2320 915 2675 990 quaestiones.
2713 916 2914 987 Primo,
2947 918 2992 972 si
3033 919 3232 974 bonum
3261 919 3314 974 in
3343 921 3568 977 materia

1981 1006 2198 1063 omnino
2228 1021 2338 1063 non
2385 1007 2485 1062 fuit
2512 1007 2645 1078 (34),
2699 1023 2809 1063 non
2839 1023 2906 1065 ex
2964 1007 3188 1064 materia
3234 1009 3434 1066 bonum
3481 1009 3568 1066 fa-

1980 1102 2123 1150 ctum
2153 1104 2252 1165 est,
2299 1096 2442 1169 quod
2497 1096 2724 1152 materia
2753 1095 2958 1154 scilicet
3010 1112 3116 1153 non
3188 1098 3396 1155 habuit.
3454 1099 3566 1155 De-

1979 1182 2125 1250 hinc,
2159 1181 2205 1237 si
2252 1197 2362 1238 non
2390 1198 2456 1239 ex
2494 1184 2744 1255 materia,
2792 1186 2902 1255 jam
2933 1200 3068 1256 ergo
3096 1201 3161 1241 ex
3200 1185 3314 1243 Deo
3346 1186 3567 1246 factum.
3647 1186 3660 1194 ’

1982 1270 2040 1328 Si
2095 1285 2198 1326 nec
2245 1285 2312 1326 ex
2366 1271 2499 1343 Deo,
2548 1273 2655 1342 jam
2714 1287 2846 1344 ergo
2889 1288 2952 1328 ex
2992 1273 3161 1329 nihilo
3193 1273 3414 1333 factum.
3455 1277 3573 1334 Hoc

1981 1361 2125 1418 enim
2209 1370 2458 1434 superest
2533 1362 2832 1420 secundum
2898 1363 3255 1436 Hermogenis
3337 1365 3571 1438 disposi-

1987 1449 2207 1507 tionem.

2596 1592 2825 1652 CAPUT
2853 1593 2978 1650 XV.

270 1717 425 1770 Deus
452 1712 559 1767 nisi
603 1712 818 1768 bonus:
851 1727 955 1768 nec
1007 1712 1149 1768 mala
1175 1713 1357 1781 arbor,
1388 1713 1587 1780 bonos,
1615 1692 1741 1788 quia
1769 1731 1871 1772 nec
1905 1692 1950 1769 Β
2047 1717 2214 1774 Porro
2242 1717 2290 1773 si
2338 1715 2559 1783 bonum,
2620 1730 2797 1788 neque
2850 1731 2915 1772 ex
2971 1718 3190 1775 materia
3229 1718 3426 1776 factum
3481 1728 3564 1777 est

274 1803 509 1860 materia
537 1800 754 1859 estnisi
815 1802 1068 1873 pessima.
1102 1803 1206 1858 Aut
1261 1802 1306 1857 si
1361 1803 1609 1859 dabimus
1665 1802 1739 1859 illi
1770 1805 1874 1860 ali-

272 1893 406 1965 quid
458 1892 626 1947 etiam
661 1889 789 1946 boni
818 1890 1094 1964 germinis,
1124 1892 1235 1962 jam
1290 1907 1400 1947 non
1445 1891 1548 1948 erit
1601 1892 1887 1950 uniformis

271 1991 508 2049 naturae,
537 1979 596 2036 id
626 1988 711 2036 est
739 1979 903 2035 malae
931 1980 986 2036 in
1013 1988 1210 2053 totum,
1242 1981 1336 2038 sed
1366 1990 1419 2037 et
1447 1988 1648 2038 tantum
1670 1983 1889 2053 duplex,

273 2071 330 2127 id
361 2079 448 2128 est
507 2067 558 2107 τι
592 2070 746 2126 bonae
777 2078 832 2125 et
883 2069 1042 2126 malae
1093 2080 1320 2128 naturae.
1353 2071 1422 2126 Et
1475 2079 1746 2144 quaeretur
1774 2071 1883 2130 ite-

272 2176 419 2228 rum,
455 2174 525 2215 an
574 2157 630 2214 in
688 2159 832 2215 bono
863 2166 916 2215 et
962 2159 1103 2217 malo
1135 2160 1329 2232 poterit
1384 2161 1672 2219 convenire
1699 2161 1804 2218 luci
1833 2170 1888 2218 et

273 2249 545 2318 tenebris,
605 2247 751 2305 dulci
809 2257 862 2304 et
915 2263 1115 2306 amaro.
1160 2249 1272 2304 Aut
1311 2249 1356 2304 si
1406 2250 1578 2321 potuit
1604 2251 1888 2324 utriusque

275 2338 565 2395 diversitas
594 2336 724 2392 boni
773 2347 824 2392 et
854 2335 981 2394 mali
1007 2337 1361 2410 concurrisse,
1412 2346 1467 2394 et
1495 2337 1691 2412 duplex
1729 2347 1888 2395 natu-

280 2426 540 2483 rafuisse
582 2423 847 2491 materiae,
900 2425 1181 2482 amborum
1238 2425 1384 2484 ferax
1440 2427 1734 2494 fructuum,
1769 2428 1885 2498 jam

280 2530 378 2572 nec
405 2515 558 2571 bona
587 2513 709 2585 ipsa
762 2512 880 2569 Deo
929 2512 1352 2584 deputabuntur,
1380 2521 1438 2569 ut
1491 2529 1594 2570 nec
1623 2515 1760 2570 mala
1804 2515 1884 2572 illi

284 2605 624 2675 imputantur
657 2618 673 2656 :
707 2603 806 2658 sed
860 2610 1092 2673 utraque
1143 2601 1357 2673 species
1383 2601 1452 2658 de
1481 2602 1722 2659 materiae
1751 2618 1882 2674 pro-

286 2695 513 2764 prietste
553 2699 789 2762 sumpta,
820 2689 891 2746 ad
910 2689 1188 2748 materiam
1217 2689 1528 2763 pertinebit.
1557 2690 1677 2760 Quo
1707 2699 1885 2764 pacto,

289 2796 462 2853 neque
508 2779 747 2854 gratiam
775 2778 1042 2836 bonorum
1070 2779 1185 2836 Deo
1240 2778 1573 2850 debebimus,
1613 2795 1714 2838 nec
1742 2781 1886 2838 invi-

293 2871 436 2924 diam
462 2870 757 2939 malorum,
790 2868 916 2940 quia
957 2867 1087 2923 nihil
1127 2867 1195 2925 de
1233 2883 1333 2926 suo
1363 2878 1614 2942 operatus
1644 2869 1883 2942 ingenio.

884 3011 1108 3072 CAPUT
1134 3013 1282 3072 XIV.

392 3137 498 3194 Per
564 3138 696 3209 quod
743 3136 1058 3210 probabitur
1095 3136 1376 3194 manifeste
1427 3131 1667 3193 materiae
1714 3137 1894 3195 deser-

309 3228 482 3282 visse.
509 3227 638 3281 Nam
663 3227 759 3282 etsi
817 3225 1046 3292 dicatur,
1104 3225 1226 3282 licet
1278 3241 1342 3282 ex
1407 3225 1688 3282 occasione
1715 3232 1894 3282 mate-

297 3317 410 3382 riae,
471 3331 575 3372 suo
636 3323 809 3371 tamen
867 3314 1091 3372 arbitrio
1137 3315 1282 3371 bona
1354 3314 1658 3386 protulisse,
1743 3313 1895 3387 quasi

295 3391 492 3464 nactus
531 3406 740 3461 bonum
795 3403 1058 3472 materiae,
1117 3419 1429 3476 quanquam
1483 3413 1536 3459 et
1593 3405 1696 3460 hoc
1741 3411 1898 3475 turpe

293 3496 382 3564 sit,
422 3503 577 3554 certe
625 3510 753 3550 cum
806 3510 875 3550 ex
923 3494 1114 3550 eadem
1146 3493 1315 3550 etiam
1351 3492 1499 3548 mala
1545 3492 1771 3566 profert,
1811 3493 1897 3550 vel

294 3587 410 3642 hac
458 3584 656 3657 utique
706 3598 817 3639 non
849 3583 916 3638 de
950 3599 1051 3639 suo
1087 3581 1316 3638 arbitrio
1373 3581 1718 3653 proferendo,
1773 3597 1895 3638 ser-

294 3674 374 3729 vit
407 3673 678 3742 materiae,
712 3671 861 3728 aliud
892 3686 1002 3728 non
1031 3671 1232 3727 habens
1262 3669 1443 3728 facere
1472 3687 1632 3744 quam
1663 3687 1728 3728 ex
1756 3671 1898 3728 malo

293 3761 576 3835 proferre;
630 3761 834 3816 invitus
889 3760 1077 3834 utique
1129 3775 1239 3831 qua
1283 3760 1478 3826 bonus,
1526 3775 1593 3815 ex
1650 3759 1896 3817 necessi-

295 3859 408 3909 tate
452 3862 514 3908 ut
559 3848 788 3920 invitus,
831 3858 885 3908 et
930 3865 1004 3907 ex
1048 3848 1304 3907 servitute
1333 3855 1392 3904 ut
1437 3864 1503 3904 ex
1549 3849 1896 3909 necessitate.

294 3940 444 4011 Quid
492 3955 632 4014 ergo
677 3941 914 4013 dignius,
961 3955 1027 3997 ex
1071 3938 1389 3997 necessitate
1432 3953 1553 3994 eum
1592 3937 1899 3994 condidisse

295 4032 470 4102 mala,
512 4046 583 4085 an
630 4046 693 4086 ex
739 4027 1052 4087 voluntate?
1092 4029 1149 4084 Si
1191 4027 1434 4100 quidem,
1485 4042 1551 4082 ex
1582 4027 1902 4084 necessitate

293 4117 566 4183 condidit,
602 4117 650 4171 si
681 4133 745 4172 ex
777 4117 1036 4173 materia:
1086 4133 1151 4173 ex
1180 4116 1478 4181 voluntate,
1509 4117 1552 4170 si
1600 4132 1669 4173 ex
1708 4115 1898 4174 nihilo.

293 4208 427 4262 Jam
485 4207 629 4262 enim
659 4207 774 4263 sine
802 4222 968 4263 causa
1021 4207 1257 4274 laboras,
1289 4221 1358 4261 ne
1395 4203 1657 4260 malorum
1712 4209 1902 4258 auctor

1984 1804 2110 1877 quia
2137 1820 2247 1861 non
2276 1811 2393 1861 erat
2446 1804 2503 1858 in
2533 1802 2648 1872 illa,
2679 1810 2739 1859 ut
2775 1804 2830 1859 in
2867 1803 3042 1873 mala;
3077 1821 3253 1877 neque
3300 1822 3366 1862 ex
3436 1808 3573 1876 Deo,

1992 1894 2122 1964 quia
2149 1892 2282 1949 nihil
2312 1892 2487 1964 potuit
2544 1908 2611 1949 ex
2639 1893 2753 1948 Deo
2783 1891 2922 1962 ﬁeri,
2958 1893 3099 1950 sicut
3129 1892 3316 1951 deﬁnit
3343 1895 3576 1952 Hermo-

1993 1995 2200 2054 genes:
2235 1980 2508 2037 invenitur
2561 1980 2764 2037 bonum
2793 1983 2901 2051 jam
2931 1997 2996 2039 ex
3033 1982 3206 2039 nihilo
3237 1981 3459 2053 factum,
3519 1992 3579 2040 ut

1994 2085 2060 2126 ex
2088 2068 2240 2127 nullo
2267 2069 2483 2138 factum,
2542 2078 2602 2126 ut
2655 2086 2833 2143 neque
2861 2086 2927 2126 ex
2982 2071 3226 2140 materia,
3282 2088 3461 2146 neque
3517 2091 3582 2130 ex

1994 2159 2130 2217 Deo.
2184 2159 2256 2215 Et
2301 2159 2346 2214 si
2403 2161 2604 2215 bonum
2633 2175 2696 2215 ex
2728 2159 2921 2229 nihilo,
2975 2176 3070 2216 cur
3101 2175 3209 2216 non
3248 2169 3301 2216 et
3346 2162 3584 2218 malum?

1994 2248 2104 2306 imo
2133 2265 2232 2305 cur
2269 2263 2380 2305 non
2406 2249 2586 2304 omnia
2617 2264 2688 2304 ex
2728 2249 2921 2316 nihilo,
2971 2249 3018 2306 si
3047 2250 3252 2322 aliquid
3282 2266 3348 2306 ex
3373 2250 3585 2308 nihilo?

1993 2335 2098 2393 nisi
2126 2337 2170 2393 si
2199 2336 2536 2394 insufficiens
2563 2335 2665 2394 fuit
2699 2336 2882 2396 divina
2937 2338 3112 2395 virtus
3157 2339 3409 2396 omnibus
3448 2356 3583 2410 pro-

1995 2425 2278 2494 ducendis,
2336 2441 2459 2498 qua:
2513 2425 2720 2498 aliquid
2770 2425 3053 2497 protulerit
3115 2443 3178 2483 ex
3237 2426 3427 2484 nihilo.
3476 2428 3588 2486 Aut

1994 2515 2038 2570 si
2067 2531 2133 2572 ex
2163 2514 2389 2570 materia
2433 2513 2580 2569 mala
2625 2513 2830 2571 bonum
2883 2515 3166 2586 processit,
3241 2515 3368 2588 quia
3408 2532 3587 2591 neque

1994 2619 2058 2659 ex
2089 2601 2278 2672 nihilo,
2335 2616 2508 2674 neque
2551 2617 2616 2658 ex
2673 2602 2808 2672 Deo,
2858 2609 3120 2675 sequetur
3165 2613 3226 2662 ut
3254 2618 3320 2659 ex
3349 2619 3581 2661 conver-

1995 2693 2153 2750 sione
2205 2690 2257 2730 ’²²
2313 2691 2642 2763 processerit
2695 2692 2955 2764 materiae,
3015 2700 3204 2749 contra
3262 2691 3583 2764 denegatam

1995 2781 2182 2838 merui
2209 2782 2261 2821 73
2290 2781 2721 2839 conversionem.
2751 2781 2832 2837 Ita
2878 2781 3024 2836 unde
3077 2782 3280 2837 bonum
3325 2781 3583 2851 constitit,

1992 2869 2105 2943 jam
2154 2870 2376 2945 negabit
2430 2871 2802 2945 Hermogenes
2857 2869 2985 2926 inde
3031 2869 3166 2926 illud
3207 2879 3459 2928 constare
3487 2886 3586 2943 po-

1997 2960 2185 3016 tuisse.
2225 2961 2464 3015 Necesse
2500 2967 2581 3014 est
2611 2966 2791 3015 autem
2821 2975 2886 3014 ex
2926 2958 3110 3032 aliquo
3149 2975 3338 3017 eorum
3369 2976 3592 3031 proces-

1997 3048 2150 3120 serit,
2179 3063 2242 3103 ex
2282 3047 2482 3119 quibus
2508 3047 2724 3119 negavit
2762 3047 3061 3118 procedere
3090 3049 3351 3119 potuisse.
3410 3048 3590 3105 Caete-

2002 3153 2145 3205 rum,
2205 3136 2250 3192 si
2304 3135 2426 3192 ideo
2481 3134 2682 3190 malum
2741 3149 2850 3189 non
2905 3151 2971 3190 ex
3001 3135 3188 3205 nihilo,
3223 3153 3292 3192 ne
3345 3137 3448 3193 Dei
3477 3137 3590 3204 fiat,

2003 3226 2071 3282 de
2125 3225 2284 3296 cujus
2339 3221 2562 3279 arbitrio
2615 3220 2905 3290 videbitur,
2973 3221 3069 3277 sed
3127 3239 3193 3278 ex
3250 3224 3494 3290 materia,
3537 3234 3596 3280 ut

2003 3315 2176 3387 ipsius
2205 3315 2300 3385 sit,
2328 3313 2397 3368 de
2455 3313 2614 3384 cujus
2643 3311 2944 3368 substantia
2981 3312 3083 3368 erit
3114 3311 3316 3368 factum
3351 3327 3363 3364 :
3397 3321 3452 3368 et
3481 3313 3592 3379 hic,

2003 3413 2062 3462 ut
2117 3403 2251 3470 dixi,
2309 3409 2496 3458 auctor
2557 3401 2686 3456 mali
2751 3399 3035 3458 habebitur
3082 3401 3245 3467 Deus,
3303 3401 3396 3474 qui
3473 3418 3595 3458 cum

2002 3495 2195 3551 eadem
2225 3493 2426 3549 virtute
2463 3499 2518 3548 et
2564 3491 2839 3548 voluntate
2869 3490 3144 3548 debuisset
3174 3490 3358 3547 omnia
3386 3490 3528 3548 bona
3547 3492 3597 3530 7'-

2005 3599 2069 3641 ex
2097 3582 2324 3638 materia
2351 3580 2661 3653 protulisse,
2694 3588 2786 3635 aut
2834 3587 3038 3636 tantum
3084 3581 3244 3649 bona,
3278 3594 3385 3635 non
3416 3581 3600 3636 omnia

2007 3681 2189 3728 tamen
2218 3672 2361 3728 bona
2389 3672 2458 3740 75,
2516 3669 2826 3742 protulisset
2877 3669 3040 3725 etiam
3069 3669 3229 3735 mala;
3284 3667 3476 3741 utique
3505 3677 3601 3725 aut

2004 3759 2190 3818 volens
2219 3775 2344 3816 esse
2389 3759 2552 3830 mala,
2585 3759 2630 3814 si
2661 3767 2875 3831 poterat
2901 3758 3116 3816 efﬁcere
3167 3773 3236 3814 ne
3265 3767 3478 3826 essent;
3514 3766 3602 3814 aut

2006 3864 2114 3906 non
2171 3846 2360 3905 valens
2404 3846 2618 3906 efﬁcere
2647 3847 2832 3904 omnia
2887 3846 3054 3914 bona,
3110 3845 3156 3900 si
3187 3845 3356 3903 voluit
3412 3853 3601 3902 etnon

2006 3937 2158 3996 fecit:
2209 3934 2337 3992 dum
2393 3935 2526 3992 nihil
2574 3936 2786 3992 intersit
2819 3936 2930 4006 'per
2979 3934 3346 3992 infirmitatem
3402 3936 3599 3992 Domi-

2007 4041 2114 4081 nus
2142 4031 2334 4081 auctor
2387 4023 2512 4078 mali
2558 4023 2848 4094 exstiterit,
2881 4039 2949 4078 an
2979 4037 3074 4095 per
3104 4022 3462 4080 voluntatem.
3495 4025 3603 4079 Aut

2008 4130 2130 4186 quae
2159 4112 2258 4168 fuit
2299 4111 2456 4182 ratio,
2487 4121 2548 4169 ut
2577 4128 2702 4170 cum
2732 4115 2872 4170 bona
2901 4112 3117 4170 fecisset
3145 4113 3301 4184 quasi
3329 4112 3380 4150 76
3411 4113 3600 4177 bonus,

2010 4202 2168 4258 etiam
2223 4200 2368 4256 mala
2422 4202 2741 4274 protulisset
2798 4203 2951 4274 quasi
3019 4217 3131 4260 non
3210 4205 3420 4272 bonus,
3479 4217 3605 4259 cum

294 4296 664 4354 constituatur
716 4296 908 4350 Deus:
973 4295 1122 4366 quia,
1181 4267 1284 4350 etsi
1343 4294 1414 4350 de
1469 4291 1697 4348 materia
1753 4290 1896 4359 fecit,
1932 4267 1978 4344 ο
2010 4305 2120 4349 non
2175 4267 2530 4364 congruentia
2584 4291 2687 4346 sibi
2717 4267 3056 4348 solummodo
3085 4291 3280 4349 edidit.
3338 4267 3482 4363 Quid
3511 4306 3607 4348 ne-

297 4386 414 4459 ipsi
445 4383 852 4456 deputabuntur
879 4384 973 4456 qui
1001 4383 1144 4454 fecit,
1177 4383 1414 4456 proinde
1449 4390 1716 4456 quatenus
1747 4379 1890 4437 fecit.

295 4477 475 4532 Plane
502 4475 583 4532 sic
609 4475 830 4532 interest
880 4474 1023 4532 unde
1055 4474 1263 4540 fecerit,
1297 4489 1362 4531 ac
1415 4475 1462 4534 si
1492 4477 1560 4531 de
1606 4472 1782 4530 nihilo
1810 4470 1896 4526 fe-

293 4568 510 4622 cisset:
553 4580 654 4622 nec
692 4565 914 4620 interest
959 4563 1103 4620 unde
1141 4562 1344 4630 fecerit,
1396 4571 1454 4620 ut
1507 4562 1632 4621 inde
1688 4559 1894 4628 fecerit,

293 4653 460 4710 unde
498 4669 622 4709 eum
650 4652 827 4726 magis
854 4653 1056 4710 decuit.
1087 4652 1260 4727 Magis
1304 4661 1488 4710 autem
1516 4655 1660 4710 'eum
1716 4649 1902 4708 decuit

295 4761 367 4800 ex
433 4743 712 4799 voluntate
742 4741 958 4812 fecisse,
992 4757 1152 4815 quam
1191 4758 1261 4800 ex
1313 4743 1664 4812 necessitate,
1700 4740 1753 4795 id
1801 4747 1907 4805 est,

2004 4395 2154 4439 cesse
2207 4389 2341 4450 erat,
2422 4393 2522 4434 suo
2584 4394 2754 4450 opere
2826 4381 3053 4451 prolato,
3133 4382 3296 4438 etiam
3368 4382 3608 4439 materia:

2005 4470 2279 4544 negotium
2330 4481 2547 4536 curare,
2595 4466 2822 4538 proinde
2867 4474 2942 4522 .et
3006 4467 3207 4524 malum
3279 4468 3622 4539 proferendo

2007 4561 2159 4618 solus
2205 4569 2263 4617 ut
2317 4565 2731 4634 cognosceretur
2781 4557 2953 4613 bonus
2989 4556 3056 4610 de
3109 4555 3252 4612 bono
3281 4557 3351 4622 ⁷⁷,
3386 4557 3610 4612 materia

2009 4658 2188 4706 autem
2238 4665 2307 4705 ne
2361 4647 2412 4686 78
2456 4652 2876 4718 cognosceretur
2917 4642 3061 4699 mala
3115 4642 3184 4697 de
3238 4641 3429 4698 malo?
3486 4641 3611 4698 Plus

2017 4740 2219 4794 bonum
2275 4734 2552 4792 floruisset
2592 4733 2711 4792 sine
2765 4732 2896 4790 mali
2951 4731 3154 4788 afflatu.
3213 4730 3351 4786 Nam
3383 4738 3437 4788 et
3478 4729 3612 4787 Her-

1696 4835 1890 4901 Varite
1933 4837 2244 4899 lectiones.

381 4947 435 4988 ¹²¹
471 4949 542 5004 In
579 4947 764 5007 Venet.
795 4947 1023 5010 absunt,
1056 4945 1209 5003 haud
1246 4945 1411 5004 dubio
1441 4961 1634 5002 errore
1665 4941 2075 5017 typographiaz,
2107 4938 2272 4996 verba
2299 4955 2310 4992 :
2344 4937 2503 5017 malae
2533 4935 3032 5017 inhtotumtsednet
3059 4944 3263 5017 tantum
3303 4937 3521 5017 duplejt,
3563 4937 3614 5017 id

302 5030 420 5080 est.
456 5020 506 5058 τ²
532 5006 886 5076 Confessione
950 5006 1132 5074 Venet.
1181 5018 1352 5076 male.
1384 5017 1435 5056 ⁷³
1464 5017 1663 5071 Contra
1689 5006 2010 5087 denegatam
2067 5027 2278 5087 omnes,
2330 5013 2542 5087 praeter
2579 5008 2748 5087 Segni.
2801 5006 3019 5087 Ooerth.
3079 5006 3125 5045 τ’·
3172 5006 3397 5087 Rig._ei
3451 5013 3616 5087 Venet

305 5093 528 5152 inserit
556 5093 697 5148 bona
727 5107 756 5148 ε
803 5089 922 5149 cod.
975 5089 1176 5147 Wouw.
1241 5087 1290 5126 ⁷⁵
1334 5093 1440 5146 Aut
1471 5095 1677 5144 tantum
1706 5085 1863 5142 bona‘
1892 5085 1938 5211 ξ

309 5168 490 5211 hin-.-
519 5161 618 5211 sed
653 5178 770 5211 mm
800 5177 936 5211 omn
975 5165 1079 5211 est-
1137 5161 1189 5200 76
1233 5159 1353 5211 011a
1409 5162 1588 5211 bonus
1631 5174 1740 5211 una
1768 5173 1872 5211 non

309 5168 490 5226 lum;
519 5161 618 5218 sed
653 5178 770 5220 non
800 5177 936 5234 opus
975 5165 1080 5218 est.
1137 5161 1189 5200 ἰδ
1233 5159 1353 5229 Qua
1408 5162 1588 5234 bonus
1631 5174 1740 5230 qua
1768 5173 1872 5214 non

307 5251 475 5291 mum
502 5236 629 5308 post
657 5231 903 5289 malo."'8
930 5233 998 5288 Ut
1023 5238 1447 5304 cognosceretur
1477 5233 1616 5289 Jun.

1917 5099 2025 5141 non
2054 5082 2236 5139 omnia
2263 5078 2446 5138 tamen
2500 5079 2665 5149 bona)
2696 5078 3051 5151 protulisset;
3110 5086 3202 5134 aut
3244 5078 3421 5136 'etiam
3480 5082 3618 5136 mala

1945 5197 1958 5212 .
1992 5158 2114 5212 Lat.
2147 5155 2194 5192 77
2253 5153 2360 5213 Hoc
2387 5153 2615 5225 signum
2668 5152 2938 5225 interrog.
2970 5155 3030 5208 in
3060 5152 3164 5208 rel.
3222 5155 3464 5224 ponitur
3517 5152 3617 5210 de-

1709 5299 2215 5365 Commentarius.

390 5413 510 5483 (34)
533 5412 597 5468 Si
615 5411 825 5468 bonum
853 5410 916 5466 in
935 5411 1182 5483 materia
1214 5409 1445 5466 omnino
1474 5424 1590 5483 non
1610 5409 1750 5478 fuit.

576 5660 822 5720 ΡΑτιιοι..
860 5659 930 5719 Il.

1826 5421 1924 5460 αο-

390 5413 510 5483 (34)
533 5412 597 5468 Si
615 5411 825 5468 bonum
853 5410 916 5466 in
935 5411 1182 5468 materia
1214 5409 1445 5466 omnino
1474 5424 1590 5466 non
1610 5409 1750 5478 fuit.
1773 5405 1924 5486 Quo-

320 5483 474 5540 niam
518 5485 685 5539 arbor
714 5483 863 5539 bona
901 5481 1072 5537 malos
1103 5480 1310 5537 fructus
1357 5495 1466 5536 non
1515 5479 1672 5547 feeit,
1707 5485 1762 5533 et
1806 5491 1926 5533 vncc

323 5568 510 5622 versa,
539 5569 650 5628 qua
687 5554 902 5612 ratione
940 5569 972 5609 e
1017 5552 1245 5612 materia
1284 5565 1447 5624 quam
1501 5549 1633 5608 facis
1688 5547 1923 5618 malam,

2034 5405 2303 5533 inriguae,
2361 5405 2568 5462 bonum
2625 5399 2828 5474 aliquid
2890 5399 3087 5486 factum
3132 5415 3257 5458 esse
3328 5395 3624 5467 probabis?

2081 5492 2114 5533 ις
2179 5492 2232 5533 a.
3541 5529 3548 5533 .
3620 5528 3624 5533 .

2081 5492 2114 5534 Β
2136 5492 2232 5534 ιίι.
