4032 6152
324 293 507 355 ’235

1110 274 1555 338 TERTULLIANI
1591 273 1859 336 OPBRUM
1895 271 2064 336 PARS
2099 273 2167 335 ll.
2208 306 2277 318 —
2316 273 2543 336 SERIES
2579 273 2623 344 Ι,
2663 272 3007 337 POLEMICA.

3588 274 3694 336 236

397 430 657 492 mogenes
720 414 994 485 expugnat
1046 403 1404 480 quorumdam
1462 400 1982 497 argumentationes,
2016 417 2063 497 Α
2094 410 2310 497 sumpta
2356 406 2457 469 est,
2490 415 2559 497 ne
2607 401 2755 497 Deus
2781 400 2910 457 mali
2929 407 3114 497 auctor
3140 398 3441 497 videretur.
3465 399 3693 459 Exclusa

400 491 691 565 dicentium
719 502 857 556 mala
897 497 1201 554 necessaria
1230 494 1397 550 fuisse
1426 493 1493 548 ad
1531 491 1984 548 illuminationem

399 599 689 660 bonorum,
774 606 839 646 ex
894 585 1175 644 contrariis
1257 580 1758 655 intelligendorum.
1813 578 1975 637 ﬁll

400 688 547 758 Ergo
576 691 668 738 aut
698 695 797 737 nec
849 684 1136 752 propterea
1190 673 1346 729 locus
1371 670 1499 726 mali
1529 668 1835 741 proferendi
1864 668 1984 734 fuit,

399 781 491 831 aut
521 773 569 829 si
607 786 712 844 qua
741 768 844 825 alia
892 765 1026 821 ratio
1081 761 1250 837 exigit
1312 760 1444 816 illud
1495 758 1699 825 induci,
1747 773 1847 814 cur
1877 771 1989 813 non

397 874 452 920 et
506 878 578 919 ex
640 858 813 914 nihilo
870 853 1104 927 potuerit
1148 850 1347 918 induci,
1399 850 1515 922 ipsa
1569 847 1776 904 ratione
1820 861 1988 902 excu-

397 956 581 1009 satura
633 946 927 1005 Dominum
994 958 1063 998 ne
1116 940 1245 997 mali
1298 948 1487 995 auctor
1567 936 1986 1006 existimaretur,

394 1057 515 1115 qua
546 1053 692 1095 nunc
718 1052 838 1093 cum
877 1033 927 1073 79
956 1032 1023 1088 de
1071 1028 1294 1087 materia
1322 1038 1580 1101 Operatur
1608 1025 1752 1082 mala
1778 1025 1849 1093 ⁸ο,
1880 1040 1987 1081 ex-

393 1113 570 1188 cusat:
622 1126 669 1182 si
724 1132 976 1190 excusat,
1036 1120 1172 1176 adeo
1228 1116 1428 1191 ubique
1476 1124 1530 1172 et
1579 1115 1818 1186 undique
1861 1113 1991 1170 illuc

336 1244 341 1249 ·
396 1215 741 1290 compellitur
759 1211 989 1286 quastio
1047 1224 1155 1281 quo
1221 1206 1434 1276 nolunt,
1490 1203 1605 1277 qui,
1659 1205 1831 1275 ipsam
1858 1204 1990 1260 mali

397 1308 661 1365 rationem
717 1317 824 1359 non
882 1295 1262 1362 examinando,
1319 1309 1419 1352 nec
1455 1292 1825 1368 dignoscendo
1854 1307 1990 1364 quo-

399 1396 562 1455 modo
593 1391 721 1448 illud
756 1399 848 1446 aut
894 1389 1009 1443 Deo
1036 1384 1346 1455 attribuant,
1390 1388 1481 1439 aut
1509 1398 1541 1437 a
1568 1381 1687 1439 Deo
1715 1389 1987 1453 separent,

400 1484 643 1558 pluribus
697 1487 751 1536 et
815 1474 1213 1549 indignioribus
1284 1470 1748 1530 destructionibus
1812 1470 1988 1527 Deum

399 1571 687 1644 objiciunt.

983 1651 1211 1710 CAPUT
1237 1651 1385 1707 XVI.

2093 490 2273 563 itaque
2327 490 2580 558 materia,
2637 490 2763 545 dum
2837 489 3137 547 excluditur
3183 504 3341 547 causa
3391 490 3546 560 ejus,
3606 506 3696 547 su-

2092 588 2276 652 perest
2330 580 2405 636 uti
2434 577 2605 637 212
2637 580 2812 638 Deum
2841 580 3022 636 omnia
3053 596 3118 636 ex
3147 579 3314 635 nihilo
3345 580 3539 637 fecisse
3572 596 3697 637 con-

2094 676 2215 725 stet.
2266 669 2583 726 Videbimus
2624 686 2690 723 an
2737 680 2793 725 et
2846 670 3008 736 mala,
3056 684 3177 725 cum
3234 670 3544 742 apparuerit
3575 685 3695 741 qua

2094 758 2253 829 mala,
2283 767 2339 816 et
2363 775 2432 814 an
2462 760 2604 814 mala
2630 760 2677 798 8"
2708 758 2924 816 interim
2968 775 3030 815 ea
3070 774 3192 831 qua
3237 768 3419 831 putas.
3468 759 3697 831 Dignius

2096 849 2241 904 enim
2261 848 2331 903 de
2377 862 2475 904 suo
2504 846 2726 904 arbitrio
2772 846 3047 919 produxit,
3106 850 3219 904 hac
3283 862 3500 919 quoque
3573 862 3697 919 pro-

2095 936 2344 993 ducendo
2398 936 2467 992 de
2510 936 2678 992 nihilo
2736 951 2897 1008 quam
2934 936 3003 991 de
3044 935 3358 1007 prajudicio
3404 936 3599 1002 alieno,
3651 935 3697 991 si

2095 1028 2163 1083 de
2200 1024 2418 1083 materia
2479 1025 2842 1098 produxisset.
2902 1025 3163 1092 Libertas,
3220 1041 3329 1083 non
3380 1026 3697 1093 necessitas,

2095 1115 2212 1171 Deo
2266 1115 2556 1187 competit:
2616 1115 2759 1171 malo
2811 1114 3046 1172 voluerit
3090 1115 3233 1171 mala
3285 1131 3318 1171 a
3370 1114 3697 1186 semetipso,

2095 1203 2418 1274 condidisse,
2470 1200 2707 1277 quam88
2761 1219 2871 1259 non
2909 1204 3147 1274 potuerit
3202 1218 3310 1260 non
3366 1202 3697 1261 condidisse.

2662 1290 2890 1349 CAPUT
2930 1291 3101 1349 XVII.

2168 1380 2324 1438 Unici
2378 1380 2478 1437 Dei
2535 1387 2705 1437 status
2759 1382 2898 1438 hanc
2945 1381 3193 1455 regulam
3251 1380 3538 1438 vindicat:
3586 1395 3699 1437 non

2096 1468 2256 1525 aliter
2285 1469 2431 1525 unici
2458 1468 2595 1541 (36),
2618 1468 2724 1527 nisi
2769 1469 2898 1542 quia
2927 1469 3127 1526 solius:
3178 1484 3289 1525 non
3318 1468 3472 1525 aliter
3508 1469 3698 1539 solius,

2099 1557 2203 1614 nisi
2257 1557 2384 1630 quia
2429 1557 2563 1613 nihil
2604 1574 2727 1614 cum
2781 1558 2911 1614 illo:
2959 1559 3039 1615 sic
3084 1566 3139 1615 et
3168 1558 3375 1627 primus
3410 1557 3535 1627 erit,
3570 1558 3701 1630 quia

2098 1647 2278 1702 omnia
2296 1656 2423 1720 post
2448 1647 2638 1704 illum:
2673 1647 2752 1705 sic
2775 1648 2955 1703 omnia
2995 1657 3117 1718 post
3142 1647 3320 1713 illum,
3353 1647 3483 1719 quia
3519 1647 3703 1703 omnia

469 1750 643 1825 Igitur
687 1747 743 1803 in
791 1742 1207 1817 prastructione
1264 1740 1425 1825 hujus
1471 1736 1721 1825 articuli,
1753 1745 1808 1792 et
1863 1735 1989 1825 alibi
2024 1717 2068 1794 Β
2098 1735 2167 1793 ab
2189 1736 2280 1793 illo
2298 1717 2321 1790 ἐ
2354 1736 2432 1793 sic
2467 1736 2535 1791 ab
2564 1736 2675 1806 illo,
2732 1741 2859 1810 quia
2883 1753 2951 1795 ex
2976 1717 3167 1805 nihilo,
3235 1745 3295 1792 ut
3348 1717 3427 1793 illi
3482 1752 3703 1809 quoque

399 1824 626 1896 forsitan
657 1831 1000 1899 retractandi,
1030 1828 1286 1902 equidem
1317 1824 1554 1895 difﬁnio,
1581 1832 1673 1881 aut
1710 1824 1826 1880 Deo
1839 1824 1995 1880 ascri-

398 1928 633 1984 bendum
664 1933 718 1980 et
763 1923 964 1978 bonum
992 1927 1046 1976 et
1073 1916 1279 1974 malum
1317 1930 1439 1988 qua
1498 1930 1563 1971 ex
1592 1912 1816 1969 materia
1844 1912 1989 1980 fecit,

395 2028 489 2073 aut
524 2013 761 2070 materia
791 2010 916 2083 ipsi,
956 2025 1021 2065 ex
1049 2022 1153 2080 qua
1182 2004 1350 2074 fecit;
1387 2011 1481 2059 aut
1524 2010 1813 2075 utrumque
1860 2001 1992 2056 utri-

392 2121 518 2179 que,
552 2105 677 2177 quia
718 2101 880 2157 ambo
906 2098 1009 2153 sibi
1037 2095 1346 2171 obligantur
1390 2092 1482 2165 qui
1528 2090 1658 2149 fecit
1700 2100 1753 2147 et
1782 2091 1849 2146 de
1887 2103 1995 2162 qua

391 2194 545 2252 fecit:
580 2199 670 2249 aut
698 2191 924 2246 alterum
956 2185 1150 2253 alteri;
1184 2182 1375 2240 tertius
1422 2180 1587 2251 enim,
1640 2186 1840 2251 prater
1877 2195 1995 2235 ma-

392 2282 579 2339 teriam
610 2290 664 2337 et
709 2280 905 2344 Deum,
962 2290 1072 2332 non
1117 2281 1219 2331 est.
1286 2272 1455 2329 Porro
1504 2271 1552 2326 si
1612 2270 1709 2327 Dei
1783 2271 1831 2309 δι
1891 2269 1995 2325 erit

390 2380 701 2444 utrumque,
732 2366 999 2424 videbitur
1036 2365 1186 2420 Deus
1215 2362 1381 2418 etiam
1410 2360 1541 2416 mali
1570 2368 1757 2417 auctor
1797 2378 1812 2414 :
1844 2360 1994 2418 Deus

388 2470 567 2519 autem
616 2466 675 2515 ut
704 2458 899 2522 bonus,
939 2462 1123 2510 auctor
1177 2450 1310 2507 mali
1365 2465 1475 2507 non
1529 2449 1678 2521 erit;
1728 2450 1773 2506 si
1824 2457 1995 2507 mate-

388 2549 481 2606 ria
534 2548 586 2585 ⁸2
649 2555 970 2618 utrumque,
1027 2541 1301 2598 videbitur
1356 2539 1580 2595 materia
1649 2539 1808 2595 etiam
1862 2538 1993 2596 boni

388 2638 630 2703 matrix;
690 2635 829 2690 mala
878 2640 1059 2687 autem
1116 2632 1170 2686 in
1218 2637 1391 2686 totum
1436 2626 1661 2685 materia
1704 2626 1837 2683 boni
1882 2644 1992 2688 non

382 2726 485 2783 erit
531 2723 756 2792 matrix;
790 2723 836 2778 si
882 2721 1169 2791 utriusque
1246 2718 1370 2786 erit,
1421 2722 1744 2788 utrumque;
1804 2718 1861 2772 in
1892 2720 1992 2774 hoc

380 2829 601 2887 quoque
629 2810 1030 2883 comparabitur
1058 2809 1174 2864 Deo
1232 2807 1475 2876 materia,
1509 2817 1564 2863 et
1603 2815 1784 2877 partes
1833 2819 1994 2865 erunt

378 2903 558 2968 ambo,
587 2918 651 2957 ex
683 2914 841 2972 aquo
871 2898 1001 2953 mali
1046 2913 1109 2954 ac
1135 2896 1262 2952 boni
1311 2893 1544 2967 afﬁnes;
1578 2897 1781 2969 aquari
1810 2908 1992 2953 autem

375 2992 494 3047 Deo
549 2988 770 3044 materia
820 3001 930 3042 non
967 2986 1148 3056 debet,
1204 3001 1273 3041 ne
1349 2985 1487 3043 duos
1525 2984 1660 3042 deos
1716 2985 1934 3053 efﬁciat;
1956 2987 2004 3043 si
2033 3002 2077 3083 ε

380 3078 615 3134 alterum
668 3076 913 3142 alterius,
946 3074 1130 3147 utique
1177 3074 1276 3130 Dei
1310 3074 1361 3113 ⁸³
1406 3076 1631 3145 bonum,
1665 3084 1720 3133 et
1746 3076 1988 3133 materia

383 3168 625 3233 malum;
659 3181 838 3238 neque
868 3164 1075 3220 malum
1122 3164 1262 3233 Deo,
1308 3179 1488 3237 neque
1520 3164 1757 3221 materia
1787 3167 1988 3223 bonum

386 3252 714 3309 ascribitur:
761 3258 816 3306 et
836 3250 983 3305 bona
1010 3257 1190 3305 autem
1221 3256 1275 3303 et
1314 3250 1454 3305 mala
1507 3250 1673 3319 Deus,
1705 3249 1775 3306 de
1816 3259 1989 3306 mate-

386 3340 465 3397 ria
495 3339 763 3407 faciendo,
794 3354 916 3396 cum
964 3353 1028 3393 ea
1077 3337 1222 3394 facit.
1257 3337 1384 3393 Hac
1413 3337 1460 3392 si
1519 3338 1593 3394 ita
1621 3346 1766 3407 sunt,
1799 3339 1986 3395 nescio

386 3445 495 3501 qua
550 3427 722 3500 possit
777 3425 1010 3485 evadere
1065 3424 1334 3481 sententia
1408 3426 1769 3498 Hermogenis
1814 3427 1864 3465 ⁸4
1894 3427 1989 3499 qui

389 3517 565 3573 Deum
594 3517 662 3582 85,
698 3530 909 3588 quoque
936 3514 1102 3571 modo
1131 3514 1200 3569 de
1229 3514 1448 3571 materia
1478 3514 1681 3571 malum
1725 3516 1988 3587 condidit,

391 3605 504 3662 sive
535 3605 833 3669 voluntate,
884 3602 998 3659 sive
1048 3602 1393 3671 necessitate,
1424 3602 1548 3660 sive
1594 3603 1827 3672 ratione,
1881 3621 1990 3664 non

392 3701 545 3763 putet
592 3692 718 3748 mali
776 3696 1077 3749 auctorem.
1145 3692 1333 3760 Porro,
1390 3691 1435 3745 si
1489 3692 1618 3747 mali
1665 3702 1852 3750 auctor
1907 3706 1989 3751 est

392 3780 513 3855 ipse
539 3783 635 3853 qui
683 3779 831 3847 fecit,
864 3780 1023 3850 plane
1079 3779 1224 3834 socia
1257 3780 1484 3836 materia
1526 3796 1628 3852 per
1676 3782 1990 3838 substantia

392 3875 711 3943 suggestum
767 3867 906 3937 (35),
964 3864 1208 3921 excludis
1236 3865 1287 3905 ⁸6
1317 3866 1431 3936 jam
1490 3882 1711 3923 causam
1751 3869 1989 3925 materia

391 3956 823 4013 introducenda.
879 3954 1249 4010 Nihilominus
1276 3956 1446 4025 enim,
1496 3967 1551 4013 et
1587 3974 1685 4028 per
1712 3960 1990 4016 materiam

394 4046 543 4102 Deus
588 4052 775 4102 auctor
818 4044 946 4099 mali
977 4042 1299 4113 ostenditur,
1342 4046 1391 4101 si
1444 4045 1568 4103 ideo
1602 4047 1827 4104 materia
1855 4064 1993 4119 pra-

2101 1825 2391 1896 Scriptura
2459 1824 2593 1883 ratio
2649 1834 2893 1882 constet:
2968 1828 3101 1896 Quis
3155 1827 3412 1897 cognovit
3468 1841 3701 1883 sensum

2100 1916 2344 1980 Domini,
2365 1918 2467 1971 aut
2503 1917 2627 1987 quis
2660 1915 2749 1971 illi
2781 1916 3141 1973 consiliarius
3183 1917 3301 1985 fuit
3324 1912 3352 1969 ?
3396 1921 3501 1972 aut
3536 1931 3704 1989 quem

2100 2004 2452 2062 consultatus
2481 2002 2614 2060 est?
2643 2008 2746 2061 aut
2775 2006 2926 2061 viam
2942 2005 3413 2075 intelligentiwet
3444 2005 3705 2063 scientia:

2102 2093 2226 2164 quis
2245 2092 2651 2151 demonstravit
2678 2092 2813 2148 illi?
2828 2095 2950 2163 quis
2990 2092 3247 2164 tradidit,
3271 2097 3326 2149 et
3356 2092 3704 2150 retribuetur

2102 2183 2190 2237 ei?
2231 2182 2411 2252 (Rom.
2449 2197 2523 2250 γι,
2556 2184 2645 2249 36,
2677 2184 2766 2248 35)
2792 2182 2961 2237 Nemo
2992 2181 3215 2254 utique:
3248 2181 3375 2253 quia
3415 2179 3564 2237 nulla
3590 2180 3702 2251 vis,

2102 2268 2247 2325 nulla
2305 2267 2546 2336 materia,
2620 2270 2765 2324 nulla
2856 2276 3044 2325 natura
3106 2268 3423 2326 substantia
3476 2267 3701 2325 alterius

2101 2356 2351 2413 aderat89
2395 2357 2497 2413 illi.
2528 2359 2715 2424 Porro,
2770 2357 2818 2413 si
2876 2359 2944 2413 de
2987 2357 3171 2431 aliquo
3198 2357 3249 2396 9°
3279 2365 3536 2429 Operatus
3588 2366 3700 2425 est,

2102 2462 2318 2504 necesse
2346 2454 2429 2502 est
2464 2445 2532 2502 ab
2575 2461 2641 2503 ea
2695 2448 2811 2518 ipsa
2888 2447 3157 2520 acceperit
3201 2456 3255 2504 et
3306 2446 3591 2504 consilium
3645 2453 3705 2502 et

2104 2543 2384 2593 tractatum
2411 2534 2803 2607 dispositionis,
2854 2543 2913 2592 ut
2952 2536 3001 2574 91
3056 2535 3196 2595 viam
3240 2534 3604 2607 intelligentia
3646 2542 3706 2590 et

2098 2624 2353 2681 scientia.
2386 2625 2487 2682 Pro
2529 2624 2789 2698 qualitate
2828 2626 2970 2680 enim
3020 2624 3100 2681 rei
3144 2623 3357 2697 Operari
3401 2622 3597 2695 {habuit
3636 2630 3700 2679 et

2100 2715 2398 2771 secundum
2438 2714 2715 2793 ingenium
2761 2715 3018 2781 materia,
3052 2729 3160 2771 non
3200 2712 3499 2770 secundum
3541 2728 3705 2768 suum

2098 2802 2398 2873 arbitrium,
2447 2803 2580 2861 adeo
2628 2812 2687 2861 ut
2712 2803 2853 2859 mala
2888 2818 2987 2874 pro
3026 2809 3237 2869 natura,
3292 2817 3403 2859 non
3446 2816 3562 2873 sua,
3599 2799 3704 2857 sed

2101 2891 2435 2962 substantia,
2471 2892 2675 2951 fecerit.

2675 3034 2895 3093 CAPUT
2923 3034 3116 3092 XVIII.

2166 3157 2224 3215 Si
2282 3157 2585 3215 necessaria
2622 3166 2708 3215 est
2762 3159 2877 3216 Deo
2933 3158 3157 3216 materia
3183 3157 3251 3213 ad
3301 3172 3462 3229 opera
3511 3156 3701 3217 mundi

2098 3256 2159 3303 ut
2180 3248 2544 3319 Hermogenes
2598 3247 2941 3317 existimavit,
2974 3247 3164 3304 habuit
3238 3247 3387 3304 Deus
3414 3245 3695 3302 materiam

2097 3337 2255 3410 longe
2284 3337 2585 3409 digniorem
2613 3344 2669 3393 et
2712 3337 3069 3407 idoneiorem,
3100 3352 3208 3393 non
3254 3336 3399 3407 apud
3443 3336 3696 3408 philoso-

2097 3428 2235 3498 phos
2262 3426 2657 3497 astimandam,
2688 3427 2783 3483 sed
2846 3427 2990 3499 apud
3036 3429 3327 3499 prophetas
3380 3425 3697 3498 intelligen-

2098 3517 2239 3581 dam,
2286 3516 2549 3587 Sophiam
2602 3532 2758 3572 suam
2803 3517 3008 3574 scilicet
3059 3518 3207 3587 (57);
3293 3518 3408 3572 hac
3463 3515 3704 3586 denique

2098 3606 2216 3660 sola
2250 3605 2501 3677 cognovit
2549 3620 2770 3661 sensum
2798 3605 3040 3662 Domini.
3072 3604 3208 3674 Quis
3257 3604 3404 3660 enim
3434 3605 3538 3660 scit
3574 3618 3702 3674 qua

2098 3701 2222 3748 sunt
2242 3693 2363 3762 Dei,
2405 3700 2459 3748 ct
2485 3708 2607 3765 qua
2639 3694 2693 3771 in
2722 3694 2864 3767 ipso,
2896 3693 3002 3750 nisi
3047 3693 3282 3765 Spiritus
3314 3693 3405 3766 qui
3452 3694 3506 3748 in
3533 3691 3699 3763 ipso?

2098 3782 2272 3852 (ICor.
2332 3797 2395 3852 ιι,
2445 3782 2557 3854 lt).
2609 3781 2814 3853 Saphia
2860 3789 3044 3839 autem
3091 3782 3344 3855 Spiritus,
3394 3783 3511 3839 hac
3539 3781 3616 3837 illi
3644 3780 3704 3820 91

2097 3870 2437 3926 consiliarius
2477 3870 2597 3937 fuit,
2652 3871 2741 3929 via
2766 3872 3139 3946 intelligentia
3168 3881 3220 3929 et
3279 3871 3518 3928 scientia
3575 3871 3701 3942 ipsa

2100 3969 2184 4017 est
2222 3963 2405 4031 (Prov.
2438 3976 2558 4017 νιιι.
2590 3964 2659 4017 27
2689 3967 2881 4036 seqq.).
2918 3963 2996 4018 Ex
3026 3965 3126 4020 hac
3154 3960 3299 4030 fecit,
3329 3960 3570 4018 faciendo
3596 3976 3707 4033 per

2101 4050 2268 4116 illam,
2303 4056 2359 4105 et
2385 4050 2633 4107 faciendo
2659 4065 2784 4107 cum
2823 4052 2954 4109 illa:
2990 4054 3130 4111 Cum
3178 4054 3411 4124 pararet
3466 4052 3701 4121 calum,

1770 4145 1962 4209 Varia
2012 4152 2328 4212 lectiones.

468 4220 518 4259 79
548 4221 682 4277 Cum
738 4222 1016 4278 inseritur
1061 4222 1126 4276 in
1181 4223 1456 4290 caeteris;
1503 4224 1731 4291 melius,
1790 4229 1875 4282 ait
1931 4228 2101 4283 Seml.

396 4292 443 4329 81
486 4294 634 4347 Deus
678 4293 848 4349 Seml.
873 4290 1123 4364 iOberth.
1184 4294 1302 4364 Rig.
1344 4294 1565 4364 AWouw.
1616 4290 1721 4351 Dei
1762 4296 1918 4353 fuerit
1949 4300 2081 4356 Jun.
2113 4290 2411 4357 82‘Materia
2440 4301 2612 4358 Seml.
2649 4301 2865 4359 Oberth.
2898 4302 2948 4341 ³³
2976 4304 3065 4359 Uti

2160 4232 2259 4300 qui
2313 4231 2372 4300 et,
2413 4229 2625 4285 mittit.
2685 4228 2737 4269 ⁸ο
2793 4229 2927 4287 Cum
2980 4233 3133 4289 abest
3170 4230 3262 4288 hic
3318 4232 3385 4289 ab
3440 4230 3707 4291 omnibus

3070 4320 3172 4375 que
3201 4307 3318 4371 Det,
3369 4305 3455 4360 ita
3493 4304 3705 4361 Wouw.

399 4368 570 4443 recte.
606 4364 806 4443 Utique
870 4363 1017 4417 Deus
1064 4362 1461 4443 Seml::Utiqiie
1506 4365 1607 4421 Dei
1638 4370 1757 4440 Rig.
1805 4369 1863 4443 θ’θ-
1885 4370 2255 4442 Hermogenes
2310 4370 2561 4443 seml.§5
2581 4372 2687 4443 Qui
2716 4374 2861 4429 Deus
2886 4362 3145 4434 Rheni86
3197 4362 3453 4432 Exc'usas.
3514 4376 3705 4431 Rhen.

398 4436 447 4473 87
476 4435 697 4517 Interim
723 4442 777 4490 et
827 4449 949 4506 qua
998 4442 1154 4544 putas
1181 4435 1765 4563 _Rhen.'cum{uunc't,
1810 4441 1959 4523 sign.
2018 4435 2170 4524 ante.
2207 4442 2439 4498 interim.
2495 4441 2547 4480 8⁸
2589 4435 2800 4503 Inserit
2842 4447 2965 4506 Lat.
2997 4445 3211 4519 quia.89
3238 4446 3446 4503 Aderit.
3511 4445 3705 4503 Seml.

398 4508 451 4548 9°
477 4507 559 4564 De
595 4505 773 4566 aliqua
803 4507 935 4565 Jun.
969 4504 994 4544 9
1047 4506 1116 4561 Et
1142 4522 1283 4565 Viam
1302 4511 1435 4566 Jun.
1467 4509 1518 4548 92
1571 4510 1653 4566 llis
1680 4512 1867 4566 Paris.
1899 4515 2065 4566 Fran.
2097 4515 2175 4566 illi
2230 4515 2384 4566 nrob.
2414 4531 2450 4566 α
2470 4516 2606 4566 Jun.

398 4508 451 4548 9°
477 4507 559 4564 De
595 4505 773 4580 aliqua
803 4505 935 4565 Jun.
969 4505 1018 4544 91
1047 4506 1116 4561 Et
1142 4506 1283 4565 viam
1302 4511 1435 4567 Jun.
1467 4509 1518 4548 92

1609 4510 1653 4566 is
1680 4510 1877 4589 Paris;
1899 4515 2065 4571 Fran.
2097 4513 2175 4569 illi
2230 4515 2384 4589 prob.
2414 4531 2450 4571 a
2470 4516 2606 4574 Jun.

1796 4583 2302 4652 Commentarius.

470 4688 591 4760 (35)
621 4687 800 4760 Plane
828 4688 980 4745 socia
1008 4691 1256 4745 materia
1281 4706 1386 4760 per
1400 4688 1739 4748 substantiae
1756 4696 1992 4751 contex-

403 4759 730 4833 tum.Utitur
741 4774 847 4833 non
866 4775 987 4833 raro
1008 4759 1561 4833 hacvoce,aliquando
1584 4778 1681 4833 pro
1702 4779 1994 4820 ornamen-

405 4842 459 4885 to
490 4846 585 4883 seu
618 4831 829 4884 decoris
858 4829 1152 4898 additione,
1212 4843 1267 4885 ut
1298 4829 1399 4887 hoc
1443 4832 1497 4886 in
1546 4829 1687 4899 loco,
1720 4836 1786 4890 de
1820 4838 1992 4892 Cultu

402 4902 757 4970 femin.,cap.
790 4901 863 4955 II:
902 4921 924 4949 ι
956 4900 1073 4953 Jam
1099 4916 1206 4955 non
1235 4909 1437 4957 tantum
1465 4904 1708 4960 conﬁcta
1737 4914 1789 4962 et
1817 4908 1993 4963 elabo-

403 4968 532 5049 rata
552 4968 794 5049 libidinis
821 4978 1141 5049 suggestum
1162 4975 1521 5049 recusandum
1550 4990 1586 5030 a
1613 4977 1766 5033 vobis
1786 4977 1993 5044 sciatis,

403 5042 522 5119 sed,
554 5040 810 5119 etiam,_»
835 5040 983 5119 Leto.
1041 5040 1352 5113 Aliquando
1400 5062 1499 5119 pro
1542 5049 1860 5119 compagine
1895 5040 1991 5104 seu

402 5117 683 5192 contextu,
731 5112 796 5168 de
820 5112 1025 5192 fullio,
1057 5112 1197 5192 cap.‘
1235 5119 1257 5169 1
1288 5158 1303 5186 ,
1360 5112 1681 5192 ubimsacer'
1704 5112 1995 5192 suggestus

404 5182 616 5262 Glossa
646 5196 751 5263 non
781 5180 1045 5263 abludunt
1086 5180 1153 5236 ab
1184 5180 1301 5263 hoc"
1321 5184 1649 5263 significatu,
1682 5180 1993 5263 suggestum

402 5252 551 5329 enim
572 5251 811 5329 redditur
839 5253 1156 5329 erisnam
1189 5254 1257 5329 Et
1286 5251 1405 5311 alio'
1438 5258 1557 5312 loco
1587 5251 1726 5329 ὕφος,
1749 5251 1996 5317 ’ὶέπίανα

404 5324 765 5398 Et_Apolog.,
797 5339 916 5398 cap.
951 5326 1038 5390 16,
1064 5327 1383 5398 imaginum
1431 5324 1739 5398 suggestus.
1773 5332 1849 5386 LE
1898 5332 1993 5387 Pa.

476 5394 590 5469 (36)
624 5394 739 5453 Non
768 5394 938 5469 aliter
964 5396 1142 5450 unici.
1176 5394 1433 5468 Regulam
1467 5394 1606 5454 hanc
1641 5416 1676 5456 a
1703 5401 1997 5458 Tertullia-

406 5466 497 5526 no'
542 5466 695 5523 sume
749 5466 875 5521 aliis
932 5466 1317 5522 communem:
1376 5470 1522 5525 Deus
1577 5481 1668 5527 aut
1722 5489 1860 5529 unus
1918 5484 2001 5530 est

408 5544 503 5596 aut
529 5538 727 5595 nullus.
760 5538 985 5611 lmpium
1017 5539 1159 5595 enim
1189 5546 1243 5595 et
1286 5540 1594 5598 damnabile
1647 5542 1851 5619 aliquid
1890 5545 2005 5604 Deo

2098 4697 2312 4772 aequale
2363 4695 2639 4772 cogitare;
2685 4696 2836 4772 solus
2890 4696 3009 4769 ipse
3063 4698 3291 4772 Creator
3332 4715 3393 4755 ac
3430 4704 3708 4772 servator,

2099 4767 2249 4822 solus
2276 4767 2542 4839 Dominus
2568 4776 2622 4823 et
2667 4768 2879 4839 arbiter
2905 4767 3089 4826 rerum
3115 4769 3383 4839 omnium,
3433 4779 3505 4838 et,
3552 4770 3596 4825 si
3632 4767 3709 4827 li-l

2100 4845 2219 4893 ceat
2300 4838 2585 4913 profanum
2635 4837 2899 4913 _‘illud_in
2966 4856 3050 4913 re,
3083 4842 3327 4897 omnium
3369 4837 3707 4913 gravissima

2101 4922 2390 4982 usurpare,
2412 4908 2502 4962 οόκ
2531 4908 2708 4982 ἀγαθὸν
2738 4910 3103 4982 πολυκοιρανίη,
3128 4914 3208 4968 LE
3235 4913 3331 4969 Pa.

2175 4978 2287 5053 (5'7)
2320 4978 2585 5052 Sophiam
2614 4997 2779 5036 suam
2825 4978 3080 5039 scilicet.
3122 4984 3217 5039 Dei
3264 4984 3575 5053 sapientiam
3607 4982 3708 5039 in-

2101 5048 2319 5137 telligit,
2348 5048 2469 5137 qua
2506 5054 2643 5133 adeo
2674 5053 2949 5137 hominum
2978 5062 3189 5137 mentes
3216 5048 3709 5137 etcogitationem,

2102 5123 2699 5197 superat,Aut_univcrsa
2724 5125 2914 5180 mundi
2935 5126 3200 5197 sapientia
3237 5123 3459 5183 stultitia
3486 5123 3707 5183 summa

2103 5192 2374 5270 si_t_‘apud_
2428 5194 2624 5270 Deum.
2654 5196 2809 5270 ynde
2858 5192 3116 5268 SOpliiam
3178 5198 3320 5270 illam
3388 5214 3497 5270 non
3550 5199 3707 5270 apud

2105 5263 2481 5389 Bhilosophos,
2529 5267 2627 5321 sed
2654 5263 2952 5349 Prophetas
2997 5268 3343 5352 quarendam
3398 5263 3708 5326 decethe

2158 5349 2390 5389 eoemm
2447 5344 2592 5389 recte
2642 5339 2790 5389 looui
2828 5354 2934 5389 non
2989 5348 3190 5389 notest.
3221 5358 3311 5389 mn
3362 5341 3535 5389 Deum
3582 5355 3707 5389 non

2158 5349 2230 5412 eo
2249 5335 2390 5392 enim
2440 5344 2592 5412 recte
2642 5335 2790 5412 loqui
2828 5354 2934 5412 non
2972 5335 3191 5412 potest,
3221 5341 3314 5412 qui
3360 5341 3535 5396 Deum
3567 5355 3709 5412 non

2106 5407 2275 5472 novit,
2308 5416 2365 5462 ut
2398 5407 2731 5483 philosophi,
2790 5410 2883 5481 qui
2935 5407 3120 5481 gloria
3154 5407 3405 5483 animalia
3432 5410 3707 5483 Septimio

2106 5483 2232 5559 sunt
2251 5494 2282 5559 λ
2331 5480 2859 5559 γςτιιωωρτρρζιθιεξ
2893 5480 2961 5537 et
2996 5482 3167 5540 sancti
3206 5484 3449 5554 ejusdem
3495 5480 3714 5540 summi

2118 5546 2219 5605 Dei
2249 5547 2452 5623 Spiritu
2486 5546 2688 5609 afﬂ‘ati.‘
2716 5552 2793 5607 LE
2824 5552 2923 5609 Pa.
