  <div class='ocr_page' id='page_1' title='image "/cluster/home/n/w/nwhite01/storage/ocr_20150623/2/hvd.32044096580329/124.png"; bbox 0 0 4032 6152; ppageno 0'>
   <div class='ocr_carea' id='block_1_1' title="bbox 200 313 306 374">
    <p class='ocr_par' dir='ltr' id='par_1_1' title="bbox 200 313 306 374">
     <span class='ocr_line' id='line_1_1' title="bbox 200 313 306 374; baseline -0.019 0"><span class='ocrx_word' id='word_1_1' title='bbox 200 313 306 374; x_wconf 80' lang='lat'><strong><em>237</em></strong></span> 
     </span>
    </p>
   </div>
   <div class='ocr_carea' id='block_1_2' title="bbox 1399 307 2311 377">
    <p class='ocr_par' dir='ltr' id='par_1_2' title="bbox 1399 307 2311 377">
     <span class='ocr_line' id='line_1_2' title="bbox 1399 307 2311 377; baseline 0.003 -3"><span class='ocrx_word' id='word_1_2' title='bbox 1399 309 1599 375; x_wconf 81' lang='lat' dir='ltr'><strong>LIBER</strong></span> <span class='ocrx_word' id='word_1_3' title='bbox 1634 309 1788 371; x_wconf 80' lang='lat' dir='ltr'><strong><em>ADV.</em></strong></span> <span class='ocrx_word' id='word_1_4' title='bbox 1823 307 2279 377; x_wconf 78' lang='lat' dir='ltr'><strong><em>HBRMOGENBM</em></strong></span> <span class='ocrx_word' id='word_1_5' title='bbox 2293 360 2311 377; x_wconf 92' lang='lat'><strong><em>.</em></strong></span> 
     </span>
    </p>
   </div>
   <div class='ocr_carea' id='block_1_3' title="bbox 3390 326 3502 389">
    <p class='ocr_par' dir='ltr' id='par_1_3' title="bbox 3390 326 3502 389">
     <span class='ocr_line' id='line_1_3' title="bbox 3390 326 3502 389; baseline 0 0"><span class='ocrx_word' id='word_1_6' title='bbox 3390 326 3502 389; x_wconf 81' lang='lat'><strong><em>238</em></strong></span> 
     </span>
    </p>
   </div>
   <div class='ocr_carea' id='block_1_4' title="bbox 198 434 3497 529">
    <p class='ocr_par' dir='ltr' id='par_1_4' title="bbox 198 434 3497 529">
     <span class='ocr_line' id='line_1_4' title="bbox 198 434 3497 529; baseline 0.004 -31"><span class='ocrx_word' id='word_1_7' title='bbox 198 438 1004 514; x_wconf 82' lang='lat' dir='ltr'><strong><em>inquit,aderamilli;etcum</em></strong></span> <span class='ocrx_word' id='word_1_8' title='bbox 1017 436 1800 529; x_wconf 72' lang='lat' dir='ltr'><strong><em>forttafaciebat(superven-</em></strong></span> <span class='ocrx_word' id='word_1_9' title='bbox 1833 448 1882 529; x_wconf 65' lang='grc' dir='ltr'><strong>Α</strong></span> <span class='ocrx_word' id='word_1_10' title='bbox 1909 434 2008 529; x_wconf 83' lang='lat' dir='ltr'><strong><em>Dei</em></strong></span> <span class='ocrx_word' id='word_1_11' title='bbox 2032 439 2376 529; x_wconf 81' lang='lat' dir='ltr'><strong><em>:Eruetavit</em></strong></span> <span class='ocrx_word' id='word_1_12' title='bbox 2404 442 2582 510; x_wconf 89' lang='lat' dir='ltr'><strong><em>enim,</em></strong></span> <span class='ocrx_word' id='word_1_13' title='bbox 2629 442 2824 516; x_wconf 88' lang='lat' dir='ltr'><strong><em>inquit,</em></strong></span> <span class='ocrx_word' id='word_1_14' title='bbox 2873 461 3187 505; x_wconf 85' lang='lat' dir='ltr'><strong><em>sermonem</em></strong></span> <span class='ocrx_word' id='word_1_15' title='bbox 3215 453 3497 523; x_wconf 85' lang='lat' dir='ltr'><strong><em>optimum</em></strong></span> 
     </span>
    </p>
   </div>
   <div class='ocr_carea' id='block_1_5' title="bbox 200 526 1801 603">
    <p class='ocr_par' dir='ltr' id='par_1_5' title="bbox 200 526 1801 603">
     <span class='ocr_line' id='line_1_5' title="bbox 200 526 1801 603; baseline -0.002 -17"><span class='ocrx_word' id='word_1_16' title='bbox 200 533 302 600; x_wconf 80' lang='lat' dir='ltr'><strong><em>tos)</em></strong></span> <span class='ocrx_word' id='word_1_17' title='bbox 315 546 451 603; x_wconf 65' lang='lat' dir='ltr'><strong><em>quae</em></strong></span> <span class='ocrx_word' id='word_1_18' title='bbox 462 545 702 586; x_wconf 84' lang='lat' dir='ltr'><strong><em>sursum</em></strong></span> <span class='ocrx_word' id='word_1_19' title='bbox 710 529 989 599; x_wconf 82' lang='lat' dir='ltr'><strong><em>nubila,et</em></strong></span> <span class='ocrx_word' id='word_1_20' title='bbox 1001 545 1134 585; x_wconf 82' lang='lat' dir='ltr'><strong><em>cum</em></strong></span> <span class='ocrx_word' id='word_1_21' title='bbox 1151 528 1344 599; x_wconf 70' lang='lat' dir='ltr'><strong><em>ﬁrmos</em></strong></span> <span class='ocrx_word' id='word_1_22' title='bbox 1358 526 1596 602; x_wconf 85' lang='lat' dir='ltr'><strong><em>ponebat</em></strong></span> <span class='ocrx_word' id='word_1_23' title='bbox 1613 528 1801 597; x_wconf 84' lang='lat' dir='ltr'><strong><em>fontes</em></strong></span> 
     </span>
    </p>
   </div>
   <div class='ocr_carea' id='block_1_6' title="bbox 199 619 1801 692">
    <p class='ocr_par' dir='ltr' id='par_1_6' title="bbox 199 619 1801 692">
     <span class='ocr_line' id='line_1_6' title="bbox 199 619 1801 692; baseline -0.005 -14"><span class='ocrx_word' id='word_1_24' title='bbox 199 620 246 658; x_wconf 85' lang='grc'><strong>⁹³</strong></span> <span class='ocrx_word' id='word_1_25' title='bbox 275 622 406 692; x_wconf 82' lang='lat' dir='ltr'><strong><em>ejus</em></strong></span> <span class='ocrx_word' id='word_1_26' title='bbox 426 636 560 691; x_wconf 76' lang='lat' dir='ltr'><strong><em>qua:</em></strong></span> <span class='ocrx_word' id='word_1_27' title='bbox 585 621 688 677; x_wconf 87' lang='lat' dir='ltr'><strong><em>sub</em></strong></span> <span class='ocrx_word' id='word_1_28' title='bbox 706 621 842 678; x_wconf 62' lang='lat' dir='ltr'><strong><em>caelo</em></strong></span> <span class='ocrx_word' id='word_1_29' title='bbox 863 624 966 688; x_wconf 89' lang='lat' dir='ltr'><strong><em>est,</em></strong></span> <span class='ocrx_word' id='word_1_30' title='bbox 989 636 1082 692; x_wconf 87' lang='lat' dir='ltr'><strong><em>ego</em></strong></span> <span class='ocrx_word' id='word_1_31' title='bbox 1103 635 1261 676; x_wconf 84' lang='lat' dir='ltr'><strong><em>eram</em></strong></span> <span class='ocrx_word' id='word_1_32' title='bbox 1281 619 1642 690; x_wconf 83' lang='lat' dir='ltr'><strong><em>compingens</em></strong></span> <span class='ocrx_word' id='word_1_33' title='bbox 1667 632 1801 671; x_wconf 86' lang='lat' dir='ltr'><strong><em>cum</em></strong></span> 
     </span>
    </p>
   </div>
   <div class='ocr_carea' id='block_1_7' title="bbox 198 705 1800 783">
    <p class='ocr_par' dir='ltr' id='par_1_7' title="bbox 198 705 1800 783">
     <span class='ocr_line' id='line_1_7' title="bbox 198 705 1800 783; baseline -0.001 -17"><span class='ocrx_word' id='word_1_34' title='bbox 198 714 332 783; x_wconf 81' lang='lat' dir='ltr'><strong><em>ipso.</em></strong></span> <span class='ocrx_word' id='word_1_35' title='bbox 371 711 486 781; x_wconf 81' lang='lat' dir='ltr'><strong><em>Ego</em></strong></span> <span class='ocrx_word' id='word_1_36' title='bbox 517 725 678 766; x_wconf 86' lang='lat' dir='ltr'><strong><em>eram</em></strong></span> <span class='ocrx_word' id='word_1_37' title='bbox 699 707 773 764; x_wconf 84' lang='lat' dir='ltr'><strong><em>ad</em></strong></span> <span class='ocrx_word' id='word_1_38' title='bbox 800 726 975 782; x_wconf 85' lang='lat' dir='ltr'><strong><em>quam</em></strong></span> <span class='ocrx_word' id='word_1_39' title='bbox 1001 708 1298 781; x_wconf 78' lang='lat' dir='ltr'><strong><em>gaudebat,</em></strong></span> <span class='ocrx_word' id='word_1_40' title='bbox 1329 705 1579 780; x_wconf 81' lang='lat' dir='ltr'><strong><em>quotidie</em></strong></span> <span class='ocrx_word' id='word_1_41' title='bbox 1606 710 1800 764; x_wconf 86' lang='lat' dir='ltr'><strong><em>autem</em></strong></span> 
     </span>
    </p>
   </div>
   <div class='ocr_carea' id='block_1_8' title="bbox 202 795 1801 870">
    <p class='ocr_par' dir='ltr' id='par_1_8' title="bbox 202 795 1801 870">
     <span class='ocr_line' id='line_1_8' title="bbox 202 795 1801 870; baseline -0.003 -14"><span class='ocrx_word' id='word_1_42' title='bbox 202 795 367 856; x_wconf 65' lang='grc'><strong>218</strong></span> <span class='ocrx_word' id='word_1_43' title='bbox 409 797 736 854; x_wconf 87' lang='lat' dir='ltr'><strong><em>oblectabar</em></strong></span> <span class='ocrx_word' id='word_1_44' title='bbox 764 797 831 854; x_wconf 84' lang='lat' dir='ltr'><strong><em>in</em></strong></span> <span class='ocrx_word' id='word_1_45' title='bbox 871 813 1114 870; x_wconf 76' lang='lat' dir='ltr'><strong><em>persona</em></strong></span> <span class='ocrx_word' id='word_1_46' title='bbox 1162 799 1284 862; x_wconf 80' lang='lat' dir='ltr'><strong><em>eius</em></strong></span> <span class='ocrx_word' id='word_1_47' title='bbox 1323 795 1508 868; x_wconf 89' lang='lat' dir='ltr'><strong><em>(Ibid.)</em></strong></span> <span class='ocrx_word' id='word_1_48' title='bbox 1539 813 1553 853; x_wconf 89' lang='lat'><strong><em>:</em></strong></span> <span class='ocrx_word' id='word_1_49' title='bbox 1584 795 1801 870; x_wconf 82' lang='lat' dir='ltr'><strong><em>quando</em></strong></span> 
     </span>
    </p>
   </div>
   <div class='ocr_carea' id='block_1_9' title="bbox 203 885 1803 958">
    <p class='ocr_par' dir='ltr' id='par_1_9' title="bbox 203 885 1803 958">
     <span class='ocr_line' id='line_1_9' title="bbox 203 885 1803 958; baseline -0.002 -13"><span class='ocrx_word' id='word_1_50' title='bbox 203 889 579 945; x_wconf 72' lang='lat' dir='ltr'><strong><em>oblectabatur</em></strong></span> <span class='ocrx_word' id='word_1_51' title='bbox 599 902 722 944; x_wconf 91' lang='lat' dir='ltr'><strong><em>cum</em></strong></span> <span class='ocrx_word' id='word_1_52' title='bbox 743 886 1062 958; x_wconf 85' lang='lat' dir='ltr'><strong><em>perfecisset</em></strong></span> <span class='ocrx_word' id='word_1_53' title='bbox 1077 891 1282 955; x_wconf 89' lang='lat' dir='ltr'><strong><em>orbem,</em></strong></span> <span class='ocrx_word' id='word_1_54' title='bbox 1305 895 1359 941; x_wconf 89' lang='lat' dir='ltr'><strong><em>et</em></strong></span> <span class='ocrx_word' id='word_1_55' title='bbox 1379 885 1803 942; x_wconf 84' lang='lat' dir='ltr'><strong><em>inoblectabatur</em></strong></span> 
     </span>
    </p>
   </div>
   <div class='ocr_carea' id='block_1_10' title="bbox 203 973 1802 1047">
    <p class='ocr_par' dir='ltr' id='par_1_10' title="bbox 203 973 1802 1047">
     <span class='ocr_line' id='line_1_10' title="bbox 203 973 1802 1047; baseline -0.004 -13"><span class='ocrx_word' id='word_1_56' title='bbox 203 979 249 1034; x_wconf 87' lang='lat' dir='ltr'><strong><em>in</em></strong></span> <span class='ocrx_word' id='word_1_57' title='bbox 268 976 397 1032; x_wconf 84' lang='lat' dir='ltr'><strong><em>ﬁliis</em></strong></span> <span class='ocrx_word' id='word_1_58' title='bbox 429 975 738 1032; x_wconf 84' lang='lat' dir='ltr'><strong><em>hominum.</em></strong></span> <span class='ocrx_word' id='word_1_59' title='bbox 759 974 897 1044; x_wconf 82' lang='lat' dir='ltr'><strong><em>Quis</em></strong></span> <span class='ocrx_word' id='word_1_60' title='bbox 924 989 1031 1033; x_wconf 92' lang='lat' dir='ltr'><strong><em>non</em></strong></span> <span class='ocrx_word' id='word_1_61' title='bbox 1056 976 1193 1032; x_wconf 90' lang='lat' dir='ltr'><strong><em>hanc</em></strong></span> <span class='ocrx_word' id='word_1_62' title='bbox 1209 973 1390 1047; x_wconf 91' lang='lat' dir='ltr'><strong><em>potius</em></strong></span> <span class='ocrx_word' id='word_1_63' title='bbox 1408 973 1650 1030; x_wconf 91' lang='lat' dir='ltr'><strong><em>omnium</em></strong></span> <span class='ocrx_word' id='word_1_64' title='bbox 1675 973 1802 1031; x_wconf 84' lang='lat' dir='ltr'><strong><em>fon-</em></strong></span> 
     </span>
    </p>
   </div>
   <div class='ocr_carea' id='block_1_11' title="bbox 201 1061 1802 1136">
    <p class='ocr_par' dir='ltr' id='par_1_11' title="bbox 201 1061 1802 1136">
     <span class='ocr_line' id='line_1_11' title="bbox 201 1061 1802 1136; baseline -0.004 -14"><span class='ocrx_word' id='word_1_65' title='bbox 201 1076 301 1122; x_wconf 87' lang='lat' dir='ltr'><strong><em>tem</em></strong></span> <span class='ocrx_word' id='word_1_66' title='bbox 336 1072 397 1120; x_wconf 89' lang='lat' dir='ltr'><strong><em>et</em></strong></span> <span class='ocrx_word' id='word_1_67' title='bbox 435 1063 713 1136; x_wconf 77' lang='lat' dir='ltr'><strong><em>originem</em></strong></span> <span class='ocrx_word' id='word_1_68' title='bbox 753 1063 1121 1132; x_wconf 72' lang='lat' dir='ltr'><strong><em>commendet,</em></strong></span> <span class='ocrx_word' id='word_1_69' title='bbox 1164 1061 1444 1119; x_wconf 75' lang='lat' dir='ltr'><strong><em>materiam</em></strong></span> <span class='ocrx_word' id='word_1_70' title='bbox 1471 1076 1600 1118; x_wconf 87' lang='lat' dir='ltr'><strong><em>vero</em></strong></span> <span class='ocrx_word' id='word_1_71' title='bbox 1630 1067 1802 1117; x_wconf 88' lang='lat' dir='ltr'><strong><em>mate-</em></strong></span> 
     </span>
    </p>
   </div>
   <div class='ocr_carea' id='block_1_12' title="bbox 201 1149 1802 1222">
    <p class='ocr_par' dir='ltr' id='par_1_12' title="bbox 201 1149 1802 1222">
     <span class='ocr_line' id='line_1_12' title="bbox 201 1149 1802 1222; baseline -0.004 -12"><span class='ocrx_word' id='word_1_72' title='bbox 201 1155 402 1210; x_wconf 82' lang='lat' dir='ltr'><strong><em>riarum</em></strong></span> <span class='ocrx_word' id='word_1_73' title='bbox 432 1150 508 1218; x_wconf 66' lang='grc' dir='ltr'><strong><em>εδ,</em></strong></span> <span class='ocrx_word' id='word_1_74' title='bbox 533 1167 644 1210; x_wconf 91' lang='lat' dir='ltr'><strong><em>non</em></strong></span> <span class='ocrx_word' id='word_1_75' title='bbox 663 1150 765 1208; x_wconf 89' lang='lat' dir='ltr'><strong><em>sibi</em></strong></span> <span class='ocrx_word' id='word_1_76' title='bbox 783 1151 1198 1222; x_wconf 87' lang='lat' dir='ltr'><strong><em>subditam,non</em></strong></span> <span class='ocrx_word' id='word_1_77' title='bbox 1217 1159 1361 1207; x_wconf 91' lang='lat' dir='ltr'><strong><em>statu</em></strong></span> <span class='ocrx_word' id='word_1_78' title='bbox 1377 1149 1670 1217; x_wconf 77' lang='lat' dir='ltr'><strong><em>diversam,</em></strong></span> <span class='ocrx_word' id='word_1_79' title='bbox 1693 1164 1802 1205; x_wconf 91' lang='lat' dir='ltr'><strong><em>non</em></strong></span> 
     </span>
    </p>
   </div>
   <div class='ocr_carea' id='block_1_13' title="bbox 197 1238 1804 1314">
    <p class='ocr_par' dir='ltr' id='par_1_13' title="bbox 197 1238 1804 1314">
     <span class='ocr_line' id='line_1_13' title="bbox 197 1238 1804 1314; baseline -0.004 -15"><span class='ocrx_word' id='word_1_80' title='bbox 197 1251 343 1299; x_wconf 86' lang='lat' dir='ltr'><strong><em>motu</em></strong></span> <span class='ocrx_word' id='word_1_81' title='bbox 375 1241 708 1314; x_wconf 82' lang='lat' dir='ltr'><strong><em>inquietam,</em></strong></span> <span class='ocrx_word' id='word_1_82' title='bbox 753 1255 861 1298; x_wconf 90' lang='lat' dir='ltr'><strong><em>non</em></strong></span> <span class='ocrx_word' id='word_1_83' title='bbox 908 1240 1094 1300; x_wconf 86' lang='lat' dir='ltr'><strong><em>habitu</em></strong></span> <span class='ocrx_word' id='word_1_84' title='bbox 1120 1238 1429 1308; x_wconf 78' lang='lat' dir='ltr'><strong><em>infamem,</em></strong></span> <span class='ocrx_word' id='word_1_85' title='bbox 1459 1238 1556 1296; x_wconf 87' lang='lat' dir='ltr'><strong><em>sed</em></strong></span> <span class='ocrx_word' id='word_1_86' title='bbox 1585 1238 1804 1295; x_wconf 84' lang='lat' dir='ltr'><strong><em>insitam</em></strong></span> 
     </span>
    </p>
   </div>
   <div class='ocr_carea' id='block_1_14' title="bbox 197 1325 1805 1403">
    <p class='ocr_par' dir='ltr' id='par_1_14' title="bbox 197 1325 1805 1403">
     <span class='ocr_line' id='line_1_14' title="bbox 197 1325 1805 1403; baseline -0.004 -15"><span class='ocrx_word' id='word_1_87' title='bbox 197 1340 249 1388; x_wconf 84' lang='lat' dir='ltr'><strong><em>et</em></strong></span> <span class='ocrx_word' id='word_1_88' title='bbox 304 1330 597 1403; x_wconf 83' lang='lat' dir='ltr'><strong><em>propriam</em></strong></span> <span class='ocrx_word' id='word_1_89' title='bbox 674 1341 729 1387; x_wconf 88' lang='lat' dir='ltr'><strong><em>et</em></strong></span> <span class='ocrx_word' id='word_1_90' title='bbox 785 1329 1144 1403; x_wconf 87' lang='lat' dir='ltr'><strong><em>compositam</em></strong></span> <span class='ocrx_word' id='word_1_91' title='bbox 1205 1336 1261 1386; x_wconf 89' lang='lat' dir='ltr'><strong><em>et</em></strong></span> <span class='ocrx_word' id='word_1_92' title='bbox 1305 1329 1552 1386; x_wconf 87' lang='lat' dir='ltr'><strong><em>decoram</em></strong></span> <span class='ocrx_word' id='word_1_93' title='bbox 1573 1368 1590 1399; x_wconf 94' lang='lat'><strong><em>,</em></strong></span> <span class='ocrx_word' id='word_1_94' title='bbox 1658 1325 1805 1400; x_wconf 86' lang='lat' dir='ltr'><strong><em>quali</em></strong></span> 
     </span>
    </p>
   </div>
   <div class='ocr_carea' id='block_1_15' title="bbox 192 1415 1807 1492">
    <p class='ocr_par' dir='ltr' id='par_1_15' title="bbox 192 1415 1807 1492">
     <span class='ocr_line' id='line_1_15' title="bbox 192 1415 1807 1492; baseline -0.002 -16"><span class='ocrx_word' id='word_1_95' title='bbox 192 1420 342 1476; x_wconf 82' lang='lat' dir='ltr'><strong><em>Dens</em></strong></span> <span class='ocrx_word' id='word_1_96' title='bbox 369 1419 424 1456; x_wconf 70' lang='lat'><strong><em>95</em></strong></span> <span class='ocrx_word' id='word_1_97' title='bbox 457 1419 639 1491; x_wconf 88' lang='lat' dir='ltr'><strong><em>potuit</em></strong></span> <span class='ocrx_word' id='word_1_98' title='bbox 668 1418 906 1490; x_wconf 76' lang='lat' dir='ltr'><strong><em>eguisse,</em></strong></span> <span class='ocrx_word' id='word_1_99' title='bbox 929 1419 1014 1476; x_wconf 89' lang='lat' dir='ltr'><strong><em>sui</em></strong></span> <span class='ocrx_word' id='word_1_100' title='bbox 1031 1418 1208 1492; x_wconf 81' lang='lat' dir='ltr'><strong><em>magis</em></strong></span> <span class='ocrx_word' id='word_1_101' title='bbox 1227 1432 1390 1491; x_wconf 89' lang='lat' dir='ltr'><strong><em>quam</em></strong></span> <span class='ocrx_word' id='word_1_102' title='bbox 1410 1416 1568 1473; x_wconf 89' lang='lat' dir='ltr'><strong><em>alieni</em></strong></span> <span class='ocrx_word' id='word_1_103' title='bbox 1588 1431 1759 1490; x_wconf 79' lang='lat' dir='ltr'><strong><em>egens</em></strong></span> <span class='ocrx_word' id='word_1_104' title='bbox 1775 1415 1807 1472; x_wconf 84' lang='lat'><strong>?</strong></span> 
     </span>
    </p>
   </div>
   <div class='ocr_carea' id='block_1_16' title="bbox 194 1505 1806 1580">
    <p class='ocr_par' dir='ltr' id='par_1_16' title="bbox 194 1505 1806 1580">
     <span class='ocr_line' id='line_1_16' title="bbox 194 1505 1806 1580; baseline -0.002 -17"><span class='ocrx_word' id='word_1_105' title='bbox 194 1506 477 1580; x_wconf 84' lang='lat' dir='ltr'><strong><em>Denique,</em></strong></span> <span class='ocrx_word' id='word_1_106' title='bbox 528 1517 592 1563; x_wconf 90' lang='lat' dir='ltr'><strong><em>ut</em></strong></span> <span class='ocrx_word' id='word_1_107' title='bbox 636 1507 999 1563; x_wconf 84' lang='lat' dir='ltr'><strong><em>necessariam</em></strong></span> <span class='ocrx_word' id='word_1_108' title='bbox 1057 1507 1227 1564; x_wconf 83' lang='lat' dir='ltr'><strong><em>sensit</em></strong></span> <span class='ocrx_word' id='word_1_109' title='bbox 1272 1505 1340 1562; x_wconf 88' lang='lat' dir='ltr'><strong><em>ad</em></strong></span> <span class='ocrx_word' id='word_1_110' title='bbox 1386 1519 1552 1577; x_wconf 88' lang='lat' dir='ltr'><strong><em>opera</em></strong></span> <span class='ocrx_word' id='word_1_111' title='bbox 1596 1505 1806 1572; x_wconf 89' lang='lat' dir='ltr'><strong><em>mundi,</em></strong></span> 
     </span>
    </p>
   </div>
   <div class='ocr_carea' id='block_1_17' title="bbox 193 1595 1807 1669">
    <p class='ocr_par' dir='ltr' id='par_1_17' title="bbox 193 1595 1807 1669">
     <span class='ocr_line' id='line_1_17' title="bbox 193 1595 1807 1669; baseline 0 -15"><span class='ocrx_word' id='word_1_112' title='bbox 193 1597 380 1654; x_wconf 79' lang='lat' dir='ltr'><strong><em>statim</em></strong></span> <span class='ocrx_word' id='word_1_113' title='bbox 412 1612 538 1654; x_wconf 87' lang='lat' dir='ltr'><strong><em>eam</em></strong></span> <span class='ocrx_word' id='word_1_114' title='bbox 567 1595 621 1636; x_wconf 70' lang='lat'><strong><em>95</em></strong></span> <span class='ocrx_word' id='word_1_115' title='bbox 648 1596 832 1653; x_wconf 89' lang='lat' dir='ltr'><strong><em>condit</em></strong></span> <span class='ocrx_word' id='word_1_116' title='bbox 861 1604 918 1653; x_wconf 90' lang='lat' dir='ltr'><strong><em>et</em></strong></span> <span class='ocrx_word' id='word_1_117' title='bbox 944 1606 1163 1669; x_wconf 83' lang='lat' dir='ltr'><strong><em>generat</em></strong></span> <span class='ocrx_word' id='word_1_118' title='bbox 1189 1595 1244 1652; x_wconf 91' lang='lat' dir='ltr'><strong><em>in</em></strong></span> <span class='ocrx_word' id='word_1_119' title='bbox 1273 1596 1595 1668; x_wconf 85' lang='lat' dir='ltr'><strong><em>semetipso:</em></strong></span> <span class='ocrx_word' id='word_1_120' title='bbox 1622 1597 1807 1654; x_wconf 85' lang='lat' dir='ltr'><strong><em>Domi-</em></strong></span> 
     </span>
    </p>
   </div>
   <div class='ocr_carea' id='block_1_18' title="bbox 1916 527 3501 612">
    <p class='ocr_par' dir='ltr' id='par_1_18' title="bbox 1916 527 3501 612">
     <span class='ocr_line' id='line_1_18' title="bbox 1916 527 3501 612; baseline 0.01 -28"><span class='ocrx_word' id='word_1_121' title='bbox 1916 527 2090 600; x_wconf 87' lang='lat' dir='ltr'><strong><em>(Psal.</em></strong></span> <span class='ocrx_word' id='word_1_122' title='bbox 2140 544 2295 598; x_wconf 81' lang='lat' dir='ltr'><strong><em>thv,</em></strong></span> <span class='ocrx_word' id='word_1_123' title='bbox 2341 532 2416 604; x_wconf 82' lang='grc'><strong><em>1),</em></strong></span> <span class='ocrx_word' id='word_1_124' title='bbox 2469 548 2578 590; x_wconf 90' lang='lat' dir='ltr'><strong><em>non</em></strong></span> <span class='ocrx_word' id='word_1_125' title='bbox 2624 534 2740 590; x_wconf 89' lang='lat' dir='ltr'><strong><em>scio</em></strong></span> <span class='ocrx_word' id='word_1_126' title='bbox 2787 549 2856 590; x_wconf 90' lang='lat' dir='ltr'><strong><em>an</em></strong></span> <span class='ocrx_word' id='word_1_127' title='bbox 2893 536 3036 591; x_wconf 93' lang='lat' dir='ltr'><strong><em>bono</em></strong></span> <span class='ocrx_word' id='word_1_128' title='bbox 3085 539 3283 596; x_wconf 86' lang='lat' dir='ltr'><strong><em>malum</em></strong></span> <span class='ocrx_word' id='word_1_129' title='bbox 3329 543 3501 612; x_wconf 85' lang='lat' dir='ltr'><strong><em>possit</em></strong></span> 
     </span>
    </p>
   </div>
   <div class='ocr_carea' id='block_1_19' title="bbox 1915 616 3498 692">
    <p class='ocr_par' dir='ltr' id='par_1_19' title="bbox 1915 616 3498 692">
     <span class='ocr_line' id='line_1_19' title="bbox 1915 616 3498 692; baseline 0.012 -20"><span class='ocrx_word' id='word_1_130' title='bbox 1915 616 2146 685; x_wconf 86' lang='lat' dir='ltr'><strong><em>adduci,</em></strong></span> <span class='ocrx_word' id='word_1_131' title='bbox 2197 618 2425 677; x_wconf 80' lang='lat' dir='ltr'><strong><em>validius</em></strong></span> <span class='ocrx_word' id='word_1_132' title='bbox 2471 621 2539 677; x_wconf 86' lang='lat' dir='ltr'><strong><em>ab</em></strong></span> <span class='ocrx_word' id='word_1_133' title='bbox 2586 620 2835 692; x_wconf 85' lang='lat' dir='ltr'><strong><em>inﬁrmo,</em></strong></span> <span class='ocrx_word' id='word_1_134' title='bbox 2887 631 2945 680; x_wconf 89' lang='lat' dir='ltr'><strong><em>ut</em></strong></span> <span class='ocrx_word' id='word_1_135' title='bbox 2989 624 3234 682; x_wconf 89' lang='lat' dir='ltr'><strong><em>innatum</em></strong></span> <span class='ocrx_word' id='word_1_136' title='bbox 3277 644 3312 684; x_wconf 88' lang='lat' dir='ltr'><strong><em>a</em></strong></span> <span class='ocrx_word' id='word_1_137' title='bbox 3353 642 3498 692; x_wconf 86' lang='lat' dir='ltr'><strong><em>nato.</em></strong></span> 
     </span>
    </p>
   </div>
   <div class='ocr_carea' id='block_1_20' title="bbox 1907 706 3498 785">
    <p class='ocr_par' dir='ltr' id='par_1_20' title="bbox 1907 706 3498 785">
     <span class='ocr_line' id='line_1_20' title="bbox 1907 706 3498 785; baseline 0.009 -25"><span class='ocrx_word' id='word_1_138' title='bbox 1907 706 1988 761; x_wconf 89' lang='lat' dir='ltr'><strong><em>Ita</em></strong></span> <span class='ocrx_word' id='word_1_139' title='bbox 2016 715 2071 764; x_wconf 91' lang='lat' dir='ltr'><strong><em>et</em></strong></span> <span class='ocrx_word' id='word_1_140' title='bbox 2098 709 2200 764; x_wconf 91' lang='lat' dir='ltr'><strong><em>hoc</em></strong></span> <span class='ocrx_word' id='word_1_141' title='bbox 2226 709 2446 765; x_wconf 88' lang='lat' dir='ltr'><strong><em>nomine</em></strong></span> <span class='ocrx_word' id='word_1_142' title='bbox 2492 711 2772 767; x_wconf 86' lang='lat' dir='ltr'><strong><em>materiam</em></strong></span> <span class='ocrx_word' id='word_1_143' title='bbox 2820 712 2937 768; x_wconf 91' lang='lat' dir='ltr'><strong><em>Deo</em></strong></span> <span class='ocrx_word' id='word_1_144' title='bbox 2975 715 3242 785; x_wconf 68' lang='lat' dir='ltr'><strong><em>praeponit</em></strong></span> <span class='ocrx_word' id='word_1_145' title='bbox 3269 715 3498 775; x_wconf 85' lang='lat' dir='ltr'><strong><em>Hermo-</em></strong></span> 
     </span>
    </p>
   </div>
   <div class='ocr_carea' id='block_1_21' title="bbox 1906 797 3499 874">
    <p class='ocr_par' dir='ltr' id='par_1_21' title="bbox 1906 797 3499 874">
     <span class='ocr_line' id='line_1_21' title="bbox 1906 797 3499 874; baseline 0.008 -25"><span class='ocrx_word' id='word_1_146' title='bbox 1906 809 2093 864; x_wconf 75' lang='lat' dir='ltr'><strong><em>genes,</em></strong></span> <span class='ocrx_word' id='word_1_147' title='bbox 2123 799 2494 868; x_wconf 81' lang='lat' dir='ltr'><strong><em>praeponenda</em></strong></span> <span class='ocrx_word' id='word_1_148' title='bbox 2533 814 2654 855; x_wconf 89' lang='lat' dir='ltr'><strong><em>eam</em></strong></span> <span class='ocrx_word' id='word_1_149' title='bbox 2702 797 2858 857; x_wconf 88' lang='lat' dir='ltr'><strong><em>Filio.</em></strong></span> <span class='ocrx_word' id='word_1_150' title='bbox 2897 801 3075 858; x_wconf 78' lang='lat' dir='ltr'><strong><em>Filius</em></strong></span> <span class='ocrx_word' id='word_1_151' title='bbox 3106 804 3259 860; x_wconf 87' lang='lat' dir='ltr'><strong><em>enim</em></strong></span> <span class='ocrx_word' id='word_1_152' title='bbox 3287 805 3499 874; x_wconf 84' lang='lat' dir='ltr'><strong><em>Ser-mo,</em></strong></span> 
     </span>
    </p>
   </div>
   <div class='ocr_carea' id='block_1_22' title="bbox 1907 885 3501 961">
    <p class='ocr_par' dir='ltr' id='par_1_22' title="bbox 1907 885 3501 961">
     <span class='ocr_line' id='line_1_22' title="bbox 1907 885 3501 961; baseline 0.006 -21"><span class='ocrx_word' id='word_1_153' title='bbox 1907 885 1964 940; x_wconf 91' lang='lat' dir='ltr'><strong><em>et</em></strong></span> <span class='ocrx_word' id='word_1_154' title='bbox 1993 886 2137 942; x_wconf 87' lang='lat' dir='ltr'><strong><em>Deus</em></strong></span> <span class='ocrx_word' id='word_1_155' title='bbox 2168 885 2360 944; x_wconf 88' lang='lat' dir='ltr'><strong><em>Ser-mo</em></strong></span> <span class='ocrx_word' id='word_1_156' title='bbox 2389 888 2553 956; x_wconf 85' lang='lat' dir='ltr'><strong><em>(Joan</em></strong></span> <span class='ocrx_word' id='word_1_157' title='bbox 2579 903 2619 954; x_wconf 85' lang='grc' dir='ltr'><strong><em>ι,</em></strong></span> <span class='ocrx_word' id='word_1_158' title='bbox 2651 892 2672 942; x_wconf 77' lang='grc'>1</span> <span class='ocrx_word' id='word_1_159' title='bbox 2706 889 2758 960; x_wconf 86' lang='grc'><strong><em>);</em></strong></span> <span class='ocrx_word' id='word_1_160' title='bbox 2806 896 2888 945; x_wconf 88' lang='lat' dir='ltr'><strong><em>et:</em></strong></span> <span class='ocrx_word' id='word_1_161' title='bbox 2923 891 3029 961; x_wconf 87' lang='lat' dir='ltr'><strong><em>Ego</em></strong></span> <span class='ocrx_word' id='word_1_162' title='bbox 3059 895 3115 948; x_wconf 90' lang='lat' dir='ltr'><strong><em>et</em></strong></span> <span class='ocrx_word' id='word_1_163' title='bbox 3134 893 3304 950; x_wconf 89' lang='lat' dir='ltr'><strong><em>Pater</em></strong></span> <span class='ocrx_word' id='word_1_164' title='bbox 3317 909 3501 950; x_wconf 86' lang='lat' dir='ltr'><strong><em>unum</em></strong></span> 
     </span>
    </p>
   </div>
   <div class='ocr_carea' id='block_1_23' title="bbox 1908 974 3498 1056">
    <p class='ocr_par' dir='ltr' id='par_1_23' title="bbox 1908 974 3498 1056">
     <span class='ocr_line' id='line_1_23' title="bbox 1908 974 3498 1056; baseline 0.008 -30"><span class='ocrx_word' id='word_1_165' title='bbox 1908 985 2104 1031; x_wconf 83' lang='lat' dir='ltr'><strong><em>sumus</em></strong></span> <span class='ocrx_word' id='word_1_166' title='bbox 2123 974 2309 1046; x_wconf 82' lang='lat' dir='ltr'><strong><em>(Joan.</em></strong></span> <span class='ocrx_word' id='word_1_167' title='bbox 2333 990 2392 1042; x_wconf 69' lang='grc' dir='ltr'><strong><em>χ,</em></strong></span> <span class='ocrx_word' id='word_1_168' title='bbox 2418 978 2534 1047; x_wconf 84' lang='grc'><strong><em>10);</em></strong></span> <span class='ocrx_word' id='word_1_169' title='bbox 2557 975 2720 1033; x_wconf 62' lang='grc'><strong><em>214</em></strong></span> <span class='ocrx_word' id='word_1_170' title='bbox 2742 976 2846 1034; x_wconf 88' lang='lat' dir='ltr'><strong><em>nisi</em></strong></span> <span class='ocrx_word' id='word_1_171' title='bbox 2867 979 3017 1051; x_wconf 91' lang='lat' dir='ltr'><strong><em>quod</em></strong></span> <span class='ocrx_word' id='word_1_172' title='bbox 3037 980 3323 1037; x_wconf 87' lang='lat' dir='ltr'><strong><em>sustinebit</em></strong></span> <span class='ocrx_word' id='word_1_173' title='bbox 3343 997 3498 1056; x_wconf 73' lang='lat' dir='ltr'><strong><em>aequo</em></strong></span> 
     </span>
    </p>
   </div>
   <div class='ocr_carea' id='block_1_24' title="bbox 1909 1060 3499 1143">
    <p class='ocr_par' dir='ltr' id='par_1_24' title="bbox 1909 1060 3499 1143">
     <span class='ocr_line' id='line_1_24' title="bbox 1909 1060 3499 1143; baseline 0.009 -28"><span class='ocrx_word' id='word_1_174' title='bbox 1909 1060 2090 1118; x_wconf 83' lang='lat' dir='ltr'><strong><em>animo</em></strong></span> <span class='ocrx_word' id='word_1_175' title='bbox 2117 1061 2258 1120; x_wconf 85' lang='lat' dir='ltr'><strong><em>ﬁlius</em></strong></span> <span class='ocrx_word' id='word_1_176' title='bbox 2274 1078 2392 1120; x_wconf 88' lang='lat' dir='ltr'><strong><em>eam</em></strong></span> <span class='ocrx_word' id='word_1_177' title='bbox 2423 1066 2669 1137; x_wconf 72' lang='lat' dir='ltr'><strong><em>praeponi</em></strong></span> <span class='ocrx_word' id='word_1_178' title='bbox 2691 1066 2811 1138; x_wconf 88' lang='lat' dir='ltr'><strong><em>sibi,</em></strong></span> <span class='ocrx_word' id='word_1_179' title='bbox 2846 1083 2968 1140; x_wconf 68' lang='lat' dir='ltr'><strong><em>quae</em></strong></span> <span class='ocrx_word' id='word_1_180' title='bbox 2999 1068 3142 1124; x_wconf 86' lang='lat' dir='ltr'><strong><em>Patri</em></strong></span> <span class='ocrx_word' id='word_1_181' title='bbox 3165 1069 3499 1143; x_wconf 77' lang='lat' dir='ltr'><strong><em>adsequatur.</em></strong></span> 
     </span>
    </p>
   </div>
   <div class='ocr_carea' id='block_1_25' title="bbox 2487 1206 2894 1265">
    <p class='ocr_par' dir='ltr' id='par_1_25' title="bbox 2487 1206 2894 1265">
     <span class='ocr_line' id='line_1_25' title="bbox 2487 1206 2894 1265; baseline 0.007 -3"><span class='ocrx_word' id='word_1_182' title='bbox 2487 1206 2712 1265; x_wconf 83' lang='lat' dir='ltr'><strong><em>CAPUT</em></strong></span> <span class='ocrx_word' id='word_1_183' title='bbox 2739 1209 2894 1265; x_wconf 84' lang='lat' dir='ltr'><strong><em>XIX.</em></strong></span> 
     </span>
    </p>
   </div>
   <div class='ocr_carea' id='block_1_26' title="bbox 1933 1328 3502 1408">
    <p class='ocr_par' dir='ltr' id='par_1_26' title="bbox 1933 1328 3502 1408">
     <span class='ocr_line' id='line_1_26' title="bbox 1933 1328 3502 1408; baseline 0.008 -24"><span class='ocrx_word' id='word_1_184' title='bbox 1933 1362 1937 1366; x_wconf 64' lang='grc' dir='ltr'><em>η</em></span> <span class='ocrx_word' id='word_1_185' title='bbox 1983 1328 2091 1385; x_wconf 89' lang='lat' dir='ltr'><strong><em>Sed</em></strong></span> <span class='ocrx_word' id='word_1_186' title='bbox 2117 1336 2169 1385; x_wconf 89' lang='lat' dir='ltr'><strong><em>et</em></strong></span> <span class='ocrx_word' id='word_1_187' title='bbox 2206 1329 2273 1385; x_wconf 90' lang='lat' dir='ltr'><strong><em>ad</em></strong></span> <span class='ocrx_word' id='word_1_188' title='bbox 2315 1329 2582 1404; x_wconf 80' lang='lat' dir='ltr'><strong><em>originale</em></strong></span> <span class='ocrx_word' id='word_1_189' title='bbox 2628 1331 3040 1388; x_wconf 86' lang='lat' dir='ltr'><strong><em>instrumentum</em></strong></span> <span class='ocrx_word' id='word_1_190' title='bbox 3087 1333 3261 1405; x_wconf 77' lang='lat' dir='ltr'><strong><em>Moysi</em></strong></span> <span class='ocrx_word' id='word_1_191' title='bbox 3298 1352 3502 1408; x_wconf 82' lang='lat' dir='ltr'><strong><em>provo-</em></strong></span> 
     </span>
    </p>
   </div>
   <div class='ocr_carea' id='block_1_27' title="bbox 1911 1418 3506 1498">
    <p class='ocr_par' dir='ltr' id='par_1_27' title="bbox 1911 1418 3506 1498">
     <span class='ocr_line' id='line_1_27' title="bbox 1911 1418 3506 1498; baseline 0.006 -24"><span class='ocrx_word' id='word_1_192' title='bbox 1911 1419 2067 1486; x_wconf 80' lang='lat' dir='ltr'><strong><em>cabo,</em></strong></span> <span class='ocrx_word' id='word_1_193' title='bbox 2099 1418 2242 1474; x_wconf 87' lang='lat' dir='ltr'><strong><em>unde</em></strong></span> <span class='ocrx_word' id='word_1_194' title='bbox 2278 1427 2332 1474; x_wconf 92' lang='lat' dir='ltr'><strong><em>et</em></strong></span> <span class='ocrx_word' id='word_1_195' title='bbox 2363 1418 2575 1476; x_wconf 88' lang='lat' dir='ltr'><strong><em>diversa</em></strong></span> <span class='ocrx_word' id='word_1_196' title='bbox 2616 1435 2742 1491; x_wconf 88' lang='lat' dir='ltr'><strong><em>pars</em></strong></span> <span class='ocrx_word' id='word_1_197' title='bbox 2789 1420 3126 1492; x_wconf 87' lang='lat' dir='ltr'><strong><em>suspiciones</em></strong></span> <span class='ocrx_word' id='word_1_198' title='bbox 3164 1439 3294 1480; x_wconf 88' lang='lat' dir='ltr'><strong><em>suas</em></strong></span> <span class='ocrx_word' id='word_1_199' title='bbox 3324 1427 3506 1498; x_wconf 80' lang='lat' dir='ltr'><strong><em>ingra-</em></strong></span> 
     </span>
    </p>
   </div>
   <div class='ocr_carea' id='block_1_28' title="bbox 1913 1504 3506 1577">
    <p class='ocr_par' dir='ltr' id='par_1_28' title="bbox 1913 1504 3506 1577">
     <span class='ocr_line' id='line_1_28' title="bbox 1913 1504 3506 1577; baseline 0.007 -17"><span class='ocrx_word' id='word_1_200' title='bbox 1913 1504 1983 1560; x_wconf 87' lang='lat' dir='ltr'><strong><em>tis</em></strong></span> <span class='ocrx_word' id='word_1_201' title='bbox 2015 1506 2038 1542; x_wconf 78' lang='grc'><strong>⁴</strong></span> <span class='ocrx_word' id='word_1_202' title='bbox 2087 1505 2278 1562; x_wconf 84' lang='lat' dir='ltr'><strong><em>fulcire</em></strong></span> <span class='ocrx_word' id='word_1_203' title='bbox 2325 1517 2569 1577; x_wconf 87' lang='lat' dir='ltr'><strong><em>conatur,</em></strong></span> <span class='ocrx_word' id='word_1_204' title='bbox 2618 1525 2686 1565; x_wconf 89' lang='lat' dir='ltr'><strong><em>ne</em></strong></span> <span class='ocrx_word' id='word_1_205' title='bbox 2741 1509 2944 1568; x_wconf 90' lang='lat' dir='ltr'><strong><em>scilicet</em></strong></span> <span class='ocrx_word' id='word_1_206' title='bbox 2989 1527 3098 1568; x_wconf 90' lang='lat' dir='ltr'><strong><em>non</em></strong></span> <span class='ocrx_word' id='word_1_207' title='bbox 3142 1512 3268 1568; x_wconf 90' lang='lat' dir='ltr'><strong><em>inde</em></strong></span> <span class='ocrx_word' id='word_1_208' title='bbox 3313 1515 3506 1571; x_wconf 88' lang='lat' dir='ltr'><strong><em>instrui</em></strong></span> 
     </span>
    </p>
   </div>
   <div class='ocr_carea' id='block_1_29' title="bbox 1914 1594 3506 1671">
    <p class='ocr_par' dir='ltr' id='par_1_29' title="bbox 1914 1594 3506 1671">
     <span class='ocr_line' id='line_1_29' title="bbox 1914 1594 3506 1671; baseline 0.006 -21"><span class='ocrx_word' id='word_1_209' title='bbox 1914 1594 2194 1652; x_wconf 81' lang='lat' dir='ltr'><strong><em>videretur</em></strong></span> <span class='ocrx_word' id='word_1_210' title='bbox 2239 1594 2386 1652; x_wconf 89' lang='lat' dir='ltr'><strong><em>unde</em></strong></span> <span class='ocrx_word' id='word_1_211' title='bbox 2425 1604 2660 1668; x_wconf 88' lang='lat' dir='ltr'><strong><em>oportet.</em></strong></span> <span class='ocrx_word' id='word_1_212' title='bbox 2712 1599 2897 1671; x_wconf 87' lang='lat' dir='ltr'><strong><em>Itaque</em></strong></span> <span class='ocrx_word' id='word_1_213' title='bbox 2958 1599 3269 1658; x_wconf 87' lang='lat' dir='ltr'><strong><em>occasiones</em></strong></span> <span class='ocrx_word' id='word_1_214' title='bbox 3329 1603 3432 1659; x_wconf 91' lang='lat' dir='ltr'><strong><em>sibi</em></strong></span> <span class='ocrx_word' id='word_1_215' title='bbox 3481 1604 3506 1644; x_wconf 86' lang='lat'><strong>5</strong></span> 
     </span>
    </p>
   </div>
   <div class='ocr_carea' id='block_1_30' title="bbox 195 1683 3506 1759">
    <p class='ocr_par' dir='ltr' id='par_1_30' title="bbox 195 1683 3506 1759">
     <span class='ocr_line' id='line_1_30' title="bbox 195 1683 3506 1759; baseline 0.002 -17"><span class='ocrx_word' id='word_1_216' title='bbox 195 1703 332 1756; x_wconf 83' lang='lat' dir='ltr'><strong><em>nus,</em></strong></span> <span class='ocrx_word' id='word_1_217' title='bbox 364 1685 572 1758; x_wconf 87' lang='lat' dir='ltr'><strong><em>inquit,</em></strong></span> <span class='ocrx_word' id='word_1_218' title='bbox 594 1685 1214 1744; x_wconf 84' lang='lat' dir='ltr'><strong><em>condiditmeinitium</em></strong></span> <span class='ocrx_word' id='word_1_219' title='bbox 1231 1687 1460 1743; x_wconf 81' lang='lat' dir='ltr'><strong><em>viarum</em></strong></span> <span class='ocrx_word' id='word_1_220' title='bbox 1485 1701 1724 1743; x_wconf 87' lang='lat' dir='ltr'><strong><em>suarum</em></strong></span> <span class='ocrx_word' id='word_1_221' title='bbox 1743 1688 1809 1743; x_wconf 90' lang='lat' dir='ltr'><strong><em>in</em></strong></span> <span class='ocrx_word' id='word_1_222' title='bbox 1844 1733 1886 1759; x_wconf 59' lang='grc' dir='ltr'>η</span> <span class='ocrx_word' id='word_1_223' title='bbox 1917 1683 2148 1756; x_wconf 86' lang='lat' dir='ltr'><strong><em>sumpsit</em></strong></span> <span class='ocrx_word' id='word_1_224' title='bbox 2201 1685 2558 1759; x_wconf 89' lang='lat' dir='ltr'><strong><em>quorumdam</em></strong></span> <span class='ocrx_word' id='word_1_225' title='bbox 2614 1688 2924 1755; x_wconf 85' lang='lat' dir='ltr'><strong><em>verborum,</em></strong></span> <span class='ocrx_word' id='word_1_226' title='bbox 2957 1697 3016 1746; x_wconf 90' lang='lat' dir='ltr'><strong><em>ut</em></strong></span> <span class='ocrx_word' id='word_1_227' title='bbox 3078 1691 3342 1749; x_wconf 74' lang='lat' dir='ltr'><strong><em>haereticis</em></strong></span> <span class='ocrx_word' id='word_1_228' title='bbox 3393 1693 3506 1751; x_wconf 88' lang='lat' dir='ltr'><strong><em>fere</em></strong></span> 
     </span>
    </p>
   </div>
   <div class='ocr_carea' id='block_1_31' title="bbox 199 1733 3507 1854">
    <p class='ocr_par' dir='ltr' id='par_1_31' title="bbox 199 1733 3507 1854">
     <span class='ocr_line' id='line_1_31' title="bbox 199 1733 3505 1758; baseline 0.002 -18"><span class='ocrx_word' id='word_1_229' title='bbox 199 1733 332 1756; x_wconf 59' lang='grc' dir='ltr'><strong><em>.--Ἴ</em></strong></span> <span class='ocrx_word' id='word_1_230' title='bbox 364 1733 572 1758; x_wconf 52' lang='lat'><strong><em>_--.,_--,</em></strong></span> <span class='ocrx_word' id='word_1_231' title='bbox 595 1733 845 1744; x_wconf 59' lang='grc' dir='ltr'><strong><em>,νηπη</em></strong></span> <span class='ocrx_word' id='word_1_232' title='bbox 870 1733 956 1744; x_wconf 83' lang='lat'><strong><em>..-.,</em></strong></span> <span class='ocrx_word' id='word_1_233' title='bbox 1235 1733 1341 1743; x_wconf 67' lang='grc' dir='ltr'><strong><em>η-.</em></strong></span> <span class='ocrx_word' id='word_1_234' title='bbox 1364 1733 1459 1742; x_wconf 73' lang='grc' dir='ltr'><em>...η</em></span> <span class='ocrx_word' id='word_1_235' title='bbox 1486 1733 1608 1743; x_wconf 82' lang='lat'><strong><em>-.....</em></strong></span> <span class='ocrx_word' id='word_1_236' title='bbox 1630 1733 1722 1743; x_wconf 68' lang='grc' dir='ltr'><strong><em>...η</em></strong></span> <span class='ocrx_word' id='word_1_237' title='bbox 1917 1733 2148 1756; x_wconf 58' lang='grc' dir='ltr'><strong><em>--π-τ---</em></strong></span> <span class='ocrx_word' id='word_1_238' title='bbox 2245 1733 2558 1743; x_wconf 62' lang='grc' dir='ltr'><strong><em>..-ηπ-η...</em></strong></span> <span class='ocrx_word' id='word_1_239' title='bbox 2624 1733 2924 1755; x_wconf 71' lang='grc' dir='ltr'><strong><em>.ν........-..,</em></strong></span> <span class='ocrx_word' id='word_1_240' title='bbox 2960 1733 3016 1746; x_wconf 82' lang='grc'><strong><em>...</em></strong></span> <span class='ocrx_word' id='word_1_241' title='bbox 3078 1733 3342 1749; x_wconf 52' lang='lat' dir='ltr'><strong><em>mem...”</em></strong></span> <span class='ocrx_word' id='word_1_242' title='bbox 3395 1733 3505 1751; x_wconf 68' lang='grc' dir='ltr'><strong><em>...ιν</em></strong></span> 
     </span>
     <span class='ocr_line' id='line_1_32' title="bbox 199 1733 3507 1854; baseline 0.002 -21"><span class='ocrx_word' id='word_1_243' title='bbox 199 1791 375 1849; x_wconf 85' lang='lat' dir='ltr'><strong><em>opera</em></strong></span> <span class='ocrx_word' id='word_1_244' title='bbox 403 1791 516 1830; x_wconf 88' lang='lat' dir='ltr'><strong><em>sua</em></strong></span> <span class='ocrx_word' id='word_1_245' title='bbox 540 1795 560 1832; x_wconf 91' lang='lat'><strong><em>:</em></strong></span> <span class='ocrx_word' id='word_1_246' title='bbox 598 1778 735 1832; x_wconf 85' lang='lat' dir='ltr'><strong><em>ante</em></strong></span> <span class='ocrx_word' id='word_1_247' title='bbox 760 1775 973 1832; x_wconf 74' lang='lat' dir='ltr'><strong><em>stecula</em></strong></span> <span class='ocrx_word' id='word_1_248' title='bbox 998 1774 1269 1846; x_wconf 80' lang='lat' dir='ltr'><strong><em>fundavit</em></strong></span> <span class='ocrx_word' id='word_1_249' title='bbox 1297 1791 1404 1842; x_wconf 86' lang='lat' dir='ltr'><strong><em>me,</em></strong></span> <span class='ocrx_word' id='word_1_250' title='bbox 1432 1775 1596 1846; x_wconf 88' lang='lat' dir='ltr'><strong><em>prius</em></strong></span> <span class='ocrx_word' id='word_1_251' title='bbox 1633 1789 1807 1846; x_wconf 85' lang='lat' dir='ltr'><strong><em>quam</em></strong></span> <span class='ocrx_word' id='word_1_252' title='bbox 1844 1733 1888 1813; x_wconf 73' lang='grc' dir='ltr'><strong><em>Β</em></strong></span> <span class='ocrx_word' id='word_1_253' title='bbox 1918 1790 2038 1831; x_wconf 90' lang='lat' dir='ltr'><strong><em>mos</em></strong></span> <span class='ocrx_word' id='word_1_254' title='bbox 2063 1783 2148 1832; x_wconf 90' lang='lat' dir='ltr'><strong><em>est</em></strong></span> <span class='ocrx_word' id='word_1_255' title='bbox 2171 1733 2440 1847; x_wconf 40' lang='lat' dir='ltr'><strong><em>sijmplicia</em></strong></span> <span class='ocrx_word' id='word_1_256' title='bbox 2480 1789 2713 1850; x_wconf 68' lang='lat' dir='ltr'><strong><em>quaeque</em></strong></span> <span class='ocrx_word' id='word_1_257' title='bbox 2760 1786 3040 1850; x_wconf 88' lang='lat' dir='ltr'><strong><em>torquere.</em></strong></span> <span class='ocrx_word' id='word_1_258' title='bbox 3087 1780 3218 1835; x_wconf 85' lang='lat' dir='ltr'><strong><em>Nam</em></strong></span> <span class='ocrx_word' id='word_1_259' title='bbox 3247 1789 3302 1837; x_wconf 92' lang='lat' dir='ltr'><strong><em>et</em></strong></span> <span class='ocrx_word' id='word_1_260' title='bbox 3329 1783 3507 1854; x_wconf 89' lang='lat' dir='ltr'><strong><em>ipsum</em></strong></span> 
     </span>
    </p>
   </div>
   <div class='ocr_carea' id='block_1_32' title="bbox 197 1864 1806 1938">
    <p class='ocr_par' dir='ltr' id='par_1_32' title="bbox 197 1864 1806 1938">
     <span class='ocr_line' id='line_1_33' title="bbox 197 1864 1806 1938; baseline 0 -18"><span class='ocrx_word' id='word_1_261' title='bbox 197 1867 424 1936; x_wconf 78' lang='lat' dir='ltr'><strong><em>faceret</em></strong></span> <span class='ocrx_word' id='word_1_262' title='bbox 459 1869 702 1932; x_wconf 86' lang='lat' dir='ltr'><strong><em>terram,</em></strong></span> <span class='ocrx_word' id='word_1_263' title='bbox 730 1866 895 1937; x_wconf 87' lang='lat' dir='ltr'><strong><em>prius</em></strong></span> <span class='ocrx_word' id='word_1_264' title='bbox 922 1881 1092 1938; x_wconf 84' lang='lat' dir='ltr'><strong><em>quam</em></strong></span> <span class='ocrx_word' id='word_1_265' title='bbox 1111 1869 1333 1925; x_wconf 79' lang='lat' dir='ltr'><strong><em>montes</em></strong></span> <span class='ocrx_word' id='word_1_266' title='bbox 1353 1864 1806 1930; x_wconf 79' lang='lat' dir='ltr'><strong><em>collocarentur;</em></strong></span> 
     </span>
    </p>
   </div>
   <div class='ocr_carea' id='block_1_33' title="bbox 202 1953 1810 2025">
    <p class='ocr_par' dir='ltr' id='par_1_33' title="bbox 202 1953 1810 2025">
     <span class='ocr_line' id='line_1_34' title="bbox 202 1953 1810 2025; baseline -0.002 -15"><span class='ocrx_word' id='word_1_267' title='bbox 202 1958 344 2012; x_wconf 77' lang='lat' dir='ltr'><strong><em>ante</em></strong></span> <span class='ocrx_word' id='word_1_268' title='bbox 395 1969 594 2012; x_wconf 84' lang='lat' dir='ltr'><strong><em>omnes</em></strong></span> <span class='ocrx_word' id='word_1_269' title='bbox 650 1957 846 2012; x_wconf 87' lang='lat' dir='ltr'><strong><em>autem</em></strong></span> <span class='ocrx_word' id='word_1_270' title='bbox 899 1953 1062 2012; x_wconf 79' lang='lat' dir='ltr'><strong><em>colles</em></strong></span> <span class='ocrx_word' id='word_1_271' title='bbox 1118 1953 1412 2025; x_wconf 86' lang='lat' dir='ltr'><strong><em>generavit</em></strong></span> <span class='ocrx_word' id='word_1_272' title='bbox 1465 1967 1594 2020; x_wconf 88' lang='lat' dir='ltr'><strong><em>me;</em></strong></span> <span class='ocrx_word' id='word_1_273' title='bbox 1647 1953 1810 2024; x_wconf 90' lang='lat' dir='ltr'><strong><em>prior</em></strong></span> 
     </span>
    </p>
   </div>
   <div class='ocr_carea' id='block_1_34' title="bbox 200 2039 1810 2116">
    <p class='ocr_par' dir='ltr' id='par_1_34' title="bbox 200 2039 1810 2116">
     <span class='ocr_line' id='line_1_35' title="bbox 200 2039 1810 2116; baseline -0.002 -14"><span class='ocrx_word' id='word_1_274' title='bbox 200 2048 402 2102; x_wconf 76' lang='lat' dir='ltr'><strong><em>autem</em></strong></span> <span class='ocrx_word' id='word_1_275' title='bbox 450 2045 647 2116; x_wconf 78' lang='lat' dir='ltr'><strong><em>abysso</em></strong></span> <span class='ocrx_word' id='word_1_276' title='bbox 697 2040 747 2083; x_wconf 83' lang='lat'><strong><em>9&quot;</em></strong></span> <span class='ocrx_word' id='word_1_277' title='bbox 790 2044 987 2116; x_wconf 86' lang='lat' dir='ltr'><strong><em>genita</em></strong></span> <span class='ocrx_word' id='word_1_278' title='bbox 1019 2059 1151 2101; x_wconf 86' lang='lat' dir='ltr'><strong><em>sum</em></strong></span> <span class='ocrx_word' id='word_1_279' title='bbox 1187 2042 1396 2115; x_wconf 85' lang='lat' dir='ltr'><strong><em>(Ibid.).</em></strong></span> <span class='ocrx_word' id='word_1_280' title='bbox 1437 2043 1713 2114; x_wconf 83' lang='lat' dir='ltr'><strong><em>Agnoscat</em></strong></span> <span class='ocrx_word' id='word_1_281' title='bbox 1757 2039 1810 2077; x_wconf 75' lang='grc'><strong><em>³⁸</em></strong></span> 
     </span>
    </p>
   </div>
   <div class='ocr_carea' id='block_1_35' title="bbox 198 2128 1808 2206">
    <p class='ocr_par' dir='ltr' id='par_1_35' title="bbox 198 2128 1808 2206">
     <span class='ocr_line' id='line_1_36' title="bbox 198 2128 1808 2206; baseline -0.001 -18"><span class='ocrx_word' id='word_1_282' title='bbox 198 2147 340 2206; x_wconf 74' lang='lat' dir='ltr'><strong><em>ergo</em></strong></span> <span class='ocrx_word' id='word_1_283' title='bbox 373 2132 758 2206; x_wconf 74' lang='lat' dir='ltr'><strong><em>Hermogenes</em></strong></span> <span class='ocrx_word' id='word_1_284' title='bbox 783 2131 984 2190; x_wconf 90' lang='lat' dir='ltr'><strong><em>idcirco</em></strong></span> <span class='ocrx_word' id='word_1_285' title='bbox 1012 2130 1170 2188; x_wconf 89' lang='lat' dir='ltr'><strong><em>etiam</em></strong></span> <span class='ocrx_word' id='word_1_286' title='bbox 1203 2131 1463 2203; x_wconf 89' lang='lat' dir='ltr'><strong><em>Sophiam</em></strong></span> <span class='ocrx_word' id='word_1_287' title='bbox 1499 2128 1599 2186; x_wconf 90' lang='lat' dir='ltr'><strong><em>Dei</em></strong></span> <span class='ocrx_word' id='word_1_288' title='bbox 1627 2137 1808 2186; x_wconf 89' lang='lat' dir='ltr'><strong><em>natam</em></strong></span> 
     </span>
    </p>
   </div>
   <div class='ocr_carea' id='block_1_36' title="bbox 204 2217 1806 2293">
    <p class='ocr_par' dir='ltr' id='par_1_36' title="bbox 204 2217 1806 2293">
     <span class='ocr_line' id='line_1_37' title="bbox 204 2217 1806 2293; baseline -0.003 -15"><span class='ocrx_word' id='word_1_289' title='bbox 204 2229 259 2278; x_wconf 87' lang='lat' dir='ltr'><strong><em>et</em></strong></span> <span class='ocrx_word' id='word_1_290' title='bbox 286 2221 572 2278; x_wconf 84' lang='lat' dir='ltr'><strong><em>conditam</em></strong></span> <span class='ocrx_word' id='word_1_291' title='bbox 622 2219 925 2293; x_wconf 70' lang='lat' dir='ltr'><strong><em>praedicari,</em></strong></span> <span class='ocrx_word' id='word_1_292' title='bbox 973 2236 1042 2277; x_wconf 87' lang='lat' dir='ltr'><strong><em>ne</em></strong></span> <span class='ocrx_word' id='word_1_293' title='bbox 1081 2219 1210 2292; x_wconf 85' lang='lat' dir='ltr'><strong><em>quid</em></strong></span> <span class='ocrx_word' id='word_1_294' title='bbox 1240 2220 1483 2276; x_wconf 89' lang='lat' dir='ltr'><strong><em>innatum</em></strong></span> <span class='ocrx_word' id='word_1_295' title='bbox 1529 2225 1585 2274; x_wconf 89' lang='lat' dir='ltr'><strong><em>et</em></strong></span> <span class='ocrx_word' id='word_1_296' title='bbox 1611 2217 1806 2274; x_wconf 91' lang='lat' dir='ltr'><strong><em>incon-</em></strong></span> 
     </span>
    </p>
   </div>
   <div class='ocr_carea' id='block_1_37' title="bbox 199 2306 1810 2383">
    <p class='ocr_par' dir='ltr' id='par_1_37' title="bbox 199 2306 1810 2383">
     <span class='ocr_line' id='line_1_38' title="bbox 199 2306 1810 2383; baseline -0.003 -17"><span class='ocrx_word' id='word_1_297' title='bbox 199 2311 370 2366; x_wconf 87' lang='lat' dir='ltr'><strong><em>ditum</em></strong></span> <span class='ocrx_word' id='word_1_298' title='bbox 419 2317 630 2383; x_wconf 68' lang='lat' dir='ltr'><strong><em>praeter</em></strong></span> <span class='ocrx_word' id='word_1_299' title='bbox 676 2307 853 2366; x_wconf 86' lang='lat' dir='ltr'><strong><em>solum</em></strong></span> <span class='ocrx_word' id='word_1_300' title='bbox 907 2309 1080 2366; x_wconf 90' lang='lat' dir='ltr'><strong><em>Deum</em></strong></span> <span class='ocrx_word' id='word_1_301' title='bbox 1125 2307 1504 2365; x_wconf 86' lang='lat' dir='ltr'><strong><em>crederemus.</em></strong></span> <span class='ocrx_word' id='word_1_302' title='bbox 1557 2306 1615 2362; x_wconf 89' lang='lat' dir='ltr'><strong><em>Si</em></strong></span> <span class='ocrx_word' id='word_1_303' title='bbox 1661 2306 1810 2362; x_wconf 92' lang='lat' dir='ltr'><strong><em>enim</em></strong></span> 
     </span>
    </p>
   </div>
   <div class='ocr_carea' id='block_1_38' title="bbox 205 2394 1807 2470">
    <p class='ocr_par' dir='ltr' id='par_1_38' title="bbox 205 2394 1807 2470">
     <span class='ocr_line' id='line_1_39' title="bbox 205 2394 1807 2470; baseline -0.002 -17"><span class='ocrx_word' id='word_1_304' title='bbox 205 2398 338 2454; x_wconf 79' lang='lat' dir='ltr'><strong><em>intra</em></strong></span> <span class='ocrx_word' id='word_1_305' title='bbox 390 2398 701 2454; x_wconf 87' lang='lat' dir='ltr'><strong><em>Dominum</em></strong></span> <span class='ocrx_word' id='word_1_306' title='bbox 754 2397 901 2470; x_wconf 90' lang='lat' dir='ltr'><strong><em>quod</em></strong></span> <span class='ocrx_word' id='word_1_307' title='bbox 957 2413 1026 2453; x_wconf 86' lang='lat' dir='ltr'><strong><em>ex</em></strong></span> <span class='ocrx_word' id='word_1_308' title='bbox 1078 2396 1200 2469; x_wconf 88' lang='lat' dir='ltr'><strong><em>ipso</em></strong></span> <span class='ocrx_word' id='word_1_309' title='bbox 1256 2404 1311 2452; x_wconf 91' lang='lat' dir='ltr'><strong><em>et</em></strong></span> <span class='ocrx_word' id='word_1_310' title='bbox 1363 2395 1432 2451; x_wconf 91' lang='lat' dir='ltr'><strong><em>in-</em></strong></span> <span class='ocrx_word' id='word_1_311' title='bbox 1483 2395 1602 2467; x_wconf 87' lang='lat' dir='ltr'><strong><em>ipso</em></strong></span> <span class='ocrx_word' id='word_1_312' title='bbox 1667 2394 1807 2463; x_wconf 88' lang='lat' dir='ltr'><strong><em>fuit,</em></strong></span> 
     </span>
    </p>
   </div>
   <div class='ocr_carea' id='block_1_39' title="bbox 211 2483 1809 2557">
    <p class='ocr_par' dir='ltr' id='par_1_39' title="bbox 211 2483 1809 2557">
     <span class='ocr_line' id='line_1_40' title="bbox 211 2483 1809 2557; baseline -0.002 -14"><span class='ocrx_word' id='word_1_313' title='bbox 211 2487 316 2544; x_wconf 84' lang='lat' dir='ltr'><strong><em>sine</em></strong></span> <span class='ocrx_word' id='word_1_314' title='bbox 345 2487 513 2542; x_wconf 90' lang='lat' dir='ltr'><strong><em>initio</em></strong></span> <span class='ocrx_word' id='word_1_315' title='bbox 547 2501 659 2542; x_wconf 90' lang='lat' dir='ltr'><strong><em>non</em></strong></span> <span class='ocrx_word' id='word_1_316' title='bbox 707 2485 847 2542; x_wconf 81' lang='lat' dir='ltr'><strong><em>fuit:</em></strong></span> <span class='ocrx_word' id='word_1_317' title='bbox 898 2484 1104 2557; x_wconf 81' lang='lat' dir='ltr'><strong><em>Saphia</em></strong></span> <span class='ocrx_word' id='word_1_318' title='bbox 1149 2483 1353 2540; x_wconf 82' lang='lat' dir='ltr'><strong><em>scilicet</em></strong></span> <span class='ocrx_word' id='word_1_319' title='bbox 1399 2483 1566 2555; x_wconf 88' lang='lat' dir='ltr'><strong><em>ipsius</em></strong></span> <span class='ocrx_word' id='word_1_320' title='bbox 1615 2484 1809 2540; x_wconf 80' lang='lat' dir='ltr'><strong><em>exinde</em></strong></span> 
     </span>
    </p>
   </div>
   <div class='ocr_carea' id='block_1_40' title="bbox 214 2571 1809 2647">
    <p class='ocr_par' dir='ltr' id='par_1_40' title="bbox 214 2571 1809 2647">
     <span class='ocr_line' id='line_1_41' title="bbox 214 2571 1809 2647; baseline -0.003 -15"><span class='ocrx_word' id='word_1_321' title='bbox 214 2585 324 2632; x_wconf 80' lang='lat' dir='ltr'><strong><em>nata</em></strong></span> <span class='ocrx_word' id='word_1_322' title='bbox 376 2584 436 2632; x_wconf 89' lang='lat' dir='ltr'><strong><em>et</em></strong></span> <span class='ocrx_word' id='word_1_323' title='bbox 495 2573 742 2640; x_wconf 87' lang='lat' dir='ltr'><strong><em>condita,</em></strong></span> <span class='ocrx_word' id='word_1_324' title='bbox 798 2589 865 2630; x_wconf 81' lang='lat' dir='ltr'><strong><em>ex</em></strong></span> <span class='ocrx_word' id='word_1_325' title='bbox 919 2587 1029 2647; x_wconf 90' lang='lat' dir='ltr'><strong><em>quo</em></strong></span> <span class='ocrx_word' id='word_1_326' title='bbox 1073 2572 1130 2630; x_wconf 92' lang='lat' dir='ltr'><strong><em>in</em></strong></span> <span class='ocrx_word' id='word_1_327' title='bbox 1178 2589 1340 2630; x_wconf 89' lang='lat' dir='ltr'><strong><em>sensu</em></strong></span> <span class='ocrx_word' id='word_1_328' title='bbox 1385 2571 1488 2628; x_wconf 84' lang='lat' dir='ltr'><strong><em>Dei</em></strong></span> <span class='ocrx_word' id='word_1_329' title='bbox 1536 2572 1603 2628; x_wconf 89' lang='lat' dir='ltr'><strong><em>ad</em></strong></span> <span class='ocrx_word' id='word_1_330' title='bbox 1641 2587 1809 2644; x_wconf 87' lang='lat' dir='ltr'><strong><em>opera</em></strong></span> 
     </span>
    </p>
   </div>
   <div class='ocr_carea' id='block_1_41' title="bbox 210 2659 1810 2737">
    <p class='ocr_par' dir='ltr' id='par_1_41' title="bbox 210 2659 1810 2737">
     <span class='ocr_line' id='line_1_42' title="bbox 210 2659 1810 2737; baseline -0.002 -17"><span class='ocrx_word' id='word_1_331' title='bbox 210 2665 384 2722; x_wconf 75' lang='lat' dir='ltr'><strong><em>mundi</em></strong></span> <span class='ocrx_word' id='word_1_332' title='bbox 442 2662 795 2737; x_wconf 74' lang='lat' dir='ltr'><strong><em>disponenda</em></strong></span> <span class='ocrx_word' id='word_1_333' title='bbox 873 2663 1040 2734; x_wconf 62' lang='lat' dir='ltr'><strong><em>cepit</em></strong></span> <span class='ocrx_word' id='word_1_334' title='bbox 1094 2661 1292 2736; x_wconf 77' lang='lat' dir='ltr'><strong><em>agitari</em></strong></span> <span class='ocrx_word' id='word_1_335' title='bbox 1337 2679 1350 2718; x_wconf 89' lang='lat'><strong><em>:</em></strong></span> <span class='ocrx_word' id='word_1_336' title='bbox 1413 2661 1580 2717; x_wconf 89' lang='lat' dir='ltr'><strong><em>multo</em></strong></span> <span class='ocrx_word' id='word_1_337' title='bbox 1634 2659 1810 2733; x_wconf 76' lang='lat' dir='ltr'><strong><em>magis</em></strong></span> 
     </span>
    </p>
   </div>
   <div class='ocr_carea' id='block_1_42' title="bbox 210 2748 1808 2826">
    <p class='ocr_par' dir='ltr' id='par_1_42' title="bbox 210 2748 1808 2826">
     <span class='ocr_line' id='line_1_43' title="bbox 210 2748 1808 2826; baseline -0.001 -18"><span class='ocrx_word' id='word_1_338' title='bbox 210 2768 305 2810; x_wconf 88' lang='lat' dir='ltr'><strong><em>non</em></strong></span> <span class='ocrx_word' id='word_1_339' title='bbox 359 2752 514 2826; x_wconf 81' lang='lat' dir='ltr'><strong><em>capit</em></strong></span> <span class='ocrx_word' id='word_1_340' title='bbox 572 2751 699 2810; x_wconf 85' lang='lat' dir='ltr'><strong><em>sine</em></strong></span> <span class='ocrx_word' id='word_1_341' title='bbox 751 2750 906 2808; x_wconf 89' lang='lat' dir='ltr'><strong><em>initio</em></strong></span> <span class='ocrx_word' id='word_1_342' title='bbox 962 2751 1259 2826; x_wconf 88' lang='lat' dir='ltr'><strong><em>quidquam</em></strong></span> <span class='ocrx_word' id='word_1_343' title='bbox 1309 2748 1480 2806; x_wconf 80' lang='lat' dir='ltr'><strong><em>fuisse</em></strong></span> <span class='ocrx_word' id='word_1_344' title='bbox 1534 2750 1649 2821; x_wconf 90' lang='lat'><strong><em>(38)</em></strong></span> <span class='ocrx_word' id='word_1_345' title='bbox 1699 2763 1808 2822; x_wconf 87' lang='lat' dir='ltr'><strong><em>quo</em></strong></span> 
     </span>
    </p>
   </div>
   <div class='ocr_carea' id='block_1_43' title="bbox 216 2836 1806 2909">
    <p class='ocr_par' dir='ltr' id='par_1_43' title="bbox 216 2836 1806 2909">
     <span class='ocr_line' id='line_1_44' title="bbox 216 2836 1806 2909; baseline -0.004 -10"><span class='ocrx_word' id='word_1_346' title='bbox 216 2852 349 2899; x_wconf 80' lang='lat' dir='ltr'><strong><em>extra</em></strong></span> <span class='ocrx_word' id='word_1_347' title='bbox 414 2839 718 2901; x_wconf 87' lang='lat' dir='ltr'><strong><em>Dominum</em></strong></span> <span class='ocrx_word' id='word_1_348' title='bbox 771 2839 952 2897; x_wconf 83' lang='lat' dir='ltr'><strong><em>fuerit.</em></strong></span> <span class='ocrx_word' id='word_1_349' title='bbox 1022 2839 1081 2896; x_wconf 93' lang='lat' dir='ltr'><strong><em>Si</em></strong></span> <span class='ocrx_word' id='word_1_350' title='bbox 1156 2853 1284 2897; x_wconf 87' lang='lat' dir='ltr'><strong><em>vero</em></strong></span> <span class='ocrx_word' id='word_1_351' title='bbox 1354 2836 1556 2909; x_wconf 84' lang='lat' dir='ltr'><strong><em>Sephia</em></strong></span> <span class='ocrx_word' id='word_1_352' title='bbox 1616 2837 1806 2894; x_wconf 87' lang='lat' dir='ltr'><strong><em>eadem</em></strong></span> 
     </span>
    </p>
   </div>
   <div class='ocr_carea' id='block_1_44' title="bbox 227 2925 1811 3001">
    <p class='ocr_par' dir='ltr' id='par_1_44' title="bbox 227 2925 1811 3001">
     <span class='ocr_line' id='line_1_45' title="bbox 227 2925 1811 3001; baseline -0.001 -15"><span class='ocrx_word' id='word_1_353' title='bbox 227 2930 315 2986; x_wconf 72' lang='lat' dir='ltr'><strong><em>Dei</em></strong></span> <span class='ocrx_word' id='word_1_354' title='bbox 379 2945 567 2989; x_wconf 80' lang='lat' dir='ltr'><strong><em>sermo</em></strong></span> <span class='ocrx_word' id='word_1_355' title='bbox 642 2937 726 2987; x_wconf 88' lang='lat' dir='ltr'><strong><em>est</em></strong></span> <span class='ocrx_word' id='word_1_356' title='bbox 790 2945 958 2987; x_wconf 87' lang='lat' dir='ltr'><strong><em>sensu</em></strong></span> <span class='ocrx_word' id='word_1_357' title='bbox 1031 2927 1226 3001; x_wconf 88' lang='lat' dir='ltr'><strong><em>sophia</em></strong></span> <span class='ocrx_word' id='word_1_358' title='bbox 1293 2925 1344 2964; x_wconf 79' lang='lat'><strong><em>9°</em></strong></span> <span class='ocrx_word' id='word_1_359' title='bbox 1397 2933 1450 2983; x_wconf 89' lang='lat' dir='ltr'><strong><em>et</em></strong></span> <span class='ocrx_word' id='word_1_360' title='bbox 1521 2926 1638 2981; x_wconf 90' lang='lat' dir='ltr'><strong><em>sine</em></strong></span> <span class='ocrx_word' id='word_1_361' title='bbox 1702 2941 1811 2996; x_wconf 90' lang='lat' dir='ltr'><strong><em>quo</em></strong></span> 
     </span>
    </p>
   </div>
   <div class='ocr_carea' id='block_1_45' title="bbox 1914 1863 3507 1943">
    <p class='ocr_par' dir='ltr' id='par_1_45' title="bbox 1914 1863 3507 1943">
     <span class='ocr_line' id='line_1_46' title="bbox 1914 1863 3507 1943; baseline 0.005 -24"><span class='ocrx_word' id='word_1_362' title='bbox 1914 1863 2265 1937; x_wconf 88' lang='lat' dir='ltr'><strong><em>principium,</em></strong></span> <span class='ocrx_word' id='word_1_363' title='bbox 2296 1865 2353 1921; x_wconf 91' lang='lat' dir='ltr'><strong><em>in</em></strong></span> <span class='ocrx_word' id='word_1_364' title='bbox 2374 1882 2482 1938; x_wconf 91' lang='lat' dir='ltr'><strong><em>quo</em></strong></span> <span class='ocrx_word' id='word_1_365' title='bbox 2511 1868 2657 1924; x_wconf 91' lang='lat' dir='ltr'><strong><em>Deus</em></strong></span> <span class='ocrx_word' id='word_1_366' title='bbox 2686 1866 2805 1924; x_wconf 81' lang='lat' dir='ltr'><strong><em>fecit</em></strong></span> <span class='ocrx_word' id='word_1_367' title='bbox 2833 1870 3033 1924; x_wconf 69' lang='lat' dir='ltr'><strong><em>caelum</em></strong></span> <span class='ocrx_word' id='word_1_368' title='bbox 3062 1881 3116 1925; x_wconf 90' lang='lat' dir='ltr'><strong><em>et</em></strong></span> <span class='ocrx_word' id='word_1_369' title='bbox 3135 1876 3330 1926; x_wconf 88' lang='lat' dir='ltr'><strong><em>terram</em></strong></span> <span class='ocrx_word' id='word_1_370' title='bbox 3368 1871 3507 1943; x_wconf 82' lang='lat'><strong><em>(39),</em></strong></span> 
     </span>
    </p>
   </div>
   <div class='ocr_carea' id='block_1_46' title="bbox 1916 1953 3507 2030">
    <p class='ocr_par' dir='ltr' id='par_1_46' title="bbox 1916 1953 3507 2030">
     <span class='ocr_line' id='line_1_47' title="bbox 1916 1953 3507 2030; baseline 0.006 -22"><span class='ocrx_word' id='word_1_371' title='bbox 1916 1953 2120 2027; x_wconf 90' lang='lat' dir='ltr'><strong><em>aliquid</em></strong></span> <span class='ocrx_word' id='word_1_372' title='bbox 2157 1953 2342 2010; x_wconf 90' lang='lat' dir='ltr'><strong><em>volunt</em></strong></span> <span class='ocrx_word' id='word_1_373' title='bbox 2371 1953 2540 2010; x_wconf 82' lang='lat' dir='ltr'><strong><em>fuisse</em></strong></span> <span class='ocrx_word' id='word_1_374' title='bbox 2586 1954 2739 2026; x_wconf 89' lang='lat' dir='ltr'><strong><em>quasi</em></strong></span> <span class='ocrx_word' id='word_1_375' title='bbox 2790 1955 3182 2013; x_wconf 84' lang='lat' dir='ltr'><strong><em>substantivum</em></strong></span> <span class='ocrx_word' id='word_1_376' title='bbox 3231 1969 3507 2030; x_wconf 87' lang='lat' dir='ltr'><strong><em>etcorpu-</em></strong></span> 
     </span>
    </p>
   </div>
   <div class='ocr_carea' id='block_1_47' title="bbox 1916 2041 3510 2117">
    <p class='ocr_par' dir='ltr' id='par_1_47' title="bbox 1916 2041 3510 2117">
     <span class='ocr_line' id='line_1_48' title="bbox 1916 2041 3510 2117; baseline 0.003 -19"><span class='ocrx_word' id='word_1_377' title='bbox 1916 2042 2144 2112; x_wconf 91' lang='lat' dir='ltr'><strong><em>lentum,</em></strong></span> <span class='ocrx_word' id='word_1_378' title='bbox 2175 2041 2320 2115; x_wconf 91' lang='lat' dir='ltr'><strong><em>quod</em></strong></span> <span class='ocrx_word' id='word_1_379' title='bbox 2366 2041 2422 2098; x_wconf 92' lang='lat' dir='ltr'><strong><em>in</em></strong></span> <span class='ocrx_word' id='word_1_380' title='bbox 2469 2042 2755 2097; x_wconf 87' lang='lat' dir='ltr'><strong><em>materiam</em></strong></span> <span class='ocrx_word' id='word_1_381' title='bbox 2801 2044 3140 2116; x_wconf 89' lang='lat' dir='ltr'><strong><em>interpretari</em></strong></span> <span class='ocrx_word' id='word_1_382' title='bbox 3168 2047 3364 2117; x_wconf 89' lang='lat' dir='ltr'><strong><em>possit.</em></strong></span> <span class='ocrx_word' id='word_1_383' title='bbox 3396 2046 3510 2103; x_wconf 89' lang='lat' dir='ltr'><strong><em>Nos</em></strong></span> 
     </span>
    </p>
   </div>
   <div class='ocr_carea' id='block_1_48' title="bbox 1916 2131 3510 2204">
    <p class='ocr_par' dir='ltr' id='par_1_48' title="bbox 1916 2131 3510 2204">
     <span class='ocr_line' id='line_1_49' title="bbox 1916 2131 3510 2204; baseline 0.004 -18"><span class='ocrx_word' id='word_1_384' title='bbox 1916 2142 2101 2188; x_wconf 89' lang='lat' dir='ltr'><strong><em>autem</em></strong></span> <span class='ocrx_word' id='word_1_385' title='bbox 2158 2131 2451 2203; x_wconf 87' lang='lat' dir='ltr'><strong><em>unicuique</em></strong></span> <span class='ocrx_word' id='word_1_386' title='bbox 2505 2131 2769 2188; x_wconf 88' lang='lat' dir='ltr'><strong><em>vocabulo</em></strong></span> <span class='ocrx_word' id='word_1_387' title='bbox 2837 2133 3218 2204; x_wconf 83' lang='lat' dir='ltr'><strong><em>preprietatem</em></strong></span> <span class='ocrx_word' id='word_1_388' title='bbox 3281 2152 3433 2192; x_wconf 83' lang='lat' dir='ltr'><strong><em>suam</em></strong></span> <span class='ocrx_word' id='word_1_389' title='bbox 3485 2137 3510 2171; x_wconf 74' lang='grc'>⁸</span> 
     </span>
    </p>
   </div>
   <div class='ocr_carea' id='block_1_49' title="bbox 1916 2221 3511 2296">
    <p class='ocr_par' dir='ltr' id='par_1_49' title="bbox 1916 2221 3511 2296">
     <span class='ocr_line' id='line_1_50' title="bbox 1916 2221 3511 2296; baseline 0.001 -15"><span class='ocrx_word' id='word_1_390' title='bbox 1916 2221 2272 2292; x_wconf 87' lang='lat' dir='ltr'><strong><em>vindicamus,</em></strong></span> <span class='ocrx_word' id='word_1_391' title='bbox 2312 2221 2637 2293; x_wconf 89' lang='lat' dir='ltr'><strong><em>principium</em></strong></span> <span class='ocrx_word' id='word_1_392' title='bbox 2667 2221 2882 2278; x_wconf 88' lang='lat' dir='ltr'><strong><em>initium</em></strong></span> <span class='ocrx_word' id='word_1_393' title='bbox 2925 2238 3065 2289; x_wconf 87' lang='lat' dir='ltr'><strong><em>esse,</em></strong></span> <span class='ocrx_word' id='word_1_394' title='bbox 3099 2232 3155 2279; x_wconf 89' lang='lat' dir='ltr'><strong><em>et</em></strong></span> <span class='ocrx_word' id='word_1_395' title='bbox 3181 2225 3511 2296; x_wconf 90' lang='lat' dir='ltr'><strong><em>competisse</em></strong></span> 
     </span>
    </p>
   </div>
   <div class='ocr_carea' id='block_1_50' title="bbox 1917 2309 3511 2386">
    <p class='ocr_par' dir='ltr' id='par_1_50' title="bbox 1917 2309 3511 2386">
     <span class='ocr_line' id='line_1_51' title="bbox 1917 2309 3511 2386; baseline 0.003 -20"><span class='ocrx_word' id='word_1_396' title='bbox 1917 2310 1991 2366; x_wconf 89' lang='lat' dir='ltr'><strong><em>ita</em></strong></span> <span class='ocrx_word' id='word_1_397' title='bbox 2018 2310 2148 2382; x_wconf 92' lang='lat' dir='ltr'><strong><em>poni</em></strong></span> <span class='ocrx_word' id='word_1_398' title='bbox 2185 2311 2347 2366; x_wconf 90' lang='lat' dir='ltr'><strong><em>rebus</em></strong></span> <span class='ocrx_word' id='word_1_399' title='bbox 2376 2309 2758 2381; x_wconf 88' lang='lat' dir='ltr'><strong><em>incipientibus</em></strong></span> <span class='ocrx_word' id='word_1_400' title='bbox 2804 2309 2941 2367; x_wconf 82' lang='lat' dir='ltr'><strong><em>ﬁeri.</em></strong></span> <span class='ocrx_word' id='word_1_401' title='bbox 2990 2311 3137 2367; x_wconf 89' lang='lat' dir='ltr'><strong><em>Nihil</em></strong></span> <span class='ocrx_word' id='word_1_402' title='bbox 3166 2312 3330 2382; x_wconf 91' lang='lat' dir='ltr'><strong><em>enim,</em></strong></span> <span class='ocrx_word' id='word_1_403' title='bbox 3364 2314 3511 2386; x_wconf 89' lang='lat' dir='ltr'><strong><em>quod</em></strong></span> 
     </span>
    </p>
   </div>
   <div class='ocr_carea' id='block_1_51' title="bbox 1917 2399 3512 2472">
    <p class='ocr_par' dir='ltr' id='par_1_51' title="bbox 1917 2399 3512 2472">
     <span class='ocr_line' id='line_1_52' title="bbox 1917 2399 3512 2472; baseline 0.002 -17"><span class='ocrx_word' id='word_1_404' title='bbox 1917 2399 2037 2456; x_wconf 84' lang='lat' dir='ltr'><strong><em>ﬁeri</em></strong></span> <span class='ocrx_word' id='word_1_405' title='bbox 2089 2400 2270 2470; x_wconf 85' lang='lat' dir='ltr'><strong><em>habet,</em></strong></span> <span class='ocrx_word' id='word_1_406' title='bbox 2330 2399 2444 2456; x_wconf 91' lang='lat' dir='ltr'><strong><em>sine</em></strong></span> <span class='ocrx_word' id='word_1_407' title='bbox 2474 2399 2627 2456; x_wconf 86' lang='lat' dir='ltr'><strong><em>initio</em></strong></span> <span class='ocrx_word' id='word_1_408' title='bbox 2683 2415 2825 2469; x_wconf 91' lang='lat' dir='ltr'><strong><em>esse,</em></strong></span> <span class='ocrx_word' id='word_1_409' title='bbox 2885 2401 3016 2472; x_wconf 89' lang='lat' dir='ltr'><strong><em>quin</em></strong></span> <span class='ocrx_word' id='word_1_410' title='bbox 3063 2401 3272 2458; x_wconf 87' lang='lat' dir='ltr'><strong><em>initium</em></strong></span> <span class='ocrx_word' id='word_1_411' title='bbox 3319 2403 3390 2458; x_wconf 89' lang='lat' dir='ltr'><strong><em>sit</em></strong></span> <span class='ocrx_word' id='word_1_412' title='bbox 3435 2403 3512 2458; x_wconf 90' lang='lat' dir='ltr'><strong><em>illi</em></strong></span> 
     </span>
    </p>
   </div>
   <div class='ocr_carea' id='block_1_52' title="bbox 1919 2486 3512 2562">
    <p class='ocr_par' dir='ltr' id='par_1_52' title="bbox 1919 2486 3512 2562">
     <span class='ocr_line' id='line_1_53' title="bbox 1919 2486 3512 2562; baseline 0.001 -18"><span class='ocrx_word' id='word_1_413' title='bbox 1919 2490 2095 2561; x_wconf 89' lang='lat' dir='ltr'><strong><em>ipsum</em></strong></span> <span class='ocrx_word' id='word_1_414' title='bbox 2143 2490 2275 2546; x_wconf 91' lang='lat' dir='ltr'><strong><em>dum</em></strong></span> <span class='ocrx_word' id='word_1_415' title='bbox 2322 2489 2512 2561; x_wconf 91' lang='lat' dir='ltr'><strong><em>incipit</em></strong></span> <span class='ocrx_word' id='word_1_416' title='bbox 2557 2486 2692 2545; x_wconf 85' lang='lat' dir='ltr'><strong><em>ﬁeri.</em></strong></span> <span class='ocrx_word' id='word_1_417' title='bbox 2742 2489 2822 2544; x_wconf 90' lang='lat' dir='ltr'><strong><em>Ita</em></strong></span> <span class='ocrx_word' id='word_1_418' title='bbox 2875 2489 3202 2562; x_wconf 89' lang='lat' dir='ltr'><strong><em>principium</em></strong></span> <span class='ocrx_word' id='word_1_419' title='bbox 3255 2491 3370 2549; x_wconf 85' lang='lat' dir='ltr'><strong><em>sive</em></strong></span> <span class='ocrx_word' id='word_1_420' title='bbox 3406 2490 3512 2546; x_wconf 85' lang='lat' dir='ltr'><strong><em>ini-</em></strong></span> 
     </span>
    </p>
   </div>
   <div class='ocr_carea' id='block_1_53' title="bbox 1920 2577 3515 2651">
    <p class='ocr_par' dir='ltr' id='par_1_53' title="bbox 1920 2577 3515 2651">
     <span class='ocr_line' id='line_1_54' title="bbox 1920 2577 3515 2651; baseline 0.001 -16"><span class='ocrx_word' id='word_1_421' title='bbox 1920 2579 2051 2635; x_wconf 88' lang='lat' dir='ltr'><strong><em>tium</em></strong></span> <span class='ocrx_word' id='word_1_422' title='bbox 2100 2579 2231 2650; x_wconf 80' lang='grc'><strong><em>(40),</em></strong></span> <span class='ocrx_word' id='word_1_423' title='bbox 2289 2577 2634 2649; x_wconf 70' lang='lat' dir='ltr'><strong><em>incmptionis</em></strong></span> <span class='ocrx_word' id='word_1_424' title='bbox 2680 2593 2802 2634; x_wconf 88' lang='lat' dir='ltr'><strong><em>esse</em></strong></span> <span class='ocrx_word' id='word_1_425' title='bbox 2846 2579 3096 2647; x_wconf 87' lang='lat' dir='ltr'><strong><em>verbum,</em></strong></span> <span class='ocrx_word' id='word_1_426' title='bbox 3146 2595 3254 2635; x_wconf 90' lang='lat' dir='ltr'><strong><em>non</em></strong></span> <span class='ocrx_word' id='word_1_427' title='bbox 3284 2580 3515 2651; x_wconf 89' lang='lat' dir='ltr'><strong><em>alicujus</em></strong></span> 
     </span>
    </p>
   </div>
   <div class='ocr_carea' id='block_1_54' title="bbox 1920 2667 3516 2739">
    <p class='ocr_par' dir='ltr' id='par_1_54' title="bbox 1920 2667 3516 2739">
     <span class='ocr_line' id='line_1_55' title="bbox 1920 2667 3516 2739; baseline 0.001 -16"><span class='ocrx_word' id='word_1_428' title='bbox 1920 2668 2237 2725; x_wconf 84' lang='lat' dir='ltr'><strong><em>substantiae</em></strong></span> <span class='ocrx_word' id='word_1_429' title='bbox 2284 2682 2498 2725; x_wconf 91' lang='lat' dir='ltr'><strong><em>nomen.</em></strong></span> <span class='ocrx_word' id='word_1_430' title='bbox 2558 2668 2677 2722; x_wconf 85' lang='lat' dir='ltr'><strong><em>Jum</em></strong></span> <span class='ocrx_word' id='word_1_431' title='bbox 2725 2681 2887 2735; x_wconf 91' lang='lat' dir='ltr'><strong><em>nunc,</em></strong></span> <span class='ocrx_word' id='word_1_432' title='bbox 2939 2667 2983 2722; x_wconf 91' lang='lat' dir='ltr'><strong><em>si</em></strong></span> <span class='ocrx_word' id='word_1_433' title='bbox 3037 2667 3360 2739; x_wconf 80' lang='lat' dir='ltr'><strong><em>principalia</em></strong></span> <span class='ocrx_word' id='word_1_434' title='bbox 3415 2669 3516 2725; x_wconf 92' lang='lat' dir='ltr'><strong><em>Dei</em></strong></span> 
     </span>
    </p>
   </div>
   <div class='ocr_carea' id='block_1_55' title="bbox 1917 2756 3515 2828">
    <p class='ocr_par' dir='ltr' id='par_1_55' title="bbox 1917 2756 3515 2828">
     <span class='ocr_line' id='line_1_56' title="bbox 1917 2756 3515 2828; baseline 0.001 -17"><span class='ocrx_word' id='word_1_435' title='bbox 1917 2771 2087 2828; x_wconf 89' lang='lat' dir='ltr'><strong><em>opera</em></strong></span> <span class='ocrx_word' id='word_1_436' title='bbox 2130 2756 2327 2813; x_wconf 72' lang='lat' dir='ltr'><strong><em>coelum</em></strong></span> <span class='ocrx_word' id='word_1_437' title='bbox 2373 2764 2428 2811; x_wconf 88' lang='lat' dir='ltr'><strong><em>et</em></strong></span> <span class='ocrx_word' id='word_1_438' title='bbox 2469 2763 2612 2812; x_wconf 90' lang='lat' dir='ltr'><strong><em>terra</em></strong></span> <span class='ocrx_word' id='word_1_439' title='bbox 2663 2762 2811 2824; x_wconf 87' lang='lat' dir='ltr'><strong><em>sunt,</em></strong></span> <span class='ocrx_word' id='word_1_440' title='bbox 2841 2771 2962 2827; x_wconf 80' lang='lat' dir='ltr'><strong><em>quae</em></strong></span> <span class='ocrx_word' id='word_1_441' title='bbox 2999 2765 3125 2813; x_wconf 87' lang='lat' dir='ltr'><strong><em>ante</em></strong></span> <span class='ocrx_word' id='word_1_442' title='bbox 3155 2757 3339 2813; x_wconf 90' lang='lat' dir='ltr'><strong><em>omnia</em></strong></span> <span class='ocrx_word' id='word_1_443' title='bbox 3366 2757 3515 2813; x_wconf 89' lang='lat' dir='ltr'><strong><em>Deus</em></strong></span> 
     </span>
    </p>
   </div>
   <div class='ocr_carea' id='block_1_56' title="bbox 1919 2841 3517 2919">
    <p class='ocr_par' dir='ltr' id='par_1_56' title="bbox 1919 2841 3517 2919">
     <span class='ocr_line' id='line_1_57' title="bbox 1919 2841 3517 2919; baseline 0.002 -20"><span class='ocrx_word' id='word_1_444' title='bbox 1919 2844 2046 2901; x_wconf 87' lang='lat' dir='ltr'><strong><em>fecit</em></strong></span> <span class='ocrx_word' id='word_1_445' title='bbox 2075 2860 2296 2902; x_wconf 89' lang='lat' dir='ltr'><strong><em>suorum</em></strong></span> <span class='ocrx_word' id='word_1_446' title='bbox 2331 2841 2354 2881; x_wconf 73' lang='grc' dir='ltr'><strong>τ</strong></span> <span class='ocrx_word' id='word_1_447' title='bbox 2385 2859 2506 2902; x_wconf 89' lang='lat' dir='ltr'><strong><em>esse</em></strong></span> <span class='ocrx_word' id='word_1_448' title='bbox 2534 2844 2754 2916; x_wconf 89' lang='lat' dir='ltr'><strong><em>proprie</em></strong></span> <span class='ocrx_word' id='word_1_449' title='bbox 2790 2843 3138 2916; x_wconf 88' lang='lat' dir='ltr'><strong><em>principium,</em></strong></span> <span class='ocrx_word' id='word_1_450' title='bbox 3172 2862 3296 2918; x_wconf 82' lang='lat' dir='ltr'><strong><em>quae</em></strong></span> <span class='ocrx_word' id='word_1_451' title='bbox 3334 2847 3517 2919; x_wconf 91' lang='lat' dir='ltr'><strong><em>priora</em></strong></span> 
     </span>
    </p>
   </div>
   <div class='ocr_carea' id='block_1_57' title="bbox 1921 2932 3519 3009">
    <p class='ocr_par' dir='ltr' id='par_1_57' title="bbox 1921 2932 3519 3009">
     <span class='ocr_line' id='line_1_58' title="bbox 1921 2932 3519 3009; baseline 0.004 -21"><span class='ocrx_word' id='word_1_452' title='bbox 1921 2941 2045 2990; x_wconf 87' lang='lat' dir='ltr'><strong><em>sunt</em></strong></span> <span class='ocrx_word' id='word_1_453' title='bbox 2071 2933 2230 3001; x_wconf 86' lang='lat' dir='ltr'><strong><em>facta,</em></strong></span> <span class='ocrx_word' id='word_1_454' title='bbox 2261 2934 2452 2988; x_wconf 89' lang='lat' dir='ltr'><strong><em>merito</em></strong></span> <span class='ocrx_word' id='word_1_455' title='bbox 2481 2933 2560 2988; x_wconf 89' lang='lat' dir='ltr'><strong><em>sic</em></strong></span> <span class='ocrx_word' id='word_1_456' title='bbox 2584 2932 2844 3004; x_wconf 75' lang='lat' dir='ltr'><strong><em>praefatur</em></strong></span> <span class='ocrx_word' id='word_1_457' title='bbox 2872 2933 3147 3004; x_wconf 89' lang='lat' dir='ltr'><strong><em>Scriptura</em></strong></span> <span class='ocrx_word' id='word_1_458' title='bbox 3173 2935 3227 2993; x_wconf 81' lang='lat'><strong><em>8:</em></strong></span> <span class='ocrx_word' id='word_1_459' title='bbox 3261 2937 3325 2992; x_wconf 84' lang='lat' dir='ltr'><strong><em>In</em></strong></span> <span class='ocrx_word' id='word_1_460' title='bbox 3352 2937 3519 3009; x_wconf 81' lang='lat' dir='ltr'><strong><em>prin-</em></strong></span> 
     </span>
    </p>
   </div>
   <div class='ocr_carea' id='block_1_58' title="bbox 239 3016 3516 3100">
    <p class='ocr_par' dir='ltr' id='par_1_58' title="bbox 239 3016 3516 3100">
     <span class='ocr_line' id='line_1_59' title="bbox 239 3016 3516 3100; baseline 0.002 -26"><span class='ocrx_word' id='word_1_461' title='bbox 239 3019 424 3077; x_wconf 73' lang='lat' dir='ltr'><strong><em>iactum</em></strong></span> <span class='ocrx_word' id='word_1_462' title='bbox 471 3031 553 3078; x_wconf 67' lang='lat' dir='ltr'><strong><em>at</em></strong></span> <span class='ocrx_word' id='word_1_463' title='bbox 597 3020 725 3076; x_wconf 82' lang='lat' dir='ltr'><strong><em>nihil</em></strong></span> <span class='ocrx_word' id='word_1_464' title='bbox 773 3021 962 3092; x_wconf 87' lang='lat' dir='ltr'><strong><em>(Joan.</em></strong></span> <span class='ocrx_word' id='word_1_465' title='bbox 1013 3036 1050 3086; x_wconf 85' lang='grc' dir='ltr'><strong><em>ι,</em></strong></span> <span class='ocrx_word' id='word_1_466' title='bbox 1101 3023 1178 3090; x_wconf 90' lang='lat'><strong><em>3),</em></strong></span> <span class='ocrx_word' id='word_1_467' title='bbox 1217 3017 1358 3075; x_wconf 88' lang='lat' dir='ltr'><strong><em>sicut</em></strong></span> <span class='ocrx_word' id='word_1_468' title='bbox 1402 3025 1458 3074; x_wconf 90' lang='lat' dir='ltr'><strong><em>et</em></strong></span> <span class='ocrx_word' id='word_1_469' title='bbox 1493 3016 1812 3089; x_wconf 88' lang='lat' dir='ltr'><strong><em>dispositum</em></strong></span> <span class='ocrx_word' id='word_1_470' title='bbox 1847 3019 1892 3100; x_wconf 70' lang='grc' dir='ltr'>ε</span> <span class='ocrx_word' id='word_1_471' title='bbox 1920 3025 2065 3096; x_wconf 86' lang='lat' dir='ltr'><strong><em>cipio</em></strong></span> <span class='ocrx_word' id='word_1_472' title='bbox 2094 3024 2231 3093; x_wconf 81' lang='lat' dir='ltr'><strong><em>fecit</em></strong></span> <span class='ocrx_word' id='word_1_473' title='bbox 2255 3024 2400 3079; x_wconf 86' lang='lat' dir='ltr'><strong><em>Deus</em></strong></span> <span class='ocrx_word' id='word_1_474' title='bbox 2427 3021 2632 3078; x_wconf 74' lang='lat' dir='ltr'><strong><em>caelum</em></strong></span> <span class='ocrx_word' id='word_1_475' title='bbox 2653 3026 2710 3077; x_wconf 90' lang='lat' dir='ltr'><strong><em>et</em></strong></span> <span class='ocrx_word' id='word_1_476' title='bbox 2733 3024 3113 3092; x_wconf 85' lang='lat' dir='ltr'><strong><em>terram(Gen.</em></strong></span> <span class='ocrx_word' id='word_1_477' title='bbox 3138 3039 3175 3089; x_wconf 84' lang='grc' dir='ltr'><strong><em>ι,</em></strong></span> <span class='ocrx_word' id='word_1_478' title='bbox 3202 3027 3516 3096; x_wconf 80' lang='lat' dir='ltr'><strong><em>l);quem-</em></strong></span> 
     </span>
    </p>
   </div>
   <div class='ocr_carea' id='block_1_59' title="bbox 237 3105 1816 3182">
    <p class='ocr_par' dir='ltr' id='par_1_59' title="bbox 237 3105 1816 3182">
     <span class='ocr_line' id='line_1_60' title="bbox 237 3105 1816 3182; baseline -0.004 -16"><span class='ocrx_word' id='word_1_479' title='bbox 237 3111 352 3166; x_wconf 82' lang='lat' dir='ltr'><strong><em>sine</em></strong></span> <span class='ocrx_word' id='word_1_480' title='bbox 396 3109 620 3182; x_wconf 72' lang='lat' dir='ltr'><strong><em>sophia.</em></strong></span> <span class='ocrx_word' id='word_1_481' title='bbox 649 3109 790 3182; x_wconf 80' lang='lat' dir='ltr'><strong><em>quale</em></strong></span> <span class='ocrx_word' id='word_1_482' title='bbox 837 3117 921 3166; x_wconf 85' lang='lat' dir='ltr'><strong><em>est</em></strong></span> <span class='ocrx_word' id='word_1_483' title='bbox 964 3117 1026 3166; x_wconf 90' lang='lat' dir='ltr'><strong><em>ut</em></strong></span> <span class='ocrx_word' id='word_1_484' title='bbox 1067 3108 1203 3164; x_wconf 87' lang='lat' dir='ltr'><strong><em>Filio</em></strong></span> <span class='ocrx_word' id='word_1_485' title='bbox 1249 3106 1347 3165; x_wconf 86' lang='lat' dir='ltr'><strong><em>Dei</em></strong></span> <span class='ocrx_word' id='word_1_486' title='bbox 1393 3120 1644 3162; x_wconf 90' lang='lat' dir='ltr'><strong><em>sermone</em></strong></span> <span class='ocrx_word' id='word_1_487' title='bbox 1689 3105 1816 3161; x_wconf 90' lang='lat' dir='ltr'><strong><em>uni-</em></strong></span> 
     </span>
    </p>
   </div>
   <div class='ocr_carea' id='block_1_60' title="bbox 265 3194 1816 3274">
    <p class='ocr_par' dir='ltr' id='par_1_60' title="bbox 265 3194 1816 3274">
     <span class='ocr_line' id='line_1_61' title="bbox 265 3194 1816 3274; baseline -0.003 -20"><span class='ocrx_word' id='word_1_488' title='bbox 265 3198 432 3255; x_wconf 80' lang='lat' dir='ltr'><strong><em>enito</em></strong></span> <span class='ocrx_word' id='word_1_489' title='bbox 489 3205 540 3254; x_wconf 89' lang='lat' dir='ltr'><strong><em>et</em></strong></span> <span class='ocrx_word' id='word_1_490' title='bbox 584 3198 946 3274; x_wconf 71' lang='lat' dir='ltr'><strong><em>primogenito</em></strong></span> <span class='ocrx_word' id='word_1_491' title='bbox 1000 3197 1204 3271; x_wconf 90' lang='lat' dir='ltr'><strong><em>aliquid</em></strong></span> <span class='ocrx_word' id='word_1_492' title='bbox 1257 3194 1419 3252; x_wconf 76' lang='lat' dir='ltr'><strong><em>fuerit</em></strong></span> <span class='ocrx_word' id='word_1_493' title='bbox 1472 3201 1668 3268; x_wconf 58' lang='lat' dir='ltr'><strong><em>praeter</em></strong></span> <span class='ocrx_word' id='word_1_494' title='bbox 1717 3195 1816 3250; x_wconf 85' lang='lat' dir='ltr'><strong><em>Pa-</em></strong></span> 
     </span>
    </p>
   </div>
   <div class='ocr_carea' id='block_1_61' title="bbox 240 3283 1812 3364">
    <p class='ocr_par' dir='ltr' id='par_1_61' title="bbox 240 3283 1812 3364">
     <span class='ocr_line' id='line_1_62' title="bbox 240 3283 1812 3364; baseline -0.004 -17"><span class='ocrx_word' id='word_1_495' title='bbox 240 3305 355 3347; x_wconf 85' lang='lat' dir='ltr'><strong><em>rem</em></strong></span> <span class='ocrx_word' id='word_1_496' title='bbox 405 3289 717 3364; x_wconf 82' lang='lat' dir='ltr'><strong><em>antiquius:</em></strong></span> <span class='ocrx_word' id='word_1_497' title='bbox 764 3300 818 3347; x_wconf 89' lang='lat' dir='ltr'><strong><em>et</em></strong></span> <span class='ocrx_word' id='word_1_498' title='bbox 873 3291 979 3348; x_wconf 90' lang='lat' dir='ltr'><strong><em>hoc</em></strong></span> <span class='ocrx_word' id='word_1_499' title='bbox 1022 3290 1186 3346; x_wconf 91' lang='lat' dir='ltr'><strong><em>modo</em></strong></span> <span class='ocrx_word' id='word_1_500' title='bbox 1242 3287 1430 3360; x_wconf 87' lang='lat' dir='ltr'><strong><em>utique</em></strong></span> <span class='ocrx_word' id='word_1_501' title='bbox 1475 3283 1812 3361; x_wconf 74' lang='lat' dir='ltr'><strong><em>generosius,</em></strong></span> 
     </span>
    </p>
   </div>
   <div class='ocr_carea' id='block_1_62' title="bbox 220 3373 1813 3453">
    <p class='ocr_par' dir='ltr' id='par_1_62' title="bbox 220 3373 1813 3453">
     <span class='ocr_line' id='line_1_63' title="bbox 220 3373 1813 3453; baseline -0.004 -17"><span class='ocrx_word' id='word_1_502' title='bbox 220 3380 414 3436; x_wconf 85' lang='lat' dir='ltr'><strong><em>nedum</em></strong></span> <span class='ocrx_word' id='word_1_503' title='bbox 444 3381 600 3453; x_wconf 84' lang='lat' dir='ltr'><strong><em>quod</em></strong></span> <span class='ocrx_word' id='word_1_504' title='bbox 640 3381 887 3436; x_wconf 88' lang='lat' dir='ltr'><strong><em>innatum</em></strong></span> <span class='ocrx_word' id='word_1_505' title='bbox 920 3377 944 3418; x_wconf 79' lang='grc'><strong><em>¹</em></strong></span> <span class='ocrx_word' id='word_1_506' title='bbox 970 3388 1097 3437; x_wconf 89' lang='lat' dir='ltr'><strong><em>nato</em></strong></span> <span class='ocrx_word' id='word_1_507' title='bbox 1131 3377 1341 3444; x_wconf 83' lang='lat' dir='ltr'><strong><em>fortius,</em></strong></span> <span class='ocrx_word' id='word_1_508' title='bbox 1375 3384 1428 3433; x_wconf 92' lang='lat' dir='ltr'><strong><em>et</em></strong></span> <span class='ocrx_word' id='word_1_509' title='bbox 1465 3375 1612 3448; x_wconf 90' lang='lat' dir='ltr'><strong><em>quod</em></strong></span> <span class='ocrx_word' id='word_1_510' title='bbox 1639 3373 1813 3430; x_wconf 80' lang='lat' dir='ltr'><strong><em>infec-</em></strong></span> 
     </span>
    </p>
   </div>
   <div class='ocr_carea' id='block_1_63' title="bbox 217 3463 1814 3541">
    <p class='ocr_par' dir='ltr' id='par_1_63' title="bbox 217 3463 1814 3541">
     <span class='ocr_line' id='line_1_64' title="bbox 217 3463 1814 3541; baseline -0.004 -15"><span class='ocrx_word' id='word_1_511' title='bbox 217 3481 321 3526; x_wconf 82' lang='lat' dir='ltr'><strong><em>tam</em></strong></span> <span class='ocrx_word' id='word_1_512' title='bbox 368 3469 517 3528; x_wconf 76' lang='lat' dir='ltr'><strong><em>iacto</em></strong></span> <span class='ocrx_word' id='word_1_513' title='bbox 545 3470 572 3508; x_wconf 85' lang='grc'><strong>²</strong></span> <span class='ocrx_word' id='word_1_514' title='bbox 617 3469 851 3527; x_wconf 85' lang='lat' dir='ltr'><strong><em>validius</em></strong></span> <span class='ocrx_word' id='word_1_515' title='bbox 878 3470 908 3526; x_wconf 74' lang='grc' dir='ltr'><em>ἳ</em></span> <span class='ocrx_word' id='word_1_516' title='bbox 955 3467 1087 3541; x_wconf 90' lang='lat' dir='ltr'><strong><em>quia</em></strong></span> <span class='ocrx_word' id='word_1_517' title='bbox 1131 3468 1280 3540; x_wconf 84' lang='lat' dir='ltr'><strong><em>quod</em></strong></span> <span class='ocrx_word' id='word_1_518' title='bbox 1324 3474 1383 3522; x_wconf 91' lang='lat' dir='ltr'><strong><em>ut</em></strong></span> <span class='ocrx_word' id='word_1_519' title='bbox 1425 3471 1572 3520; x_wconf 87' lang='lat' dir='ltr'><strong><em>esset</em></strong></span> <span class='ocrx_word' id='word_1_520' title='bbox 1614 3463 1814 3520; x_wconf 88' lang='lat' dir='ltr'><strong><em>nullius</em></strong></span> 
     </span>
    </p>
   </div>
   <div class='ocr_carea' id='block_1_64' title="bbox 221 3551 1822 3631">
    <p class='ocr_par' dir='ltr' id='par_1_64' title="bbox 221 3551 1822 3631">
     <span class='ocr_line' id='line_1_65' title="bbox 221 3551 1822 3631; baseline -0.006 -15"><span class='ocrx_word' id='word_1_521' title='bbox 221 3561 366 3630; x_wconf 77' lang='lat' dir='ltr'><strong><em>eguit</em></strong></span> <span class='ocrx_word' id='word_1_522' title='bbox 421 3558 686 3631; x_wconf 86' lang='lat' dir='ltr'><strong><em>auctoris,</em></strong></span> <span class='ocrx_word' id='word_1_523' title='bbox 739 3558 908 3615; x_wconf 90' lang='lat' dir='ltr'><strong><em>multo</em></strong></span> <span class='ocrx_word' id='word_1_524' title='bbox 953 3556 1237 3614; x_wconf 88' lang='lat' dir='ltr'><strong><em>sublimius</em></strong></span> <span class='ocrx_word' id='word_1_525' title='bbox 1279 3554 1385 3611; x_wconf 89' lang='lat' dir='ltr'><strong><em>erit</em></strong></span> <span class='ocrx_word' id='word_1_526' title='bbox 1425 3567 1491 3610; x_wconf 91' lang='lat' dir='ltr'><strong><em>eo</em></strong></span> <span class='ocrx_word' id='word_1_527' title='bbox 1538 3551 1705 3625; x_wconf 87' lang='lat' dir='ltr'><strong><em>quod,</em></strong></span> <span class='ocrx_word' id='word_1_528' title='bbox 1755 3556 1822 3608; x_wconf 85' lang='lat' dir='ltr'><strong><em>ut</em></strong></span> 
     </span>
    </p>
   </div>
   <div class='ocr_carea' id='block_1_65' title="bbox 219 3640 1812 3722">
    <p class='ocr_par' dir='ltr' id='par_1_65' title="bbox 219 3640 1812 3722">
     <span class='ocr_line' id='line_1_66' title="bbox 219 3640 1812 3722; baseline -0.007 -16"><span class='ocrx_word' id='word_1_529' title='bbox 219 3657 382 3716; x_wconf 83' lang='lat' dir='ltr'><strong><em>esset,</em></strong></span> <span class='ocrx_word' id='word_1_530' title='bbox 410 3649 658 3722; x_wconf 80' lang='lat' dir='ltr'><strong><em>aliquem</em></strong></span> <span class='ocrx_word' id='word_1_531' title='bbox 702 3647 892 3704; x_wconf 86' lang='lat' dir='ltr'><strong><em>habuit</em></strong></span> <span class='ocrx_word' id='word_1_532' title='bbox 937 3654 1214 3704; x_wconf 89' lang='lat' dir='ltr'><strong><em>auctorem</em></strong></span> <span class='ocrx_word' id='word_1_533' title='bbox 1248 3661 1262 3702; x_wconf 89' lang='lat'><strong><em>:</em></strong></span> <span class='ocrx_word' id='word_1_534' title='bbox 1312 3642 1561 3716; x_wconf 90' lang='lat' dir='ltr'><strong><em>proinde,</em></strong></span> <span class='ocrx_word' id='word_1_535' title='bbox 1603 3640 1649 3697; x_wconf 90' lang='lat' dir='ltr'><strong><em>si</em></strong></span> <span class='ocrx_word' id='word_1_536' title='bbox 1697 3656 1812 3696; x_wconf 87' lang='lat' dir='ltr'><strong><em>ma-</em></strong></span> 
     </span>
    </p>
   </div>
   <div class='ocr_carea' id='block_1_66' title="bbox 214 3731 1812 3820">
    <p class='ocr_par' dir='ltr' id='par_1_66' title="bbox 214 3731 1812 3820">
     <span class='ocr_line' id='line_1_67' title="bbox 214 3731 1812 3820; baseline -0.004 -27"><span class='ocrx_word' id='word_1_537' title='bbox 214 3737 324 3793; x_wconf 87' lang='lat' dir='ltr'><strong><em>lum</em></strong></span> <span class='ocrx_word' id='word_1_538' title='bbox 378 3738 601 3811; x_wconf 88' lang='lat' dir='ltr'><strong><em>quidem</em></strong></span> <span class='ocrx_word' id='word_1_539' title='bbox 658 3737 907 3797; x_wconf 87' lang='lat' dir='ltr'><strong><em>innatum</em></strong></span> <span class='ocrx_word' id='word_1_540' title='bbox 965 3744 1065 3806; x_wconf 88' lang='lat' dir='ltr'><strong><em>est,</em></strong></span> <span class='ocrx_word' id='word_1_541' title='bbox 1125 3743 1282 3792; x_wconf 88' lang='lat' dir='ltr'><strong><em>natus</em></strong></span> <span class='ocrx_word' id='word_1_542' title='bbox 1340 3741 1522 3791; x_wconf 89' lang='lat' dir='ltr'><strong><em>autem</em></strong></span> <span class='ocrx_word' id='word_1_543' title='bbox 1561 3731 1586 3770; x_wconf 85' lang='lat'><strong>3</strong></span> <span class='ocrx_word' id='word_1_544' title='bbox 1619 3745 1812 3820; x_wconf 36' lang='lat' dir='ltr'><strong><em>osermo</em></strong></span> 
     </span>
    </p>
   </div>
   <div class='ocr_carea' id='block_1_67' title="bbox 1926 3107 3518 3168">
    <p class='ocr_par' dir='ltr' id='par_1_67' title="bbox 1926 3107 3518 3168">
     <span class='ocr_line' id='line_1_68' title="bbox 1926 3107 3518 3168; baseline -0.001 0"><span class='ocrx_word' id='word_1_545' title='bbox 1926 3110 2221 3168; x_wconf 88' lang='lat' dir='ltr'><strong><em>admodum</em></strong></span> <span class='ocrx_word' id='word_1_546' title='bbox 2276 3107 2506 3166; x_wconf 82' lang='lat' dir='ltr'><strong><em>dixisset</em></strong></span> <span class='ocrx_word' id='word_1_547' title='bbox 2547 3125 2563 3164; x_wconf 90' lang='lat'><strong><em>:</em></strong></span> <span class='ocrx_word' id='word_1_548' title='bbox 2623 3108 2684 3162; x_wconf 86' lang='lat' dir='ltr'><strong><em>In</em></strong></span> <span class='ocrx_word' id='word_1_549' title='bbox 2741 3108 2906 3164; x_wconf 86' lang='lat' dir='ltr'><strong><em>ﬁnem</em></strong></span> <span class='ocrx_word' id='word_1_550' title='bbox 2953 3111 3098 3165; x_wconf 90' lang='lat' dir='ltr'><strong><em>Deus</em></strong></span> <span class='ocrx_word' id='word_1_551' title='bbox 3146 3110 3274 3168; x_wconf 86' lang='lat' dir='ltr'><strong><em>fecit</em></strong></span> <span class='ocrx_word' id='word_1_552' title='bbox 3319 3113 3518 3168; x_wconf 88' lang='lat' dir='ltr'><strong><em>coelum</em></strong></span> 
     </span>
    </p>
   </div>
   <div class='ocr_carea' id='block_1_68' title="bbox 1925 3195 3514 3270">
    <p class='ocr_par' dir='ltr' id='par_1_68' title="bbox 1925 3195 3514 3270">
     <span class='ocr_line' id='line_1_69' title="bbox 1925 3195 3514 3270; baseline -0.003 -11"><span class='ocrx_word' id='word_1_553' title='bbox 1925 3211 1981 3259; x_wconf 89' lang='lat' dir='ltr'><strong><em>et</em></strong></span> <span class='ocrx_word' id='word_1_554' title='bbox 2015 3208 2210 3256; x_wconf 90' lang='lat' dir='ltr'><strong><em>terram</em></strong></span> <span class='ocrx_word' id='word_1_555' title='bbox 2236 3215 2252 3254; x_wconf 90' lang='lat'><strong><em>:</em></strong></span> <span class='ocrx_word' id='word_1_556' title='bbox 2280 3197 2329 3254; x_wconf 92' lang='lat' dir='ltr'><strong><em>si</em></strong></span> <span class='ocrx_word' id='word_1_557' title='bbox 2356 3203 2482 3270; x_wconf 90' lang='lat' dir='ltr'><strong><em>post</em></strong></span> <span class='ocrx_word' id='word_1_558' title='bbox 2504 3196 2761 3253; x_wconf 88' lang='lat' dir='ltr'><strong><em>universa</em></strong></span> <span class='ocrx_word' id='word_1_559' title='bbox 2805 3195 3044 3253; x_wconf 83' lang='lat' dir='ltr'><strong><em>fecisset.</em></strong></span> <span class='ocrx_word' id='word_1_560' title='bbox 3076 3199 3186 3253; x_wconf 85' lang='lat' dir='ltr'><strong><em>Aut</em></strong></span> <span class='ocrx_word' id='word_1_561' title='bbox 3224 3200 3270 3254; x_wconf 91' lang='lat' dir='ltr'><strong><em>si</em></strong></span> <span class='ocrx_word' id='word_1_562' title='bbox 3299 3201 3514 3270; x_wconf 88' lang='lat' dir='ltr'><strong><em>princi-</em></strong></span> 
     </span>
    </p>
   </div>
   <div class='ocr_carea' id='block_1_69' title="bbox 1923 3284 3514 3362">
    <p class='ocr_par' dir='ltr' id='par_1_69' title="bbox 1923 3284 3514 3362">
     <span class='ocr_line' id='line_1_70' title="bbox 1923 3284 3514 3362; baseline -0.001 -17"><span class='ocrx_word' id='word_1_563' title='bbox 1923 3290 2073 3362; x_wconf 89' lang='lat' dir='ltr'><strong><em>pium</em></strong></span> <span class='ocrx_word' id='word_1_564' title='bbox 2109 3286 2298 3361; x_wconf 85' lang='lat' dir='ltr'><strong><em>aliqua</em></strong></span> <span class='ocrx_word' id='word_1_565' title='bbox 2341 3286 2646 3344; x_wconf 87' lang='lat' dir='ltr'><strong><em>substantia</em></strong></span> <span class='ocrx_word' id='word_1_566' title='bbox 2674 3293 2777 3355; x_wconf 90' lang='lat' dir='ltr'><strong><em>est,</em></strong></span> <span class='ocrx_word' id='word_1_567' title='bbox 2819 3284 2921 3342; x_wconf 87' lang='lat' dir='ltr'><strong><em>erit</em></strong></span> <span class='ocrx_word' id='word_1_568' title='bbox 2948 3294 3002 3342; x_wconf 90' lang='lat' dir='ltr'><strong><em>et</em></strong></span> <span class='ocrx_word' id='word_1_569' title='bbox 3039 3285 3161 3342; x_wconf 84' lang='lat' dir='ltr'><strong><em>ﬁnis</em></strong></span> <span class='ocrx_word' id='word_1_570' title='bbox 3188 3285 3372 3360; x_wconf 89' lang='lat' dir='ltr'><strong><em>aliqua</em></strong></span> <span class='ocrx_word' id='word_1_571' title='bbox 3400 3303 3514 3343; x_wconf 88' lang='lat' dir='ltr'><strong><em>ma-</em></strong></span> 
     </span>
    </p>
   </div>
   <div class='ocr_carea' id='block_1_70' title="bbox 1922 3373 3515 3446">
    <p class='ocr_par' dir='ltr' id='par_1_70' title="bbox 1922 3373 3515 3446">
     <span class='ocr_line' id='line_1_71' title="bbox 1922 3373 3515 3446; baseline -0.001 -13"><span class='ocrx_word' id='word_1_572' title='bbox 1922 3378 2086 3433; x_wconf 89' lang='lat' dir='ltr'><strong><em>teria.</em></strong></span> <span class='ocrx_word' id='word_1_573' title='bbox 2151 3376 2312 3433; x_wconf 86' lang='lat' dir='ltr'><strong><em>Plane</em></strong></span> <span class='ocrx_word' id='word_1_574' title='bbox 2373 3374 2560 3432; x_wconf 90' lang='lat' dir='ltr'><strong><em>licebit</em></strong></span> <span class='ocrx_word' id='word_1_575' title='bbox 2622 3373 2785 3430; x_wconf 90' lang='lat' dir='ltr'><strong><em>etiam</em></strong></span> <span class='ocrx_word' id='word_1_576' title='bbox 2856 3373 3250 3430; x_wconf 85' lang='lat' dir='ltr'><strong><em>substantivum</em></strong></span> <span class='ocrx_word' id='word_1_577' title='bbox 3308 3375 3515 3446; x_wconf 89' lang='lat' dir='ltr'><strong><em>aliquid</em></strong></span> 
     </span>
    </p>
   </div>
   <div class='ocr_carea' id='block_1_71' title="bbox 1920 3463 3512 3540">
    <p class='ocr_par' dir='ltr' id='par_1_71' title="bbox 1920 3463 3512 3540">
     <span class='ocr_line' id='line_1_72' title="bbox 1920 3463 3512 3540; baseline -0.002 -17"><span class='ocrx_word' id='word_1_578' title='bbox 1920 3465 2250 3540; x_wconf 89' lang='lat' dir='ltr'><strong><em>principium</em></strong></span> <span class='ocrx_word' id='word_1_579' title='bbox 2293 3480 2414 3522; x_wconf 88' lang='lat' dir='ltr'><strong><em>esse</em></strong></span> <span class='ocrx_word' id='word_1_580' title='bbox 2458 3463 2553 3520; x_wconf 86' lang='lat' dir='ltr'><strong><em>alii</em></strong></span> <span class='ocrx_word' id='word_1_581' title='bbox 2596 3463 2694 3532; x_wconf 88' lang='lat' dir='ltr'><strong><em>rei,</em></strong></span> <span class='ocrx_word' id='word_1_582' title='bbox 2736 3477 2861 3535; x_wconf 72' lang='lat' dir='ltr'><strong><em>quae</em></strong></span> <span class='ocrx_word' id='word_1_583' title='bbox 2915 3479 2980 3518; x_wconf 82' lang='lat' dir='ltr'><strong><em>ex</em></strong></span> <span class='ocrx_word' id='word_1_584' title='bbox 3028 3463 3148 3534; x_wconf 89' lang='lat' dir='ltr'><strong><em>ipso</em></strong></span> <span class='ocrx_word' id='word_1_585' title='bbox 3193 3464 3262 3520; x_wconf 88' lang='lat' dir='ltr'><strong><em>sit</em></strong></span> <span class='ocrx_word' id='word_1_586' title='bbox 3307 3463 3512 3535; x_wconf 88' lang='lat' dir='ltr'><strong><em>futura,</em></strong></span> 
     </span>
    </p>
   </div>
   <div class='ocr_carea' id='block_1_72' title="bbox 1920 3552 3516 3628">
    <p class='ocr_par' dir='ltr' id='par_1_72' title="bbox 1920 3552 3516 3628">
     <span class='ocr_line' id='line_1_73' title="bbox 1920 3552 3516 3628; baseline -0.002 -16"><span class='ocrx_word' id='word_1_587' title='bbox 1920 3563 1982 3612; x_wconf 88' lang='lat' dir='ltr'><strong><em>ut</em></strong></span> <span class='ocrx_word' id='word_1_588' title='bbox 2023 3554 2215 3628; x_wconf 76' lang='lat' dir='ltr'><strong><em>argilla</em></strong></span> <span class='ocrx_word' id='word_1_589' title='bbox 2259 3552 2580 3626; x_wconf 89' lang='lat' dir='ltr'><strong><em>principium</em></strong></span> <span class='ocrx_word' id='word_1_590' title='bbox 2628 3558 2802 3623; x_wconf 84' lang='lat' dir='ltr'><strong><em>testae,</em></strong></span> <span class='ocrx_word' id='word_1_591' title='bbox 2853 3556 2913 3607; x_wconf 88' lang='lat' dir='ltr'><strong><em>ut</em></strong></span> <span class='ocrx_word' id='word_1_592' title='bbox 2958 3566 3145 3608; x_wconf 90' lang='lat' dir='ltr'><strong><em>semen</em></strong></span> <span class='ocrx_word' id='word_1_593' title='bbox 3190 3552 3516 3625; x_wconf 87' lang='lat' dir='ltr'><strong><em>principium</em></strong></span> 
     </span>
    </p>
   </div>
   <div class='ocr_carea' id='block_1_73' title="bbox 1921 3640 3519 3714">
    <p class='ocr_par' dir='ltr' id='par_1_73' title="bbox 1921 3640 3519 3714">
     <span class='ocr_line' id='line_1_74' title="bbox 1921 3640 3519 3714; baseline 0.001 -16"><span class='ocrx_word' id='word_1_594' title='bbox 1921 3643 2122 3699; x_wconf 71' lang='lat' dir='ltr'><strong><em>berbtei</em></strong></span> <span class='ocrx_word' id='word_1_595' title='bbox 2185 3641 2294 3699; x_wconf 89' lang='lat' dir='ltr'><strong><em>Sed</em></strong></span> <span class='ocrx_word' id='word_1_596' title='bbox 2347 3657 2472 3698; x_wconf 90' lang='lat' dir='ltr'><strong><em>cum</em></strong></span> <span class='ocrx_word' id='word_1_597' title='bbox 2536 3643 2616 3698; x_wconf 86' lang='lat' dir='ltr'><strong><em>ita</em></strong></span> <span class='ocrx_word' id='word_1_598' title='bbox 2673 3640 2877 3696; x_wconf 90' lang='lat' dir='ltr'><strong><em>utimur</em></strong></span> <span class='ocrx_word' id='word_1_599' title='bbox 2931 3641 3199 3698; x_wconf 87' lang='lat' dir='ltr'><strong><em>vocabulo</em></strong></span> <span class='ocrx_word' id='word_1_600' title='bbox 3261 3641 3519 3714; x_wconf 89' lang='lat' dir='ltr'><strong><em>principii</em></strong></span> 
     </span>
    </p>
   </div>
   <div class='ocr_carea' id='block_1_74' title="bbox 1924 3727 3516 3805">
    <p class='ocr_par' dir='ltr' id='par_1_74' title="bbox 1924 3727 3516 3805">
     <span class='ocr_line' id='line_1_75' title="bbox 1924 3727 3516 3805; baseline 0.001 -18"><span class='ocrx_word' id='word_1_601' title='bbox 1924 3732 2084 3804; x_wconf 88' lang='lat' dir='ltr'><strong><em>quasi</em></strong></span> <span class='ocrx_word' id='word_1_602' title='bbox 2139 3729 2386 3805; x_wconf 74' lang='lat' dir='ltr'><strong><em>originis,</em></strong></span> <span class='ocrx_word' id='word_1_603' title='bbox 2434 3744 2542 3787; x_wconf 93' lang='lat' dir='ltr'><strong><em>non</em></strong></span> <span class='ocrx_word' id='word_1_604' title='bbox 2587 3729 2741 3803; x_wconf 89' lang='lat' dir='ltr'><strong><em>quasi</em></strong></span> <span class='ocrx_word' id='word_1_605' title='bbox 2783 3727 2993 3786; x_wconf 90' lang='lat' dir='ltr'><strong><em>ordinis</em></strong></span> <span class='ocrx_word' id='word_1_606' title='bbox 3039 3731 3278 3798; x_wconf 91' lang='lat' dir='ltr'><strong><em>nomine,</em></strong></span> <span class='ocrx_word' id='word_1_607' title='bbox 3323 3731 3516 3800; x_wconf 89' lang='lat' dir='ltr'><strong><em>adjici-</em></strong></span> 
     </span>
    </p>
   </div>
   <div class='ocr_carea' id='block_1_75' title="bbox 1585 3827 2139 3897">
    <p class='ocr_par' dir='ltr' id='par_1_75' title="bbox 1585 3827 2139 3897">
     <span class='ocr_line' id='line_1_76' title="bbox 1585 3827 2139 3897; baseline 0.004 -6"><span class='ocrx_word' id='word_1_608' title='bbox 1585 3827 1784 3892; x_wconf 73' lang='lat' dir='ltr'><strong><em>Varize</em></strong></span> <span class='ocrx_word' id='word_1_609' title='bbox 1828 3834 2139 3897; x_wconf 89' lang='lat' dir='ltr'><strong><em>lectiones.</em></strong></span> 
     </span>
    </p>
   </div>
   <div class='ocr_carea' id='block_1_76' title="bbox 289 3935 3518 4008">
    <p class='ocr_par' dir='ltr' id='par_1_76' title="bbox 289 3935 3518 4008">
     <span class='ocr_line' id='line_1_77' title="bbox 289 3935 3518 4008; baseline -0.001 -12"><span class='ocrx_word' id='word_1_610' title='bbox 289 3940 340 3980; x_wconf 68' lang='lat'><strong>53</strong></span> <span class='ocrx_word' id='word_1_611' title='bbox 364 3942 577 3998; x_wconf 72' lang='lat' dir='ltr'><strong><em>lontes</em></strong></span> <span class='ocrx_word' id='word_1_612' title='bbox 605 3937 787 4000; x_wconf 75' lang='lat' dir='ltr'><strong><em>Rhea.</em></strong></span> <span class='ocrx_word' id='word_1_613' title='bbox 818 3939 987 3999; x_wconf 84' lang='lat' dir='ltr'><strong><em>Seml.</em></strong></span> <span class='ocrx_word' id='word_1_614' title='bbox 1017 3941 1154 3998; x_wconf 85' lang='lat' dir='ltr'><strong><em>Jun.</em></strong></span> <span class='ocrx_word' id='word_1_615' title='bbox 1191 3939 1242 3979; x_wconf 57' lang='lat'><strong><em>9&quot;</em></strong></span> <span class='ocrx_word' id='word_1_616' title='bbox 1269 3935 1610 3995; x_wconf 71' lang='lat' dir='ltr'><strong><em>Hateriarum</em></strong></span> <span class='ocrx_word' id='word_1_617' title='bbox 1642 3936 1796 3995; x_wconf 87' lang='lat' dir='ltr'><strong><em>abest</em></strong></span> <span class='ocrx_word' id='word_1_618' title='bbox 1823 3938 1888 3994; x_wconf 89' lang='lat' dir='ltr'><strong><em>in</em></strong></span> <span class='ocrx_word' id='word_1_619' title='bbox 1918 3935 2014 4008; x_wconf 76' lang='lat' dir='ltr'><strong><em>lib.</em></strong></span> <span class='ocrx_word' id='word_1_620' title='bbox 2068 3935 2296 4008; x_wconf 72' lang='lat' dir='ltr'><strong><em>Pithcei.</em></strong></span> <span class='ocrx_word' id='word_1_621' title='bbox 2329 3937 2448 4008; x_wconf 84' lang='lat' dir='ltr'><strong><em>Rig.</em></strong></span> <span class='ocrx_word' id='word_1_622' title='bbox 2481 3937 2618 4008; x_wconf 80' lang='lat' dir='ltr'><strong><em>Jun.</em></strong></span> <span class='ocrx_word' id='word_1_623' title='bbox 2651 3937 2784 4008; x_wconf 83' lang='lat' dir='ltr'><strong><em>legit</em></strong></span> <span class='ocrx_word' id='word_1_624' title='bbox 2818 3953 2830 3992; x_wconf 90' lang='lat'><strong><em>:</em></strong></span> <span class='ocrx_word' id='word_1_625' title='bbox 2860 3935 3135 4008; x_wconf 79' lang='lat' dir='ltr'><strong><em>materiam</em></strong></span> <span class='ocrx_word' id='word_1_626' title='bbox 3182 3951 3312 3994; x_wconf 88' lang='lat' dir='ltr'><strong><em>vero</em></strong></span> <span class='ocrx_word' id='word_1_627' title='bbox 3341 3944 3518 3993; x_wconf 89' lang='lat' dir='ltr'><strong><em>mate-</em></strong></span> 
     </span>
    </p>
   </div>
   <div class='ocr_carea' id='block_1_77' title="bbox 215 4006 3515 4090">
    <p class='ocr_par' dir='ltr' id='par_1_77' title="bbox 215 4006 3515 4090">
     <span class='ocr_line' id='line_1_78' title="bbox 215 4006 3515 4090; baseline -0.002 -22"><span class='ocrx_word' id='word_1_628' title='bbox 215 4013 419 4090; x_wconf 76' lang='lat' dir='ltr'><strong><em>riarum</em></strong></span> <span class='ocrx_word' id='word_1_629' title='bbox 441 4028 582 4090; x_wconf 81' lang='lat' dir='ltr'><strong><em>_non</em></strong></span> <span class='ocrx_word' id='word_1_630' title='bbox 641 4012 724 4090; x_wconf 70' lang='lat' dir='ltr'><strong><em>sic</em></strong></span> <span class='ocrx_word' id='word_1_631' title='bbox 780 4012 1042 4090; x_wconf 70' lang='lat' dir='ltr'><strong><em>subditam</em></strong></span> <span class='ocrx_word' id='word_1_632' title='bbox 1067 4027 1162 4090; x_wconf 54' lang='grc' dir='ltr'><strong><em>ἐκ</em></strong></span> <span class='ocrx_word' id='word_1_633' title='bbox 1215 4010 1473 4090; x_wconf 63' lang='lat' dir='ltr'><strong><em>Hirsauq.</em></strong></span> <span class='ocrx_word' id='word_1_634' title='bbox 1532 4008 1650 4090; x_wconf 69' lang='lat' dir='ltr'><strong><em>cod.</em></strong></span> <span class='ocrx_word' id='word_1_635' title='bbox 1709 4009 1885 4068; x_wconf 84' lang='lat' dir='ltr'><strong><em>Rhen.</em></strong></span> <span class='ocrx_word' id='word_1_636' title='bbox 1914 4007 2119 4090; x_wconf 34' lang='lat' dir='ltr'><strong><em>ﬁde}:</em></strong></span> <span class='ocrx_word' id='word_1_637' title='bbox 2135 4006 2296 4090; x_wconf 70' lang='lat' dir='ltr'><strong><em>Quali</em></strong></span> <span class='ocrx_word' id='word_1_638' title='bbox 2333 4006 2652 4090; x_wconf 50' lang='lat' dir='ltr'><strong><em>Déopotiiit</em></strong></span> <span class='ocrx_word' id='word_1_639' title='bbox 2681 4006 2946 4087; x_wconf 69' lang='lat' dir='ltr'><strong><em>eguisse?</em></strong></span> <span class='ocrx_word' id='word_1_640' title='bbox 2985 4007 3070 4062; x_wconf 90' lang='lat' dir='ltr'><strong><em>sui</em></strong></span> <span class='ocrx_word' id='word_1_641' title='bbox 3119 4008 3292 4090; x_wconf 59' lang='lat' dir='ltr'><strong><em>magis</em></strong></span> <span class='ocrx_word' id='word_1_642' title='bbox 3319 4079 3328 4089; x_wconf 40' lang='lat'><strong>.</strong></span> <span class='ocrx_word' id='word_1_643' title='bbox 3354 4024 3515 4090; x_wconf 78' lang='lat' dir='ltr'><strong><em>quam</em></strong></span> 
     </span>
    </p>
   </div>
   <div class='ocr_carea' id='block_1_78' title="bbox 225 4079 1830 4155">
    <p class='ocr_par' dir='ltr' id='par_1_78' title="bbox 225 4079 1830 4155">
     <span class='ocr_line' id='line_1_79' title="bbox 225 4079 1830 4155; baseline 0.024 0"><span class='ocrx_word' id='word_1_644' title='bbox 225 4084 378 4155; x_wconf 47' lang='lat' dir='ltr'><strong><em>alieni</em></strong></span> <span class='ocrx_word' id='word_1_645' title='bbox 431 4085 601 4142; x_wconf 76' lang='lat' dir='ltr'><strong><em>Seml-</em></strong></span> <span class='ocrx_word' id='word_1_646' title='bbox 642 4083 867 4155; x_wconf 61' lang='grc' dir='ltr'><strong><em>Ορςζίὴ·</em></strong></span> <span class='ocrx_word' id='word_1_647' title='bbox 908 4082 1112 4155; x_wconf 61' lang='lat' dir='ltr'><strong><em>Alienis</em></strong></span> <span class='ocrx_word' id='word_1_648' title='bbox 1159 4097 1330 4155; x_wconf 66' lang='lat' dir='ltr'><strong>genus</strong></span> <span class='ocrx_word' id='word_1_649' title='bbox 1358 4079 1481 4155; x_wconf 61' lang='grc' dir='ltr'><strong><em>(³θᾷ⁸</em></strong></span> <span class='ocrx_word' id='word_1_650' title='bbox 1529 4079 1830 4155; x_wconf 37' lang='grc' dir='ltr'><strong><em>Ηέζδιψθά</em></strong></span> 
     </span>
    </p>
   </div>
   <div class='ocr_carea' id='block_1_79' title="bbox 1886 4077 3516 4162">
    <p class='ocr_par' dir='ltr' id='par_1_79' title="bbox 1886 4077 3516 4162">
     <span class='ocr_line' id='line_1_80' title="bbox 1886 4077 3516 4162; baseline -0.001 -26"><span class='ocrx_word' id='word_1_651' title='bbox 1886 4079 2034 4136; x_wconf 86' lang='lat' dir='ltr'><strong><em>unde</em></strong></span> <span class='ocrx_word' id='word_1_652' title='bbox 2081 4077 2254 4162; x_wconf 56' lang='lat' dir='ltr'><strong><em>Liberi.</em></strong></span> <span class='ocrx_word' id='word_1_653' title='bbox 2285 4077 2514 4162; x_wconf 43' lang='lat' dir='ltr'><strong><em>voluit}-</em></strong></span> <span class='ocrx_word' id='word_1_654' title='bbox 2559 4078 2686 4162; x_wconf 71' lang='lat' dir='ltr'><strong><em>§pis</em></strong></span> <span class='ocrx_word' id='word_1_655' title='bbox 2719 4077 3128 4162; x_wconf 50' lang='lat' dir='ltr'><strong><em>&#39;magisuquam</em></strong></span> <span class='ocrx_word' id='word_1_656' title='bbox 3171 4077 3516 4162; x_wconf 76' lang='lat' dir='ltr'><strong><em>alienigenis.</em></strong></span> 
     </span>
    </p>
   </div>
   <div class='ocr_carea' id='block_1_80' title="bbox 231 4148 3518 4225">
    <p class='ocr_par' dir='ltr' id='par_1_80' title="bbox 231 4148 3518 4225">
     <span class='ocr_line' id='line_1_81' title="bbox 231 4148 3518 4225; baseline -0.001 -16"><span class='ocrx_word' id='word_1_657' title='bbox 231 4154 276 4190; x_wconf 68' lang='lat'><strong><em>95</em></strong></span> <span class='ocrx_word' id='word_1_658' title='bbox 301 4155 380 4209; x_wconf 80' lang='lat' dir='ltr'><strong><em>Ea</em></strong></span> <span class='ocrx_word' id='word_1_659' title='bbox 449 4156 635 4211; x_wconf 76' lang='lat' dir='ltr'><strong><em>Venet.</em></strong></span> <span class='ocrx_word' id='word_1_660' title='bbox 686 4152 744 4225; x_wconf 46' lang='lat'><strong><em>91</em></strong></span> <span class='ocrx_word' id='word_1_661' title='bbox 766 4154 921 4209; x_wconf 89' lang='lat' dir='ltr'><strong><em>Prior</em></strong></span> <span class='ocrx_word' id='word_1_662' title='bbox 976 4154 1106 4211; x_wconf 89' lang='lat' dir='ltr'><strong><em>item</em></strong></span> <span class='ocrx_word' id='word_1_663' title='bbox 1160 4148 1364 4225; x_wconf 70' lang='lat' dir='ltr'><strong><em>abysso</em></strong></span> <span class='ocrx_word' id='word_1_664' title='bbox 1415 4154 1548 4225; x_wconf 72' lang='lat' dir='ltr'><strong><em>Jun.</em></strong></span> <span class='ocrx_word' id='word_1_665' title='bbox 1579 4148 1630 4225; x_wconf 56' lang='lat'><strong><em>9?</em></strong></span> <span class='ocrx_word' id='word_1_666' title='bbox 1657 4148 1852 4225; x_wconf 66' lang='lat' dir='ltr'><strong><em>Genita</em></strong></span> <span class='ocrx_word' id='word_1_667' title='bbox 1885 4167 2026 4208; x_wconf 88' lang='lat' dir='ltr'><strong><em>sum.</em></strong></span> <span class='ocrx_word' id='word_1_668' title='bbox 2078 4149 2728 4225; x_wconf 67' lang='lat' dir='ltr'><strong><em>Qum_agno_scat,_l_i_h_en_.</em></strong></span> <span class='ocrx_word' id='word_1_669' title='bbox 2775 4148 3000 4225; x_wconf 57' lang='lat' dir='ltr'><strong><em>ﬁberthl</em></strong></span> <span class='ocrx_word' id='word_1_670' title='bbox 3037 4151 3270 4225; x_wconf 81' lang='lat' dir='ltr'><strong><em>Semler.</em></strong></span> <span class='ocrx_word' id='word_1_671' title='bbox 3303 4148 3518 4207; x_wconf 72' lang='lat' dir='ltr'><strong><em>invitus</em></strong></span> 
     </span>
    </p>
   </div>
   <div class='ocr_carea' id='block_1_81' title="bbox 227 4219 3514 4297">
    <p class='ocr_par' dir='ltr' id='par_1_81' title="bbox 227 4219 3514 4297">
     <span class='ocr_line' id='line_1_82' title="bbox 227 4219 3514 4297; baseline -0.001 -17"><span class='ocrx_word' id='word_1_672' title='bbox 227 4228 667 4297; x_wconf 71' lang='lat' dir='ltr'><strong><em>et_improbans.</em></strong></span> <span class='ocrx_word' id='word_1_673' title='bbox 699 4223 750 4262; x_wconf 84' lang='lat'><strong><em>99</em></strong></span> <span class='ocrx_word' id='word_1_674' title='bbox 775 4225 1092 4297; x_wconf 82' lang='lat' dir='ltr'><strong><em>sermoest,</em></strong></span> <span class='ocrx_word' id='word_1_675' title='bbox 1127 4219 1316 4281; x_wconf 78' lang='lat' dir='ltr'><strong><em>sensus</em></strong></span> <span class='ocrx_word' id='word_1_676' title='bbox 1346 4223 1549 4295; x_wconf 88' lang='lat' dir='ltr'><strong><em>Sophia</em></strong></span> <span class='ocrx_word' id='word_1_677' title='bbox 1569 4221 1722 4297; x_wconf 43' lang='lat' dir='ltr'><strong><em>dun.</em></strong></span> <span class='ocrx_word' id='word_1_678' title='bbox 1753 4222 1959 4297; x_wconf 74' lang='lat' dir='ltr'><strong><em>Sensus</em></strong></span> <span class='ocrx_word' id='word_1_679' title='bbox 1982 4219 2307 4297; x_wconf 69' lang='lat' dir='ltr'><strong><em>_et_quhi:_{</em></strong></span> <span class='ocrx_word' id='word_1_680' title='bbox 2351 4219 2425 4297; x_wconf 67' lang='lat' dir='ltr'><strong><em>lib</em></strong></span> <span class='ocrx_word' id='word_1_681' title='bbox 2470 4219 2738 4297; x_wconf 20' lang='lat' dir='ltr'><strong><em>.APit‘hmi.</em></strong></span> <span class='ocrx_word' id='word_1_682' title='bbox 2774 4220 2791 4256; x_wconf 77' lang='grc' dir='ltr'><strong>ι</strong></span> <span class='ocrx_word' id='word_1_683' title='bbox 2831 4221 2969 4297; x_wconf 54' lang='lat' dir='ltr'><strong><em>Nato</em></strong></span> <span class='ocrx_word' id='word_1_684' title='bbox 3026 4223 3301 4297; x_wconf 66' lang='lat' dir='ltr'><strong><em>inseritur</em></strong></span> <span class='ocrx_word' id='word_1_685' title='bbox 3345 4225 3514 4297; x_wconf 67' lang='lat' dir='ltr'><strong><em>Eran.</em></strong></span> 
     </span>
    </p>
   </div>
   <div class='ocr_carea' id='block_1_82' title="bbox 221 4289 3521 4362">
    <p class='ocr_par' dir='ltr' id='par_1_82' title="bbox 221 4289 3521 4362">
     <span class='ocr_line' id='line_1_83' title="bbox 221 4289 3521 4362; baseline -0.001 -11"><span class='ocrx_word' id='word_1_686' title='bbox 221 4289 500 4352; x_wconf 65' lang='lat' dir='ltr'><strong><em>’Fact&#39;um</em></strong></span> <span class='ocrx_word' id='word_1_687' title='bbox 560 4297 732 4354; x_wconf 80' lang='lat' dir='ltr'><strong><em>Semi.</em></strong></span> <span class='ocrx_word' id='word_1_688' title='bbox 795 4295 1016 4353; x_wconf 83' lang='lat' dir='ltr'><strong><em>Oberth.</em></strong></span> <span class='ocrx_word' id='word_1_689' title='bbox 1057 4289 1086 4335; x_wconf 20' lang='lat'><strong><em>3’</em></strong></span> <span class='ocrx_word' id='word_1_690' title='bbox 1127 4297 1375 4351; x_wconf 88' lang='lat' dir='ltr'><strong><em>lunatum</em></strong></span> <span class='ocrx_word' id='word_1_691' title='bbox 1417 4289 1519 4361; x_wconf 83' lang='lat' dir='ltr'><strong><em>ést,</em></strong></span> <span class='ocrx_word' id='word_1_692' title='bbox 1567 4291 1622 4348; x_wconf 88' lang='lat' dir='ltr'><strong><em>id</em></strong></span> <span class='ocrx_word' id='word_1_693' title='bbox 1653 4303 1736 4352; x_wconf 88' lang='lat' dir='ltr'><strong><em>est</em></strong></span> <span class='ocrx_word' id='word_1_694' title='bbox 1761 4293 1955 4350; x_wconf 92' lang='lat' dir='ltr'><strong><em>Sermo</em></strong></span> <span class='ocrx_word' id='word_1_695' title='bbox 1981 4290 2083 4349; x_wconf 87' lang='lat' dir='ltr'><strong><em>Dei</em></strong></span> <span class='ocrx_word' id='word_1_696' title='bbox 2138 4289 2308 4349; x_wconf 78' lang='lat' dir='ltr'><strong><em>Se-ml.</em></strong></span> <span class='ocrx_word' id='word_1_697' title='bbox 2345 4290 2568 4362; x_wconf 84' lang='lat' dir='ltr'><strong><em>Oberth.</em></strong></span> <span class='ocrx_word' id='word_1_698' title='bbox 2608 4289 2632 4326; x_wconf 72' lang='grc' dir='ltr'>ἰ</span> <span class='ocrx_word' id='word_1_699' title='bbox 2657 4290 2907 4362; x_wconf 78' lang='lat' dir='ltr'><strong><em>lngratiis</em></strong></span> <span class='ocrx_word' id='word_1_700' title='bbox 2935 4293 3073 4347; x_wconf 87' lang='lat' dir='ltr'><strong><em>Jun.</em></strong></span> <span class='ocrx_word' id='word_1_701' title='bbox 3133 4293 3157 4330; x_wconf 86' lang='grc'><strong>⁵</strong></span> <span class='ocrx_word' id='word_1_702' title='bbox 3199 4291 3521 4349; x_wconf 89' lang='lat' dir='ltr'><strong><em>Occasiones</em></strong></span> 
     </span>
    </p>
   </div>
   <div class='ocr_carea' id='block_1_83' title="bbox 215 4360 3520 4440">
    <p class='ocr_par' dir='ltr' id='par_1_83' title="bbox 215 4360 3520 4440">
     <span class='ocr_line' id='line_1_84' title="bbox 215 4360 3520 4440; baseline -0.001 -18"><span class='ocrx_word' id='word_1_703' title='bbox 215 4367 293 4422; x_wconf 85' lang='lat' dir='ltr'><strong><em>ibi</em></strong></span> <span class='ocrx_word' id='word_1_704' title='bbox 323 4369 466 4424; x_wconf 85' lang='lat' dir='ltr'><strong><em>Jun.</em></strong></span> <span class='ocrx_word' id='word_1_705' title='bbox 499 4368 524 4405; x_wconf 72' lang='grc'>⁵</span> <span class='ocrx_word' id='word_1_706' title='bbox 563 4366 958 4438; x_wconf 83' lang='lat' dir='ltr'><strong><em>Proprietatem</em></strong></span> <span class='ocrx_word' id='word_1_707' title='bbox 1003 4383 1151 4440; x_wconf 80' lang='lat' dir='ltr'><strong><em>cum_</em></strong></span> <span class='ocrx_word' id='word_1_708' title='bbox 1177 4360 1513 4440; x_wconf 79' lang='lat' dir='ltr'><strong><em>vindicamus</em></strong></span> <span class='ocrx_word' id='word_1_709' title='bbox 1572 4365 1798 4440; x_wconf 71' lang='lat' dir='ltr'><strong><em>Seml._7</em></strong></span> <span class='ocrx_word' id='word_1_710' title='bbox 1842 4362 2183 4440; x_wconf 64' lang='lat' dir='ltr'><strong><em>Universum</em></strong></span> <span class='ocrx_word' id='word_1_711' title='bbox 2208 4364 2330 4440; x_wconf 87' lang='lat' dir='ltr'><strong><em>L_at.</em></strong></span> <span class='ocrx_word' id='word_1_712' title='bbox 2365 4363 2433 4418; x_wconf 86' lang='lat' dir='ltr'><strong><em>In</em></strong></span> <span class='ocrx_word' id='word_1_713' title='bbox 2496 4360 2770 4440; x_wconf 62' lang='lat' dir='ltr'><strong><em>impressu</em></strong></span> <span class='ocrx_word' id='word_1_714' title='bbox 2802 4360 3047 4440; x_wconf 75' lang='lat' dir='ltr'><strong><em>Cprrect.</em></strong></span> <span class='ocrx_word' id='word_1_715' title='bbox 3097 4362 3271 4440; x_wconf 74' lang='lat' dir='ltr'><strong><em>habet</em></strong></span> <span class='ocrx_word' id='word_1_716' title='bbox 3299 4363 3520 4420; x_wconf 88' lang='lat' dir='ltr'><strong><em>univer-</em></strong></span> 
     </span>
    </p>
   </div>
   <div class='ocr_carea' id='block_1_84' title="bbox 209 4431 3524 4511">
    <p class='ocr_par' dir='ltr' id='par_1_84' title="bbox 209 4431 3524 4511">
     <span class='ocr_line' id='line_1_85' title="bbox 209 4431 3524 4511; baseline -0.002 -17"><span class='ocrx_word' id='word_1_717' title='bbox 209 4453 408 4495; x_wconf 82' lang='lat' dir='ltr'><strong><em>sorum</em></strong></span> <span class='ocrx_word' id='word_1_718' title='bbox 463 4440 551 4511; x_wconf 46' lang='lat' dir='ltr'><strong><em>C,</em></strong></span> <span class='ocrx_word' id='word_1_719' title='bbox 586 4431 826 4494; x_wconf 64' lang='grc' dir='ltr'><strong><em>Καὶ-τηε.</em></strong></span> <span class='ocrx_word' id='word_1_720' title='bbox 884 4440 1018 4511; x_wconf 80' lang='lat' dir='ltr'><strong><em>Jun.</em></strong></span> <span class='ocrx_word' id='word_1_721' title='bbox 1050 4437 1078 4474; x_wconf 80' lang='grc'><strong>⁸</strong></span> <span class='ocrx_word' id='word_1_722' title='bbox 1099 4437 1291 4511; x_wconf 65' lang='lat' dir='ltr'><strong><em>Merito</em></strong></span> <span class='ocrx_word' id='word_1_723' title='bbox 1337 4439 1419 4494; x_wconf 92' lang='lat' dir='ltr'><strong><em>sic</em></strong></span> <span class='ocrx_word' id='word_1_724' title='bbox 1464 4437 2037 4511; x_wconf 15' lang='lat' dir='ltr'><strong><em>praefaturAScriptura</em></strong></span> <span class='ocrx_word' id='word_1_725' title='bbox 2073 4433 2199 4492; x_wconf 83' lang='lat' dir='ltr'><strong><em>alii.</em></strong></span> <span class='ocrx_word' id='word_1_726' title='bbox 2231 4433 2363 4491; x_wconf 83' lang='lat' dir='ltr'><strong><em>Esse</em></strong></span> <span class='ocrx_word' id='word_1_727' title='bbox 2409 4431 2630 4504; x_wconf 88' lang='lat' dir='ltr'><strong><em>proprie</em></strong></span> <span class='ocrx_word' id='word_1_728' title='bbox 2681 4431 3025 4504; x_wconf 89' lang='lat' dir='ltr'><strong><em>principium,</em></strong></span> <span class='ocrx_word' id='word_1_729' title='bbox 3055 4449 3163 4505; x_wconf 89' lang='lat' dir='ltr'><strong><em>quo</em></strong></span> <span class='ocrx_word' id='word_1_730' title='bbox 3191 4433 3371 4504; x_wconf 88' lang='lat' dir='ltr'><strong><em>priora</em></strong></span> <span class='ocrx_word' id='word_1_731' title='bbox 3399 4442 3524 4489; x_wconf 89' lang='lat' dir='ltr'><strong><em>sunt</em></strong></span> 
     </span>
    </p>
   </div>
   <div class='ocr_carea' id='block_1_85' title="bbox 209 4508 2113 4584">
    <p class='ocr_par' dir='ltr' id='par_1_85' title="bbox 209 4508 2113 4584">
     <span class='ocr_line' id='line_1_86' title="bbox 209 4508 2113 4584; baseline -0.002 -18"><span class='ocrx_word' id='word_1_732' title='bbox 209 4512 376 4584; x_wconf 85' lang='lat' dir='ltr'><strong><em>facta,</em></strong></span> <span class='ocrx_word' id='word_1_733' title='bbox 419 4509 724 4583; x_wconf 86' lang='lat' dir='ltr'><strong><em>meritoque</em></strong></span> <span class='ocrx_word' id='word_1_734' title='bbox 753 4511 833 4568; x_wconf 89' lang='lat' dir='ltr'><strong><em>sic</em></strong></span> <span class='ocrx_word' id='word_1_735' title='bbox 858 4509 1136 4582; x_wconf 62' lang='lat' dir='ltr'><strong><em>praefatam</em></strong></span> <span class='ocrx_word' id='word_1_736' title='bbox 1166 4508 1492 4584; x_wconf 85' lang='lat' dir='ltr'><strong><em>Scripturam</em></strong></span> <span class='ocrx_word' id='word_1_737' title='bbox 1524 4529 1538 4567; x_wconf 91' lang='lat'><strong><em>:</em></strong></span> <span class='ocrx_word' id='word_1_738' title='bbox 1572 4513 1636 4568; x_wconf 88' lang='lat' dir='ltr'><strong><em>In</em></strong></span> <span class='ocrx_word' id='word_1_739' title='bbox 1650 4509 1959 4583; x_wconf 82' lang='lat' dir='ltr'><strong><em>principio,</em></strong></span> <span class='ocrx_word' id='word_1_740' title='bbox 1981 4508 2113 4564; x_wconf 83' lang='lat' dir='ltr'><strong><em>Jun.</em></strong></span> 
     </span>
    </p>
   </div>
   <div class='ocr_carea' id='block_1_86' title="bbox 1621 4633 2128 4699">
    <p class='ocr_par' dir='ltr' id='par_1_86' title="bbox 1621 4633 2128 4699">
     <span class='ocr_line' id='line_1_87' title="bbox 1621 4633 2128 4699; baseline -0.01 0"><span class='ocrx_word' id='word_1_741' title='bbox 1621 4633 2128 4699; x_wconf 88' lang='lat' dir='ltr'><strong><em>Commentarius.</em></strong></span> 
     </span>
    </p>
   </div>
   <div class='ocr_carea' id='block_1_87' title="bbox 282 4743 1898 4835">
    <p class='ocr_par' dir='ltr' id='par_1_87' title="bbox 282 4743 1898 4835">
     <span class='ocr_line' id='line_1_88' title="bbox 282 4743 1898 4835; baseline 0 0"><span class='ocrx_word' id='word_1_742' title='bbox 282 4743 401 4835; x_wconf 54' lang='lat'><strong><em>(3%)</em></strong></span> <span class='ocrx_word' id='word_1_743' title='bbox 432 4743 576 4835; x_wconf 58' lang='lat'><strong><em>9&#39;1&quot;.</em></strong></span> <span class='ocrx_word' id='word_1_744' title='bbox 587 4744 712 4835; x_wconf 59' lang='lat' dir='ltr'><strong><em>es?!</em></strong></span> <span class='ocrx_word' id='word_1_745' title='bbox 720 4745 899 4835; x_wconf 52' lang='lat' dir='ltr'><strong><em>Esi&quot;?</em></strong></span> <span class='ocrx_word' id='word_1_746' title='bbox 910 4743 1086 4835; x_wconf 53' lang='grc' dir='ltr'><strong><em>ἐξίέίο</em></strong></span> <span class='ocrx_word' id='word_1_747' title='bbox 1103 4760 1408 4835; x_wconf 65' lang='grc' dir='ltr'><strong><em>συεεραατη</em></strong></span> <span class='ocrx_word' id='word_1_748' title='bbox 1417 4745 1625 4835; x_wconf 54' lang='lat' dir='ltr'><strong><em>fuisse</em></strong></span> <span class='ocrx_word' id='word_1_749' title='bbox 1644 4744 1820 4835; x_wconf 59' lang='lat' dir='ltr'><strong><em>Usus</em></strong></span> <span class='ocrx_word' id='word_1_750' title='bbox 1853 4757 1898 4835; x_wconf 80' lang='grc' dir='ltr'>ο</span> 
     </span>
    </p>
   </div>
   <div class='ocr_carea' id='block_1_88' title="bbox 207 4814 1816 4888">
    <p class='ocr_par' dir='ltr' id='par_1_88' title="bbox 207 4814 1816 4888">
     <span class='ocr_line' id='line_1_89' title="bbox 207 4814 1816 4888; baseline -0.001 -16"><span class='ocrx_word' id='word_1_751' title='bbox 207 4814 388 4888; x_wconf 79' lang='lat' dir='ltr'><strong><em>hujus</em></strong></span> <span class='ocrx_word' id='word_1_752' title='bbox 431 4814 823 4888; x_wconf 70' lang='lat' dir='ltr'><strong><em>impersénalis</em></strong></span> <span class='ocrx_word' id='word_1_753' title='bbox 867 4814 1039 4888; x_wconf 70' lang='lat' dir='ltr'><strong><em>verbi,</em></strong></span> <span class='ocrx_word' id='word_1_754' title='bbox 1088 4814 1262 4888; x_wconf 63' lang='lat' dir='ltr'><strong><em>capit,</em></strong></span> <span class='ocrx_word' id='word_1_755' title='bbox 1301 4814 1444 4888; x_wconf 88' lang='lat' dir='ltr'><strong><em>quod</em></strong></span> <span class='ocrx_word' id='word_1_756' title='bbox 1482 4815 1688 4874; x_wconf 79' lang='lat' dir='ltr'><strong><em>Graecis</em></strong></span> <span class='ocrx_word' id='word_1_757' title='bbox 1715 4823 1816 4880; x_wconf 87' lang='lat' dir='ltr'><strong><em>est,</em></strong></span> 
     </span>
    </p>
   </div>
   <div class='ocr_carea' id='block_1_89' title="bbox 211 4885 1822 4957">
    <p class='ocr_par' dir='ltr' id='par_1_89' title="bbox 211 4885 1822 4957">
     <span class='ocr_line' id='line_1_90' title="bbox 211 4885 1822 4957; baseline 0.001 -17"><span class='ocrx_word' id='word_1_758' title='bbox 211 4885 490 4956; x_wconf 66' lang='grc' dir='ltr'><strong><em>ἐνδζχιται,</em></strong></span> <span class='ocrx_word' id='word_1_759' title='bbox 520 4887 667 4957; x_wconf 90' lang='lat' dir='ltr'><strong><em>apud</em></strong></span> <span class='ocrx_word' id='word_1_760' title='bbox 694 4885 1086 4943; x_wconf 89' lang='lat' dir='ltr'><strong><em>Tertullianum</em></strong></span> <span class='ocrx_word' id='word_1_761' title='bbox 1117 4885 1172 4942; x_wconf 83' lang='lat' dir='ltr'><strong><em>in</em></strong></span> <span class='ocrx_word' id='word_1_762' title='bbox 1202 4885 1354 4942; x_wconf 80' lang='lat' dir='ltr'><strong><em>libris</em></strong></span> <span class='ocrx_word' id='word_1_763' title='bbox 1396 4887 1822 4957; x_wconf 61' lang='lat' dir='ltr'><strong><em>praecedentibus</em></strong></span> 
     </span>
    </p>
   </div>
   <div class='ocr_carea' id='block_1_90' title="bbox 212 4957 1822 5030">
    <p class='ocr_par' dir='ltr' id='par_1_90' title="bbox 212 4957 1822 5030">
     <span class='ocr_line' id='line_1_91' title="bbox 212 4957 1822 5030; baseline -0.002 -14"><span class='ocrx_word' id='word_1_764' title='bbox 212 4961 396 5016; x_wconf 80' lang='lat' dir='ltr'><strong><em>disces</em></strong></span> <span class='ocrx_word' id='word_1_765' title='bbox 429 4957 641 5030; x_wconf 87' lang='lat' dir='ltr'><strong><em>ubique</em></strong></span> <span class='ocrx_word' id='word_1_766' title='bbox 666 4966 718 5014; x_wconf 90' lang='lat' dir='ltr'><strong><em>et</em></strong></span> <span class='ocrx_word' id='word_1_767' title='bbox 747 4973 917 5029; x_wconf 70' lang='lat' dir='ltr'><strong><em>saepe.</em></strong></span> <span class='ocrx_word' id='word_1_768' title='bbox 944 4957 1060 5030; x_wconf 13' lang='lat' dir='ltr'><strong><em>,Hic</em></strong></span> <span class='ocrx_word' id='word_1_769' title='bbox 1087 4964 1295 5030; x_wconf 73' lang='lat' dir='ltr'><strong><em>tantum</em></strong></span> <span class='ocrx_word' id='word_1_770' title='bbox 1333 4957 1494 5026; x_wconf 86' lang='lat' dir='ltr'><strong><em>valet,</em></strong></span> <span class='ocrx_word' id='word_1_771' title='bbox 1526 4959 1822 5030; x_wconf 83' lang='lat' dir='ltr'><strong><em>noncapit</em></strong></span> 
     </span>
    </p>
   </div>
   <div class='ocr_carea' id='block_1_91' title="bbox 215 5027 1818 5108">
    <p class='ocr_par' dir='ltr' id='par_1_91' title="bbox 215 5027 1818 5108">
     <span class='ocr_line' id='line_1_92' title="bbox 215 5027 1818 5108; baseline -0.001 -22"><span class='ocrx_word' id='word_1_772' title='bbox 215 5033 530 5108; x_wconf 56' lang='lat' dir='ltr'><strong><em>quicquam</em></strong></span> <span class='ocrx_word' id='word_1_773' title='bbox 548 5027 746 5108; x_wconf 66' lang='lat' dir='ltr'><strong><em>fuisse,</em></strong></span> <span class='ocrx_word' id='word_1_774' title='bbox 770 5027 841 5085; x_wconf 79' lang='lat' dir='ltr'><strong><em>ac</em></strong></span> <span class='ocrx_word' id='word_1_775' title='bbox 855 5029 903 5084; x_wconf 89' lang='lat' dir='ltr'><strong><em>si</em></strong></span> <span class='ocrx_word' id='word_1_776' title='bbox 925 5027 1102 5108; x_wconf 57' lang='lat' dir='ltr'><strong><em>dicas,</em></strong></span> <span class='ocrx_word' id='word_1_777' title='bbox 1126 5028 1269 5108; x_wconf 66' lang='lat' dir='ltr'><strong><em>Fieri</em></strong></span> <span class='ocrx_word' id='word_1_778' title='bbox 1287 5045 1393 5108; x_wconf 81' lang='lat' dir='ltr'><strong><em>non</em></strong></span> <span class='ocrx_word' id='word_1_779' title='bbox 1415 5039 1608 5108; x_wconf 69' lang='lat' dir='ltr'><strong><em>potest.</em></strong></span> <span class='ocrx_word' id='word_1_780' title='bbox 1631 5027 1818 5108; x_wconf 58' lang='lat' dir='ltr'><strong><em>Ruﬁn.</em></strong></span> 
     </span>
    </p>
   </div>
   <div class='ocr_carea' id='block_1_92' title="bbox 283 5101 1824 5174">
    <p class='ocr_par' dir='ltr' id='par_1_92' title="bbox 283 5101 1824 5174">
     <span class='ocr_line' id='line_1_93' title="bbox 283 5101 1824 5174; baseline -0.005 -12"><span class='ocrx_word' id='word_1_781' title='bbox 283 5101 408 5174; x_wconf 77' lang='lat'><strong><em>(39)</em></strong></span> <span class='ocrx_word' id='word_1_782' title='bbox 434 5101 586 5158; x_wconf 77' lang='lat' dir='ltr'><strong><em>Nam</em></strong></span> <span class='ocrx_word' id='word_1_783' title='bbox 609 5104 664 5156; x_wconf 90' lang='lat' dir='ltr'><strong><em>et</em></strong></span> <span class='ocrx_word' id='word_1_784' title='bbox 684 5116 873 5174; x_wconf 71' lang='lat' dir='ltr'><strong><em>ipsum</em></strong></span> <span class='ocrx_word' id='word_1_785' title='bbox 904 5101 1287 5174; x_wconf 78' lang='lat' dir='ltr'><strong><em>principium,</em></strong></span> <span class='ocrx_word' id='word_1_786' title='bbox 1312 5103 1378 5156; x_wconf 88' lang='lat' dir='ltr'><strong><em>in</em></strong></span> <span class='ocrx_word' id='word_1_787' title='bbox 1396 5118 1501 5174; x_wconf 86' lang='lat' dir='ltr'><strong><em>quo</em></strong></span> <span class='ocrx_word' id='word_1_788' title='bbox 1522 5103 1663 5158; x_wconf 85' lang='lat' dir='ltr'><strong><em>Deus</em></strong></span> <span class='ocrx_word' id='word_1_789' title='bbox 1683 5101 1824 5174; x_wconf 78' lang='lat' dir='ltr'><strong><em>fecit</em></strong></span> 
     </span>
    </p>
   </div>
   <div class='ocr_carea' id='block_1_93' title="bbox 218 5171 1824 5243">
    <p class='ocr_par' dir='ltr' id='par_1_93' title="bbox 218 5171 1824 5243">
     <span class='ocr_line' id='line_1_94' title="bbox 218 5171 1824 5243; baseline -0.004 -11"><span class='ocrx_word' id='word_1_790' title='bbox 218 5171 420 5232; x_wconf 70' lang='lat' dir='ltr'><strong><em>aet-une</em></strong></span> <span class='ocrx_word' id='word_1_791' title='bbox 455 5177 514 5228; x_wconf 87' lang='lat' dir='ltr'><strong><em>et</em></strong></span> <span class='ocrx_word' id='word_1_792' title='bbox 546 5171 785 5228; x_wconf 80' lang='lat' dir='ltr'><strong><em>terram.</em></strong></span> <span class='ocrx_word' id='word_1_793' title='bbox 817 5171 1022 5243; x_wconf 75' lang='lat' dir='ltr'><strong><em>Omnes</em></strong></span> <span class='ocrx_word' id='word_1_794' title='bbox 1050 5171 1180 5226; x_wconf 86' lang='lat' dir='ltr'><strong><em>istas</em></strong></span> <span class='ocrx_word' id='word_1_795' title='bbox 1201 5173 1359 5227; x_wconf 89' lang='lat' dir='ltr'><strong><em>tricas</em></strong></span> <span class='ocrx_word' id='word_1_796' title='bbox 1388 5171 1540 5228; x_wconf 81' lang='lat' dir='ltr'><strong><em>facile</em></strong></span> <span class='ocrx_word' id='word_1_797' title='bbox 1568 5171 1824 5243; x_wconf 83' lang='lat' dir='ltr'><strong><em>expedire</em></strong></span> 
     </span>
    </p>
   </div>
   <div class='ocr_carea' id='block_1_94' title="bbox 218 5242 1824 5317">
    <p class='ocr_par' dir='ltr' id='par_1_94' title="bbox 218 5242 1824 5317">
     <span class='ocr_line' id='line_1_95' title="bbox 218 5242 1824 5317; baseline 0.001 -20"><span class='ocrx_word' id='word_1_798' title='bbox 218 5246 431 5302; x_wconf 75' lang='lat' dir='ltr'><strong><em>ridetur</em></strong></span> <span class='ocrx_word' id='word_1_799' title='bbox 463 5244 560 5317; x_wconf 85' lang='lat' dir='ltr'><strong><em>qui</em></strong></span> <span class='ocrx_word' id='word_1_800' title='bbox 591 5243 752 5299; x_wconf 86' lang='lat' dir='ltr'><strong><em>verba</em></strong></span> <span class='ocrx_word' id='word_1_801' title='bbox 792 5242 977 5317; x_wconf 72' lang='lat' dir='ltr'><strong><em>musis,</em></strong></span> <span class='ocrx_word' id='word_1_802' title='bbox 1012 5244 1076 5298; x_wconf 85' lang='lat' dir='ltr'><strong><em>In</em></strong></span> <span class='ocrx_word' id='word_1_803' title='bbox 1104 5245 1389 5317; x_wconf 83' lang='lat' dir='ltr'><strong><em>principio</em></strong></span> <span class='ocrx_word' id='word_1_804' title='bbox 1437 5242 1649 5317; x_wconf 68' lang='lat' dir='ltr'><strong><em>creavit</em></strong></span> <span class='ocrx_word' id='word_1_805' title='bbox 1681 5245 1824 5317; x_wconf 84' lang='lat' dir='ltr'><strong><em>Deus</em></strong></span> 
     </span>
    </p>
   </div>
   <div class='ocr_carea' id='block_1_95' title="bbox 220 5313 1823 5386">
    <p class='ocr_par' dir='ltr' id='par_1_95' title="bbox 220 5313 1823 5386">
     <span class='ocr_line' id='line_1_96' title="bbox 220 5313 1823 5386; baseline -0.001 -15"><span class='ocrx_word' id='word_1_806' title='bbox 220 5320 426 5373; x_wconf 63' lang='lat' dir='ltr'><strong><em>calum</em></strong></span> <span class='ocrx_word' id='word_1_807' title='bbox 459 5313 518 5372; x_wconf 70' lang='lat' dir='ltr'><strong><em>et</em></strong></span> <span class='ocrx_word' id='word_1_808' title='bbox 557 5318 799 5379; x_wconf 84' lang='lat' dir='ltr'><strong><em>terram,</em></strong></span> <span class='ocrx_word' id='word_1_809' title='bbox 833 5315 913 5371; x_wconf 89' lang='lat' dir='ltr'><strong><em>sic</em></strong></span> <span class='ocrx_word' id='word_1_810' title='bbox 935 5313 1352 5386; x_wconf 66' lang='lat' dir='ltr'><strong><em>interpretatur:</em></strong></span> <span class='ocrx_word' id='word_1_811' title='bbox 1391 5334 1416 5365; x_wconf 75' lang='grc' dir='ltr'>α</span> <span class='ocrx_word' id='word_1_812' title='bbox 1447 5313 1823 5386; x_wconf 82' lang='lat' dir='ltr'><strong><em>Quoexstite-</em></strong></span> 
     </span>
    </p>
   </div>
   <div class='ocr_carea' id='block_1_96' title="bbox 222 5384 1828 5451">
    <p class='ocr_par' dir='ltr' id='par_1_96' title="bbox 222 5384 1828 5451">
     <span class='ocr_line' id='line_1_97' title="bbox 222 5384 1828 5451; baseline 0.001 -10"><span class='ocrx_word' id='word_1_813' title='bbox 222 5397 340 5443; x_wconf 85' lang='lat' dir='ltr'><strong><em>runt</em></strong></span> <span class='ocrx_word' id='word_1_814' title='bbox 373 5387 537 5443; x_wconf 87' lang='lat' dir='ltr'><strong><em>initio</em></strong></span> <span class='ocrx_word' id='word_1_815' title='bbox 557 5388 756 5442; x_wconf 69' lang='lat' dir='ltr'><strong><em>caelum</em></strong></span> <span class='ocrx_word' id='word_1_816' title='bbox 776 5393 832 5443; x_wconf 91' lang='lat' dir='ltr'><strong><em>et</em></strong></span> <span class='ocrx_word' id='word_1_817' title='bbox 851 5389 1017 5451; x_wconf 90' lang='lat' dir='ltr'><strong><em>terra,</em></strong></span> <span class='ocrx_word' id='word_1_818' title='bbox 1041 5384 1108 5442; x_wconf 81' lang='lat' dir='ltr'><strong><em>eo</em></strong></span> <span class='ocrx_word' id='word_1_819' title='bbox 1129 5388 1277 5442; x_wconf 90' lang='lat' dir='ltr'><strong><em>Deus</em></strong></span> <span class='ocrx_word' id='word_1_820' title='bbox 1297 5385 1392 5439; x_wconf 91' lang='lat' dir='ltr'><strong><em>illa</em></strong></span> <span class='ocrx_word' id='word_1_821' title='bbox 1409 5384 1626 5441; x_wconf 89' lang='lat' dir='ltr'><strong><em>creavit.</em></strong></span> <span class='ocrx_word' id='word_1_822' title='bbox 1655 5406 1678 5436; x_wconf 72' lang='grc' dir='ltr'><strong><em>ιι</em></strong></span> <span class='ocrx_word' id='word_1_823' title='bbox 1711 5385 1828 5442; x_wconf 85' lang='lat' dir='ltr'><strong><em>Hoc</em></strong></span> 
     </span>
    </p>
   </div>
   <div class='ocr_carea' id='block_1_97' title="bbox 227 5456 1829 5526">
    <p class='ocr_par' dir='ltr' id='par_1_97' title="bbox 227 5456 1829 5526">
     <span class='ocr_line' id='line_1_98' title="bbox 227 5456 1829 5526; baseline -0.001 -14"><span class='ocrx_word' id='word_1_824' title='bbox 227 5462 362 5515; x_wconf 82' lang='lat' dir='ltr'><strong><em>enim</em></strong></span> <span class='ocrx_word' id='word_1_825' title='bbox 387 5457 564 5516; x_wconf 83' lang='lat' dir='ltr'><strong><em>voluit</em></strong></span> <span class='ocrx_word' id='word_1_826' title='bbox 593 5459 775 5516; x_wconf 75' lang='lat' dir='ltr'><strong><em>loses</em></strong></span> <span class='ocrx_word' id='word_1_827' title='bbox 796 5477 819 5526; x_wconf 91' lang='lat'><strong><em>;</em></strong></span> <span class='ocrx_word' id='word_1_828' title='bbox 849 5456 975 5514; x_wconf 67' lang='lat' dir='ltr'><strong><em>celi</em></strong></span> <span class='ocrx_word' id='word_1_829' title='bbox 1023 5471 1087 5512; x_wconf 88' lang='lat' dir='ltr'><strong><em>ac</em></strong></span> <span class='ocrx_word' id='word_1_830' title='bbox 1131 5466 1289 5514; x_wconf 68' lang='lat' dir='ltr'><strong><em>terrae</em></strong></span> <span class='ocrx_word' id='word_1_831' title='bbox 1336 5456 1642 5511; x_wconf 89' lang='lat' dir='ltr'><strong><em>nominibus</em></strong></span> <span class='ocrx_word' id='word_1_832' title='bbox 1669 5471 1829 5512; x_wconf 87' lang='lat' dir='ltr'><strong><em>mun-</em></strong></span> 
     </span>
    </p>
   </div>
   <div class='ocr_carea' id='block_1_98' title="bbox 231 5527 1830 5603">
    <p class='ocr_par' dir='ltr' id='par_1_98' title="bbox 231 5527 1830 5603">
     <span class='ocr_line' id='line_1_99' title="bbox 231 5527 1830 5603; baseline -0.003 -17"><span class='ocrx_word' id='word_1_833' title='bbox 231 5531 344 5586; x_wconf 81' lang='lat' dir='ltr'><strong><em>dum</em></strong></span> <span class='ocrx_word' id='word_1_834' title='bbox 377 5527 1069 5603; x_wconf 74' lang='lat' dir='ltr'><strong><em>universum__signiﬁcavi_t</em></strong></span> <span class='ocrx_word' id='word_1_835' title='bbox 1094 5542 1125 5582; x_wconf 91' lang='lat' dir='ltr'><strong><em>a</em></strong></span> <span class='ocrx_word' id='word_1_836' title='bbox 1154 5529 1269 5585; x_wconf 87' lang='lat' dir='ltr'><strong><em>Deo</em></strong></span> <span class='ocrx_word' id='word_1_837' title='bbox 1297 5534 1578 5603; x_wconf 88' lang='lat' dir='ltr'><strong><em>_creatum.</em></strong></span> <span class='ocrx_word' id='word_1_838' title='bbox 1625 5527 1830 5603; x_wconf 78' lang='lat' dir='ltr'><strong><em>Deinde</em></strong></span> 
     </span>
    </p>
   </div>
   <div class='ocr_carea' id='block_1_99' title="bbox 235 5597 1831 5675">
    <p class='ocr_par' dir='ltr' id='par_1_99' title="bbox 235 5597 1831 5675">
     <span class='ocr_line' id='line_1_100' title="bbox 235 5597 1831 5675; baseline -0.001 -20"><span class='ocrx_word' id='word_1_839' title='bbox 235 5603 464 5673; x_wconf 76' lang='lat' dir='ltr'><strong><em>explicat</em></strong></span> <span class='ocrx_word' id='word_1_840' title='bbox 491 5616 604 5675; x_wconf 86' lang='lat' dir='ltr'><strong><em>quo</em></strong></span> <span class='ocrx_word' id='word_1_841' title='bbox 631 5597 824 5658; x_wconf 83' lang='lat' dir='ltr'><strong><em>ordqu</em></strong></span> <span class='ocrx_word' id='word_1_842' title='bbox 851 5608 908 5657; x_wconf 89' lang='lat' dir='ltr'><strong><em>et</em></strong></span> <span class='ocrx_word' id='word_1_843' title='bbox 935 5599 1098 5657; x_wconf 90' lang='lat' dir='ltr'><strong><em>modo</em></strong></span> <span class='ocrx_word' id='word_1_844' title='bbox 1148 5597 1423 5671; x_wconf 62' lang='lat' dir='ltr'><strong><em>praecipua</em></strong></span> <span class='ocrx_word' id='word_1_845' title='bbox 1454 5614 1684 5674; x_wconf 62' lang='lat' dir='ltr'><strong><em>quasque</em></strong></span> <span class='ocrx_word' id='word_1_846' title='bbox 1723 5598 1831 5654; x_wconf 89' lang='lat' dir='ltr'><strong><em>sint</em></strong></span> 
     </span>
    </p>
   </div>
   <div class='ocr_carea' id='block_1_100' title="bbox 1929 4733 3524 4808">
    <p class='ocr_par' dir='ltr' id='par_1_100' title="bbox 1929 4733 3524 4808">
     <span class='ocr_line' id='line_1_101' title="bbox 1929 4733 3524 4808; baseline -0.003 -10"><span class='ocrx_word' id='word_1_847' title='bbox 1929 4747 2127 4802; x_wconf 87' lang='lat' dir='ltr'><strong><em>creata.</em></strong></span> <span class='ocrx_word' id='word_1_848' title='bbox 2173 4737 2295 4797; x_wconf 77' lang='lat' dir='ltr'><strong><em>R16.</em></strong></span> <span class='ocrx_word' id='word_1_849' title='bbox 2344 4766 2419 4782; x_wconf 91' lang='lat'><strong>-</strong></span> <span class='ocrx_word' id='word_1_850' title='bbox 2461 4734 2734 4808; x_wconf 84' lang='lat' dir='ltr'><strong><em>Quidquid</em></strong></span> <span class='ocrx_word' id='word_1_851' title='bbox 2775 4733 3013 4793; x_wconf 85' lang='lat' dir='ltr'><strong><em>dixerint</em></strong></span> <span class='ocrx_word' id='word_1_852' title='bbox 3055 4733 3422 4808; x_wconf 86' lang='lat' dir='ltr'><strong><em>Tertullianus</em></strong></span> <span class='ocrx_word' id='word_1_853' title='bbox 3468 4744 3524 4793; x_wconf 89' lang='lat' dir='ltr'><strong><em>et</em></strong></span> 
     </span>
    </p>
   </div>
   <div class='ocr_carea' id='block_1_101' title="bbox 1931 4807 3526 4883">
    <p class='ocr_par' dir='ltr' id='par_1_101' title="bbox 1931 4807 3526 4883">
     <span class='ocr_line' id='line_1_102' title="bbox 1931 4807 3526 4883; baseline -0.002 -14"><span class='ocrx_word' id='word_1_854' title='bbox 1931 4813 2046 4883; x_wconf 90' lang='lat' dir='ltr'><strong><em>ejus</em></strong></span> <span class='ocrx_word' id='word_1_855' title='bbox 2112 4807 2497 4876; x_wconf 80' lang='lat' dir='ltr'><strong><em>adnmatores,</em></strong></span> <span class='ocrx_word' id='word_1_856' title='bbox 2552 4807 2902 4883; x_wconf 73' lang='lat' dir='ltr'><strong><em>nihilominus</em></strong></span> <span class='ocrx_word' id='word_1_857' title='bbox 2967 4807 3117 4864; x_wconf 88' lang='lat' dir='ltr'><strong><em>multi</em></strong></span> <span class='ocrx_word' id='word_1_858' title='bbox 3181 4807 3526 4883; x_wconf 83' lang='lat' dir='ltr'><strong><em>inveniuntur</em></strong></span> 
     </span>
    </p>
   </div>
   <div class='ocr_carea' id='block_1_102' title="bbox 1927 4880 3526 4954">
    <p class='ocr_par' dir='ltr' id='par_1_102' title="bbox 1927 4880 3526 4954">
     <span class='ocr_line' id='line_1_103' title="bbox 1927 4880 3526 4954; baseline -0.001 -12"><span class='ocrx_word' id='word_1_859' title='bbox 1927 4880 2186 4942; x_wconf 81' lang='lat' dir='ltr'><strong><em>Ecclesiae</em></strong></span> <span class='ocrx_word' id='word_1_860' title='bbox 2211 4883 2465 4939; x_wconf 88' lang='lat' dir='ltr'><strong><em>doctores</em></strong></span> <span class='ocrx_word' id='word_1_861' title='bbox 2495 4881 2590 4954; x_wconf 90' lang='lat' dir='ltr'><strong><em>qui</em></strong></span> <span class='ocrx_word' id='word_1_862' title='bbox 2634 4881 2769 4954; x_wconf 87' lang='lat' dir='ltr'><strong><em>illud</em></strong></span> <span class='ocrx_word' id='word_1_863' title='bbox 2801 4880 3072 4954; x_wconf 79' lang='lat' dir='ltr'><strong><em>Genes,_r,</em></strong></span> <span class='ocrx_word' id='word_1_864' title='bbox 3105 4883 3165 4954; x_wconf 60' lang='lat' dir='ltr'><strong><em>l,</em></strong></span> <span class='ocrx_word' id='word_1_865' title='bbox 3203 4882 3266 4936; x_wconf 87' lang='lat' dir='ltr'><strong><em>In</em></strong></span> <span class='ocrx_word' id='word_1_866' title='bbox 3305 4883 3526 4954; x_wconf 86' lang='lat' dir='ltr'><strong><em>princi-</em></strong></span> 
     </span>
    </p>
   </div>
   <div class='ocr_carea' id='block_1_103' title="bbox 1926 4951 3527 5030">
    <p class='ocr_par' dir='ltr' id='par_1_103' title="bbox 1926 4951 3527 5030">
     <span class='ocr_line' id='line_1_104' title="bbox 1926 4951 3527 5030; baseline -0.003 -15"><span class='ocrx_word' id='word_1_867' title='bbox 1926 4959 2043 5030; x_wconf 86' lang='lat' dir='ltr'><strong><em>pio,</em></strong></span> <span class='ocrx_word' id='word_1_868' title='bbox 2075 4955 2144 5010; x_wconf 89' lang='lat' dir='ltr'><strong><em>de</em></strong></span> <span class='ocrx_word' id='word_1_869' title='bbox 2183 4955 2361 5030; x_wconf 74' lang='lat' dir='ltr'><strong><em>verbo</em></strong></span> <span class='ocrx_word' id='word_1_870' title='bbox 2391 4954 2487 5030; x_wconf 81' lang='lat' dir='ltr'><strong><em>Dei</em></strong></span> <span class='ocrx_word' id='word_1_871' title='bbox 2514 4951 2839 5030; x_wconf 57' lang='lat' dir='ltr'><strong><em>accipiunt:</em></strong></span> <span class='ocrx_word' id='word_1_872' title='bbox 2866 4952 2965 5030; x_wconf 87' lang='lat' dir='ltr'><strong><em>_sic</em></strong></span> <span class='ocrx_word' id='word_1_873' title='bbox 3008 4951 3261 5030; x_wconf 67' lang='lat' dir='ltr'><strong><em>Basilius,</em></strong></span> <span class='ocrx_word' id='word_1_874' title='bbox 3284 4951 3527 5011; x_wconf 71' lang='lat' dir='ltr'><strong><em>Ambro-</em></strong></span> 
     </span>
    </p>
   </div>
   <div class='ocr_carea' id='block_1_104' title="bbox 1931 5024 3530 5096">
    <p class='ocr_par' dir='ltr' id='par_1_104' title="bbox 1931 5024 3530 5096">
     <span class='ocr_line' id='line_1_105' title="bbox 1931 5024 3530 5096; baseline 0.001 -14"><span class='ocrx_word' id='word_1_875' title='bbox 1931 5024 2064 5093; x_wconf 80' lang='lat' dir='ltr'><strong><em>sius,</em></strong></span> <span class='ocrx_word' id='word_1_876' title='bbox 2096 5036 2200 5084; x_wconf 91' lang='lat' dir='ltr'><strong><em>etc.</em></strong></span> <span class='ocrx_word' id='word_1_877' title='bbox 2233 5026 2343 5082; x_wconf 83' lang='lat' dir='ltr'><strong><em>Alii</em></strong></span> <span class='ocrx_word' id='word_1_878' title='bbox 2387 5025 2549 5096; x_wconf 85' lang='lat' dir='ltr'><strong><em>alium</em></strong></span> <span class='ocrx_word' id='word_1_879' title='bbox 2581 5039 2797 5080; x_wconf 88' lang='lat' dir='ltr'><strong><em>sensum</em></strong></span> <span class='ocrx_word' id='word_1_880' title='bbox 2828 5024 2911 5079; x_wconf 91' lang='lat' dir='ltr'><strong><em>his</em></strong></span> <span class='ocrx_word' id='word_1_881' title='bbox 2947 5024 3132 5096; x_wconf 60' lang='lat' dir='ltr'><strong><em>verbis</em></strong></span> <span class='ocrx_word' id='word_1_882' title='bbox 3179 5025 3438 5096; x_wconf 84' lang='lat' dir='ltr'><strong><em>tribuunt,</em></strong></span> <span class='ocrx_word' id='word_1_883' title='bbox 3471 5038 3530 5084; x_wconf 91' lang='lat' dir='ltr'><strong><em>ut</em></strong></span> 
     </span>
    </p>
   </div>
   <div class='ocr_carea' id='block_1_105' title="bbox 1929 5093 3528 5181">
    <p class='ocr_par' dir='ltr' id='par_1_105' title="bbox 1929 5093 3528 5181">
     <span class='ocr_line' id='line_1_106' title="bbox 1929 5093 3528 5181; baseline -0.001 -26"><span class='ocrx_word' id='word_1_884' title='bbox 1929 5101 2116 5181; x_wconf 76' lang='lat' dir='ltr'><strong><em>videre</em></strong></span> <span class='ocrx_word' id='word_1_885' title='bbox 2167 5108 2246 5181; x_wconf 66' lang='lat' dir='ltr'><strong><em>est</em></strong></span> <span class='ocrx_word' id='word_1_886' title='bbox 2294 5097 2455 5181; x_wconf 75' lang='lat' dir='ltr'><strong><em>apud</em></strong></span> <span class='ocrx_word' id='word_1_887' title='bbox 2518 5095 2680 5181; x_wconf 41' lang='lat' dir='ltr'><strong><em>Corn;</em></strong></span> <span class='ocrx_word' id='word_1_888' title='bbox 2739 5112 2772 5152; x_wconf 90' lang='lat' dir='ltr'><strong><em>a</em></strong></span> <span class='ocrx_word' id='word_1_889' title='bbox 2835 5093 3052 5166; x_wconf 78' lang='lat' dir='ltr'><strong><em>Lepide.</em></strong></span> <span class='ocrx_word' id='word_1_890' title='bbox 3113 5097 3197 5153; x_wconf 88' lang='lat' dir='ltr'><strong><em>vel</em></strong></span> <span class='ocrx_word' id='word_1_891' title='bbox 3255 5097 3311 5153; x_wconf 92' lang='lat' dir='ltr'><strong><em>in</em></strong></span> <span class='ocrx_word' id='word_1_892' title='bbox 3357 5093 3528 5156; x_wconf 73' lang='lat' dir='ltr'><strong><em>om.</em></strong></span> 
     </span>
    </p>
   </div>
   <div class='ocr_carea' id='block_1_106' title="bbox 1933 5169 3532 5322">
    <p class='ocr_par' dir='ltr' id='par_1_106' title="bbox 1933 5169 3532 5322">
     <span class='ocr_line' id='line_1_107' title="bbox 1933 5169 2777 5244; baseline -0.005 -14"><span class='ocrx_word' id='word_1_893' title='bbox 1933 5171 2138 5244; x_wconf 79' lang='lat' dir='ltr'><strong><em>campi.</em></strong></span> <span class='ocrx_word' id='word_1_894' title='bbox 2181 5171 2388 5242; x_wconf 86' lang='lat' dir='ltr'><strong><em>Script.</em></strong></span> <span class='ocrx_word' id='word_1_895' title='bbox 2420 5185 2614 5226; x_wconf 65' lang='lat' dir='ltr'><strong><em>sacrm.</em></strong></span> <span class='ocrx_word' id='word_1_896' title='bbox 2641 5169 2777 5226; x_wconf 83' lang='lat' dir='ltr'><strong><em>Enn.</em></strong></span> 
     </span>
     <span class='ocr_line' id='line_1_108' title="bbox 2006 5238 3532 5322; baseline -0.001 -25"><span class='ocrx_word' id='word_1_897' title='bbox 2006 5244 2121 5314; x_wconf 79' lang='grc'><strong><em>(48)</em></strong></span> <span class='ocrx_word' id='word_1_898' title='bbox 2151 5243 2249 5322; x_wconf 65' lang='lat' dir='ltr'><strong><em>(ta</em></strong></span> <span class='ocrx_word' id='word_1_899' title='bbox 2274 5243 2627 5322; x_wconf 55' lang='lat' dir='ltr'><strong><em>principium</em></strong></span> <span class='ocrx_word' id='word_1_900' title='bbox 2660 5242 2774 5299; x_wconf 87' lang='lat' dir='ltr'><strong><em>sive</em></strong></span> <span class='ocrx_word' id='word_1_901' title='bbox 2802 5238 3060 5322; x_wconf 71' lang='lat' dir='ltr'><strong><em>initium,</em></strong></span> <span class='ocrx_word' id='word_1_902' title='bbox 3074 5239 3532 5322; x_wconf 50' lang='lat' dir='ltr'><strong><em>etc.“Verisimile</em></strong></span> 
     </span>
    </p>
   </div>
   <div class='ocr_carea' id='block_1_107' title="bbox 1934 5311 3529 5386">
    <p class='ocr_par' dir='ltr' id='par_1_107' title="bbox 1934 5311 3529 5386">
     <span class='ocr_line' id='line_1_109' title="bbox 1934 5311 3529 5386; baseline -0.003 -16"><span class='ocrx_word' id='word_1_903' title='bbox 1934 5311 2038 5383; x_wconf 80' lang='lat' dir='ltr'><strong><em>est,</em></strong></span> <span class='ocrx_word' id='word_1_904' title='bbox 2070 5322 2129 5369; x_wconf 90' lang='lat' dir='ltr'><strong><em>ut</em></strong></span> <span class='ocrx_word' id='word_1_905' title='bbox 2167 5311 2304 5371; x_wconf 79' lang='lat' dir='ltr'><strong><em>hanc</em></strong></span> <span class='ocrx_word' id='word_1_906' title='bbox 2333 5311 2782 5386; x_wconf 73' lang='lat' dir='ltr'><strong><em>significationem</em></strong></span> <span class='ocrx_word' id='word_1_907' title='bbox 2808 5311 3083 5386; x_wconf 79' lang='lat' dir='ltr'><strong><em>principii</em></strong></span> <span class='ocrx_word' id='word_1_908' title='bbox 3115 5313 3529 5386; x_wconf 72' lang='lat' dir='ltr'><strong><em>indicaret_auc-</em></strong></span> 
     </span>
    </p>
   </div>
   <div class='ocr_carea' id='block_1_108' title="bbox 1934 5381 3530 5458">
    <p class='ocr_par' dir='ltr' id='par_1_108' title="bbox 1934 5381 3530 5458">
     <span class='ocr_line' id='line_1_110' title="bbox 1934 5381 3530 5458; baseline -0.005 -16"><span class='ocrx_word' id='word_1_909' title='bbox 1934 5381 2046 5458; x_wconf 77' lang='lat' dir='ltr'><strong><em>tpr,</em></strong></span> <span class='ocrx_word' id='word_1_910' title='bbox 2077 5396 2366 5458; x_wconf 86' lang='lat' dir='ltr'><strong><em>propterea</em></strong></span> <span class='ocrx_word' id='word_1_911' title='bbox 2383 5381 2531 5458; x_wconf 63' lang='lat' dir='ltr'><strong><em>&#39;alibi</em></strong></span> <span class='ocrx_word' id='word_1_912' title='bbox 2560 5385 2626 5440; x_wconf 91' lang='lat' dir='ltr'><strong><em>ab</em></strong></span> <span class='ocrx_word' id='word_1_913' title='bbox 2661 5398 2738 5458; x_wconf 84' lang='lat' dir='ltr'><strong><em>eo</em></strong></span> <span class='ocrx_word' id='word_1_914' title='bbox 2768 5381 2902 5458; x_wconf 70' lang='lat' dir='ltr'><strong><em>verti</em></strong></span> <span class='ocrx_word' id='word_1_915' title='bbox 2930 5381 3122 5458; x_wconf 65' lang='lat' dir='ltr'><strong><em>solere,</em></strong></span> <span class='ocrx_word' id='word_1_916' title='bbox 3155 5397 3276 5437; x_wconf 87' lang='lat' dir='ltr'><strong><em>eum</em></strong></span> <span class='ocrx_word' id='word_1_917' title='bbox 3332 5381 3530 5458; x_wconf 82' lang='lat' dir='ltr'><strong><em>dictam</em></strong></span> 
     </span>
    </p>
   </div>
   <div class='ocr_carea' id='block_1_109' title="bbox 1937 5452 3534 5527">
    <p class='ocr_par' dir='ltr' id='par_1_109' title="bbox 1937 5452 3534 5527">
     <span class='ocr_line' id='line_1_111' title="bbox 1937 5452 3534 5527; baseline -0.004 -16"><span class='ocrx_word' id='word_1_918' title='bbox 1937 5452 2264 5527; x_wconf 74' lang='lat' dir='ltr'><strong><em>Scripturam</em></strong></span> <span class='ocrx_word' id='word_1_919' title='bbox 2293 5456 2450 5513; x_wconf 88' lang='lat' dir='ltr'><strong><em>citat:</em></strong></span> <span class='ocrx_word' id='word_1_920' title='bbox 2480 5455 2546 5510; x_wconf 84' lang='lat' dir='ltr'><strong><em>In</em></strong></span> <span class='ocrx_word' id='word_1_921' title='bbox 2571 5452 2892 5527; x_wconf 79' lang='lat' dir='ltr'><strong><em>primordio</em></strong></span> <span class='ocrx_word' id='word_1_922' title='bbox 2915 5457 3053 5527; x_wconf 78' lang='lat' dir='ltr'><strong><em>fecit</em></strong></span> <span class='ocrx_word' id='word_1_923' title='bbox 3080 5456 3228 5508; x_wconf 89' lang='lat' dir='ltr'><strong><em>Deus</em></strong></span> <span class='ocrx_word' id='word_1_924' title='bbox 3252 5452 3457 5527; x_wconf 65' lang='lat' dir='ltr'><strong><em>aceturn</em></strong></span> <span class='ocrx_word' id='word_1_925' title='bbox 3476 5455 3534 5527; x_wconf 81' lang='lat' dir='ltr'><strong><em>et</em></strong></span> 
     </span>
    </p>
   </div>
   <div class='ocr_carea' id='block_1_110' title="bbox 1939 5524 3532 5653">
    <p class='ocr_par' dir='ltr' id='par_1_110' title="bbox 1939 5524 3532 5653">
     <span class='ocr_line' id='line_1_112' title="bbox 1939 5524 3532 5653; baseline -0.003 -71"><span class='ocrx_word' id='word_1_926' title='bbox 1939 5524 2180 5653; x_wconf 44' lang='lat' dir='ltr'><strong><em>{ferr—am,</em></strong></span> <span class='ocrx_word' id='word_1_927' title='bbox 2211 5527 2368 5584; x_wconf 90' lang='lat' dir='ltr'><strong><em>sicuti</em></strong></span> <span class='ocrx_word' id='word_1_928' title='bbox 2395 5524 2587 5598; x_wconf 76' lang='lat' dir='ltr'><strong><em>supra,</em></strong></span> <span class='ocrx_word' id='word_1_929' title='bbox 2615 5526 2709 5581; x_wconf 92' lang='lat' dir='ltr'><strong><em>lib.</em></strong></span> <span class='ocrx_word' id='word_1_930' title='bbox 2750 5524 2819 5581; x_wconf 87' lang='lat' dir='ltr'><strong><em>de</em></strong></span> <span class='ocrx_word' id='word_1_931' title='bbox 2869 5526 3174 5593; x_wconf 83' lang='lat' dir='ltr'><strong><em>Baptismo,</em></strong></span> <span class='ocrx_word' id='word_1_932' title='bbox 3220 5537 3340 5593; x_wconf 89' lang='lat' dir='ltr'><strong><em>cap.</em></strong></span> <span class='ocrx_word' id='word_1_933' title='bbox 3397 5525 3452 5588; x_wconf 91' lang='lat'><strong><em>3,</em></strong></span> <span class='ocrx_word' id='word_1_934' title='bbox 3480 5525 3532 5577; x_wconf 80' lang='grc'><strong><em>5.</em></strong></span> 
     </span>
     <span class='ocr_line' id='line_1_113' title="bbox 1981 5613 2080 5653; baseline 0 0"><span class='ocrx_word' id='word_1_935' title='bbox 1981 5613 2080 5653; x_wconf 72' lang='grc' dir='ltr'><strong>Διί.</strong></span> 
     </span>
    </p>
   </div>
   <div class='ocr_carea' id='block_1_111' title="bbox 1981 5613 2080 5656">
    <p class='ocr_par' dir='ltr' id='par_1_111' title="bbox 1981 5613 2080 5656">
     <span class='ocr_line' id='line_1_114' title="bbox 1981 5613 2080 5656; baseline -0.02 0"><span class='ocrx_word' id='word_1_936' title='bbox 1981 5613 2080 5656; x_wconf 68' lang='grc' dir='ltr'><strong>ΔΙ.</strong></span> 
     </span>
    </p>
   </div>
  </div>
