4032 6152
514 326 620 388 239

1210 317 1659 381 TERTULLIANI
1696 318 1963 388 QPERUM
2002 317 2166 379 PARS
2205 315 2271 377 ΙΙ.
2312 344 2384 355 -—
2420 312 2645 381 SERIES
2684 312 2723 380 Ι,
2764 311 3109 375 POLEMICA.

3700 318 3813 378 240

508 467 628 507 mus
664 455 718 506 et
751 446 1081 505 mentionem
1127 446 1299 519 ipsius
1338 447 1410 503 rei
1452 445 1782 518 specialiter,
1817 460 2105 518 quamvo-
2137 459 2184 537 Α
2214 443 2363 500 Deus
2391 440 2484 514 qui
2514 439 2658 507 fecit,
2689 449 2741 496 et
2766 457 2830 497 ea
2870 456 2991 513 quae
3033 439 3159 537 fecit
3204 441 3514 512 ostendens,
3546 445 3691 501 unde
3720 444 3816 502 fe-

506 541 691 596 lumus
740 536 1062 611 principium
1124 536 1346 592 alterius
1399 536 1501 591 rei.
1550 538 1629 591 De
1680 543 1877 592 caetero
1926 535 1973 590 si
2027 535 2107 591 sic

510 642 798 699 ponamus,
856 624 1005 682 verbi
1054 624 1247 696 gratia.
1292 624 1351 677 In
1409 622 1679 694 principio
1736 622 1860 680 fecit
1909 622 2107 694 ﬁgulus

509 716 707 787 pelvim
736 714 822 770 vel
851 728 1081 781 urnam;
1105 715 1217 784 jam
1250 726 1359 767 non
1408 710 1689 767 materiam
1733 710 2057 784 signiﬁcabit
2082 710 2108 749 9

510 802 871 874 principium:
924 815 1033 857 non
1082 800 1227 856 enim
1276 798 1525 871 argillam
1572 798 1845 854 nominavi
1904 798 2109 869 princi-

514 892 683 963 pium,
717 891 810 947 sed
842 890 1085 947 ordinem
1118 887 1337 960 operis;
1383 886 1511 959 quia
1538 885 1739 958 ﬁgulus
1767 894 1887 941 ante
1916 895 2110 944 caetera

516 982 754 1053 primum
795 980 989 1051 pelvim
1030 988 1084 1036 et
1118 995 1309 1034 urnam
1356 976 1503 1048 fecit,
1558 976 1750 1035 exinde
1798 977 2031 1033 facturus
2056 984 2112 1032 et

517 1079 750 1142 caetera;
783 1071 848 1125 ad
877 1069 1276 1126 ordinationem
1310 1082 1536 1138 operum
1578 1066 1835 1137 principii
1864 1066 2108 1122 vocabu-

516 1160 628 1217 lum
646 1159 951 1232 pertinebit,
970 1174 1075 1215 non
1100 1157 1167 1213 ad
1187 1157 1450 1228 originem
1472 1154 1915 1211 substantiarum.
1938 1153 2039 1211 ξι
2054 1154 2108 1212 5

517 1249 740 1304 Possum
770 1256 823 1303 et
849 1247 1002 1303 aliter
1048 1248 1095 1285 1°
1142 1244 1461 1318 principium
1510 1244 1865 1315 interpretari,
1905 1260 2012 1300 non
2042 1244 2110 1299 ab

516 1353 574 1394 re
598 1345 776 1393 tamen
819 1354 832 1391 :
863 1352 989 1391 nam
1018 1343 1072 1391 et
1116 1334 1171 1389 in
1210 1334 1403 1391 Graeco
1433 1334 1709 1407 principii
1754 1333 2105 1401 vocabulum,

514 1426 658 1499 quod
690 1432 773 1481 est
802 1440 955 1480 sexu
988 1422 1123 1497 (41),
1174 1436 1282 1478 non
1333 1424 1539 1477 tantum
1588 1422 1973 1489 ordinativum,
2014 1420 2107 1476 sed

512 1523 567 1571 et
612 1514 993 1587 potestativum
1041 1511 1185 1584 capit
1230 1510 1607 1582 principatum.
1658 1510 1810 1566 Unde
1845 1520 1899 1565 et
1926 1511 2110 1582 ἄρχον-

514 1622 600 1664 τας
629 1603 816 1659 dicunt
842 1602 1115 1674 principes
1161 1607 1217 1655 et
1260 1598 1605 1670 magistratus
1651 1599 1791 1668 (42).
1842 1598 1987 1673 Ergo
2014 1615 2107 1655 se-

516 1692 751 1749 cundum
797 1692 935 1746 hanc
982 1703 1197 1762 quoque
1248 1685 1734 1759 signiﬁcationem,
1784 1687 2106 1760 principium

2214 533 2348 589 cerit
2375 546 2484 587 non
2524 531 2751 602 proinde
2782 538 3028 588 testatur.
3062 529 3195 585 Nam
3226 547 3351 587 cum
3410 532 3467 588 in
3499 536 3647 589 omni
3676 549 3812 606 ope-

2215 621 2421 677 ratione
2448 620 2552 675 tria
2580 620 2685 675 sint
2706 619 3020 693 principalia
3043 640 3056 674 :
3089 620 3183 692 qui
3215 621 3359 689 facit,
3393 631 3448 676 et
3476 626 3623 695 quod
3653 622 3732 689 ﬁt,
3756 631 3814 679 et

2217 727 2283 766 ex
2327 725 2434 780 quo
2480 708 2575 777 ﬁt;
2629 709 2728 765 tria
2773 708 2990 765 nomina
3038 717 3161 764 sunt
3206 710 3413 765 edenda
3465 711 3520 767 in
3572 712 3815 785 legitima

2217 800 2394 871 operis
2431 798 2805 856 enarratione:
2862 813 3095 869 persona
3134 797 3367 865 factoris,
3422 800 3632 871 species
3663 800 3810 869 facti,

2217 888 2389 945 forma
2416 888 2671 943 materies.
2706 887 2764 943 Si
2795 888 3012 942 materia
3057 902 3166 942 non
3208 886 3421 953 edetur,
3473 888 3566 943 ubi
3595 898 3648 945 et
3677 905 3814 962 ope-

2217 994 2276 1033 ra
2314 985 2368 1032 et
2395 984 2647 1045 Operator
2673 975 2920 1042 edentur,
2953 982 3180 1047 apparet
3209 990 3273 1032 ex
3318 974 3487 1031 nihilo
3519 994 3643 1034 eum
3676 995 3814 1048 ope-

2219 1075 2410 1122 ratum.
2440 1064 2670 1123 Proinde
2723 1064 2870 1120 enim
2920 1066 3111 1120 edetur
3154 1079 3218 1120 ex
3266 1082 3398 1136 quo,
3450 1065 3496 1122 si
3542 1081 3608 1121 ex
3635 1065 3816 1137 aliquo

2221 1155 2411 1211 fuisset
2435 1161 2711 1226 operatus.
2740 1153 2990 1226 Denique
3006 1153 3364 1225 Evangelium
3388 1164 3447 1210 ut
3466 1155 3819 1227 supplemen-

2222 1251 2337 1301 tum
2367 1242 2709 1300 instrumenti
2739 1238 2913 1298 246
2942 1241 3138 1297 veteris
3176 1240 3484 1298 adhibendo
3527 1243 3593 1310 14,
3625 1242 3678 1297 in
3707 1256 3819 1315 quo

2216 1333 2301 1390 vel
2327 1348 2393 1389 eo
2422 1331 2595 1403 magis
2622 1331 2877 1387 debuerat
2904 1330 3116 1387 ostendi
3147 1332 3292 1386 Deus
3330 1345 3395 1386 ex
3426 1331 3602 1401 aliqua
3639 1340 3821 1388 mate-

2216 1421 2295 1478 ria
2322 1421 2574 1478 universa
2603 1420 2818 1487 fecisse,
2861 1420 3009 1492 quod
3052 1420 3158 1475 illic
3189 1420 3347 1476 etiam
3381 1437 3477 1491 per
3507 1437 3668 1492 quem
3700 1437 3821 1477 om-

2216 1509 2305 1565 nia
2328 1508 2512 1566 fecerit
2538 1507 2842 1564 revelatur:
2881 1509 2943 1562 In
2970 1510 3257 1581 principio
3298 1514 3423 1564 erat
3447 1510 3642 1568 Sermo
3673 1511 3817 1582 (43),

2218 1600 2281 1653 in
2300 1612 2406 1670 quo
2424 1600 2711 1670 principio
2730 1597 2946 1653 scilicet
2968 1599 3115 1654 Deus
3125 1599 3265 1668 fecit
3282 1598 3483 1655 caelum
3505 1602 3561 1655 et
3580 1603 3816 1661 terram.

2220 1689 2288 1742 Et
2318 1688 2510 1744 Sermo
2531 1690 2655 1743 erat
2674 1686 2825 1757 apud
2848 1688 3043 1749 Deum,
3065 1690 3120 1742 et
3142 1689 3286 1744 Deus
3306 1692 3430 1743 erat
3460 1689 3673 1748 Sermo.
3700 1688 3820 1744 0m-

519 1796 614 1851 pro
644 1779 951 1852 principatu
979 1740 1032 1832 Et
1086 1740 1349 1847 potestafe
1400 1781 1664 1834 sumetur.
1708 1740 2109 1849 In‘princirpatu
2140 1740 2185 1818 Β
2214 1780 2431 1849 niaper
2445 1779 2631 1849 ipsum
2644 1740 2801 1847 facta
2816 1780 3046 1842 sunt,et
3065 1778 3189 1833 sine
3204 1778 3305 1833 illo
3324 1780 3549 1848 factum
3567 1779 3815 1837 estnihil

515 1868 660 1925 enim
715 1872 772 1925 et
824 1866 877 1921 in
938 1872 1207 1938 potestate
1262 1864 1411 1921 Deus
1463 1863 1587 1920 fecit
1641 1863 1839 1923 caelum
1892 1874 1946 1921 et
1992 1876 2108 1923 ter-

514 1972 653 2015 ram.

1107 2041 1336 2101 CAPUT
1382 2044 1509 2101 XX.

581 2135 687 2192 Sed
726 2141 789 2191 ut
833 2132 966 2189 nihil
1020 2131 1167 2188 aliud
1209 2132 1479 2206 signiﬁcet
1523 2132 1718 2190 Graeca
1768 2148 1893 2201 vox,
1944 2149 2107 2206 quam

510 2222 858 2297 principium,
891 2228 945 2279 et
990 2221 1312 2294 principium
1359 2220 1491 2278 nihil
1524 2221 1673 2278 aliud
1712 2222 1906 2294 capiat,
1947 2238 2106 2293 quam

506 2312 742 2383 initium,
774 2312 1038 2369 habemus
1075 2310 1234 2366 etiam
1267 2309 1418 2366 illam
1441 2324 1761 2381 agnoscere,
1792 2326 1914 2382 quae
1942 2310 2103 2369 dicit:

508 2405 776 2461 Dominus
809 2400 1058 2459 condidit
1102 2414 1194 2456 me
1226 2398 1269 2437 ιι
1316 2399 1561 2455 initium
1602 2399 1833 2456 viarum
1869 2416 2106 2457 suarum

508 2494 575 2549 in
604 2505 776 2564 opera
808 2507 931 2548 sua.
967 2488 1034 2544 Si
1063 2487 1209 2544 enim
1239 2502 1335 2559 per
1364 2485 1623 2559 Sophiam
1655 2487 1751 2543 Dei
1789 2486 1973 2543 omnia
2002 2488 2109 2545 fac-

511 2589 564 2637 ta
612 2588 782 2647 sunt;
813 2586 868 2635 et
893 2577 1090 2635 coelum
1137 2591 1270 2649 ergo
1299 2583 1353 2633 et
1395 2586 1595 2633 terram
1632 2576 1779 2631 Deus
1818 2575 2019 2634 faciens
2049 2576 2105 2633 in

512 2667 804 2742 principio,
834 2666 889 2723 id
935 2677 1014 2724 est
1053 2664 1229 2734 initio,
1279 2664 1333 2720 in
1381 2664 1583 2737 Suphia
1630 2679 1730 2719 sua
1766 2662 1908 2721 fecit.
1942 2664 2104 2722 Deni-

510 2772 618 2830 que
664 2756 713 2812 si
766 2754 1091 2827 principium
1140 2752 1425 2810 materiam
1469 2752 1821 2825 signiﬁcaret,
1867 2767 1973 2809 non
2031 2753 2105 2810 ita

508 2845 786 2916 Scriptura
814 2843 1175 2915 inscripsisset
1205 2842 1251 2880 ι²
1272 2842 1339 2897 In
1362 2842 1641 2916 principio
1661 2845 1803 2900 Deus
1821 2843 1979 2914 fecit,
2002 2841 2097 2899 sed

506 2950 581 2991 ea:
604 2932 908 3005 principio.
942 2933 1059 2988 Non
1099 2929 1242 2986 enim
1271 2930 1326 2985 in
1355 2930 1579 2986 materia
1608 2971 1624 2997 ,
1656 2931 1753 2987 sed
1781 2947 1848 2989 ex
1876 2931 2097 2988 materia

2217 1867 2401 1936 (Joan.
2469 1880 2511 1938 ι,
2570 1868 2707 1935 1-3).
2759 1864 2892 1921 Cum
2938 1864 3101 1937 igitur
3129 1874 3183 1921 et
3220 1866 3309 1922 hic
3353 1867 3723 1925 manifestatur
3766 1878 3822 1927 et

2217 1952 2411 2020 factor,
2441 1953 2493 2009 id
2524 1961 2607 2009 est
2652 1953 2832 2008 Deus:
2865 1961 2917 2009 et
2966 1952 3123 2023 facta,
3175 1953 3227 2009 id
3267 1964 3350 2012 est
3394 1957 3608 2013 omnia:
3642 1965 3697 2013 et
3724 1973 3822 2029 per

2215 2057 2400 2115 quem,
2447 2041 2501 2096 id
2549 2049 2633 2097 est
2672 2056 2893 2112 sermo;
2944 2056 3123 2099 nonne
3169 2050 3224 2099 et
3270 2044 3414 2102 unde
3457 2046 3636 2103 omnia
3679 2045 3821 2103 facta

2217 2138 2458 2187 essenta
2485 2130 2597 2186 Deo
2646 2144 2743 2200 per
2785 2145 3114 2197 sermonem,
3164 2132 3437 2206 exegisset
3473 2133 3612 2192 ordo
3654 2133 3820 2207 proﬁc

2216 2219 2338 2287 teri,
2368 2219 2413 2276 si
2440 2235 2505 2275 ex
2553 2217 2733 2289 aliquo
2778 2216 2917 2276 facta
2958 2220 3188 2275 essent?
3236 2220 3314 2278 Ita
3357 2223 3503 2295 quod
3558 2238 3669 2280 non
3700 2222 3817 2295 fuit,

2212 2324 2321 2366 non
2368 2307 2543 2381 potuit
2588 2306 2866 2378 Scriptura
2918 2306 3183 2378 proﬁteri.
3227 2309 3293 2367 Et
3349 2326 3457 2368 non
3515 2310 3822 2384 proﬁtendo

2212 2399 2343 2457 satis
2370 2397 2614 2471 probavit
2660 2413 2767 2455 non
2809 2397 3001 2466 fuisse,
3050 2399 3179 2471 quia
3223 2399 3565 2472 proﬁteretur
3602 2402 3648 2457 si
3690 2400 3822 2459 fuis-

2216 2496 2331 2544 set.

2789 2575 3029 2633 CAPUT
3077 2575 3241 2632 XXI.

2283 2665 2449 2739 Ergo,
2489 2664 2687 2736 inquis,
2720 2664 2766 2720 si
2802 2672 2855 2720 tu
2888 2663 3011 2721 ideo
3040 2665 3363 2737 praajudicas
3386 2678 3455 2724 ex
3483 2665 3654 2724 nihilo
3703 2666 3820 2723 fac-

2212 2763 2265 2811 ta
2291 2753 2495 2825 omnia,
2528 2754 2657 2826 quia
2703 2768 2812 2810 non
2854 2753 2901 2810 si
2942 2753 3230 2812 manifeste
3277 2755 3502 2813 relatum
3541 2755 3611 2813 de
3640 2764 3820 2812 mate-

2210 2845 2287 2900 ria
2335 2842 2660 2915 prazcedenti
2714 2842 2913 2899 factum
2959 2842 3105 2915 quid,
3157 2844 3276 2901 vide
3322 2845 3439 2915 (44)
3490 2860 3558 2901 ne
3602 2845 3820 2902 diversa

2206 2948 2330 3005 pars
2378 2932 2501 2987 ideo
2546 2932 2838 2989 contendat
2882 2947 2948 2988 ex
2997 2933 3216 2989 materia
3245 2932 3409 3000 facta,
3442 2934 3565 3006 quia
3622 2934 3817 3007 proin-

506 3021 741 3078 fecisset.
765 3024 843 3078 De
866 3020 1067 3092 SOphia
1088 3029 1270 3077 autem
1292 3020 1611 3093 potuitdici,
1632 3023 1696 3077 in
1714 3024 2018 3096 principio.
2042 3023 2100 3078 In
2133 3017 2176 3098 c
2206 3021 2274 3078 de
2305 3036 2414 3078 non
2465 3027 2649 3093 aperte
2692 3019 3045 3095 signiﬁcatum
3092 3023 3182 3093 sit,
3233 3039 3296 3079 ex
3327 3023 3496 3080 nihilo
3531 3023 3661 3095 quid
3692 3023 3818 3082 fac-

506 3108 707 3180 Sophia
730 3108 873 3165 enim
903 3108 1080 3179 primo
1110 3108 1257 3178 fecit,
1290 3108 1340 3162 in
1373 3124 1479 3181 qua
1510 3109 1801 3181 cogitando
1841 3118 1894 3169 et
1923 3109 2107 3181 dispo-

506 3198 682 3255 nendo
705 3198 816 3268 jam
846 3197 1079 3267 fecerat;
1124 3196 1381 3269 quoniam
1428 3196 1529 3253 etsi
1574 3214 1638 3253 ex
1670 3198 1893 3254 materia
1939 3198 2107 3255 factu-

504 3303 598 3342 rus
618 3285 833 3354 fuisset,
866 3295 992 3342 ante
1022 3286 1077 3339 in
1112 3284 1319 3357 Suphia
1367 3284 1659 3357 cogitando
1690 3293 1743 3340 et
1770 3286 2109 3357 disponendo

501 3375 613 3444 jam
655 3375 878 3431 fecerat.
924 3372 1191 3441 Quoniam
1232 3372 1336 3428 etsi
1375 3381 1491 3427 erat
1538 3372 1750 3429 initium
1802 3375 2007 3432 viarum
2038 3376 2106 3442 13,

506 3463 637 3535 quia
664 3461 923 3534 cogitatio
953 3470 1007 3517 et
1055 3460 1339 3532 dispositio
1379 3461 1557 3531 prima
1583 3461 1800 3532 Sophia),
1830 3462 1891 3518 ﬁt
1918 3479 2110 3535 opera-

508 3551 584 3607 tio
616 3551 682 3607 de
720 3550 959 3621 cogitatu
1009 3548 1151 3605 viam
1194 3549 1453 3620 operibus
1494 3548 1812 3621 instituens,
1872 3553 2012 3610 hanc
2052 3562 2110 3611 et

2217 3120 2352 3167 tum.
2405 3110 2568 3167 Plane
2612 3111 2911 3184 retorqueri
2952 3112 3200 3183 quaedam
3240 3113 3400 3170 facile
3429 3116 3673 3185 poSsunt,
3706 3129 3815 3169 non

2216 3198 2394 3259 statim
2437 3207 2491 3253 et
2535 3215 2597 3254 ex
2648 3212 2806 3271 aequo
2851 3198 3081 3269 admitti,
3132 3200 3223 3256 ubi
3271 3200 3557 3259 diversitas
3606 3216 3807 3257 causae

2216 3297 2320 3344 est.
2352 3288 2487 3345 Dico
2517 3288 2681 3356 enim,
2729 3287 2832 3342 etsi
2860 3303 2969 3344 non
3015 3298 3199 3361 aperte
3242 3289 3522 3361 Scriptura
3567 3305 3804 3362 pronun-

2218 3377 2363 3433 tiavit
2406 3394 2471 3433 ex
2510 3377 2679 3433 nihilo
2729 3376 2866 3433 facta
2903 3378 3105 3449 omnia,
3147 3377 3290 3436 sicut
3335 3394 3435 3436 nec
3471 3395 3537 3435 ex
3566 3378 3810 3444 materia,

2216 3480 2326 3523 non
2368 3474 2563 3525 tantam
2612 3464 2780 3522 fuisse
2822 3466 3199 3523 necessitatem
3247 3476 3429 3539 aperte
3474 3466 3818 3541 signiﬁcandi

2216 3555 2283 3612 de
2320 3554 2487 3614 nihilo
2528 3553 2664 3612 facta
2706 3554 2914 3621 omnia,
2965 3566 3169 3628 quanta
3210 3566 3386 3625 esset,
3431 3557 3476 3613 si
3529 3573 3597 3613 ex
3633 3567 3819 3614 mate-

504 3635 629 3695 inde
675 3639 1044 3695 auctoritatem
1093 3636 1381 3709 Scripturte
1428 3637 1563 3695 mihi
1612 3639 1850 3709 vindico,
1884 3643 2028 3714 quod
2058 3652 2113 3700 et
2219 3643 2299 3700 ria
2326 3642 2462 3701 facta
2508 3643 2755 3700 fuissent.
2805 3642 3073 3714 Quoniam
3121 3646 3268 3719 quod
3315 3645 3372 3702 ﬁt
3417 3663 3481 3702 ex
3526 3645 3719 3713 nihilo,
3749 3661 3819 3703 eo

1868 3766 2062 3830 Varia:
2107 3768 2429 3835 lectiones.

571 3893 597 3930 9
629 3890 965 3966 Signiﬁcabit
1012 3893 1135 3966 edd.
1166 3909 1359 3966 omnes
1412 3899 1469 3949 et
1503 3896 1635 3951 Jun.
1693 3897 1740 3935 ιο
1768 3898 1997 3954 Possunt
2025 3908 2077 3956 et
2121 3901 2274 3957 aliter
2304 3903 2477 3960 Seml.
2516 3900 2735 3958 Oberth.
2786 3902 2829 3939 ιι
2875 3900 3094 3957 Initium
3133 3904 3336 3960 viarum
3375 3921 3589 3961 suarum
3656 3905 3818 3963 abest

503 3982 552 4047 an
571 3963 737 4047 Seml.
774 3963 994 4047 Obertlt.
1022 3965 1150 4047 Mss;
1188 3965 1561 4047 nonghabento,
1607 3969 2085 4047 inquit_.[unius,
2119 3976 2177 4028 et
2206 3976 2393 4047 abesse
2437 3978 2643 4047 potest,
2674 3980 2776 4027 etc.
2808 3973 2887 4047 __”
2933 3973 3304 4047 Instruxisset,
3362 3978 3539 4033 Seml.
3588 3978 3815 4034 Oberth.

504 4035 948 4120 13_Disp‘onendo_
958 4035 1069 4120 jam
1119 4034 1325 4115 fecerat
1350 4057 1364 4105 ;
1390 4048 1454 4120 et
1501 4037 1579 4118 sic
1616 4034 1729 4120 erat
1759 4042 1969 4120 initium
2000 4034 2251 4120 viarum,_
2271 4045 2397 4116 quia
2426 4034 2680 4120 cogitatio
2708 4051 2761 4098 et
2789 4043 3074 4120 dispositio
3105 4034 3302 4119 prima,
3322 4048 3536 4120 Saphize
3565 4048 3636 4102 sit
3678 4064 3817 4114 cpe-

502 4107 661 4174 ratio,
684 4106 760 4191 de
813 4106 1046 4191 cogitatu
1078 4106 1225 4191 viam
1252 4107 1843 4191 operibusinstituena
1896 4114 2043 4191 [lane
2095 4106 2302 4191 estinde
2334 4106 2723 4184 auctoFitatem,
2756 4122 2863 4177 etc.
2877 4106 2980 4172 Ἰια
3014 4106 3147 4190 legit
3192 4106 3479 4177 Junius'et
3512 4106 3816 4176 lectionem

500 4195 667 4237 suam
696 4177 959 4251 pluribus
982 4177 1159 4233 verbis
1190 4178 1467 4249 defendit.
1497 4180 1542 4219 υ·
1570 4181 1859 4240 Adhibebo
1889 4186 2058 4243 Seml.
2096 4186 2314 4244 Oberth.

1890 4309 2394 4378 Commentarius.

576 4408 691 4488 (lii)
709 4409 849 4488 Nam
867 4413 1005 4468 etin
1034 4412 1222 4488 Graeco
1257 4414 1539 4488 princpii
1572 4414 1927 4488 uocabulum,
1948 4418 2095 4488 quod

501 4486 599 4564 est
632 4480 779 4564 ἀρχὴ..
811 4483 1166 4564 Cpnsentiunt
1211 4480 1377 4564 etiam
1424 4480 1754 4564 Tertulli-ano
1794 4480 2097 4564 insigniﬁ-

500 4552 711 4627 eatione
740 4552 995 4627 dpxiﬁpro
1028 4555 1381 4627 principatu,
1438 4556 1775 4626 Xenophon.
1824 4557 1920 4613 lib.
1944 4552 1987 4614 Ἴ
2029 4561 2094 4617 de

502 4626 762 4749 Impias-ig,
785 4625 1129 4692 Aristoteles,
1148 4626 1374 4685 Politic.
1406 4643 1446 4696 ι,
1472 4636 1525 4682 et
1553 4628 1724 4700 Plato,
1753 4628 1820 4686 de
1842 4633 2095 4705 Republi-

502 4713 586 4749 ea.
666 4714 697 4749 Α
751 4737 764 4749 .

500 4713 586 4751 ea.
624 4711 764 4752 ιἈκ.

570 4766 687 4845 (42)
723 4766 870 4845 {Inde
900 4772 957 4845 et
984 4768 1454 4845 dpxovra§_dicuﬂt
1470 4771 1759 4845 principes
1804 4777 1861 4827 et
1888 4775 2093 4845 magis-

502 4840 706 4914 tratus.
740 4838 853 4892 Hoc
895 4839 1147 4892 adnotatu
1193 4840 1436 4914 dignum,
1461 4838 1630 4914 iquod
1660 4838 1759 4897 'ubi
1810 4838 2095 4914 graace'est

499 4906 752 4983 ἄρχοντες,
801 4922 921 4983 eam
970 4924 1156 4965 vocem
1206 4906 1283 4963 in.
1312 4906 1659 4983 translatione
1700 4906 2093 4983 Scripturarum

500 4978 733 5053 retinere
790 4978 1226 5053 sole_at_auctor:
1278 4981 1437 5037 sicuti
1486 4999 1649 5053 supra
1688 4978 2091 5051 advfludceos,

498 5060 621 5117 cap.
684 5050 736 5113 9,
794 5058 848 5101 et
904 5048 1056 5112 infra,
1119 5052 1209 5104 lib.
1264 5068 1325 5106 ιιι
1379 5054 1503 5109 adv.
1553 5048 1732 5108 'Marc.
1798 5074 1822 5105 α
1869 5056 2002 5109 Nam
2041 5048 2095 5112 et

499 5118 1011 5206 dpxoﬁa‘gfinquit,
1048 5121 1238 5206 Isaiam
1275 5124 1466 5206 citans,
1508 5140 1626 5206 cap.
1657 5128 1700 5194 ι)
1718 5125 2092 5206 Sodomorum

495 5188 731 5268 appellat
757 5188 1042 5268 archontas
1075 5205 1360 5268 vestros.__»
1396 5188 1525 5268 Item
1556 5188 1654 5252 lib.
1679 5188 1761 5268 'de
1791 5198 2093 5268 Resurrec-

499 5262 652 5333 tione
698 5262 911 5333 carnis,
958 5276 1081 5332 cap.
1132 5266 1219 5326 50,
1272 5262 1433 5317 alium
1483 5266 1653 5320 locum
1701 5265 1855 5320 Isaiae
1903 5284 1985 5333 ιιι,
2016 5270 2094 5325 sic

494 5330 657 5407 vertit
688 5346 792 5407 :__«
851 5330 1270 5407 Venturumgin
1323 5333 1589 5407 judicium
1654 5330 1983 5407 presbyteris
2040 5350 2094 5396 et

490 5401 838 5483 archontibus
867 5404 1131 5483 p_0puli_._»
1160 5401 1418 5483 PAH.';_-A
1431 5401 1698 5483 rchontds
1719 5401 1921 5483 dicunt
1936 5414 2093 5483 prin-

490 5474 644 5563 cipes
658 5476 1017 5563 et‘rnagisir.
1053 5476 1172 5563 Non
1204 5478 1379 5563 potuit
1403 5478 1491 5563 vir
1521 5478 1857 5561 antiquitatis
1887 5474 2093 5563 peritus

488 5544 876 5626 nunemittere
891 5547 993 5603 hoc
1021 5544 1243 5626 verbum
1262 5548 1331 5626 de
1351 5544 1761 5626 Atheniensium
1786 5544 2047 5626 regimine
2070 5575 2086 5625 ;

488 5614 629 5686 apud
662 5616 759 5674 hos
787 5616 928 5674 enim
976 5618 1237 5677 moriente
1282 5618 1461 5679 Codro
1491 5622 1752 5680 exstincta
1789 5614 1879 5681 es?
1898 5614 2088 5700 regum

2125 4439 2171 4515 ι)
2204 4418 2499 4515 illaesi“;
2510 4436 2733 4515 10.8999
2763 4421 2977 4493 Publica
3002 4420 3443 4515 causam
3462 4419 3823 4515 .Prsfesibss

2206 4491 2449 4565 primum
2468 4491 2776 4563 perpetuis,
2803 4510 2896 4550 seu
2927 4493 3334 4565 magistratibus
3384 4491 3825 4565 qui'rarchontes

2206 4511 2437 4561 pl‘lmum
2468 4511 2764 4563 perpetuis,
2803 4511 2896 4550 seu
2927 4511 3015 4549 ma
3059 4511 3334 4548 istrannus
3384 4511 3476 4565 qui
3518 4511 3823 4549 arcnontes

2202 4562 2454 4633 appellati
2485 4571 2609 4618 sunt
2636 4579 2858 4620 numero
2894 4568 2979 4619 t3.
3019 4511 3209 4620 ἦνθεῐί
3253 4572 3436 4635 postea
3484 4564 3823 4621 decennales

2204 4644 2436 4703 septem,
2478 4649 2541 4689 ac
2587 4635 2803 4690 demum
2851 4636 3017 4691 annui
3067 4635 3347 4692 constituti
3395 4647 3539 4691 sunt.
3592 4635 3822 4691 Primus

2202 4706 2403 4759 archon
2430 4704 2533 4758 fuit
2562 4704 2773 4773 Medon,
2807 4716 2864 4762 ut
2892 4718 3073 4763 narrat
3117 4707 3409 4763 Pausanias
3439 4707 3493 4761 in
3523 4706 3819 4773 Achaicis,

2203 4774 2443 4847 quicum
2483 4774 2619 4847 pede
2665 4775 2834 4832 altero
2880 4788 3027 4834 esset
3072 4777 3285 4843 debilis,
3336 4777 3501 4833 frater
3547 4780 3669 4847 ejus
3695 4779 3821 4833 Ne-

2202 4844 2644 4924 l9us_prl{lcip_tim
2684 4847 2850 4924 illum
2871 4850 3439 4924 crear_i__Athenis_non
3484 4844 3647 4919 posse
3679 4864 3826 4905 sus-

2201 4915 2382 4992 tinuit.
2414 4916 2581 4992 Qupd
2618 4934 2738 4973 cum
2786 4921 2855 4975 ad
2901 4920 3210 4992 Apollinem
3239 4915 3671 4986 delatum'esset,
3715 4936 3821 4975 se-

2200 4987 2437 5063 cundum
2463 4987 2767 5063 Mediontem
2799 4987 3184 5063 pronuntiavit.
3218 4992 3296 5046 LE
3328 4995 3421 5048 Pa.

2270 5056 2384 5138 (334)
2408 5060 2472 5114 In
2475 5062 2775 5185 (principio
2799 5056 2923 5119 erat
2952 5066 3167 5129 Sermo,
3193 5071 3294 5119 etc.
3326 5064 3448 5119 Non
3479 5063 3653 5118 solum
3677 5077 3830 5118 auc-

2270 5145 2304 5180 t‘l
2366 5139 2471 5184 istu
2547 5132 2690 5185 etB.
2734 5136 3002 5185 Cvnriano
3049 5135 3305 5185 usitatum
3350 5134 3469 5185 fuit.
3517 5143 3576 5185 ut
3619 5149 3825 5185 sermo

2202 5132 2304 5206 t_ori
2366 5132 2508 5206 istud
2547 5141 2597 5186 et
2632 5132 2695 5188 B.
2734 5136 3002 5206 Cypriano
3049 5135 3305 5189 usitatum
3350 5134 3469 5202 fuit,
3517 5143 3576 5189 ut
3619 5149 3825 5206 sermo

2200 5200 2300 5282 Dei
2328 5201 2509 5282 potius
2555 5219 2717 5282 quam
2766 5200 3003 5282 Verbum
3043 5206 3141 5261 Dei
3189 5200 3565 5282 appellaretur
3604 5204 3821 5282 Filius.

2202 5270 2339 5343 Hinc
2380 5273 2508 5327 illud
2558 5270 2652 5328 lib.
2706 5291 2748 5330 ιι
2802 5278 3100 5336 Testi-mon.
3148 5270 3421 5335 aduersus
3459 5275 3608 5343 Jud.,
3642 5292 3694 5331 ε.
3732 5280 3771 5332 3
3808 5296 3823 5335 :

2208 5363 2227 5419 ξ
2262 5341 2418 5411 Ωιιοά
2448 5344 2859 5419 Christusidem
2910 5350 2978 5404 sit
3009 5349 3198 5405 Sermo
3245 5350 3368 5413 Dei,
3402 5368 3426 5400 ιο
3458 5347 3551 5403 ubi
3584 5341 3640 5402 id
3674 5364 3826 5419 pro-
3932 5388 3933 5391 η

2197 5398 2383 5489 balet:
2410 5398 2572 5489 variis
2586 5398 3083 5489 ’SEi-ipih‘iisfiiﬂ.

2271 5486 2385 5555 (44)
2420 5488 2498 5563 Ne
2536 5486 2762 5563 diversa
2804 5508 2958 5563 pars.
2985 5490 3206 5563 Supra,
3244 5512 3265 5541 ι
3317 5489 3468 5563 Unde
3495 5498 3549 5545 et
3581 5488 3820 5547 diversa

2199 5572 2324 5629 pars
2351 5559 2685 5631 suspiciones
2715 5559 2843 5617 sua's
2874 5561 3065 5621 tideive
3090 5559 3341 5619 conatur.
3377 5583 3399 5612 »
3436 5562 3563 5617 Rw.
