4002 6118
234 297 332 356 241

1427 286 1628 350 LIBER
1668 289 1827 351 ADV.
1876 291 2349 354 HERMOGENEM.

238 426 358 496 ipso
386 423 514 479 dum
543 434 655 477 non
700 419 1001 476 ostenditur
1050 431 1114 473 ex
1169 417 1349 490 aliquo
1399 422 1574 472 actum
1609 459 1622 482 ,
1653 419 1837 474 mani-
1870 439 1915 516 Α
1947 424 2089 478 Deus
2116 437 2134 473 :
2158 421 2439 478 Produeat
2470 424 2624 477 terra
2654 419 2910 475 animam
2929 419 3208 478 viventem
3230 419 3543 476 secundum

244 514 466 569 testatur
500 526 564 566 ex
601 508 777 564 nihilo
806 506 1019 564 factum:
1055 513 1108 562 et
1151 521 1257 562 non
1304 505 1632 577 periclitatur
1667 523 1733 563 ne
1771 525 1838 564 ex
1870 505 1915 516 "
1944 527 2118 582 genus
2147 509 2526 584 quadrupedia
2557 513 2612 564 et
2643 508 2902 581 repentia
2929 511 2985 562 et
3015 507 3220 564 bestias
3243 513 3427 574 terrm,
3458 525 3545 565 se-

247 604 426 674 aliquo
454 600 561 667 (t5)
591 597 801 654 factum
823 596 1176 662 existimetur,
1207 595 1425 668 quando
1445 611 1552 652 non
1583 596 1834 654 demons-

252 702 419 747 tretur
443 706 501 744 ex
531 702 643 760 quo
677 687 749 742 sit
788 686 1010 742 factum.
1040 682 1199 753 Quod
1229 691 1411 740 autem
1439 700 1504 740 ex
1533 685 1715 758 aliquo
1752 685 1830 752 ﬁt,

255 781 354 836 nisi
380 781 475 833 hoc
499 777 687 849 ipsum
719 784 906 848 aperte
932 773 1233 831 declaratur
1261 790 1324 830 ex
1373 773 1554 845 aliquo
1609 774 1832 841 factum,

248 871 366 924 dum
391 867 523 921 illud
553 881 621 920 ex
651 879 764 936 quo
796 863 989 919 factum
1022 862 1090 918 sit
1133 877 1242 918 non
1271 862 1572 918 ostenditur
1611 863 1680 930 15,
1745 878 1837 934 pe-

242 955 553 1012 riclitabitur
582 955 769 1026 primo
796 950 965 1007 videri
1000 967 1062 1007 ex
1089 950 1260 1006 nihilo
1298 949 1516 1015 factum,
1555 951 1681 1022 quia
1727 967 1835 1008 non

235 1045 400 1100 editur
425 1060 498 1098 ex
533 1058 649 1113 quo
697 1042 769 1096 sit
815 1039 1034 1097 factum.
1084 1039 1304 1106 Dehinc,
1339 1039 1439 1096 etsi
1470 1055 1534 1094 ea
1587 1041 1658 1096 sit
1705 1056 1836 1097 con-

233 1133 446 1197 ditione,
482 1141 554 1187 ut
589 1147 704 1187 non
735 1131 907 1200 possit
932 1128 1102 1185 videri
1119 1144 1226 1185 non
1249 1144 1316 1184 ex
1335 1128 1516 1201 aliquo
1550 1129 1615 1195 ιδ,
1649 1131 1839 1201 proin-

226 1223 291 1277 de
317 1221 750 1293 periclitabitur,
785 1234 851 1274 ex
887 1217 993 1272 alio
1021 1217 1180 1289 longe
1209 1216 1412 1272 factum
1447 1217 1632 1284 videri,
1675 1234 1840 1289 quam

223 1326 416 1382 exquo
447 1309 666 1366 factum
703 1317 804 1373 est,
839 1307 964 1362 dum
995 1321 1102 1362 non
1134 1305 1456 1377 proponitur
1493 1307 1637 1363 unde
1668 1306 1768 1364 2|
1790 1307 1837 1364 7

225 1400 292 1456 sit
319 1400 562 1454 factum.
590 1399 694 1464 Ita,
729 1397 776 1452 si
805 1412 869 1452 ex
898 1395 1069 1450 nihilo
1098 1394 1245 1450 Deus
1272 1403 1468 1452 cuncta
1508 1394 1700 1452 fecisse
1729 1411 1840 1452 non

225 1490 398 1559 potuit
430 1531 446 1550 ,
494 1485 604 1541 etsi
672 1484 716 1522 ιτ
744 1485 1017 1555 Scriptura
1070 1499 1176 1540 non
1222 1481 1493 1554 adiecisse
1567 1483 1720 1539 illum
1775 1501 1838 1540 ex

224 1575 398 1630 nihilo
447 1573 663 1629 fecisse
711 1573 787 1641 (ιι
835 1571 1009 1629 Maeli.
1043 1587 1140 1638 vn,
1190 1573 1285 1640 28)
1322 1587 1341 1624 :
1375 1586 1441 1627 ex
1471 1572 1689 1628 materia
1718 1588 1839 1628 eum

225 1664 424 1720 fecisse
463 1663 622 1719 omni
653 1661 817 1718 modo
847 1661 1032 1717 debuit
1059 1659 1316 1732 edixisse,
1356 1663 1402 1717 si
1433 1670 1489 1718 et
1524 1677 1591 1717 ex
1621 1661 1839 1718 materia

1946 599 2195 656 cundum
2231 616 2408 670 genus
2437 601 2693 671 ipsorum
2733 597 2894 666 (Gen.
2927 599 3035 664 1,11
3073 599 3278 668 seqq.).
3310 596 3368 654 Si
3408 611 3542 668 ergo

1940 705 2007 745 ex
2043 690 2155 758 jam
2184 690 2334 745 factis
2362 689 2546 754 rebus,
2581 687 2718 742 alias
2767 702 2854 741 res
2899 686 3045 740 Deus
3084 684 3365 756 proferens
3389 725 3403 750 ,
3444 701 3538 741 os-

1942 778 2112 834 tendit
2141 793 2238 850 per
2267 778 2604 851 prophetam,
2636 785 2690 831 et
2736 774 2864 830 dicit
2892 771 3022 844 quid
3071 775 3214 828 unde
3251 773 3538 841 protulerit

1946 872 2276 940 (quanquam
2314 868 2584 939 possimus
2615 865 2762 922 unde
2814 865 2864 902 ²⁰
2921 863 3044 918 illas
3099 862 3333 930 prolatas
3382 863 3536 918 testi-

1942 973 2091 1012 mare
2128 957 2195 1025 3‘,
2229 958 2356 1012 dum
2387 972 2453 1011 ne
2506 971 2572 1012 ex
2611 954 2782 1011 nihilo
2817 971 2832 1019 ;
2877 952 2989 1021 jam
3019 951 3164 1006 enim
3197 951 3333 1007 facta
3387 960 3542 1006 erant

1944 1045 2189 1117 quaedam
2225 1088 2238 1114 ,
2285 1061 2350 1101 ex
2415 1046 2611 1118 quibus
2657 1042 2884 1114 prolatae
2939 1040 3114 1098 videri
3156 1040 3405 1111 possent)
3441 1053 3453 1090 :
3496 1039 3542 1094 si

1945 1138 2147 1191 tantam
2186 1150 2372 1191 curam
2431 1131 2798 1190 instructionis
2842 1140 3042 1186 nostrae
3078 1129 3368 1200 insumpsit
3411 1128 3539 1200 Spi—

1945 1226 2080 1282 ritus
2125 1234 2361 1294 sanctus,
2402 1233 2461 1280 ut
2508 1222 2771 1279 sciremus
2800 1221 2931 1293 quid
2987 1221 3132 1276 unde
3184 1213 3533 1290 processerit,
3617 1293 3622 1302 Ι

1947 1329 2127 1371 nonne
2158 1313 2385 1384 proinde
2415 1327 2516 1368 nos
2572 1319 2627 1365 et
2671 1309 2739 1365 de
2793 1308 2932 1366 coelo
2987 1315 3040 1364 et
3093 1307 3163 1364 de
3222 1317 3364 1364 terra
3394 1321 3542 1364 com-

1945 1412 2099 1476 potes
2130 1402 2472 1467 reddidisset,
2503 1397 2860 1472 signiﬁcando
2913 1397 3059 1454 unde
3088 1412 3152 1452 ea
3205 1407 3348 1454 esset
3403 1412 3542 1469 Ope-

1945 1500 2114 1557 ratus,
2167 1491 2213 1546 si
2264 1490 2332 1546 de
2383 1489 2564 1561 aliqua
2614 1487 2839 1544 materia
2875 1485 3031 1560 origo
3088 1493 3363 1542 constaret
3416 1486 3543 1541 illo-

1949 1597 2066 1637 rum
2095 1581 2124 1636 τ
2152 1586 2210 1636 ιιι
2239 1586 2384 1636 tanto
2421 1577 2596 1650 magis
2626 1593 2698 1633 ex
2737 1574 2906 1632 nihilo
2936 1590 3001 1630 ea
3030 1573 3307 1631 videretur
3345 1588 3541 1643 opera-

1949 1679 2055 1739 tus,
2083 1676 2282 1742 quanto
2311 1668 2442 1723 nihil
2471 1667 2647 1722 adhuc
2695 1663 2858 1723 2I8
2890 1672 3006 1722 erat
3059 1663 3277 1729 factum,
3310 1678 3377 1720 ex
3433 1679 3544 1735 quo

231 1752 471 1818 fecisset.
511 1751 644 1822 quia
676 1749 809 1806 illud
863 1749 918 1804 in
967 1757 1138 1806 ιοῐιιω
1186 1723 1417 1807 Ῑιειδέδει
1460 1749 1710 1825 intelligi.
1737 1750 1837 1806 6ῐεί
1876 1723 1918 1800 Β
1949 1723 2520 1829 operaltusvideretur.
2553 1755 2740 1827 Itaque
2790 1753 2929 1809 sicut
2956 1768 3021 1807 ea
3063 1768 3185 1824 quae
3234 1723 3302 1807 die
3358 1723 3544 1822 aliquo

238 1855 355 1896 non
379 1838 786 1913 signiﬁcaretur
814 1854 829 1892 :
864 1843 920 1892 at
952 1836 1091 1892 istud
1120 1835 1176 1892 in
1207 1835 1397 1904 dubio,
1428 1837 1532 1894 nisi
1563 1837 1840 1912 signiﬁca-

252 1938 429 1985 τειιιτ.

825 2015 1046 2071 CAPUT
1091 2014 1271 2072 XXII.

323 2105 513 2176 Atque
540 2105 666 2161 adeo
687 2103 925 2175 Spiritus
971 2113 1189 2160 sanctus
1232 2107 1370 2160 hanc
1401 2104 1693 2176 Scriptura:
1731 2121 1843 2161 suae

243 2195 505 2250 rationem
547 2192 844 2258 constituit,
897 2201 955 2248 ut
990 2207 1112 2249 cum
1159 2192 1287 2263 quid
1319 2210 1383 2250 ex
1415 2193 1599 2264 aliquo
1646 2194 1714 2249 sit
1747 2238 1762 2262 ,
1794 2201 1847 2249 et

240 2285 385 2340 unde
412 2285 487 2340 sit
516 2283 737 2340 referat.
753 2283 1230 2355 Fruticet,inquit,
1257 2289 1414 2339 terra
1444 2283 1671 2341 herbam
1729 2284 1842 2352 (46)

236 2377 394 2443 fani,
422 2375 812 2430 seminantem
832 2388 1022 2430 semen
1039 2372 1351 2428 secundum
1369 2388 1544 2441 genus
1573 2377 1628 2429 et
1647 2387 1845 2428 secun-

237 2464 374 2520 dum
402 2463 940 2532 similitudinem,et
978 2464 1195 2534 lignum
1236 2464 1601 2533 fructuosum
1630 2464 1846 2532 faciens

236 2555 525 2620 fructum,
551 2552 717 2622 cujus
746 2566 936 2607 semen
963 2551 1028 2606 in
1053 2553 1173 2622 ipso
1202 2551 1265 2605 in
1293 2550 1762 2608 similitudinem.
1779 2555 1846 2608 Et

236 2644 464 2710 factum
489 2645 581 2696 est
611 2641 788 2695 sic.Et
803 2637 1080 2711 produxit
1102 2644 1259 2698 terra
1281 2639 1510 2698 herbam
1528 2642 1669 2711 freni
1681 2642 1848 2696 semi-

237 2732 476 2785 nantem
505 2741 702 2784 semen
729 2726 1042 2783 secundum
1069 2742 1261 2798 genus,
1283 2730 1340 2784 et
1373 2729 1591 2799 lignum
1621 2731 1850 2798 fructuo

236 2834 357 2872 sum
386 2818 615 2885 faciens
624 2817 906 2885 fructum,
923 2817 1280 2888 cujussemen
1291 2818 1353 2871 in
1363 2817 1484 2888 ipso
1497 2817 1560 2871 in
1581 2817 1851 2872 similitu-

239 2906 425 2963 dinem
449 2907 520 2961 Et
548 2919 739 2960 rursus
759 2906 858 2960 :Et
877 2905 1025 2961 dixit
1039 2904 1183 2962 Deus
1206 2922 1218 2958 :
1243 2905 1565 2962 Producant
1584 2921 1744 2978 aqua;
1765 2922 1845 2962 re-

238 2996 437 3065 pentia
460 2996 582 3062 (47)
601 2996 933 3086 animarum
955 2997 1232 3060 vivarum,
1248 3000 1302 3054 et
1323 2995 1580 3086 volatilia
1591 2995 1844 3052 volantia
1876 3007 1918 3086 ο

241 3099 413 3155 super
438 3087 658 3140 terram
673 3099 777 3155 per
796 3084 1224 3153 ﬁrmamentum
1243 3083 1387 3140 eali.
1422 3085 1490 3139 Et
1513 3086 1734 3153 factum
1761 3087 1846 3140 est

242 3175 336 3228 sic.
364 3174 442 3228 Et
469 3173 610 3241 fecit
630 3173 771 3228 Deus
800 3175 949 3229 cetos
968 3189 1224 3245 magnos,
1253 3177 1312 3231 et
1337 3187 1562 3230 omnem
1582 3173 1842 3228 animam

241 3261 599 3316 animalium
628 3263 978 3332 repentium,
1000 3278 1125 3334 qua:
1145 3261 1546 3334 produxerunt
1564 3276 1729 3333 aqum
1747 3278 1839 3318 se-

243 3345 504 3403 cundum
535 3361 714 3418 genus
756 3349 1027 3421 ipsorum.
1058 3350 1191 3406 Item
1223 3357 1350 3421 post
1395 3350 1546 3406 hinc:
1588 3351 1658 3406 Et
1687 3349 1843 3407 dixit

1952 1849 2158 1919 prolata
2201 1856 2346 1916 sunt,
2395 1845 2628 1904 ostendit
2678 1844 2824 1899 unde
2861 1841 3069 1913 prolata
3097 1841 3250 1897 sint:
3309 1839 3382 1896 ila
3419 1856 3542 1911 quae

1950 1951 2060 1992 non
2090 1936 2329 1992 ostendit
2359 1935 2505 1990 unde
2557 1933 2763 2006 prolata
2819 1930 2964 1996 sint,
3013 1943 3079 1986 ex
3127 1929 3300 1986 nihilo
3339 1929 3544 2000 prolata

1949 2023 2252 2083 conﬁrmat.
2287 2024 2457 2095 Igitur
2476 2025 2541 2079 in
2569 2022 2856 2094 principio
2900 2022 3043 2076 Deus
3073 2021 3212 2090 fecit
3256 2019 3460 2074 caelum
3487 2021 3544 2073 et

1954 2118 2189 2172 terram.
2223 2113 2408 2169 Adero
2436 2111 2726 2182 Scriptura
2757 2107 3146 2180 plenitudinem
3182 2108 3292 2176 (49)
3323 2149 3335 2173 ,
3361 2123 3465 2179 qua
3497 2107 3546 2144 ²²

1953 2201 2080 2257 mihi
2138 2208 2191 2257 et
2218 2199 2473 2256 factorem
2530 2196 2837 2254 manifestat
2863 2205 2915 2252 et
2945 2196 3102 2252 facta.
3161 2197 3221 2251 In
3251 2195 3547 2269 Evangelio

1953 2305 2080 2348 vero
2108 2290 2338 2362 amplius
2365 2296 2418 2345 et
2469 2287 2774 2345 ministrum
2824 2294 2986 2358 atque
3032 2285 3293 2341 arbitrum
3325 2286 3550 2342 rectoris

1954 2380 2170 2438 invenio
2193 2393 2500 2435 sermonem
2534 2377 2672 2447 (60).
2733 2376 2819 2431 An
2867 2385 3049 2432 autem
3085 2375 3154 2432 de
3182 2375 3362 2446 aliqua
3415 2376 3548 2431 sub-

1950 2467 2149 2538 jacenti
2188 2466 2410 2524 materia
2455 2466 2593 2521 facta
2631 2463 2741 2519 sint
2788 2463 2990 2527 omnia,
3049 2479 3316 2536 nusquam
3376 2463 3552 2519 adhuc

1956 2555 2080 2630 legi.
2114 2555 2383 2626 Scriptum
2413 2569 2530 2610 esse
2557 2553 2753 2608 doceat
2808 2551 3170 2626 Hermogenis
3199 2549 3439 2608 ofﬁcina.
3491 2553 3548 2609 Si

1956 2661 2064 2700 non
2095 2652 2175 2700 est
2203 2644 2486 2716 scriptum,
2518 2642 2704 2698 timeat
2733 2656 2813 2696 vae
2841 2639 2995 2706 illud,
3025 2638 3404 2709 adjicientibus
3433 2641 3548 2712 (51)

1916 2741 2048 2789 aut
2092 2733 2501 2790 detrahentibus
2542 2728 2876 2786 destinatum
2917 2728 3103 2800 (Apoc.
3136 2741 3284 2797 xxu,
3318 2731 3405 2796 18,
3440 2731 3545 2795 19).

2525 2816 2756 2874 CAPUT
2801 2815 3010 2874 XXIII.

2027 2908 2130 2964 Sed
2159 2925 2225 2964 ex
2255 2905 2613 2981 sequentibus
2644 2914 3073 2980 argumentatur,
3117 2904 3244 2978 quia
3289 2905 3548 2978 scriptum

1948 2996 2065 3053 sit:
2111 2999 2279 3054 Terra
2324 2999 2521 3053 autem
2549 3001 2674 3052 erat
2725 2995 3022 3052 invisibilis
3053 2999 3110 3052 et
3152 2997 3546 3070 incomposita.

1954 3086 2087 3142 Nam
2113 3087 2350 3141 etterrw
2377 3083 2429 3121 ³³
2456 3097 2653 3140 nomen
2677 3082 2791 3151 (52)
2814 3081 3006 3152 redigit
3035 3082 3088 3136 in
3121 3082 3548 3158 materiam,quia

1951 3183 2093 3231 terra
2129 3171 2199 3227 sit
2226 3182 2348 3242 que
2376 3168 2513 3226 facta
2543 3172 2628 3225 est
2658 3183 2729 3225 ex
2761 3167 2872 3222 illa.
2929 3168 2996 3222 Bt
3022 3175 3148 3226 erat
3189 3169 3247 3225 in
3286 3170 3390 3226 hoc
3417 3172 3550 3227 diri-

1949 3261 2049 3334 git,
2078 3259 2230 3332 quasi
2257 3275 2378 3334 quae
2408 3273 2624 3329 semper
2652 3266 2799 3313 retro
2831 3254 2995 3313 fuerit
3013 3255 3194 3312 innata
3230 3264 3284 3313 et
3321 3257 3546 3315 infecta.

1952 3348 2242 3406 Invisibilis
2277 3357 2453 3404 autem
2503 3354 2558 3402 et
2599 3344 2753 3404 rudis
2805 3343 2921 3418 (53)
2955 3383 2970 3416 ,
3002 3343 3130 3417 quia
3167 3343 3454 3402 informem
3495 3352 3551 3402 et

1613 3445 1806 3510 Variae
1849 3451 2160 3512 lectiones.

317 3551 368 3590 15
398 3544 906 3626 NongdeestRhen.
965 3553 1135 3610 Seml.
1173 3554 1353 3626 Obert.
1407 3553 1454 3592 ιδ
1481 3528 1666 3626 Videri
1717 3569 1788 3608 ex
1829 3553 2010 3626 aliquo
2042 3555 2211 3611 Seml.
2250 3553 2749 3626 Obert._.lun._leg.
2780 3560 2851 3624 ut.
2868 3566 3007 3626 nunc
3038 3551 3217 3626 possit
3267 3549 3438 3626 videri
3484 3569 3548 3626 ex

241 3621 562 3747 aliqum."
618 3624 733 3678 Etsi
760 3625 912 3682 deest
953 3625 1393 3708 Seml..0berth.
1430 3626 1478 3708 ιεξ
1531 3624 1679 3681 Licet
1720 3641 1783 3681 ex
1835 3621 2005 3710 Seml.
2069 3623 2360 3683 0berth.19
2417 3621 2722 3707 Fructiﬁeet
2779 3621 2951 3682 Seml.
3015 3621 3236 3681 Oberth.
3296 3624 3346 3706 ξο
3393 3623 3548 3679 Unde

242 3711 316 3747 un
359 3709 394 3747 e
425 3696 544 3747 Bia.
604 3695 807 3747 Wouw.
843 3696 1022 3747 Lat.21
1054 3697 1376 3747 Exrstimare
1407 3700 1525 3747 Rm.
1575 3713 1604 3747 ε
1633 3696 1751 3747 eod.
1788 3699 2004 3747 Divum.
2037 3697 2086 3736 2²
2144 3695 2279 3747 Ome
2335 3710 2526 3747 omnes
2571 3697 2698 3747 alii.
2735 3698 2877 3747 teste
2930 3696 3066 3747 Jun.
3115 3695 3166 3733 2³
3195 3695 3258 3747 Ει
3305 3711 3359 3747 ιιι
3390 3703 3548 3747 terrae

242 3695 394 3768 unde
425 3695 544 3765 Rig.
590 3695 807 3768 rWouw.
840 3696 1022 3768 Lat.21
1054 3695 1376 3752 Existimare
1405 3697 1525 3768 Rig.
1575 3713 1604 3753 e
1633 3696 1751 3754 cod.
1787 3699 2004 3756 Divion.
2037 3697 2086 3736 ²²
2144 3695 2279 3768 Qua:
2335 3710 2526 3755 omnes
2571 3697 2698 3762 alii,
2735 3698 2877 3753 teste
2930 3696 3066 3752 Jun.
3115 3695 3166 3733 2³
3195 3695 3258 3750 Et
3305 3695 3359 3750 in
3390 3703 3549 3751 teme

243 3766 431 3824 Rhen.
470 3767 722 3837 conjicit.
757 3767 806 3806 ²¹ι
827 3767 886 3822 In
917 3768 1069 3826 deest
1101 3770 1274 3825 Fran.
1300 3766 1488 3824 Paris;
1518 3769 1640 3842 Rig.

1641 3838 2147 3904 Commentarius.

315 3944 437 4018 (45)
472 3946 545 4000 Et
576 3963 690 4003 non
727 3947 1091 4018 periclitatur
1115 3961 1188 4002 ne
1225 3962 1298 4004 ea:
1326 3947 1536 4018 aliqua,
1566 3952 1670 4018 etc.
1700 3945 1852 4001 Hanc

242 4017 582 4091 locutionem
610 4016 966 4091 per—verbum
1005 4016 1492 4091 periclitaretiam
1526 4016 1852 4091 alibiusur-

238 4097 340 4160 pas
371 4128 391 4151 ,
447 4087 749 4160 imitatione
803 4087 1116 4145 Grmcorum
1142 4132 1156 4154 ,
1233 4090 1325 4160 qui
1382 4091 1547 4146 verbo
1592 4089 1852 4142 κινδυνεῦω

239 4159 325 4212 sic
367 4165 612 4212 utuntur.
645 4159 762 4214 Non
796 4161 1141 4228 periclitatur,
1198 4159 1302 4218 hoc
1362 4169 1478 4226 est,
1511 4161 1684 4224 abest,
1743 4175 1851 4216 non

239 4237 330 4283 est
374 4228 696 4297 periculum.
1482 4233 1667 4288 RBEN.

315 4300 439 4373 (45)
469 4302 743 4373 Fruticet,
789 4303 1002 4373 inquit,
1023 4307 1197 4370 terra,
1228 4301 1474 4366 herbam,
1497 4311 1599 4359 etc.
1627 4302 1716 4358 Sic
1748 4301 1847 4373 ite-

2031 3949 2146 4018 (49)
2160 3947 2336 4020 Adero
2357 3946 2667 4020 Scriptura:
2681 3945 2838 4018 pleni
2843 3943 3546 4020 tudinem.Venerationem

1959 4016 2195 4087 aliquam
2250 4016 2502 4074 tribuisse
2556 4016 2708 4073 sacro
2768 4016 2934 4072 textui
3000 4025 3279 4072 auctorem
3335 4017 3482 4074 hunc
3532 4059 3546 4083 ,

1959 4089 2163 4144 nullum
2212 4097 2343 4160 puto
2372 4089 2488 4145 fore
2515 4087 2607 4160 qui
2664 4096 2847 4157 neget,
2879 4087 3141 4160 quaedam
3165 4094 3344 4160 tamen
3393 4089 3546 4160 prin-

1959 4159 2102 4231 cipia
2131 4158 2342 4217 de'suo
2383 4161 2436 4214 in
2479 4158 2796 4230 explicanda
2825 4158 3097 4228 Scriptura
3122 4159 3256 4228 jacit
3291 4173 3322 4214 a
3348 4158 3550 4231 quibus

1962 4231 2276 4289 cavendum.
2311 4233 2386 4286 Le
2415 4231 2512 4286 Pa.

2033 4304 2144 4372 (50)
2178 4303 2468 4360 Arbitrum
2490 4303 2729 4359 rectoris
2760 4302 2985 4372 invenio
3029 4317 3364 4359 sermonem.
3399 4300 3551 4356 Scri-

239 4347 375 4426 ruin
403 4347 636 4440 legimus
666 4347 777 4428 tuin
810 4347 918 4440 hic,
951 4347 1058 4428 tum
1100 4347 1239 4428 infia
1287 4388 1334 4427 c.
1370 4347 1474 4440 29,,
1491 4389 1555 4428 ex
1595 4372 1844 4428 admoni-
1879 4347 1926 4424 θ
1956 4347 2308 4441 ὺεὸᾱιίιη,ἰιι
2347 4382 2426 4429 est
2483 4347 2548 4427 in
2566 4372 2754 4427 codice
2784 4374 2829 4426 D
2861 4371 3130 4428 ivionensi
3163 4347 3550 4430 :vchrbitrum

240 4444 404 4496 tione
433 4442 646 4506 Latinii,
685 4457 779 4512 pro
819 4458 885 4500 eo
921 4443 1065 4514 quod
1118 4445 1413 4499 Rhenanus
1468 4444 1816 4500 substituerat
1840 4484 1853 4508 ,

237 4513 780 4587 fruetiﬁcetridque
809 4529 874 4570 eo
902 4513 1092 4587 magis,
1125 4515 1276 4587 quod
1298 4530 1411 4587 vox‘
1431 4514 1624 4572 Graeca
1653 4516 1858 4587 βλαστη-

438 4583 746 4658 germinare
795 4593 848 4640 et
881 4583 1179 4658 fructicare
1235 4583 1504 4658 signiﬁcet
1549 4583 1661 4658 non
1709 4586 1856 4658 fruc-
1965 4583 2165 4658 addere
2192 4588 2274 4642 vel
2304 4583 2588 4641 detrahere
2617 4600 2825 4640 summa
2842 4593 2997 4658 esset
3042 4584 3284 4658 audacia.
3347 4585 3548 4658 Verum

237 4604 391 4637 σατω

239 4656 485 4727 tiﬁcare,
515 4656 784 4727 quomodo
820 4656 981 4713 etiam
1012 4671 1174 4715 voces
1200 4656 1426 4713 Hebraea
1465 4665 1520 4712 et
1566 4657 1834 4713 Chaldaea.

235 4726 477 4783 Rectius
505 4726 684 4782 autem
740 4729 901 4784 vertit
955 4736 1141 4785 auctor
1200 4730 1419 4799 lignum
1459 4731 1836 4799 fructuosum,

279 4813 446 4872 rogo
495 4801 636 4868 quod
695 4800 884 4872 Graece
937 4809 1018 4856 est
1074 4802 1341 4871 κάρπιμον,
1397 4815 1557 4872 quam
1623 4799 1843 4856 Latinus

281 4869 403 4926 XX
425 4870 694 4941 interpres
718 4871 1088 4942 pomiferum.
1122 4869 1259 4927 Ρη.

313 4942 437 5014 (47)
468 4939 793 5014 Ρνόᾴμοᾱηε
809 4939 971 5014 aqum
990 4945 1268 5014 repentia.
1302 4941 1510 4998 Putavit
1538 4941 1653 5014 sine
1682 4939 1846 4995 dubio

237 5012 443 5086 melius
496 5012 648 5086 reddi
723 5012 969 5086 repentis
1017 5012 1406 5086 ipmraiﬂquam
1474 5012 1682 5081 reptilia
1717 5053 1730 5076 ,
1788 5020 1847 5086 ut

236 5083 417 5209 (laede;
450 5083 728 5208 vglgatus,
770 5083 1069 5157 quanquam
1131 5085 1326 5140 melius
1378 5093 1620 5154 putarem
1678 5083 1845 5153 repti-

259 5171 337 5208 ιε.
413 5169 454 5208 ε
532 5170 589 5208 a.

259 5171 337 5208 la.
372 5169 454 5208 LE
490 5169 589 5208 ΥΒ.

318 5225 442 5295 (48)
475 5229 553 5298 De
583 5227 717 5284 calo
748 5233 800 5285 et
829 5225 896 5283 de
926 5231 1102 5296 terra,
1142 5237 1246 5281 etc.
1267 5224 1326 5279 Id
1357 5234 1441 5281 est
1461 5225 1696 5298 Spiritus
1722 5241 1848 5298 san-

236 5305 388 5362 ctus,
419 5297 515 5366 qui
562 5298 682 5353 οωιί
725 5313 919 5353 arcana
962 5313 1062 5353 nos
1120 5299 1385 5362 docebat,
1431 5297 1732 5354 menuisset
1781 5297 1850 5354 de

237 5371 387 5440 ταιο
420 5384 455 5440 a
482 5383 594 5440 quo
625 5385 712 5425 res
739 5379 933 5425 creata:
981 5370 1224 5426 fuissent.
1276 5368 1424 5422 Idem
1455 5383 1668 5440 quoque
1695 5368 1852 5440 ,Spi-

238 5437 389 5494 ritus
417 5437 701 5513 docuisset
720 5440 786 5497 de
843 5445 998 5513 terra
1027 5457 1094 5496 ex
1121 5457 1226 5513 qua
1255 5437 1850 5513 crearenturisiciwe

237 5510 472 5640 1112513:
523 5512 664 5568 cosio
717 5519 771 5568 et
829 5512 896 5569 de
965 5520 1108 5569 terra
1142 5509 1439 5582 'compotes
1510 5509 1849 5576 reddidisset.

1967 4445 2188 4501 factoris
2217 4443 2433 4500 invenio
2463 4457 2789 4499 sermonem.
2823 4461 2845 4491 ιν
2881 4442 3010 4497 Rm.

2036 4516 2152 4587 (51)
2197 4517 2278 4573 Va:
2304 4515 2451 4571 illud
2481 4515 2899 4585 adjicientibus,
2932 4523 3034 4568 etc.
3069 4513 3245 4587 Sacrae
3261 4512 3552 4587 Scriptura:

1968 4657 2113 4715 illius
2143 4658 2532 4728 interpretatio,
2565 4671 2674 4728 non
2720 4671 2817 4728 ex_
2837 4653 3262 4728 homuncionum
3303 4657 3546 4728 cerebro,

1943 4731 2038 4784 δρα
2067 4745 2131 4784 ex
2164 4725 2420 4785 Ecclesiae
2452 4726 2668 4799 placitis
2695 4735 2748 4782 et
2786 4725 2885 4799 SS.
2937 4725 3540 4799 P_atr1_1_r_n_lucubratio-

1949 4801 2108 4856 nibus
2153 4807 2356 4857 tantum
2400 4795 2638 4855 eruenda
2676 4800 2779 4855 est.
2828 4795 2983 4866 Quod
3020 4795 3238 4863 adjicio,
3269 4804 3330 4852 ut
3376 4797 3552 4852 haere-

1947 4872 2175 4943 ticorum
2229 4871 2513 4943 proterviae
2584 4869 2774 4925 obvius
2816 4881 3091 4943 occurram
3125 4908 3138 4936 ,
3176 4867 3290 4943 qui
3343 4882 3410 4943 ex
3447 4867 3557 4924 hoc

1951 4942 2070 4998 loco
2099 4938 2304 5012 aliquid
2335 4957 2526 4999 eruere
2581 4955 2744 5012 posse
2793 4939 3074 4997 crederent
3126 4938 3553 4997 addatuitatum

1953 5014 2274 5070 subsidium.
2308 5014 2387 5068 LE
2423 5016 2517 5067 Pu.

2025 5086 2141 5163 (52)
2167 5087 2310 5142 Nam
2339 5091 2394 5142 et
2423 5089 2591 5163 terra;
2619 5098 2847 5163 nomen.
2883 5080 3112 5163 Propius
3174 5080 3262 5138 hic
3316 5082 3553 5163 Hermo-

1993 5153 2129 5213 enis'
2152 5171 2393 5213 errorem
2439 5155 2655 5228 tangit,
2685 5156 2845 5224 cujus
2873 5153 3141 5228 originem
3179 5168 3243 5208 ex
3283 5168 3349 5228 eo
3384 5154 3556 5228 fuisse

1993 5237 2130 5301 ocet,
2160 5228 2307 5301 quod
2335 5243 2432 5298 per
2485 5223 2654 5284 terrae
2699 5223 2897 5282 numen
2951 5223 3231 5280 materiam
3279 5223 3554 5298 designari

1953 5299 2218 5356 crederet.
2251 5300 2328 5354 LE
2360 5301 2457 5354 Pu.

2029 5373 2144 5441 (53)
2167 5371 2469 5429 Invisibilis
2497 5374 2693 5441 autem
2719 5372 2774 5426 et
2793 5367 3245 5441 rudis.~Dixerat_
3271 5366 3554 5441 modo,i_n-

1957 5437 2280 5515 composita,
2315 5458 2412 5515 pro
2430 5455 2498 5515 eo
2535 5440 2696 5515 _quod
2724 5447 2808 5495 est
2833 5438 2924 5515 “in
2946 5437 3178 5515 ,βπ-ῳ(ξεῖ
3220 5437 3554 5515 ditat-atquetia-

1959 5508 2090 5579 σςοςζ
2145 5515 2232 5570 hic
2250 5508 2397 5568 rudis
2443 5508 2661 5581 dicitur,
2721 5520 2779 5566 ut
2821 5509 3017 5581 Ovidio
3075 5508 3441 5578 Metamorph.
3486 5526 3572 5548 -—-‘

1962 5585 2138 5642 Rudis
2158 5585 2550 5655 indigestaque
2588 5580 2778 5637 meles.
2815 5580 2890 5637 ιε
2923 5581 3018 5636 Pu.

3432 289 3542 351 242
3647 351 3650 358 .
