4032 6152
444 233 550 292 243

1140 226 1575 287 TERTULLIANI
1615 224 1880 287 OPERUM
1919 223 2084 283 PARS
2120 222 2185 283 Il.
2237 256 2309 270 —
2344 223 2570 294 SBRIES
2607 224 2648 293 Ι,
2692 221 3041 285 POLEMICA.

3629 220 3738 281 244

445 358 725 419 confusam
754 361 807 409 et
839 352 1162 411 inconditam
1198 354 1312 411 vult
1356 352 1519 410 fuisse
1573 351 1869 410 materiam.
1928 352 2034 406 Has
2065 365 2110 443 Α
2144 350 2297 421 riam,
2329 367 2394 407 ex
2420 367 2526 424 qua
2556 350 2691 419 fecit,
2725 350 2792 406 de
2810 365 2921 422 qua
2946 349 3151 406 dictum
3180 348 3250 405 sit
3280 363 3294 403 :
3337 349 3505 406 Terra
3532 353 3737 406 autem

449 447 669 519 quidem
699 442 984 514 opiniones
1039 445 1160 514 ejus
1213 443 1483 516 sigillatim
1515 443 1564 481 2⁵
1611 441 1894 507 revincam,
1937 440 2033 495 sed

450 534 663 593 interim
688 532 816 589 volo
845 532 923 587 sic
981 533 1030 587 ei
1077 533 1419 606 respondere.
1460 534 1715 588 Putamus
1758 532 1809 569 2⁸
1840 531 1924 585 his
1952 545 2038 585 ar-

449 622 627 679 ticulis
654 620 929 677 materiam
959 619 1337 677 demonstrari.
1368 622 1637 694 Numquid
1670 630 1864 685 tamen,
1920 618 2043 691 quia

452 722 576 771 erat
623 719 748 769 ante
777 711 955 767 omnia
996 754 1009 778 ,
1044 718 1099 766 et
1128 712 1230 767 tale
1258 711 1457 784 aliquid
1488 728 1609 768 esse
1654 728 1719 768 ex
1749 727 1816 767 ea
1844 710 2037 768 factum

455 801 727 873 Scriptura
770 800 1092 874 signiﬁcat?
1141 798 1347 871 Atquin
1402 800 1534 855 nihil
1589 799 1691 856 tale
1748 798 2038 871 signiﬁcat.

454 892 635 948 Fuerit
661 890 787 948 licet
833 889 1350 961 materia,quautum
1400 889 1503 943 sibi
1559 890 1703 959 licet,
1732 889 1817 945 vel
1858 887 2043 960 potius

454 981 784 1054 Hermogeni
816 997 829 1034 :
861 980 1034 1050 potuit
1065 986 1119 1033 et
1168 977 1357 1043 fuisse,
1388 987 1441 1034 et
1471 986 1647 1035 tamen
1704 977 1835 1033 nihil
1895 979 2040 1034 Deus

455 1086 521 1125 ex
549 1070 644 1124 illa
676 1068 889 1135 fecisse,
920 1068 1004 1123 vel
1034 1066 1159 1138 quia
1197 1082 1303 1123 non
1339 1067 1562 1123 decebat
1589 1068 1765 1123 Deum
1812 1066 2041 1137 alicujus

453 1158 665 1233 eguisse
699 1202 712 1224 ,
762 1168 908 1213 certe
959 1156 1089 1229 quia
1135 1170 1232 1210 nec
1282 1155 1585 1213 ostenditur
1640 1155 1931 1227 quicquam
1976 1169 2043 1210 ex

451 1246 674 1303 materia
700 1246 910 1302 fecisse.
948 1245 1076 1301 Sine
1106 1260 1268 1301 causa
1295 1260 1424 1318 ergo
1456 1252 1619 1315 esset,
1669 1243 1870 1316 inquis.
1919 1244 2043 1298 Non

452 1337 611 1409 plane
639 1335 771 1391 adeo
801 1337 917 1391 sine
963 1350 1140 1391 causa.
1187 1335 1323 1391 Nam
1371 1334 1473 1390 etsi
1523 1334 1758 1391 mundus
1812 1348 1924 1390 non
1960 1338 2045 1389 est

453 1426 625 1481 factus
646 1440 711 1480 ex
732 1425 839 1491 illa,
875 1424 973 1480 sed
1013 1425 1235 1481 hmresis
1264 1424 1401 1480 facta
1430 1433 1531 1491 est,
1565 1431 1619 1482 et
1666 1422 1883 1496 quidem
1940 1425 2045 1482 hoc

454 1514 837 1586 impudentior,
869 1514 1012 1587 quod
1054 1529 1162 1569 non
1220 1530 1287 1570 ex
1340 1514 1562 1570 materia
1609 1512 1744 1570 facta
1796 1520 1879 1569 est
1934 1512 2043 1570 hm-

452 1600 609 1669 resis,
645 1604 740 1661 sed
770 1605 1043 1660 materiam
1074 1605 1247 1675 ipsam
1276 1602 1459 1673 potius
1488 1601 1712 1657 hmresis
1741 1600 1884 1656 fecit.

1024 1692 1248 1748 CAPUT
1268 1691 1470 1747 XXIV.

527 1778 701 1837 219
727 1781 987 1838 Revertor
1015 1795 1159 1835 nunc
1200 1779 1265 1834 ad
1310 1779 1554 1852 singulos
1609 1780 1884 1851 articulos,
1946 1796 2043 1853 per

456 1883 591 1942 quos
639 1869 843 1938 putavit
886 1867 1237 1941 signiﬁcatam
1285 1882 1402 1925 esse
1426 1870 1724 1925 materiam.
1776 1870 1844 1926 Et
1869 1868 2045 1940 primo

455 1957 522 2010 de
577 1954 885 2011 nominibus
938 1957 1311 2027 expostulabo.
1362 1958 1564 2013 Horum
1618 1958 1762 2015 enim
1817 1959 2045 2015 alterum

456 2042 707 2115 legimus,
760 2045 908 2115 quod
957 2054 1035 2100 est
1083 2050 1279 2101 terrm:
1321 2046 1549 2102 alterum
1590 2060 1697 2102 non
1742 2046 2045 2105 invenimus

450 2134 592 2207 quod
625 2139 709 2189 est
744 2132 998 2189 materim.
1045 2133 1243 2201 Qumro
1297 2149 1450 2209 ergo,
1480 2150 1601 2191 cum
1655 2135 1893 2192 materim
1939 2152 2044 2193 no-

450 2222 669 2278 minatio
700 2237 807 2278 non
847 2226 1021 2279 exstet
1049 2222 1103 2278 in
1141 2224 1443 2296 Scriptura,
1494 2226 1771 2299 quomodo
1799 2225 1848 2281 ei
1881 2226 2044 2281 etiam

449 2319 604 2367 terrm
652 2311 937 2381 appellatio
966 2313 1405 2370 accommodetur
1440 2313 1495 2370 in
1543 2313 1648 2370 alio
1695 2315 1804 2384 jam
1849 2330 2046 2387 genere

446 2399 761 2457 substantiae
809 2407 939 2457 nota
967 2401 995 2458 ’ἲ
1027 2401 1148 2469 Quo
1179 2401 1354 2475 magis
1406 2402 1641 2459 materim
1679 2418 1898 2476 quoque
1952 2418 2044 2459 ηο-

446 2489 670 2547 minatio
707 2490 975 2547 exstitisse
1016 2490 1274 2547 debuerat
1304 2534 1318 2558 ,
1372 2500 1664 2549 consecuta
1701 2494 1860 2550 etiam
1892 2503 2045 2550 terrm

447 2577 896 2651 appellationem,
947 2587 1005 2634 ut
1066 2579 1260 2635 scirem
1318 2588 1515 2636 terram
1580 2597 1869 2639 commune
1923 2598 2044 2637 cum

451 2668 675 2723 materia
705 2682 823 2724 esse
878 2682 1095 2737 nomen,
1157 2684 1226 2725 ne
1267 2668 1398 2725 illud
1453 2670 1505 2726 ei
1561 2672 1660 2728 soli
1726 2671 2045 2728 substantiae

448 2755 796 2824 vindicarem,
844 2758 999 2827 cujus
1047 2766 1102 2812 et
1152 2759 1450 2831 proprium,
1484 2759 1538 2813 in
1594 2775 1699 2830 qua
1729 2761 1902 2833 magis
1948 2776 2046 2816 no-

449 2852 563 2900 tum
591 2852 673 2900 est
701 2843 770 2909 2",
800 2846 886 2900 vel
923 2861 991 2901 ne
1022 2846 1148 2901 illud
1180 2846 1235 2902 in
1263 2863 1660 2920 quamcumque
1708 2848 1871 2903 aliam
1916 2864 2041 2922 spe-

448 2932 607 2999 ciem,
638 2948 741 2988 nec
771 2932 955 3006 utique
984 2935 1128 2990 omni
1160 2935 1402 2992 materim
1448 2936 1846 2994 communicare
1904 2953 2039 3008 pos-

2145 446 2271 499 erat
2306 442 2606 498 invisibilis
2635 444 2690 498 et
2718 441 2895 498 rudis.
2919 440 3119 511 Utique
3139 438 3186 495 si
3213 452 3453 511 qumram
3492 453 3557 494 ex
3598 439 3741 494 dua-

2152 530 2255 586 bus
2276 546 2417 598 qum,
2458 530 2543 587 cui
2574 544 2767 586 nomen
2817 538 2970 585 terrm
3017 528 3429 584 accommodare
3466 526 3738 593 debeat”,

2151 624 2376 691 dicetur,
2408 626 2545 682 hanc
2572 641 2693 697 quae
2726 624 2866 681 facta
2921 623 2991 679 sit
3019 639 3084 679 ex
3114 622 3204 677 illa
3231 636 3297 677 ex
3328 637 3432 694 qua
3460 620 3597 677 facta
3631 631 3738 691 est,

2150 714 2469 771 vocabulum
2492 714 2766 770 derivasse
2791 757 2804 781 ,
2839 712 2971 785 quia
3018 708 3367 767 verisimilius
3404 710 3473 765 sit
3510 711 3579 766 ab
3625 710 3741 768 Ori-

2151 802 2279 877 giue
2309 804 2546 861 sobolem
2577 802 2775 874 potius,
2806 817 2970 875 quam
2998 800 3264 872 originem
3294 815 3326 854 a
3353 798 3544 855 sobole
3582 800 3742 855 voci-

2150 893 2272 948 tari.
2317 894 2430 949 Hoc
2466 893 2512 949 si
2549 893 2623 949 ita
2674 899 2775 958 est,
2802 892 2906 947 alia
2934 890 3092 947 nobis
3119 888 3433 945 obvolvitur
3485 889 3741 961 quaestio,

2150 999 2219 1038 an
2236 992 2504 1053 competat
2531 990 2729 1039 terram
2778 981 2917 1036 hanc
2960 994 3121 1052 quam
3159 979 3305 1034 Deus
3348 976 3493 1043 fecit,
3526 993 3592 1034 ex
3651 977 3746 1033 illa

2151 1087 2217 1127 ex
2263 1089 2370 1144 qua
2416 1071 2545 1128 fecit
2587 1080 3008 1143 cognomentum
3057 1069 3347 1127 derivasse.
3384 1066 3559 1125 Audio
3598 1067 3745 1124 enim

2149 1162 2291 1231 apud
2338 1163 2739 1237 Hermogenem
2782 1168 3117 1232 cmterosque
3154 1159 3520 1219 materiarios
3563 1156 3749 1213 hmre-

2152 1250 2304 1317 ticos,
2330 1259 2527 1306 terram
2556 1250 2779 1321 quidem
2825 1249 2975 1304 illam
3004 1247 3288 1303 informem
3334 1254 3387 1301 et
3416 1244 3744 1303 invisibilem

2151 1346 2205 1395 et
2254 1338 2443 1394 rudem
2491 1338 2695 1395 fuisse:
2745 1335 2915 1395 290
2951 1338 3092 1392 hanc
3140 1350 3271 1392 vero
3315 1341 3556 1390 nostram
3614 1348 3746 1404 pro-

2152 1427 2280 1483 inde
2301 1438 2353 1485 et
2386 1429 2631 1499 formam,
2663 1434 2717 1483 et
2745 1435 3120 1498 conspectum,
3180 1431 3234 1481 et
3280 1423 3505 1495 cultum,
3554 1439 3585 1478 a
3633 1423 3748 1481 Deo

2147 1523 2512 1574 consecutam.
2574 1515 2739 1571 Aliud
2785 1531 2919 1589 ergo
2967 1514 3158 1571 tactam
3205 1528 3365 1585 quam
3413 1521 3528 1569 erat
3564 1527 3632 1568 ex
3685 1528 3750 1568 ea

2149 1620 2257 1677 qua
2287 1604 2425 1661 facta
2454 1611 2557 1661 est.
2588 1604 2757 1660 Porro
2784 1603 2928 1659 aliud
2969 1602 3127 1668 facta,
3176 1617 3288 1657 non
3316 1601 3488 1673 potuit
3533 1616 3654 1657 eum
3682 1616 3751 1657 ea

2150 1693 2584 1758 denominatione
2623 1693 2673 1733 28
2718 1692 2930 1763 sociari,
2995 1707 3030 1750 a
3083 1692 3239 1763 cujus
3294 1689 3601 1748 conditione
3654 1691 3754 1746 de-

2150 1783 2396 1839 sciverat.
2461 1782 2519 1839 Si
2571 1798 2767 1839 nomen
2812 1779 3091 1854 proprium
3142 1780 3381 1838 materiae
3425 1779 3570 1835 illius
3643 1779 3751 1836 fuit

2152 1878 2312 1937 terra,
2353 1871 2470 1926 haec
2498 1886 2618 1942 qum
2645 1887 2755 1926 non
2782 1876 2867 1927 est
2893 1869 3136 1939 materia,
3168 1868 3317 1925 aliud
3347 1868 3553 1925 scilicet
3579 1866 3744 1937 facta,

2153 1966 2312 2015 terrm
2346 1975 2563 2031 quoque
2608 1976 2718 2016 non
2746 1959 2890 2031 capit
2932 1972 3135 2014 nomen
3172 1956 3446 2023 alienum,
3497 1962 3551 2010 et
3606 1962 3751 2012 statu

2152 2063 2251 2103 suo
2293 2047 2677 2105 extraneum”.
2725 2049 2828 2105 Sed
2857 2045 3083 2103 materia
3120 2045 3275 2111 facta,
3327 2045 3379 2099 id
3408 2052 3492 2100 est
3531 2044 3749 2109 terra”,

2151 2137 2339 2193 habuit
2385 2154 2508 2194 cum
2543 2153 2641 2193 sua
2681 2137 2886 2209 origine
2939 2135 3270 2192 consortium
3309 2133 3559 2204 nominis,
3610 2133 3755 2190 sicut

2152 2236 2205 2282 et
2253 2226 2484 2301 generis.
2540 2227 2659 2281 Non
2705 2226 2915 2281 adeo”.
2963 2226 3103 2281 Nam
3151 2232 3205 2279 et
3244 2231 3460 2293 testam,
3511 2220 3636 2278 licet
3682 2238 3753 2279 ex

2152 2315 2341 2389 argilla
2376 2314 2687 2381 confectam,
2734 2316 2845 2385 jam
2900 2328 3009 2370 non
3065 2313 3314 2389 argillam
3370 2312 3595 2379 vocabo,
3654 2314 3755 2368 sed

2156 2412 2343 2461 testam
2383 2404 2496 2475 (54)
2523 2421 2536 2459 :
2567 2409 2624 2460 et
2650 2404 2929 2473 electrum,
2977 2402 3103 2460 licet
3143 2417 3207 2459 ex
3260 2416 3391 2458 auro
3419 2409 3472 2457 et
3523 2409 3753 2474 argento

2152 2493 2470 2551 fmderatum
2517 2492 2631 2565 (55)
2671 2508 2773 2549 nec
2826 2498 3112 2568 argentum
3166 2495 3345 2547 tamen
3400 2506 3500 2546 nec
3562 2505 3756 2544 aurum

2152 2585 2453 2655 appellabo,
2486 2582 2587 2640 sed
2616 2582 2873 2639 electrum
2902 2582 3017 2652 (56)
3052 2599 3066 2636 :
3098 2596 3128 2636 a
3149 2581 3306 2652 cujus
3337 2580 3521 2636 habitu
3540 2580 3672 2652 quid
3702 2579 3757 2618 ³³

2150 2672 2394 2741 divertit,
2427 2671 2624 2744 pariter
2654 2678 2708 2728 et
2745 2687 2775 2726 a
2805 2678 2998 2729 vocatu
3034 2672 3157 2742 ejus
3220 2670 3458 2740 recedit,
3501 2668 3756 2740 appella-

2152 2762 2338 2827 tionis,
2370 2762 2510 2819 sicut
2550 2771 2604 2817 et
2630 2759 2962 2819 conditionis
2990 2757 3345 2832 proprietate.
3376 2757 3547 2827 Quam
3575 2765 3757 2813 autem

2153 2849 2423 2907 transierit
2448 2851 2517 2907 de
2569 2858 2712 2906 statu
2750 2856 2906 2906 terrm
2961 2847 3126 2918 illius,
3188 2847 3243 2905 id
3307 2857 3391 2904 est
3447 2846 3693 2902 materim
3726 2885 3745 2912 ,

2152 2936 2252 2995 ista
2318 2946 2459 2995 terra
2491 2980 2505 3004 ,
2561 2938 2644 2997 vel
2701 2952 2767 2995 eo
2816 2937 2988 3006 palam
3027 2946 3160 3008 est,
3227 2936 3372 3009 quod
3447 2937 3563 2992 bmc
3608 2934 3760 3007 apud

450 3035 598 3123 sem,
636 3019 681 3123 si
738 3021 948 3119 vellem.
992 3023 1148 3123 cum.
1171 3026 1316 3079 enim
1374 3039 1483 3081 non
1549 3032 1712 3123 extat
1763 3025 2040 3098 preprium
2074 3043 2118 3123 ο
2148 3027 2403 3086 Genesim
2434 3026 2797 3084 testimonium
2819 3026 2947 3083 boni
2998 3025 3197 3098 accipit
3234 3044 3249 3083 :
3306 3029 3372 3084 Et
3418 3026 3559 3081 vidit
3613 3028 3761 3083 Deus

448 3107 776 3165 vocabulum
803 3110 923 3178 ejus
961 3112 1035 3166 rei
1064 3113 1151 3168 cui
1175 3127 1458 3169 commune
1486 3114 1810 3171 vocabulum
1835 3116 2046 3171 adscri-

450 3196 607 3262 bitur,
641 3207 841 3267 quanto
908 3216 1014 3256 non
1071 3211 1347 3271 comparet
1392 3201 1480 3258 cui
1529 3203 1885 3273 adscribatur,
1937 3207 2051 3261 cui-

449 3303 666 3358 cunque
700 3286 790 3342 alii
842 3289 1034 3356 poterit
1080 3290 1336 3347 adscribi.
1388 3290 1471 3346 Ita
1517 3293 1906 3364 Hermogenes,
1950 3294 2050 3349 etsi

449 3374 733 3429 materiam
762 3378 1070 3433 ostenderet
1101 3378 1429 3433 nominatam
1461 3420 1476 3443 ,
1526 3380 1748 3434 deberet
1808 3382 2050 3437 eamdem

448 3462 677 3532 probare
758 3472 955 3518 terram
1017 3480 1234 3537 quoque
1309 3468 1737 3538 cognominatam
1774 3509 1787 3534 ,
1865 3478 1925 3525 ut
1978 3469 2053 3526 ita

450 3556 737 3620 utrumque
779 3549 854 3605 illi
875 3553 1201 3609 vocabulum
1230 3553 1550 3610 vindicaret.

1027 3643 1253 3700 CAPUT
1296 3644 1471 3699 XXV.

522 3732 651 3787 Vult
683 3732 852 3805 igitur
878 3733 1014 3787 duas
1047 3730 1277 3801 preponi
1310 3739 1481 3787 terras
1504 3732 1559 3787 in
1582 3732 1684 3788 ista
1720 3734 1992 3807 Scriptura
2034 3754 2048 3791 :

448 3837 632 3891 unam,
663 3835 821 3893 quam
860 3820 915 3875 in
944 3819 1211 3891 principio
1242 3820 1385 3874 Deus
1416 3820 1545 3876 fecit
1577 3844 1591 3891 ;
1645 3821 1826 3890 aliam,
1883 3834 2052 3883 mate-

2157 3121 2297 3193 quia
2322 3118 2528 3177 bonum
2559 3135 2573 3173 :
2609 3117 2699 3173 illa
2745 3124 2924 3173 autem
2954 3116 3095 3188 apud
3128 3115 3521 3187 Hermogenem
3552 3116 3607 3170 in
3639 3117 3758 3173 ori-

2158 3208 2339 3284 ginem
2387 3218 2442 3265 et
2493 3222 2717 3264 causam
2772 3207 3042 3264 malorum
3088 3205 3396 3279 deputatur.
3450 3204 3747 3275 Postremo,

2157 3296 2204 3353 si
2246 3297 2373 3353 ideo
2411 3296 2530 3353 hmo
2567 3304 2730 3365 terra,
2783 3295 2913 3369 quia
2942 3303 2996 3352 et
3022 3294 3130 3360 illa,
3179 3310 3275 3352 cur
3303 3309 3411 3350 non
3444 3302 3499 3350 et
3528 3293 3757 3351 materia

2158 3388 2274 3443 haec
2300 3401 2537 3458 quoque,
2558 3384 2686 3457 quia
2714 3384 2808 3440 illa
2825 3384 2855 3439 ‘I
2882 3386 2997 3440 lmo
3020 3385 3135 3454 jam
3165 3393 3217 3440 et
3240 3382 3441 3440 coelum
3472 3390 3527 3439 et
3548 3382 3753 3449 omnia,

2158 3476 2206 3531 si
2234 3490 2301 3532 ex
2329 3473 2555 3530 materia
2599 3481 2871 3545 constant,
2920 3482 2974 3530 et
3003 3484 3161 3530 terrm
3189 3480 3243 3529 et
3281 3472 3518 3529 materim
3562 3472 3757 3529 vocari

2159 3565 2479 3621 debuerunt.
2511 3562 2653 3619 Satis
2681 3564 2781 3618 ista
2812 3563 2879 3618 de
2908 3572 3065 3618 terrm
3092 3561 3311 3617 nomine
3332 3560 3411 3633 (in
3452 3576 3561 3633 quo
3592 3568 3765 3617 mate-

2160 3653 2238 3708 ria
2268 3652 2317 3691 3’I
2352 3651 2577 3724 intelligi
2609 3651 2799 3722 voluit)
2845 3651 2991 3725 quod
3047 3666 3243 3708 nomen
3288 3649 3451 3706 unius
3506 3648 3761 3706 elementi

2160 3755 2353 3798 omnes
2382 3739 2575 3807 sciunt,
2612 3747 2802 3797 natura
2859 3740 3089 3812 primum
3116 3780 3132 3809 ,
3164 3738 3358 3795 deinde
3388 3738 3438 3779 ³⁵
3476 3738 3763 3810 Scriptura

2161 3828 2386 3886 docente
2422 3871 2436 3898 ,
2496 3828 2599 3885 nisi
2656 3839 2709 3885 et
2754 3830 2804 3869 ³⁸
2857 3828 3040 3885 Sileno
3096 3826 3174 3883 illi
3222 3826 3368 3900 apud
3409 3826 3601 3881 Midam
3636 3826 3759 3897 (57)

1830 3948 2019 4013 Variae
2062 3956 2372 4017 lectiones.

524 4052 571 4089 2⁵
612 4048 913 4131 Sigillatim
966 4051 1093 4107 alii.
1131 4050 1751 4131 26‘Putem,usneqnjieit
1778 4057 1913 4131 Jun.
1941 4057 1987 4131 ³⁸⁸
2016 4058 2210 4115 Notum
2261 4070 2345 4114 est
2393 4059 2623 4117 Oberth.
2678 4060 2846 4131 seml.
2878 4064 3017 4131 post
3046 4059 3249 4131 Rhen,
3282 4073 3423 4114 sane
3453 4058 3766 4131 suspican-

455 4127 578 4202 tem_
604 4121 897 4202 legéndum
927 4138 1041 4180 esse
1055 4142 1088 4202 ,ε
1119 4129 1305 4176 notum
1328 4129 1429 4178 est.
1462 4123 1512 4159 2⁸
1545 4121 2068 4202 Oiuittiturgdebeat
2087 4131 2243 4202 apud
2269 4131 2438 4189 Seml.
2465 4134 2521 4187 et
2556 4129 2778 4202 Oberth.
2803 4121 2901 4202 qui
2947 4130 3171 4186 addunt
3203 4130 3277 4202 id.
3335 4121 3706 4202 Junius-legit
3742 4152 3762 4188 :

453 4210 518 4249 ex
549 4196 783 4255 duobus,
816 4209 935 4265 qum
982 4196 1067 4248 cui
1126 4208 1319 4247 nomen
1376 4202 1534 4248 terrm
1562 4199 1956 4254 accommodari
2014 4196 2224 4257 debeat.
2260 4202 2309 4239 29
2345 4202 2418 4256 Ea
2474 4203 2541 4257 de
2589 4196 2826 4256 nomine"
2858 4202 3029 4258 Seml.
3079 4201 3299 4258 Oberth.
3342 4201 3393 4238 ³ο
3450 4200 3515 4255 Et
3578 4196 3760 4257 status

458 4267 541 4344 sui
571 4269 696 4344 Lat.
724 4266 774 4344 il
830 4266 923 4344 the
945 4271 1088 4344 terra
1118 4265 1292 4344 Sem_l.
1337 4265 1563 4344 Obertlt.
1595 4267 1665 4344 3?
1694 4270 1827 4344 Non
1856 4270 2047 4344 audio,
2080 4274 2296 4332 Pamel.
2331 4274 2579 4330 Parisin.
2631 4274 2869 4344 Franeq.
2903 4287 3010 4327 non
3041 4286 3073 4325 a
3100 4272 3213 4326 Deo
3261 4271 3467 4344 Rigalt.
3505 4272 3754 4344 Semler.

461 4337 681 4394 Oberth.
723 4337 772 4375 33

457 4409 633 4466 Seml.
692 4407 742 4446 ³6
769 4408 884 4463 Nisi
904 4407 949 4464 si
985 4406 1144 4465 addit
1186 4408 1361 4466 Rhen.
1396 4406 1567 4467 86ml.

826 4335 967 4417 Quid
1025 4338 1155 4418 [fa-1:.
1193 4338 1573 4418 “lf'ranultig.
1631 4341 1700 4396 At
1766 4343 1904 4399 Jun.
1959 4342 2075 4415 qui.
2145 4346 2315 4401 Seml.
2375 4346 2537 4418 quod.
2570 4345 2618 4383 ³4
2663 4335 2939 4400 Materiam
2962 4344 3133 4401 Semt.
3166 4343 3215 4381 35
3249 4335 3348 4400 Ue"
3380 4342 3507 4398 hinc
3567 4342 3755 4404 Rhen.

1854 4508 2356 4578 Commentarius.

525 4616 639 4685 (54)
671 4615 798 4671 Jam
840 4631 955 4687 non
984 4616 1250 4686 argillam
1300 4614 1500 4687 vocabo
1534 4654 1547 4682 ,
1593 4615 1687 4672 sed
1716 4618 1948 4687 testam,
1980 4617 2045 4675 Et

456 4688 600 4741 enim
626 4686 767 4758 ignis
796 4686 1001 4755 argillm
1030 4701 1232 4741 nomen
1258 4686 1513 4742 excussit.
1538 4687 1663 4741 RIG.

529 4759 641 4826 (ὃὸ)
664 4762 731 4831 Et
751 4758 1025 4831 electrum
1049 4758 1180 4814 licet
1205 4772 1277 4811 ea:
1305 4774 1446 4831 auro
1475 4763 1532 4815 et
1552 4762 1785 4831 argento
1806 4760 2047 4829 [adera-

462 4834 605 4898 tum.
648 4829 878 4883 Contlati
911 4828 1192 4898 utriusque
1221 4828 1420 4898 metalli
1449 4828 1787 4896 confusione,
1808 4828 2045 4898 Plinius,

456 4897 552 4951 lib.
604 4913 684 4970 ιχ.
718 4899 784 4952 40
822 4916 850 4970 εγ
878 4898 991 4953 Nec
1020 4896 1219 4953 habent
1271 4896 1431 4954 tinem
1461 4899 1612 4970 vitia,
1656 4899 1914 4970 iuvatque
1961 4896 2052 4956 lu?-

457 4970 583 5022 dere
640 4969 938 5041 impendio,
984 4979 1037 5041 et
1081 4970 1240 5041 luxus
1284 4970 1558 5041 geminare
1603 4969 1899 5035 miscendo,
1950 4972 2052 5026 ite-

456 5052 681 5107 rumque
709 5046 762 5091 et
810 5040 922 5106 ipsa
972 5039 1583 5097 adulterare—adulteria
1626 5050 1868 5109 naturm;
1918 5044 2057 5098 sicut

453 5116 764 5193 argentum.
812 5122 944 5164 auro
1043 5110 1395 5193 confundere,
1478 5124 1538 5168 ut
1601 5113 1807 5193 electra
1841 5183 1851 5193 .
1884 5112 2052 5193 fiant;

452 5179 650 5234 addere
714 5179 797 5233 his
861 5195 989 5244 mra,
1032 5190 1089 5235 ut
1151 5179 1450 5238 Corinthia.
1508 5204 1529 5231 η
1602 5183 1752 5239 Idem
1804 5183 1898 5248 ait,
1943 5183 2057 5239 ubi-

390 5253 398 5261 '
452 5267 682 5324 cumque
727 5249 913 5322 quinta
959 5252 1172 5322 argenti
1211 5252 1387 5323 portio
1416 5263 1515 5322 est,
1545 5252 1804 5316 electrum
1851 5256 2050 5312 vocari.

452 5324 640 5476 Βιῖὲὃ)
666 5396 773 5476 Nec
804 5396 1109 5476 argentum
1149 5397 1339 5476 tamen
1373 5410 1477 5476 nec
1507 5412 1720 5476 aurum
1739 5395 2052 5476 appellabo,

454 5464 549 5539 sed
577 5464 883 5539 electrum.
913 5464 1220 5539 Etenimrﬁt
1253 5467 1462 5537 species
1494 5468 1620 5524 novi
1666 5464 1909 5538 corporis
1939 5506 1957 5534 ,
1997 5475 2057 5525 ut
2163 5488 2326 5539 serm,
2368 5477 2436 5530 30

457 5537 527 5591 ait
563 5538 741 5606 Caius,
775 5538 865 5594 lib.
897 5551 978 5593 vn
1015 5537 1082 5596 de
1110 5538 1331 5611 Aequis.
1372 5555 1487 5597 rer.
1527 5540 1672 5597 dom.
1706 5537 1795 5597 Fit
1842 5542 2055 5596 tertium

2079 4641 2124 4719 Β
2154 4619 2323 4719 quid;
2338 4625 2667 4719 eiuntroque
2702 4616 3007 4673 confusum.
3039 4617 3129 4675 Sic
3160 4616 3253 4673 lib.
3287 4617 3558 4677 adversus
3602 4622 3759 4677 Pra-

2155 4708 2347 4749 xeam.
2381 4692 2508 4745 Rm.

2225 4792 2297 4802 --
2326 4761 2428 4818 Sed
2457 4762 2753 4824 electrum,
2796 4759 3021 4826 Plinius,
3063 4760 3160 4815 lib.
3193 4776 3382 4818 χχχιιι
3419 4764 3563 4819 Hist.
3621 4768 3756 4821 nat.

2166 4847 2224 4888 Iv
2260 4851 2321 4886 :«
2354 4831 2685 4907 ani_anro
2715 4830 2847 4907 inest
2892 4840 3174 4907 argentum
3201 4847 3213 4886 :
3238 4834 3545 4907 ubicunque
3562 4834 3757 4907 quinta

2166 4902 2371 4975 argenti
2401 4902 2575 4973 portio
2606 4902 2994 4975 est,electrun't
3009 4914 3247 4960 vocatur.
3272 4903 3422 4960 Fitet
3441 4902 3753 4963 cura'elee-

2169 4972 2325 5031 trum
2353 4972 2789 5047 argentoaddito
2824 4992 2836 5042 ;
2891 4975 3032 5046 quod
3063 4976 3108 5029 si
3151 4975 3393 5047 quintam
3447 4976 3756 5047 portionem

2165 5043 2729 5107 excessitfincudibus
2760 5060 2864 5100 non
2897 5043 3120 5103 resistit.
3158 5043 3184 5096 ἰ
3208 5048 3342 5103 Pu.

2236 5116 2349 5190 (τῇ)
2380 5116 2501 5190 Nisi
2536 5120 2593 5172 et
2615 5116 2800 5174 Sileno
2827 5117 3101 5190 ἰαὶ-αριιᾴ
3149 5119 3373 5183 Midam,
3406 5128 3512 5174 etc.
3556 5117 3758 5176 Simile

2165 5195 2253 5270 est
2277 5187 2410 5243 illud
2436 5202 2601 5268 supra
2624 5202 2749 5270 cap.
2779 5190 2873 5270 ‘2,_
2899 5187 2999 5269 .libl
3041 5188 3108 5245 de
3164 5190 3347 5270 Ballio
3368 5208 3448 5270 λς
3472 5190 3678 5246 Viderit
3707 5193 3758 5247 si

2165 5259 2285 5330 quis
2330 5259 2539 5331 uSpiam
2592 5260 2735 5314 alius
2772 5259 2942 5328 (orbis
2997 5259 3233 5332 nempe),
3276 5261 3343 5315 ad
3388 5261 3663 5334 MerOpas,
3695 5272 3761 5319 ut

2160 5330 2371 5412 Silenus
2400 5346 2573 5412 penes
2586 5345 2745 5386 aures
2773 5330 2932 5412 Midm
2960 5329 3177 5412 bl_attit_,
3216 5341 3373 5412 aptas
3394 5349 3536 5412 sane
3559 5349 3758 5412 _gra_n-

2165 5402 2407 5458 dioribus
2432 5402 2661 5477 fabulis;
2702 5420 2731 5477 Ρ
2783 5408 2838 5457 et
2883 5402 3031 5477 quod
3078 5402 3534 5477 babetLMaximus
3559 5402 3762 5477 Tyrius

2468 5476 2487 5543 (
2517 5474 2569 5529 si
2592 5473 2755 5529 modo
2791 5481 2933 5545 recte
2961 5474 3155 5530 citatur
3180 5488 3213 5529 a
3239 5474 3483 5545 Gyraldo
3529 5473 3756 5534 de'Diis

2168 5546 2479 5617 Gentium),
2515 5565 2539 5595 α
2594 5546 2835 5599 Silenum
2880 5543 3093 5601 ebrium
3142 5543 3348 5617 laqueis
3393 5556 3448 5602 et
3524 5547 3760 5604 vinculis
