4032 6152
331 259 442 319 245

1537 267 1732 333 LIBER
1757 270 1912 332 ADV.
1949 270 2428 344 BERMOGENEM.

3526 279 3636 341 246

327 383 544 494 regem
579 388 914 494 asseveranti
965 388 1203 494 demntia
1244 393 1424 494 orbat
1447 395 1799 494 credendum
1821 405 1928 494 est,
1959 409 2006 494 Α
2037 401 2107 458 de
2133 403 2236 460 alia
2264 415 2404 463 terra
2447 405 2648 463 dictum
2678 405 2867 473 videri,
2905 409 3071 465 Terra
3100 414 3220 466 erat
3239 409 3543 467 invisibilis
3576 411 3633 465 et

322 483 555 533 auctore
598 477 958 551 TheOpompo
985 478 1120 552 (58).
1167 479 1273 538 Sed
1303 489 1357 540 et
1392 483 1530 543 deos
1559 485 1756 544 multos
1783 486 1928 547 idem
1959 477 2006 494 η
2037 493 2218 552 rudis.

346 561 514 619 efert.

891 710 1120 770 CAPUT
1146 714 1352 773 XXVI.

389 831 570 891 Nobis
606 843 785 893 autem
839 852 983 896 unus
1028 841 1173 898 Deus
1205 849 1258 900 et
1284 859 1395 900 una
1439 852 1522 902 est
1566 852 1727 913 terra,
1761 864 1925 922 quam

319 923 375 978 in
421 923 703 1010 principio
757 927 906 983 Deus
960 926 1117 998 fecit,
1149 934 1306 1003 cujus
1361 933 1609 990 ordinem
1661 935 1926 1010 incipiens

319 1009 604 1084 Scriptura
644 1015 950 1084 decurrere,
996 1019 1170 1090 primo
1199 1020 1390 1078 factam
1443 1040 1561 1080 eam
1611 1009 1798 1098 edicit,
1828 1029 1927 1084 de-

317 1099 446 1158 hinc
493 1102 814 1173 qualitatem
876 1106 1050 1179 ipsius
1115 1111 1384 1180 edisserit,
1426 1113 1567 1171 sicut
1622 1124 1674 1172 et
1721 1119 1920 1174 cmlum

317 1191 498 1264 primo
518 1190 683 1249 221
714 1193 912 1252 factum
943 1197 1222 1270 professa:
1243 1204 1307 1259 In
1322 1204 1609 1277 principio
1625 1208 1761 1277 fecit
1780 1210 1922 1266 Deus

320 1280 554 1349 caelum,
605 1282 804 1342 dehinc
849 1285 1255 1356 dispositionem
1309 1292 1428 1362 ejus
1475 1296 1846 1366 superinducit
1902 1317 1918 1355 :

321 1371 389 1426 Et
409 1374 702 1444 separavit
717 1376 873 1432 inter
891 1393 1096 1450 aquam
1118 1396 1241 1453 quae
1252 1386 1377 1438 erat
1405 1382 1566 1453 infra
1593 1385 1921 1454 ﬁrmamen-

320 1462 445 1516 tum
472 1463 590 1532 (59)
611 1463 773 1532 (Gen.
805 1465 845 1536 l,
869 1466 951 1538 7),
981 1471 1038 1524 et
1053 1485 1181 1542 quae
1198 1486 1368 1543 super
1392 1472 1847 1542 firmamentum,
1864 1482 1920 1534 et

318 1553 544 1607 vocavit
580 1554 727 1611 Deus
757 1555 1190 1625 ﬁrmamentum
1221 1562 1442 1628 caelum,
1479 1561 1656 1634 ipsum
1687 1565 1833 1636 quod
1862 1565 1917 1620 in

316 1638 619 1708 primordio
650 1640 866 1699 fecerat.
900 1645 1137 1702 Proinde
1166 1655 1221 1702 et
1249 1647 1318 1703 de
1360 1649 1580 1706 homine
1611 1667 1626 1706 :
1662 1655 1730 1708 Et
1775 1654 1919 1724 fecit

317 1699 460 1785 heus
491 1729 784 1790 hominem
815 1735 926 1791 :ad
948 1699 1734 1811 ilium.
1951 1699 1994 1778 Β

313 1819 426 1888 2Ἷ).
477 1819 688 1877 Dehinc
719 1823 948 1894 qualiter
994 1825 1183 1883 fecerit
1220 1828 1396 1884 reddit
1428 1844 1441 1884 :
1476 1832 1543 1887 Et
1571 1831 1746 1899 ﬁnxit
1777 1835 1920 1889 Deus

315 1905 606 1966 hominem
635 1911 701 1968 de
732 1911 866 1970 limo
899 1917 1088 1980 terrae,
1120 1919 1175 1971 et
1203 1918 1427 1988 afﬂavit
1465 1919 1526 1974 in
1557 1920 1766 1990 faciem
1797 1923 1918 1992 ejus

312 1996 520 2064 ﬂatum
547 2000 704 2064 vitaz
734 2005 793 2058 et
815 2003 1010 2072 factus
1050 2009 1136 2060 est
1165 2003 1324 2064 homo
1354 2007 1416 2061 in
1443 2008 1700 2063 animam
1730 2011 1915 2067 vivam

307 2084 469 2157 (Gen.
502 2101 567 2142 ιι.
614 2089 692 2154 7).
737 2091 807 2146 Et
834 2091 1020 2164 utique
1061 2092 1140 2150 sic
1176 2093 1331 2150 decet
1360 2096 1722 2152 narrationem
1753 2095 1912 2166 inire,

310 2173 481 2244 primo
528 2175 774 2247 praefari,
815 2187 1005 2249 postea
1052 2182 1328 2253 prosequi,
1369 2183 1666 2250 nominare,
1717 2185 1915 2242 deinde

305 2260 633 2323 describere.
675 2266 931 2340 Alioquin
960 2285 1180 2338 vanum,
1211 2271 1257 2326 si
1305 2272 1425 2342 ejus
1471 2272 1551 2329 rei
1594 2275 1751 2344 cujus
1783 2277 1911 2332 nul-

304 2351 407 2407 lam
457 2355 810 2424 praemiserat
864 2358 1215 2428 mentionem,
1265 2359 1320 2416 id
1384 2369 1466 2419 est
1521 2365 1784 2432 materiai,
1845 2383 1913 2424 ne

301 2440 477 2514 ipsum
512 2443 741 2516 quidem
796 2460 1014 2514 nomen,
1056 2448 1234 2506 subito
1290 2449 1517 2508 formam
1566 2461 1621 2509 et
1665 2455 1910 2512 habitum

299 2532 676 2608 promulgavit
704 2534 752 2575 ³⁷
785 2553 798 2595 :
831 2545 954 2594 ante
984 2549 1205 2595 enarrat
1232 2540 1405 2612 qualis
1437 2551 1599 2608 esset,
1651 2559 1809 2615 quam
1841 2561 1908 2600 an

296 2630 483 2689 esset;
519 2623 768 2680 ostendit
806 2623 1032 2699 ﬁguram
1062 2626 1394 2698 deformati;
1444 2645 1646 2687 nomen
1673 2634 1905 2689 abscon-

297 2709 397 2765 dit.
429 2710 507 2768 Δί
562 2719 775 2784 quanto
823 2714 1130 2774 credibilius
1181 2718 1479 2776 secundum
1508 2735 1608 2776 nos
1658 2722 1777 2792 ejus
1827 2722 1905 2778 rei

298 2796 726 2868 dispositionem
784 2800 1063 2873 Scriptura
1119 2806 1418 2876 subiunxit,
1485 2810 1642 2879 cujus
1686 2808 1905 2866 institu-

303 2880 505 2938 tionem
580 2885 855 2957 simulque
921 2887 1342 2947 nominationem
1397 2893 1676 2964 praemisit.
1730 2893 1900 2965 Quam

2597 605 2819 664 CAPUT
2844 604 3068 663 XXVII.

2106 711 2210 768 Sed
2257 719 2317 769 tu
2347 713 2636 785 supercilia
2663 714 2714 753 ἰο
2742 713 2955 786 capitis,
2985 719 3119 768 nutu
3145 711 3193 751 ⁴ι
3233 710 3388 784 digiti
3414 725 3626 768 accom-

2035 797 2254 857 modato
2294 801 2431 872 (61),
2480 801 2641 859 altius
2686 801 2894 870 tollens,
2923 809 2976 857 et
3002 799 3156 873 quasi
3189 806 3334 856 retro
3361 800 3570 869 jactans
3606 819 3619 857 :

2033 888 2192 956 Erat,
2241 889 2449 962 inquis,
2493 890 2651 962 quasi
2706 905 2920 961 semper
2972 886 3152 960 fuerit,
3199 886 3401 944 scilicet
3446 886 3626 942 innata

2026 983 2088 1048 et
2114 976 2330 1046 infecta,
2372 987 2426 1035 et
2452 978 2655 1037 idcirco
2699 977 2923 1034 materia
2950 976 3232 1034 credenda.
3264 975 3336 1032 At
3373 989 3476 1046 ego
3507 974 3623 1030 sine

2033 1064 2142 1123 ullo
2187 1067 2462 1124 lenocinio
2507 1067 2966 1141 pronuntiationis
3019 1066 3335 1137 simpliciter
3387 1078 3623 1135 respon-

2031 1153 2196 1223 debo,
2228 1156 2296 1212 de
2340 1156 2490 1214 omni
2518 1174 2576 1214 re
2601 1173 2762 1227 posse
2792 1156 2903 1213 dici
2931 1161 3080 1226 erat,
3121 1157 3282 1212 etiam
3310 1154 3379 1210 de
3410 1169 3474 1210 ea
3503 1168 3624 1226 quae

2031 1241 2193 1312 facta,
2227 1261 2351 1317 quae
2400 1252 2529 1301 nata
2573 1245 2661 1315 sit,
2705 1261 2826 1318 quae
2865 1246 3158 1318 aliquando
3188 1259 3298 1300 non
3338 1241 3520 1308 fuerit,
3570 1251 3623 1298 ct

2030 1347 2151 1403 quae
2194 1332 2416 1389 materia
2444 1348 2552 1390 non
2597 1335 2684 1390 sit.
2719 1333 2891 1390 Omne
2943 1333 3082 1389 enim
3114 1333 3262 1404 quod
3290 1332 3452 1387 habet
3479 1346 3619 1398 esse,

2027 1419 2171 1476 unde
2200 1421 2396 1478 habeat
2423 1423 2492 1492 ‘3,
2526 1422 2645 1479 sive
2674 1439 2772 1495 per
2800 1422 3040 1487 initium,
3071 1421 3186 1479 sive
3217 1421 3333 1477 sine
3364 1420 3519 1476 initio
3549 1421 3622 1492 44,

2027 1508 2132 1565 hoc
2159 1508 2331 1568 222
2379 1511 2500 1581 ipso
2546 1511 2694 1583 quod
2741 1519 2843 1578 est,
2875 1511 3040 1567 etiam
3087 1515 3214 1568 erat
3252 1509 3480 1565 dicetur.
3521 1508 3620 1564 Cui

2026 1597 2286 1669 competit
2311 1598 2487 1669 prima
2519 1599 2668 1654 verbi
2714 1599 2908 1669 positio
2954 1599 3008 1653 in
3053 1596 3441 1666 deﬁnitionem,
3474 1598 3624 1667 ejus-

2027 1685 2148 1741 dem
2178 1685 2339 1742 etiam
2386 1684 2676 1742 declinatio
2723 1687 2876 1742 verbi
2914 1685 3162 1742 decurrat
3190 1685 3244 1740 in
3281 1685 3616 1742 relationem.

2030 1775 2145 1842 Est,
2176 1771 2505 1829 deﬁnitionis
2545 1782 2744 1846 caput;
2779 1779 2922 1839 erat,
2973 1771 3224 1829 relationi
3252 1773 3300 1810 4⁵
3348 1772 3490 1829 facit.
3522 1773 3617 1827 Hae

2027 1871 2147 1917 sunt
2195 1863 2419 1936 argutiae
2471 1873 2526 1919 et
2555 1863 2872 1918 subtilitates
2927 1861 3319 1926 haereticorum,
3350 1859 3616 1930 simplici-

2027 1959 2185 2008 tatem
2214 1951 2578 2009 communium
2606 1954 2894 2010 verborum
2937 1958 3248 2022 torquentes
3281 1949 3335 2005 in
3366 1949 3618 2022 quaestio-

2026 2056 2149 2097 nem
2192 2040 2262 2099 ‘5.
2313 2041 2507 2114 Magna
2552 2041 2757 2098 scilicet
2802 2039 3027 2114 quaestio
3054 2048 3152 2107 est,
3213 2039 3258 2094 si
3313 2045 3430 2096 erat
3459 2047 3614 2106 terra,

2027 2145 2149 2200 quas
2180 2127 2320 2186 facta
2359 2138 2460 2186 est.
2514 2130 2656 2186 Sane
2695 2129 3090 2186 discutiendum
3130 2144 3196 2183 an
3248 2128 3300 2184 ei
3348 2136 3617 2199 competat

2023 2217 2348 2274 invisibilem
2378 2228 2429 2274 et
2467 2217 2658 2275 rudem
2706 2217 2872 2273 fuisse
2899 2232 3020 2288 quae
3067 2215 3203 2273 facta
3231 2224 3336 2287 est,
3367 2225 3424 2270 ut
3463 2218 3615 2285 ejus-

2019 2307 2141 2364 dem
2171 2307 2241 2364 sit
2267 2313 2414 2375 erat,
2435 2309 2591 2379 cujus
2617 2315 2671 2365 et
2696 2306 2841 2380 quod
2867 2311 2982 2362 erat
3008 2303 3080 2362 4⁷.

2551 2432 2781 2490 CAPUT
2819 2430 3074 2489 XXVIII.

2078 2538 2290 2610 'Atquin
2328 2555 2437 2597 non
2475 2546 2682 2598 tantum
2739 2538 3092 2612 probabimus
3145 2537 3313 2595 istum
3369 2536 3612 2593 habitum

2016 2628 2140 2686 huic
2185 2636 2343 2685 terra;
2375 2628 2718 2702 competisse,
2750 2629 2848 2684 sed
2898 2635 2954 2684 et
2992 2627 3068 2684 illi
3096 2626 3186 2684 alii
3233 2641 3343 2683 non
3387 2639 3611 2696 compe-

2013 2717 2164 2776 tisse.
2196 2719 2329 2774 Nam
2356 2718 2399 2774 si
2432 2719 2576 2776 nuda
2608 2718 2829 2775 materia
2853 2717 2905 2757 ἰθ
2940 2718 3057 2774 Deo
3101 2716 3430 2787 subiacebat,
3461 2713 3610 2771 nullo

2013 2808 2215 2865 scilicet
2259 2808 2526 2866 elemento
2574 2811 2902 2877 obstruente,
2960 2808 3007 2865 si
3073 2807 3291 2881 quidem
3365 2805 3606 2862 nondum

2010 2897 2296 2969 quicquam
2321 2906 2436 2954 erat
2478 2905 2671 2969 praeter
2700 2898 2875 2970 ipsam
2905 2904 2961 2954 et
2987 2898 3194 2967 Deum;
3228 2893 3416 2967 utique
3456 2892 3606 2951 invi-

314 2969 546 3066 denique
577 2973 790 3047 integer
816 2991 1012 3032 sensus
1031 2987 1150 3034 est:
1184 2981 1250 3036 In
1274 2983 1560 3056 principio
1597 2987 1746 3042 Deus
1767 2987 1904 3056 fecit
1936 2985 1979 3066 ο
2011 2985 2185 3043 sibilis
2221 3001 2341 3042 esse
2367 3001 2476 3043 non
2522 2969 2754 3057 poterat.
2801 2986 2938 3057 Quia
2968 2986 3067 3042 etsi
3098 2985 3350 3042 tenebras
3378 2983 3519 3042 volet
3548 2982 3602 3037 in

320 3060 521 3116 cretum
541 3068 594 3118 et
604 3066 825 3134 terram,
835 3070 993 3125 terra
1007 3073 1203 3127 autem
1216 3077 1342 3130 erat
1353 3073 1650 3132 invisibilis
1663 3079 1719 3133 et
1739 3077 1898 3132 rudis

317 3146 343 3236 ς
351 3148 488 3205 Gen.
532 3164 588 3216 ιι,
619 3156 665 3218 1,
712 3156 792 3226 2),
830 3172 993 3230 quam
1045 3158 1193 3217 Deus
1239 3161 1628 3234 scilicetfecit,
1673 3165 1743 3220 de
1788 3179 1898 3236 qua

300 3234 582 3308 Scriptura
634 3258 759 3298 cum
808 3247 1038 3304 maxime
1083 3249 1402 3307 ediderat“.
1451 3252 1590 3308 Nam
1622 3262 1675 3310 et
1701 3234 1896 3312 autem

292 3323 497 3397 ipsum,
527 3329 682 3387 velut
725 3332 893 3390 ﬁbula
935 3337 1291 3408 conjunctivae
1337 3341 1617 3413 particulm
1663 3343 1728 3398 ad
1757 3358 1894 3400 con-

288 3428 495 3471 nexum
547 3420 847 3478 narrationi
883 3427 1191 3497 oppositum
1230 3435 1313 3486 est
1359 3428 1430 3502 39,
1480 3435 1638 3490 terra
1676 3435 1890 3489 autem.

289 3503 404 3593 Hoc
453 3506 604 3563 enim
649 3512 815 3567 verbo
858 3515 1144 3572 revertitur
1171 3517 1238 3572 ad
1287 3534 1403 3576 eam
1451 3519 1520 3575 de
1572 3536 1678 3593 qua
1728 3536 1896 3593 supra

285 3590 528 3664 dixerat,
581 3606 635 3653 et
678 3599 864 3672 alligat
910 3620 1156 3663 sensum.
1209 3608 1367 3665 Adeo
1413 3590 1745 3667 aufer—hinc
1789 3590 1892 3669 au-

289 3683 405 3738 tem
454 3686 604 3758 (60),
635 3694 690 3745 et
728 3689 906 3772 soluta
954 3707 1221 3768 compago
1277 3706 1380 3766 est,
1428 3707 1488 3754 ut
1541 3706 1674 3755 tunc
1722 3699 1894 3770 possit

2007 3073 2307 3132 substantia
2358 3074 2526 3131 fuisse
2581 3075 2820 3131 materiae
2877 3075 2988 3142 (cui
3015 3074 3246 3130 articulo
3276 3072 3604 3143 respondere

2001 3163 2320 3220 debebimus
2347 3179 2448 3220 suo
2477 3163 2714 3235 ordine),
2760 3163 2926 3218 etiam
2955 3162 3163 3219 homini
3194 3163 3431 3219 tenebrae
3473 3161 3603 3218 visi-

1999 3253 2136 3310 biles
2181 3261 2327 3311 sunt.
2374 3253 2487 3309 Hoc
2529 3251 2672 3310 enim
2723 3252 2904 3324 ipsum
2952 3251 3098 3325 quod
3149 3257 3275 3307 sunt
3331 3252 3593 3317 tenebrae,

1994 3341 2226 3408 videtur,
2260 3342 2457 3399 nedum
2503 3343 2638 3398 Deo.
2685 3340 2750 3396 Et
2779 3340 2964 3413 utique
2993 3341 3036 3396 si
3088 3338 3382 3396 invisibilis
3435 3345 3599 3402 esset,

2000 3431 2152 3487 nullo
2193 3430 2355 3488 modo
2385 3438 2805 3503 cognosceretur
2835 3428 3070 3503 qualitas
3109 3430 3248 3498 ejus.
3281 3425 3433 3484 Unde
3464 3441 3597 3498 ergo

2001 3529 2312 3592 compertus
2337 3529 2421 3577 est
2476 3519 2847 3594 Hermogenes
2902 3517 3188 3575 informem
3236 3525 3289 3574 et
3315 3515 3596 3575 confusam

2002 3618 2061 3668 et
2101 3611 2429 3667 inconditam
2485 3611 2534 3650 ⁸9
2564 3609 2711 3666 illam
2759 3608 2950 3678 fuisse,
3010 3624 3132 3682 quae
3187 3615 3248 3664 ut
3302 3605 3600 3665 invisibilis

1998 3700 2194 3758 latebat
2225 3715 2240 3758 :
2273 3705 2368 3756 aut
2395 3699 2442 3756 si
2470 3701 2575 3758 hoc
2603 3715 2634 3755 a
2672 3701 2789 3756 Deo
2837 3696 3130 3755 revelatum
3178 3705 3262 3754 est
3297 3698 3434 3769 (62),
3467 3709 3598 3768 pro-

1675 3823 1864 3888 Variae
1906 3827 2215 3889 lectiones.

362 3914 408 3953 37
451 3917 709 4002 Habitum
750 3924 1126 4002 promulgavit
1161 3937 1285 4002 ante
1343 3936 1607 4002 :Aenarrat
1631 3929 1806 4002 qualia
1822 3937 2032 4002 “esset,
2077 3937 2363 4000 antequam
2391 3945 2488 4002 an,
2517 3931 2984 4002 esset,rostendit:
3018 3929 3249 4002 ﬁguram
3305 3931 3591 3997 deformat,

288 4000 492 4072 nomen
521 3991 854 4072 abscondit;
885 3991 1016 4072 Jun.
1051 3998 1138 4072 ita
1176 4000 1435 4072 iegend.
1470 3991 1765 4072 censet.38
1819 3991 2076 4072 Edixerat
2113 3991 2369 4072 ,Seniler.
2430 3991 2734 4060 Oberth.'39
2763 4003 2806 4058 Α

2815 4002 3090 4075 ppositum
3159 4003 3331 4059 Seml.
3367 4002 3591 4075 Obertlt.

285 4057 667 4146 TSUPPTFEQO
699 4065 871 4146 Seml:
911 4069 1133 4146 Obertli.
1168 4057 1558 4146 Supercilioet
1581 4057 1782 4144 capitis
1810 4083 1946 4128 nutu
1966 4057 2155 4146 digitis
2185 4057 2594 4146 accemmodato
2630 4057 2773 4146 Jun.
2800 4057 2967 4146 ’ξιἜέί
2990 4084 3128 4146 nutu
3163 4057 3334 4132 Serui.
3367 4057 3590 4132 Uberth.

286 4130 508 4216 ιξᾳηιει.
539 4134 590 4172 42
611 4135 796 4206 Inquit
833 4130 1266 4216 {un._‘*3__H_abet
1288 4145 1460 4201 Seml.
1493 4130 1698 4200 Habeat
1752 4146 1928 4200 Fran.
1958 4144 2007 4183 44
2025 4130 2194 4216 "Sine
2242 4142 2398 4216 abest
2431 4145 2603 4216 Semi.
2661 4146 2711 4184 ¹ι⁵
2738 4145 3033 4202 Relationis
3059 4130 3218 4202 Jun:
3247 4146 3298 4184 46
3353 4130 3412 4200 In
3441 4130 3596 4216 quas-

286 4208 527 4288 ﬁnenem
557 4221 806 4288 magnam
836 4210 1008 4288 Serui.
1039 4210 1818 4288 47_Ita_omnes.Suspicatur
1847 4215 2130 4288 Hallensis
2163 4212 2461 4288 legendum
2491 4215 2649 4288 cujus
2691 4231 2758 4271 ex
2816 4231 2923 4288 quo
2971 4223 3103 4273 erat.
3143 4216 3193 4255 4⁸
3243 4216 3298 4273 Si
3339 4208 3484 4273 nuda
3527 4217 3598 4272 sit

289 4277 538 4346 materia,
569 4277 684 4335 Deo
715 4280 887 4337 Seml.
926 4281 1150 4341 Oberth.
1173 4284 1230 4340 Si
1250 4286 1391 4342 nuda
1419 4287 1498 4342 sic
1517 4277 1650 4344 Jun.
1685 4285 1734 4324 49
1763 4287 2061 4358 Inquietam
2084 4277 2255 4343 Semi.
2293 4283 2472 4342 Obert.
2502 4277 2763 4344 Incultam
2817 4277 3032 4360 suspic.
3063 4289 3199 4345 Jun.
3251 4291 3266 4361 ξ

1693 4411 2197 4476 Commentarius.

288 4511 644 4587 constrictum
690 4512 850 4587 Midae
901 4514 1223 4587 praedixisse
1276 4517 1426 4574 varia
1479 4526 1532 4573 et
1585 4517 1814 4574 diversa.
1859 4537 1885 4568 ι)

289 4581 458 4661 Unde
508 4585 675 4661 etiam
725 4581 920 4661 facile-
943 4587 1198 4661 colligere
1227 4598 1308 4645 est
1337 4598 1548 4657 poetam
1593 4589 1884 4661 Virgilium

287 4653 512 4735 ﬁcioga:
551 4656 734 4713 Sileni
761 4653 1130 4735 argumentum
1160 4653 1488 4735 sumpsisse,
1508 4665 1564 4735 et
1589 4659 1642 4715 in
1674 4653 1888 4735 p'rover-

289 4725 438 4806 bium
489 4742 720 4806 quoque
738 4725 955 4806 abiisse,
1003 4731 1206 4806 Silenis
1250 4725 1576 4806 A'lcibiadeis
1607 4725 1778 4806 magis
1800 4733 1886 4806 ri-

286 4795 725 4880 diculum,_quali
754 4795 1096 4880 nomine,_o_b
1124 4804 1454 4874 grandiores
1480 4795 1727 4880 fabulas:
1751 4803 1889 4880 Bhe-

287 4883 464 4994 ἕδους
527 4869 724 4926 alicubi
805 4869 1303 4932 Valentinianorum
1367 4869 1576 4932 somnia
1631 4875 1885 4947 appellat.

329 4954 432 4994 an.

329 4954 432 4994 ΑΙ.

361 5011 477 5080 (58)
527 5013 1173 5090 Auctoreﬂfheepompo.
1219 5017 1341 5090 Non
1388 5033 1528 5074 unus
1556 5017 1658 5074 fuit
1703 5017 1886 5090 Theo-

284 5097 526 5163 pompus
548 5102 578 5163 _:
610 5083 746 5163 alter
776 5083 878 5163 fuit
923 5083 1442 5163 historicus,_alter_
1463 5089 1888 5163 poetacomicus

325 5155 380 5209 ui
409 5154 627 5236 tabulae
662 5156 899 5236 cuipiam
940 5173 1140 5236 nomen
1176 5161 1368 5236 Sileni
1413 5154 1584 5236 dedit.
1615 5161 1702 5217 An
1745 5161 1889 5236 idem

305 5229 453 5281 uerit
505 5234 664 5297 poeta
715 5235 770 5282 et
825 5229 1125 5288 historicus
1171 5231 1438 5289 incertum
1493 5232 1690 5288 habeo.
1751 5233 1888 5287 Tota

280 5304 463 5374 autem
519 5298 610 5353 illa
667 5298 825 5356 Midas
866 5300 1061 5374 fabula
1111 5319 1176 5358 ex
1234 5304 1582 5374 Theopompo
1656 5305 1885 5359 eruitur.

281 5367 605 5442 Quanquam
640 5385 832 5427 revera
857 5372 1076 5430 Silenus
1104 5391 1135 5428 a
1162 5374 1306 5430 Mida
1333 5367 1528 5442 captus
1555 5374 1657 5430 fuit
1687 5375 1739 5430 in
1769 5377 1889 5432 hor-

283 5439 355 5495 tis
371 5439 614 5515 arumnis
643 5459 785 5515 quos
815 5443 868 5498 in
899 5445 1221 5502 Macedonia
1248 5439 1502 5502 habebat.
1536 5447 1615 5502 LE
1641 5448 1741 5502 Pa.

355 5513 471 5584 (59)
505 5515 571 5569 Et
609 5513 901 5590 separavit
937 5518 1096 5575 inter
1138 5533 1370 5590 aquam,
1401 5533 1539 5590 quia
1563 5522 1689 5590 erat
1724 5520 1888 5588 infra

273 5585 745 5650 ﬁrmamentum.
807 5589 974 5656 Infra
1003 5585 1227 5645 omnino
1282 5585 1374 5645 hic
1408 5585 1628 5662 'accipit
1674 5585 1883 5657 auctor,

1924 4533 1968 4611 υ
2003 4532 2100 4588 pro
2120 4517 2346 4611 Jsubter,
2377 4524 2470 4574 aut
2489 4516 2621 4611 sub,
2642 4531 2817 4611 neque
2846 4516 2987 4604 enim
3006 4517 3166 4604 aliter~
3187 4517 3359 4587 accipi
3386 4526 3595 4611 potest;

2000 4585 2150 4662 quod
2200 4585 2380 4662 graece
2436 4598 2558 4662 est,
2597 4590 2621 4642 ὅ
2687 4585 2748 4662 ἦῆ
2793 4588 3017 4642 {mentita
3055 4592 3170 4662 ⁸τοῦ
3255 4585 3600 4662 στίερέώματοξ

2000 4609 2150 4660 quoa
2200 4609 2380 4662 graece
2437 4609 2539 4657 eSt,
2597 4609 2620 4642 ο
2687 4609 2748 4645 ην
2793 4609 3017 4642 υποκατω
3081 4609 3170 4640 του
3255 4609 3600 4712 στεριωὲατος

1997 4659 2235 4740 maxime
2259 4677 2408 4740 cum_
2430 4660 2583 4740 illud
2612 4660 2869 4740 Hebr.__tt,
2899 4657 3251 4740 transferatur
3282 4673 3297 4711 :
3505 4677 3600 4740 pe-

1996 4730 2156 4788 dibus
2183 4735 2325 4804 ejus,
2365 4733 2504 4789 sicut
2532 4731 2619 4789 hic
2655 4733 2724 4789 ab
2750 4731 2868 4788 aliis
2904 4729 3289 4802 interpretibus
3319 4745 3332 4783 :
3369 4729 3477 4786 Sub
3506 4729 3600 4801 ﬁr-

1996 4808 2304 4863 mamento.
2351 4805 2492 4860 Pu.

2067 4874 2183 4947 (60)
2234 4875 2594 4947 Adeoiaufer
2623 4875 2756 4932 hinc
2793 4882 2995 4941 autem,
3029 4881 3135 4947 etc_.
3168 4871 3398 4947 Pulchra
3421 4871 3595 4947 inter-

1996 4946 2245 5018 pretatio,
2278 4946 2405 5018 quid
2457 4944 2718 5014 particula
2766 4949 2959 5003 autem
2990 4947 3044 5002 in
3093 4944 3390 5018 Scripturis
3425 4945 3594 5018 sacris

1997 5016 2178 5092 addita
2203 5015 2489 5092 significet.
2516 5018 2826 5092 Adnotatur
2881 5025 3060 5074 autem
3080 5033 3121 5092 _a
3156 5015 3418 5092 Bhenano
3450 5017 3594 5092 simi-

1995 5087 2063 5143 lis
2082 5087 2343 5153 locusfex
2372 5089 2469 5145 lib.
2493 5089 2560 5148 de
2584 5092 2902 5147 Resurrect.
2925 5089 3134 5155 carnis,
3153 5087 3310 5155 infra,
3336 5104 3457 5158 cap.
3480 5091 3549 5144 40
3574 5105 3590 5142 :

2001 5182 2022 5208 ει
2057 5159 2134 5213 lta
2162 5160 2506 5226 vocabulum,
2548 5162 2732 5226 homo,
2763 5169 3130 5218 consertarum
3174 5160 3594 5217 substantiarum

1995 5231 2658 5303 duarumqnodammodo
2697 5229 2860 5287 ﬁbula
2899 5241 2999 5289 est.
3036 5250 3062 5285 ι
3096 5233 3236 5287 ΡΑιι.

2062 5301 2188 5383 (ῳ)
2213 5301 2318 5383 Sed
2347 5304 2977 5383 tu_superciiiacapitis
3006 5303 3354 5383 τιμίῳ-αἰθέερ
3381 5315 3596 5383 necom:

1995 5373 2240 5450 nuntiato.
2264 5375 2326 5430 In
2346 5373 2678 5450 editionibus
2703 5373 2948 5450 Rhenani
2979 5381 3034 5431 et
3053 5373 3259 5450 codice
3276 5373 3593 5450 Divionpnsi

1996 5444 2200 5516 legitur
2238 5463 2252 5500 :
2306 5463 2332 5498 ε
2362 5447 2467 5503 Sed
2521 5455 2577 5502 tu
2627 5448 2919 5516 supercilio
2948 5444 3138 5516 capitis
3177 5453 3230 5499 et
3261 5449 3394 5497 nutu
3429 5443 3588 5510 digiti

1995 5517 2419 5578 accommodato,
2448 5525 2555 5573 etc.
2588 5537 2614 5568 ιι
2649 5518 2774 5572 th.

2064 5585 2180 5657 (62)
2219 5588 2329 5644 Aut
2364 5591 2414 5644 si
2443 5589 2542 5645 hoc
2571 5604 2610 5643 a
2633 5591 2742 5644 Deo
2782 5587 3097 5643 revelatum
3133 5589 3240 5642 est.
3281 5583 3462 5638 Locus
3489 5579 3588 5634 ad-
