4002 6118
386 232 501 291 247

398 360 528 416 bare
558 356 741 413 debet.
774 355 865 412 Sic
898 363 952 413 et
971 370 1038 411 an
1078 354 1230 411 rudis
1258 354 1365 411 dici
1391 355 1649 426 potuerit,
1675 360 1983 429 expostulo.

398 446 553 502 Certe
598 444 739 501 enim
789 443 921 500 rude
982 442 1117 501 illud
1168 452 1252 500 est
1292 444 1440 518 quod
1486 445 1857 517 imperfectum
1888 456 1988 503 est.

396 537 555 593 Certe
604 534 976 606 imperfectum
1027 549 1137 590 non
1166 539 1344 606 potest
1390 551 1530 601 esse,
1569 535 1673 590 nisi
1704 536 1851 608 quod
1881 536 1990 593 fac-

399 635 511 681 tum
546 634 646 680 est.
678 622 834 692 Quod
874 622 1019 680 enim
1049 623 1228 679 minus
1256 622 1455 681 factum
1485 632 1583 691 est,
1618 624 1990 697 imperfectum

399 723 502 771 est.
542 713 722 780 Certe,
756 712 955 784 inquis.
991 712 1141 784 Ergo
1178 713 1403 769 materia
1432 729 1550 786 quae
1571 713 1710 770 facta
1740 706 1847 769 non
1877 723 1992 770 erat

397 804 454 860 in
495 810 665 859 totum
715 800 1031 873 imperfecta
1081 818 1198 858 esse
1236 818 1346 860 non
1379 802 1575 873 potuit.
1623 801 1757 871 Quae
1794 804 1993 874 imper-

402 894 541 950 facta
590 909 693 951 non
732 892 855 959 fuit,
906 894 1067 949 etiam
1114 893 1265 949 rudis
1309 907 1417 949 non
1447 892 1571 951 fuit.
1619 893 1840 950 Initium
1881 908 1991 950 non

316 1002 332 1025 ι
399 983 606 1039 habens
666 982 791 1054 quia
838 982 973 1039 facta
1016 998 1125 1038 non
1169 981 1288 1049 fuit,
1336 983 1506 1040 caruit
1550 993 1603 1039 et
1666 984 1989 1041 rudimento.

404 1082 547 1137 Initii
596 1081 738 1138 enim
789 1081 1038 1138 accidens
1086 1089 1169 1138 est
1214 1081 1607 1138 rudimentum.
1641 1083 1812 1138 Terra
1858 1097 1991 1139 vero

405 1187 527 1244 quae
576 1170 711 1228 facta
741 1180 841 1239 est,
874 1170 1066 1227 meruit
1096 1178 1149 1226 et
1198 1170 1347 1226 rudis
1378 1171 1502 1226 dici.
1533 1171 1721 1227 Statim
1760 1172 1903 1228 enim
1933 1179 1994 1228 ut

402 1260 539 1315 facta
588 1268 692 1330 est,
743 1260 930 1316 habuit
961 1258 1271 1332 inperfectae
1324 1259 1528 1328 locum,
1585 1267 1708 1316 ante
1779 1260 1992 1334 perfec-

399 1348 628 1407 tionem.

966 1486 1184 1575 CAPUT
1214 1488 1422 1545 XXIX.

472 1612 527 1668 Si
555 1611 772 1685 quidem
804 1611 984 1670 omnia
1014 1627 1182 1684 Opera
1208 1628 1305 1668 sua
1332 1615 1474 1670 Deus
1511 1614 1702 1672 ordine
1731 1632 1991 1673 consum-

472 1661 527 1668 ,η
557 1661 772 1685 νιν-ν---
807 1661 984 1670 --πη-π
1018 1661 1182 1684 ηρ---
1208 1661 1305 1668 ___
1332 1661 1474 1670 --κν
1513 1661 1702 1672 sm..-
1733 1661 1956 1673 ωυρμ...

400 1700 587 1765 mavit,
618 1700 830 1757 incultis
878 1702 928 1739 ⁵ο
974 1700 1150 1772 primo
1181 1702 1485 1773 elementis,
1524 1704 1781 1777 depalans
1812 1704 1985 1764 223
2024 1661 2070 1738 Β

397 1790 794 1863 quodammodo
826 1788 1087 1844 mundum
1118 1790 1227 1861 (63)
1254 1807 1269 1858 ;
1302 1790 1498 1849 dehinc
1538 1795 1816 1851 exornatis
1846 1798 1996 1852 velut

399 1879 655 1935 dedicans
683 1879 815 1947 (64).
865 1879 999 1932 Nam
1047 1884 1101 1934 et
1138 1878 1316 1934 lumen
1346 1895 1455 1936 non
1486 1881 1661 1937 statim
1703 1884 1993 1955 splendore

393 1967 527 2023 solis
570 1964 833 2039 implevit,
866 1974 919 2022 et
964 1966 1218 2022 tenebras
1263 1982 1371 2025 non
1420 1968 1602 2025 statim
1632 1970 1825 2028 solatio
1854 1972 1993 2029 lunas

394 2054 734 2127 temperavit,
767 2063 821 2110 et
848 2056 1041 2111 coelum
1069 2071 1179 2112 non
1199 2057 1377 2113 statim
1408 2057 1678 2116 sideribus
1698 2061 1995 2135 stellisque

397 2143 656 2217 signavit,
690 2152 741 2199 et
772 2144 939 2201 maria
990 2145 1037 2182 51
1087 2161 1194 2200 non
1227 2146 1404 2200 statim
1454 2146 1654 2203 belluis
1685 2147 1995 2221 frequenta-

398 2234 494 2301 vit,
546 2240 597 2287 et
646 2231 818 2305 ipsam
850 2242 1041 2289 terram
1092 2249 1201 2290 non
1250 2235 1430 2290 statim
1480 2237 1629 2292 varia
1665 2237 1996 2296 fecunditate

399 2322 609 2378 dotavit
638 2338 650 2375 :
686 2322 780 2377 sed
834 2322 1009 2393 primo
1059 2338 1177 2379 esse
1206 2323 1255 2378 ei
1285 2324 1543 2394 contulit;
1579 2325 1773 2384 dehinc
1802 2342 1911 2383 non
1940 2329 1996 2384 in

400 2426 630 2468 vacuum
661 2426 781 2467 esse
811 2411 1100 2483 supplevit.
1132 2412 1223 2469 Sic
1250 2413 1397 2469 enim
1428 2422 1483 2469 et
1509 2414 1680 2470 Isaias
1713 2435 1725 2470 :
1769 2417 1890 2474 Non
1931 2420 1995 2473 in

402 2516 666 2570 vacuum,
700 2500 791 2567 ait,
824 2502 962 2570 fecit
1000 2502 1185 2566 illam,
1234 2503 1329 2560 sed
1367 2503 1681 2560 inhabitari
1720 2505 1833 2576 (65)
1862 2506 1994 2577 (Isa.

402 2604 538 2659 XLV,
573 2588 685 2663 18).
719 2589 910 2646 Postea
953 2606 1081 2663 ergo
1112 2607 1275 2662 quam
1315 2591 1450 2648 facta
1479 2601 1580 2658 est,
1614 2592 1994 2651 futura'etiam

400 2678 664 2750 perfecta,
713 2677 931 2734 interim
980 2687 1094 2736 erat
1139 2679 1423 2736 invisibilis
1470 2688 1527 2736 et
1580 2682 1754 2737 rudis.
1800 2683 1996 2751 Rudis,

398 2766 639 2838 quidem,
689 2768 792 2825 hoc
836 2783 1053 2840 quoque
1100 2768 1219 2840 ipso
1261 2770 1407 2840 quod
1453 2769 1761 2838 invisibilis,
1793 2782 1853 2829 ut
1897 2789 1998 2830 nec

400 2856 541 2913 visui
588 2856 845 2928 perfecta,
874 2858 1031 2914 simul
1059 2867 1114 2914 et
1142 2867 1200 2915 ut
1248 2859 1316 2915 de
1361 2859 1567 2931 reliquo
1615 2860 1852 2917 nondum
1910 2864 1996 2918 in-

1090 228 1525 291 TERTULLIANI
1564 229 1830 319 QPERUM
1865 231 2034 296 PARS
2070 235 2138 312 II.
2176 267 2248 280 —
2292 235 2520 297 SERIES
2558 238 2604 306 Ι,
2652 236 2997 299 POLEMICA.

3570 244 3694 305 -248

2016 375 2064 454 Α
2096 366 2150 418 et
2179 361 2441 454 videatur
2475 363 2660 419 arida.
2722 362 3204 454 Videnturinquit,
3235 379 3373 433 non,
3408 367 3534 437 ﬁat.
3571 369 3691 425 Jam

2098 454 2241 509 enim
2287 452 2426 508 facta
2479 460 2612 519 erat,
2643 452 2739 509 sed
2793 452 3081 510 invisibilis
3134 470 3309 528 usque
3359 464 3491 513 tunc
3518 457 3690 515 videri

2097 541 2399 598 sustinebat
2423 542 2560 614 (68).
2604 542 2778 598 Arida
2805 550 3007 609 autem,
3037 543 3182 615 quod
3228 553 3346 601 erat
3390 544 3574 605 futura
3623 565 3692 606 ex

2097 631 2325 689 divortio
2354 632 2403 670 ⁵⁵
2449 631 2710 697 humoris,
2758 638 2932 688 tamen
2985 640 3149 688 terra.
3182 636 3252 690 Et
3299 638 3515 693 vocavit
3544 640 3691 695 Deus

2099 721 2325 778 aridam
2367 726 2604 786 terram,
2633 734 2743 777 non
2770 720 3067 778 materiam.
3100 720 3188 778 Sic
3216 730 3270 777 et
3305 723 3694 794 perfectionem

2101 816 2296 883 postea
2324 817 2632 876 consecuta,
2665 808 2862 865 desinit
2889 808 3039 867 rudis
3067 811 3274 880 haberi,
3297 826 3422 867 cum
3451 830 3696 885 pronun—

2102 901 2195 956 tiat
2221 901 2365 957 Deus
2396 899 2693 957 :Fruticet
2720 898 2770 937 ⁵⁸
2797 904 2952 957 terra
2981 899 3209 957 herbam
3233 904 3374 972 faeni
3404 906 3692 962 seminari:

2103 994 2216 1047 tem
2234 1006 2426 1048 semen
2445 989 2757 1046 secundum
2784 1005 2976 1061 genus,
3000 994 3054 1046 et
3083 989 3394 1047 secundum
3414 994 3694 1049 similitu-

2102 1080 2308 1145 dinem,
2340 1082 2397 1134 et
2421 1078 2638 1149 lignum
2666 1079 3025 1148 fructuosum
3046 1079 3265 1149 faciens
3292 1082 3569 1150 fructum,
3594 1099 3695 1139 cu-

2103 1172 2196 1239 ius
2214 1182 2403 1224 semen
2432 1169 2494 1223 in
2515 1169 2632 1239 ipso
2650 1167 2714 1222 in
2730 1166 3193 1224 similitudinem.
3215 1168 3350 1224 Item
3371 1185 3386 1222 :
3408 1171 3697 1228 Producat

2102 1263 2259 1317 terra
2276 1259 2533 1315 animam
2552 1260 2735 1314 vivam
2745 1256 3052 1313 secundum
3069 1273 3264 1328 genus,
3287 1263 3343 1314 et
3372 1259 3699 1333 quadrupe-

2101 1347 2215 1415 dia,
2248 1353 2308 1403 et
2328 1347 2605 1419 repentia,
2637 1349 2695 1403 et
2723 1345 2924 1402 bestias
2966 1349 3137 1403 terra:
3163 1347 3473 1404 secundum
3492 1364 3695 1419 genus.

2101 1434 2347 1506 Implevit
2402 1434 2563 1507 igitur
2617 1431 2861 1489 ordinem
2928 1448 3089 1489 suum
3150 1433 3429 1506 Scriptura
3483 1435 3691 1493 divina.

2100 1524 2271 1593 Quam
2298 1522 2442 1579 enim
2487 1520 2659 1578 224
2708 1520 2954 1594 praedixit
3000 1521 3324 1578 invisibilem
3370 1533 3425 1579 et
3470 1524 3657 1581 rudem
3685 1568 3701 1591 .

2104 1614 2154 1669 ei
2198 1620 2252 1669 et
2303 1610 2568 1669 visionem
2611 1609 2843 1667 reddidit
2884 1618 2938 1667 et
2982 1610 3389 1681 perfectionem.
3442 1612 3563 1671 Non
3594 1615 3701 1669 alia

2101 1711 2279 1759 autem
2316 1699 2535 1758 materia
2564 1708 2678 1756 erat
2724 1698 3015 1757 invisibilis
3045 1709 3101 1757 et
3129 1700 3298 1760 rudis.
3329 1701 3476 1773 Ergo
3504 1703 3555 1741 ⁵⁷
3585 1719 3700 1758 ma-

2102 1792 2234 1848 teria
2264 1789 2366 1846 erit
2409 1798 2596 1861 postea
2643 1786 2870 1844 visibilis
2911 1796 2965 1843 et
3010 1788 3270 1859 perfecta.
3322 1789 3457 1847 Volo
3509 1790 3702 1863 itaque

2101 1880 2285 1937 videre
2322 1876 2634 1947 materiam;
2665 1876 2890 1933 visibilis
2941 1876 3087 1932 enim
3146 1876 3287 1933 facta
3335 1884 3436 1934 est.
3469 1878 3605 1936 Volo
3645 1890 3705 1937 et

2102 1968 2394 2041 perfectam
2438 1981 2555 2023 eam
2594 1979 3012 2036 recognoscere,
3044 1973 3104 2021 ut
3132 1980 3197 2021 ex
3242 1965 3332 2023 illa
3376 1966 3538 2022 etiam
3566 1967 3700 2024 foeni

2102 2058 2351 2124 herbam,
2383 2064 2437 2111 et
2478 2070 2543 2111 ex
2573 2054 2665 2110 illa
2695 2054 2979 2124 decerpam
3008 2053 3217 2125 lignum
3246 2054 3583 2112 fructuosum
3612 2056 3696 2129 58;

2099 2155 2155 2202 et
2196 2161 2263 2201 ex
2307 2144 2401 2200 illa
2427 2141 2675 2198 animalia
2706 2141 2829 2197 usui
2876 2156 2995 2197 meo
3025 2141 3371 2198 famulentur.
3414 2143 3520 2199 Sed
3566 2162 3683 2200 Ina-

2103 2234 2236 2292 teria
2288 2232 2503 2305 quidem
2533 2247 2799 2303 nusquam
2832 2249 2845 2285 :
2880 2238 3020 2287 terra
3047 2246 3194 2299 vero,
3227 2232 3342 2287 haec
3398 2231 3471 2298 5°,
3503 2231 3558 2287 id
3604 2242 3693 2289 est
3746 2250 3755 2255 ’

2103 2338 2308 2381 coram.
2337 2323 2485 2379 Hanc
2512 2320 2688 2387 video,
2720 2320 2821 2375 hac
2868 2319 3136 2389 perfruor,
3173 2336 3238 2375 ex
3265 2336 3376 2393 quo
3405 2320 3699 2379 invisibilis

2103 2422 2159 2470 et
2202 2412 2351 2470 rudis
2381 2426 2504 2468 esse
2532 2409 2713 2475 desiit,
2744 2410 2810 2465 de
2838 2424 2946 2481 qua
2985 2409 3422 2468 manifestissime
3470 2412 3638 2469 Isaias
3678 2432 3696 2470 :

2107 2506 2232 2559 Haec
2261 2502 2401 2560 dicit
2429 2501 2699 2559 Dominus
2729 2500 2827 2572 qui
2850 2499 2987 2570 fecit
3014 2500 3219 2556 cretum
3238 2500 3375 2571 (Isa.
3408 2516 3542 2572 XLV,
3578 2504 3697 2573 18).

2106 2594 2212 2650 Iste
2249 2591 2394 2647 Deus
2435 2589 2527 2661 qui
2566 2586 2961 2646 demonstravit
3009 2596 3223 2655 terram,
3255 2597 3309 2646 et
3359 2588 3483 2646 fecit
3529 2590 3699 2646 illam.

2107 2682 2257 2739 Certe
2312 2681 2559 2737 eamdem
2607 2678 2996 2734 demonstravit
3040 2694 3201 2751 quam
3256 2686 3311 2734 et
3368 2678 3701 2748 fecit.Quo-

2106 2770 2268 2827 modo
2331 2767 2765 2825 demonstravit?
2825 2765 3016 2838 Utique
3062 2765 3293 2823 dicendo
3354 2784 3366 2823 :
3439 2767 3704 2825 Videatur

2105 2859 2289 2916 arida.
2318 2859 2496 2929 Quare
2524 2855 2697 2913 videri
2725 2856 2897 2926 jubet,
2939 2854 3042 2911 nisi
3070 2856 3197 2929 quia
3225 2863 3370 2911 retro
3398 2870 3508 2912 non
3536 2856 3700 2914 vide-

401 2956 620 3003 structa.
671 2946 966 3003 Invisibilis
1015 2962 1167 3016 vero,
1197 2956 1255 3003 ut
1301 2948 1479 3004 adhuc
1523 2949 1700 3020 aquis,
1740 2958 1992 3025 tanquam
2025 2943 2071 3024 ο
2104 2947 2303 3003 batur?
2331 2954 2392 3004 ut
2428 2947 2472 3002 si
2509 2960 2725 3019 quoque
2756 2960 2873 3000 eam
2923 2961 3038 3002 non
3082 2945 3146 2999 in
3184 2960 3432 3002 vacuum
3480 2944 3704 3003 fecisset

398 3035 734 3091 munimento
782 3036 832 3074 ⁵2
902 3037 1161 3109 genitalis
1217 3038 1477 3101 humoris,
1526 3038 1762 3097 obducta
1810 3059 1823 3100 :
1891 3058 1998 3115 qua

400 3122 593 3193 forma,
647 3125 807 3179 etiam
845 3123 1039 3181 adﬁnis
1084 3126 1206 3195 ejus
1253 3141 1379 3183 caro
1427 3136 1613 3183 nostra
1660 3131 1991 3201 producitur.

401 3212 533 3267 Nam
562 3220 615 3268 et
642 3212 812 3268 David
840 3212 914 3268 ita
942 3214 1084 3269 canit
1112 3231 1127 3269 :
1160 3217 1388 3272 Domini
1422 3221 1503 3273 est
1540 3221 1698 3274 terra
1725 3224 1783 3275 et
1808 3221 1997 3291 pleni-

400 3301 531 3357 tudo
563 3302 707 3371 ejus,
740 3302 883 3358 orbis
945 3308 1136 3371 terrce,
1176 3309 1231 3359 et
1274 3318 1467 3360 omnes
1510 3305 1612 3375 qui
1644 3304 1902 3364 habitant
1932 3311 1996 3365 in

405 3390 509 3445 illa
537 3390 674 3459 (66).
708 3391 827 3461 Ipse
856 3406 1030 3463 super
1054 3393 1243 3447 maria
1269 3392 1536 3462 fundavit
1563 3408 1710 3459 eam,
1744 3398 1799 3451 et
1825 3412 1996 3469 super

398 3480 645 3549 ﬂumina
661 3479 1013 3553 prwparavit
1041 3496 1166 3537 eam
1197 3480 1369 3549 (Psal.
1403 3495 1567 3545 XXIII,
1599 3484 1649 3551 1,
1685 3481 1759 3554 2).
1789 3484 1992 3556 Segre-

399 3566 538 3638 gatis
565 3566 709 3623 enim
753 3568 909 3639 aquis
938 3567 993 3622 in
1023 3568 1358 3624 cavationem
1406 3569 1455 3607 ⁵³
1485 3569 1724 3637 sinuum,
1752 3572 1993 3629 emican-

398 3656 506 3711 tior
536 3655 673 3711 facta
702 3662 785 3710 est
839 3656 991 3711 arida
1034 3658 1170 3729 (67),
1199 3674 1323 3729 quae
1370 3659 1599 3716 antehac
1641 3661 1795 3734 aquis
1840 3672 1993 3735 tege-

401 3744 578 3799 batur.
627 3742 834 3801 Exinde
878 3744 1057 3816 itaque
1104 3753 1157 3802 et
1199 3746 1428 3803 visibilis
1475 3746 1739 3817 efﬁcitur,
1783 3749 1996 3810 dicente

402 3835 513 3890 Deo
549 3850 560 3889 :
594 3834 970 3906 Congregetur
987 3851 1133 3908 aqua
1150 3838 1209 3891 in
1231 3839 1713 3909 congregationem
1729 3836 1992 3913 5tunam,

2106 3035 2352 3094 faciendo
2394 3034 2686 3102 visibilem,
2726 3037 2783 3090 et
2828 3036 2912 3090 ita
2955 3033 3198 3092 habilem
3243 3033 3314 3092 ⁵ο.
3362 3034 3431 3090 Ει
3472 3035 3552 3091 sic
3600 3053 3703 3106 per

2105 3126 2288 3183 omnia
2327 3126 2585 3198 probatur
2615 3123 2773 3180 nobis
2814 3123 2953 3180 hanc
2998 3139 3160 3195 quam
3201 3123 3509 3195 incolimus,
3540 3140 3702 3181 eam-

2104 3214 2229 3271 dem
2269 3222 2323 3271 et
2358 3214 2549 3272 factam
2578 3229 2698 3270 esse
2745 3229 2776 3268 a
2810 3213 2926 3268 Deo
2964 3220 3017 3269 et
3060 3220 3362 3283 ostensam,
3393 3229 3493 3271 nec
3537 3213 3703 3271 aliam

2102 3303 2267 3361 fuisse
2314 3303 2504 3361 rudem
2550 3310 2603 3358 et
2638 3301 2991 3369 invisibilem,
3059 3317 3224 3372 quam
3270 3318 3393 3374 quae
3457 3311 3512 3359 et
3549 3303 3699 3361 facta

2104 3402 2160 3449 et
2193 3400 2408 3450 ostensa
2449 3400 2569 3459 est;
2602 3399 2759 3463 atque
2794 3390 2891 3458 ita,
2936 3396 3095 3447 terra
3131 3396 3327 3449 autem
3365 3395 3490 3448 erat
3536 3394 3700 3448 invi-

2105 3482 2284 3540 sibilis
2334 3485 2391 3540 et
2419 3481 2596 3547 rudis,
2639 3480 2709 3536 ad
2764 3494 2879 3536 eam
2917 3479 3147 3551 pertinet
3180 3496 3342 3553 quam
3387 3481 3533 3537 Deus
3574 3495 3704 3537 cum

2103 3573 2240 3629 coelo
2269 3570 2557 3643 separavit.

2673 3706 2899 3768 CAPUT
2935 3710 3123 3768 XXX.

2175 3839 2263 3897 Sic
2327 3847 2381 3897 et
2440 3836 2721 3912 sequentia
2773 3836 3139 3907 conjecturam
3188 3835 3541 3909 Hermogenis
3605 3836 3700 3892 in-

1778 3910 1984 3976 Varim
2011 3915 2319 3981 lectiones.

382 4031 397 4045 .
471 3986 522 4024 ⁵ο
553 3985 814 4042 Incultum
861 3987 988 4043 scil.
1048 3986 1306 4042 mundum
1353 3990 1491 4047 Jun.
1547 3990 1742 4047 minus
1781 3991 1935 4049 bene.
1968 3996 2016 4034 51
2065 3993 2338 4050 Materiam
2379 3989 2555 4047 Rhen.
2610 3988 2756 4046 male
2785 3987 2989 4045 edidit.
3054 3987 3105 4026 ⁵²
3142 3987 3473 4044 Monimento
3514 3987 3694 4047 Rhen.

402 4056 452 4134 ξς*
480 4056 813 4134 cavatiorem
853 4059 1047 4134 sinum
1089 4059 1275 4134 Rhen.
1308 4059 1356 4097 ⁵⁸·
1418 4060 1494 4134 In
1524 4063 1946 4134 congregatione
1996 4067 2172 4123 Rhen.
2206 4064 2255 4101 ⁵⁵
2276 4064 2393 4119 Jun
2437 4062 2570 4133 legit
2627 4075 2714 4134 eis
2744 4058 3014 4134 de_v_ortio.
3044 4058 3094 4097 55
3129 4059 3450 4134 (Fructiﬁcet
3506 4063 3697 4134 Paris.

402 4127 448 4211 δῖ
522 4131 630 4185 Vet.
664 4130 811 4211 cod._
852 4131 1424 4211 Wouw._i_nseritnec.
1449 4132 1500 4211 ⁵⁵
1525 4127 1703 4211 _I_the'n.
1731 4127 1936 4211 "Seml.
1967 4134 2443 4211 lignumfructum,
2486 4127 2547 4188 et
2576 4147 2641 4187 ex
2660 4130 2752 4211 illa
2792 4130 2970 4189 Rhen.
3007 4130 3342 4211 conﬁciebat
3398 4130 3528 4203 ligni
3576 4130 3697 4186 fru-

402 4206 564 4280 ctum.
596 4216 611 4257 :
645 4206 710 4280 at
740 4205 943 4280 __ﬁ_‘ran_.
1009 4206 1063 4257 et
1085 4203 1265 4280 tiaris.
1301 4202 1498 4280 legunt
1524 4203 1729 4280 ligan
1761 4201 2095 4280 fructuosiim
2124 4205 2326 4262 faciens
2354 4205 2619 4270 fructum;
2652 4205 2771 4275 Rig.
2838 4218 2965 4260 vero
3022 4201 3231 4275 lignum
3285 4201 3618 4259 fructuosum
3640 4212 3700 4258 et

401 4287 463 4326 ex
496 4271 618 4327 alia.
662 4272 710 4310 ⁵9
740 4273 836 4329 Hic
891 4277 1063 4330 Fran.
1096 4275 1282 4330 Paris.
1306 4271 1517 4332 Pamel.
1551 4271 1601 4315 50
1627 4276 1693 4332 Et
1714 4276 2053 4334 habitabilem
2082 4281 2267 4335 Latin.

1788 4346 2287 4415 Commentarius.

399 4422 670 4500 notandus
714 4424 971 4479 adversus
1024 4424 1324 4500 haereticos,
1372 4440 1510 4500 quos
1547 4426 1827 4500 _5piritales
1871 4431 1988 4500 qui-

395 4496 519 4551 dam
552 4505 877 4569 nuncupant,
909 4503 1000 4551 aut
1029 4496 1332 4569 exstaticos,
1365 4496 1454 4569 qui
1491 4497 1670 4563 etiam,
1706 4496 1987 4569 Scriptura

395 4573 724 4638 contempta,
757 4568 887 4623 solis
932 4567 1357 4625 revelationibus
1384 4567 1687 4624 nitendum
1734 4567 1928 4626 docent
1972 4590 1983 4627 :

394 4637 449 4691 in
480 4654 589 4710 quo
615 4637 746 4695 ’non
780 4639 1107 4695 credendum
1158 4638 1265 4693 illis
1314 4640 1472 4695 docet
1500 4640 1592 4696 hic
1647 4648 1852 4707 auctor,
1883 4644 1987 4700 nisi

399 4711 631 4779 probent
655 4709 709 4763 id
729 4726 759 4763 a
788 4711 899 4765 Deo
928 4712 1243 4765 revelatum.
1277 4711 1412 4765 PAM.

462 4781 573 4848 (63)
597 4782 877 4855 Depalans
903 4782 1308 4855 quodammodo
1357 4783 1658 4841 mundum.
1698 4784 1987 4855 Depalans,

394 4851 500 4905 hoc
545 4851 681 4915 est,
717 4851 1092 4916 manifestans.
1136 4853 1310 4921 palam
1361 4855 1672 4911 ostendens.
1716 4851 1987 4912 Adversus

398 4923 748 4995 Marcionem,
779 4922 875 4995 lib.
926 4940 977 4988 v,
1006 4923 1375 4995 ,Aspostolum
1416 4935 1565 4980 vacat
1619 4928 1988 4995 depalatorem

393 4992 693 5062 disciplinae
738 4993 952 5071 divinas,
1002 4994 1061 5071 id
1100 4992 1618 5071 est_enarr_atorem,
1669 4992 1985 5071 promulga-

394 5073 692 5190 iprirgque.
742 5066 879 5119 Nam
908 5065 1159 5137 depalare
1198 5066 1527 5125 Tertulliano
1564 5081 1647 5127 est
1673 5065 1982 5140 prapalare.

446 5151 480 5190 II
572 5176 585 5189 .

446 5151 585 5191 BEN.

461 5208 575 5276 (6b)
604 5207 813 5263 Dehinc
844 5211 1134 5265 exornatis
1163 5211 1322 5265 velut
1349 5210 1635 5268 dedicans.
1666 5209 1756 5265 Sic
1798 5211 1851 5265 in
1884 5210 1978 5265 lib.

390 5278 457 5354 de
491 5281 691 5354 Carnis
722 5294 940 5354 resurr.
963 5296 987 5354 _:
1026 5300 1052 5333 ι
1084 5283 1163 5354 De
1201 5283 1423 5354 materia
1455 5282 1636 5354 potius
1683 5282 1981 5352 subjacent,

391 5349 581 5422 inquit,
610 5351 794 5406 volunt
822 5351 889 5405 ab
919 5350 1012 5406 illo
1053 5349 1817 5421 univcrsitatem'dedicatamv;
1869 5371 1896 5403 ι
1930 5360 1984 5411 et

388 5421 443 5475 in
467 5421 570 5479 lib.
594 5423 660 5480 de
692 5423 872 5480 Carne
919 5423 1158 5489 Christi,
1190 5424 1381 5481 iterum
1421 5426 1487 5482 de
1539 5425 1737 5481 Carnis
1766 5438 1980 5483 resurr.

409 5494 553 5547 etlub.
588 5509 627 5557 ι,
659 5495 786 5549 adv.
822 5495 1177 5553 Marcionem.
1204 5496 1342 5552 Plut.

459 5563 576 5635 (65)
619 5567 721 5623 Sed
744 5566 1080 5625 inhabitari.
1111 5566 1197 5626 Ad
1229 5569 1451 5625 verbum
1482 5563 1639 5623 vertit
1665 5564 1799 5624 illud
1828 5564 1982 5625 Isaiae

2022 4449 2065 4528 ο
2099 4446 2232 4496 XLV,
2266 4427 2387 4480 ἀλλὰ
2424 4428 2765 4494 nuntiabat,
2802 4438 2897 4494 pro
2935 4428 3000 4481 ut
3038 4422 3479 4506 inhabitaretur.
3537 4426 3686 4482 PAM.

2173 4502 2284 4528 lcc\
2321 4500 2473 4528 n..A.'..
2507 4503 2675 4528 4--....
2698 4502 2949 4528 ηιηηιηρο
2979 4498 3076 4528 n...‘
3111 4496 3445 4528 ιιηιιοιηηιδη
3486 4513 3546 4528 ιη.
3592 4496 3686 4528 Vn,

2172 4502 2284 4573 (66)
2318 4500 2473 4573 Orbis
2505 4503 2675 4555 terra:
2694 4502 2747 4573 e_t_
2759 4511 2949 4573 omnes
2977 4498 3077 4567 qui
3107 4496 3371 4551 habitant
3384 4498 3449 4552 in
3482 4513 3568 4552 ea.
3592 4496 3699 4573 Ye-

2100 4566 2274 4647 ter'em’
2298 4570 2633 4647 Psalmorum
2654 4566 2956 4647 editionem
2977 4566 3168 4647 veram
3200 4581 3539 4647 esse,_quam
3568 4568 3696 4647 edi-

2095 4645 2175 4699 dit
2222 4645 2392 4698 Faber
2440 4642 2495 4695 in
2552 4637 2811 4694 Psalterio
2834 4636 3313 4709 quintupliciLjel
3358 4636 3482 4693 hinc
3522 4646 3692 4709 patet,

2097 4731 2322 4786 eamque
2369 4712 2437 4766 ad
2483 4710 2709 4786 verbum
2737 4725 2803 4764 ex
2837 4706 3027 4786 Graeca
3077 4706 3229 4763 LXX
3267 4708 3366 4786 ubi
3401 4706 3611 4786 _leg_i_tur
3643 4709 3697 4763 ἐν

2097 4778 2250 4859 αυτῇξ
2275 4793 2485 4859 etmox
2506 4781 2799 4859 utrobique
2818 4778 2980 4859 αυτὴχ
2999 4794 3100 4859 pro
3130 4794 3197 4835 eo
3225 4780 3371 4859 qunod
3392 4778 3692 4859 D.:Hiero-

2096 4851 2310 4928 nymus,
2337 4854 2389 4908 in
2424 4861 2652 4928 utraque
2680 4852 2810 4921 edit,
2834 4868 2903 4907 ex
2932 4852 3164 4928 ﬂebraea
3188 4858 3241 4905 et
3278 4851 3588 4928 Qhaldaica,
3629 4853 3697 4908 in

2095 4921 2176 4995 eo,
2226 4921 2441 4981 et'mox
2496 4921 2580 4978 bis
2616 4927 2680 4980 in
2735 4921 3053 4995 eum.,Sive
3090 4931 3267 4995 autem
3311 4922 3529 4995 legatur
3564 4940 3694 4980 cum

2093 4993 2439 5063 Tertulliano,
2460 4998 2605 5053 orbis
2645 5001 2834 5063 terrae,
2862 4994 2979 5051 sive
3011 5009 3131 5051 cum
3162 4993 3301 5058 aliis.
3335 4993 3483 5052 orbis
3520 4997 3677 5051 terra

2095 5088 2247 5137 rum,
2282 5067 2505 5140 perinde
2532 5074 2614 5122 est
2632 5109 2653 5140 ,Α
2689 5082 2812 5140 nam
2842 5065 3151 5140 unica_vox
3193 5063 3381 5121 Graeca
3430 5065 3695 5136 οἰκουμένη

2088 5136 2474 5216 adorti-nmque
2512 5137 2975 5216 estinditferens.
3008 5136 3192 5216 Pan.”
3282 5206 3334 5216 ω
3434 5206 3466 5216 η

2165 5213 2279 5281 (67)
2326 5206 2678 5267 Emieantior
2722 5212 2882 5280 facta
2935 5211 3021 5266 est
3064 5207 3247 5263 arida.
3279 5206 3400 5281 SicA
3434 5206 3575 5281 libro
3618 5206 3693 5264 de

2091 5277 2311 5347 Anima,
2342 5286 2409 5338 ut
2427 5277 2739 5355 probabiles
2769 5283 2975 5353 cuique
3001 5281 3335 5337 emicarent.
3365 5277 3613 5343 Ovidius,

2154 5404 2369 5456 Emicuit
2396 5417 2688 5468 summaque
2716 5402 2885 5453 locum
2907 5400 3006 5452 sibi
3036 5399 3152 5465 legit
3184 5400 3236 5451 in
3263 5414 3396 5453 arce.
3422 5398 3537 5451 RIc.

2162 5495 2277 5566 (68)
2309 5495 2415 5554 Sed
2433 5494 2733 5552 invisibilis
2755 5507 2933 5566 usque
2955 5495 3094 5548 tunc
3132 5490 3312 5547 videri
3341 5489 3691 5548 sustinebat.

2090 5563 2209 5629 Hoc
2232 5563 2335 5635 est,
2361 5567 2721 5638 exspectabat.
2753 5563 2876 5620 Ιὶιθ.
