  <div class='ocr_page' id='page_1' title='image "/cluster/home/n/w/nwhite01/storage/ocr_20150623/2/hvd.32044096580329/130.png"; bbox 0 0 4032 6152; ppageno 0'>
   <div class='ocr_carea' id='block_1_1' title="bbox 287 222 392 282">
    <p class='ocr_par' dir='ltr' id='par_1_1' title="bbox 287 222 392 282">
     <span class='ocr_line' id='line_1_1' title="bbox 287 222 392 282; baseline -0.019 0"><span class='ocrx_word' id='word_1_1' title='bbox 287 222 392 282; x_wconf 67' lang='grc'><strong>249</strong></span> 
     </span>
    </p>
   </div>
   <div class='ocr_carea' id='block_1_2' title="bbox 1475 216 2388 280">
    <p class='ocr_par' dir='ltr' id='par_1_2' title="bbox 1475 216 2388 280">
     <span class='ocr_line' id='line_1_2' title="bbox 1475 216 2388 280; baseline -0.002 -2"><span class='ocrx_word' id='word_1_2' title='bbox 1475 216 1669 278; x_wconf 82' lang='lat' dir='ltr'><strong>LIBER</strong></span> <span class='ocrx_word' id='word_1_3' title='bbox 1725 217 1881 278; x_wconf 79' lang='lat' dir='ltr'><strong>ADV.</strong></span> <span class='ocrx_word' id='word_1_4' title='bbox 1916 219 2388 280; x_wconf 82' lang='lat' dir='ltr'><strong>HERMOGENEM.</strong></span> 
     </span>
    </p>
   </div>
   <div class='ocr_carea' id='block_1_3' title="bbox 3473 223 3580 284">
    <p class='ocr_par' dir='ltr' id='par_1_3' title="bbox 3473 223 3580 284">
     <span class='ocr_line' id='line_1_3' title="bbox 3473 223 3580 284; baseline 0 0"><span class='ocrx_word' id='word_1_5' title='bbox 3473 223 3580 284; x_wconf 82' lang='lat'><strong>250</strong></span> 
     </span>
    </p>
   </div>
   <div class='ocr_carea' id='block_1_4' title="bbox 284 345 3575 440">
    <p class='ocr_par' dir='ltr' id='par_1_4' title="bbox 284 345 3575 440">
     <span class='ocr_line' id='line_1_4' title="bbox 284 345 3575 440; baseline 0.001 -36"><span class='ocrx_word' id='word_1_6' title='bbox 284 358 498 404; x_wconf 83' lang='lat' dir='ltr'><strong>struere</strong></span> <span class='ocrx_word' id='word_1_7' title='bbox 523 345 852 403; x_wconf 86' lang='lat' dir='ltr'><strong>videbuntur</strong></span> <span class='ocrx_word' id='word_1_8' title='bbox 884 360 900 400; x_wconf 88' lang='lat'><strong>:</strong></span> <span class='ocrx_word' id='word_1_9' title='bbox 934 348 1002 402; x_wconf 85' lang='lat' dir='ltr'><strong>Et</strong></span> <span class='ocrx_word' id='word_1_10' title='bbox 1031 345 1274 404; x_wconf 72' lang='lat' dir='ltr'><strong>tenebrae</strong></span> <span class='ocrx_word' id='word_1_11' title='bbox 1312 362 1480 419; x_wconf 80' lang='lat' dir='ltr'><strong>super</strong></span> <span class='ocrx_word' id='word_1_12' title='bbox 1506 345 1784 440; x_wconf 77' lang='lat' dir='ltr'><strong>abyssum,</strong></span> <span class='ocrx_word' id='word_1_13' title='bbox 1824 351 1882 440; x_wconf 80' lang='lat' dir='ltr'><strong>et</strong></span> <span class='ocrx_word' id='word_1_14' title='bbox 1909 361 1955 440; x_wconf 62' lang='grc' dir='ltr'><strong>Α</strong></span> <span class='ocrx_word' id='word_1_15' title='bbox 1981 355 2273 421; x_wconf 77' lang='lat' dir='ltr'><strong>suggestus</strong></span> <span class='ocrx_word' id='word_1_16' title='bbox 2300 361 2430 404; x_wconf 91' lang='lat' dir='ltr'><strong>suos</strong></span> <span class='ocrx_word' id='word_1_17' title='bbox 2459 346 2730 420; x_wconf 91' lang='lat' dir='ltr'><strong>proprios,</strong></span> <span class='ocrx_word' id='word_1_18' title='bbox 2771 347 2866 420; x_wconf 87' lang='lat' dir='ltr'><strong>qui</strong></span> <span class='ocrx_word' id='word_1_19' title='bbox 2893 349 2948 404; x_wconf 88' lang='lat' dir='ltr'><strong>in</strong></span> <span class='ocrx_word' id='word_1_20' title='bbox 2976 348 3109 419; x_wconf 89' lang='lat' dir='ltr'><strong>ipsis</strong></span> <span class='ocrx_word' id='word_1_21' title='bbox 3137 348 3370 406; x_wconf 90' lang='lat' dir='ltr'><strong>summis</strong></span> <span class='ocrx_word' id='word_1_22' title='bbox 3410 349 3575 406; x_wconf 86' lang='lat' dir='ltr'><strong>intel-</strong></span> 
     </span>
    </p>
   </div>
   <div class='ocr_carea' id='block_1_5' title="bbox 281 434 3574 512">
    <p class='ocr_par' dir='ltr' id='par_1_5' title="bbox 281 434 3574 512">
     <span class='ocr_line' id='line_1_5' title="bbox 281 434 3574 512; baseline 0 -17"><span class='ocrx_word' id='word_1_23' title='bbox 281 439 519 511; x_wconf 80' lang='lat' dir='ltr'><strong>spiritus</strong></span> <span class='ocrx_word' id='word_1_24' title='bbox 550 437 650 492; x_wconf 86' lang='lat' dir='ltr'><strong>Dei</strong></span> <span class='ocrx_word' id='word_1_25' title='bbox 664 449 1019 507; x_wconf 83' lang='lat' dir='ltr'><strong>superaquas</strong></span> <span class='ocrx_word' id='word_1_26' title='bbox 1047 436 1336 507; x_wconf 77' lang='lat' dir='ltr'><strong>ferebatur</strong></span> <span class='ocrx_word' id='word_1_27' title='bbox 1350 436 1516 505; x_wconf 89' lang='lat' dir='ltr'><strong>(Gen.</strong></span> <span class='ocrx_word' id='word_1_28' title='bbox 1543 449 1583 503; x_wconf 92' lang='grc' dir='ltr'><strong>ι,</strong></span> <span class='ocrx_word' id='word_1_29' title='bbox 1605 435 1659 504; x_wconf 84' lang='lat'><strong>2)</strong></span> <span class='ocrx_word' id='word_1_30' title='bbox 1687 452 1701 504; x_wconf 87' lang='lat'><strong>;</strong></span> <span class='ocrx_word' id='word_1_31' title='bbox 1727 434 1882 507; x_wconf 89' lang='lat' dir='ltr'><strong>quasi</strong></span> <span class='ocrx_word' id='word_1_32' title='bbox 1909 434 1955 440; x_wconf 81' lang='grc'><em>”</em></span> <span class='ocrx_word' id='word_1_33' title='bbox 1984 437 2082 512; x_wconf 79' lang='lat' dir='ltr'><strong>ligi</strong></span> <span class='ocrx_word' id='word_1_34' title='bbox 2113 437 2341 508; x_wconf 82' lang='lat' dir='ltr'><strong>possint.</strong></span> <span class='ocrx_word' id='word_1_35' title='bbox 2386 436 2688 510; x_wconf 76' lang='lat' dir='ltr'><strong>Suggestus</strong></span> <span class='ocrx_word' id='word_1_36' title='bbox 2735 447 2918 495; x_wconf 89' lang='lat' dir='ltr'><strong>autem</strong></span> <span class='ocrx_word' id='word_1_37' title='bbox 2947 439 3073 496; x_wconf 90' lang='lat' dir='ltr'><strong>coeli</strong></span> <span class='ocrx_word' id='word_1_38' title='bbox 3117 446 3174 496; x_wconf 88' lang='lat' dir='ltr'><strong>et</strong></span> <span class='ocrx_word' id='word_1_39' title='bbox 3203 446 3363 496; x_wconf 79' lang='lat' dir='ltr'><strong>terrae</strong></span> <span class='ocrx_word' id='word_1_40' title='bbox 3394 440 3574 512; x_wconf 89' lang='lat' dir='ltr'><strong>primo</strong></span> 
     </span>
    </p>
   </div>
   <div class='ocr_carea' id='block_1_6' title="bbox 279 523 1885 594">
    <p class='ocr_par' dir='ltr' id='par_1_6' title="bbox 279 523 1885 594">
     <span class='ocr_line' id='line_1_6' title="bbox 279 523 1885 594; baseline -0.002 -11"><span class='ocrx_word' id='word_1_41' title='bbox 279 536 333 583; x_wconf 89' lang='lat' dir='ltr'><strong>et</strong></span> <span class='ocrx_word' id='word_1_42' title='bbox 371 528 461 582; x_wconf 57' lang='lat' dir='ltr'><strong>hac</strong></span> <span class='ocrx_word' id='word_1_43' title='bbox 501 525 748 582; x_wconf 76' lang='lat' dir='ltr'><strong>confusae</strong></span> <span class='ocrx_word' id='word_1_44' title='bbox 775 523 1112 594; x_wconf 69' lang='lat' dir='ltr'><strong>substantiae,</strong></span> <span class='ocrx_word' id='word_1_45' title='bbox 1144 525 1391 582; x_wconf 89' lang='lat' dir='ltr'><strong>massalis</strong></span> <span class='ocrx_word' id='word_1_46' title='bbox 1427 524 1572 580; x_wconf 91' lang='lat' dir='ltr'><strong>illius</strong></span> <span class='ocrx_word' id='word_1_47' title='bbox 1609 523 1771 580; x_wconf 87' lang='lat' dir='ltr'><strong>molis</strong></span> <span class='ocrx_word' id='word_1_48' title='bbox 1797 539 1885 580; x_wconf 88' lang='lat' dir='ltr'><strong>ar-</strong></span> 
     </span>
    </p>
   </div>
   <div class='ocr_carea' id='block_1_7' title="bbox 277 613 1884 692">
    <p class='ocr_par' dir='ltr' id='par_1_7' title="bbox 277 613 1884 692">
     <span class='ocr_line' id='line_1_7' title="bbox 277 613 1884 692; baseline -0.001 -20"><span class='ocrx_word' id='word_1_49' title='bbox 277 624 537 692; x_wconf 71' lang='lat' dir='ltr'><strong>gumenta</strong></span> <span class='ocrx_word' id='word_1_50' title='bbox 603 615 948 686; x_wconf 76' lang='lat' dir='ltr'><strong>portendant.</strong></span> <span class='ocrx_word' id='word_1_51' title='bbox 998 614 1206 687; x_wconf 77' lang='lat' dir='ltr'><strong>Atquin</strong></span> <span class='ocrx_word' id='word_1_52' title='bbox 1273 613 1554 687; x_wconf 82' lang='lat' dir='ltr'><strong>sigillatim</strong></span> <span class='ocrx_word' id='word_1_53' title='bbox 1617 613 1884 671; x_wconf 83' lang='lat' dir='ltr'><strong>deﬁniens</strong></span> 
     </span>
    </p>
   </div>
   <div class='ocr_carea' id='block_1_8' title="bbox 279 703 1882 778">
    <p class='ocr_par' dir='ltr' id='par_1_8' title="bbox 279 703 1882 778">
     <span class='ocr_line' id='line_1_8' title="bbox 279 703 1882 778; baseline -0.002 -15"><span class='ocrx_word' id='word_1_54' title='bbox 279 707 561 772; x_wconf 74' lang='lat' dir='ltr'><strong>tenebras,</strong></span> <span class='ocrx_word' id='word_1_55' title='bbox 613 703 895 776; x_wconf 80' lang='lat' dir='ltr'><strong>abyssum,</strong></span> <span class='ocrx_word' id='word_1_56' title='bbox 929 703 1173 775; x_wconf 82' lang='lat' dir='ltr'><strong>spiritum</strong></span> <span class='ocrx_word' id='word_1_57' title='bbox 1204 703 1326 776; x_wconf 88' lang='lat' dir='ltr'><strong>Dei,</strong></span> <span class='ocrx_word' id='word_1_58' title='bbox 1373 719 1562 778; x_wconf 83' lang='lat' dir='ltr'><strong>aquas,</strong></span> <span class='ocrx_word' id='word_1_59' title='bbox 1594 703 1724 759; x_wconf 88' lang='lat' dir='ltr'><strong>nihil</strong></span> <span class='ocrx_word' id='word_1_60' title='bbox 1753 718 1882 760; x_wconf 91' lang='lat' dir='ltr'><strong>con-</strong></span> 
     </span>
    </p>
   </div>
   <div class='ocr_carea' id='block_1_9' title="bbox 267 792 1885 865">
    <p class='ocr_par' dir='ltr' id='par_1_9' title="bbox 267 792 1885 865">
     <span class='ocr_line' id='line_1_9' title="bbox 267 792 1885 865; baseline -0.001 -14"><span class='ocrx_word' id='word_1_61' title='bbox 267 795 473 865; x_wconf 84' lang='lat' dir='ltr'><strong>fusum,</strong></span> <span class='ocrx_word' id='word_1_62' title='bbox 514 808 622 850; x_wconf 90' lang='lat' dir='ltr'><strong>nec</strong></span> <span class='ocrx_word' id='word_1_63' title='bbox 672 794 727 851; x_wconf 91' lang='lat' dir='ltr'><strong>in</strong></span> <span class='ocrx_word' id='word_1_64' title='bbox 773 793 1093 850; x_wconf 86' lang='lat' dir='ltr'><strong>confusione</strong></span> <span class='ocrx_word' id='word_1_65' title='bbox 1146 793 1412 852; x_wconf 89' lang='lat' dir='ltr'><strong>incertum</strong></span> <span class='ocrx_word' id='word_1_66' title='bbox 1461 793 1716 849; x_wconf 63' lang='lat' dir='ltr'><strong>aestimari</strong></span> <span class='ocrx_word' id='word_1_67' title='bbox 1758 792 1885 850; x_wconf 86' lang='lat' dir='ltr'><strong>facit</strong></span> 
     </span>
    </p>
   </div>
   <div class='ocr_carea' id='block_1_10' title="bbox 277 881 1882 940">
    <p class='ocr_par' dir='ltr' id='par_1_10' title="bbox 277 881 1882 940">
     <span class='ocr_line' id='line_1_10' title="bbox 277 881 1882 940; baseline -0.002 0"><span class='ocrx_word' id='word_1_68' title='bbox 277 893 376 940; x_wconf 80' lang='lat' dir='ltr'><strong>tam</strong></span> <span class='ocrx_word' id='word_1_69' title='bbox 404 883 596 940; x_wconf 80' lang='lat' dir='ltr'><strong>divisa</strong></span> <span class='ocrx_word' id='word_1_70' title='bbox 616 883 661 922; x_wconf 75' lang='grc' dir='ltr'>δι</span> <span class='ocrx_word' id='word_1_71' title='bbox 694 882 888 939; x_wconf 85' lang='lat' dir='ltr'><strong>relatio</strong></span> <span class='ocrx_word' id='word_1_72' title='bbox 932 889 1204 940; x_wconf 89' lang='lat' dir='ltr'><strong>certorum</strong></span> <span class='ocrx_word' id='word_1_73' title='bbox 1245 891 1299 939; x_wconf 94' lang='lat' dir='ltr'><strong>et</strong></span> <span class='ocrx_word' id='word_1_74' title='bbox 1353 881 1724 940; x_wconf 88' lang='lat' dir='ltr'><strong>distinctorum</strong></span> <span class='ocrx_word' id='word_1_75' title='bbox 1771 881 1882 938; x_wconf 91' lang='lat' dir='ltr'><strong>ele-</strong></span> 
     </span>
    </p>
   </div>
   <div class='ocr_carea' id='block_1_11' title="bbox 273 971 1881 1044">
    <p class='ocr_par' dir='ltr' id='par_1_11' title="bbox 273 971 1881 1044">
     <span class='ocr_line' id='line_1_11' title="bbox 273 971 1881 1044; baseline -0.002 -14"><span class='ocrx_word' id='word_1_76' title='bbox 273 980 612 1030; x_wconf 83' lang='lat' dir='ltr'><strong>mentorum.</strong></span> <span class='ocrx_word' id='word_1_77' title='bbox 658 973 776 1028; x_wconf 87' lang='lat' dir='ltr'><strong>Hoc</strong></span> <span class='ocrx_word' id='word_1_78' title='bbox 815 971 1032 1044; x_wconf 87' lang='lat' dir='ltr'><strong>quidem</strong></span> <span class='ocrx_word' id='word_1_79' title='bbox 1080 972 1328 1044; x_wconf 83' lang='lat' dir='ltr'><strong>amplius,</strong></span> <span class='ocrx_word' id='word_1_80' title='bbox 1389 987 1511 1028; x_wconf 92' lang='lat' dir='ltr'><strong>cum</strong></span> <span class='ocrx_word' id='word_1_81' title='bbox 1560 972 1698 1028; x_wconf 91' lang='lat' dir='ltr'><strong>situs</strong></span> <span class='ocrx_word' id='word_1_82' title='bbox 1743 987 1881 1043; x_wconf 90' lang='lat' dir='ltr'><strong>pro-</strong></span> 
     </span>
    </p>
   </div>
   <div class='ocr_carea' id='block_1_12' title="bbox 269 1059 1881 1133">
    <p class='ocr_par' dir='ltr' id='par_1_12' title="bbox 269 1059 1881 1133">
     <span class='ocr_line' id='line_1_12' title="bbox 269 1059 1881 1133; baseline -0.002 -15"><span class='ocrx_word' id='word_1_83' title='bbox 269 1061 416 1133; x_wconf 73' lang='lat' dir='ltr'><strong>prios</strong></span> <span class='ocrx_word' id='word_1_84' title='bbox 446 1061 535 1117; x_wconf 89' lang='lat' dir='ltr'><strong>eis</strong></span> <span class='ocrx_word' id='word_1_85' title='bbox 563 1059 810 1126; x_wconf 74' lang='lat' dir='ltr'><strong>ascribit,</strong></span> <span class='ocrx_word' id='word_1_86' title='bbox 845 1059 1096 1116; x_wconf 85' lang='lat' dir='ltr'><strong>tenebras</strong></span> <span class='ocrx_word' id='word_1_87' title='bbox 1131 1075 1296 1131; x_wconf 89' lang='lat' dir='ltr'><strong>super</strong></span> <span class='ocrx_word' id='word_1_88' title='bbox 1322 1060 1600 1133; x_wconf 84' lang='lat' dir='ltr'><strong>abyssum,</strong></span> <span class='ocrx_word' id='word_1_89' title='bbox 1633 1060 1881 1132; x_wconf 88' lang='lat' dir='ltr'><strong>spiritum</strong></span> 
     </span>
    </p>
   </div>
   <div class='ocr_carea' id='block_1_13' title="bbox 265 1147 1877 1222">
    <p class='ocr_par' dir='ltr' id='par_1_13' title="bbox 265 1147 1877 1222">
     <span class='ocr_line' id='line_1_13' title="bbox 265 1147 1877 1222; baseline -0.001 -16"><span class='ocrx_word' id='word_1_90' title='bbox 265 1166 440 1222; x_wconf 82' lang='lat' dir='ltr'><strong>super</strong></span> <span class='ocrx_word' id='word_1_91' title='bbox 497 1164 691 1220; x_wconf 83' lang='lat' dir='ltr'><strong>aquas,</strong></span> <span class='ocrx_word' id='word_1_92' title='bbox 742 1147 958 1220; x_wconf 69' lang='lat' dir='ltr'><strong>negavit</strong></span> <span class='ocrx_word' id='word_1_93' title='bbox 1003 1147 1378 1204; x_wconf 87' lang='lat' dir='ltr'><strong>confusionem</strong></span> <span class='ocrx_word' id='word_1_94' title='bbox 1435 1148 1877 1219; x_wconf 87' lang='lat' dir='ltr'><strong>substantiarum,</strong></span> 
     </span>
    </p>
   </div>
   <div class='ocr_carea' id='block_1_14' title="bbox 262 1237 1884 1314">
    <p class='ocr_par' dir='ltr' id='par_1_14' title="bbox 262 1237 1884 1314">
     <span class='ocr_line' id='line_1_14' title="bbox 262 1237 1884 1314; baseline 0.001 -19"><span class='ocrx_word' id='word_1_95' title='bbox 262 1255 510 1314; x_wconf 82' lang='lat' dir='ltr'><strong>quarum</strong></span> <span class='ocrx_word' id='word_1_96' title='bbox 560 1237 984 1294; x_wconf 89' lang='lat' dir='ltr'><strong>demonstrando</strong></span> <span class='ocrx_word' id='word_1_97' title='bbox 1032 1237 1461 1310; x_wconf 88' lang='lat' dir='ltr'><strong>dispositionem,</strong></span> <span class='ocrx_word' id='word_1_98' title='bbox 1489 1239 1884 1296; x_wconf 86' lang='lat' dir='ltr'><strong>demonstravit</strong></span> 
     </span>
    </p>
   </div>
   <div class='ocr_carea' id='block_1_15' title="bbox 261 1327 1884 1400">
    <p class='ocr_par' dir='ltr' id='par_1_15' title="bbox 261 1327 1884 1400">
     <span class='ocr_line' id='line_1_15' title="bbox 261 1327 1884 1400; baseline -0.002 -13"><span class='ocrx_word' id='word_1_99' title='bbox 261 1333 434 1387; x_wconf 78' lang='lat' dir='ltr'><strong>etiam</strong></span> <span class='ocrx_word' id='word_1_100' title='bbox 467 1328 898 1397; x_wconf 86' lang='lat' dir='ltr'><strong>distinctionem,</strong></span> <span class='ocrx_word' id='word_1_101' title='bbox 934 1327 1300 1384; x_wconf 82' lang='lat' dir='ltr'><strong>Vanissimum</strong></span> <span class='ocrx_word' id='word_1_102' title='bbox 1329 1328 1380 1367; x_wconf 82' lang='grc'><strong>⁶²</strong></span> <span class='ocrx_word' id='word_1_103' title='bbox 1409 1328 1640 1400; x_wconf 87' lang='lat' dir='ltr'><strong>denique</strong></span> <span class='ocrx_word' id='word_1_104' title='bbox 1663 1330 1716 1398; x_wconf 90' lang='lat'><strong>(6</strong></span> <span class='ocrx_word' id='word_1_105' title='bbox 1728 1330 1799 1399; x_wconf 89' lang='lat'><strong>9),</strong></span> <span class='ocrx_word' id='word_1_106' title='bbox 1821 1336 1884 1384; x_wconf 89' lang='lat' dir='ltr'><strong>ut</strong></span> 
     </span>
    </p>
   </div>
   <div class='ocr_carea' id='block_1_16' title="bbox 260 1415 1881 1491">
    <p class='ocr_par' dir='ltr' id='par_1_16' title="bbox 260 1415 1881 1491">
     <span class='ocr_line' id='line_1_16' title="bbox 260 1415 1881 1491; baseline -0.002 -15"><span class='ocrx_word' id='word_1_107' title='bbox 260 1421 504 1476; x_wconf 75' lang='lat' dir='ltr'><strong>mataria</strong></span> <span class='ocrx_word' id='word_1_108' title='bbox 539 1434 667 1491; x_wconf 66' lang='lat' dir='ltr'><strong>quae</strong></span> <span class='ocrx_word' id='word_1_109' title='bbox 712 1416 963 1473; x_wconf 79' lang='lat' dir='ltr'><strong>informis</strong></span> <span class='ocrx_word' id='word_1_110' title='bbox 1001 1415 1172 1475; x_wconf 64' lang='lat'><strong>225</strong></span> <span class='ocrx_word' id='word_1_111' title='bbox 1203 1417 1495 1484; x_wconf 86' lang='lat' dir='ltr'><strong>inducitur,</strong></span> <span class='ocrx_word' id='word_1_112' title='bbox 1540 1418 1608 1472; x_wconf 93' lang='lat' dir='ltr'><strong>de</strong></span> <span class='ocrx_word' id='word_1_113' title='bbox 1658 1426 1737 1474; x_wconf 92' lang='lat' dir='ltr'><strong>tot</strong></span> <span class='ocrx_word' id='word_1_114' title='bbox 1778 1417 1881 1474; x_wconf 84' lang='lat' dir='ltr'><strong>for-</strong></span> 
     </span>
    </p>
   </div>
   <div class='ocr_carea' id='block_1_17' title="bbox 260 1503 1878 1572">
    <p class='ocr_par' dir='ltr' id='par_1_17' title="bbox 260 1503 1878 1572">
     <span class='ocr_line' id='line_1_17' title="bbox 260 1503 1878 1572; baseline -0.001 -8"><span class='ocrx_word' id='word_1_115' title='bbox 260 1524 490 1564; x_wconf 83' lang='lat' dir='ltr'><strong>marum</strong></span> <span class='ocrx_word' id='word_1_116' title='bbox 516 1506 806 1564; x_wconf 78' lang='lat' dir='ltr'><strong>vocabulis</strong></span> <span class='ocrx_word' id='word_1_117' title='bbox 856 1503 1102 1561; x_wconf 88' lang='lat' dir='ltr'><strong>informis</strong></span> <span class='ocrx_word' id='word_1_118' title='bbox 1158 1514 1518 1572; x_wconf 84' lang='lat' dir='ltr'><strong>asseveretur,</strong></span> <span class='ocrx_word' id='word_1_119' title='bbox 1579 1520 1687 1562; x_wconf 90' lang='lat' dir='ltr'><strong>non</strong></span> <span class='ocrx_word' id='word_1_120' title='bbox 1735 1506 1878 1563; x_wconf 89' lang='lat' dir='ltr'><strong>edito</strong></span> 
     </span>
    </p>
   </div>
   <div class='ocr_carea' id='block_1_18' title="bbox 261 1593 1877 1671">
    <p class='ocr_par' dir='ltr' id='par_1_18' title="bbox 261 1593 1877 1671">
     <span class='ocr_line' id='line_1_18' title="bbox 261 1593 1877 1671; baseline -0.003 -17"><span class='ocrx_word' id='word_1_121' title='bbox 261 1597 404 1671; x_wconf 82' lang='lat' dir='ltr'><strong>quid</strong></span> <span class='ocrx_word' id='word_1_122' title='bbox 432 1596 508 1652; x_wconf 88' lang='lat' dir='ltr'><strong>sit</strong></span> <span class='ocrx_word' id='word_1_123' title='bbox 534 1595 672 1652; x_wconf 88' lang='lat' dir='ltr'><strong>illud</strong></span> <span class='ocrx_word' id='word_1_124' title='bbox 729 1609 929 1666; x_wconf 87' lang='lat' dir='ltr'><strong>corpus</strong></span> <span class='ocrx_word' id='word_1_125' title='bbox 959 1593 1312 1662; x_wconf 82' lang='lat' dir='ltr'><strong>confusionis,</strong></span> <span class='ocrx_word' id='word_1_126' title='bbox 1342 1593 1487 1666; x_wconf 91' lang='lat' dir='ltr'><strong>quod</strong></span> <span class='ocrx_word' id='word_1_127' title='bbox 1512 1593 1731 1651; x_wconf 90' lang='lat' dir='ltr'><strong>unicum</strong></span> <span class='ocrx_word' id='word_1_128' title='bbox 1765 1593 1877 1650; x_wconf 89' lang='lat' dir='ltr'><strong>uti-</strong></span> 
     </span>
    </p>
   </div>
   <div class='ocr_carea' id='block_1_19' title="bbox 259 1682 1878 1758">
    <p class='ocr_par' dir='ltr' id='par_1_19' title="bbox 259 1682 1878 1758">
     <span class='ocr_line' id='line_1_19' title="bbox 259 1682 1878 1758; baseline -0.002 -15"><span class='ocrx_word' id='word_1_129' title='bbox 259 1702 378 1758; x_wconf 82' lang='lat' dir='ltr'><strong>que</strong></span> <span class='ocrx_word' id='word_1_130' title='bbox 423 1683 764 1743; x_wconf 88' lang='lat' dir='ltr'><strong>credendum</strong></span> <span class='ocrx_word' id='word_1_131' title='bbox 793 1689 893 1753; x_wconf 85' lang='lat' dir='ltr'><strong>est,</strong></span> <span class='ocrx_word' id='word_1_132' title='bbox 938 1683 985 1738; x_wconf 91' lang='lat' dir='ltr'><strong>si</strong></span> <span class='ocrx_word' id='word_1_133' title='bbox 1013 1682 1245 1740; x_wconf 85' lang='lat' dir='ltr'><strong>informe</strong></span> <span class='ocrx_word' id='word_1_134' title='bbox 1275 1691 1358 1740; x_wconf 90' lang='lat' dir='ltr'><strong>est</strong></span> <span class='ocrx_word' id='word_1_135' title='bbox 1388 1699 1402 1739; x_wconf 91' lang='lat'><strong>:</strong></span> <span class='ocrx_word' id='word_1_136' title='bbox 1435 1682 1707 1740; x_wconf 85' lang='lat' dir='ltr'><strong>uniforme</strong></span> <span class='ocrx_word' id='word_1_137' title='bbox 1759 1692 1878 1741; x_wconf 88' lang='lat' dir='ltr'><strong>ete—</strong></span> 
     </span>
    </p>
   </div>
   <div class='ocr_carea' id='block_1_20' title="bbox 263 1771 1876 1847">
    <p class='ocr_par' dir='ltr' id='par_1_20' title="bbox 263 1771 1876 1847">
     <span class='ocr_line' id='line_1_20' title="bbox 263 1771 1876 1847; baseline -0.002 -14"><span class='ocrx_word' id='word_1_138' title='bbox 263 1777 388 1833; x_wconf 87' lang='lat' dir='ltr'><strong>nim</strong></span> <span class='ocrx_word' id='word_1_139' title='bbox 431 1774 584 1847; x_wconf 89' lang='lat' dir='ltr'><strong>quod</strong></span> <span class='ocrx_word' id='word_1_140' title='bbox 616 1773 846 1829; x_wconf 87' lang='lat' dir='ltr'><strong>informe</strong></span> <span class='ocrx_word' id='word_1_141' title='bbox 873 1780 973 1830; x_wconf 87' lang='lat' dir='ltr'><strong>est.</strong></span> <span class='ocrx_word' id='word_1_142' title='bbox 1008 1771 1246 1828; x_wconf 89' lang='lat' dir='ltr'><strong>Informe</strong></span> <span class='ocrx_word' id='word_1_143' title='bbox 1275 1780 1474 1839; x_wconf 89' lang='lat' dir='ltr'><strong>autem,</strong></span> <span class='ocrx_word' id='word_1_144' title='bbox 1503 1772 1652 1844; x_wconf 92' lang='lat' dir='ltr'><strong>quod</strong></span> <span class='ocrx_word' id='word_1_145' title='bbox 1677 1789 1744 1830; x_wconf 80' lang='lat' dir='ltr'><strong>ex</strong></span> <span class='ocrx_word' id='word_1_146' title='bbox 1773 1789 1876 1830; x_wconf 87' lang='lat' dir='ltr'><strong>va-</strong></span> 
     </span>
    </p>
   </div>
   <div class='ocr_carea' id='block_1_21' title="bbox 1986 525 3574 600">
    <p class='ocr_par' dir='ltr' id='par_1_21' title="bbox 1986 525 3574 600">
     <span class='ocr_line' id='line_1_21' title="bbox 1986 525 3574 600; baseline 0.002 -18"><span class='ocrx_word' id='word_1_147' title='bbox 1986 534 2112 584; x_wconf 88' lang='lat' dir='ltr'><strong>tunc</strong></span> <span class='ocrx_word' id='word_1_148' title='bbox 2165 526 2366 582; x_wconf 87' lang='lat' dir='ltr'><strong>fuerint</strong></span> <span class='ocrx_word' id='word_1_149' title='bbox 2420 525 2674 595; x_wconf 68' lang='lat' dir='ltr'><strong>tenebrae,</strong></span> <span class='ocrx_word' id='word_1_150' title='bbox 2715 534 2769 582; x_wconf 94' lang='lat' dir='ltr'><strong>et</strong></span> <span class='ocrx_word' id='word_1_151' title='bbox 2822 526 3073 597; x_wconf 89' lang='lat' dir='ltr'><strong>abyssus,</strong></span> <span class='ocrx_word' id='word_1_152' title='bbox 3121 535 3176 582; x_wconf 89' lang='lat' dir='ltr'><strong>et</strong></span> <span class='ocrx_word' id='word_1_153' title='bbox 3229 529 3474 600; x_wconf 86' lang='lat' dir='ltr'><strong>spiritus,</strong></span> <span class='ocrx_word' id='word_1_154' title='bbox 3519 537 3574 585; x_wconf 92' lang='lat' dir='ltr'><strong>et</strong></span> 
     </span>
    </p>
   </div>
   <div class='ocr_carea' id='block_1_22' title="bbox 1986 614 3578 688">
    <p class='ocr_par' dir='ltr' id='par_1_22' title="bbox 1986 614 3578 688">
     <span class='ocr_line' id='line_1_22' title="bbox 1986 614 3578 688; baseline 0.002 -16"><span class='ocrx_word' id='word_1_155' title='bbox 1986 631 2164 686; x_wconf 72' lang='lat' dir='ltr'><strong>aquae.</strong></span> <span class='ocrx_word' id='word_1_156' title='bbox 2193 615 2331 670; x_wconf 91' lang='lat' dir='ltr'><strong>Nam</strong></span> <span class='ocrx_word' id='word_1_157' title='bbox 2375 622 2532 672; x_wconf 61' lang='lat' dir='ltr'><strong>terra;</strong></span> <span class='ocrx_word' id='word_1_158' title='bbox 2566 614 2781 688; x_wconf 86' lang='lat' dir='ltr'><strong>quidem</strong></span> <span class='ocrx_word' id='word_1_159' title='bbox 2811 617 3027 672; x_wconf 85' lang='lat' dir='ltr'><strong>suberat</strong></span> <span class='ocrx_word' id='word_1_160' title='bbox 3067 617 3299 688; x_wconf 85' lang='lat' dir='ltr'><strong>abyssus</strong></span> <span class='ocrx_word' id='word_1_161' title='bbox 3345 625 3399 674; x_wconf 90' lang='lat' dir='ltr'><strong>et</strong></span> <span class='ocrx_word' id='word_1_162' title='bbox 3428 626 3578 675; x_wconf 87' lang='lat' dir='ltr'><strong>tene-</strong></span> 
     </span>
    </p>
   </div>
   <div class='ocr_carea' id='block_1_23' title="bbox 1988 705 3576 777">
    <p class='ocr_par' dir='ltr' id='par_1_23' title="bbox 1988 705 3576 777">
     <span class='ocr_line' id='line_1_23' title="bbox 1988 705 3576 777; baseline 0.003 -15"><span class='ocrx_word' id='word_1_163' title='bbox 1988 707 2126 764; x_wconf 72' lang='lat' dir='ltr'><strong>brae.</strong></span> <span class='ocrx_word' id='word_1_164' title='bbox 2169 705 2228 762; x_wconf 88' lang='lat' dir='ltr'><strong>Si</strong></span> <span class='ocrx_word' id='word_1_165' title='bbox 2269 705 2414 762; x_wconf 90' lang='lat' dir='ltr'><strong>enim</strong></span> <span class='ocrx_word' id='word_1_166' title='bbox 2450 706 2677 777; x_wconf 79' lang='lat' dir='ltr'><strong>abyssus</strong></span> <span class='ocrx_word' id='word_1_167' title='bbox 2707 706 2849 763; x_wconf 88' lang='lat' dir='ltr'><strong>infra</strong></span> <span class='ocrx_word' id='word_1_168' title='bbox 2877 716 3090 776; x_wconf 89' lang='lat' dir='ltr'><strong>terram,</strong></span> <span class='ocrx_word' id='word_1_169' title='bbox 3123 708 3358 764; x_wconf 64' lang='lat' dir='ltr'><strong>tenebrm</strong></span> <span class='ocrx_word' id='word_1_170' title='bbox 3394 716 3576 767; x_wconf 89' lang='lat' dir='ltr'><strong>autem</strong></span> 
     </span>
    </p>
   </div>
   <div class='ocr_carea' id='block_1_24' title="bbox 1989 793 3576 868">
    <p class='ocr_par' dir='ltr' id='par_1_24' title="bbox 1989 793 3576 868">
     <span class='ocr_line' id='line_1_24' title="bbox 1989 793 3576 868; baseline 0 -15"><span class='ocrx_word' id='word_1_171' title='bbox 1989 811 2154 868; x_wconf 89' lang='lat' dir='ltr'><strong>super</strong></span> <span class='ocrx_word' id='word_1_172' title='bbox 2180 793 2453 865; x_wconf 85' lang='lat' dir='ltr'><strong>abyssum,</strong></span> <span class='ocrx_word' id='word_1_173' title='bbox 2485 795 2600 851; x_wconf 88' lang='lat' dir='ltr'><strong>sine</strong></span> <span class='ocrx_word' id='word_1_174' title='bbox 2617 795 2784 852; x_wconf 90' lang='lat' dir='ltr'><strong>dubio</strong></span> <span class='ocrx_word' id='word_1_175' title='bbox 2813 805 2868 853; x_wconf 92' lang='lat' dir='ltr'><strong>et</strong></span> <span class='ocrx_word' id='word_1_176' title='bbox 2898 797 3134 852; x_wconf 75' lang='lat' dir='ltr'><strong>tenebrae</strong></span> <span class='ocrx_word' id='word_1_177' title='bbox 3151 805 3204 852; x_wconf 89' lang='lat' dir='ltr'><strong>et</strong></span> <span class='ocrx_word' id='word_1_178' title='bbox 3232 797 3462 868; x_wconf 90' lang='lat' dir='ltr'><strong>abyssus</strong></span> <span class='ocrx_word' id='word_1_179' title='bbox 3489 798 3576 853; x_wconf 90' lang='lat' dir='ltr'><strong>in-</strong></span> 
     </span>
    </p>
   </div>
   <div class='ocr_carea' id='block_1_25' title="bbox 1988 884 3570 958">
    <p class='ocr_par' dir='ltr' id='par_1_25' title="bbox 1988 884 3570 958">
     <span class='ocr_line' id='line_1_25' title="bbox 1988 884 3570 958; baseline 0.003 -18"><span class='ocrx_word' id='word_1_180' title='bbox 1988 885 2073 940; x_wconf 87' lang='lat' dir='ltr'><strong>fra</strong></span> <span class='ocrx_word' id='word_1_181' title='bbox 2103 890 2314 940; x_wconf 88' lang='lat' dir='ltr'><strong>terram.</strong></span> <span class='ocrx_word' id='word_1_182' title='bbox 2337 884 2486 941; x_wconf 87' lang='lat' dir='ltr'><strong>Coelo</strong></span> <span class='ocrx_word' id='word_1_183' title='bbox 2515 900 2642 941; x_wconf 88' lang='lat' dir='ltr'><strong>vero</strong></span> <span class='ocrx_word' id='word_1_184' title='bbox 2671 885 2890 956; x_wconf 76' lang='lat' dir='ltr'><strong>Spiritus</strong></span> <span class='ocrx_word' id='word_1_185' title='bbox 2917 893 2971 941; x_wconf 91' lang='lat' dir='ltr'><strong>et</strong></span> <span class='ocrx_word' id='word_1_186' title='bbox 2999 902 3154 958; x_wconf 81' lang='lat' dir='ltr'><strong>aquae</strong></span> <span class='ocrx_word' id='word_1_187' title='bbox 3183 886 3570 957; x_wconf 86' lang='lat' dir='ltr'><strong>subjacebant:</strong></span> 
     </span>
    </p>
   </div>
   <div class='ocr_carea' id='block_1_26' title="bbox 1986 974 3574 1048">
    <p class='ocr_par' dir='ltr' id='par_1_26' title="bbox 1986 974 3574 1048">
     <span class='ocr_line' id='line_1_26' title="bbox 1986 974 3574 1048; baseline 0.001 -19"><span class='ocrx_word' id='word_1_188' title='bbox 1986 990 2111 1031; x_wconf 87' lang='lat' dir='ltr'><strong>nam</strong></span> <span class='ocrx_word' id='word_1_189' title='bbox 2141 974 2188 1029; x_wconf 92' lang='lat' dir='ltr'><strong>si</strong></span> <span class='ocrx_word' id='word_1_190' title='bbox 2226 989 2380 1046; x_wconf 64' lang='lat' dir='ltr'><strong>aquae</strong></span> <span class='ocrx_word' id='word_1_191' title='bbox 2408 989 2575 1046; x_wconf 89' lang='lat' dir='ltr'><strong>super</strong></span> <span class='ocrx_word' id='word_1_192' title='bbox 2619 983 2834 1041; x_wconf 87' lang='lat' dir='ltr'><strong>terram,</strong></span> <span class='ocrx_word' id='word_1_193' title='bbox 2866 992 2986 1047; x_wconf 71' lang='lat' dir='ltr'><strong>quae</strong></span> <span class='ocrx_word' id='word_1_194' title='bbox 3014 991 3133 1033; x_wconf 89' lang='lat' dir='ltr'><strong>eam</strong></span> <span class='ocrx_word' id='word_1_195' title='bbox 3163 983 3421 1043; x_wconf 84' lang='lat' dir='ltr'><strong>texerant,</strong></span> <span class='ocrx_word' id='word_1_196' title='bbox 3463 977 3574 1048; x_wconf 91' lang='lat' dir='ltr'><strong>spi-</strong></span> 
     </span>
    </p>
   </div>
   <div class='ocr_carea' id='block_1_27' title="bbox 1987 1063 3570 1138">
    <p class='ocr_par' dir='ltr' id='par_1_27' title="bbox 1987 1063 3570 1138">
     <span class='ocr_line' id='line_1_27' title="bbox 1987 1063 3570 1138; baseline 0.002 -19"><span class='ocrx_word' id='word_1_197' title='bbox 1987 1063 2122 1119; x_wconf 89' lang='lat' dir='ltr'><strong>ritus</strong></span> <span class='ocrx_word' id='word_1_198' title='bbox 2149 1070 2325 1120; x_wconf 87' lang='lat' dir='ltr'><strong>autem</strong></span> <span class='ocrx_word' id='word_1_199' title='bbox 2351 1079 2514 1134; x_wconf 89' lang='lat' dir='ltr'><strong>super</strong></span> <span class='ocrx_word' id='word_1_200' title='bbox 2557 1079 2744 1136; x_wconf 87' lang='lat' dir='ltr'><strong>aquas,</strong></span> <span class='ocrx_word' id='word_1_201' title='bbox 2778 1064 2978 1135; x_wconf 83' lang='lat' dir='ltr'><strong>pariter</strong></span> <span class='ocrx_word' id='word_1_202' title='bbox 3005 1076 3060 1121; x_wconf 91' lang='lat' dir='ltr'><strong>et</strong></span> <span class='ocrx_word' id='word_1_203' title='bbox 3086 1064 3305 1136; x_wconf 85' lang='lat' dir='ltr'><strong>spiritus</strong></span> <span class='ocrx_word' id='word_1_204' title='bbox 3333 1073 3386 1122; x_wconf 90' lang='lat' dir='ltr'><strong>et</strong></span> <span class='ocrx_word' id='word_1_205' title='bbox 3419 1082 3570 1138; x_wconf 82' lang='lat' dir='ltr'><strong>aquae</strong></span> 
     </span>
    </p>
   </div>
   <div class='ocr_carea' id='block_1_28' title="bbox 1986 1151 3579 1225">
    <p class='ocr_par' dir='ltr' id='par_1_28' title="bbox 1986 1151 3579 1225">
     <span class='ocr_line' id='line_1_28' title="bbox 1986 1151 3579 1225; baseline 0.001 -17"><span class='ocrx_word' id='word_1_206' title='bbox 1986 1168 2149 1225; x_wconf 83' lang='lat' dir='ltr'><strong>super</strong></span> <span class='ocrx_word' id='word_1_207' title='bbox 2178 1160 2394 1210; x_wconf 89' lang='lat' dir='ltr'><strong>terram.</strong></span> <span class='ocrx_word' id='word_1_208' title='bbox 2423 1151 2556 1222; x_wconf 68' lang='lat' dir='ltr'><strong>Quae</strong></span> <span class='ocrx_word' id='word_1_209' title='bbox 2583 1168 2712 1208; x_wconf 90' lang='lat' dir='ltr'><strong>vero</strong></span> <span class='ocrx_word' id='word_1_210' title='bbox 2742 1169 2906 1223; x_wconf 87' lang='lat' dir='ltr'><strong>super</strong></span> <span class='ocrx_word' id='word_1_211' title='bbox 2934 1161 3151 1218; x_wconf 79' lang='lat' dir='ltr'><strong>terram,</strong></span> <span class='ocrx_word' id='word_1_212' title='bbox 3180 1170 3243 1210; x_wconf 93' lang='lat' dir='ltr'><strong>ea</strong></span> <span class='ocrx_word' id='word_1_213' title='bbox 3285 1155 3467 1225; x_wconf 90' lang='lat' dir='ltr'><strong>utique</strong></span> <span class='ocrx_word' id='word_1_214' title='bbox 3498 1154 3579 1210; x_wconf 90' lang='lat' dir='ltr'><strong>in-</strong></span> 
     </span>
    </p>
   </div>
   <div class='ocr_carea' id='block_1_29' title="bbox 1988 1239 3579 1313">
    <p class='ocr_par' dir='ltr' id='par_1_29' title="bbox 1988 1239 3579 1313">
     <span class='ocr_line' id='line_1_29' title="bbox 1988 1239 3579 1313; baseline 0.002 -17"><span class='ocrx_word' id='word_1_215' title='bbox 1988 1240 2073 1296; x_wconf 89' lang='lat' dir='ltr'><strong>fra</strong></span> <span class='ocrx_word' id='word_1_216' title='bbox 2099 1239 2314 1298; x_wconf 78' lang='lat' dir='ltr'><strong>ccelum.</strong></span> <span class='ocrx_word' id='word_1_217' title='bbox 2345 1240 2417 1296; x_wconf 90' lang='lat' dir='ltr'><strong>Et</strong></span> <span class='ocrx_word' id='word_1_218' title='bbox 2458 1240 2598 1297; x_wconf 89' lang='lat' dir='ltr'><strong>sicut</strong></span> <span class='ocrx_word' id='word_1_219' title='bbox 2625 1250 2766 1297; x_wconf 89' lang='lat' dir='ltr'><strong>terra</strong></span> <span class='ocrx_word' id='word_1_220' title='bbox 2808 1242 3002 1313; x_wconf 86' lang='lat' dir='ltr'><strong>abysso</strong></span> <span class='ocrx_word' id='word_1_221' title='bbox 3030 1250 3083 1299; x_wconf 92' lang='lat' dir='ltr'><strong>et</strong></span> <span class='ocrx_word' id='word_1_222' title='bbox 3111 1243 3367 1308; x_wconf 87' lang='lat' dir='ltr'><strong>tenebris,</strong></span> <span class='ocrx_word' id='word_1_223' title='bbox 3403 1243 3480 1299; x_wconf 87' lang='lat' dir='ltr'><strong>ita</strong></span> <span class='ocrx_word' id='word_1_224' title='bbox 3525 1251 3579 1299; x_wconf 87' lang='lat' dir='ltr'><strong>et</strong></span> 
     </span>
    </p>
   </div>
   <div class='ocr_carea' id='block_1_30' title="bbox 1979 1329 3578 1402">
    <p class='ocr_par' dir='ltr' id='par_1_30' title="bbox 1979 1329 3578 1402">
     <span class='ocr_line' id='line_1_30' title="bbox 1979 1329 3578 1402; baseline 0 -16"><span class='ocrx_word' id='word_1_225' title='bbox 1979 1330 2180 1386; x_wconf 65' lang='lat' dir='ltr'><strong>coelum</strong></span> <span class='ocrx_word' id='word_1_226' title='bbox 2209 1329 2424 1400; x_wconf 87' lang='lat' dir='ltr'><strong>spiritui</strong></span> <span class='ocrx_word' id='word_1_227' title='bbox 2450 1338 2504 1386; x_wconf 90' lang='lat' dir='ltr'><strong>et</strong></span> <span class='ocrx_word' id='word_1_228' title='bbox 2531 1331 2690 1402; x_wconf 90' lang='lat' dir='ltr'><strong>aquis</strong></span> <span class='ocrx_word' id='word_1_229' title='bbox 2717 1329 3027 1399; x_wconf 89' lang='lat' dir='ltr'><strong>incubabat,</strong></span> <span class='ocrx_word' id='word_1_230' title='bbox 3060 1339 3114 1387; x_wconf 89' lang='lat' dir='ltr'><strong>et</strong></span> <span class='ocrx_word' id='word_1_231' title='bbox 3137 1331 3578 1402; x_wconf 84' lang='lat' dir='ltr'><strong>complecteban-</strong></span> 
     </span>
    </p>
   </div>
   <div class='ocr_carea' id='block_1_31' title="bbox 1987 1418 3576 1518">
    <p class='ocr_par' dir='ltr' id='par_1_31' title="bbox 1987 1418 3576 1518">
     <span class='ocr_line' id='line_1_31' title="bbox 1987 1418 3576 1518; baseline 0.002 -45"><span class='ocrx_word' id='word_1_232' title='bbox 1987 1425 2073 1474; x_wconf 89' lang='lat' dir='ltr'><strong>tur</strong></span> <span class='ocrx_word' id='word_1_233' title='bbox 2100 1418 2170 1473; x_wconf 75' lang='lat'><strong>69.</strong></span> <span class='ocrx_word' id='word_1_234' title='bbox 2201 1420 2272 1475; x_wconf 89' lang='lat' dir='ltr'><strong>Et</strong></span> <span class='ocrx_word' id='word_1_235' title='bbox 2297 1419 2371 1473; x_wconf 88' lang='lat' dir='ltr'><strong>ita</strong></span> <span class='ocrx_word' id='word_1_236' title='bbox 2401 1433 2596 1476; x_wconf 85' lang='lat' dir='ltr'><strong>novum</strong></span> <span class='ocrx_word' id='word_1_237' title='bbox 2625 1433 2735 1475; x_wconf 93' lang='lat' dir='ltr'><strong>non</strong></span> <span class='ocrx_word' id='word_1_238' title='bbox 2760 1426 2862 1490; x_wconf 85' lang='lat' dir='ltr'><strong>est,</strong></span> <span class='ocrx_word' id='word_1_239' title='bbox 2893 1419 3036 1518; x_wconf 45' lang='grc' dir='ltr'><strong>νη</strong></span> <span class='ocrx_word' id='word_1_240' title='bbox 3064 1419 3238 1476; x_wconf 88' lang='lat' dir='ltr'><strong>solum</strong></span> <span class='ocrx_word' id='word_1_241' title='bbox 3270 1420 3418 1491; x_wconf 88' lang='lat' dir='ltr'><strong>quod</strong></span> <span class='ocrx_word' id='word_1_242' title='bbox 3446 1436 3576 1477; x_wconf 86' lang='lat' dir='ltr'><strong>con-</strong></span> 
     </span>
    </p>
   </div>
   <div class='ocr_carea' id='block_1_32' title="bbox 1987 1505 3578 1576">
    <p class='ocr_par' dir='ltr' id='par_1_32' title="bbox 1987 1505 3578 1576">
     <span class='ocr_line' id='line_1_32' title="bbox 1987 1505 3578 1576; baseline 0.001 -13"><span class='ocrx_word' id='word_1_243' title='bbox 1987 1505 2122 1563; x_wconf 89' lang='lat' dir='ltr'><strong>tinet</strong></span> <span class='ocrx_word' id='word_1_244' title='bbox 2165 1506 2495 1574; x_wconf 91' lang='lat' dir='ltr'><strong>nominetur,</strong></span> <span class='ocrx_word' id='word_1_245' title='bbox 2544 1521 2653 1576; x_wconf 90' lang='lat' dir='ltr'><strong>qua</strong></span> <span class='ocrx_word' id='word_1_246' title='bbox 2693 1506 2957 1562; x_wconf 88' lang='lat' dir='ltr'><strong>summale</strong></span> <span class='ocrx_word' id='word_1_247' title='bbox 2994 1505 3020 1560; x_wconf 71' lang='grc' dir='ltr'>ἴ</span> <span class='ocrx_word' id='word_1_248' title='bbox 3054 1508 3109 1562; x_wconf 93' lang='lat' dir='ltr'><strong>in</strong></span> <span class='ocrx_word' id='word_1_249' title='bbox 3149 1507 3253 1563; x_wconf 89' lang='lat' dir='ltr'><strong>isto</strong></span> <span class='ocrx_word' id='word_1_250' title='bbox 3281 1515 3463 1564; x_wconf 90' lang='lat' dir='ltr'><strong>autem</strong></span> <span class='ocrx_word' id='word_1_251' title='bbox 3502 1509 3578 1564; x_wconf 91' lang='lat' dir='ltr'><strong>in-</strong></span> 
     </span>
    </p>
   </div>
   <div class='ocr_carea' id='block_1_33' title="bbox 1988 1591 3570 1667">
    <p class='ocr_par' dir='ltr' id='par_1_33' title="bbox 1988 1591 3570 1667">
     <span class='ocr_line' id='line_1_33' title="bbox 1988 1591 3570 1667; baseline 0.001 -17"><span class='ocrx_word' id='word_1_252' title='bbox 1988 1593 2254 1667; x_wconf 76' lang='lat' dir='ltr'><strong>telligatur</strong></span> <span class='ocrx_word' id='word_1_253' title='bbox 2282 1591 2458 1650; x_wconf 64' lang='lat'><strong>226</strong></span> <span class='ocrx_word' id='word_1_254' title='bbox 2484 1600 2535 1649; x_wconf 90' lang='lat' dir='ltr'><strong>et</strong></span> <span class='ocrx_word' id='word_1_255' title='bbox 2564 1592 2708 1664; x_wconf 90' lang='lat' dir='ltr'><strong>quod</strong></span> <span class='ocrx_word' id='word_1_256' title='bbox 2736 1593 3056 1662; x_wconf 87' lang='lat' dir='ltr'><strong>continetur,</strong></span> <span class='ocrx_word' id='word_1_257' title='bbox 3088 1608 3199 1666; x_wconf 88' lang='lat' dir='ltr'><strong>qua</strong></span> <span class='ocrx_word' id='word_1_258' title='bbox 3247 1594 3570 1666; x_wconf 89' lang='lat' dir='ltr'><strong>portionale.</strong></span> 
     </span>
    </p>
   </div>
   <div class='ocr_carea' id='block_1_34' title="bbox 1911 1643 3576 1751">
    <p class='ocr_par' dir='ltr' id='par_1_34' title="bbox 1911 1643 3576 1751">
     <span class='ocr_line' id='line_1_34' title="bbox 1989 1643 3570 1667; baseline -0.001 -14"><span class='ocrx_word' id='word_1_259' title='bbox 1989 1643 2244 1667; x_wconf 74' lang='grc'><strong>--..-,,----</strong></span> <span class='ocrx_word' id='word_1_260' title='bbox 2282 1643 2327 1650; x_wconf 63' lang='lat'><strong>.-</strong></span> <span class='ocrx_word' id='word_1_261' title='bbox 2358 1643 2450 1650; x_wconf 52' lang='grc' dir='ltr'><strong>τ-</strong></span> <span class='ocrx_word' id='word_1_262' title='bbox 2486 1643 2535 1649; x_wconf 70' lang='lat'><strong>--</strong></span> <span class='ocrx_word' id='word_1_263' title='bbox 2567 1643 2707 1664; x_wconf 54' lang='grc' dir='ltr'><strong><em>γη</em></strong></span> <span class='ocrx_word' id='word_1_264' title='bbox 2740 1643 3056 1662; x_wconf 49' lang='grc' dir='ltr'><strong>--π-ην,</strong></span> <span class='ocrx_word' id='word_1_265' title='bbox 3092 1643 3199 1666; x_wconf 56' lang='grc' dir='ltr'><strong>Ἰ-..</strong></span> <span class='ocrx_word' id='word_1_266' title='bbox 3249 1643 3570 1666; x_wconf 69' lang='lat'><strong>,-.---_---.</strong></span> 
     </span>
     <span class='ocr_line' id='line_1_35' title="bbox 1911 1643 3576 1751; baseline 0.001 -12"><span class='ocrx_word' id='word_1_267' title='bbox 1911 1643 1956 1726; x_wconf 68' lang='grc' dir='ltr'><strong><em>Β</em></strong></span> <span class='ocrx_word' id='word_1_268' title='bbox 1980 1684 2142 1751; x_wconf 82' lang='lat' dir='ltr'><strong>Ecce,</strong></span> <span class='ocrx_word' id='word_1_269' title='bbox 2173 1682 2219 1738; x_wconf 89' lang='lat' dir='ltr'><strong>si</strong></span> <span class='ocrx_word' id='word_1_270' title='bbox 2247 1681 2440 1746; x_wconf 89' lang='lat' dir='ltr'><strong>dicam,</strong></span> <span class='ocrx_word' id='word_1_271' title='bbox 2500 1681 2700 1738; x_wconf 85' lang='lat' dir='ltr'><strong>Civitas</strong></span> <span class='ocrx_word' id='word_1_272' title='bbox 2747 1682 3006 1738; x_wconf 81' lang='lat' dir='ltr'><strong>exstruxit</strong></span> <span class='ocrx_word' id='word_1_273' title='bbox 3049 1683 3320 1738; x_wconf 79' lang='lat' dir='ltr'><strong>theatrum</strong></span> <span class='ocrx_word' id='word_1_274' title='bbox 3369 1691 3424 1739; x_wconf 92' lang='lat' dir='ltr'><strong>et</strong></span> <span class='ocrx_word' id='word_1_275' title='bbox 3469 1682 3576 1740; x_wconf 89' lang='lat' dir='ltr'><strong>cir-</strong></span> 
     </span>
    </p>
   </div>
   <div class='ocr_carea' id='block_1_35' title="bbox 1985 1769 3577 1836">
    <p class='ocr_par' dir='ltr' id='par_1_35' title="bbox 1985 1769 3577 1836">
     <span class='ocr_line' id='line_1_36' title="bbox 1985 1769 3577 1836; baseline -0.003 -6"><span class='ocrx_word' id='word_1_276' title='bbox 1985 1787 2106 1830; x_wconf 88' lang='lat' dir='ltr'><strong>cum</strong></span> <span class='ocrx_word' id='word_1_277' title='bbox 2164 1790 2177 1826; x_wconf 87' lang='lat'>:</span> <span class='ocrx_word' id='word_1_278' title='bbox 2228 1786 2391 1828; x_wconf 87' lang='lat' dir='ltr'><strong>scena</strong></span> <span class='ocrx_word' id='word_1_279' title='bbox 2446 1777 2625 1825; x_wconf 88' lang='lat' dir='ltr'><strong>autem</strong></span> <span class='ocrx_word' id='word_1_280' title='bbox 2671 1777 2788 1825; x_wconf 87' lang='lat' dir='ltr'><strong>erat</strong></span> <span class='ocrx_word' id='word_1_281' title='bbox 2835 1769 2955 1827; x_wconf 86' lang='lat' dir='ltr'><strong>talis</strong></span> <span class='ocrx_word' id='word_1_282' title='bbox 2987 1777 3042 1826; x_wconf 88' lang='lat' dir='ltr'><strong>et</strong></span> <span class='ocrx_word' id='word_1_283' title='bbox 3097 1769 3241 1836; x_wconf 88' lang='lat' dir='ltr'><strong>talis,</strong></span> <span class='ocrx_word' id='word_1_284' title='bbox 3277 1777 3332 1826; x_wconf 90' lang='lat' dir='ltr'><strong>et</strong></span> <span class='ocrx_word' id='word_1_285' title='bbox 3385 1778 3577 1827; x_wconf 69' lang='lat' dir='ltr'><strong>statuae</strong></span> 
     </span>
    </p>
   </div>
   <div class='ocr_carea' id='block_1_36' title="bbox 261 1855 3572 1934">
    <p class='ocr_par' dir='ltr' id='par_1_36' title="bbox 261 1855 3572 1934">
     <span class='ocr_line' id='line_1_37' title="bbox 261 1855 3572 1934; baseline -0.003 -12"><span class='ocrx_word' id='word_1_286' title='bbox 261 1867 462 1922; x_wconf 80' lang='lat' dir='ltr'><strong>rietate</strong></span> <span class='ocrx_word' id='word_1_287' title='bbox 490 1863 789 1920; x_wconf 89' lang='lat' dir='ltr'><strong>confusum</strong></span> <span class='ocrx_word' id='word_1_288' title='bbox 819 1869 921 1934; x_wconf 89' lang='lat' dir='ltr'><strong>est,</strong></span> <span class='ocrx_word' id='word_1_289' title='bbox 951 1877 1111 1918; x_wconf 87' lang='lat' dir='ltr'><strong>unam</strong></span> <span class='ocrx_word' id='word_1_290' title='bbox 1157 1862 1356 1919; x_wconf 85' lang='lat' dir='ltr'><strong>habeat</strong></span> <span class='ocrx_word' id='word_1_291' title='bbox 1392 1877 1616 1920; x_wconf 90' lang='lat' dir='ltr'><strong>necesse</strong></span> <span class='ocrx_word' id='word_1_292' title='bbox 1642 1871 1722 1920; x_wconf 88' lang='lat' dir='ltr'><strong>est</strong></span> <span class='ocrx_word' id='word_1_293' title='bbox 1749 1877 1877 1934; x_wconf 86' lang='lat' dir='ltr'><strong>spe-</strong></span> <span class='ocrx_word' id='word_1_294' title='bbox 1985 1875 2151 1930; x_wconf 88' lang='lat' dir='ltr'><strong>super</strong></span> <span class='ocrx_word' id='word_1_295' title='bbox 2179 1857 2436 1929; x_wconf 83' lang='lat' dir='ltr'><strong>Euripum</strong></span> <span class='ocrx_word' id='word_1_296' title='bbox 2477 1857 2611 1928; x_wconf 88' lang='lat'><strong>(&#39;70),</strong></span> <span class='ocrx_word' id='word_1_297' title='bbox 2651 1865 2706 1913; x_wconf 90' lang='lat' dir='ltr'><strong>et</strong></span> <span class='ocrx_word' id='word_1_298' title='bbox 2737 1855 3011 1912; x_wconf 87' lang='lat' dir='ltr'><strong>obeliscus</strong></span> <span class='ocrx_word' id='word_1_299' title='bbox 3058 1871 3221 1927; x_wconf 87' lang='lat' dir='ltr'><strong>super</strong></span> <span class='ocrx_word' id='word_1_300' title='bbox 3249 1856 3430 1912; x_wconf 88' lang='lat' dir='ltr'><strong>omnia</strong></span> <span class='ocrx_word' id='word_1_301' title='bbox 3459 1860 3572 1928; x_wconf 83' lang='grc'><strong>(71)</strong></span> 
     </span>
    </p>
   </div>
   <div class='ocr_carea' id='block_1_37' title="bbox 262 1943 3578 2023">
    <p class='ocr_par' dir='ltr' id='par_1_37' title="bbox 262 1943 3578 2023">
     <span class='ocr_line' id='line_1_38' title="bbox 262 1943 3578 2023; baseline -0.003 -13"><span class='ocrx_word' id='word_1_302' title='bbox 262 1955 448 2021; x_wconf 82' lang='lat' dir='ltr'><strong>ciem;</strong></span> <span class='ocrx_word' id='word_1_303' title='bbox 481 1951 631 2023; x_wconf 90' lang='lat' dir='ltr'><strong>quod</strong></span> <span class='ocrx_word' id='word_1_304' title='bbox 682 1964 794 2007; x_wconf 90' lang='lat' dir='ltr'><strong>non</strong></span> <span class='ocrx_word' id='word_1_305' title='bbox 840 1950 1001 2006; x_wconf 86' lang='lat' dir='ltr'><strong>habet</strong></span> <span class='ocrx_word' id='word_1_306' title='bbox 1036 1950 1085 1989; x_wconf 77' lang='lat'><strong>53</strong></span> <span class='ocrx_word' id='word_1_307' title='bbox 1130 1949 1386 2022; x_wconf 89' lang='lat' dir='ltr'><strong>speciem,</strong></span> <span class='ocrx_word' id='word_1_308' title='bbox 1433 1949 1560 2005; x_wconf 89' lang='lat' dir='ltr'><strong>dum</strong></span> <span class='ocrx_word' id='word_1_309' title='bbox 1603 1967 1671 2006; x_wconf 87' lang='lat' dir='ltr'><strong>ex</strong></span> <span class='ocrx_word' id='word_1_310' title='bbox 1698 1951 1880 2007; x_wconf 89' lang='lat' dir='ltr'><strong>multis</strong></span> <span class='ocrx_word' id='word_1_311' title='bbox 1985 1947 2258 2004; x_wconf 89' lang='lat' dir='ltr'><strong>ferebatur</strong></span> <span class='ocrx_word' id='word_1_312' title='bbox 2291 1963 2303 2003; x_wconf 97' lang='lat'>:</span> <span class='ocrx_word' id='word_1_313' title='bbox 2335 1945 2466 2019; x_wconf 88' lang='lat' dir='ltr'><strong>quia</strong></span> <span class='ocrx_word' id='word_1_314' title='bbox 2501 1961 2610 2002; x_wconf 90' lang='lat' dir='ltr'><strong>non</strong></span> <span class='ocrx_word' id='word_1_315' title='bbox 2656 1959 2712 2002; x_wconf 88' lang='lat' dir='ltr'><strong>et</strong></span> <span class='ocrx_word' id='word_1_316' title='bbox 2753 1945 2853 2000; x_wconf 87' lang='lat' dir='ltr'><strong>has</strong></span> <span class='ocrx_word' id='word_1_317' title='bbox 2880 1944 3088 2016; x_wconf 89' lang='lat' dir='ltr'><strong>species</strong></span> <span class='ocrx_word' id='word_1_318' title='bbox 3115 1943 3373 2000; x_wconf 84' lang='lat' dir='ltr'><strong>edixerim</strong></span> <span class='ocrx_word' id='word_1_319' title='bbox 3402 1944 3578 2000; x_wconf 86' lang='lat' dir='ltr'><strong>factas</strong></span> 
     </span>
    </p>
   </div>
   <div class='ocr_carea' id='block_1_38' title="bbox 267 2033 3579 2112">
    <p class='ocr_par' dir='ltr' id='par_1_38' title="bbox 267 2033 3579 2112">
     <span class='ocr_line' id='line_1_39' title="bbox 267 2033 3579 2112; baseline -0.002 -14"><span class='ocrx_word' id='word_1_320' title='bbox 267 2059 438 2099; x_wconf 81' lang='lat' dir='ltr'><strong>unam</strong></span> <span class='ocrx_word' id='word_1_321' title='bbox 488 2041 658 2097; x_wconf 84' lang='lat' dir='ltr'><strong>habet</strong></span> <span class='ocrx_word' id='word_1_322' title='bbox 699 2039 959 2112; x_wconf 87' lang='lat' dir='ltr'><strong>speciem.</strong></span> <span class='ocrx_word' id='word_1_323' title='bbox 1008 2038 1296 2109; x_wconf 82' lang='lat' dir='ltr'><strong>Caeterum,</strong></span> <span class='ocrx_word' id='word_1_324' title='bbox 1328 2048 1420 2095; x_wconf 88' lang='lat' dir='ltr'><strong>aut</strong></span> <span class='ocrx_word' id='word_1_325' title='bbox 1448 2039 1680 2096; x_wconf 87' lang='lat' dir='ltr'><strong>habebat</strong></span> <span class='ocrx_word' id='word_1_326' title='bbox 1724 2040 1777 2095; x_wconf 91' lang='lat' dir='ltr'><strong>in</strong></span> <span class='ocrx_word' id='word_1_327' title='bbox 1820 2057 1877 2097; x_wconf 90' lang='lat' dir='ltr'><strong>se</strong></span> <span class='ocrx_word' id='word_1_328' title='bbox 1984 2054 2017 2094; x_wconf 87' lang='lat' dir='ltr'><strong>a</strong></span> <span class='ocrx_word' id='word_1_329' title='bbox 2045 2037 2279 2104; x_wconf 87' lang='lat' dir='ltr'><strong>civitate,</strong></span> <span class='ocrx_word' id='word_1_330' title='bbox 2329 2051 2438 2094; x_wconf 89' lang='lat' dir='ltr'><strong>non</strong></span> <span class='ocrx_word' id='word_1_331' title='bbox 2487 2042 2647 2094; x_wconf 87' lang='lat' dir='ltr'><strong>erunt</strong></span> <span class='ocrx_word' id='word_1_332' title='bbox 2683 2037 2753 2091; x_wconf 91' lang='lat' dir='ltr'><strong>ab</strong></span> <span class='ocrx_word' id='word_1_333' title='bbox 2780 2050 2842 2090; x_wconf 90' lang='lat' dir='ltr'><strong>ea</strong></span> <span class='ocrx_word' id='word_1_334' title='bbox 2885 2050 3006 2091; x_wconf 91' lang='lat' dir='ltr'><strong>cum</strong></span> <span class='ocrx_word' id='word_1_335' title='bbox 3056 2033 3200 2091; x_wconf 92' lang='lat' dir='ltr'><strong>circo</strong></span> <span class='ocrx_word' id='word_1_336' title='bbox 3243 2042 3298 2089; x_wconf 91' lang='lat' dir='ltr'><strong>et</strong></span> <span class='ocrx_word' id='word_1_337' title='bbox 3324 2034 3579 2090; x_wconf 78' lang='lat' dir='ltr'><strong>theatro?</strong></span> 
     </span>
    </p>
   </div>
   <div class='ocr_carea' id='block_1_39' title="bbox 267 2123 3579 2204">
    <p class='ocr_par' dir='ltr' id='par_1_39' title="bbox 267 2123 3579 2204">
     <span class='ocr_line' id='line_1_40' title="bbox 267 2123 3579 2204; baseline -0.003 -17"><span class='ocrx_word' id='word_1_338' title='bbox 267 2132 486 2204; x_wconf 80' lang='lat' dir='ltr'><strong>species</strong></span> <span class='ocrx_word' id='word_1_339' title='bbox 512 2131 653 2186; x_wconf 86' lang='lat' dir='ltr'><strong>istas</strong></span> <span class='ocrx_word' id='word_1_340' title='bbox 695 2128 944 2197; x_wconf 87' lang='lat' dir='ltr'><strong>materia,</strong></span> <span class='ocrx_word' id='word_1_341' title='bbox 976 2128 1044 2185; x_wconf 91' lang='lat' dir='ltr'><strong>de</strong></span> <span class='ocrx_word' id='word_1_342' title='bbox 1080 2145 1313 2201; x_wconf 88' lang='lat' dir='ltr'><strong>quarum</strong></span> <span class='ocrx_word' id='word_1_343' title='bbox 1361 2130 1635 2185; x_wconf 84' lang='lat' dir='ltr'><strong>vocabulis</strong></span> <span class='ocrx_word' id='word_1_344' title='bbox 1671 2129 1875 2188; x_wconf 90' lang='lat' dir='ltr'><strong>intelli-</strong></span> <span class='ocrx_word' id='word_1_345' title='bbox 1984 2142 2052 2184; x_wconf 87' lang='lat' dir='ltr'><strong>an</strong></span> <span class='ocrx_word' id='word_1_346' title='bbox 2081 2126 2202 2183; x_wconf 89' lang='lat' dir='ltr'><strong>ideo</strong></span> <span class='ocrx_word' id='word_1_347' title='bbox 2231 2142 2337 2182; x_wconf 89' lang='lat' dir='ltr'><strong>non</strong></span> <span class='ocrx_word' id='word_1_348' title='bbox 2369 2125 2548 2199; x_wconf 87' lang='lat' dir='ltr'><strong>adjeci</strong></span> <span class='ocrx_word' id='word_1_349' title='bbox 2579 2125 2744 2181; x_wconf 88' lang='lat' dir='ltr'><strong>factas</strong></span> <span class='ocrx_word' id='word_1_350' title='bbox 2791 2125 2889 2179; x_wconf 86' lang='lat' dir='ltr'><strong>has</strong></span> <span class='ocrx_word' id='word_1_351' title='bbox 2937 2138 3156 2196; x_wconf 88' lang='lat' dir='ltr'><strong>quoque</strong></span> <span class='ocrx_word' id='word_1_352' title='bbox 3186 2123 3416 2195; x_wconf 90' lang='lat' dir='ltr'><strong>species,</strong></span> <span class='ocrx_word' id='word_1_353' title='bbox 3449 2123 3579 2195; x_wconf 88' lang='lat' dir='ltr'><strong>quia</strong></span> 
     </span>
    </p>
   </div>
   <div class='ocr_carea' id='block_1_40' title="bbox 269 2211 3577 2296">
    <p class='ocr_par' dir='ltr' id='par_1_40' title="bbox 269 2211 3577 2296">
     <span class='ocr_line' id='line_1_41' title="bbox 269 2211 3577 2296; baseline -0.002 -19"><span class='ocrx_word' id='word_1_354' title='bbox 269 2223 446 2296; x_wconf 78' lang='lat' dir='ltr'><strong>genda</strong></span> <span class='ocrx_word' id='word_1_355' title='bbox 475 2230 632 2276; x_wconf 83' lang='lat' dir='ltr'><strong>esset</strong></span> <span class='ocrx_word' id='word_1_356' title='bbox 657 2219 726 2285; x_wconf 70' lang='lat'><strong>5&quot;,</strong></span> <span class='ocrx_word' id='word_1_357' title='bbox 763 2219 1017 2274; x_wconf 90' lang='lat' dir='ltr'><strong>tenebras</strong></span> <span class='ocrx_word' id='word_1_358' title='bbox 1053 2218 1198 2284; x_wconf 87' lang='lat' dir='ltr'><strong>dico,</strong></span> <span class='ocrx_word' id='word_1_359' title='bbox 1231 2226 1283 2274; x_wconf 89' lang='lat' dir='ltr'><strong>et</strong></span> <span class='ocrx_word' id='word_1_360' title='bbox 1313 2219 1595 2290; x_wconf 88' lang='lat' dir='ltr'><strong>abyssum,</strong></span> <span class='ocrx_word' id='word_1_361' title='bbox 1627 2227 1680 2276; x_wconf 87' lang='lat' dir='ltr'><strong>ct</strong></span> <span class='ocrx_word' id='word_1_362' title='bbox 1708 2221 1874 2292; x_wconf 86' lang='lat' dir='ltr'><strong>spiri-</strong></span> <span class='ocrx_word' id='word_1_363' title='bbox 1978 2218 2195 2274; x_wconf 90' lang='lat' dir='ltr'><strong>inerant</strong></span> <span class='ocrx_word' id='word_1_364' title='bbox 2241 2216 2320 2273; x_wconf 91' lang='lat' dir='ltr'><strong>eis</strong></span> <span class='ocrx_word' id='word_1_365' title='bbox 2351 2231 2471 2288; x_wconf 82' lang='lat' dir='ltr'><strong>quae</strong></span> <span class='ocrx_word' id='word_1_366' title='bbox 2518 2214 2656 2271; x_wconf 88' lang='lat' dir='ltr'><strong>facta</strong></span> <span class='ocrx_word' id='word_1_367' title='bbox 2685 2213 3060 2286; x_wconf 75' lang='lat' dir='ltr'><strong>prtedixeram,</strong></span> <span class='ocrx_word' id='word_1_368' title='bbox 3091 2222 3150 2269; x_wconf 89' lang='lat' dir='ltr'><strong>et-</strong></span> <span class='ocrx_word' id='word_1_369' title='bbox 3173 2211 3352 2269; x_wconf 85' lang='lat' dir='ltr'><strong>inesse</strong></span> <span class='ocrx_word' id='word_1_370' title='bbox 3381 2211 3577 2284; x_wconf 90' lang='lat' dir='ltr'><strong>quibus</strong></span> 
     </span>
    </p>
   </div>
   <div class='ocr_carea' id='block_1_41' title="bbox 271 2306 1873 2381">
    <p class='ocr_par' dir='ltr' id='par_1_41' title="bbox 271 2306 1873 2381">
     <span class='ocr_line' id='line_1_42' title="bbox 271 2306 1873 2381; baseline -0.001 -15"><span class='ocrx_word' id='word_1_371' title='bbox 271 2321 398 2376; x_wconf 87' lang='lat' dir='ltr'><strong>tum,</strong></span> <span class='ocrx_word' id='word_1_372' title='bbox 431 2318 488 2366; x_wconf 88' lang='lat' dir='ltr'><strong>et</strong></span> <span class='ocrx_word' id='word_1_373' title='bbox 515 2325 714 2381; x_wconf 87' lang='lat' dir='ltr'><strong>aquas,</strong></span> <span class='ocrx_word' id='word_1_374' title='bbox 747 2317 841 2363; x_wconf 91' lang='lat' dir='ltr'><strong>aut</strong></span> <span class='ocrx_word' id='word_1_375' title='bbox 867 2321 977 2364; x_wconf 90' lang='lat' dir='ltr'><strong>non</strong></span> <span class='ocrx_word' id='word_1_376' title='bbox 998 2306 1250 2364; x_wconf 89' lang='lat' dir='ltr'><strong>habebat.</strong></span> <span class='ocrx_word' id='word_1_377' title='bbox 1280 2307 1336 2364; x_wconf 91' lang='lat' dir='ltr'><strong>Si</strong></span> <span class='ocrx_word' id='word_1_378' title='bbox 1368 2309 1514 2365; x_wconf 89' lang='lat' dir='ltr'><strong>enim</strong></span> <span class='ocrx_word' id='word_1_379' title='bbox 1542 2309 1593 2348; x_wconf 77' lang='grc'><strong>6⁵</strong></span> <span class='ocrx_word' id='word_1_380' title='bbox 1622 2308 1873 2377; x_wconf 90' lang='lat' dir='ltr'><strong>habebat,</strong></span> 
     </span>
    </p>
   </div>
   <div class='ocr_carea' id='block_1_42' title="bbox 272 2396 999 2474">
    <p class='ocr_par' dir='ltr' id='par_1_42' title="bbox 272 2396 999 2474">
     <span class='ocr_line' id='line_1_43' title="bbox 272 2396 999 2474; baseline -0.01 -17"><span class='ocrx_word' id='word_1_381' title='bbox 272 2400 548 2472; x_wconf 83' lang='lat' dir='ltr'><strong>quomodo</strong></span> <span class='ocrx_word' id='word_1_382' title='bbox 579 2397 899 2474; x_wconf 72' lang='lat' dir='ltr'><strong>agnoscitur</strong></span> <span class='ocrx_word' id='word_1_383' title='bbox 928 2396 999 2451; x_wconf 70' lang='grc' dir='ltr'><strong>σε.</strong></span> 
     </span>
    </p>
   </div>
   <div class='ocr_carea' id='block_1_43' title="bbox 839 2537 1318 2598">
    <p class='ocr_par' dir='ltr' id='par_1_43' title="bbox 839 2537 1318 2598">
     <span class='ocr_line' id='line_1_44' title="bbox 839 2537 1318 2598; baseline 0.004 -2"><span class='ocrx_word' id='word_1_384' title='bbox 839 2538 1070 2596; x_wconf 83' lang='lat' dir='ltr'><strong>CAPUT</strong></span> <span class='ocrx_word' id='word_1_385' title='bbox 1107 2537 1318 2598; x_wconf 85' lang='lat' dir='ltr'><strong>XXXI.</strong></span> 
     </span>
    </p>
   </div>
   <div class='ocr_carea' id='block_1_44' title="bbox 333 2663 1880 2737">
    <p class='ocr_par' dir='ltr' id='par_1_44' title="bbox 333 2663 1880 2737">
     <span class='ocr_line' id='line_1_45' title="bbox 333 2663 1880 2737; baseline -0.001 -14"><span class='ocrx_word' id='word_1_386' title='bbox 333 2667 443 2723; x_wconf 90' lang='lat' dir='ltr'><strong>Sed</strong></span> <span class='ocrx_word' id='word_1_387' title='bbox 483 2674 541 2722; x_wconf 90' lang='lat' dir='ltr'><strong>et</strong></span> <span class='ocrx_word' id='word_1_388' title='bbox 597 2663 740 2720; x_wconf 89' lang='lat' dir='ltr'><strong>illud</strong></span> <span class='ocrx_word' id='word_1_389' title='bbox 785 2663 972 2736; x_wconf 88' lang='lat' dir='ltr'><strong>utique</strong></span> <span class='ocrx_word' id='word_1_390' title='bbox 1001 2664 1306 2737; x_wconf 87' lang='lat' dir='ltr'><strong>captabitur</strong></span> <span class='ocrx_word' id='word_1_391' title='bbox 1345 2681 1358 2723; x_wconf 94' lang='lat'>:</span> <span class='ocrx_word' id='word_1_392' title='bbox 1394 2665 1462 2722; x_wconf 88' lang='lat' dir='ltr'><strong>de</strong></span> <span class='ocrx_word' id='word_1_393' title='bbox 1491 2664 1630 2722; x_wconf 89' lang='lat' dir='ltr'><strong>coelo</strong></span> <span class='ocrx_word' id='word_1_394' title='bbox 1661 2666 1778 2722; x_wconf 91' lang='lat' dir='ltr'><strong>solo</strong></span> <span class='ocrx_word' id='word_1_395' title='bbox 1823 2674 1880 2722; x_wconf 89' lang='lat' dir='ltr'><strong>et</strong></span> 
     </span>
    </p>
   </div>
   <div class='ocr_carea' id='block_1_45' title="bbox 277 2751 1873 2827">
    <p class='ocr_par' dir='ltr' id='par_1_45' title="bbox 277 2751 1873 2827">
     <span class='ocr_line' id='line_1_46' title="bbox 277 2751 1873 2827; baseline 0 -19"><span class='ocrx_word' id='word_1_396' title='bbox 277 2755 336 2813; x_wconf 85' lang='lat' dir='ltr'><strong>de</strong></span> <span class='ocrx_word' id='word_1_397' title='bbox 364 2766 516 2812; x_wconf 84' lang='lat' dir='ltr'><strong>terra</strong></span> <span class='ocrx_word' id='word_1_398' title='bbox 566 2754 676 2810; x_wconf 89' lang='lat' dir='ltr'><strong>ista</strong></span> <span class='ocrx_word' id='word_1_399' title='bbox 703 2752 1037 2823; x_wconf 89' lang='lat' dir='ltr'><strong>Scripturam</strong></span> <span class='ocrx_word' id='word_1_400' title='bbox 1082 2751 1133 2791; x_wconf 74' lang='grc' dir='ltr'><strong>δ”</strong></span> <span class='ocrx_word' id='word_1_401' title='bbox 1180 2751 1540 2827; x_wconf 76' lang='lat' dir='ltr'><strong>significasse,</strong></span> <span class='ocrx_word' id='word_1_402' title='bbox 1577 2753 1726 2825; x_wconf 90' lang='lat' dir='ltr'><strong>quod</strong></span> <span class='ocrx_word' id='word_1_403' title='bbox 1755 2769 1873 2810; x_wconf 89' lang='lat' dir='ltr'><strong>eam</strong></span> 
     </span>
    </p>
   </div>
   <div class='ocr_carea' id='block_1_46' title="bbox 279 2841 1876 2916">
    <p class='ocr_par' dir='ltr' id='par_1_46' title="bbox 279 2841 1876 2916">
     <span class='ocr_line' id='line_1_47' title="bbox 279 2841 1876 2916; baseline 0 -18"><span class='ocrx_word' id='word_1_404' title='bbox 279 2844 328 2899; x_wconf 87' lang='lat' dir='ltr'><strong>in</strong></span> <span class='ocrx_word' id='word_1_405' title='bbox 350 2843 632 2916; x_wconf 86' lang='lat' dir='ltr'><strong>principio</strong></span> <span class='ocrx_word' id='word_1_406' title='bbox 661 2843 808 2898; x_wconf 87' lang='lat' dir='ltr'><strong>Deus</strong></span> <span class='ocrx_word' id='word_1_407' title='bbox 836 2841 1040 2907; x_wconf 89' lang='lat' dir='ltr'><strong>fecerit,</strong></span> <span class='ocrx_word' id='word_1_408' title='bbox 1063 2841 1132 2898; x_wconf 93' lang='lat' dir='ltr'><strong>de</strong></span> <span class='ocrx_word' id='word_1_409' title='bbox 1159 2841 1450 2913; x_wconf 90' lang='lat' dir='ltr'><strong>speciebus</strong></span> <span class='ocrx_word' id='word_1_410' title='bbox 1477 2849 1656 2900; x_wconf 82' lang='lat' dir='ltr'><strong>autem</strong></span> <span class='ocrx_word' id='word_1_411' title='bbox 1683 2858 1876 2914; x_wconf 91' lang='lat' dir='ltr'><strong>supra-</strong></span> 
     </span>
    </p>
   </div>
   <div class='ocr_carea' id='block_1_47' title="bbox 1983 2301 3579 2377">
    <p class='ocr_par' dir='ltr' id='par_1_47' title="bbox 1983 2301 3579 2377">
     <span class='ocr_line' id='line_1_48' title="bbox 1983 2301 3579 2377; baseline -0.002 -16"><span class='ocrx_word' id='word_1_412' title='bbox 1983 2305 2212 2373; x_wconf 87' lang='lat' dir='ltr'><strong>inerant,</strong></span> <span class='ocrx_word' id='word_1_413' title='bbox 2269 2303 2496 2377; x_wconf 80' lang='lat' dir='ltr'><strong>intelligi</strong></span> <span class='ocrx_word' id='word_1_414' title='bbox 2550 2303 2844 2375; x_wconf 84' lang='lat' dir='ltr'><strong>poterant?</strong></span> <span class='ocrx_word' id='word_1_415' title='bbox 2901 2301 3007 2358; x_wconf 87' lang='lat' dir='ltr'><strong>Sed</strong></span> <span class='ocrx_word' id='word_1_416' title='bbox 3055 2308 3214 2357; x_wconf 88' lang='lat' dir='ltr'><strong>vacet</strong></span> <span class='ocrx_word' id='word_1_417' title='bbox 3271 2302 3376 2358; x_wconf 92' lang='lat' dir='ltr'><strong>hoc</strong></span> <span class='ocrx_word' id='word_1_418' title='bbox 3405 2317 3579 2358; x_wconf 86' lang='lat' dir='ltr'><strong>exem-</strong></span> 
     </span>
    </p>
   </div>
   <div class='ocr_carea' id='block_1_48' title="bbox 1985 2389 3576 2465">
    <p class='ocr_par' dir='ltr' id='par_1_48' title="bbox 1985 2389 3576 2465">
     <span class='ocr_line' id='line_1_49' title="bbox 1985 2389 3576 2465; baseline -0.001 -17"><span class='ocrx_word' id='word_1_419' title='bbox 1985 2392 2158 2465; x_wconf 85' lang='lat' dir='ltr'><strong>plum,</strong></span> <span class='ocrx_word' id='word_1_420' title='bbox 2187 2401 2246 2449; x_wconf 93' lang='lat' dir='ltr'><strong>ut</strong></span> <span class='ocrx_word' id='word_1_421' title='bbox 2272 2393 2597 2463; x_wconf 86' lang='lat' dir='ltr'><strong>humanum;</strong></span> <span class='ocrx_word' id='word_1_422' title='bbox 2629 2391 2772 2447; x_wconf 88' lang='lat' dir='ltr'><strong>aliud</strong></span> <span class='ocrx_word' id='word_1_423' title='bbox 2825 2390 2891 2445; x_wconf 87' lang='lat' dir='ltr'><strong>de</strong></span> <span class='ocrx_word' id='word_1_424' title='bbox 2920 2389 3240 2446; x_wconf 87' lang='lat' dir='ltr'><strong>auctoritate</strong></span> <span class='ocrx_word' id='word_1_425' title='bbox 3282 2389 3576 2462; x_wconf 66' lang='lat' dir='ltr'><strong>Scripturaa</strong></span> 
     </span>
    </p>
   </div>
   <div class='ocr_carea' id='block_1_49' title="bbox 1985 2478 3584 2555">
    <p class='ocr_par' dir='ltr' id='par_1_49' title="bbox 1985 2478 3584 2555">
     <span class='ocr_line' id='line_1_50' title="bbox 1985 2478 3584 2555; baseline 0 -17"><span class='ocrx_word' id='word_1_426' title='bbox 1985 2482 2156 2555; x_wconf 88' lang='lat' dir='ltr'><strong>ipsius</strong></span> <span class='ocrx_word' id='word_1_427' title='bbox 2203 2483 2458 2553; x_wconf 88' lang='lat' dir='ltr'><strong>arripiam</strong></span> <span class='ocrx_word' id='word_1_428' title='bbox 2509 2497 2522 2539; x_wconf 92' lang='lat'><strong>:</strong></span> <span class='ocrx_word' id='word_1_429' title='bbox 2557 2482 2752 2547; x_wconf 78' lang='lat' dir='ltr'><strong>Fecit,</strong></span> <span class='ocrx_word' id='word_1_430' title='bbox 2778 2479 2981 2553; x_wconf 87' lang='lat' dir='ltr'><strong>inquit,</strong></span> <span class='ocrx_word' id='word_1_431' title='bbox 3015 2481 3162 2536; x_wconf 85' lang='lat' dir='ltr'><strong>Deus</strong></span> <span class='ocrx_word' id='word_1_432' title='bbox 3202 2478 3488 2538; x_wconf 75' lang='lat' dir='ltr'><strong>hominem</strong></span> <span class='ocrx_word' id='word_1_433' title='bbox 3517 2481 3584 2538; x_wconf 88' lang='lat' dir='ltr'><strong>de</strong></span> 
     </span>
    </p>
   </div>
   <div class='ocr_carea' id='block_1_50' title="bbox 1987 2571 3581 2646">
    <p class='ocr_par' dir='ltr' id='par_1_50' title="bbox 1987 2571 3581 2646">
     <span class='ocr_line' id='line_1_51' title="bbox 1987 2571 3581 2646; baseline -0.003 -16"><span class='ocrx_word' id='word_1_434' title='bbox 1987 2579 2162 2645; x_wconf 87' lang='lat' dir='ltr'><strong>terra,</strong></span> <span class='ocrx_word' id='word_1_435' title='bbox 2175 2578 2230 2630; x_wconf 89' lang='lat' dir='ltr'><strong>et</strong></span> <span class='ocrx_word' id='word_1_436' title='bbox 2250 2574 2464 2646; x_wconf 83' lang='lat' dir='ltr'><strong>afﬂavit</strong></span> <span class='ocrx_word' id='word_1_437' title='bbox 2479 2574 2544 2628; x_wconf 88' lang='lat' dir='ltr'><strong>in</strong></span> <span class='ocrx_word' id='word_1_438' title='bbox 2561 2572 2773 2642; x_wconf 85' lang='lat' dir='ltr'><strong>faciem</strong></span> <span class='ocrx_word' id='word_1_439' title='bbox 2792 2573 2915 2642; x_wconf 87' lang='lat' dir='ltr'><strong>ejus</strong></span> <span class='ocrx_word' id='word_1_440' title='bbox 2930 2571 3137 2639; x_wconf 86' lang='lat' dir='ltr'><strong>ﬂatum</strong></span> <span class='ocrx_word' id='word_1_441' title='bbox 3149 2571 3302 2637; x_wconf 64' lang='lat' dir='ltr'><strong>vitae,</strong></span> <span class='ocrx_word' id='word_1_442' title='bbox 3321 2575 3376 2626; x_wconf 89' lang='lat' dir='ltr'><strong>et</strong></span> <span class='ocrx_word' id='word_1_443' title='bbox 3394 2571 3581 2640; x_wconf 84' lang='lat' dir='ltr'><strong>factus</strong></span> 
     </span>
    </p>
   </div>
   <div class='ocr_carea' id='block_1_51' title="bbox 1984 2657 3582 2731">
    <p class='ocr_par' dir='ltr' id='par_1_51' title="bbox 1984 2657 3582 2731">
     <span class='ocr_line' id='line_1_52' title="bbox 1984 2657 3582 2731; baseline -0.004 -11"><span class='ocrx_word' id='word_1_444' title='bbox 1984 2668 2069 2720; x_wconf 92' lang='lat' dir='ltr'><strong>est</strong></span> <span class='ocrx_word' id='word_1_445' title='bbox 2104 2664 2264 2720; x_wconf 83' lang='lat' dir='ltr'><strong>homo</strong></span> <span class='ocrx_word' id='word_1_446' title='bbox 2293 2664 2358 2718; x_wconf 90' lang='lat' dir='ltr'><strong>in</strong></span> <span class='ocrx_word' id='word_1_447' title='bbox 2393 2663 2650 2719; x_wconf 89' lang='lat' dir='ltr'><strong>animam</strong></span> <span class='ocrx_word' id='word_1_448' title='bbox 2699 2662 2901 2717; x_wconf 85' lang='lat' dir='ltr'><strong>vivam.</strong></span> <span class='ocrx_word' id='word_1_449' title='bbox 2951 2659 3161 2715; x_wconf 89' lang='lat' dir='ltr'><strong>Faciem</strong></span> <span class='ocrx_word' id='word_1_450' title='bbox 3209 2657 3432 2731; x_wconf 91' lang='lat' dir='ltr'><strong>quidem</strong></span> <span class='ocrx_word' id='word_1_451' title='bbox 3462 2659 3582 2728; x_wconf 86' lang='lat' dir='ltr'><strong>ejus</strong></span> 
     </span>
    </p>
   </div>
   <div class='ocr_carea' id='block_1_52' title="bbox 1984 2746 3577 2820">
    <p class='ocr_par' dir='ltr' id='par_1_52' title="bbox 1984 2746 3577 2820">
     <span class='ocr_line' id='line_1_53' title="bbox 1984 2746 3577 2820; baseline -0.004 -11"><span class='ocrx_word' id='word_1_452' title='bbox 1984 2752 2074 2809; x_wconf 90' lang='lat' dir='ltr'><strong>hic</strong></span> <span class='ocrx_word' id='word_1_453' title='bbox 2125 2751 2382 2820; x_wconf 88' lang='lat' dir='ltr'><strong>nominat,</strong></span> <span class='ocrx_word' id='word_1_454' title='bbox 2438 2749 2534 2806; x_wconf 88' lang='lat' dir='ltr'><strong>sed</strong></span> <span class='ocrx_word' id='word_1_455' title='bbox 2560 2765 2661 2806; x_wconf 90' lang='lat' dir='ltr'><strong>nec</strong></span> <span class='ocrx_word' id='word_1_456' title='bbox 2714 2750 2888 2820; x_wconf 85' lang='lat' dir='ltr'><strong>ipsam</strong></span> <span class='ocrx_word' id='word_1_457' title='bbox 2947 2748 3134 2804; x_wconf 88' lang='lat' dir='ltr'><strong>factam</strong></span> <span class='ocrx_word' id='word_1_458' title='bbox 3163 2763 3198 2803; x_wconf 91' lang='lat' dir='ltr'><strong>a</strong></span> <span class='ocrx_word' id='word_1_459' title='bbox 3239 2749 3352 2803; x_wconf 91' lang='lat' dir='ltr'><strong>Deo</strong></span> <span class='ocrx_word' id='word_1_460' title='bbox 3396 2746 3577 2804; x_wconf 80' lang='lat' dir='ltr'><strong>dixit:</strong></span> 
     </span>
    </p>
   </div>
   <div class='ocr_carea' id='block_1_53' title="bbox 1979 2835 3581 2908">
    <p class='ocr_par' dir='ltr' id='par_1_53' title="bbox 1979 2835 3581 2908">
     <span class='ocr_line' id='line_1_54' title="bbox 1979 2835 3581 2908; baseline -0.004 -10"><span class='ocrx_word' id='word_1_461' title='bbox 1979 2843 2229 2908; x_wconf 77' lang='lat' dir='ltr'><strong>Castam,</strong></span> <span class='ocrx_word' id='word_1_462' title='bbox 2281 2855 2410 2896; x_wconf 88' lang='lat' dir='ltr'><strong>vero</strong></span> <span class='ocrx_word' id='word_1_463' title='bbox 2437 2840 2489 2878; x_wconf 80' lang='grc' dir='ltr'>⁷ο</span> <span class='ocrx_word' id='word_1_464' title='bbox 2540 2847 2596 2895; x_wconf 91' lang='lat' dir='ltr'><strong>et</strong></span> <span class='ocrx_word' id='word_1_465' title='bbox 2622 2855 2768 2904; x_wconf 86' lang='lat' dir='ltr'><strong>ossa,</strong></span> <span class='ocrx_word' id='word_1_466' title='bbox 2802 2847 2858 2894; x_wconf 89' lang='lat' dir='ltr'><strong>et</strong></span> <span class='ocrx_word' id='word_1_467' title='bbox 2909 2853 3162 2906; x_wconf 86' lang='lat' dir='ltr'><strong>carnem,</strong></span> <span class='ocrx_word' id='word_1_468' title='bbox 3205 2843 3259 2892; x_wconf 91' lang='lat' dir='ltr'><strong>et</strong></span> <span class='ocrx_word' id='word_1_469' title='bbox 3285 2835 3494 2902; x_wconf 82' lang='lat' dir='ltr'><strong>oculos,</strong></span> <span class='ocrx_word' id='word_1_470' title='bbox 3525 2843 3581 2892; x_wconf 90' lang='lat' dir='ltr'><strong>et</strong></span> 
     </span>
    </p>
   </div>
   <div class='ocr_carea' id='block_1_54' title="bbox 291 2928 3574 3007">
    <p class='ocr_par' dir='ltr' id='par_1_54' title="bbox 291 2928 3574 3007">
     <span class='ocr_line' id='line_1_55' title="bbox 291 2928 3574 3007; baseline -0.002 -21"><span class='ocrx_word' id='word_1_471' title='bbox 291 2933 435 2988; x_wconf 81' lang='lat' dir='ltr'><strong>dictis</strong></span> <span class='ocrx_word' id='word_1_472' title='bbox 459 2931 601 2988; x_wconf 81' lang='lat' dir='ltr'><strong>nihil</strong></span> <span class='ocrx_word' id='word_1_473' title='bbox 630 2932 739 2988; x_wconf 83' lang='lat' dir='ltr'><strong>tale</strong></span> <span class='ocrx_word' id='word_1_474' title='bbox 767 2946 781 2986; x_wconf 90' lang='lat'><strong>:</strong></span> <span class='ocrx_word' id='word_1_475' title='bbox 815 2936 870 2985; x_wconf 91' lang='lat' dir='ltr'><strong>et</strong></span> <span class='ocrx_word' id='word_1_476' title='bbox 899 2930 1022 2988; x_wconf 92' lang='lat' dir='ltr'><strong>ideo</strong></span> <span class='ocrx_word' id='word_1_477' title='bbox 1066 2947 1160 2987; x_wconf 90' lang='lat' dir='ltr'><strong>eas</strong></span> <span class='ocrx_word' id='word_1_478' title='bbox 1188 2947 1309 3004; x_wconf 64' lang='lat' dir='ltr'><strong>quae</strong></span> <span class='ocrx_word' id='word_1_479' title='bbox 1337 2929 1491 2988; x_wconf 62' lang='lat' dir='ltr'><strong>facta:</strong></span> <span class='ocrx_word' id='word_1_480' title='bbox 1531 2947 1638 2988; x_wconf 93' lang='lat' dir='ltr'><strong>non</strong></span> <span class='ocrx_word' id='word_1_481' title='bbox 1669 2932 1877 3005; x_wconf 80' lang='lat' dir='ltr'><strong>signiﬁ-</strong></span> <span class='ocrx_word' id='word_1_482' title='bbox 1909 2929 1953 3007; x_wconf 83' lang='lat' dir='ltr'><strong>c</strong></span> <span class='ocrx_word' id='word_1_483' title='bbox 1981 2930 2262 2995; x_wconf 87' lang='lat' dir='ltr'><strong>sudorem,</strong></span> <span class='ocrx_word' id='word_1_484' title='bbox 2287 2937 2338 2984; x_wconf 91' lang='lat' dir='ltr'><strong>et</strong></span> <span class='ocrx_word' id='word_1_485' title='bbox 2364 2930 2700 3000; x_wconf 86' lang='lat' dir='ltr'><strong>sanguinem</strong></span> <span class='ocrx_word' id='word_1_486' title='bbox 2729 2928 2889 2997; x_wconf 85' lang='lat' dir='ltr'><strong>(Gen.</strong></span> <span class='ocrx_word' id='word_1_487' title='bbox 2919 2943 2982 2997; x_wconf 90' lang='grc' dir='ltr'><strong>ιι,</strong></span> <span class='ocrx_word' id='word_1_488' title='bbox 3007 2930 3097 2991; x_wconf 77' lang='grc'><strong>21,</strong></span> <span class='ocrx_word' id='word_1_489' title='bbox 3130 2930 3198 2983; x_wconf 83' lang='lat'><strong>23</strong></span> <span class='ocrx_word' id='word_1_490' title='bbox 3231 2945 3252 2985; x_wconf 88' lang='lat'><strong>:.</strong></span> <span class='ocrx_word' id='word_1_491' title='bbox 3278 2942 3364 2996; x_wconf 90' lang='grc' dir='ltr'>ιιι,</span> <span class='ocrx_word' id='word_1_492' title='bbox 3390 2929 3442 2992; x_wconf 81' lang='lat'><strong>5,</strong></span> <span class='ocrx_word' id='word_1_493' title='bbox 3475 2929 3574 2996; x_wconf 87' lang='lat'><strong>29;</strong></span> 
     </span>
    </p>
   </div>
   <div class='ocr_carea' id='block_1_55' title="bbox 294 3019 1874 3093">
    <p class='ocr_par' dir='ltr' id='par_1_55' title="bbox 294 3019 1874 3093">
     <span class='ocr_line' id='line_1_56' title="bbox 294 3019 1874 3093; baseline 0.003 -17"><span class='ocrx_word' id='word_1_494' title='bbox 294 3030 492 3088; x_wconf 68' lang='lat' dir='ltr'><strong>censar,</strong></span> <span class='ocrx_word' id='word_1_495' title='bbox 523 3022 598 3076; x_wconf 83' lang='lat' dir='ltr'><strong>ad</strong></span> <span class='ocrx_word' id='word_1_496' title='bbox 619 3020 863 3077; x_wconf 84' lang='lat' dir='ltr'><strong>infectam</strong></span> <span class='ocrx_word' id='word_1_497' title='bbox 909 3019 1189 3076; x_wconf 87' lang='lat' dir='ltr'><strong>materiam</strong></span> <span class='ocrx_word' id='word_1_498' title='bbox 1225 3020 1519 3092; x_wconf 87' lang='lat' dir='ltr'><strong>pertinere.</strong></span> <span class='ocrx_word' id='word_1_499' title='bbox 1557 3021 1874 3093; x_wconf 83' lang='lat' dir='ltr'><strong>Responde-</strong></span> 
     </span>
    </p>
   </div>
   <div class='ocr_carea' id='block_1_56' title="bbox 291 3107 1872 3182">
    <p class='ocr_par' dir='ltr' id='par_1_56' title="bbox 291 3107 1872 3182">
     <span class='ocr_line' id='line_1_57' title="bbox 291 3107 1872 3182; baseline -0.001 -16"><span class='ocrx_word' id='word_1_500' title='bbox 291 3107 480 3166; x_wconf 82' lang='lat' dir='ltr'><strong>bimus</strong></span> <span class='ocrx_word' id='word_1_501' title='bbox 497 3109 628 3166; x_wconf 84' lang='lat' dir='ltr'><strong>huic</strong></span> <span class='ocrx_word' id='word_1_502' title='bbox 649 3123 856 3181; x_wconf 87' lang='lat' dir='ltr'><strong>qnoque</strong></span> <span class='ocrx_word' id='word_1_503' title='bbox 898 3108 1174 3182; x_wconf 88' lang='lat' dir='ltr'><strong>scrupulo.</strong></span> <span class='ocrx_word' id='word_1_504' title='bbox 1223 3107 1501 3180; x_wconf 87' lang='lat' dir='ltr'><strong>Scriptura</strong></span> <span class='ocrx_word' id='word_1_505' title='bbox 1524 3108 1710 3166; x_wconf 90' lang='lat' dir='ltr'><strong>divina</strong></span> <span class='ocrx_word' id='word_1_506' title='bbox 1737 3111 1872 3165; x_wconf 88' lang='lat' dir='ltr'><strong>satis</strong></span> 
     </span>
    </p>
   </div>
   <div class='ocr_carea' id='block_1_57' title="bbox 282 3195 1871 3269">
    <p class='ocr_par' dir='ltr' id='par_1_57' title="bbox 282 3195 1871 3269">
     <span class='ocr_line' id='line_1_58' title="bbox 282 3195 1871 3269; baseline 0.003 -18"><span class='ocrx_word' id='word_1_507' title='bbox 282 3195 577 3255; x_wconf 70' lang='lat' dir='ltr'><strong>disserant</strong></span> <span class='ocrx_word' id='word_1_508' title='bbox 621 3197 684 3264; x_wconf 77' lang='grc'><strong>⁸⁸,</strong></span> <span class='ocrx_word' id='word_1_509' title='bbox 733 3198 780 3252; x_wconf 88' lang='lat' dir='ltr'><strong>si</strong></span> <span class='ocrx_word' id='word_1_510' title='bbox 837 3212 1078 3254; x_wconf 85' lang='lat' dir='ltr'><strong>summas</strong></span> <span class='ocrx_word' id='word_1_511' title='bbox 1105 3197 1252 3269; x_wconf 86' lang='lat' dir='ltr'><strong>ipsas</strong></span> <span class='ocrx_word' id='word_1_512' title='bbox 1291 3214 1472 3256; x_wconf 87' lang='lat' dir='ltr'><strong>rerum</strong></span> <span class='ocrx_word' id='word_1_513' title='bbox 1500 3213 1533 3253; x_wconf 85' lang='lat' dir='ltr'><strong>a</strong></span> <span class='ocrx_word' id='word_1_514' title='bbox 1560 3200 1672 3257; x_wconf 89' lang='lat' dir='ltr'><strong>Deo</strong></span> <span class='ocrx_word' id='word_1_515' title='bbox 1702 3198 1871 3256; x_wconf 90' lang='lat' dir='ltr'><strong>factas</strong></span> 
     </span>
    </p>
   </div>
   <div class='ocr_carea' id='block_1_58' title="bbox 272 3285 1872 3358">
    <p class='ocr_par' dir='ltr' id='par_1_58' title="bbox 272 3285 1872 3358">
     <span class='ocr_line' id='line_1_59' title="bbox 272 3285 1872 3358; baseline -0.001 -14"><span class='ocrx_word' id='word_1_516' title='bbox 272 3286 705 3345; x_wconf 82' lang='lat' dir='ltr'><strong>commendasset</strong></span> <span class='ocrx_word' id='word_1_517' title='bbox 751 3285 949 3343; x_wconf 79' lang='lat' dir='ltr'><strong>ccelum</strong></span> <span class='ocrx_word' id='word_1_518' title='bbox 993 3293 1050 3343; x_wconf 92' lang='lat' dir='ltr'><strong>et</strong></span> <span class='ocrx_word' id='word_1_519' title='bbox 1100 3293 1324 3356; x_wconf 84' lang='lat' dir='ltr'><strong>terram,</strong></span> <span class='ocrx_word' id='word_1_520' title='bbox 1375 3287 1635 3343; x_wconf 88' lang='lat' dir='ltr'><strong>habentes</strong></span> <span class='ocrx_word' id='word_1_521' title='bbox 1684 3285 1872 3358; x_wconf 86' lang='lat' dir='ltr'><strong>utique</strong></span> 
     </span>
    </p>
   </div>
   <div class='ocr_carea' id='block_1_59' title="bbox 1983 3014 3577 3090">
    <p class='ocr_par' dir='ltr' id='par_1_59' title="bbox 1983 3014 3577 3090">
     <span class='ocr_line' id='line_1_60' title="bbox 1983 3014 3577 3090; baseline -0.001 -16"><span class='ocrx_word' id='word_1_522' title='bbox 1983 3033 2060 3084; x_wconf 76' lang='grc' dir='ltr'>ιν,</span> <span class='ocrx_word' id='word_1_523' title='bbox 2105 3017 2194 3090; x_wconf 88' lang='grc'><strong>10)</strong></span> <span class='ocrx_word' id='word_1_524' title='bbox 2223 3023 2405 3088; x_wconf 89' lang='lat' dir='ltr'><strong>postea</strong></span> <span class='ocrx_word' id='word_1_525' title='bbox 2433 3015 2689 3087; x_wconf 88' lang='lat' dir='ltr'><strong>loquitur,</strong></span> <span class='ocrx_word' id='word_1_526' title='bbox 2746 3033 2867 3088; x_wconf 71' lang='lat' dir='ltr'><strong>quat</strong></span> <span class='ocrx_word' id='word_1_527' title='bbox 2911 3031 3012 3072; x_wconf 89' lang='lat' dir='ltr'><strong>nec</strong></span> <span class='ocrx_word' id='word_1_528' title='bbox 3040 3024 3166 3071; x_wconf 92' lang='lat' dir='ltr'><strong>tunc</strong></span> <span class='ocrx_word' id='word_1_529' title='bbox 3213 3014 3354 3072; x_wconf 87' lang='lat' dir='ltr'><strong>facta</strong></span> <span class='ocrx_word' id='word_1_530' title='bbox 3381 3030 3416 3070; x_wconf 90' lang='lat' dir='ltr'><strong>a</strong></span> <span class='ocrx_word' id='word_1_531' title='bbox 3461 3015 3577 3072; x_wconf 92' lang='lat' dir='ltr'><strong>Deo</strong></span> 
     </span>
    </p>
   </div>
   <div class='ocr_carea' id='block_1_60' title="bbox 1980 3102 3572 3183">
    <p class='ocr_par' dir='ltr' id='par_1_60' title="bbox 1980 3102 3572 3183">
     <span class='ocr_line' id='line_1_61' title="bbox 1980 3102 3572 3183; baseline -0.006 -19"><span class='ocrx_word' id='word_1_532' title='bbox 1980 3105 2320 3183; x_wconf 81' lang='lat' dir='ltr'><strong>signiﬁcavit.</strong></span> <span class='ocrx_word' id='word_1_533' title='bbox 2379 3103 2518 3173; x_wconf 90' lang='lat' dir='ltr'><strong>Quid</strong></span> <span class='ocrx_word' id='word_1_534' title='bbox 2561 3103 2910 3175; x_wconf 87' lang='lat' dir='ltr'><strong>respondebit</strong></span> <span class='ocrx_word' id='word_1_535' title='bbox 2957 3102 3372 3177; x_wconf 79' lang='lat' dir='ltr'><strong>Hermogenes?</strong></span> <span class='ocrx_word' id='word_1_536' title='bbox 3409 3103 3572 3158; x_wconf 88' lang='lat' dir='ltr'><strong>Num.</strong></span> 
     </span>
    </p>
   </div>
   <div class='ocr_carea' id='block_1_61' title="bbox 1980 3187 3572 3268">
    <p class='ocr_par' dir='ltr' id='par_1_61' title="bbox 1980 3187 3572 3268">
     <span class='ocr_line' id='line_1_62' title="bbox 1980 3187 3572 3268; baseline -0.004 -18"><span class='ocrx_word' id='word_1_537' title='bbox 1980 3195 2109 3268; x_wconf 88' lang='lat' dir='ltr'><strong>quid</strong></span> <span class='ocrx_word' id='word_1_538' title='bbox 2148 3201 2201 3250; x_wconf 89' lang='lat' dir='ltr'><strong>et</strong></span> <span class='ocrx_word' id='word_1_539' title='bbox 2229 3192 2468 3248; x_wconf 88' lang='lat' dir='ltr'><strong>membra</strong></span> <span class='ocrx_word' id='word_1_540' title='bbox 2505 3189 2740 3248; x_wconf 86' lang='lat' dir='ltr'><strong>hominis</strong></span> <span class='ocrx_word' id='word_1_541' title='bbox 2786 3189 2855 3245; x_wconf 92' lang='lat' dir='ltr'><strong>ad</strong></span> <span class='ocrx_word' id='word_1_542' title='bbox 2896 3188 3176 3246; x_wconf 86' lang='lat' dir='ltr'><strong>materiam</strong></span> <span class='ocrx_word' id='word_1_543' title='bbox 3207 3187 3572 3261; x_wconf 84' lang='lat' dir='ltr'><strong>pertinebunt,</strong></span> 
     </span>
    </p>
   </div>
   <div class='ocr_carea' id='block_1_62' title="bbox 1979 3277 3574 3359">
    <p class='ocr_par' dir='ltr' id='par_1_62' title="bbox 1979 3277 3574 3359">
     <span class='ocr_line' id='line_1_63' title="bbox 1979 3277 3574 3359; baseline -0.005 -19"><span class='ocrx_word' id='word_1_544' title='bbox 1979 3284 2108 3359; x_wconf 89' lang='lat' dir='ltr'><strong>quia</strong></span> <span class='ocrx_word' id='word_1_545' title='bbox 2137 3298 2246 3339; x_wconf 91' lang='lat' dir='ltr'><strong>non</strong></span> <span class='ocrx_word' id='word_1_546' title='bbox 2275 3279 2590 3339; x_wconf 89' lang='lat' dir='ltr'><strong>nominatim</strong></span> <span class='ocrx_word' id='word_1_547' title='bbox 2621 3278 2760 3336; x_wconf 88' lang='lat' dir='ltr'><strong>facta</strong></span> <span class='ocrx_word' id='word_1_548' title='bbox 2790 3277 3141 3342; x_wconf 79' lang='lat' dir='ltr'><strong>referuntur?</strong></span> <span class='ocrx_word' id='word_1_549' title='bbox 3169 3281 3254 3336; x_wconf 79' lang='lat' dir='ltr'><strong>An</strong></span> <span class='ocrx_word' id='word_1_550' title='bbox 3286 3284 3341 3334; x_wconf 90' lang='lat' dir='ltr'><strong>et</strong></span> <span class='ocrx_word' id='word_1_551' title='bbox 3367 3277 3482 3334; x_wconf 65' lang='lat' dir='ltr'><strong>haec</strong></span> <span class='ocrx_word' id='word_1_552' title='bbox 3519 3277 3574 3334; x_wconf 93' lang='lat' dir='ltr'><strong>in</strong></span> 
     </span>
    </p>
   </div>
   <div class='ocr_carea' id='block_1_63' title="bbox 1649 3385 2194 3450">
    <p class='ocr_par' dir='ltr' id='par_1_63' title="bbox 1649 3385 2194 3450">
     <span class='ocr_line' id='line_1_64' title="bbox 1649 3385 2194 3450; baseline 0.002 -6"><span class='ocrx_word' id='word_1_553' title='bbox 1649 3385 1840 3450; x_wconf 83' lang='lat' dir='ltr'><strong>Variae</strong></span> <span class='ocrx_word' id='word_1_554' title='bbox 1882 3387 2194 3450; x_wconf 88' lang='lat' dir='ltr'><strong>lectiones.</strong></span> 
     </span>
    </p>
   </div>
   <div class='ocr_carea' id='block_1_64' title="bbox 333 3483 3571 3568">
    <p class='ocr_par' dir='ltr' id='par_1_64' title="bbox 333 3483 3571 3568">
     <span class='ocr_line' id='line_1_65' title="bbox 333 3483 3571 3568; baseline -0.003 -20"><span class='ocrx_word' id='word_1_555' title='bbox 333 3493 395 3568; x_wconf 51' lang='lat'><strong>51</strong></span> <span class='ocrx_word' id='word_1_556' title='bbox 415 3493 645 3568; x_wconf 72' lang='lat' dir='ltr'><strong>Diversa</strong></span> <span class='ocrx_word' id='word_1_557' title='bbox 705 3493 1089 3568; x_wconf 73' lang='lat' dir='ltr'><strong>Jun._ez_cod.</strong></span> <span class='ocrx_word' id='word_1_558' title='bbox 1124 3492 1296 3568; x_wconf 61' lang='lat' dir='ltr'><strong>Yatic.</strong></span> <span class='ocrx_word' id='word_1_559' title='bbox 1318 3490 1369 3530; x_wconf 74' lang='grc'><strong>62</strong></span> <span class='ocrx_word' id='word_1_560' title='bbox 1397 3489 1754 3568; x_wconf 47' lang='lat' dir='ltr'><strong>Vanitimum“</strong></span> <span class='ocrx_word' id='word_1_561' title='bbox 1776 3493 1952 3568; x_wconf 64' lang='lat' dir='ltr'><strong>Rhea.</strong></span> <span class='ocrx_word' id='word_1_562' title='bbox 2015 3492 2150 3568; x_wconf 72' lang='lat' dir='ltr'><strong>Jun.</strong></span> <span class='ocrx_word' id='word_1_563' title='bbox 2204 3487 2381 3568; x_wconf 71' lang='lat' dir='ltr'><strong>_Sei_n_l.</strong></span> <span class='ocrx_word' id='word_1_564' title='bbox 2417 3485 2682 3568; x_wconf 81' lang='lat' dir='ltr'><strong>qui_quid</strong></span> <span class='ocrx_word' id='word_1_565' title='bbox 2725 3483 3571 3568; x_wconf 32' lang='lat' dir='ltr'><strong>Graecpni&#39;lateregsu‘spicatur.</strong></span> 
     </span>
    </p>
   </div>
   <div class='ocr_carea' id='block_1_65' title="bbox 269 3553 3567 3636">
    <p class='ocr_par' dir='ltr' id='par_1_65' title="bbox 269 3553 3567 3636">
     <span class='ocr_line' id='line_1_66' title="bbox 269 3553 3567 3636; baseline -0.003 -16"><span class='ocrx_word' id='word_1_566' title='bbox 269 3564 318 3603; x_wconf 75' lang='grc'><strong>⁸³</strong></span> <span class='ocrx_word' id='word_1_567' title='bbox 352 3565 526 3620; x_wconf 77' lang='lat' dir='ltr'><strong>Habet</strong></span> <span class='ocrx_word' id='word_1_568' title='bbox 555 3565 684 3620; x_wconf 80' lang='lat' dir='ltr'><strong>Jun.</strong></span> <span class='ocrx_word' id='word_1_569' title='bbox 745 3565 795 3636; x_wconf 7' lang='grc' dir='ltr'><strong>δι’,</strong></span> <span class='ocrx_word' id='word_1_570' title='bbox 847 3563 1228 3636; x_wconf 79' lang='lat' dir='ltr'><strong>Intelligendas</strong></span> <span class='ocrx_word' id='word_1_571' title='bbox 1254 3578 1373 3636; x_wconf 86' lang='lat' dir='ltr'><strong>esse</strong></span> <span class='ocrx_word' id='word_1_572' title='bbox 1429 3563 1672 3636; x_wconf 87' lang='lat' dir='ltr'><strong>tenebras</strong></span> <span class='ocrx_word' id='word_1_573' title='bbox 1690 3562 1826 3636; x_wconf 88' lang='lat' dir='ltr'><strong>_dico</strong></span> <span class='ocrx_word' id='word_1_574' title='bbox 1857 3562 2033 3636; x_wconf 77' lang='lat' dir='ltr'><strong>Rhea.</strong></span> <span class='ocrx_word' id='word_1_575' title='bbox 2070 3561 2237 3636; x_wconf 78' lang='lat' dir='ltr'><strong>Seml.</strong></span> <span class='ocrx_word' id='word_1_576' title='bbox 2275 3553 2633 3636; x_wconf 60' lang='lat' dir='ltr'><strong>Big._&#39;r_net_i_us</strong></span> <span class='ocrx_word' id='word_1_577' title='bbox 2667 3573 2738 3636; x_wconf 69' lang='lat' dir='ltr'><strong>ea:</strong></span> <span class='ocrx_word' id='word_1_578' title='bbox 2773 3556 2912 3636; x_wconf 87' lang='lat' dir='ltr'><strong>_cod.</strong></span> <span class='ocrx_word' id='word_1_579' title='bbox 2955 3556 3163 3636; x_wconf 53' lang='grc' dir='ltr'><strong>ινοιιιιέ.⁸</strong></span> <span class='ocrx_word' id='word_1_580' title='bbox 3188 3553 3332 3636; x_wconf 79' lang='lat' dir='ltr'><strong>55__Si</strong></span> <span class='ocrx_word' id='word_1_581' title='bbox 3372 3561 3567 3636; x_wconf 58' lang='lat' dir='ltr'><strong>autem</strong></span> 
     </span>
    </p>
   </div>
   <div class='ocr_carea' id='block_1_66' title="bbox 267 3636 684 3708">
    <p class='ocr_par' dir='ltr' id='par_1_66' title="bbox 267 3636 684 3708">
     <span class='ocr_line' id='line_1_67' title="bbox 267 3636 684 3708; baseline 0.005 -18"><span class='ocrx_word' id='word_1_582' title='bbox 267 3636 394 3692; x_wconf 79' lang='lat' dir='ltr'><strong>Jun.</strong></span> <span class='ocrx_word' id='word_1_583' title='bbox 449 3636 503 3675; x_wconf 76' lang='grc' dir='ltr'><strong>εδ</strong></span> <span class='ocrx_word' id='word_1_584' title='bbox 558 3638 684 3708; x_wconf 83' lang='lat' dir='ltr'><strong>Agn</strong></span> 
     </span>
    </p>
   </div>
   <div class='ocr_carea' id='block_1_67' title="bbox 689 3626 3560 3698">
    <p class='ocr_par' dir='ltr' id='par_1_67' title="bbox 689 3626 3560 3698">
     <span class='ocr_line' id='line_1_68' title="bbox 689 3626 3560 3698; baseline -0.004 -7"><span class='ocrx_word' id='word_1_585' title='bbox 689 3635 893 3693; x_wconf 85' lang='lat' dir='ltr'><strong>oscitur</strong></span> <span class='ocrx_word' id='word_1_586' title='bbox 939 3626 1114 3692; x_wconf 63' lang='lat' dir='ltr'><strong>RhEn.</strong></span> <span class='ocrx_word' id='word_1_587' title='bbox 1170 3635 1340 3691; x_wconf 85' lang='lat' dir='ltr'><strong>Semt.</strong></span> <span class='ocrx_word' id='word_1_588' title='bbox 1416 3635 1632 3692; x_wconf 83' lang='lat' dir='ltr'><strong>Pamel.</strong></span> <span class='ocrx_word' id='word_1_589' title='bbox 1683 3633 1734 3668; x_wconf 80' lang='grc'><strong>⁸⁷</strong></span> <span class='ocrx_word' id='word_1_590' title='bbox 1793 3635 1867 3688; x_wconf 91' lang='lat' dir='ltr'><strong>lta</strong></span> <span class='ocrx_word' id='word_1_591' title='bbox 1897 3635 2072 3690; x_wconf 86' lang='lat' dir='ltr'><strong>Rhen.</strong></span> <span class='ocrx_word' id='word_1_592' title='bbox 2144 3632 2314 3689; x_wconf 83' lang='lat' dir='ltr'><strong>Seml.</strong></span> <span class='ocrx_word' id='word_1_593' title='bbox 2341 3626 2361 3631; x_wconf 62' lang='grc'><strong><em>⁷</em></strong></span> <span class='ocrx_word' id='word_1_594' title='bbox 2389 3629 2612 3687; x_wconf 85' lang='lat' dir='ltr'><strong>Oberth.</strong></span> <span class='ocrx_word' id='word_1_595' title='bbox 2669 3627 3065 3695; x_wconf 86' lang='lat' dir='ltr'><strong>Scripturarum</strong></span> <span class='ocrx_word' id='word_1_596' title='bbox 3100 3627 3304 3698; x_wconf 78' lang='lat' dir='ltr'><strong>Rigalt.</strong></span> <span class='ocrx_word' id='word_1_597' title='bbox 3372 3626 3560 3682; x_wconf 82' lang='lat' dir='ltr'><strong>Venet.</strong></span> 
     </span>
    </p>
   </div>
   <div class='ocr_carea' id='block_1_68' title="bbox 267 3699 3568 3778">
    <p class='ocr_par' dir='ltr' id='par_1_68' title="bbox 267 3699 3568 3778">
     <span class='ocr_line' id='line_1_69' title="bbox 267 3699 3568 3778; baseline -0.005 -13"><span class='ocrx_word' id='word_1_598' title='bbox 267 3709 317 3747; x_wconf 69' lang='grc'><strong>⁵⁸</strong></span> <span class='ocrx_word' id='word_1_599' title='bbox 348 3707 524 3765; x_wconf 79' lang='lat' dir='ltr'><strong>Rhen.</strong></span> <span class='ocrx_word' id='word_1_600' title='bbox 558 3699 936 3778; x_wconf 68' lang='lat' dir='ltr'><strong>conﬁciebant</strong></span> <span class='ocrx_word' id='word_1_601' title='bbox 965 3705 1180 3778; x_wconf 84' lang='lat' dir='ltr'><strong>legend.</strong></span> <span class='ocrx_word' id='word_1_602' title='bbox 1205 3721 1322 3763; x_wconf 88' lang='lat' dir='ltr'><strong>esse</strong></span> <span class='ocrx_word' id='word_1_603' title='bbox 1354 3721 1366 3762; x_wconf 90' lang='lat'>:</span> <span class='ocrx_word' id='word_1_604' title='bbox 1400 3705 1632 3771; x_wconf 83' lang='lat' dir='ltr'><strong>disserit,</strong></span> <span class='ocrx_word' id='word_1_605' title='bbox 1657 3711 1713 3763; x_wconf 86' lang='lat' dir='ltr'><strong>et</strong></span> <span class='ocrx_word' id='word_1_606' title='bbox 1734 3721 1870 3762; x_wconf 72' lang='lat' dir='ltr'><strong>mox</strong></span> <span class='ocrx_word' id='word_1_607' title='bbox 1897 3722 1911 3758; x_wconf 89' lang='lat'><strong>:</strong></span> <span class='ocrx_word' id='word_1_608' title='bbox 1945 3703 2332 3778; x_wconf 72' lang='lat' dir='ltr'><strong>commendans</strong></span> <span class='ocrx_word' id='word_1_609' title='bbox 2360 3710 2414 3756; x_wconf 92' lang='lat' dir='ltr'><strong>et</strong></span> <span class='ocrx_word' id='word_1_610' title='bbox 2442 3701 2658 3778; x_wconf 64' lang='lat' dir='ltr'><strong>coelum,</strong></span> <span class='ocrx_word' id='word_1_611' title='bbox 2691 3701 2902 3757; x_wconf 84' lang='lat' dir='ltr'><strong>melius</strong></span> <span class='ocrx_word' id='word_1_612' title='bbox 2929 3699 3036 3754; x_wconf 85' lang='lat' dir='ltr'><strong>alii</strong></span> <span class='ocrx_word' id='word_1_613' title='bbox 3065 3699 3138 3753; x_wconf 87' lang='lat' dir='ltr'><strong>ad</strong></span> <span class='ocrx_word' id='word_1_614' title='bbox 3153 3699 3302 3778; x_wconf 45' lang='lat' dir='ltr'><strong>dun.</strong></span> <span class='ocrx_word' id='word_1_615' title='bbox 3337 3713 3385 3778; x_wconf 79' lang='lat' dir='ltr'><strong>si</strong></span> <span class='ocrx_word' id='word_1_616' title='bbox 3422 3712 3568 3778; x_wconf 80' lang='lat' dir='ltr'><strong>sum-</strong></span> 
     </span>
    </p>
   </div>
   <div class='ocr_carea' id='block_1_69' title="bbox 267 3770 3570 3849">
    <p class='ocr_par' dir='ltr' id='par_1_69' title="bbox 267 3770 3570 3849">
     <span class='ocr_line' id='line_1_70' title="bbox 267 3770 3570 3849; baseline -0.003 -17"><span class='ocrx_word' id='word_1_617' title='bbox 267 3794 401 3835; x_wconf 83' lang='lat' dir='ltr'><strong>mas.</strong></span> <span class='ocrx_word' id='word_1_618' title='bbox 432 3779 485 3817; x_wconf 61' lang='lat'><strong>69</strong></span> <span class='ocrx_word' id='word_1_619' title='bbox 538 3770 862 3849; x_wconf 74' lang='lat' dir='ltr'><strong>Coniempta</strong></span> <span class='ocrx_word' id='word_1_620' title='bbox 919 3770 1114 3833; x_wconf 67' lang='lat' dir='ltr'><strong>dan&#39;tur</strong></span> <span class='ocrx_word' id='word_1_621' title='bbox 1163 3778 1289 3844; x_wconf 87' lang='lat' dir='ltr'><strong>alii,</strong></span> <span class='ocrx_word' id='word_1_622' title='bbox 1351 3770 1698 3849; x_wconf 68' lang='lat' dir='ltr'><strong>testelunio,</strong></span> <span class='ocrx_word' id='word_1_623' title='bbox 1741 3792 1770 3832; x_wconf 91' lang='lat' dir='ltr'><strong>e</strong></span> <span class='ocrx_word' id='word_1_624' title='bbox 1837 3778 1938 3834; x_wconf 84' lang='lat' dir='ltr'><strong>cod</strong></span> <span class='ocrx_word' id='word_1_625' title='bbox 1989 3777 2110 3849; x_wconf 77' lang='lat' dir='ltr'><strong>Vat.</strong></span> <span class='ocrx_word' id='word_1_626' title='bbox 2165 3775 2216 3814; x_wconf 80' lang='grc' dir='ltr'><strong>⁷ο</strong></span> <span class='ocrx_word' id='word_1_627' title='bbox 2258 3773 2440 3849; x_wconf 22' lang='lat' dir='ltr'><strong>&#39;ARhen.</strong></span> <span class='ocrx_word' id='word_1_628' title='bbox 2494 3772 2581 3828; x_wconf 87' lang='lat' dir='ltr'><strong>cui</strong></span> <span class='ocrx_word' id='word_1_629' title='bbox 2636 3779 2744 3826; x_wconf 89' lang='lat' dir='ltr'><strong>tam</strong></span> <span class='ocrx_word' id='word_1_630' title='bbox 2798 3785 2973 3838; x_wconf 84' lang='lat' dir='ltr'><strong>vero;</strong></span> <span class='ocrx_word' id='word_1_631' title='bbox 3031 3770 3371 3842; x_wconf 88' lang='lat' dir='ltr'><strong>conjiciebat</strong></span> <span class='ocrx_word' id='word_1_632' title='bbox 3425 3770 3570 3824; x_wconf 90' lang='lat' dir='ltr'><strong>enim</strong></span> 
     </span>
    </p>
   </div>
   <div class='ocr_carea' id='block_1_70' title="bbox 267 3845 2718 3919">
    <p class='ocr_par' dir='ltr' id='par_1_70' title="bbox 267 3845 2718 3919">
     <span class='ocr_line' id='line_1_71' title="bbox 267 3845 2718 3919; baseline -0.003 -14"><span class='ocrx_word' id='word_1_633' title='bbox 267 3865 395 3907; x_wconf 81' lang='lat' dir='ltr'><strong>vero</strong></span> <span class='ocrx_word' id='word_1_634' title='bbox 425 3859 480 3906; x_wconf 88' lang='lat' dir='ltr'><strong>et</strong></span> <span class='ocrx_word' id='word_1_635' title='bbox 508 3864 656 3906; x_wconf 88' lang='lat' dir='ltr'><strong>ossa.</strong></span> <span class='ocrx_word' id='word_1_636' title='bbox 715 3845 819 3908; x_wconf 84' lang='lat' dir='ltr'><strong>Sed</strong></span> <span class='ocrx_word' id='word_1_637' title='bbox 846 3851 1030 3906; x_wconf 85' lang='lat' dir='ltr'><strong>Paris.</strong></span> <span class='ocrx_word' id='word_1_638' title='bbox 1061 3856 1238 3905; x_wconf 91' lang='lat' dir='ltr'><strong>cutem</strong></span> <span class='ocrx_word' id='word_1_639' title='bbox 1268 3861 1432 3919; x_wconf 85' lang='lat' dir='ltr'><strong>vero;</strong></span> <span class='ocrx_word' id='word_1_640' title='bbox 1462 3853 1520 3906; x_wconf 90' lang='lat' dir='ltr'><strong>et</strong></span> <span class='ocrx_word' id='word_1_641' title='bbox 1545 3845 1717 3904; x_wconf 84' lang='lat' dir='ltr'><strong>Fran.</strong></span> <span class='ocrx_word' id='word_1_642' title='bbox 1755 3849 1878 3919; x_wconf 87' lang='lat' dir='ltr'><strong>Rig.</strong></span> <span class='ocrx_word' id='word_1_643' title='bbox 1913 3849 2046 3904; x_wconf 85' lang='lat' dir='ltr'><strong>Jun.</strong></span> <span class='ocrx_word' id='word_1_644' title='bbox 2080 3845 2296 3904; x_wconf 82' lang='lat' dir='ltr'><strong>Pamel.</strong></span> <span class='ocrx_word' id='word_1_645' title='bbox 2325 3850 2528 3900; x_wconf 90' lang='lat' dir='ltr'><strong>costam</strong></span> <span class='ocrx_word' id='word_1_646' title='bbox 2567 3857 2718 3899; x_wconf 90' lang='lat' dir='ltr'><strong>vero.</strong></span> 
     </span>
    </p>
   </div>
   <div class='ocr_carea' id='block_1_71' title="bbox 1674 3945 2172 4010">
    <p class='ocr_par' dir='ltr' id='par_1_71' title="bbox 1674 3945 2172 4010">
     <span class='ocr_line' id='line_1_72' title="bbox 1674 3945 2172 4010; baseline -0.004 -1"><span class='ocrx_word' id='word_1_647' title='bbox 1674 3945 2172 4010; x_wconf 88' lang='lat' dir='ltr'><strong>Commentarius.</strong></span> 
     </span>
    </p>
   </div>
   <div class='ocr_carea' id='block_1_72' title="bbox 337 4027 1855 4102">
    <p class='ocr_par' dir='ltr' id='par_1_72' title="bbox 337 4027 1855 4102">
     <span class='ocr_line' id='line_1_73' title="bbox 337 4027 1855 4102; baseline 0 -18"><span class='ocrx_word' id='word_1_648' title='bbox 337 4029 481 4102; x_wconf 9' lang='lat'><strong>(769)!</strong></span> <span class='ocrx_word' id='word_1_649' title='bbox 511 4030 891 4086; x_wconf 80' lang='lat' dir='ltr'><strong>Vanissimum</strong></span> <span class='ocrx_word' id='word_1_650' title='bbox 919 4029 1194 4102; x_wconf 80' lang='lat' dir='ltr'><strong>denique,</strong></span> <span class='ocrx_word' id='word_1_651' title='bbox 1228 4035 1332 4102; x_wconf 83' lang='lat' dir='ltr'><strong>etc.</strong></span> <span class='ocrx_word' id='word_1_652' title='bbox 1363 4028 1536 4102; x_wconf 77' lang='lat' dir='ltr'><strong>Yatic.</strong></span> <span class='ocrx_word' id='word_1_653' title='bbox 1568 4043 1695 4086; x_wconf 90' lang='lat' dir='ltr'><strong>mss.</strong></span> <span class='ocrx_word' id='word_1_654' title='bbox 1727 4027 1855 4084; x_wconf 90' lang='lat' dir='ltr'><strong>cod.</strong></span> 
     </span>
    </p>
   </div>
   <div class='ocr_carea' id='block_1_73' title="bbox 263 4099 1865 4173">
    <p class='ocr_par' dir='ltr' id='par_1_73' title="bbox 263 4099 1865 4173">
     <span class='ocr_line' id='line_1_74' title="bbox 263 4099 1865 4173; baseline -0.001 -19"><span class='ocrx_word' id='word_1_655' title='bbox 263 4109 320 4154; x_wconf 84' lang='lat' dir='ltr'><strong>et</strong></span> <span class='ocrx_word' id='word_1_656' title='bbox 339 4099 523 4157; x_wconf 78' lang='lat' dir='ltr'><strong>Editio</strong></span> <span class='ocrx_word' id='word_1_657' title='bbox 551 4102 754 4173; x_wconf 79' lang='lat' dir='ltr'><strong>legunt,</strong></span> <span class='ocrx_word' id='word_1_658' title='bbox 784 4099 1155 4166; x_wconf 77' lang='lat' dir='ltr'><strong>vanitimum,</strong></span> <span class='ocrx_word' id='word_1_659' title='bbox 1189 4100 1283 4173; x_wconf 87' lang='lat' dir='ltr'><strong>sed</strong></span> <span class='ocrx_word' id='word_1_660' title='bbox 1309 4100 1434 4173; x_wconf 90' lang='lat' dir='ltr'><strong>quia</strong></span> <span class='ocrx_word' id='word_1_661' title='bbox 1450 4114 1716 4173; x_wconf 79' lang='lat' dir='ltr'><strong>nusquam</strong></span> <span class='ocrx_word' id='word_1_662' title='bbox 1743 4114 1865 4154; x_wconf 89' lang='lat' dir='ltr'><strong>eam</strong></span> 
     </span>
    </p>
   </div>
   <div class='ocr_carea' id='block_1_74' title="bbox 266 4169 1861 4242">
    <p class='ocr_par' dir='ltr' id='par_1_74' title="bbox 266 4169 1861 4242">
     <span class='ocr_line' id='line_1_75' title="bbox 266 4169 1861 4242; baseline 0.002 -22"><span class='ocrx_word' id='word_1_663' title='bbox 266 4186 460 4227; x_wconf 77' lang='lat' dir='ltr'><strong>vocem</strong></span> <span class='ocrx_word' id='word_1_664' title='bbox 509 4169 706 4239; x_wconf 73' lang='lat' dir='ltr'><strong>repéri,</strong></span> <span class='ocrx_word' id='word_1_665' title='bbox 769 4173 945 4242; x_wconf 91' lang='lat' dir='ltr'><strong>placet</strong></span> <span class='ocrx_word' id='word_1_666' title='bbox 993 4173 1206 4242; x_wconf 78' lang='lat' dir='ltr'><strong>vulgata</strong></span> <span class='ocrx_word' id='word_1_667' title='bbox 1254 4169 1431 4227; x_wconf 77' lang='lat' dir='ltr'><strong>lectio.</strong></span> <span class='ocrx_word' id='word_1_668' title='bbox 1483 4169 1627 4240; x_wconf 84' lang='lat' dir='ltr'><strong>Quas</strong></span> <span class='ocrx_word' id='word_1_669' title='bbox 1683 4179 1861 4226; x_wconf 88' lang='lat' dir='ltr'><strong>autem</strong></span> 
     </span>
    </p>
   </div>
   <div class='ocr_carea' id='block_1_75' title="bbox 2045 4017 3574 4095">
    <p class='ocr_par' dir='ltr' id='par_1_75' title="bbox 2045 4017 3574 4095">
     <span class='ocr_line' id='line_1_76' title="bbox 2045 4017 3574 4095; baseline -0.005 -14"><span class='ocrx_word' id='word_1_670' title='bbox 2045 4053 2114 4063; x_wconf 92' lang='lat'><strong>—</strong></span> <span class='ocrx_word' id='word_1_671' title='bbox 2145 4024 2321 4095; x_wconf 85' lang='lat' dir='ltr'><strong>Super</strong></span> <span class='ocrx_word' id='word_1_672' title='bbox 2349 4024 2649 4095; x_wconf 80' lang='lat' dir='ltr'><strong>Euripum.</strong></span> <span class='ocrx_word' id='word_1_673' title='bbox 2698 4019 2933 4095; x_wconf 79' lang='lat' dir='ltr'><strong>Euripus</strong></span> <span class='ocrx_word' id='word_1_674' title='bbox 2959 4018 3033 4095; x_wconf 92' lang='lat' dir='ltr'><strong>in_</strong></span> <span class='ocrx_word' id='word_1_675' title='bbox 3061 4017 3200 4095; x_wconf 77' lang='lat' dir='ltr'><strong>ludis</strong></span> <span class='ocrx_word' id='word_1_676' title='bbox 3230 4017 3574 4095; x_wconf 77' lang='lat' dir='ltr'><strong>Circensibus</strong></span> 
     </span>
    </p>
   </div>
   <div class='ocr_carea' id='block_1_76' title="bbox 1974 4090 3573 4170">
    <p class='ocr_par' dir='ltr' id='par_1_76' title="bbox 1974 4090 3573 4170">
     <span class='ocr_line' id='line_1_77' title="bbox 1974 4090 3573 4170; baseline -0.003 -20"><span class='ocrx_word' id='word_1_677' title='bbox 1974 4090 2235 4170; x_wconf 72' lang='lat' dir='ltr'><strong>stagnum</strong></span> <span class='ocrx_word' id='word_1_678' title='bbox 2274 4103 2393 4170; x_wconf 76' lang='lat' dir='ltr'><strong>erat</strong></span> <span class='ocrx_word' id='word_1_679' title='bbox 2441 4090 2531 4148; x_wconf 81' lang='lat' dir='ltr'><strong>aut</strong></span> <span class='ocrx_word' id='word_1_680' title='bbox 2573 4091 2788 4148; x_wconf 90' lang='lat' dir='ltr'><strong>fretum.</strong></span> <span class='ocrx_word' id='word_1_681' title='bbox 2831 4090 3143 4164; x_wconf 81' lang='lat' dir='ltr'><strong>Hesychius</strong></span> <span class='ocrx_word' id='word_1_682' title='bbox 3187 4090 3333 4170; x_wconf 81' lang='lat' dir='ltr'><strong>enim</strong></span> <span class='ocrx_word' id='word_1_683' title='bbox 3381 4099 3573 4170; x_wconf 57' lang='lat' dir='ltr'><strong>auctor</strong></span> 
     </span>
    </p>
   </div>
   <div class='ocr_carea' id='block_1_77' title="bbox 1972 4162 3570 4234">
    <p class='ocr_par' dir='ltr' id='par_1_77' title="bbox 1972 4162 3570 4234">
     <span class='ocr_line' id='line_1_78' title="bbox 1972 4162 3570 4234; baseline -0.006 -14"><span class='ocrx_word' id='word_1_684' title='bbox 1972 4162 2092 4221; x_wconf 67' lang='lat' dir='ltr'><strong>est&#39;</strong></span> <span class='ocrx_word' id='word_1_685' title='bbox 2112 4165 2195 4220; x_wconf 92' lang='lat' dir='ltr'><strong>his</strong></span> <span class='ocrx_word' id='word_1_686' title='bbox 2248 4164 2427 4234; x_wconf 81' lang='lat' dir='ltr'><strong>verbis</strong></span> <span class='ocrx_word' id='word_1_687' title='bbox 2455 4178 2715 4233; x_wconf 88' lang='lat' dir='ltr'><strong>aquarum</strong></span> <span class='ocrx_word' id='word_1_688' title='bbox 2752 4178 2888 4234; x_wconf 83' lang='lat' dir='ltr'><strong>esse</strong></span> <span class='ocrx_word' id='word_1_689' title='bbox 2952 4162 3372 4234; x_wconf 82' lang='lat' dir='ltr'><strong>receptaculum.</strong></span> <span class='ocrx_word' id='word_1_690' title='bbox 3431 4163 3570 4234; x_wconf 56' lang='lat' dir='ltr'><strong>Eripi-</strong></span> 
     </span>
    </p>
   </div>
   <div class='ocr_carea' id='block_1_78' title="bbox 265 4231 3566 4324">
    <p class='ocr_par' dir='ltr' id='par_1_78' title="bbox 265 4231 3566 4324">
     <span class='ocr_line' id='line_1_79' title="bbox 265 4231 3566 4324; baseline -0 1"><span class='ocrx_word' id='word_1_691' title='bbox 265 4258 398 4296; x_wconf 73' lang='grc' dir='ltr'>ωοι</span> <span class='ocrx_word' id='word_1_692' title='bbox 441 4231 604 4324; x_wconf 62' lang='grc' dir='ltr'><strong>νρςέι</strong></span> <span class='ocrx_word' id='word_1_693' title='bbox 633 4231 856 4324; x_wconf 40' lang='lat' dir='ltr'><strong>eam“,</strong></span> <span class='ocrx_word' id='word_1_694' title='bbox 906 4231 1217 4324; x_wconf 56' lang='lat' dir='ltr'><strong>cauloiost</strong></span> <span class='ocrx_word' id='word_1_695' title='bbox 1257 4245 1470 4324; x_wconf 71' lang='grc' dir='ltr'><strong>[ρντηειε</strong></span> <span class='ocrx_word' id='word_1_696' title='bbox 1494 4231 1646 4312; x_wconf 52' lang='grc' dir='ltr'><strong>δοίη</strong></span> <span class='ocrx_word' id='word_1_697' title='bbox 1693 4257 1862 4324; x_wconf 53' lang='lat' dir='ltr'><strong>avare</strong></span> <span class='ocrx_word' id='word_1_698' title='bbox 1897 4311 1936 4324; x_wconf 87' lang='lat'><strong>-</strong></span> <span class='ocrx_word' id='word_1_699' title='bbox 1970 4257 2089 4324; x_wconf 64' lang='grc' dir='ltr'><strong>σξιξυς</strong></span> <span class='ocrx_word' id='word_1_700' title='bbox 2124 4231 3369 4324; x_wconf 35' lang='lat' dir='ltr'><strong>“£89656ficitas;.FESSEPQQIPaui&#39;Bﬁ‘b</strong></span> <span class='ocrx_word' id='word_1_701' title='bbox 3404 4231 3566 4324; x_wconf 42' lang='lat' dir='ltr'><strong>illisit:</strong></span> 
     </span>
    </p>
   </div>
   <div class='ocr_carea' id='block_1_79' title="bbox 267 4303 3570 4388">
    <p class='ocr_par' dir='ltr' id='par_1_79' title="bbox 267 4303 3570 4388">
     <span class='ocr_line' id='line_1_80' title="bbox 267 4303 3570 4388; baseline -0.003 -22"><span class='ocrx_word' id='word_1_702' title='bbox 267 4328 379 4369; x_wconf 89' lang='lat' dir='ltr'><strong>non</strong></span> <span class='ocrx_word' id='word_1_703' title='bbox 397 4313 611 4388; x_wconf 73' lang='lat' dir='ltr'><strong>arridet</strong></span> <span class='ocrx_word' id='word_1_704' title='bbox 638 4303 806 4388; x_wconf 61' lang='lat' dir='ltr'><strong>vatio.</strong></span> <span class='ocrx_word' id='word_1_705' title='bbox 996 4303 1144 4369; x_wconf 81' lang='lat' dir='ltr'><strong>varia</strong></span> <span class='ocrx_word' id='word_1_706' title='bbox 1181 4303 1363 4388; x_wconf 70' lang='lat' dir='ltr'><strong>lectio,</strong></span> <span class='ocrx_word' id='word_1_707' title='bbox 1384 4303 1662 4388; x_wconf 70' lang='lat' dir='ltr'><strong>formam,</strong></span> <span class='ocrx_word' id='word_1_708' title='bbox 1686 4303 1859 4388; x_wconf 79' lang='lat' dir='ltr'><strong>_ét_le-</strong></span> <span class='ocrx_word' id='word_1_709' title='bbox 1895 4311 1940 4388; x_wconf 72' lang='grc' dir='ltr'><strong>Β</strong></span> <span class='ocrx_word' id='word_1_710' title='bbox 1971 4312 2034 4388; x_wconf 67' lang='lat' dir='ltr'><strong>tit</strong></span> <span class='ocrx_word' id='word_1_711' title='bbox 2074 4325 2103 4388; x_wconf 87' lang='lat'><strong>:_</strong></span> <span class='ocrx_word' id='word_1_712' title='bbox 2127 4330 2150 4358; x_wconf 71' lang='grc' dir='ltr'><strong>ι</strong></span> <span class='ocrx_word' id='word_1_713' title='bbox 2176 4306 2423 4388; x_wconf 43' lang='lat' dir='ltr'><strong>Euripus.</strong></span> <span class='ocrx_word' id='word_1_714' title='bbox 2462 4304 2814 4386; x_wconf 69' lang='lat' dir='ltr'><strong>marisvitrei</strong></span> <span class='ocrx_word' id='word_1_715' title='bbox 2856 4305 3058 4388; x_wconf 44' lang='lat' dir='ltr'><strong>reddit“</strong></span> <span class='ocrx_word' id='word_1_716' title='bbox 3082 4305 3394 4388; x_wconf 63' lang='lat' dir='ltr'><strong>imaginem,</strong></span> <span class='ocrx_word' id='word_1_717' title='bbox 3425 4303 3570 4388; x_wconf 71' lang='lat' dir='ltr'><strong>unde</strong></span> 
     </span>
    </p>
   </div>
   <div class='ocr_carea' id='block_1_80' title="bbox 267 4382 1857 4458">
    <p class='ocr_par' dir='ltr' id='par_1_80' title="bbox 267 4382 1857 4458">
     <span class='ocr_line' id='line_1_81' title="bbox 267 4382 1857 4458; baseline -0.001 -19"><span class='ocrx_word' id='word_1_718' title='bbox 267 4383 507 4458; x_wconf 77' lang='lat' dir='ltr'><strong>gendum</strong></span> <span class='ocrx_word' id='word_1_719' title='bbox 537 4400 657 4440; x_wconf 92' lang='lat' dir='ltr'><strong>cum</strong></span> <span class='ocrx_word' id='word_1_720' title='bbox 686 4385 895 4441; x_wconf 88' lang='lat' dir='ltr'><strong>Latinio</strong></span> <span class='ocrx_word' id='word_1_721' title='bbox 931 4385 1351 4458; x_wconf 63' lang='lat' dir='ltr'><strong>interrogative,</strong></span> <span class='ocrx_word' id='word_1_722' title='bbox 1372 4382 1432 4441; x_wconf 88' lang='lat' dir='ltr'><strong>Si</strong></span> <span class='ocrx_word' id='word_1_723' title='bbox 1460 4382 1857 4458; x_wconf 15' lang='lat' dir='ltr'><strong>nonihabebat,</strong></span> 
     </span>
    </p>
   </div>
   <div class='ocr_carea' id='block_1_81' title="bbox 265 4455 1862 4582">
    <p class='ocr_par' dir='ltr' id='par_1_81' title="bbox 265 4455 1862 4582">
     <span class='ocr_line' id='line_1_82' title="bbox 265 4455 1862 4582; baseline -0.003 -71"><span class='ocrx_word' id='word_1_724' title='bbox 265 4456 541 4582; x_wconf 45' lang='lat' dir='ltr'><strong>gnomodo</strong></span> <span class='ocrx_word' id='word_1_725' title='bbox 561 4458 932 4528; x_wconf 82' lang='lat' dir='ltr'><strong>agnoscitur?</strong></span> <span class='ocrx_word' id='word_1_726' title='bbox 969 4459 1108 4514; x_wconf 80' lang='grc' dir='ltr'>ΡΑιι.</span> <span class='ocrx_word' id='word_1_727' title='bbox 1142 4455 1209 4498; x_wconf 68' lang='grc' dir='ltr'><strong>ἒ-</strong></span> <span class='ocrx_word' id='word_1_728' title='bbox 1240 4455 1506 4510; x_wconf 82' lang='lat' dir='ltr'><strong>Hallensis</strong></span> <span class='ocrx_word' id='word_1_729' title='bbox 1533 4456 1730 4524; x_wconf 89' lang='lat' dir='ltr'><strong>editor,</strong></span> <span class='ocrx_word' id='word_1_730' title='bbox 1761 4455 1862 4508; x_wconf 89' lang='lat' dir='ltr'><strong>sub</strong></span> 
     </span>
     <span class='ocr_line' id='line_1_83' title="bbox 313 4527 1861 4582; baseline 0.001 -3"><span class='ocrx_word' id='word_1_731' title='bbox 313 4527 513 4582; x_wconf 88' lang='lat' dir='ltr'><strong>henani</strong></span> <span class='ocrx_word' id='word_1_732' title='bbox 552 4528 780 4582; x_wconf 87' lang='lat' dir='ltr'><strong>lectione</strong></span> <span class='ocrx_word' id='word_1_733' title='bbox 807 4543 965 4582; x_wconf 80' lang='lat' dir='ltr'><strong>quam</strong></span> <span class='ocrx_word' id='word_1_734' title='bbox 1015 4529 1136 4582; x_wconf 83' lang='lat' dir='ltr'><strong>inse</strong></span> <span class='ocrx_word' id='word_1_735' title='bbox 1174 4527 1476 4582; x_wconf 83' lang='lat' dir='ltr'><strong>Juniusaue</strong></span> <span class='ocrx_word' id='word_1_736' title='bbox 1505 4534 1742 4582; x_wconf 91' lang='lat' dir='ltr'><strong>tuentur.</strong></span> <span class='ocrx_word' id='word_1_737' title='bbox 1783 4527 1861 4580; x_wconf 89' lang='lat' dir='ltr'><strong>la--</strong></span> 
     </span>
    </p>
   </div>
   <div class='ocr_carea' id='block_1_82' title="bbox 313 4527 1861 4600">
    <p class='ocr_par' dir='ltr' id='par_1_82' title="bbox 313 4527 1861 4600">
     <span class='ocr_line' id='line_1_84' title="bbox 313 4527 1861 4600; baseline 0.001 -21"><span class='ocrx_word' id='word_1_738' title='bbox 313 4527 780 4600; x_wconf 35' lang='lat' dir='ltr'><strong>henanile’ctione</strong></span> <span class='ocrx_word' id='word_1_739' title='bbox 807 4543 965 4599; x_wconf 87' lang='lat' dir='ltr'><strong>quam</strong></span> <span class='ocrx_word' id='word_1_740' title='bbox 993 4529 1136 4600; x_wconf 78' lang='lat' dir='ltr'><strong>ipse</strong></span> <span class='ocrx_word' id='word_1_741' title='bbox 1174 4527 1476 4600; x_wconf 82' lang='lat' dir='ltr'><strong>Juniusque</strong></span> <span class='ocrx_word' id='word_1_742' title='bbox 1505 4527 1861 4600; x_wconf 83' lang='lat' dir='ltr'><strong>tuentur,_la--</strong></span> 
     </span>
    </p>
   </div>
   <div class='ocr_carea' id='block_1_83' title="bbox 267 4596 1864 4671">
    <p class='ocr_par' dir='ltr' id='par_1_83' title="bbox 267 4596 1864 4671">
     <span class='ocr_line' id='line_1_85' title="bbox 267 4596 1864 4671; baseline -0.001 -19"><span class='ocrx_word' id='word_1_743' title='bbox 267 4606 380 4671; x_wconf 66' lang='lat' dir='ltr'><strong>tere</strong></span> <span class='ocrx_word' id='word_1_744' title='bbox 405 4597 538 4669; x_wconf 90' lang='lat' dir='ltr'><strong>quid</strong></span> <span class='ocrx_word' id='word_1_745' title='bbox 564 4614 802 4671; x_wconf 70' lang='lat' dir='ltr'><strong>graecum</strong></span> <span class='ocrx_word' id='word_1_746' title='bbox 827 4596 1160 4668; x_wconf 69' lang='lat' dir='ltr'><strong>suspicatur</strong></span> <span class='ocrx_word' id='word_1_747' title='bbox 1189 4615 1203 4652; x_wconf 91' lang='lat'><strong>:</strong></span> <span class='ocrx_word' id='word_1_748' title='bbox 1235 4596 1404 4652; x_wconf 36' lang='lat' dir='ltr'><strong>index’</strong></span> <span class='ocrx_word' id='word_1_749' title='bbox 1438 4597 1713 4671; x_wconf 82' lang='lat' dir='ltr'><strong>latinitatis</strong></span> <span class='ocrx_word' id='word_1_750' title='bbox 1739 4596 1864 4652; x_wconf 90' lang='lat' dir='ltr'><strong>Ter-</strong></span> 
     </span>
    </p>
   </div>
   <div class='ocr_carea' id='block_1_84' title="bbox 263 4668 1862 4740">
    <p class='ocr_par' dir='ltr' id='par_1_84' title="bbox 263 4668 1862 4740">
     <span class='ocr_line' id='line_1_86' title="bbox 263 4668 1862 4740; baseline 0.001 -18"><span class='ocrx_word' id='word_1_751' title='bbox 263 4668 534 4725; x_wconf 62' lang='lat' dir='ltr'><strong>tullianem</strong></span> <span class='ocrx_word' id='word_1_752' title='bbox 571 4668 647 4724; x_wconf 71' lang='lat' dir='ltr'><strong>ad</strong></span> <span class='ocrx_word' id='word_1_753' title='bbox 695 4673 832 4724; x_wconf 89' lang='lat' dir='ltr'><strong>hanc</strong></span> <span class='ocrx_word' id='word_1_754' title='bbox 861 4684 1047 4725; x_wconf 87' lang='lat' dir='ltr'><strong>vocem</strong></span> <span class='ocrx_word' id='word_1_755' title='bbox 1104 4684 1222 4725; x_wconf 90' lang='lat' dir='ltr'><strong>eam</strong></span> <span class='ocrx_word' id='word_1_756' title='bbox 1250 4683 1369 4723; x_wconf 90' lang='lat' dir='ltr'><strong>esse</strong></span> <span class='ocrx_word' id='word_1_757' title='bbox 1416 4669 1693 4740; x_wconf 91' lang='lat' dir='ltr'><strong>antiquam</strong></span> <span class='ocrx_word' id='word_1_758' title='bbox 1739 4683 1862 4723; x_wconf 92' lang='lat' dir='ltr'><strong>mo-</strong></span> 
     </span>
    </p>
   </div>
   <div class='ocr_carea' id='block_1_85' title="bbox 262 4739 1862 4812">
    <p class='ocr_par' dir='ltr' id='par_1_85' title="bbox 262 4739 1862 4812">
     <span class='ocr_line' id='line_1_87' title="bbox 262 4739 1862 4812; baseline 0 -18"><span class='ocrx_word' id='word_1_759' title='bbox 262 4749 374 4806; x_wconf 85' lang='lat' dir='ltr'><strong>net,</strong></span> <span class='ocrx_word' id='word_1_760' title='bbox 408 4759 443 4795; x_wconf 91' lang='lat' dir='ltr'><strong>a</strong></span> <span class='ocrx_word' id='word_1_761' title='bbox 472 4757 621 4797; x_wconf 86' lang='lat' dir='ltr'><strong>vano</strong></span> <span class='ocrx_word' id='word_1_762' title='bbox 673 4739 895 4803; x_wconf 87' lang='lat' dir='ltr'><strong>dictam,</strong></span> <span class='ocrx_word' id='word_1_763' title='bbox 943 4757 1006 4798; x_wconf 91' lang='lat' dir='ltr'><strong>ac</strong></span> <span class='ocrx_word' id='word_1_764' title='bbox 1040 4740 1326 4812; x_wconf 74' lang='lat' dir='ltr'><strong>designare</strong></span> <span class='ocrx_word' id='word_1_765' title='bbox 1355 4741 1500 4812; x_wconf 87' lang='lat' dir='ltr'><strong>quod</strong></span> <span class='ocrx_word' id='word_1_766' title='bbox 1533 4739 1862 4812; x_wconf 79' lang='lat' dir='ltr'><strong>magnopere</strong></span> 
     </span>
    </p>
   </div>
   <div class='ocr_carea' id='block_1_86' title="bbox 259 4810 1574 4869">
    <p class='ocr_par' dir='ltr' id='par_1_86' title="bbox 259 4810 1574 4869">
     <span class='ocr_line' id='line_1_88' title="bbox 259 4810 1574 4869; baseline 0.001 -3"><span class='ocrx_word' id='word_1_767' title='bbox 259 4813 322 4866; x_wconf 84' lang='lat' dir='ltr'><strong>ad</strong></span> <span class='ocrx_word' id='word_1_768' title='bbox 365 4813 658 4868; x_wconf 83' lang='lat' dir='ltr'><strong>vanitatem</strong></span> <span class='ocrx_word' id='word_1_769' title='bbox 687 4812 956 4869; x_wconf 89' lang='lat' dir='ltr'><strong>idolorum</strong></span> <span class='ocrx_word' id='word_1_770' title='bbox 995 4810 1400 4868; x_wconf 35' lang='lat' dir='ltr'><strong>debet—referri.</strong></span> <span class='ocrx_word' id='word_1_771' title='bbox 1433 4814 1574 4868; x_wconf 83' lang='lat' dir='ltr'><strong>Enn.</strong></span> 
     </span>
    </p>
   </div>
   <div class='ocr_carea' id='block_1_87' title="bbox 331 4882 1861 4956">
    <p class='ocr_par' dir='ltr' id='par_1_87' title="bbox 331 4882 1861 4956">
     <span class='ocr_line' id='line_1_89' title="bbox 331 4882 1861 4956; baseline 0.001 -20"><span class='ocrx_word' id='word_1_772' title='bbox 331 4883 448 4956; x_wconf 73' lang='lat'><strong>(70)</strong></span> <span class='ocrx_word' id='word_1_773' title='bbox 490 4886 559 4939; x_wconf 82' lang='lat' dir='ltr'><strong>Et</strong></span> <span class='ocrx_word' id='word_1_774' title='bbox 585 4889 800 4956; x_wconf 67' lang='lat' dir='ltr'><strong>stature</strong></span> <span class='ocrx_word' id='word_1_775' title='bbox 840 4899 1015 4956; x_wconf 81' lang='lat' dir='ltr'><strong>super</strong></span> <span class='ocrx_word' id='word_1_776' title='bbox 1053 4885 1350 4956; x_wconf 86' lang='lat' dir='ltr'><strong>Euripum.</strong></span> <span class='ocrx_word' id='word_1_777' title='bbox 1379 4883 1639 4956; x_wconf 81' lang='lat' dir='ltr'><strong>Euripus,</strong></span> <span class='ocrx_word' id='word_1_778' title='bbox 1665 4882 1861 4956; x_wconf 79' lang='lat' dir='ltr'><strong>fretum</strong></span> 
     </span>
    </p>
   </div>
   <div class='ocr_carea' id='block_1_88' title="bbox 293 4953 1859 5024">
    <p class='ocr_par' dir='ltr' id='par_1_88' title="bbox 293 4953 1859 5024">
     <span class='ocr_line' id='line_1_90' title="bbox 293 4953 1859 5024; baseline 0.001 -17"><span class='ocrx_word' id='word_1_779' title='bbox 293 4953 410 5008; x_wconf 89' lang='lat' dir='ltr'><strong>uod</strong></span> <span class='ocrx_word' id='word_1_780' title='bbox 440 4963 529 5010; x_wconf 86' lang='lat' dir='ltr'><strong>est</strong></span> <span class='ocrx_word' id='word_1_781' title='bbox 563 4955 632 5008; x_wconf 89' lang='lat' dir='ltr'><strong>ad</strong></span> <span class='ocrx_word' id='word_1_782' title='bbox 668 4953 1000 5024; x_wconf 79' lang='lat' dir='ltr'><strong>Chalcidem,</strong></span> <span class='ocrx_word' id='word_1_783' title='bbox 1057 4953 1255 5011; x_wconf 83' lang='lat' dir='ltr'><strong>nomen</strong></span> <span class='ocrx_word' id='word_1_784' title='bbox 1296 4954 1445 5009; x_wconf 88' lang='lat' dir='ltr'><strong>dedit</strong></span> <span class='ocrx_word' id='word_1_785' title='bbox 1484 4953 1556 5010; x_wconf 86' lang='lat' dir='ltr'><strong>ob</strong></span> <span class='ocrx_word' id='word_1_786' title='bbox 1598 4954 1859 5010; x_wconf 79' lang='lat' dir='ltr'><strong>similitu-</strong></span> 
     </span>
    </p>
   </div>
   <div class='ocr_carea' id='block_1_89' title="bbox 295 5025 1864 5098">
    <p class='ocr_par' dir='ltr' id='par_1_89' title="bbox 295 5025 1864 5098">
     <span class='ocr_line' id='line_1_91' title="bbox 295 5025 1864 5098; baseline 0.001 -18"><span class='ocrx_word' id='word_1_787' title='bbox 295 5027 441 5081; x_wconf 89' lang='lat' dir='ltr'><strong>inem</strong></span> <span class='ocrx_word' id='word_1_788' title='bbox 494 5025 676 5098; x_wconf 58' lang='lat' dir='ltr'><strong>fossis</strong></span> <span class='ocrx_word' id='word_1_789' title='bbox 748 5026 949 5098; x_wconf 90' lang='lat' dir='ltr'><strong>quibus</strong></span> <span class='ocrx_word' id='word_1_790' title='bbox 1000 5026 1141 5098; x_wconf 81' lang='lat' dir='ltr'><strong>ludi</strong></span> <span class='ocrx_word' id='word_1_791' title='bbox 1187 5025 1658 5082; x_wconf 85' lang='lat' dir='ltr'><strong>circumdabantur</strong></span> <span class='ocrx_word' id='word_1_792' title='bbox 1741 5041 1864 5098; x_wconf 88' lang='lat' dir='ltr'><strong>sep-</strong></span> 
     </span>
    </p>
   </div>
   <div class='ocr_carea' id='block_1_90' title="bbox 261 5095 1865 5169">
    <p class='ocr_par' dir='ltr' id='par_1_90' title="bbox 261 5095 1865 5169">
     <span class='ocr_line' id='line_1_92' title="bbox 261 5095 1865 5169; baseline 0.001 -18"><span class='ocrx_word' id='word_1_793' title='bbox 261 5103 439 5169; x_wconf 71' lang='lat' dir='ltr'><strong>tornm</strong></span> <span class='ocrx_word' id='word_1_794' title='bbox 494 5095 632 5155; x_wconf 91' lang='lat' dir='ltr'><strong>loco.</strong></span> <span class='ocrx_word' id='word_1_795' title='bbox 691 5095 918 5155; x_wconf 77' lang='lat' dir='ltr'><strong>Factum</strong></span> <span class='ocrx_word' id='word_1_796' title='bbox 980 5097 1200 5169; x_wconf 8' lang='lat' dir='ltr'><strong>deinde;</strong></span> <span class='ocrx_word' id='word_1_797' title='bbox 1229 5104 1329 5165; x_wconf 86' lang='lat' dir='ltr'><strong>est,</strong></span> <span class='ocrx_word' id='word_1_798' title='bbox 1389 5105 1447 5152; x_wconf 87' lang='lat' dir='ltr'><strong>ut</strong></span> <span class='ocrx_word' id='word_1_799' title='bbox 1498 5114 1592 5168; x_wconf 92' lang='lat' dir='ltr'><strong>pro</strong></span> <span class='ocrx_word' id='word_1_800' title='bbox 1625 5095 1865 5169; x_wconf 78' lang='lat' dir='ltr'><strong>qualibet</strong></span> 
     </span>
    </p>
   </div>
   <div class='ocr_carea' id='block_1_91' title="bbox 262 5167 1864 5241">
    <p class='ocr_par' dir='ltr' id='par_1_91' title="bbox 262 5167 1864 5241">
     <span class='ocr_line' id='line_1_93' title="bbox 262 5167 1864 5241; baseline 0.002 -20"><span class='ocrx_word' id='word_1_801' title='bbox 262 5168 407 5224; x_wconf 84' lang='lat' dir='ltr'><strong>fossa</strong></span> <span class='ocrx_word' id='word_1_802' title='bbox 452 5174 549 5223; x_wconf 87' lang='lat' dir='ltr'><strong>aut</strong></span> <span class='ocrx_word' id='word_1_803' title='bbox 592 5172 768 5241; x_wconf 85' lang='lat' dir='ltr'><strong>canali</strong></span> <span class='ocrx_word' id='word_1_804' title='bbox 812 5169 1042 5241; x_wconf 87' lang='lat' dir='ltr'><strong>coeperit</strong></span> <span class='ocrx_word' id='word_1_805' title='bbox 1079 5167 1314 5241; x_wconf 80' lang='lat' dir='ltr'><strong>Euripus</strong></span> <span class='ocrx_word' id='word_1_806' title='bbox 1352 5167 1864 5241; x_wconf 46' lang='lat' dir='ltr'><strong>usurpari.‘Plinius</strong></span> 
     </span>
    </p>
   </div>
   <div class='ocr_carea' id='block_1_92' title="bbox 260 5239 1860 5312">
    <p class='ocr_par' dir='ltr' id='par_1_92' title="bbox 260 5239 1860 5312">
     <span class='ocr_line' id='line_1_94' title="bbox 260 5239 1860 5312; baseline 0.001 -19"><span class='ocrx_word' id='word_1_807' title='bbox 260 5254 428 5311; x_wconf 87' lang='lat' dir='ltr'><strong>nepos</strong></span> <span class='ocrx_word' id='word_1_808' title='bbox 453 5241 520 5312; x_wconf 84' lang='lat' dir='ltr'><strong>in_</strong></span> <span class='ocrx_word' id='word_1_809' title='bbox 543 5240 704 5312; x_wconf 87' lang='lat' dir='ltr'><strong>epist.</strong></span> <span class='ocrx_word' id='word_1_810' title='bbox 754 5243 820 5296; x_wconf 90' lang='lat' dir='ltr'><strong>ad</strong></span> <span class='ocrx_word' id='word_1_811' title='bbox 849 5239 1144 5312; x_wconf 66' lang='lat' dir='ltr'><strong>Ciminium</strong></span> <span class='ocrx_word' id='word_1_812' title='bbox 1183 5239 1382 5312; x_wconf 72' lang='lat' dir='ltr'><strong>Rufum</strong></span> <span class='ocrx_word' id='word_1_813' title='bbox 1407 5257 1435 5312; x_wconf 7' lang='grc' dir='ltr'><strong>γε,</strong></span> <span class='ocrx_word' id='word_1_814' title='bbox 1467 5261 1489 5290; x_wconf 78' lang='grc' dir='ltr'><em>α</em></span> <span class='ocrx_word' id='word_1_815' title='bbox 1523 5240 1664 5309; x_wconf 90' lang='lat' dir='ltr'><strong>Quid</strong></span> <span class='ocrx_word' id='word_1_816' title='bbox 1696 5239 1860 5312; x_wconf 85' lang='lat' dir='ltr'><strong>Euri-</strong></span> 
     </span>
    </p>
   </div>
   <div class='ocr_carea' id='block_1_93' title="bbox 259 5310 1867 5386">
    <p class='ocr_par' dir='ltr' id='par_1_93' title="bbox 259 5310 1867 5386">
     <span class='ocr_line' id='line_1_95' title="bbox 259 5310 1867 5386; baseline 0.001 -21"><span class='ocrx_word' id='word_1_817' title='bbox 259 5310 364 5380; x_wconf 81' lang='lat' dir='ltr'><strong>pus</strong></span> <span class='ocrx_word' id='word_1_818' title='bbox 383 5310 647 5386; x_wconf 71' lang='lat' dir='ltr'><strong>viridiset</strong></span> <span class='ocrx_word' id='word_1_819' title='bbox 674 5314 1002 5386; x_wconf 77' lang='lat' dir='ltr'><strong>gemmeus?</strong></span> <span class='ocrx_word' id='word_1_820' title='bbox 1028 5332 1052 5363; x_wconf 71' lang='grc' dir='ltr'><strong>ι</strong></span> <span class='ocrx_word' id='word_1_821' title='bbox 1086 5311 1498 5386; x_wconf 69' lang='lat' dir='ltr'><strong>Vitruvius,_lib.</strong></span> <span class='ocrx_word' id='word_1_822' title='bbox 1530 5328 1611 5368; x_wconf 84' lang='lat' dir='ltr'><strong>vn</strong></span> <span class='ocrx_word' id='word_1_823' title='bbox 1630 5330 1657 5386; x_wconf 91' lang='lat'><strong>_:</strong></span> <span class='ocrx_word' id='word_1_824' title='bbox 1686 5333 1713 5362; x_wconf 75' lang='grc' dir='ltr'>α</span> <span class='ocrx_word' id='word_1_825' title='bbox 1747 5311 1867 5386; x_wconf 72' lang='lat' dir='ltr'><strong>Pin-</strong></span> 
     </span>
    </p>
   </div>
   <div class='ocr_carea' id='block_1_94' title="bbox 257 5381 1862 5456">
    <p class='ocr_par' dir='ltr' id='par_1_94' title="bbox 257 5381 1862 5456">
     <span class='ocr_line' id='line_1_96' title="bbox 257 5381 1862 5456; baseline 0.001 -20"><span class='ocrx_word' id='word_1_826' title='bbox 257 5389 463 5448; x_wconf 74' lang='lat' dir='ltr'><strong>gnntnr</strong></span> <span class='ocrx_word' id='word_1_827' title='bbox 499 5383 645 5456; x_wconf 86' lang='lat' dir='ltr'><strong>enim</strong></span> <span class='ocrx_word' id='word_1_828' title='bbox 677 5381 901 5456; x_wconf 73' lang='lat' dir='ltr'><strong>portus,</strong></span> <span class='ocrx_word' id='word_1_829' title='bbox 932 5384 1321 5456; x_wconf 86' lang='lat' dir='ltr'><strong>promontoria,</strong></span> <span class='ocrx_word' id='word_1_830' title='bbox 1370 5381 1568 5448; x_wconf 88' lang='lat' dir='ltr'><strong>littora,</strong></span> <span class='ocrx_word' id='word_1_831' title='bbox 1619 5383 1862 5450; x_wconf 87' lang='lat' dir='ltr'><strong>ﬂumina,</strong></span> 
     </span>
    </p>
   </div>
   <div class='ocr_carea' id='block_1_95' title="bbox 260 5455 1860 5582">
    <p class='ocr_par' dir='ltr' id='par_1_95' title="bbox 260 5455 1860 5582">
     <span class='ocr_line' id='line_1_97' title="bbox 260 5455 1860 5582; baseline 0.004 -75"><span class='ocrx_word' id='word_1_832' title='bbox 260 5455 455 5582; x_wconf 47' lang='grc' dir='ltr'><strong>ἕξεως,</strong></span> <span class='ocrx_word' id='word_1_833' title='bbox 474 5455 842 5528; x_wconf 75' lang='lat' dir='ltr'><strong>euripi,fana,</strong></span> <span class='ocrx_word' id='word_1_834' title='bbox 871 5455 1004 5524; x_wconf 91' lang='lat' dir='ltr'><strong>lnci,</strong></span> <span class='ocrx_word' id='word_1_835' title='bbox 1035 5463 1268 5525; x_wconf 83' lang='lat' dir='ltr'><strong>montes,</strong></span> <span class='ocrx_word' id='word_1_836' title='bbox 1297 5468 1516 5527; x_wconf 84' lang='lat' dir='ltr'><strong>pecora,</strong></span> <span class='ocrx_word' id='word_1_837' title='bbox 1539 5465 1805 5526; x_wconf 88' lang='lat' dir='ltr'><strong>pastores.</strong></span> <span class='ocrx_word' id='word_1_838' title='bbox 1835 5475 1860 5505; x_wconf 71' lang='grc' dir='ltr'><strong>ι</strong></span> 
     </span>
     <span class='ocr_line' id='line_1_98' title="bbox 387 5541 449 5582; baseline 0.016 -1"><span class='ocrx_word' id='word_1_839' title='bbox 387 5541 449 5582; x_wconf 61' lang='grc' dir='ltr'><strong>ιε.</strong></span> 
     </span>
    </p>
   </div>
   <div class='ocr_carea' id='block_1_96' title="bbox 387 5541 449 5584">
    <p class='ocr_par' dir='ltr' id='par_1_96' title="bbox 387 5541 449 5584">
     <span class='ocr_line' id='line_1_99' title="bbox 387 5541 449 5584; baseline 0.048 -3"><span class='ocrx_word' id='word_1_840' title='bbox 387 5541 449 5584; x_wconf 69' lang='grc' dir='ltr'><strong>Ν.</strong></span> 
     </span>
    </p>
   </div>
   <div class='ocr_carea' id='block_1_97' title="bbox 1973 4374 3570 4447">
    <p class='ocr_par' dir='ltr' id='par_1_97' title="bbox 1973 4374 3570 4447">
     <span class='ocr_line' id='line_1_100' title="bbox 1973 4374 3570 4447; baseline -0.004 -12"><span class='ocrx_word' id='word_1_841' title='bbox 1973 4380 2144 4435; x_wconf 85' lang='lat' dir='ltr'><strong>illud:</strong></span> <span class='ocrx_word' id='word_1_842' title='bbox 2176 4376 2428 4447; x_wconf 89' lang='lat' dir='ltr'><strong>Delphini</strong></span> <span class='ocrx_word' id='word_1_843' title='bbox 2448 4374 2680 4447; x_wconf 67' lang='lat' dir='ltr'><strong>aequoris</strong></span> <span class='ocrx_word' id='word_1_844' title='bbox 2697 4374 3282 4447; x_wconf 53' lang='lat' dir='ltr'><strong>aquasinterﬂuunt&#39;.)</strong></span> <span class='ocrx_word' id='word_1_845' title='bbox 3315 4374 3570 4447; x_wconf 76' lang='lat' dir='ltr'><strong>Novalit-</strong></span> 
     </span>
    </p>
   </div>
   <div class='ocr_carea' id='block_1_98' title="bbox 1971 4445 3566 4516">
    <p class='ocr_par' dir='ltr' id='par_1_98' title="bbox 1971 4445 3566 4516">
     <span class='ocr_line' id='line_1_101' title="bbox 1971 4445 3566 4516; baseline -0.004 -10"><span class='ocrx_word' id='word_1_846' title='bbox 1971 4459 2110 4516; x_wconf 88' lang='lat' dir='ltr'><strong>tora,</strong></span> <span class='ocrx_word' id='word_1_847' title='bbox 2155 4461 2206 4506; x_wconf 90' lang='lat' dir='ltr'><strong>et</strong></span> <span class='ocrx_word' id='word_1_848' title='bbox 2242 4445 2364 4505; x_wconf 82' lang='lat' dir='ltr'><strong>ﬁcta</strong></span> <span class='ocrx_word' id='word_1_849' title='bbox 2415 4445 2640 4504; x_wconf 84' lang='lat' dir='ltr'><strong>ﬂumina</strong></span> <span class='ocrx_word' id='word_1_850' title='bbox 2685 4445 2874 4514; x_wconf 82' lang='lat' dir='ltr'><strong>Euripi</strong></span> <span class='ocrx_word' id='word_1_851' title='bbox 2921 4445 3440 4516; x_wconf 11' lang='lat' dir='ltr'><strong>dicunturhManilio</strong></span> <span class='ocrx_word' id='word_1_852' title='bbox 3469 4445 3566 4499; x_wconf 91' lang='lat' dir='ltr'><strong>lib.</strong></span> 
     </span>
    </p>
   </div>
   <div class='ocr_carea' id='block_1_99' title="bbox 1970 4515 3564 4649">
    <p class='ocr_par' dir='ltr' id='par_1_99' title="bbox 1970 4515 3564 4649">
     <span class='ocr_line' id='line_1_102' title="bbox 1970 4515 3564 4649; baseline -0.006 -73"><span class='ocrx_word' id='word_1_853' title='bbox 1970 4537 2028 4648; x_wconf 56' lang='grc' dir='ltr'><strong>ἰν</strong></span> <span class='ocrx_word' id='word_1_854' title='bbox 2080 4525 2400 4649; x_wconf 48' lang='lat' dir='ltr'><strong>iistronom.</strong></span> <span class='ocrx_word' id='word_1_855' title='bbox 2455 4518 2587 4574; x_wconf 85' lang='lat' dir='ltr'><strong>Vide</strong></span> <span class='ocrx_word' id='word_1_856' title='bbox 2635 4516 2972 4573; x_wconf 90' lang='lat' dir='ltr'><strong>Suetonium.</strong></span> <span class='ocrx_word' id='word_1_857' title='bbox 3006 4515 3062 4570; x_wconf 91' lang='lat' dir='ltr'><strong>in</strong></span> <span class='ocrx_word' id='word_1_858' title='bbox 3116 4515 3282 4581; x_wconf 84' lang='lat' dir='ltr'><strong>Julio,</strong></span> <span class='ocrx_word' id='word_1_859' title='bbox 3316 4530 3439 4584; x_wconf 85' lang='lat' dir='ltr'><strong>cap.</strong></span> <span class='ocrx_word' id='word_1_860' title='bbox 3473 4517 3564 4568; x_wconf 87' lang='lat'><strong>39.</strong></span> 
     </span>
     <span class='ocr_line' id='line_1_103' title="bbox 2014 4609 2186 4649; baseline -0.012 0"><span class='ocrx_word' id='word_1_861' title='bbox 2014 4609 2049 4649; x_wconf 74' lang='grc' dir='ltr'><strong>ιι</strong></span> <span class='ocrx_word' id='word_1_862' title='bbox 2131 4609 2186 4648; x_wconf 81' lang='lat' dir='ltr'><strong>n.</strong></span> 
     </span>
    </p>
   </div>
   <div class='ocr_carea' id='block_1_100' title="bbox 2014 4609 2186 4650">
    <p class='ocr_par' dir='ltr' id='par_1_100' title="bbox 2014 4609 2186 4650">
     <span class='ocr_line' id='line_1_104' title="bbox 2014 4609 2186 4650; baseline -0.017 0"><span class='ocrx_word' id='word_1_863' title='bbox 2014 4609 2049 4650; x_wconf 77' lang='grc' dir='ltr'><strong>Ε</strong></span> <span class='ocrx_word' id='word_1_864' title='bbox 2089 4609 2186 4649; x_wconf 69' lang='lat' dir='ltr'><strong>PR.</strong></span> 
     </span>
    </p>
   </div>
   <div class='ocr_carea' id='block_1_101' title="bbox 2044 4653 3572 4736">
    <p class='ocr_par' dir='ltr' id='par_1_101' title="bbox 2044 4653 3572 4736">
     <span class='ocr_line' id='line_1_105' title="bbox 2044 4653 3572 4736; baseline -0.009 -17"><span class='ocrx_word' id='word_1_865' title='bbox 2044 4663 2157 4736; x_wconf 86' lang='grc'><strong>(71)</strong></span> <span class='ocrx_word' id='word_1_866' title='bbox 2189 4667 2260 4720; x_wconf 87' lang='lat' dir='ltr'><strong>Et</strong></span> <span class='ocrx_word' id='word_1_867' title='bbox 2278 4663 2548 4736; x_wconf 81' lang='lat' dir='ltr'><strong>obeliscus</strong></span> <span class='ocrx_word' id='word_1_868' title='bbox 2586 4676 2759 4736; x_wconf 74' lang='lat' dir='ltr'><strong>super</strong></span> <span class='ocrx_word' id='word_1_869' title='bbox 2784 4659 3008 4736; x_wconf 53' lang='lat' dir='ltr'><strong>omnim</strong></span> <span class='ocrx_word' id='word_1_870' title='bbox 3030 4659 3091 4713; x_wconf 91' lang='lat' dir='ltr'><strong>In</strong></span> <span class='ocrx_word' id='word_1_871' title='bbox 3111 4655 3256 4712; x_wconf 88' lang='lat' dir='ltr'><strong>circo</strong></span> <span class='ocrx_word' id='word_1_872' title='bbox 3286 4653 3572 4736; x_wconf 27' lang='lat' dir='ltr'><strong>fuissetcu-</strong></span> 
     </span>
    </p>
   </div>
   <div class='ocr_carea' id='block_1_102' title="bbox 1973 4725 3567 4804">
    <p class='ocr_par' dir='ltr' id='par_1_102' title="bbox 1973 4725 3567 4804">
     <span class='ocr_line' id='line_1_106' title="bbox 1973 4725 3567 4804; baseline -0.006 -13"><span class='ocrx_word' id='word_1_873' title='bbox 1973 4725 2212 4791; x_wconf 82' lang='lat' dir='ltr'><strong>lumnam</strong></span> <span class='ocrx_word' id='word_1_874' title='bbox 2245 4734 2388 4789; x_wconf 87' lang='lat' dir='ltr'><strong>illam</strong></span> <span class='ocrx_word' id='word_1_875' title='bbox 2421 4749 2542 4804; x_wconf 69' lang='lat' dir='ltr'><strong>quat</strong></span> <span class='ocrx_word' id='word_1_876' title='bbox 2587 4725 2865 4804; x_wconf 72' lang='lat' dir='ltr'><strong>obeliscus</strong></span> <span class='ocrx_word' id='word_1_877' title='bbox 2903 4728 3102 4804; x_wconf 81' lang='lat' dir='ltr'><strong>dicitur</strong></span> <span class='ocrx_word' id='word_1_878' title='bbox 3141 4741 3301 4804; x_wconf 77' lang='lat' dir='ltr'><strong>nemo</strong></span> <span class='ocrx_word' id='word_1_879' title='bbox 3337 4725 3567 4781; x_wconf 89' lang='lat' dir='ltr'><strong>dubitat.</strong></span> 
     </span>
    </p>
   </div>
   <div class='ocr_carea' id='block_1_103' title="bbox 1970 4799 3570 4888">
    <p class='ocr_par' dir='ltr' id='par_1_103' title="bbox 1970 4799 3570 4888">
     <span class='ocr_line' id='line_1_107' title="bbox 1970 4799 3570 4888; baseline -0.008 -24"><span class='ocrx_word' id='word_1_880' title='bbox 1970 4807 2256 4888; x_wconf 78' lang='lat' dir='ltr'><strong>Augustus</strong></span> <span class='ocrx_word' id='word_1_881' title='bbox 2302 4799 2602 4888; x_wconf 67' lang='lat' dir='ltr'><strong>obeliscum</strong></span> <span class='ocrx_word' id='word_1_882' title='bbox 2647 4803 2815 4888; x_wconf 73' lang='lat' dir='ltr'><strong>erexit</strong></span> <span class='ocrx_word' id='word_1_883' title='bbox 2855 4803 2909 4856; x_wconf 91' lang='lat' dir='ltr'><strong>in</strong></span> <span class='ocrx_word' id='word_1_884' title='bbox 2953 4801 3097 4888; x_wconf 74' lang='lat' dir='ltr'><strong>circo</strong></span> <span class='ocrx_word' id='word_1_885' title='bbox 3141 4815 3176 4888; x_wconf 57' lang='grc' dir='ltr'>ει</span> <span class='ocrx_word' id='word_1_886' title='bbox 3223 4799 3570 4888; x_wconf 77' lang='lat' dir='ltr'><strong>semneserte</strong></span> 
     </span>
    </p>
   </div>
   <div class='ocr_carea' id='block_1_104' title="bbox 1971 4872 3570 5024">
    <p class='ocr_par' dir='ltr' id='par_1_104' title="bbox 1971 4872 3570 5024">
     <span class='ocr_line' id='line_1_108' title="bbox 1971 4872 3570 4952; baseline -0.006 -18"><span class='ocrx_word' id='word_1_887' title='bbox 1971 4872 2100 4952; x_wconf 69' lang='lat' dir='ltr'><strong>rege</strong></span> <span class='ocrx_word' id='word_1_888' title='bbox 2126 4877 2386 4945; x_wconf 80' lang='lat' dir='ltr'><strong>excisum,</strong></span> <span class='ocrx_word' id='word_1_889' title='bbox 2439 4879 2542 4931; x_wconf 73' lang='lat'><strong>125</strong></span> <span class='ocrx_word' id='word_1_890' title='bbox 2586 4875 2712 4946; x_wconf 90' lang='lat' dir='ltr'><strong>ped.</strong></span> <span class='ocrx_word' id='word_1_891' title='bbox 2747 4875 2914 4929; x_wconf 89' lang='lat' dir='ltr'><strong>altum</strong></span> <span class='ocrx_word' id='word_1_892' title='bbox 2967 4880 3023 4929; x_wconf 89' lang='lat' dir='ltr'><strong>et</strong></span> <span class='ocrx_word' id='word_1_893' title='bbox 3052 4872 3338 4937; x_wconf 90' lang='lat' dir='ltr'><strong>dodrante,</strong></span> <span class='ocrx_word' id='word_1_894' title='bbox 3369 4877 3570 4942; x_wconf 71' lang='lat' dir='ltr'><strong>praeter</strong></span> 
     </span>
     <span class='ocr_line' id='line_1_109' title="bbox 1971 4943 3567 5024; baseline -0.005 -19"><span class='ocrx_word' id='word_1_895' title='bbox 1971 4950 2145 5006; x_wconf 86' lang='lat' dir='ltr'><strong>basim</strong></span> <span class='ocrx_word' id='word_1_896' title='bbox 2176 4949 2328 5024; x_wconf 74' lang='lat' dir='ltr'><strong>illius</strong></span> <span class='ocrx_word' id='word_1_897' title='bbox 2355 4948 2569 5024; x_wconf 85' lang='lat' dir='ltr'><strong>lapidis.</strong></span> <span class='ocrx_word' id='word_1_898' title='bbox 2603 4947 2759 5024; x_wconf 68' lang='lat' dir='ltr'><strong>Alter</strong></span> <span class='ocrx_word' id='word_1_899' title='bbox 2780 4945 2963 5024; x_wconf 75' lang='lat' dir='ltr'><strong>fuitin</strong></span> <span class='ocrx_word' id='word_1_900' title='bbox 2992 4958 3183 5024; x_wconf 78' lang='lat' dir='ltr'><strong>campo</strong></span> <span class='ocrx_word' id='word_1_901' title='bbox 3204 4943 3438 5024; x_wconf 66' lang='lat' dir='ltr'><strong>Martio,</strong></span> <span class='ocrx_word' id='word_1_902' title='bbox 3459 4955 3567 5023; x_wconf 40' lang='lat' dir='ltr'><strong>no.-</strong></span> 
     </span>
    </p>
   </div>
   <div class='ocr_carea' id='block_1_105' title="bbox 1971 5014 3569 5092">
    <p class='ocr_par' dir='ltr' id='par_1_105' title="bbox 1971 5014 3569 5092">
     <span class='ocr_line' id='line_1_110' title="bbox 1971 5014 3569 5092; baseline -0.008 -14"><span class='ocrx_word' id='word_1_903' title='bbox 1971 5037 2091 5078; x_wconf 86' lang='lat' dir='ltr'><strong>vem</strong></span> <span class='ocrx_word' id='word_1_904' title='bbox 2121 5021 2348 5092; x_wconf 88' lang='lat' dir='ltr'><strong>pedibus</strong></span> <span class='ocrx_word' id='word_1_905' title='bbox 2375 5014 2555 5092; x_wconf 77' lang='lat' dir='ltr'><strong>minor</strong></span> <span class='ocrx_word' id='word_1_906' title='bbox 2578 5035 2608 5073; x_wconf 93' lang='lat' dir='ltr'><strong>a</strong></span> <span class='ocrx_word' id='word_1_907' title='bbox 2630 5017 2949 5092; x_wconf 18' lang='lat' dir='ltr'><strong>‘Sesostride</strong></span> <span class='ocrx_word' id='word_1_908' title='bbox 2975 5014 3300 5092; x_wconf 60' lang='lat' dir='ltr'><strong>exsculptus.</strong></span> <span class='ocrx_word' id='word_1_909' title='bbox 3335 5014 3569 5092; x_wconf 80' lang='lat' dir='ltr'><strong>Insignis</strong></span> 
     </span>
    </p>
   </div>
   <div class='ocr_carea' id='block_1_106' title="bbox 1973 5086 3568 5166">
    <p class='ocr_par' dir='ltr' id='par_1_106' title="bbox 1973 5086 3568 5166">
     <span class='ocr_line' id='line_1_111' title="bbox 1973 5086 3568 5166; baseline -0.007 -17"><span class='ocrx_word' id='word_1_910' title='bbox 1973 5086 2136 5166; x_wconf 75' lang='lat' dir='ltr'><strong>hodie</strong></span> <span class='ocrx_word' id='word_1_911' title='bbox 2180 5100 2264 5148; x_wconf 90' lang='lat' dir='ltr'><strong>est</strong></span> <span class='ocrx_word' id='word_1_912' title='bbox 2298 5091 2592 5166; x_wconf 82' lang='lat' dir='ltr'><strong>_obelis_cus_</strong></span> <span class='ocrx_word' id='word_1_913' title='bbox 2626 5089 2715 5146; x_wconf 91' lang='lat' dir='ltr'><strong>ille</strong></span> <span class='ocrx_word' id='word_1_914' title='bbox 2746 5088 3259 5166; x_wconf 55' lang='lat' dir='ltr'><strong>vaticanusjtomae,</strong></span> <span class='ocrx_word' id='word_1_915' title='bbox 3294 5103 3361 5143; x_wconf 83' lang='lat' dir='ltr'><strong>ex</strong></span> <span class='ocrx_word' id='word_1_916' title='bbox 3385 5086 3568 5166; x_wconf 73' lang='lat' dir='ltr'><strong>lapide</strong></span> 
     </span>
    </p>
   </div>
   <div class='ocr_carea' id='block_1_107' title="bbox 1972 5157 3563 5236">
    <p class='ocr_par' dir='ltr' id='par_1_107' title="bbox 1972 5157 3563 5236">
     <span class='ocr_line' id='line_1_112' title="bbox 1972 5157 3563 5236; baseline -0.008 -15"><span class='ocrx_word' id='word_1_917' title='bbox 1972 5165 2174 5236; x_wconf 77' lang='lat' dir='ltr'><strong>Ophite,</strong></span> <span class='ocrx_word' id='word_1_918' title='bbox 2222 5163 2380 5234; x_wconf 88' lang='lat' dir='ltr'><strong>cujus</strong></span> <span class='ocrx_word' id='word_1_919' title='bbox 2407 5162 2634 5236; x_wconf 86' lang='lat' dir='ltr'><strong>altitudo</strong></span> <span class='ocrx_word' id='word_1_920' title='bbox 2665 5169 2756 5236; x_wconf 89' lang='lat' dir='ltr'><strong>est_</strong></span> <span class='ocrx_word' id='word_1_921' title='bbox 2780 5161 2976 5233; x_wconf 89' lang='lat' dir='ltr'><strong>pedum</strong></span> <span class='ocrx_word' id='word_1_922' title='bbox 3007 5161 3133 5236; x_wconf 85' lang='lat' dir='ltr'><strong>l_&#39;70,</strong></span> <span class='ocrx_word' id='word_1_923' title='bbox 3153 5167 3358 5236; x_wconf 74' lang='lat' dir='ltr'><strong>praete_r</strong></span> <span class='ocrx_word' id='word_1_924' title='bbox 3385 5157 3563 5212; x_wconf 86' lang='lat' dir='ltr'><strong>basim</strong></span> 
     </span>
    </p>
   </div>
   <div class='ocr_carea' id='block_1_108' title="bbox 2008 5230 3565 5306">
    <p class='ocr_par' dir='ltr' id='par_1_108' title="bbox 2008 5230 3565 5306">
     <span class='ocr_line' id='line_1_113' title="bbox 2008 5230 3565 5306; baseline -0.008 -14"><span class='ocrx_word' id='word_1_925' title='bbox 2008 5230 2304 5306; x_wconf 44' lang='lat' dir='ltr'><strong>uaa&#39;pedes&#39;</strong></span> <span class='ocrx_word' id='word_1_926' title='bbox 2333 5235 2577 5290; x_wconf 90' lang='lat' dir='ltr'><strong>continet</strong></span> <span class='ocrx_word' id='word_1_927' title='bbox 2613 5236 2701 5306; x_wconf 62' lang='lat'><strong>37.</strong></span> <span class='ocrx_word' id='word_1_928' title='bbox 2736 5230 2793 5306; x_wconf 75' lang='lat' dir='ltr'><strong>Is</strong></span> <span class='ocrx_word' id='word_1_929' title='bbox 2817 5247 2986 5304; x_wconf 83' lang='lat' dir='ltr'><strong>Opera</strong></span> <span class='ocrx_word' id='word_1_930' title='bbox 3010 5230 3278 5306; x_wconf 78' lang='lat' dir='ltr'><strong>Dominici</strong></span> <span class='ocrx_word' id='word_1_931' title='bbox 3309 5230 3565 5306; x_wconf 68' lang='lat' dir='ltr'><strong>Fontanaa</strong></span> 
     </span>
    </p>
   </div>
   <div class='ocr_carea' id='block_1_109' title="bbox 1970 5253 3564 5380">
    <p class='ocr_par' dir='ltr' id='par_1_109' title="bbox 1970 5253 3564 5380">
     <span class='ocr_line' id='line_1_114' title="bbox 2008 5253 3564 5306; baseline -0.008 -14"><span class='ocrx_word' id='word_1_932' title='bbox 2008 5253 2091 5292; x_wconf 66' lang='lat' dir='ltr'><strong>ua:</strong></span> <span class='ocrx_word' id='word_1_933' title='bbox 2121 5253 2289 5306; x_wconf 82' lang='lat' dir='ltr'><strong>penes</strong></span> <span class='ocrx_word' id='word_1_934' title='bbox 2333 5253 2577 5290; x_wconf 74' lang='lat' dir='ltr'><strong>continet</strong></span> <span class='ocrx_word' id='word_1_935' title='bbox 2613 5253 2701 5290; x_wconf 69' lang='grc' dir='ltr'>δί.</span> <span class='ocrx_word' id='word_1_936' title='bbox 2736 5253 2789 5287; x_wconf 72' lang='grc' dir='ltr'>ιε</span> <span class='ocrx_word' id='word_1_937' title='bbox 2817 5253 2986 5304; x_wconf 85' lang='lat' dir='ltr'><strong>opera</strong></span> <span class='ocrx_word' id='word_1_938' title='bbox 3011 5253 3278 5287; x_wconf 76' lang='grc' dir='ltr'>υοηιιωοι</span> <span class='ocrx_word' id='word_1_939' title='bbox 3309 5253 3564 5285; x_wconf 68' lang='grc' dir='ltr'>ιπυιιιιιυω</span> 
     </span>
     <span class='ocr_line' id='line_1_115' title="bbox 1970 5253 3564 5380; baseline -0.009 -14"><span class='ocrx_word' id='word_1_940' title='bbox 1970 5253 2254 5366; x_wconf 58' lang='grc' dir='ltr'><strong>ἓοῐηθιηὶε</strong></span> <span class='ocrx_word' id='word_1_941' title='bbox 2299 5321 2332 5362; x_wconf 88' lang='lat' dir='ltr'><strong>e</strong></span> <span class='ocrx_word' id='word_1_942' title='bbox 2379 5306 2600 5380; x_wconf 76' lang='lat' dir='ltr'><strong>sinistro</strong></span> <span class='ocrx_word' id='word_1_943' title='bbox 2656 5304 2896 5361; x_wconf 86' lang='lat' dir='ltr'><strong>Vaticani</strong></span> <span class='ocrx_word' id='word_1_944' title='bbox 2947 5303 3137 5380; x_wconf 77' lang='lat' dir='ltr'><strong>templi</strong></span> <span class='ocrx_word' id='word_1_945' title='bbox 3166 5303 3332 5380; x_wconf 48' lang='lat' dir='ltr'><strong>littere</strong></span> <span class='ocrx_word' id='word_1_946' title='bbox 3363 5299 3425 5380; x_wconf 71' lang='lat' dir='ltr'><strong>in_</strong></span> <span class='ocrx_word' id='word_1_947' title='bbox 3449 5312 3564 5380; x_wconf 72' lang='lat' dir='ltr'><strong>me-</strong></span> 
     </span>
    </p>
   </div>
   <div class='ocr_carea' id='block_1_110' title="bbox 1971 5367 3566 5454">
    <p class='ocr_par' dir='ltr' id='par_1_110' title="bbox 1971 5367 3566 5454">
     <span class='ocr_line' id='line_1_116' title="bbox 1971 5367 3566 5454; baseline -0.013 -14"><span class='ocrx_word' id='word_1_948' title='bbox 1971 5380 2115 5454; x_wconf 75' lang='lat' dir='ltr'><strong>diam</strong></span> <span class='ocrx_word' id='word_1_949' title='bbox 2145 5379 2375 5450; x_wconf 89' lang='lat' dir='ltr'><strong>plateam</strong></span> <span class='ocrx_word' id='word_1_950' title='bbox 2402 5376 2692 5454; x_wconf 73' lang='lat' dir='ltr'><strong>translatus</strong></span> <span class='ocrx_word' id='word_1_951' title='bbox 2720 5385 2802 5454; x_wconf 83' lang='lat' dir='ltr'><strong>est</strong></span> <span class='ocrx_word' id='word_1_952' title='bbox 2831 5392 2920 5433; x_wconf 88' lang='lat' dir='ltr'><strong>an.</strong></span> <span class='ocrx_word' id='word_1_953' title='bbox 2970 5367 3150 5454; x_wconf 37' lang='lat'><strong>1586...</strong></span> <span class='ocrx_word' id='word_1_954' title='bbox 3176 5367 3566 5454; x_wconf 10' lang='lat' dir='ltr'><strong>lf‘orro&#39;liibzide</strong></span> 
     </span>
    </p>
   </div>
   <div class='ocr_carea' id='block_1_111' title="bbox 1973 5438 3566 5520">
    <p class='ocr_par' dir='ltr' id='par_1_111' title="bbox 1973 5438 3566 5520">
     <span class='ocr_line' id='line_1_117' title="bbox 1973 5438 3566 5520; baseline -0.011 -12"><span class='ocrx_word' id='word_1_955' title='bbox 1973 5438 2222 5520; x_wconf 63' lang='lat' dir='ltr'><strong>Spectat).</strong></span> <span class='ocrx_word' id='word_1_956' title='bbox 2252 5465 2372 5520; x_wconf 88' lang='lat' dir='ltr'><strong>cap.</strong></span> <span class='ocrx_word' id='word_1_957' title='bbox 2406 5454 2462 5505; x_wconf 89' lang='lat'><strong>8.</strong></span> <span class='ocrx_word' id='word_1_958' title='bbox 2494 5449 2738 5506; x_wconf 83' lang='lat' dir='ltr'><strong>Obelisci</strong></span> <span class='ocrx_word' id='word_1_959' title='bbox 2757 5448 3070 5520; x_wconf 77' lang='lat' dir='ltr'><strong>enormitas</strong></span> <span class='ocrx_word' id='word_1_960' title='bbox 3099 5443 3317 5500; x_wconf 91' lang='lat' dir='ltr'><strong>dicitur.</strong></span> <span class='ocrx_word' id='word_1_961' title='bbox 3347 5439 3426 5494; x_wconf 88' lang='lat' dir='ltr'><strong>De</strong></span> <span class='ocrx_word' id='word_1_962' title='bbox 3457 5438 3566 5492; x_wconf 89' lang='lat' dir='ltr'><strong>hoc</strong></span> 
     </span>
    </p>
   </div>
   <div class='ocr_carea' id='block_1_112' title="bbox 1973 5468 2882 5589">
    <p class='ocr_par' dir='ltr' id='par_1_112' title="bbox 1973 5468 2882 5589">
     <span class='ocr_line' id='line_1_118' title="bbox 1973 5468 2882 5520; baseline -0.006 -12"><span class='ocrx_word' id='word_1_963' title='bbox 1973 5468 2011 5508; x_wconf 73' lang='grc' dir='ltr'>δ</span> <span class='ocrx_word' id='word_1_964' title='bbox 2047 5468 2222 5508; x_wconf 75' lang='lat' dir='ltr'><strong>ectae.</strong></span> <span class='ocrx_word' id='word_1_965' title='bbox 2252 5468 2372 5520; x_wconf 88' lang='lat' dir='ltr'><strong>cap.</strong></span> <span class='ocrx_word' id='word_1_966' title='bbox 2406 5468 2462 5505; x_wconf 76' lang='grc' dir='ltr'><strong>δ.</strong></span> <span class='ocrx_word' id='word_1_967' title='bbox 2494 5468 2882 5506; x_wconf 75' lang='grc' dir='ltr'><strong>υοειιδσισηοτ</strong></span> 
     </span>
     <span class='ocr_line' id='line_1_119' title="bbox 1973 5468 2882 5589; baseline -0.006 -10"><span class='ocrx_word' id='word_1_968' title='bbox 1973 5468 2110 5579; x_wconf 52' lang='lat' dir='ltr'><strong>Prin.</strong></span> <span class='ocrx_word' id='word_1_969' title='bbox 2142 5522 2239 5580; x_wconf 91' lang='lat' dir='ltr'><strong>lib.</strong></span> <span class='ocrx_word' id='word_1_970' title='bbox 2268 5535 2476 5589; x_wconf 78' lang='lat' dir='ltr'><strong>xxxvr,</strong></span> <span class='ocrx_word' id='word_1_971' title='bbox 2508 5536 2558 5578; x_wconf 91' lang='lat' dir='ltr'><strong>c.</strong></span> <span class='ocrx_word' id='word_1_972' title='bbox 2589 5523 2643 5575; x_wconf 86' lang='lat'><strong>9.</strong></span> <span class='ocrx_word' id='word_1_973' title='bbox 2676 5520 2754 5575; x_wconf 75' lang='lat' dir='ltr'><strong>Ls</strong></span> <span class='ocrx_word' id='word_1_974' title='bbox 2783 5519 2882 5575; x_wconf 78' lang='lat' dir='ltr'><strong>Pa.</strong></span> 
     </span>
    </p>
   </div>
   <div class='ocr_carea' id='block_1_113' title="bbox 2789 5765 2818 5787">
    <p class='ocr_par' dir='ltr' id='par_1_113' title="bbox 2789 5765 2818 5787">
     <span class='ocr_line' id='line_1_120' title="bbox 2789 5765 2818 5787; baseline 0 0"><span class='ocrx_word' id='word_1_975' title='bbox 2789 5765 2818 5787; x_wconf 62' lang='grc' dir='ltr'><em>Ι</em></span> 
     </span>
    </p>
   </div>
  </div>
