4002 6118
392 210 497 269 255

1104 205 1542 266 TERTULLIANl
1580 205 1848 267 OPBRUM
1886 208 2053 268 PARS
2093 209 2157 267 ll.
2196 238 2264 252 -—
2304 209 2531 269 SERIES
2569 210 2608 276 l,
2650 209 2995 269 POLEMICA.

3584 209 3691 268 256

392 351 532 397 trum
554 340 645 406 sit,
678 344 964 406 utrumque
992 334 1216 391 materia
1243 334 1515 392 censenda
1544 335 1669 391 est?
1697 336 1813 391 Erit
1844 338 1988 392 enim
2023 351 2070 430 Α
2106 352 2214 392 non
2241 337 2538 408 accepisset
2583 336 2990 393 translationem
3017 335 3071 389 in
3104 332 3297 390 melius
3327 354 3338 391 :
3388 349 3485 391 nec
3533 335 3690 406 quic-

390 426 687 499 corporalis
733 433 788 480 et
832 424 1195 495 incorporalis
1242 424 1501 481 adversus
1542 425 1989 480 renuntiationem

393 522 551 572 recta
583 512 806 568 rationis
831 512 882 550 92
912 512 1078 577 illius,
1111 513 1270 582 plane
1300 513 1557 568 rationem
1582 527 1691 567 non
1723 513 1995 568 reddentis

391 602 669 660 sententia
699 618 813 658 sua
842 602 983 658 sicut
1010 617 1108 657 nec
1156 602 1260 655 alia
1289 601 1484 655 reddit.
1517 602 1809 671 Corporale
1848 605 1991 659 enim

390 693 630 749 materia
660 693 770 748 vult
790 707 930 757 esse,
959 692 1025 747 de
1057 705 1168 763 quo
1195 705 1425 761 corpora
1452 692 1678 746 edantur
1701 691 1992 765 ;incorpo-

393 783 502 837 rale
520 797 671 846 vero,
686 782 1017 836 inconditum
1038 789 1240 835 motum
1263 780 1399 849 ejus.
1425 778 1481 835 Si
1501 779 1663 845 enim,
1679 782 1776 846 ait,
1795 797 1994 854 corpus

394 870 768 927 tantummodo
797 878 962 935 esset,
1015 869 1146 924 nihil
1194 868 1245 923 ei
1287 868 1629 939 incorporale
1666 879 1903 940 apparet,
1938 871 1991 925 id

393 966 478 1016 est
522 971 721 1015 motus.
769 959 827 1015 Si
864 974 992 1014 vero
1051 958 1108 1012 in
1155 964 1325 1013 totum
1364 957 1717 1028 incorporalis
1778 958 1990 1027 fuisset,

389 1050 599 1105 nullum
628 1064 828 1121 corpus
866 1063 933 1103 ex
962 1062 1026 1102 ea
1064 1046 1230 1104 ﬁeret.
1280 1045 1494 1115 Quanto
1525 1048 1638 1101 hac
1683 1048 1880 1103 rectior
1909 1063 1993 1101 ra-

395 1139 469 1195 tio
498 1138 509 1192 l
547 1138 647 1193 nisi
677 1137 821 1209 quod
855 1138 903 1191 si
937 1145 1043 1192 tam
1082 1144 1254 1191 rectas
1300 1134 1474 1191 lineas
1504 1135 1658 1191 ducis
1690 1135 1825 1207 (77),
1858 1137 1993 1192 Her-

397 1244 680 1300 mogenes,
711 1244 870 1299 quam
921 1226 1053 1282 ratio
1094 1226 1196 1280 ista
1220 1224 1271 1264 93
1297 1224 1473 1296 pictor
1520 1233 1572 1279 te
1624 1226 1843 1282 bardior
1886 1241 1994 1281 non

330 1336 335 1345 ε
396 1325 497 1373 est.
530 1316 663 1385 Quis
701 1316 845 1371 enim
894 1316 987 1371 tibi
1037 1314 1285 1370 concedit
1326 1323 1532 1370 motum
1590 1315 1646 1369 in
1693 1316 1992 1371 secundam

396 1414 604 1477 partem
644 1405 959 1460 substantia
1008 1406 1266 1473 deputare
1294 1403 1321 1456 ?
1360 1418 1481 1458 cum
1532 1403 1863 1460 substantive
1909 1419 1997 1458 res

397 1509 504 1549 non
544 1494 629 1559 sit,
659 1493 788 1565 quia
834 1509 932 1549 nec
957 1492 1409 1564 corporalis;sed
1458 1492 1708 1548 accidens
1746 1491 1791 1545 si
1832 1491 1989 1547 forte.

398 1583 712 1640 substantia
760 1593 815 1638 et
850 1583 1113 1654 corporis,
1156 1590 1215 1635 ut
1241 1588 1414 1647 actus,
1454 1589 1506 1635 et
1543 1579 1754 1650 pulsus,
1785 1588 1842 1634 ut
1868 1578 1992 1649 lap-

399 1633 711 1640 παπ---η
765 1633 813 1638 -,
1379 1633 1413 1647 κ,
1464 1633 1502 1635 ν
1544 1633 1557 1650 ,
1590 1633 1614 1636 _,
1797 1633 1839 1634 η

397 1690 511 1739 sus,
545 1682 602 1728 ut
630 1688 810 1735 casus,
841 1671 914 1726 ita
958 1680 1012 1727 et
1048 1680 1248 1726 motus.
1296 1669 1437 1724 Nam
1485 1668 1602 1724 sive
1639 1684 1671 1723 a
1707 1669 1994 1739 semetipso
2029 1633 2072 1710 Β

396 1763 529 1835 quid
562 1768 830 1824 movetur,
866 1767 1019 1815 actus
1042 1760 1161 1828 ejus
1190 1766 1272 1813 est
1301 1763 1497 1828 motus,
1537 1765 1683 1813 certe
1711 1773 1836 1829 pars
1864 1758 1997 1813 sub-

400 1848 609 1905 stantia
638 1863 746 1903 non
786 1853 870 1903 est
905 1847 1048 1901 sicut
1103 1855 1157 1900 tu
1204 1852 1409 1902 motum
1456 1846 1815 1902 substantiam
1870 1846 1999 1903 facis

400 1936 635 1992 materiae
697 1934 1109 2005 incorporalem.
1166 1932 1361 1990 Omnia
1425 1933 1659 2006 denique
1716 1941 2001 1992 moventur

400 2032 493 2080 aut
519 2039 549 2076 a
580 2023 910 2095 semetipsis,
932 2031 985 2077 ut
1015 2022 1291 2090 animalia;
1325 2034 1420 2079 aut
1464 2024 1532 2077 ab
1562 2023 1700 2091 aliis,
1732 2023 1783 2062 95
1820 2030 1877 2079 ut
1918 2024 1998 2078 in-

402 2111 657 2168 animalia
706 2110 852 2182 (78):
900 2120 1077 2167 tamen
1131 2127 1230 2167 nec
1274 2112 1566 2176 hominem,
1615 2127 1716 2167 nec
1768 2112 1998 2184 lapidem

403 2200 741 2273 corporalem
778 2210 831 2257 et
875 2201 1272 2273 incorporalem
1318 2201 1567 2267 dicimus,
1599 2201 1727 2273 quia
1772 2209 1824 2256 et
1870 2218 1999 2257 cor-

402 2307 505 2364 pus
534 2291 731 2346 habeat
773 2300 825 2345 et
871 2298 1095 2356 motum,
1146 2291 1239 2346 sed
1270 2304 1429 2346 unam
1475 2290 1724 2347 omnibus
1775 2291 1999 2347 formam

403 2379 578 2438 solius
632 2379 1041 2449 corporalitatis,
1101 2395 1222 2451 qua
1268 2378 1584 2436 substantia
1642 2394 1729 2436 res
1784 2389 1899 2436 est:
1953 2367 2001 2434 si

403 2486 511 2541 qua
540 2468 898 2540 incorporalia
921 2468 972 2506 9⁵
999 2468 1077 2524 eis
1118 2469 1332 2537 adsunt,
1366 2466 1527 2525 28I
1576 2476 1667 2523 aut
1693 2476 1861 2532 actus,
1909 2476 2004 2523 aut

405 2558 707 2630 passiones,
738 2565 833 2612 aut
861 2555 1054 2623 ofﬁcia,
1086 2568 1180 2613 aut
1223 2556 1472 2613 libidines
1508 2573 1694 2612 eorum
1722 2558 1854 2629 ('79),
1895 2572 2002 2613 non

405 2645 685 2719 portiones
740 2645 1085 2715 deputamus.
1111 2644 1270 2716 Quod
1325 2660 1457 2718 ergo
1504 2645 1648 2711 facit,
1703 2646 2001 2716 portionem

406 2734 644 2791 materia
673 2734 728 2790 in
756 2743 960 2790 motum
1003 2734 1316 2805 disponere,
1365 2735 1458 2807 qui
1489 2749 1593 2791 non
1645 2735 1711 2790 ab
1754 2735 2003 2791 substan-

407 2825 534 2881 tiam
576 2824 823 2894 pertinet,
875 2823 969 2879 sed
1019 2823 1088 2879 ad
1144 2823 1463 2881 substantia
1520 2824 1807 2880 habitum?
1863 2824 2005 2894 Quid

2105 442 2268 499 quam
2308 419 2715 497 compositionis
2756 442 2868 482 sua
2914 423 3262 496 applicuisset
3291 422 3370 477 illi
3424 424 3571 478 Deus
3600 424 3690 478 tali

2102 523 2293 571 natura
2325 534 2337 571 :
2371 514 2425 570 in
2454 531 2681 572 vacuum
2711 516 2736 554 3
2772 515 2915 569 enim
2946 514 3269 570 laborasset.
3306 531 3331 564 ι
3374 512 3550 568 Verba
3578 512 3694 569 hac

2102 613 2194 662 tua
2223 611 2345 660 sunt
2387 623 2399 659 :
2432 620 2663 676 quorum
2692 612 2740 659 te
2768 611 2822 659 et
2850 602 2976 659 alibi
2999 600 3314 657 meminisse
3353 607 3689 671 oportuerat,

2101 710 2167 750 ne
2197 692 2325 766 quid
2371 693 2456 747 his
2503 693 2832 749 contrarium
2882 691 3128 748 inferres.
3172 690 3275 746 Sed
3323 688 3581 761 quoniam
3629 689 3693 743 de

2102 782 2225 837 mali
2252 791 2306 839 et
2331 782 2459 837 boni
2487 782 2837 856 ambiguitate
2869 796 3037 852 super
3074 779 3353 835 materiam
3402 778 3459 833 in
3490 788 3691 850 prate-

2102 872 2218 926 ritis
2263 870 2463 943 aliquid
2512 871 2858 926 tractavimus
2895 872 2938 938 4,
2974 883 3118 924 nunc
3162 868 3231 924 ad
3281 875 3613 938 prasentem
3642 877 3695 923 et

2102 964 2270 1017 solam
2334 960 2763 1031 prepositionem
2834 968 2887 1015 et
2952 956 3472 1031 argumentationem
3548 964 3693 1011 tuam

2101 1049 2466 1120 respondebo.
2499 1051 2611 1106 Nec
2662 1049 2853 1115 dicam,
2906 1057 2958 1104 et
3005 1047 3093 1104 hic
3133 1055 3183 1102 te
3234 1054 3443 1103 certum
3492 1046 3693 1119 aliquid

2101 1139 2354 1195 debuisse
2399 1139 2779 1210 pronuntiasse
2818 1149 2912 1194 aut
2940 1139 3155 1201 bonam,
3190 1140 3283 1191 aut
3320 1135 3515 1190 malam
3541 1136 3566 1173 5
3605 1143 3698 1191 aut

2103 1230 2318 1286 tertium
2350 1229 2549 1301 aliquid
2582 1248 2595 1284 :
2636 1229 2730 1285 sed
2778 1230 2844 1285 de
2886 1227 2971 1282 his
2997 1229 3022 1266 6
3051 1226 3203 1298 quod
3233 1225 3328 1281 tibi
3376 1225 3534 1281 libuit
3563 1240 3696 1297 pro-

2103 1319 2401 1384 nuntiasse,
2460 1318 2785 1375 custodisse.
2835 1315 3115 1373 Rescindis
3168 1314 3311 1370 enim
3368 1314 3513 1385 quod
3558 1329 3698 1385 pro-

2103 1408 2363 1481 nuntiasti
2392 1422 2491 1462 nec
2518 1409 2714 1463 bonam
2760 1422 2859 1462 nec
2904 1407 3101 1461 malam
3131 1422 3144 1458 :
3190 1404 3318 1476 quia
3348 1419 3470 1460 cum
3510 1403 3645 1459 dicis
3681 1424 3694 1458 :

2102 1498 2162 1555 Si
2191 1502 2329 1554 esset
2360 1496 2519 1562 bona,
2542 1512 2658 1553 non
2685 1495 3031 1552 desideraret
3057 1494 3316 1565 componi
3352 1510 3387 1548 a
3420 1496 3545 1561 Deo,
3575 1508 3697 1547 ma-

2103 1585 2209 1639 lam
2240 1583 2519 1654 portendis
2555 1602 2567 1638 :
2601 1593 2653 1638 et
2680 1599 2801 1639 eum
2836 1582 3065 1655 apponis
3092 1599 3105 1638 :
3133 1583 3191 1639 Si
3219 1584 3364 1639 esset
3392 1582 3553 1636 mala
3584 1599 3697 1638 na-

2107 1678 2376 1737 tura,non
2391 1671 2720 1729 admitteret
2744 1672 2806 1725 in
2823 1671 3021 1728 melius
3036 1669 3699 1734 translationem,bonam

2108 1759 2450 1817 subostendis
2480 1762 2501 1799 ⁷
2526 1776 2540 1815 :
2561 1767 2722 1832 atque
2733 1759 2805 1815 ita
2825 1769 2877 1816 et
2905 1758 3034 1815 boni
3063 1766 3119 1814 et
3136 1758 3258 1813 mali
3286 1756 3505 1815 afﬁnem
3531 1772 3700 1814 cons-

2109 1849 2295 1905 tituisti
2331 1850 2380 1915 ⁸,
2419 1865 2582 1920 quam
2640 1860 2769 1905 nec
2806 1847 3001 1902 malam
3056 1845 3423 1916 pronuntiasti
3501 1846 3569 1902 Ut
3598 1861 3703 1901 au-

2108 1948 2214 1995 tem
2243 1938 2268 1976 9
2298 1936 2837 2010 argumentationem,
2868 1951 2975 2008 qua
3016 1934 3218 2007 putasti
3276 1944 3326 1991 te
3365 1933 3703 2005 propositio-

2107 2044 2229 2084 nem
2255 2034 2401 2082 tuam
2429 2025 2892 2091 confirmaturum,
2927 2024 3235 2089 retundam,‘
3281 2037 3495 2094 oppono
3533 2022 3702 2078 etiam

2106 2116 2239 2173 illud
2272 2131 2286 2173 :
2311 2115 2370 2172 Si
2396 2113 2743 2172 bonafuisset
2762 2112 2982 2168 materia
3013 2127 3252 2183 semper,
3278 2126 3447 2184 quare
3474 2127 3582 2168 non
3604 2111 3706 2166 de-

2107 2205 2398 2264 siderasset
2423 2203 2477 2259 in
2507 2203 2699 2259 melius
2727 2200 3056 2258 reformari?
3083 2198 3254 2257 232
3284 2200 3438 2269 Quod
3469 2200 3697 2267 bonum,

2109 2310 2215 2351 non
2245 2293 2535 2362 desiderat,
2568 2299 2663 2348 aut
2692 2307 2802 2348 non
2832 2298 3002 2363 Optat,
3057 2300 3147 2346 aut
3174 2305 3284 2347 non
3312 2291 3459 2363 capit
3490 2292 3534 2330 ιο
3566 2304 3701 2361 pro-

2109 2382 2329 2449 fectum,
2362 2390 2421 2438 ut
2449 2382 2541 2439 ﬁat
2567 2382 2634 2437 de
2662 2382 2806 2439 bono
2853 2380 3090 2437 melius?
3120 2381 3307 2452 Eque,
3339 2380 3387 2435 si
3433 2380 3570 2435 mala
3598 2394 3701 2434 na-

2109 2479 2228 2526 tura
2259 2472 2468 2539 fuisset,
2505 2485 2671 2542 quare
2720 2484 2827 2525 non
2861 2469 3093 2540 potuerit
3120 2484 3150 2523 a
3179 2470 3297 2524 Deo
3345 2468 3606 2536 converti,
3639 2474 3707 2523 ut

2110 2576 2141 2616 a
2170 2560 2491 2632 potentiore,
2519 2566 2577 2614 ut
2606 2559 2675 2614 ab
2700 2573 2766 2613 eo
2795 2557 2889 2630 qui
2921 2557 3177 2631 lapidum
3197 2572 3408 2632 quoque
3426 2561 3708 2615 naturam.

2110 2655 2428 2710 convertere
2464 2650 2653 2707 valeat
2685 2649 2749 2703 in
2777 2648 2924 2718 ﬁlios
2957 2646 3219 2704 Abrahce?
3247 2646 3469 2719 (Matth.
3500 2662 3583 2713 ur,
3618 2646 3707 2717 9.)

2110 2740 2318 2811 Nempe
2349 2754 2479 2812 ergo
2510 2753 2618 2794 non
2666 2744 2874 2793 tantum
2920 2750 3199 2808 comparas
3242 2737 3420 2792 Deum
3452 2736 3495 2774 ιι
3525 2742 3707 2789 mate-

2113 2828 2229 2895 ria,
2260 2828 2355 2883 sed
2401 2836 2455 2882 et
2483 2826 2727 2897 subjicis,
2767 2842 2799 2881 a
2846 2841 2954 2898 quo
3000 2833 3191 2881 natura
3218 2824 3459 2880 materia
3488 2823 3709 2880 devinci

408 2913 550 2969 enim
582 2913 627 2968 si
660 2913 990 2969 immobilem
1024 2912 1291 2985 placuisse
1318 2913 1412 2970 tibi
1435 2914 1692 2971 inducere
1725 2913 2005 2971 materiam
2037 2919 2081 2999 ε
2110 2926 2163 2975 et
2190 2918 2434 2975 edomari
2465 2918 2511 2956 ι²
2553 2916 2608 2972 in
2637 2914 2833 2973 melius
2860 2930 2972 2972 non
3002 2915 3288 2988 potuisset.
3321 2913 3427 2971 Sed
3454 2923 3508 2969 et
3533 2928 3708 2985 quam

400 3002 659 3075 numquid
707 3002 1051 3059 immobilitas
1095 3003 1327 3059 secunda
1382 3019 1506 3075 pars
1550 3003 1737 3060 forma
1774 3003 2001 3075 ,videre-

401 3097 490 3146 tur
520 3089 549 3148 ἳ
577 3089 666 3148 Sic
690 3090 868 3164 itaque
900 3108 998 3150 nec
1026 3099 1204 3148 motus
1236 3109 1250 3147 :
1281 3092 1381 3150 sed
1410 3092 1478 3148 de
1507 3100 1657 3150 motu
1686 3102 1740 3149 et
1767 3091 1895 3149 alibi
1925 3092 1997 3149 li-

400 3180 540 3237 cebit
563 3179 616 3220 9°
643 3182 777 3251 (96).

912 3324 1137 3380 CAPUT
1173 3323 1460 3379 XXXVII.

470 3448 625 3506 Nunc
665 3447 808 3506 enim
841 3447 1000 3505 video
1044 3454 1098 3503 te
1128 3447 1192 3502 ad
1223 3446 1383 3502 aliam
1424 3445 1474 3485 97
1504 3462 1694 3503 rursus
1740 3447 2001 3504 rationem

401 3538 620 3605 reverti,
666 3554 785 3611 qua
825 3537 919 3593 tibi
965 3537 1097 3593 nihil
1146 3537 1280 3592 certi
1331 3538 1637 3593 renuntiare
1690 3538 2001 3593 consuevit.

401 3626 537 3680 Nam
568 3624 710 3681 sicut
737 3625 788 3663 98
838 3642 937 3681 nec
982 3624 1321 3694 corporalem
1362 3640 1463 3681 nec
1490 3623 1883 3694 incorporalem
1914 3625 2004 3680 in-

368 3714 513 3768 ters
545 3715 595 3753 99
639 3713 945 3779 materiam,
986 3713 1061 3769 ita
1106 3729 1207 3769 nec
1244 3713 1440 3769 bonam
1490 3729 1589 3770 nec
1627 3714 1821 3770 malam
1868 3716 2006 3771 alle-

403 3819 501 3879 gas
534 3803 581 3856 1:
607 3811 662 3858 et
688 3802 916 3874 proinde
935 3811 1487 3874 superargumentans
1509 3803 1532 3841 ²
1555 3820 1569 3857 :
1606 3826 1630 3851 α
1655 3802 1712 3859 Si
1740 3803 1903 3872 enim,
1931 3804 2008 3866 in-

401 3891 541 3963 quis,
575 3900 723 3947 esset
752 3892 892 3946 bona
930 3906 1052 3963 qua
1082 3906 1298 3963 semper
1345 3892 1450 3948 hoc
1477 3891 1671 3962 fuerat,
1700 3907 1811 3948 non
1855 3893 2006 3950 desi-

401 3982 616 4037 deraret
659 3980 1111 4052 compositionem
1144 3979 1278 4036 Dei:
1330 3980 1376 4037 si
1423 3990 1567 4037 esset
1612 3989 1801 4037 natura
1848 3984 2009 4050 mala,

2109 3006 2197 3064 hic
2224 3022 2332 3063 non
2389 3006 2469 3066 vis
2524 3012 2715 3063 natura
2744 3004 2961 3075 malam,
3000 3004 3129 3061 alibi
3161 3013 3215 3060 te
3261 3003 3571 3062 confessum
3596 3017 3707 3057 ne-

2108 3095 2282 3171 gabis.

2615 3234 2841 3292 CAPUT
2879 3234 3190 3292 XXXVIII.

2181 3361 2262 3416 De
2293 3359 2400 3415 situ
2429 3358 2669 3415 materia
2698 3358 2753 3414 id
2792 3366 2986 3426 tracto,
3015 3357 3159 3430 quod
3188 3366 3240 3413 et
3266 3357 3334 3414 de
3362 3364 3514 3414 motu
3546 3352 3617 3424 13,
3646 3364 3711 3412 ut

2111 3446 2515 3519 perversitatem
2545 3454 2689 3503 tuam
2722 3449 2987 3502 traducat.
3018 3446 3399 3516 Subjacentem
3437 3443 3569 3500 facis
3588 3444 3706 3500 Deo

2109 3537 2413 3603 materiam,
2440 3544 2493 3593 et
2516 3535 2699 3609 utique
2728 3536 2905 3593 locum
2937 3534 3013 3591 illi
3035 3535 3128 3607 qui
3158 3534 3227 3589 sit
3259 3533 3398 3589 infra
3424 3533 3618 3590 Deum.
3641 3533 3706 3589 In

2109 3627 2247 3693 loco,
2266 3639 2399 3697 ergo
2417 3622 2729 3680 materia.Si
2744 3624 2803 3678 in
2822 3623 3102 3694 loco,ergo
3124 3622 3265 3678 intra
3278 3621 3476 3679 locum:
3497 3620 3541 3675 si
3563 3621 3711 3676 intra

2110 3714 2308 3777 locum,
2338 3728 2470 3786 ergo
2486 3713 2875 3769 determinatur
2897 3729 2928 3767 a
2948 3711 3247 3779 loco,intra
3265 3727 3421 3782 quem
3453 3708 3709 3766 est:side-

2113 3803 2446 3871 terminatur,
2478 3802 2640 3858 habet
2670 3802 2861 3858 lineam
2891 3809 3206 3871 extremam,
3232 3815 3412 3873 quam,
3445 3808 3709 3872 quantum

2116 3891 2331 3965 proprie
2365 3891 2535 3962 pictor
2563 3891 2697 3962 (81),
2720 3893 2969 3964 agnoscis
2996 3891 3155 3946 tinem
3187 3905 3307 3947 esse
3327 3888 3470 3945 omni
3498 3889 3596 3954 rei,
3617 3902 3711 3944 cu-

2116 3982 2208 4051 jus
2230 3980 2371 4037 linea
2389 3988 2633 4037 extrema
2664 3989 2766 4038 est.
2789 3981 2909 4037 Non
2944 3994 3077 4052 ergo
3096 3980 3197 4035 erit
3224 3977 3431 4034 inﬁnita
3460 3977 3704 4045 materia,

1776 4054 1971 4118 Varia
2016 4056 2330 4119 lectiones.
3260 4100 3270 4109 .

473 4132 524 4170 92
552 4134 766 4189 Pamel.
816 4134 988 4206 Frarz.
1060 4133 1486 4206 Paris.rRigalt._
1534 4135 1614 4189 sic
1649 4135 1844 4206 legunt
1877 4155 1895 4202 ;
1954 4136 2061 4191 alii
2110 4135 2281 4206 male,
2316 4131 2774 4206 reciprocationis,
2811 4129 3179 4206 reparationis.
3201 4131 3263 4206 _93
3286 4129 3506 4206 Bationi
3541 4129 3708 4206 -satis

404 4205 598 4279 Rhea.»
618 4206 809 4279 Seml._
831 4204 1268 4279 8t__0[2€r{}l.-L'el
1322 4201 1654 4279 tuendorum
1684 4201 1929 4279 sequax;
1958 4208 2065 4279 alii
2096 4201 2461 4279 ratiocinaria
2487 4205 2623 4279 Jun.
2653 4201 2943 4279 Ratio_ist.a
2991 4209 3100 4279 es_t_
3124 4203 3375 4279 aliizf’im
3407 4201 3708 4279 Inanimata

404 4276 620 4331 Pamel.
652 4293 680 4331 e
711 4275 827 4331 cod.
874 4276 1045 4330 Valte.
1076 4275 1126 4312 95
1158 4274 1446 4346 Incorpora
1501 4277 1675 4339 Rhea.
1710 4273 1881 4334 Se-ml.
1920 4273 2141 4336 Oberth.
2195 4275 2246 4315 95
2278 4275 2527 4346 Liquebit
2558 4276 2733 4333 Rhen.
2791 4274 2838 4313 97
2871 4276 2999 4329 llam
3036 4273 3212 4330 Rhen.
3244 4274 3295 4312 98
3324 4274 3471 4346 Sicut
3526 4274 3703 4346 Fran.

404 4350 537 4403 Par.
564 4346 811 4419 99ilnfert
842 4347 1010 4403 Seml.
1062 4342 1445 4419 1AdlegasSet.
1506 4348 1529 4385 ²
1568 4348 2177 4419 Superargumentassct
2208 4342 2633 4419 Seml'.70berth.
2696 4347 2865 4419 Super
2915 4354 3283 4419 argumentas.
3318 4345 3428 4419 Sed
3447 4342 3604 4419 enim
3654 4344 3702 4396 si

405 4419 582 4475 Rhea.
614 4418 637 4454 3
664 4418 723 4471 In
782 4433 974 4473 vanum
1006 4421 1175 4474 Fraus.
1236 4414 1271 4455 4⁷
1313 4414 1737 4475 Retractavimus
1770 4414 1945 4477 R‘hen.
1977 4420 2187 4477 Seml.5
2243 4421 2351 4474 Aut
2404 4418 2568 4489 bona,
2607 4425 2697 4473 aut
2726 4414 2867 4472 mala
2930 4414 3124 4474 iidem.
3157 4417 3181 4455 6
3236 4417 3348 4473 Nec
3403 4418 3490 4489 hic
3521 4414 3701 4471 Rhen.

402 4495 459 4547 et
487 4504 767 4562 sequaces.
795 4490 816 4527 ’⁸
838 4492 1133 4560 Apponens
1153 4490 1386 4562 ostendit
1425 4492 1561 4547 edit.
1613 4492 1786 4549 Rhea.
1821 4491 2012 4562 eodem
2042 4508 2231 4549 sensu.
2253 4491 2278 4525 ⁸
2300 4492 2363 4545 Ει
2410 4488 2641 4562 additur
2683 4490 2856 4545 Rhen.
2894 4489 3064 4562 Seml.
3114 4493 3173 4562 et
3204 4490 3359 4562 aliis.
3393 4488 3490 4542 9Si
3522 4494 3703 4562 autem

407 4556 577 4618 Rheni
614 4562 784 4618 Seml.
824 4556 1048 4619 Oberth.
1084 4562 1129 4599 ιο
1156 4561 1320 4631 Cupit
1379 4563 1528 4619 male
1585 4564 1705 4619 cod.
1775 4556 1977 4620 Wouw.
2024 4563 2065 4601 11
2116 4562 2402 4619 Dominum
2437 4560 2610 4617 Rhen.
2637 4562 2808 4617 Seml.
2858 4560 3073 4615 Pamel.
3110 4560 3156 4597 12
3194 4560 3383 4616 Melius
3437 4556 3707 4631 potuisset

403 4634 579 4691 Rhea.
614 4632 858 4691 Seml.13
887 4634 966 4689 De
1006 4640 1150 4690 moto
1199 4632 1373 4690 Rhen.
1416 4635 1583 4691 Seml.
1620 4635 1841 4692 Oberth.

1801 4706 2295 4772 Commentarius.

478 4786 591 4881 (17)
624 4786 863 4881 Quanta
876 4786 993 4867 hac
1011 4790 1217 4881 rectior
1251 4788 1400 4843 ratio
1414 4786 1605 4881 ?m7_t_isi
1632 4788 1784 4881 iquod
1813 4791 1863 4881 si
1884 4793 2004 4881 tarn
2041 4804 2086 4881 ο

406 4860 589 4912 rectas
609 4858 799 4939 lineas
820 4857 1406 4939 ducisﬂermogenes.
1441 4857 1545 4912 Ubi
1568 4857 1659 4939 est
1695 4862 2005 4939 annotanda

447 4926 761 4981 roverbialis
817 4927 1069 4993 formula,
1109 4947 1139 4984 a
1192 4926 1449 5000 pictorum
1498 4938 1630 4991 arte,
1682 4931 1855 4998 qualis
1894 4938 2008 4987 erat

454 5011 794 5075 ermogenes,
827 5007 1083 5075 mutuata,
1131 5001 1530 5075 rectas_lineas
1557 5000 1783 5067 ducere,
1832 5002 2009 5075 qualis

404 5076 488 5124 est
520 5068 683 5122 etiam
715 5069 822 5136 illa,
854 5070 1012 5127 ultra
1034 5072 1265 5127 lineam.
1298 5071 1436 5128 Pan.

476 5140 587 5210 (’78)
626 5142 690 5198 Ut
726 5141 1086 5197 inanimalia.
1126 5143 1297 5200 Vatic.
1331 5142 1455 5200 cod.
1490 5156 1620 5198 mss.
1653 5143 2001 5209 inanimata,

406 5217 501 5286 sed
530 5210 662 5267 illud
709 5211 859 5266 nolui
905 5212 1209 5286 immutare,
1243 5213 1385 5286 quod
1411 5284 1418 5286 _
1445 5213 1630 5286 eadem
1670 5215 2006 5286 reperiantur

404 5283 543 5340 infra
569 5298 618 5338 c.
649 5298 784 5355 xciv
815 5291 870 5338 et
897 5285 1164 5355 ejusmodi
1194 5284 1452 5341 obsoletis
1478 5284 1703 5339 vocibus
1725 5283 1801 5339 uti
1832 5285 2002 5341 soleat

406 5364 634 5483 auctori)
643 5354 817 5428 qualis
838 5364 923 5411 est
950 5356 1110 5411 etiam
1141 5356 1249 5425 illa,
1272 5355 1719 5427 corporalitatis,
1742 5364 1796 5411 et
1825 5359 2005 5414 incor-

406 5444 562 5483 nora.
636 5442 731 5483 nr.

403 5444 562 5499 pora.
598 5442 731 5483 mr.

475 5499 598 5570 (79)
627 5502 734 5558 Aut
760 5499 1017 5559 libidines
1048 5516 1263 5559 eorum.
1292 5498 1591 5573 Ligidicius
1606 5507 1763 5556 vocat
1790 5499 2002 5571 appeti-

2122 4794 2210 4840 tus
2246 4793 2299 4841 et
2325 4781 2711 4840 inclinationes.
2755 4782 2846 4839 Sic
2880 4782 2933 4836 in
2962 4782 3054 4838 lib.
3086 4783 3151 4842 de
3189 4782 3481 4841 Patientia
3511 4796 3524 4833 :
3570 4799 3595 4829 ‹‹
3630 4780 3705 4835 Ut

2117 4872 2262 4923 cum,
2287 4854 2480 4925 inquit,
2512 4854 2649 4909 inter
2677 4870 2796 4910 sese
2829 4854 2986 4908 variis
3006 4863 3273 4911 sectarum
3302 4850 3706 4925 libidinib_u_s_pt

2116 4920 2497 4983 sententiarum
2547 4925 2983 4982 amulationibus
3032 4926 3363 4983 discordent.
3411 4946 3433 4975 ›
3486 4920 3702 4978 Libidi-

2115 4999 2291 5063 nibus,
2323 4999 2462 5053 dest.
2507 4997 2714 5053 studiis.
2749 5000 2933 5054 RnaN.

2184 5070 2299 5141 (80)
2320 5070 2421 5126 Sed
2433 5070 2499 5125 de
2518 5075 2677 5126 metu
2694 5075 2748 5126 et
2770 5071 2906 5127 alibi
2929 5069 3136 5127 licebit.
3161 5068 3491 5141 Subauditur
3509 5066 3708 5141 dispu-

2117 5146 2261 5212 tare,
2282 5139 2392 5195 nisi
2424 5152 2502 5196 est
2552 5143 2757 5208 licebit,
2792 5156 2889 5213 pro
2923 5142 3169 5213 liquebit,
3197 5140 3337 5213 utin
3358 5139 3711 5213 praecedenti-

2110 5214 2214 5341 Iqus
2244 5210 2343 5267 lib.
2384 5213 2573 5283 licuit,
2610 5228 2725 5283 pro,
2762 5210 2947 5287 liquit,
2974 5210 3040 5267 'id
3073 5220 3176 5280 est,
3214 5210 3475 5285 liquidum
3505 5210 3706 5268 evasit.

2158 5299 2296 5341 nam.

2158 5299 2296 5341 BEN.

2181 5358 2296 5426 (8t)
2334 5358 2511 5425 Quam
2548 5361 2829 5429 quantum
2874 5358 3105 5429 praprie
3130 5356 3335 5429 pictor.
3365 5354 3454 5410 Sic
3479 5354 3706 5412 omnino

2110 5428 2197 5485 hic
2230 5430 2414 5493 locus;
2449 5428 2569 5483 nam
2610 5432 2892 5499 quantum
2933 5428 3142 5500 capitur
3170 5443 3269 5499 pro
3301 5428 3363 5500 in
3393 5429 3700 5499 quantum,

2110 5508 2167 5555 ut
2196 5500 2327 5556 nihil
2359 5500 2427 5556 sit
2484 5498 2627 5571 opus
2675 5514 2791 5554 eam
2853 5498 3038 5555 vocem
3084 5498 3510 5570 pratermittere.
3554 5500 3699 5555 Pan.
