4002 6118
383 321 489 381 259

1086 313 1532 377 TERTULLIANI
1569 312 1835 374 OPERUM
1872 312 2041 374 PARS
2080 313 2145 377 Il.
2185 343 2255 358 —
2291 314 2520 376 SERIES
2557 317 2601 390 Ι,
2640 315 2983 381 POLEMIGA.

3569 319 3680 381 260

382 455 591 518 partem
624 460 830 515 pronus
856 452 910 501 et
940 458 1203 517 praeceps,
1233 440 1442 539 mediae,
1476 438 1619 512 quod
1646 440 1824 512 aiunt,
1854 438 1979 539 ειςί-
2012 458 2058 539 A
2092 441 2160 499 ab
2190 439 2331 513 ipso,
2385 457 2514 514 pars
2558 441 2763 501 scilicet
2808 442 2910 501 Dei
2945 460 3042 517 per
3072 444 3530 503 communionem.
3570 450 3678 503 Aut

383 551 465 590 nae
515 536 565 574 35
601 535 714 607 (87)
746 534 1081 607 aequilibrato
1130 532 1335 603 impetu
1368 529 1655 586 ferebatur.
1712 531 1857 596 Haec,
1899 529 1981 584 in-

377 624 555 695 quies,
586 638 695 680 non
722 632 822 687 est,
855 625 969 678 haec
1019 621 1349 677 turbulentia
1379 620 1427 658 35
1456 629 1510 677 et
1537 620 1826 691 passivitas
1865 620 1980 690 (38)

380 726 487 767 non
532 717 643 779 est;
700 711 792 766 sed
866 709 1190 776 moderatio,
1241 718 1294 765 et
1325 708 1624 775 modestia,
1683 716 1737 764 et
1771 708 1979 777 justitia

378 799 688 856 motationis
716 799 763 839 37
794 809 1037 856 neutram
1071 800 1125 854 in
1166 804 1374 870 partem
1412 796 1717 854 inclinantis
1746 798 1860 869 (89)
1907 798 1979 858 ³⁸.

378 889 560 958 Plane,
589 888 637 945 si
674 890 781 945 huc
807 898 860 945 et
887 889 1035 954 illuc,
1057 897 1150 946 aut
1174 888 1229 943 in
1258 890 1484 944 alterum
1506 887 1683 959 magis
1713 886 1979 959 proclina-

378 988 460 1032 ret
486 977 554 1046 39,
603 990 729 1035 tunc
756 977 1206 1043 inconcinnitatis,
1240 987 1295 1033 et
1336 976 1687 1033 turbulentis:
1731 975 1975 1033 denotari

375 1075 695 1124 mereretur.
744 1067 932 1139 Porro,
992 1068 1037 1124 si
1086 1082 1264 1140 neque
1320 1066 1390 1122 ad
1419 1067 1644 1132 bonum,
1687 1081 1863 1137 neque
1907 1066 1976 1121 ad

377 1156 579 1213 malum
608 1157 831 1229 pronior
858 1164 971 1215 erat
1013 1164 1219 1223 motus,
1278 1156 1468 1228 utique
1512 1156 1655 1211 inter
1691 1155 1889 1210 bonum
1921 1163 1975 1212 et

377 1245 575 1300 malum
615 1246 910 1319 agebatur:
949 1253 1009 1302 ut
1044 1262 1111 1302 ex
1144 1246 1246 1301 hoc
1282 1258 1496 1316 quoque
1546 1241 1830 1299 materiam
1874 1244 1972 1301 de-

378 1334 763 1391 terminabilem
803 1335 1077 1407 adpareat,
1109 1335 1265 1404 cujus
1322 1342 1503 1389 motus
1541 1348 1645 1389 nec
1692 1332 1834 1388 malo
1873 1348 1975 1389 nec

376 1423 519 1479 bono
550 1439 755 1495 pronus
783 1426 922 1495 (90),
974 1439 1040 1480 eo
1080 1422 1227 1495 quod
1256 1422 1311 1478 in
1343 1428 1591 1477 neutrum
1630 1422 1891 1493 vergebat
1918 1418 1971 1458 ἰο

375 1510 514 1565 intra
558 1520 845 1585 utrumque
873 1513 942 1566 ab
988 1518 1215 1584 utroque
1278 1510 1642 1583 pendebat“,
1696 1506 1866 1565 285
1920 1516 1973 1564 et

376 1599 481 1655 hoc
509 1599 723 1656 nomine
750 1602 817 1655 ab
844 1608 1071 1672 utroque
1099 1600 1573 1656 determinabatur.
1620 1595 1729 1651 Sed
1760 1604 1814 1652 et
1863 1596 1967 1651 bo-

377 1703 505 1743 num
542 1696 595 1744 et
647 1690 853 1745 malum
899 1688 954 1742 in
990 1688 1110 1743 loco
1142 1686 1293 1755 facis,
1316 1702 1437 1742 cum
1463 1685 1599 1740 dicis
1628 1692 1831 1741 motum
1858 1700 1970 1740 ma-

378 1777 525 1834 teriae
552 1777 610 1831 in
649 1786 899 1833 neutrum
929 1790 1119 1831 eorum
1166 1773 1335 1831 fuisse
1394 1789 1758 1846 pr0pensum:
1790 1781 1967 1829 mate-
2002 1744 2048 1824 Β

376 1864 457 1920 ria
484 1865 629 1920 enim
674 1880 796 1935 quae
828 1863 882 1919 in
912 1864 1033 1919 loco
1062 1872 1196 1934 erat,
1245 1878 1419 1935 neque
1482 1864 1587 1918 huc
1624 1878 1801 1933 neque
1846 1861 1974 1919 illuc

375 1953 698 2025 devergens,
732 1953 785 2007 in
833 1951 953 2008 loca
1008 1966 1118 2008 non
1145 1952 1497 2024 devergebat,
1528 1952 1585 2007 in
1613 1952 1811 2023 quibus
1860 1960 1975 2009 erat

378 2041 576 2098 bonum
608 2048 661 2097 et
690 2041 913 2097 malum.
944 2041 1093 2097 Dans
1117 2050 1295 2098 autem
1325 2043 1503 2099 locum
1534 2042 1676 2100 bono
1706 2048 1761 2098 et
1804 2040 1971 2113 malo,

377 2131 681 2203 corporalia
720 2146 787 2188 ea
830 2131 992 2199 facis,
1044 2131 1289 2189 faciendo
1320 2130 1538 2201 localia;
1598 2131 1725 2204 quia
1753 2147 1872 2205 quae
1896 2132 1976 2188 lo-

378 2236 500 2278 cum
531 2222 750 2289 habent,
794 2220 943 2293 prius
999 2229 1084 2277 est
1131 2228 1191 2277 ut
1221 2220 1521 2292 corporalia
1570 2219 1694 2277 sint.
1730 2220 1974 2293 Denique

383 2309 744 2383 incorporalia
770 2310 1054 2383 prOprium
1084 2312 1258 2366 locum
1290 2327 1401 2366 non
1445 2310 1728 2381 haberent,
1771 2310 1874 2366 nisi
1918 2311 1970 2366 in

377 2414 629 2473 corpore,
672 2416 794 2457 cum
828 2400 1043 2471 corpori
1098 2400 1371 2456 accidunt.
1426 2401 1509 2457 Ad
1564 2401 1763 2456 bonum
1793 2407 1971 2457 autem

376 2496 431 2544 et
457 2487 654 2544 malum
688 2503 795 2545 non
827 2486 1157 2563 devergente
1214 2486 1459 2557 materia,
1491 2495 1551 2543 ut
1579 2496 1671 2543 aut
1708 2502 1973 2561 corpora-

378 2575 449 2633 lia
490 2586 581 2632 aut
618 2577 807 2633 localia
836 2592 944 2632 non
974 2577 1325 2648 devergebat.
1376 2578 1579 2634 Bonum
1609 2591 1739 2650 ergo
1769 2584 1824 2632 et
1852 2593 1972 2634 ma-

376 2665 519 2731 lum,
570 2681 747 2738 erras,
808 2665 854 2719 si
911 2665 1230 2722 substantias
1287 2681 1410 2722 esse
1465 2665 1568 2725 vis.
1636 2664 1973 2723 Substantias

374 2755 518 2812 enim
559 2754 692 2812 facis
729 2753 928 2829 quibus
959 2755 1075 2811 loca
1105 2754 1377 2827 assignas.
1434 2754 1576 2811 Loca
1622 2762 1799 2812 autem
1830 2754 1972 2811 assi-

373 2861 529 2917 gnas,
556 2860 680 2901 cum
728 2842 971 2901 materiae
1010 2853 1213 2901 motum
1257 2846 1326 2902 ab
1355 2854 1579 2917 utraque
1605 2845 1831 2917 regione
1853 2860 1974 2902 sus-

373 2934 592 3004 pendis.

919 3127 1146 3187 CAPUT
1173 3126 1337 3185 XLII.

441 3288 754 3362 Dispersisti
803 3290 1006 3357 omnia,
1037 3306 1106 3348 ne
1164 3289 1231 3345 de
1276 3286 1521 3360 proximo
1551 3303 1709 3360 quam
1749 3296 1963 3345 contra-

369 3379 448 3435 ria
484 3379 592 3435 sibi
620 3379 730 3435 sint
749 3378 1072 3435 relucerent.
1102 3381 1172 3434 At
1209 3392 1312 3449 ego
1350 3376 1609 3448 colligam
1655 3375 1887 3450 singula,
1911 3386 1969 3434 et

367 3467 659 3526 conferam.
691 3467 1031 3525 lnconditum
1090 3465 1378 3522 adseveras
1452 3475 1655 3523 motum
1702 3466 1962 3539 materiae,

366 3574 609 3631 etemque
633 3557 826 3628 adjicis
852 3557 1047 3614 sectari
1094 3553 1479 3612 informitatem
1505 3571 1517 3609 :
1549 3553 1747 3611 dehinc
1800 3554 1959 3623 alibi,

367 3650 678 3706 desiderare
733 3645 1041 3718 componia
1078 3645 1218 3701 Deo.
1253 3643 1537 3700 Desiderat
1582 3642 1959 3702 formationem

365 3753 485 3809 quae
515 3742 750 3793 sectatur
777 3733 1188 3801 informitatem,
1236 3741 1328 3790 aut
1382 3742 1620 3789 sectatur
1659 3732 1960 3790 informita-

369 3834 474 3881 tem
505 3839 625 3896 quas
689 3822 963 3878 desiderat
1016 3821 1433 3879 formationem?
1489 3822 1614 3877 Non
1659 3821 1746 3878 vis
1792 3822 1960 3879 videri

365 3914 541 3971 Deum
578 3911 779 3984 aequari
826 3909 1093 3981 materiae,
1142 3919 1198 3966 et
1255 3908 1476 3982 subjicis
1553 3910 1751 3967 habere
1814 3908 1959 3966 illam

365 4019 489 4061 cum
511 4004 631 4059 Deo
683 4000 1144 4060 communionem.
1178 3998 1512 4072 Impossibile
1541 3999 1703 4067 enim,
1754 3999 1955 4073 inquis,

368 4108 478 4149 non
518 4092 808 4150 habentem
851 4090 996 4146 illam
1045 4105 1335 4147 commune
1389 4088 1594 4162 aliquid
1649 4105 1771 4147 cum
1820 4089 1955 4158 Deo,

364 4181 545 4239 ornari
610 4196 730 4236 eam
806 4180 878 4236 ab
929 4180 1073 4251 ipso.
1113 4179 1339 4250 Atquin,
1416 4179 1461 4234 si
1523 4192 1807 4235 commune
1860 4178 1958 4235 ali-

363 4270 495 4342 quid
550 4269 782 4326 habebat
826 4283 950 4325 cum
1008 4268 1144 4334 Deo,
1173 4282 1283 4324 non
1328 4265 1676 4324 desiderabat
1703 4268 1959 4325 exornari

2091 539 2139 586 et
2191 531 2338 589 Deus
2392 540 2601 603 poterat
2645 533 2823 589 ornari
2888 551 2919 590 a
2968 536 3209 604 materia,
3267 536 3514 591 habendo
3552 552 3677 593 cum

2088 618 2184 675 illa
2212 619 2415 690 aliquid
2448 627 2503 677 et
2530 622 2649 693 ipse
2678 636 3007 694 commune;
3040 634 3088 678 et
3114 626 3226 691 jam
3256 624 3307 678 in
3348 625 3451 681 hoc
3480 640 3677 682 neces-

2089 707 2230 763 sitati
2286 709 2513 780 subjicis
2567 710 2762 779 Deum,
2821 712 2868 766 si
2920 710 3021 767 fuit
3078 713 3281 781 aliquid
3338 712 3392 766 in
3452 713 3678 770 materia

2088 804 2307 867 prOpter
2347 797 2494 870 quod
2524 815 2640 856 eam
2672 799 2946 856 formaret.
2995 800 3290 855 Conmue
3320 809 3498 857 autem
3536 802 3680 859 inter

2086 885 2208 943 illos
2241 885 2393 955 facis,
2436 890 2581 961 quod
2610 905 2637 943 a
2669 889 2974 961 semetipsis
3012 891 3060 927 ’t'~’
3091 900 3140 943 et
3188 906 3399 963 semper
3447 906 3680 950 moven-

2086 986 2192 1033 tur.
2239 976 2381 1048 Quid
2407 978 2586 1035 minus
2628 978 2866 1035 materia:
2894 995 3051 1051 quam
3102 981 3212 1032 Deo
3241 979 3544 1036 adscribis?
3567 982 3680 1038 To-

2086 1072 2196 1121 tum
2244 1066 2574 1124 consortium
2600 1066 2897 1125 divinitatis
2925 1069 3025 1125 hoc
3055 1070 3173 1131 erit,
3209 1070 3425 1127 libertas
3443 1078 3496 1127 et
3523 1078 3683 1128 teter-

2084 1156 2223 1213 nitas
2251 1165 2449 1214 motus.
2496 1158 2602 1221 Sed
2649 1159 2797 1215 Deus
2842 1160 3158 1232 composite,
3217 1158 3441 1218 materia
3495 1159 3683 1218 incon-

2083 1245 2192 1302 dite
2271 1256 2574 1306 moventur.
2652 1245 2846 1304 Tamen
2913 1247 3153 1305 divinum
3210 1248 3470 1320 proinde,
3525 1261 3682 1309 motu

2081 1336 2333 1410 proinde,
2367 1336 2533 1395 libero
2553 1344 2609 1393 et
2637 1343 2862 1395 aeterno.
2893 1338 3095 1412 Atquin
3126 1339 3251 1409 plus
3277 1338 3520 1397 materiae
3559 1339 3678 1409 das,

2081 1425 2165 1482 cui
2195 1424 2343 1483 licuit
2370 1426 2447 1484 sic
2476 1425 2681 1485 moveri
2712 1427 2980 1499 quomodo
3014 1428 3129 1485 Deo
3157 1442 3266 1486 non
3295 1427 3462 1486 licuit.

2624 1569 2849 1627 CAPUT
2885 1570 3076 1629 XLIII.

2148 1673 2228 1749 De
2257 1703 2405 1751 motu
2433 1704 2486 1752 ct
2513 1693 2645 1752 illud
2677 1695 2997 1753 notaverim.
3028 1696 3182 1763 Nam,
3225 1695 3523 1752 secundum
3551 1696 3677 1752 ollae

2082 1783 2506 1853 similitudinem,
2561 1785 2638 1842 sic
2674 1796 2788 1842 erat
2824 1788 2893 1852 4³,
2954 1786 3153 1861 inquis,
3209 1787 3451 1844 materia:
3495 1795 3676 1844 motus

2083 1871 2258 1931 εδει
2284 1882 2572 1947 antequam
2602 1875 2996 1946 disponeretur,
3044 1884 3351 1946 concretus,
3382 1874 3671 1946 inquietus,

2081 1962 2598 2033 inapprehensibilis,
2632 1978 2741 2035 prae
2774 1962 3046 2020 nimietate
3096 1962 3424 2021 certaminis.
3465 1963 3677 2021 Dehinc

2083 2051 2343 2121 subjicis:
2386 2051 2546 2108 Stetit
2599 2061 2779 2108 autem
2833 2052 2889 2106 in
2936 2051 3038 2107 Dei
3085 2051 3555 2124 compositionem,
3617 2060 3678 2108 et

2082 2140 2626 2215 inapprehensibilem
2679 2140 2864 2197 habuit
2909 2141 3183 2197 conditum
3212 2141 3263 2180 ’δία
3292 2148 3514 2212 motum,
3559 2157 3672 2214 prae

2082 2230 2330 2286 tarditate
2396 2228 2656 2285 inconditi
2710 2237 2912 2287 motus.
2985 2230 3161 2303 Supra
3223 2238 3492 2287 certamen
3546 2247 3667 2289 mo-

2082 2320 2160 2376 tui
2213 2319 2265 2358 ¹ι5
2317 2319 2600 2389 adscribis,
2657 2320 2747 2377 hic
2802 2320 3125 2379 tarditatem.
3183 2320 3317 2377 Nam
3372 2320 3441 2378 de
3483 2328 3674 2378 natura

2084 2408 2321 2465 materiae
2361 2408 2573 2481 quoties
2620 2409 2799 2479 cadas,
2850 2410 3033 2481 accipe
3085 2410 3156 2466 4⁵.
3202 2411 3381 2482 Supra
3416 2409 3673 2468 dicis:Si

2080 2508 2258 2555 autem
2318 2506 2464 2554 esset
2514 2498 2741 2554 materia
2784 2506 2975 2555 natura
3019 2498 3179 2566 mala,
3228 2513 3336 2555 non
3382 2497 3677 2570 accipisset

2082 2586 2493 2644 translationem
2522 2588 2576 2642 in
2630 2586 2843 2657 melius,
2874 2603 2975 2645 nec
3018 2588 3166 2644 Deus
3205 2585 3405 2659 aliquid
3448 2601 3674 2660 compo-

2080 2676 2295 2733 sitionis
2320 2677 2785 2733 accommodasset
2828 2676 2944 2745 illi;
2977 2676 3033 2731 in
3061 2691 3289 2734 vacuum
3332 2676 3475 2733 enim
3515 2676 3673 2733 labo-

2080 2776 2271 2824 rasset.
2330 2764 2518 2821 Finisti
2550 2764 2714 2838 igitur
2763 2765 2895 2821 duas
2950 2766 3271 2834 sententias,
3351 2782 3452 2823 nec
3503 2774 3675 2822 mate-

2087 2854 2219 2912 riam
2277 2864 2469 2912 natura
2498 2855 2716 2923 malam,
2749 2870 2851 2912 nec
2877 2864 3122 2911 naturam
3170 2858 3291 2925 ejus
3336 2870 3368 2911 a
3414 2856 3528 2912 Deo
3573 2869 3676 2927 po-

2080 2945 2250 3003 tuisse
2278 2944 2538 3003 converti.
2580 2945 2780 3002 Horum
2834 2944 3143 3015 immemor,
3174 2954 3366 3016 postea
3391 2944 3559 3001 infers
3574 2945 3622 2983 ἠ
3650 2962 3671 3000 :

2075 3026 2149 3091 At
2185 3034 2279 3090 ubi
2324 3034 2534 3106 accepit
2583 3031 3028 3106 compositionem
3094 3048 3126 3089 a
3181 3032 3299 3090 Deo
3352 3040 3406 3090 et
3478 3035 3674 3089 ornata

2008 3138 2052 3220 ε
2080 3133 2181 3220 est,
2219 3122 2447 3181 cessavit
2473 3131 2745 3220 a‘natura.
2794 3122 2849 3177 Si
2889 3122 2944 3178 in
2989 3122 3193 3179 bonum
3221 3120 3509 3220 reformata
3561 3128 3671 3195 est,

2079 3212 2269 3284 utique
2311 3213 2380 3269 de
2426 3212 2568 3268 malo
2626 3210 2915 3269 reformata
2943 3218 3059 3280 est;
3106 3218 3160 3267 et
3204 3210 3252 3267 si
3308 3227 3406 3285 per
3434 3224 3674 3284 compo-

2077 3300 2327 3358 sitionem
2364 3300 2461 3357 Dei
2506 3301 2735 3357 cessavit
2776 3316 2807 3357 a
2852 3309 3041 3358 natura
3090 3300 3239 3367 mali,
3304 3309 3491 3358 natura
3540 3315 3673 3357 ces-

2072 3390 2211 3450 savit
2238 3404 2391 3465 ergo,
2448 3399 2503 3445 et
2554 3390 2697 3445 mala
2742 3388 2843 3446 fuit
2895 3396 3088 3446 natura
3132 3396 3256 3446 ante
3326 3387 3679 3462 compositio-

2074 3495 2217 3548 nem,
2249 3487 2303 3536 et
2329 3478 2581 3537 desinere
2638 3477 2788 3552 potui
2842 3494 2874 3535 a
2920 3484 3107 3536 natura
3168 3485 3293 3551 post
3336 3477 3676 3537 reformatio-

2071 3586 2192 3628 nem
2203 3610 2216 3625 .

2642 3707 2872 3771 CAPUT
2915 3712 3107 3771 XLIV.

2146 3822 2252 3880 Sed
2280 3831 2334 3879 et
2380 3820 2616 3893 qualiter
2670 3829 2946 3891 apemtum
2992 3819 3157 3878 facias
3182 3819 3373 3890 Deum,
3418 3819 3670 3892 sequitur

2070 3920 2129 3969 ut
2178 3910 2486 3969 ostendam.
2518 3909 2681 3967 Plane
2710 3924 2741 3964 a
2793 3908 3133 3980 philosophis
3182 3907 3409 3978 recedis,
3448 3907 3544 3965 sed
3581 3915 3667 3964 ta-

2069 4016 2194 4057 men
2224 4010 2278 4057 et
2306 4014 2337 4054 a
2395 3997 2694 4071 prophetis.
2750 3996 2915 4054 Stoici
2945 3997 3089 4053 enim
3138 3997 3325 4056 volunt
3376 3997 3551 4054 Deum
3581 3995 3668 4052 sic

2069 4105 2163 4162 per
2192 4087 2474 4146 materiam
2509 4085 2901 4157 decucurrisse,
2925 4084 3197 4157 quomodo
3233 4085 3341 4142 mel
3368 4101 3461 4158 per
3488 4084 3662 4142 favos.

2066 4178 2139 4241 At
2168 4189 2263 4234 tu:
2286 4178 2431 4246 Non,
2454 4175 2652 4249 inquis,
2678 4178 3041 4249 pertransiens
3066 4175 3215 4231 illam
3242 4175 3368 4233 facit
3380 4176 3662 4244 mundum,

2070 4267 2166 4327 sed
2186 4266 2530 4325 solummodo
2550 4280 2819 4340 apparens
2857 4272 2910 4323 et
2937 4264 3377 4339 apprOpinquans
3404 4264 3475 4336 ei,
3523 4263 3663 4320 sicut

1733 4391 1927 4455 Varia:
1970 4393 2283 4457 lectiones.

437 4529 488 4567 35
516 4531 764 4600 Princeps
792 4526 997 4583 mediat
1025 4525 1171 4597 quod
1199 4524 1605 4600 aiuntginoten
1658 4524 1826 4600 Elian.
1850 4525 2031 4600 Δξεῃιι.
2071 4524 2528 4600 οὺενζιΙικεοηίνα
2555 4538 2763 4600 οτηηιτξδἲ
2804 4521 3418 4600 36_'I_‘erbulen_ta__Rhert.
3459 4528 3657 4600 contra

365 4617 559 4659 omnes
619 4593 844 4670 Ser-nler,
889 4593 1129 4670 conjt'ct't
1177 4593 1414 4653 delench
1460 4613 1574 4653 esse
1602 4596 1787 4652 verba.
1848 4595 1895 4670 φῖ
1922 4597 2242 4670 lflutationis
2277 4598 2427 4670 11m.
2470 4594 2807 4670 mutationis
2850 4593 3023 4670 Rhen.
3056 4593 3425 4670 3§_Judicanti_s
3481 4596 3653 4653 Seml.

369 4673 588 4729 Oberth.
611 4671 660 4710 39
698 4664 1074 4728 Proclivarunt
1106 4669 1278 4725 Seml.
1311 4671 1513 4725 contra
1571 4683 1783 4739 omnes.
1840 4666 1890 4705 4ο
1921 4667 2176 4724 Vertebat
2222 4667 2395 4739 Rheni.
2455 4666 2623 4739 Seml.
2678 4665 2725 4739 {l1
2751 4664 3035 4739 ‘Censebat
3055 4665 3239 4739 ΔΗΙιιεη.
3269 4669 3327 4739 et
3356 4667 3478 4737 ejus
3500 4681 3655 4739 seqq.

364 4748 567 4800 contra
592 4759 804 4801 omnes.
835 4740 886 4778 ¹ί²
906 4741 1084 4798 Rhen.
1116 4739 1323 4812 adjicit
1350 4738 1537 4812 bisque
1568 4738 2039 4812 legit‘moventur.
2068 4740 2120 4778 4³
2145 4739 2294 4812 Erith
2319 4738 2491 4812 Rhegi.
2545 4736 2713 4812 Semel.
2743 4736 2793 4812 ἰζι
2848 4735 3191 4812 lnconditum
3242 4735 3417 4795 Rhesi.
3460 4735 3653 4812 Serit'l.

368 4813 590 4871 Oberth.
622 4815 673 4853 45
712 4816 891 4870 Motus
922 4812 1098 4870 Rhen.
1133 4805 1198 4867 ef
1219 4810 1330 4867 duo
1358 4805 1639 4883 seq'uaces'.
1680 4808 1731 4847 46
1750 4811 1968 4882 Accipis
1992 4826 2155 4884 supra
2181 4809 2392 4881 judiccs
2425 4808 2602 4865 Rhen.
2635 4808 2807 4865 Seml.
2844 4806 3063 4865 Oberth.
3100 4805 3149 4845 ’⁸⁸³
3170 4809 3420 4865 Inserens
3450 4809 3655 4876 Rhen.,

361 4890 563 4942 contra
592 4900 805 4944 omnes.

1779 4978 2274 5043 Commentarius.

424 5090 775 5179 (βἿλΜεᾱὶιε,
798 5089 939 5166 quod
986 5092 1177 5157 aiunt,
1202 5086 1489 5179 apinae-Is
1542 5093 1717 5179 mqtus
1761 5085 1963 5179 scilicet
1995 5100 2041 5179 ο
2076 5084 2367 5179 multisnil}
2420 5083 2573 5153 locis,
2623 5090 2780 5179 prout
2810 5083 3083 5179 res-tulit,
3114 5084 3509 5179 adnotavimus.
3542 5086 3654 5179 llic

362 5158 459 5229 qui
506 5158 643 5219 adeo
693 5158 1024 5233 temperatus
1054 5168 1115 5215 ut
1168 5158 1368 5233 nullam
1416 5158 1471 5212 in
1520 5165 1721 5233 partem
1754 5165 1957 5233 vergat,

2071 5157 2458 5231 passivitalem
2487 5167 2643 5231 vocat
2675 5155 3109 5231 dissolutionem,
3139 5156 3251 5213 sive
3294 5156 3650 5215 inordinatio»

360 5226 595 5358 Earsque
651 5226 818 5290 nulla'
850 5235 1249 5306 praeponderet.
1315 5231 1410 5285 Est
1464 5226 1627 5296 enim,
1686 5234 1745 5283 ut
1802 5226 1961 5285 docet
2062 5226 2183 5284 nem
2205 5236 2367 5300 atque
2385 5226 2775 5284 confusionem.
2799 5227 2983 5284 RHEN.

403 5316 573 5358 estus.
607 5307 769 5358 acina
818 5303 1064 5358 foramen
1096 5303 1183 5358 cui
1229 5302 1485 5358 inseritur
1514 5309 1566 5355 et
1603 5300 1658 5353 in
1687 5313 1794 5358 quo
1838 5314 1959 5354 ver-
2136 5301 2250 5358 (89)
2274 5301 2515 5357 Iustitia
2543 5300 2896 5356 motatiom’s.
2922 5299 2983 5355 Si

403 5300 573 5373 estus,
607 5307 769 5380 agina
818 5300 1064 5380 foramen
1096 5303 1183 5380 cui
1229 5302 1485 5359 inseritur
1514 5309 1566 5355 et
1603 5300 1658 5353 in
1687 5313 1794 5370 quo
1838 5314 1959 5354 ver-

360 5377 491 5435 titur
516 5376 712 5450 scapus
744 5378 980 5450 trutinae.
1014 5376 1215 5450 LarPn.

435 5451 548 5521 (88)
605 5438 733 5508 Haec
782 5448 1141 5521 turbulentin
1178 5452 1231 5521 et
1268 5443 1585 5521 pascimus.
1644 5441 1702 5496 In
1731 5438 1953 5521 vetustis

2136 5301 2250 5369 (89)
2274 5297 2515 5357 Iustitia
2543 5300 2896 5356 motatiom’s.
2922 5299 3011 5355 Sic
3041 5297 3199 5356 initio
3222 5298 3350 5356 libri
3364 5299 3645 5367 dePallz‘o,

2064 5371 2359 5429 Justitiam
2383 5371 2558 5443 pallii
2586 5370 2892 5443 dixit.7RtG.

2132 5444 2257 5517 (90)_
2282 5442 2399 5500 Nec
2429 5443 2579 5500 malo
2607 5458 2711 5517 nec
2739 5442 2875 5517 bona
2899 5457 3136 5514 pronus.
3170 5442 3287 5517 Hoc
3334 5451 3437 5512 est,
3475 5459 3652 5517 neque

358 5510 759 5595 exemplaribus
782 5510 1367 5595 legbnpturbulerita.
1403 5511 1602 5595 Verum
1626 5510 1800 5595 magis
1832 5512 1953 5584 plad
2058 5510 2376 5595 adq'rnalu‘m,
2407 5528 2584 5587 neque
2632 5513 2698 5569 ad
2744 5510 2948 5570 bonum
2989 5527 3210 5585 pronus.
3259 5510 3466 5572 Pronus
3523 5510 3648 5572 cum

359 5601 445 5650 cet
470 5581 867 5651 ιᾰτὺίιιθηιίαῗ
866 5589 1010 5660 Quid
1057 5589 1344 5662 passivum
1370 5592 1523 5644 vocet
1558 5581 1950 5657 Tertullianus,

2058 5583 2255 5645 dativo.
2282 5586 2481 5642 BERN.
