4032 6152
206 325 304 387 261

1409 318 1606 380 LIBER
1643 319 1796 380 ADV.
1840 315 2312 379 HBRMOGENEM.

3398 325 3507 386 262

207 451 330 510 facit
357 449 459 524 qui
487 448 688 520 decor(
697 450 791 521 91)
818 447 1160 510 solummodo
1189 455 1812 544 apparens,.etnma§nes
1842 464 1889 544 λ
1918 456 2000 502 est
2026 447 2125 503 Dei
2140 444 2384 544 dextera
2408 448 2464 500 et
2485 461 2698 544 manus
2727 449 2905 505 amba-
2928 465 3030 522 per
3067 467 3208 523 quas
3243 458 3508 526 operatus

206 538 342 608 lapis
369 537 719 594 solummodo
760 537 1226 610 apprOpinquans.
1275 535 1416 606 Quid
1447 534 1620 591 simile
1657 535 1808 592 Deus

207 624 479 683 fabricans
537 628 817 694 mundum,
870 635 925 682 et
981 627 1147 682 decor
1193 625 1482 683 vulnerans
1543 624 1806 692 animum,

208 719 293 771 aut
341 730 578 787 magnes
623 716 901 770 attrahens
946 713 1196 769 ferrum?
1239 714 1372 769 Nam
1420 712 1522 768 etsi
1561 714 1809 784 apparuit

209 804 474 869 materiae,
505 803 602 860 sed
632 819 740 860 non
772 802 1069 861 vulneravit
1096 803 1266 870 illam,
1295 801 1440 873 quod
1482 802 1646 858 decor
1684 801 1807 856 ani-

208 909 392 950 mam:
440 902 494 948 et
543 893 589 947 si
641 891 1116 965 apprOpinquavit,
1147 891 1244 947 sed
1297 907 1406 946 non
1452 890 1678 959 cohaesi,
1707 889 1810 962 illi,

211 982 347 1055 quod
376 995 616 1053 magnes
643 981 815 1038 ferro.
860 982 997 1037 Puta
1042 995 1186 1036 nunc
1228 979 1475 1052 exempla
1521 986 1610 1034 tua
1657 993 1811 1036 com-

211 1083 419 1144 petere.
453 1070 631 1134 Certe,
675 1069 722 1124 si
753 1069 1063 1140 apparendo
1093 1079 1147 1126 et
1175 1068 1662 1142 appropinquando
1695 1083 1809 1123 ma-

211 1159 371 1225 teriae,
409 1157 544 1214 fecit
576 1173 644 1214 ex
690 1155 783 1213 illa
832 1158 979 1215 Deus
1024 1159 1306 1226 mundum,
1354 1158 1541 1229 utique
1585 1173 1652 1212 ex
1702 1171 1814 1229 quo

211 1249 463 1320 apparuit
519 1246 669 1313 fecit,
732 1257 787 1303 et
840 1262 904 1302 ex
959 1262 1070 1319 quo
1135 1246 1613 1319 apprOpiuquavit.
1671 1247 1813 1318 Ergo

212 1336 427 1408 quando
459 1350 574 1392 non
620 1335 820 1392 fecerat
849 1342 1012 1406 retro,
1054 1352 1157 1393 nec
1203 1343 1529 1408 apparuerat
1574 1335 1679 1403 illi,
1712 1350 1815 1391 nec

215 1423 768 1497 apprOpinquaverat.
815 1424 882 1480 Et
929 1425 1015 1480 cui
1059 1423 1318 1482 credibile
1349 1431 1448 1491 est,
1500 1425 1674 1480 Deum
1704 1439 1816 1481 non

215 1512 537 1584 apparuisse
595 1511 875 1570 materiae?
931 1513 1019 1570 vel
1075 1529 1180 1586 qua
1232 1512 1678 1571 consubstantiali
1708 1528 1818 1570 sum

215 1616 308 1673 per
343 1599 760 1658 aeternitatem?
787 1601 856 1657 ab
911 1617 978 1658 ea
1023 1601 1190 1676 longe
1228 1601 1394 1660 fuisse
1439 1618 1604 1674 quem
1645 1602 1818 1659 credi-

220 1705 332 1745 mus
374 1689 586 1762 ubique
622 1690 675 1728 ¹ι⁸
696 1705 962 1762 apparere
979 1687 1006 1743 ?
1029 1690 1118 1746 cui
1140 1689 1300 1746 etiam
1324 1689 1631 1746 inanimalia
1659 1697 1712 1746 et
1742 1690 1818 1746 in-

221 1758 522 1850 corporalia
563 1779 676 1850 (92)
706 1758 895 1835 laudes
920 1788 1121 1836 canunt
1148 1779 1294 1849 apud
1322 1779 1598 1836 Danielem
1640 1781 1813 1852 (Dan.
1847 1758 1892 1836 Β

221 1869 321 1939 ιιι).
365 1867 620 1938 Quantus
655 1867 744 1924 hic
779 1867 934 1925 locus
981 1867 1038 1924 iu
1075 1866 1240 1925 237
1283 1884 1393 1941 quo
1428 1871 1575 1925 Deus
1618 1886 1650 1925 a
1694 1886 1814 1926 ma-

225 1958 347 2012 teria
374 1963 594 2014 tantum
630 1957 884 2024 distabat,
914 1965 974 2014 ut
994 1973 1169 2030 neque
1199 1965 1480 2030 appareret
1511 1974 1688 2033 neque
1716 1975 1814 2032 ap-

221 2049 610 2120 pr0pinquaret
639 2057 761 2103 ante
790 2048 978 2105 mundi
1014 2048 1350 2107 molitionem
1370 2049 1400 2104 9
1427 2049 1623 2118 Credo,
1653 2066 1816 2120 pere-

219 2138 464 2210 grinatus
491 2145 578 2194 est
607 2138 676 2193 ad
711 2137 856 2194 illam
887 2137 953 2193 de
982 2136 1306 2212 longinquo,
1339 2154 1459 2196 cum
1505 2139 1737 2212 primum
1766 2142 1814 2197 ei

218 2226 386 2285 voluit
411 2241 679 2299 apparere
707 2237 759 2285 et
790 2226 1242 2301 appropinquare.

804 2423 1030 2484 CAPUT
1066 2425 1237 2484 XLV.

281 2583 352 2640 At
411 2581 565 2640 enim
621 2584 904 2656 prophetae
957 2594 1015 2643 et
1043 2585 1276 2660 apostoli
1322 2601 1431 2642 non
1488 2589 1560 2644 ita
1606 2585 1820 2642 tradunt

222 2672 480 2727 mundum
528 2687 560 2726 a
589 2671 704 2728 Deo
768 2671 990 2741 factum,
1039 2684 1335 2748 apparenle
1380 2673 1719 2732 solummodo
1766 2679 1821 2730 et

217 2761 696 2833 apprOpinquante
749 2762 1002 2830 materia,
1050 2763 1144 2836 qui
1182 2779 1282 2820 nec
1328 2762 1606 2819 materiam
1659 2763 1820 2818 ullam

218 2847 658 2916 nominaverunt,
701 2849 799 2905 sed
841 2851 1016 2922 primo
1078 2851 1337 2923 Sophiam
1381 2851 1653 2908 conditam
1702 2852 1820 2907 ini-

218 2941 366 2997 tium
384 2939 437 2978 ‘19
459 2941 690 2997 viarum
721 2940 785 2994 in
813 2956 984 3013 opera
1007 2941 1192 3013 ipsius
1213 2942 1398 3013 (Prov.
1421 2955 1548 3008 vm,
1567 2942 1662 3013 22)
1688 2958 1701 2994 :
1732 2939 1824 2998 dc-

1920 539 2004 593 est
2032 551 2098 590 ea
2127 552 2252 607 quae
2296 535 2347 573 ⁵ο
2382 537 2618 594 molitus
2645 543 2727 596 est
2765 539 2897 608 (Isa.
2946 556 3139 606 vanr,
3187 543 3298 615 13).
3333 545 3509 616 Opera

1917 622 2059 680 enim
2091 640 2373 680 manuum
2406 629 2663 692 tuarum,
2684 624 2880 698 inquit,
2903 630 3029 684 cwli
3057 631 3229 697 (Psal.
3252 647 3343 696 cu,
3379 632 3504 701 26);

1916 729 2018 784 per
2033 729 2170 785 quas
2187 717 2241 771 et
2260 729 2488 770 mensus
2499 719 2583 770 est
2597 719 2810 772 terram
2824 722 2876 774 et
2892 718 3084 789 palmo
3097 721 3300 776 caelum
3313 720 3360 758 ⁵9
3371 722 3506 792 (Isa.

1917 814 2012 869 XL,
2046 802 2155 873 12).
2194 802 2317 860 Noli
2347 803 2417 858 ita
2443 804 2493 842 ⁵2
2530 805 2644 862 Deo
2688 806 2913 873 adulari,
2944 814 3006 862 ut
3050 807 3187 863 velis
3211 808 3362 864 illum
3393 809 3511 866 solo

1921 890 2042 948 visu
2086 900 2140 947 et
2170 892 2285 948 solo
2321 907 2542 950 accessu
2591 902 2668 951 tot
2715 910 2780 951 ac
2822 902 3000 952 tantas
3028 895 3357 952 substantias
3386 913 3512 969 pro-

1921 980 2108 1036 tulisse
2136 989 2190 1037 et
2228 996 2335 1037 non
2362 983 2603 1055 propriis
2649 984 2854 1040 viribus
2892 984 3203 1044 instituisse.
3251 986 3340 1042 Sic
3368 985 3513 1042 enim

1922 1067 2243 1124 etJeremias
2270 1070 2646 1128 commendat:
2685 1071 2829 1128 Deus
2857 1074 3074 1143 faciens
3095 1078 3306 1130 terram
3328 1075 3391 1130 in
3419 1089 3514 1130 va-

1923 1157 2103 1213 lentia
2129 1174 2257 1224 sua,
2279 1175 2490 1232 parans
2531 1159 2717 1216 orbem
2755 1161 3143 1232 intelligentia
3169 1179 3292 1228 sua,
3325 1169 3377 1219 et
3417 1177 3516 1220 suo

1921 1260 2088 1302 sensu
2104 1245 2363 1303 extendit
2375 1248 2577 1303 caelum
2597 1247 2646 1284 ³³
2669 1248 2894 1316 (Jerem.
2915 1263 2968 1304 ι.ι
2994 1252 3060 1304 15
3084 1267 3097 1315 ;
3120 1252 3251 1306 Psal
3270 1265 3421 1317 LXIV,
3436 1252 3515 1323 7).

1923 1329 2018 1387 Hae
2056 1343 2182 1390 sunt
2226 1334 2364 1391 vires
2395 1335 2528 1405 ejus,
2579 1335 2775 1406 quibus
2804 1336 3016 1403 enixus,
3051 1345 3216 1394 totum
3247 1339 3350 1394 hoc
3379 1354 3516 1395 con-

1924 1422 2079 1480 didit.
2117 1423 2294 1493 Major
2322 1432 2407 1479 est
2456 1422 2631 1496 gloria
2678 1424 2818 1495 ejus,
2857 1425 2902 1479 si
2952 1426 3236 1484 laboravit.
3274 1429 3519 1500 Denique

1924 1516 2166 1586 septima
2187 1513 2276 1570 die
2298 1515 2572 1585 requievit
2591 1513 2657 1571 ab
2674 1513 2931 1586 operibus
2947 1514 3101 1586 (Gen.
3119 1532 3182 1586 ιι,
3202 1518 3279 1588 2).
3307 1517 3520 1573 Utrum-

1925 1617 2033 1673 que
2060 1616 2160 1657 suo
2189 1616 2362 1658 more.
2412 1601 2521 1658 Aut
2566 1601 2613 1656 si
2641 1618 2909 1673 apparens
2947 1604 3290 1662 solummodo
3317 1613 3373 1660 et
3414 1605 3518 1660 ad-

1926 1689 2292 1762 prOpinquans
2332 1688 2453 1745 fecit
2495 1690 2638 1746 hunc
2674 1691 2954 1759 mundum,
2987 1694 3228 1766 nunquid
3276 1709 3399 1750 cum
3429 1693 3517 1749 fa-

1924 1796 2049 1838 cere
2079 1779 2259 1849 desiit,
2293 1795 2482 1836 rursus
2514 1777 2685 1838 288
2718 1795 2976 1851 apparere
3011 1792 3064 1837 et
3092 1783 3521 1856 appropinquare

1922 1868 2200 1926 cessavit?
2229 1868 2430 1941 Atquin
2478 1869 2651 1941 magis
2696 1884 2955 1939 apparere
2993 1872 3192 1941 capit,
3225 1882 3280 1929 et
3319 1872 3520 1944 ubique

1921 1957 2200 2016 conveniri
2246 1959 2406 2024 Deus,
2448 1974 2514 2014 ex
2564 1975 2672 2030 quo
2719 1958 2892 2015 factus
2930 1967 3010 2015 est
3064 1961 3321 2016 mundus.
3353 1960 3522 2018 Vides

1923 2063 2053 2121 ergo
2090 2047 2548 2121 quemadmodum
2579 2048 2897 2120 operatione
2934 2048 3032 2105 Dei
3084 2049 3337 2106 universa
3381 2065 3520 2106 con-

1921 2139 2118 2196 sistunt
2145 2137 2213 2204 ⁵⁵,
2246 2139 2496 2198 valentia
2527 2137 2768 2195 facientis
2806 2143 3000 2195 terram
3030 2139 3168 2211 (93),
3195 2141 3520 2214 intelligen-

1927 2227 2010 2281 tia
2040 2228 2278 2298 parantis
2305 2227 2512 2293 orbem,
2554 2234 2609 2283 et
2653 2243 2822 2284 sensu
2880 2227 3216 2285 extendentis
3259 2229 3457 2286 cmlum
3513 2249 3523 2279 τ

1924 2329 2033 2371 non
2080 2313 2391 2388 apparentia
2447 2314 2822 2384 solummodo,
2863 2332 2965 2374 nec
3009 2317 3515 2390 appropinquantis,

1923 2402 2018 2459 sed
2077 2403 2380 2461 adhibentis
2424 2409 2602 2461 tantos
2658 2403 2822 2460 animi
2872 2403 2953 2461 sui
3029 2405 3197 2473 nisus,
3248 2406 3514 2478 sophiam,

1922 2493 2234 2560 valentium,
2263 2508 2505 2560 sensum,
2553 2508 2878 2561 sermonem,
2927 2493 3197 2567 spiritum,
3237 2495 3520 2552 virtutem-

1926 2599 2047 2656 quze
2092 2581 2174 2640 illi
2222 2599 2330 2640 non
2380 2590 2533 2641 erant
2570 2583 2620 2622 ⁵⁵
2667 2583 2986 2651 necessaria,
3029 2583 3074 2640 si
3121 2585 3172 2624 56
3208 2586 3518 2656 apparando

1931 2672 2302 2728 tantummodo
2335 2680 2388 2728 et
2417 2672 2900 2745 appropinquando
2930 2673 3204 2744 profectus
3232 2674 3419 2730 fuisset
3447 2674 3518 2735 ⁵⁷.

1928 2762 2055 2818 Haec
2077 2769 2253 2819 autem
2276 2769 2402 2816 sunt
2419 2762 2727 2820 invisibilia
2756 2764 2878 2828 eius
2910 2764 3044 2834 (94),
3079 2780 3200 2836 quae
3227 2765 3518 2820 secundum

1929 2849 2234 2923 apostolum
2257 2853 2702 2910 abinstitutione
2721 2852 2988 2910 mundi58
3012 2855 3079 2910 de
3101 2854 3251 2910 factis
3262 2855 3308 2924 ej
3319 2871 3379 2911 us
3399 2871 3522 2912 con-

1931 2942 2264 3013 spiciuntur
2291 2941 2470 3012 (Rom.
2512 2957 2572 3007 ιι,
2605 2943 2718 3011 20),
2749 2956 2858 2997 non
2895 2943 3137 2998 materiae
3166 2942 3346 3000 nescio
3375 2959 3519 3016 quae,

214 3027 345 3083 hinc
375 3036 435 3083 et
463 3043 779 3085 sermonem
809 3029 1100 3100 prolatum,
1125 3045 1225 3102 per
1253 3047 1419 3104 quem
1443 3030 1640 3087 omnia
1667 3029 1824 3101 facta
1858 3043 1902 3122 ε
1931 3031 2024 3086 sed
2053 3027 2319 3085 sensualia
2347 3029 2535 3099 ipsius.
2576 3031 2706 3098 Quis
2730 3031 2888 3087 enim
2905 3034 3157 3103 cognovit
3173 3049 3399 3091 sensum
3425 3035 3524 3094 Do-

229 3120 392 3180 sunt,
412 3121 471 3173 et
491 3120 610 3173 sine
635 3133 736 3189 quo
761 3119 986 3189 factum
1005 3124 1089 3178 est
1106 3119 1257 3176 nihil
1277 3119 1463 3190 (Joan.
1485 3134 1525 3187 ι,
1559 3121 1633 3189 3).
1665 3118 1826 3175 Deni-

237 3218 350 3276 que
376 3208 751 3278 sermoneejus
771 3209 900 3265 caeli
915 3208 1240 3280 conﬁrmita
1258 3214 1486 3276 sunt,et
1506 3210 1720 3282 spiritu
1738 3211 1826 3282 ip-

226 3295 358 3352 sius
377 3294 656 3353 universa
679 3299 926 3356 virtutes
954 3313 1146 3358 eorum
1169 3300 1344 3369 (Psal.
1370 3312 1580 3366 χχχιιι,
1619 3298 1696 3371 6).
1730 3298 1828 3356 Hic

1931 3120 2080 3176 mini
2094 3121 2116 3175 ?
2130 3118 2209 3173 De
2237 3131 2343 3188 quo
2373 3116 2638 3174 exclamat
2658 3116 2706 3155 59
2730 3138 2743 3175 :
2769 3119 2808 3174 0
2824 3121 3164 3190 pro/audam
3185 3123 3523 3180 divitiarum

1934 3212 1991 3267 et
2018 3206 2250 3280 sophiae,
2268 3207 2336 3261 ut
2363 3204 2791 3263 ininventibilia
2805 3207 3031 3278 judicia
3051 3210 3193 3280 ejus,
3208 3214 3264 3264 et
3279 3211 3528 3267 ininves-

1937 3297 2196 3370 tigabiles
2232 3293 2349 3368 (95)
2392 3296 2505 3353 vite
2549 3294 2714 3366 eius!
2751 3295 2931 3366 (Rom.
2970 3310 3053 3362 χι,
3084 3297 3199 3369 33).
3243 3297 3384 3375 Quid
3412 3299 3527 3356 haec

1606 3421 1799 3487 Variae
1841 3426 2155 3486 lectiones.

293 3525 607 3600 “Undique
639 3529 763 3602 Lat.
795 3526 844 3567 49
891 3528 1054 3586 Initia
1111 3530 1297 3602 Rhen.
1323 3532 1495 3588 Seml.
1537 3529 1766 3602 Ohertlt.
1814 3529 1865 3568 ⁵ο
1912 3529 2102 3602 Atque
2144 3527 2361 3586 molitus
2390 3527 2574 3602 Rhen.
2609 3530 2782 3587 Seml.
2825 3529 3045 3602 chrth.
3083 3529 3130 3568 ⁵1
3187 3531 3442 3587 Rhenan.
3473 3535 3527 3588 et

260 3605 349 3674 ost
379 3616 536 3674 eum,
571 3603 638 3674 ut
665 3600 864 3658 solent.
901 3602 1073 3674 Seml.
1111 3600 1336 3674 Oberth.
1367 3603 1686 3659 inversione
1719 3601 1948 3674 legunt:
1990 3600 2206 3674 malum
2235 3605 2292 3674 et
2316 3600 2496 3674 palmo
2542 3607 2762 3674 terram.
2820 3600 2872 3674 ⁵²γ
2896 3601 3016 3657 Non
3045 3601 3319 3674 itaquhen.
3356 3601 3523 3674 Seml.

302 3671 489 3744 (Icelos
516 3672 696 3728 Rhen.
731 3674 919 3744 Segni.
959 3673 1180 3731 Oberth.
1241 3674 1289 3712 ⁵⁵
1317 3674 1576 3731 Universa
1613 3671 1904 3730 constituit.
1936 3671 2111 3729 Rhen.
2145 3673 2314 3744 Seml.
2345 3671 2395 3709 ⁵⁵
2423 3672 2595 3728 Erunt
2641 3673 2817 3729 Rhen.
2849 3673 3019 3731 Seml.
3050 3673 3101 3711 ⁵6
3130 3672 3200 3730 Ut
3219 3673 3531 3744 apparendo

227 3743 434 3800 Οὐενεὴ
463 3759 602 3815 eum
626 3743 759 3815 iisd.
790 3742 838 3782 5"
867 3744 1061 3803 Abesse
1095 3744 1287 3801 fuisset
1340 3746 1478 3802 vult.
1512 3747 1637 3802 Lat.
1663 3745 1714 3782 58
1741 3747 1820 3802 De
1866 3761 1983 3804 non
2011 3746 2183 3803 inser.
2243 3743 2420 3802 Rhen.
2452 3758 2554 3801 nec
2600 3745 2798 3815 Seml.,
2829 3759 2936 3801 nec
2967 3745 3185 3804 Oberth.
3238 3742 3384 3802 59’Et
3412 3745 3529 3801 cla-

225 3824 337 3870 mat
369 3832 384 3869 :
417 3813 794 3886 profundum;
820 3815 994 3872 iidem
1016 3818 1239 3888 pariter
1269 3817 1372 3890 leg.

1636 3915 2136 3979 Commentarius.

298 4018 420 4094 (9t)
449 4019 612 4094 Sicut
641 4019 787 4094 /_a_cit
819 4019 922 4091 qui
967 4020 1245 4094 decoram
1287 4028 1390 4090 est,
1421 4021 1616 4094 aliquis
1643 4022 1829 4094 decor.

225 4089 338 4165 Sed
383 4089 491 4165 hoc
535 4091 617 4165 ab
649 4089 911 4165 Rhenano
939 4161 953 4165 _
976 4099 1083 4148 est.
1128 4093 1264 4165 Nam
1325 4089 1483 4149 antea
1507 4089 1830 4165 legebatur.

233 4180 258 4210 ι
292 4159 446 4217 Facit
489 4161 621 4233 quid
650 4160 840 4237 _decor
877 4161 1217 4237 solummodo
1261 4179 1548 4237 apparens.
1570 4159 1628 4237 _'»
1675 4162 1832 4237 Quod

228 4241 446 4318 rectum
505 4233 825 4318 est._Decor
876 4233 1215 4318 solummodo
1261 4233 1526 4318 apparens
1562 4235 1691 4292 facit
1709 4235 1832 4318 _a1if

1940 4027 2005 4093 et
2039 4019 2307 4085 Bufﬁnus,
2361 4019 2455 4076 lib.
2497 4033 2564 4086 ιι,
2611 4020 2738 4077 adv.
2780 4020 3198 4093 (Hieronymum.
3241 4021 3343 4080 Cui
3389 4022 3530 4077 idem

1943 4090 2306 4164 Hieronymus
2344 4093 2654 4164 respondet,
2688 4091 2962 4164 (quidquid
2999 4090 3076 4151 'de
3130 4109 3200 4150 eo
3243 4095 3536 4164 scripserat

1937 4177 2038 4218 sua
2078 4160 2452 4232 infDanielem
2493 4160 2824 4232 praefatione,
2854 4160 2939 4220 ὀι
2981 4165 3244 4221 sententia
3273 4160 3535 4222 Hebraeo-

1942 4231 2324 4308 rum_dixisse.
2352 4231 2564 4308 Quid?
2603 4236 2750 4308 quod
2774 4234 2935 4308 idem
2983 4235 3338 4306 Hieronymus
3373 4237 3534 4308 epist.

224 4303 385 4380 quid,
418 4303 521 4380 hoc
565 4312 647 4360 est
681 4305 926 4360 vulnerat
972 4307 1232 4374 animum,
1261 4303 1484 4379 u't'ipse
1535 4322 1661 4364 mox
1691 4306 1833 4362 dicet
1867 4356 1910 4380 η
1941 4305 2007 4380 ad
2032 4303 2456 4380 _Der_netriadem
2510 4303 2578 4380 de
2620 4303 2958 4380 '_Virginitate
2993 4303 3274 4380 servanda,
3307 4303 3432 4380 citet
3467 4323 3534 4363 ex

225 4374 542 4439 Lucretius,
575 4389 630 4434 Iv
655 4393 672 4432 :

295 4489 404 4557 §cd
423 4495 605 4557 tamen
632 4498 740 4542 esto
767 4490 875 4557 jam
907 4493 1172 4557 quantovis
1198 4493 1299 4543 oris
1330 4491 1537 4554 honore,

294 4553 394 4604 Cui
423 4551 631 4604 Veneris
663 4551 1010 4608 meinbris'vis
1037 4557 1272 4608 omnibus
1299 4551 1617 4616 exhortatur,
1648 4560 1741 4605 etc.

1639 4636 1763 4692 Βισι.

309 4731 433 4803 (92)
452 4731 816 4809 Inanimalia
844 4739 900 4792 et
928 4737 1334 4809 incorporalia.
1365 4735 1572 4793 Alludit
1597 4735 1673 4809 ad
1690 4734 1843 4806 hym-

232 4820 371 4879 num
415 4804 606 4879 _tri_um
667 4821 958 4877 puerorum
1012 4804 1149 4879 Dan.
1205 4823 1267 4864 ιιι
1337 4809 1489 4879 juxta
1550 4804 1841 4862 editionem

229 4875 679 4941 Theodotionisj
708 4893 834 4932 nam
885 4880 941 4932 in
1002 4877 1230 4936 Hebraeo
1294 4875 1402 4936 non
1457 4879 1640 4935 haberi
1698 4884 1841 4935 recte

230 4948 516 5021 annotavit
545 4947 610 5021 Β.
641 4947 1021 5021 Hieronymus.
1066 4951 1324 5006 Eumdem
1358 4950 1521 5006 etiam
1548 4949 1678 5006 citat
1703 4964 1840 5005 exo-

227 5018 534 5094 mologesis
576 5018 734 5094 titulo
763 5019 824 5094 Β.
846 5018 1157 5094 Cyprianus
1176 5021 1338 5094 libris
1366 5022 1432 5078 de
1452 5023 1640 5094 Lapsis
1686 5021 1844 5094 etde

235 5091 512 5164 oratione
563 5091 882 5164 ﬂaminica.
910 5091 1035 5159 Qui
1082 5093 1188 5150 loci
1216 5091 1660 5164 annotandi'pro
1712 5091 1841 5164 dicti

234 5159 434 5235 hymni
479 5161 742 5235 canonica
788 5164 1130 5229 auctoritate,
1180 5181 1342 5235 quam
1398 5159 1577 5222 etiam'
1609 5163 1845 5221 Ecclesia

236 5230 318 5286 illi
347 5230 560 5296 tribuit,
611 5231 668 5286 in
699 5249 805 5304 qua
852 5249 967 5306 non
990 5236 1150 5292 modo
1179 5230 1320 5292 nunc
1348 5235 1404 5292 in
1441 5235 1676 5292 sabbatis
1705 5251 1842 5306 qua-

238 5311 367 5358 tuor
417 5311 748 5375 temporum,
791 5305 885 5359 sed
925 5305 995 5360 ab
1050 5306 1201 5363 initio
1241 5307 1510 5364 nascentis
1565 5305 1840 5375 Ecclesiae,

1865 4356 1912 4438 Π
1942 4356 2333 4447 ipsiushymni
2379 4356 2692 4447 praemissis;

2785 4392 2870 4431 uae
2915 4377 3166 4434 similiter
3210 4380 3264 4433 in
3309 4379 3539 4434 Hebraeo

1947 4461 2053 4504 non
2105 4452 2392 4508 habentur,
2448 4452 2577 4500 illud
2631 4452 2778 4516 quod
2830 4463 3119 4504 succensus
3167 4452 3236 4503 sit
3283 4452 3426 4521 ignis
3468 4452 3538 4505 49

1947 4517 2271 4591 cubitorum,
2330 4515 2617 4591 Quomodo
2667 4516 2833 4591 etiam
2874 4518 2934 4571 Β.
2972 4519 3358 4591 (Augustinus,
3404 4520 3537 4591 illud

1947 4605 2011 4644 ex
2043 4585 2288 4657 ejusdem
2334 4588 2615 4659 prommio.
2660 4585 2922 4655 Quoniam
2964 4585 3146 4658 justus
3174 4605 3234 4644 es
3262 4587 3315 4642 in
3346 4585 3536 4644 ’omni-

1950 4660 2048 4714 bus
2077 4675 2199 4731 qum
2237 4660 2415 4716 fecisti
2441 4659 2623 4729 nobis,
2655 4659 2816 4731 epist.
2850 4663 2971 4715 122.
3005 4659 3143 4716 ΡΑιι.

2019 4727 2136 4802 (93)
2162 4732 2416 4787 Valentia
2423 4727 2942 4801 facientis'terra-m,
2957 4739 3059 4787 etc.
3081 4727 3334 4802 Ieremia:
3355 4743 3428 4796 LI,
3450 4743 3539 4787 vo-

1950 4801 2277 4877 cesAGrzecae
2322 4810 2449 4877 sunt
2491 4807 2574 4877 τῆ-
2604 4803 2756 4877 ialm,
2796 4806 2858 4876 τῇ
2901 4803 3138 4877 σοφία,τῇ
3182 4801 3382 4855 συνέσει.
3418 4802 3541 4877 _Pro

1949 4874 2162 4947 quibus
2175 4871 2440 4947 transtulit
2467 4881 2520 4947 et
2562 4873 2648 4947 hic
2679 4884 2734 4930 et
2763 4871 2921 4947 paulo
2952 4871 3073 4947 post
3100 4871 3307 4947 auctor,
3336 4875 3539 4931 valen-

1949 4892 2147 4946 qumus
2175 4892 2440 4929 transtulit
2467 4892 2519 4928 et
2562 4892 2648 4929 mc
2679 4892 2734 4930 et
2763 4892 2921 4947 pallio
2988 4892 3073 4930 ost
3100 4892 3307 4942 auctor,
3336 4892 3534 4931 valen-

1949 4947 2116 5072 ἐξα-νη,
2149 4943 2204 5000 id
2251 4951 2353 5012 cst,
2400 4944 2788 5003 fortitudinem.
2820 4892 3251 5020 intelligentiam,
3296 4961 3534 5003 sensum.

1993 5031 2093 5072 .ur.

1993 5031 2093 5073 ΛΠ.

2023 5089 2135 5160 (94)
2180 5086 2494 5144 Invisibilia
2539 5089 2692 5160 ejus.
2731 5096 2834 5145 etc.
2885 5089 3007 5156 Pro,
3059 5089 3345 5147 invisibilia
3373 5090 3473 5147 Dei
3511 5107 3543 5146 a

1950 5159 2441 5287 rlnupdipcreatione
2469 5159 2729 5219 creaturis
2775 5161 3047 5220 intellecta
3075 5163 3344 5221 videntur.
3382 5164 3542 5221 Rom.

1998 5274 2013 5287 .
2091 5247 2126 5286 E
2188 5248 2242 5287 ιι.

1954 5237 2013 5290 1.
2049 5237 2126 5287 LE
2147 5237 2242 5287 Pa.

2025 5304 2116 5375 (96
2130 5303 3028 5378 gininventibiliajudiciaejus,et
3044 5305 3541 5378 ininvestigabiles,

1947 4444 2053 4504 lion
2105 4444 2392 4508 habentur,
2448 4444 2577 4516 illud
2631 4460 2739 4516 quo

240 5388 464 5444 semper
510 5374 582 5445 in
611 5375 760 5430 omni
806 5376 1147 5434 solemnitate
1191 5379 1247 5433 in
1279 5381 1444 5434 sacris
1472 5377 1709 5434 ﬁdelium
1740 5374 1845 5434 de;
1955 5374 2062 5431 etc.
2120 5374 2350 5445 Quando
2416 5374 2760 5445 pertinaciter
2814 5374 3157 5433 consentiunt
3222 5374 3545 5445 exemplaria

240 5453 513 5522 cantatum
560 5444 732 5522 fuisse
771 5447 949 5522 trium,
975 5464 1268 5522 puerorum
1313 5451 1591 5522 hymnum,
1632 5453 1841 5522 testan-
1954 5462 2077 5522 quas
2104 5447 2346 5522 vidimus
2383 5444 2586 5522 omnia,
2632 5447 3301 5522 arbitror__ininventibilia
3344 5444 3545 5522 dictum

243 5465 513 5500 cantatum
560 5465 732 5504 ruisse
771 5465 928 5503 trium
1014 5465 1268 5506 uerorum
1313 5465 1591 5522 hymnum,
1632 5465 1841 5506 testan-
1954 5465 2077 5519 quas
2104 5465 2340 5506 Vicimus
2383 5465 2584 5516 omnia,
2632 5465 2863 5504 arnuror
2904 5465 3301 5506 mmvennmua
3344 5465 3545 5501 uictum

243 5521 332 5598 tur
358 5515 702 5600 Augustinus
731 5465 1020 5600 serm.4'¥,
1051 5520 1125 5600 de
1144 5523 1413 5600 ‘Ternpore
1449 5522 1564 5600 (qui
1590 5521 1850 5600 eumdem
1959 5518 2186 5600 perinde
2214 5535 2275 5574 ac
2303 5516 2350 5574 si
2389 5518 2552 5600 dicas
2572 5518 3282 5600 incompertibiliatpempe
3315 5532 3436 5600 qua:
3467 5518 3548 5573 in-

243 5587 410 5644 etiam
435 5587 757 5646 nominatim
796 5589 925 5647 citat
947 5607 1036 5662 ep.
1065 5595 1191 5662 186,
1223 5587 1293 5652 de
1318 5587 1541 5666 Jejunio
1580 5592 1848 5666 Sabbati),
1958 5587 2130 5650 veniri
2169 5597 2459 5661 nequeant,
2507 5597 2559 5646 et
2602 5587 2858 5662 cognosci
2900 5587 3186 5664 quamlibet
3217 5587 3546 5660 annitamur,
