4002 6118
459 291 565 353 263
1174 287 1611 349 TERTULLIAN]
1651 286 1917 348 OPERUM
1954 286 2122 352 PARS
2157 289 2227 349 II.
2266 320 2338 331 -—
2371 284 2600 349 SERIES
2635 288 2680 363 Ι,
2720 288 3043 351 POLEMICA
3642 286 3742 349 264

460 417 631 489 magis
659 416 893 489 sapiunt,
928 430 1089 487 quam
1120 422 1182 470 ut
1202 413 1284 485 fex
1312 414 1481 470 nihilo
1528 415 1708 471 omnia
1736 413 1873 469 facta
1900 414 2051 470 sint?
2082 429 2129 508 Α
2162 414 2421 487 probatur
2464 414 2516 455 θο
2542 414 2721 471 omnia
2750 431 2781 470 a
2808 415 2918 472 Deo
2945 431 3013 471 ex
3053 414 3222 471 nihilo
3263 412 3427 483 facta,
3473 414 3576 471 nisi
3604 415 3744 487 quod

457 523 584 578 quas
630 522 731 562 nec
770 503 1012 562 invenire
1068 521 1168 560 nec
1215 503 1530 578 investigari
1564 504 1669 560 nisi
1710 521 1741 559 a
1789 504 1905 561 solo
1936 506 2051 561 Deo
2082 503 2128 508 ’⁷
2162 506 2534 577 Hermogenes
2581 505 2833 560 eumdem
2863 511 3058 560 statum
3098 503 3448 562 describendo
3488 504 3741 571 materiae,

456 603 715 666 possent;
771 593 970 666 alioqui
1019 593 1433 666 investigabilia,
1482 594 1526 651 si
1565 611 1631 651 ex
1670 594 1887 650 materia
1924 604 2053 651 sunt
2161 610 2270 666 quo
2299 594 2346 632 δι
2378 602 2462 650 est
2490 593 2625 665 ipse,
2659 592 3011 661 inconditum,
3048 592 3351 661 confusum,
3384 591 3743 648 turbulentum

458 684 773 757 investigata
810 693 865 739 et
910 683 1142 741 inventa.
1192 683 1362 757 Igitur
1416 683 1470 740 in
1528 692 1783 757 quantum
1814 683 2053 741 constitit
2160 681 2409 754 ancipitis
2445 690 2497 737 et
2534 681 2829 755 praecipitis
2886 690 2941 738 et
2992 680 3181 738 fervidi
3226 688 3428 749 motus,
3460 680 3744 737 documen-

456 775 737 831 materiam
767 773 970 829 nullam
1000 772 1164 829 fuisse
1193 787 1257 828 ex
1308 773 1412 830 hoc
1460 772 1619 828 etiam
1648 774 1788 846 quod
1835 789 1934 831 nec
1960 781 2049 829 ta-
2160 780 2271 827 tum
2302 771 2353 809 62
2389 772 2522 829 artis
2551 787 2662 828 suae
2693 769 2820 827 dum
2858 770 3108 838 ostendit,
3145 768 3261 842 ipse
3290 785 3350 826 se
3381 769 3573 841 pinxit.

455 864 561 921 lem
614 870 887 936 competat
932 862 1100 919 fuisse
1154 861 1332 935 qualis
1386 862 1671 931 inducitur,
1730 863 1784 920 in
1840 870 2049 920 tantum

1820 1023 2013 1086 Variae
2054 1026 2362 1086 lectiones.

533 1133 584 1171 60
615 1130 937 1191 Probaretur
962 1127 1135 1189 iidem
1157 1134 1359 1187 contra
1379 1144 1591 1188 omnes.
1622 1129 1668 1169 61
1726 1131 1814 1187 Al.
1839 1128 1984 1201 quod
2010 1138 2093 1187 est
2118 1129 2254 1200 ipse.
2283 1129 2333 1168 62
2359 1127 2710 1187 Documentis
2738 1127 2913 1185 Rhen.
2949 1127 3118 1185 Seml.
3155 1123 3375 1184 Oberth.

1851 1252 2356 1319 Commentarius.

462 1362 920 1435 quemadmodum
958 1368 1010 1417 et
1058 1361 1436 1435 investigabile
1464 1361 1552 1417 hic
1588 1359 1879 1435 significat,
1914 1362 2058 1432 quod
2165 1358 2839 1435 inventibiliaaliquando
2872 1357 3163 1435 legendum
3196 1356 3527 1435 putavimus.
3561 1357 3745 1435 Regiv.

464 1427 776 1517 investigari
815 1448 923 1515 non
964 1440 1166 1517 potest.
1190 1427 1549 1517 ‘ltfe’rninisse‘
1573 1427 1750 1515 autem
1780 1427 2057 1517 ‘debe'mus
2162 1462 2238 1517 -—'
2252 1427 2677 1517 Ininventibilia
2686 1429 2917 1511 judicia
2932 1427 3487 1517 Ej'us,.etc.lnGrmco
3498 1438 3585 1517 est
3593 1431 3747 1517 ᾀνυξετ

459 1499 849 1562 Tertullianum
882 1506 937 1561 in
966 1499 1263 1561 reddendis
1291 1505 1497 1560 Graecis
1519 1504 1887 1560 duriusculum
1914 1519 2053 1560 esse.
2164 1504 2384 1574 ρεύνητα,
2416 1502 2520 1574 hoc
2565 1512 2646 1557 est
2689 1499 3035 1574 impervia’et
3079 1499 3665 1574 incomprehensibilia,
3690 1511 3745 1559 ut

458 1576 517 1631 Id
575 1577 722 1654 quod
766 1577 820 1631 in
870 1577 1242 1654 superioribus
1304 1577 1456 1654 libris
1513 1574 1884 1654 indicavimus.
1933 1574 2058 1654 Erat
2162 1572 2357 1654 vulgus
2383 1573 2965 1654 legituPorroAparum
2996 1572 3220 1654 interest
3254 1572 3301 1627 si
3346 1573 3499 1654 legas
3526 1572 3748 1654 investit

458 1643 639 1704 autem
690 1648 808 1705 haec
852 1643 956 1704 vei
994 1647 1157 1719 vulgo
1196 1646 1442 1719 fortassis
1490 1645 1754 1719 usitatior.
1794 1646 1906 1719 Nos
1946 1646 2056 1702 vim
2163 1643 2371 1718 gahiles
2413 1643 2505 1719 aut
2547 1643 3036 1719 ininvestjgabiles,
3075 1653 3361 1719 utrumque
3406 1643 3547 1699 cnim
3596 1646 3745 1702 reddi

457 1719 633 1776 (ἰτωοὶ
681 1719 950 1784 vocabuli,
1003 1714 1146 1790 quod
1198 1726 1281 1773 est
1327 1716 1671 1789 άνεξερεύνητα
1698 1717 2034 1774 attendentes

1737 1717 2054 1785 ttendentes,
2164 1714 2340 1788 potest
2368 1732 2436 1773 ex
2462 1716 2653 1773 Graeco
2684 1714 3061 1787 ἀνεξιχνίαστοι.
3095 1715 3172 1770 La
3213 1716 3317 1773 Pn.

698 2049 837 2198 Ω.
1034 2044 1504 2176 SEPT.
1665 2046 2163 2175 FLOR.
2320 2043 3516 2177 TERTULLIANI

1337 2269 2005 2383 ADVERSUS
2124 2271 2881 2380 MARCIONEM

1705 2464 1962 2546 LIBRI
2017 2464 2474 2565 QUINQUE

1628 2783 1803 2844 239
1841 2787 2166 2845 SYNOPSIS
2203 2785 2582 2844 HISTORICA.

528 2901 744 2960 Murcia
766 2903 981 2975 Synope
994 2903 1059 2958 in
1078 2904 1257 2961 Ponto
1273 2907 1448 2961 natus
1476 2907 1561 2960 est
1581 2905 1735 2959 circa
1754 2919 1975 2961 annum
1996 2904 2121 2973 148,
2152 2904 2472 2976 imperante
2492 2903 2796 2958 Antonino.
2822 2901 2918 2958 Hic
2931 2900 3098 2957 initio
3115 2905 3251 2957 vita:
3271 2903 3594 2959 castitatem
3616 2920 3747 2975 prta

455 3008 513 3049 se
534 2993 725 3062 ferens
742 2990 1150 3049 monachorum
1168 2992 1443 3049 instituta
1462 2995 1755 3065 professus
1785 2998 1891 3059 est,
1914 2997 2148 3067 parente
2161 2996 2334 3049 natus
2351 2991 2645 3048 catholicae
2656 2992 3073 3048 communionis
3102 2991 3372 3064 episcopo.
3391 2993 3604 3061 Postea,
3624 3009 3765 3049 cum

454 3081 731 3152 virginem
758 3080 829 3136 ad
848 3085 1096 3138 amasset
1119 3098 1183 3138 ea
1213 3081 1422 3138 abusus
1445 3087 1549 3139 est.
1574 3084 1645 3140 0b
1675 3081 1823 3141 hunc
1850 3085 2035 3155 igitur
2061 3085 2345 3139 incestum
2374 3081 2623 3138 Ecclesia
2650 3079 2717 3136 ab
2734 3081 3102 3153 ipsoparente
3124 3081 3328 3153 pulsus
3347 3084 3453 3150 est,
3474 3082 3594 3140 viro
3621 3097 3764 3137 cum

453 3171 655 3241 primis
684 3171 962 3242 religioso,
997 3187 1063 3226 ac
1102 3171 1366 3227 veritatis
1392 3188 1587 3229 amore
1616 3174 2088 3244 flagrantissimo,
2129 3176 2186 3228 et
2205 3172 2269 3227 in
2299 3171 2629 3246 episcopalis
2658 3171 2912 3227 muneris
2948 3168 3444 3228 administratione
3466 3175 3766 3243 praestan-

453 3261 689 3316 tissimo.
717 3258 821 3316 Cui
842 3276 975 3315 cum
1008 3260 1209 3319 Marcio
1232 3260 1352 3330 diu,
1374 3264 1735 3335 multumque
1755 3262 2142 3334 supplicasset,
2157 3278 2224 3318 ac
2249 3260 2650 3334 pwnitentiam
2676 3260 3034 3332 postulasset,
3058 3277 3094 3316 a
3107 3264 3275 3332 patre
3290 3259 3546 3333 precibus
3573 3260 3766 3317 nullis

452 3349 719 3405 obtinuit.
745 3351 975 3405 Romam
1006 3350 1200 3421 itaque
1227 3366 1283 3407 se
1307 3352 1574 3418 contulit,
1612 3354 1667 3410 et
1693 3352 1938 3407 seniores
1967 3350 2181 3416 adiens,
2221 3352 2316 3423 qui
2346 3349 2413 3404 ab
2435 3348 2814 3421 apostolorum
2842 3349 3132 3421 discipulis
3160 3348 3356 3415 edocti,
3388 3349 3572 3406 adhuc
3596 3365 3770 3423 supe-

451 3442 653 3494 rerant
682 3441 749 3493 ut
778 3439 1339 3504 in,communionem
1369 3439 1797 3504 admitteretur,
1816 3440 2041 3510 frustra
2053 3440 2244 3513 petiit.
2272 3439 2635 3508 Quamobrem
2659 3438 3065 3495 exstimulatus
3094 3437 3332 3505 invidia,
3353 3455 3418 3496 ac
3446 3440 3535 3494 ira
3563 3440 3768 3513 perci-

456 3530 564 3593 tus,
596 3526 715 3584 illis
731 3527 881 3583 diuit
913 3546 931 3583 :
952 3526 1254 3584 Ecclesiam
1284 3534 1521 3585 vestram
1541 3543 1642 3601 ego
1674 3527 2002 3598 dissociabo,
2023 3527 2077 3584 in
2104 3544 2329 3600 eamque
2357 3527 2590 3584 schisma
2610 3526 3000 3603 sempiternum
3015 3526 3332 3598 immittam;
3355 3530 3411 3585 et
3441 3527 3771 3596 discedens,

451 3615 523 3671 ad
546 3616 871 3688 impostoris
904 3615 1171 3675 Cerdonis
1200 3615 1463 3675 hwresim
1493 3619 1797 3691 confugere
1824 3619 1887 3673 in
1918 3620 2177 3675 animum
2196 3617 2432 3674 induxit
2452 3616 2526 3689 (S.
2558 3615 2895 3689 Epiphanus,
2925 3619 3127 3686 haeres,
3159 3619 3273 3689 42).
3329 3618 3590 3676 Cerdonis
3637 3619 3776 3676 haec

452 3709 622 3760 erant
650 3706 947 3776 dogmata:
980 3708 1162 3762 Deum
1182 3706 1316 3777 legis
1345 3707 1697 3767 conditorem
1709 3709 1891 3764 alium
1913 3722 2031 3766 esse
2048 3725 2083 3765 a
2103 3710 2273 3765 Patre
2293 3707 2521 3763 Domini
2540 3708 2727 3763 nostri
2754 3708 2884 3764 Jesu
2917 3706 3158 3775 Christi;
3192 3707 3341 3766 hunc
3362 3707 3566 3769 bonum
3577 3710 3775 3780 fuisse

450 3792 624 3849 illum
666 3794 928 3861 malum;
958 3794 1151 3849 Iesum
1200 3794 1493 3851 Christum
1537 3813 1730 3854 veram
1774 3801 2093 3871 nostraeque
2134 3796 2676 3855 consubstantialem
2719 3812 2951 3854 carnem
2985 3811 3101 3855 non
3129 3800 3516 3871 assumpsisse,
3546 3813 3652 3855 nec
3694 3798 3780 3859 de

453 3882 670 3954 virgine
721 3882 899 3939 Maria
926 3886 1136 3939 natum
1164 3883 1361 3955 fuisse.
1391 3884 1592 3940 DUPlN.

523 3971 677 4043 Opus
706 3972 975 4028 adversus
1006 3972 1348 4031 Marcionem
1378 3973 1697 4046 conscripsit
1721 3974 2107 4047 Tertullianus,
2142 3982 2428 4048 postquam
2457 3974 2511 4031 in
2576 3974 3034 4032 Montanistarum
3082 3991 3324 4033 errorem
3353 3975 3540 4047 lapsus
3565 3982 3669 4043 est,
3698 3985 3779 4033 ut

449 4070 674 4134 apparet
710 4078 774 4118 ex
800 4060 910 4116 illis
932 4060 1113 4119 verbis
1142 4062 1283 4134 (cap.
1319 4065 1411 4131 29,
1444 4062 1543 4119 lib.
1563 4066 1604 4135 ι)
1636 4082 1650 4118 :
1714 4066 1968 4122 Nubendi
1987 4067 2115 4137 jam
2141 4064 2337 4122 modus
2365 4065 2626 4138 ponitur,
2670 4066 2967 4122 Paracleto
3014 4071 3274 4134 auctore,
3306 4082 3496 4123 unum
3526 4070 3591 4122 in
3642 4066 3778 4135 ﬁde

449 4151 895 4209 matrimonium
922 4150 1341 4224 prcescribitur,
1374 4159 1428 4209 et
1470 4153 1600 4207 dum
1654 4170 1825 4212 novas
1872 4154 2201 4228 prophetias
2250 4160 2655 4221 commemorat,
2684 4160 2735 4210 et
2764 4153 2833 4211 de
2868 4154 3189 4227 quibusdam
3219 4154 3635 4212 revelationtbus
3663 4153 3771 4210 lo-

448 4256 618 4313 quens
666 4239 849 4297 scribit
882 4239 981 4311 (lib
1031 4255 1109 4311 1v,
1148 4256 1270 4312 cap.
1302 4241 1394 4313 22)
1426 4259 1439 4299 :
1485 4244 1562 4301 De
1593 4260 1697 4317 quo
1754 4244 1911 4300 inter
1938 4261 2063 4315 nos,
2121 4248 2179 4300 et
2203 4245 2496 4317 Psychicos
2535 4246 2771 4317 quaestio
2810 4248 2925 4310 est;
2985 4260 3107 4316 quae
3159 4244 3407 4314 profecto
3452 4242 3772 4311 distinctio,

448 4329 844 4387 communionis
874 4329 1124 4402 designat
1145 4329 1539 4389 diversitatem.
1599 4332 1724 4389 Haec
1754 4339 1932 4389 tamen
1961 4332 2178 4390 minime
2206 4334 2504 4406 impediunt
2532 4333 2662 4406 quin
2718 4350 2857 4405 opus
2904 4332 3049 4389 istud
3102 4333 3417 4391 Tertulliani
3482 4331 3774 4405 optimum

447 4420 554 4476 dici
582 4428 765 4492 queat,
796 4428 849 4475 et
875 4419 1043 4475 veluti
1091 4420 1381 4477 thesaurus
1409 4421 1729 4493 antiquioris
1785 4423 2097 4496 the010gite.
2134 4423 2370 4478 Primum
2400 4424 2716 4495 opusculum
2748 4424 2851 4481 hoc
2894 4423 3087 4479 eodem
3128 4422 3197 4478 de
3254 4430 3576 4496 argumento
3622 4437 3777 4479 exa-

448 4518 677 4576 raverat,
711 4509 807 4569 sed
854 4510 1112 4578 currenti,
1144 4518 1203 4579 ut
1232 4510 1405 4579 aiunt,
1448 4511 1676 4579 calamo,
1705 4512 1848 4585 quod
1880 4520 2071 4585 postea
2088 4512 2206 4586 (lib.
2240 4529 2314 4581 IV,
2339 4528 2462 4585 cap.
2495 4513 2536 4572 Il
2589 4513 2845 4585 pleniore
2884 4513 3166 4585 positione
3211 4514 3545 4582 resciderat,
3575 4511 3678 4568 sed
3708 4520 3779 4568 et

449 4600 594 4657 istud
649 4599 853 4672 fraude
911 4602 1116 4672 fratris
1171 4605 1448 4675 apostatw
1496 4601 1597 4657 sibi
1654 4610 1973 4675 supreptum
2002 4603 2156 4672 dicit;
2190 4618 2354 4676 quam
2378 4604 2642 4672 jacturam
2663 4609 3052 4674 ut_repararet,
3086 4603 3251 4660 hocce
3291 4603 3504 4669 tertium
3559 4602 3778 4660 elucu-

446 4690 623 4748 bravit
649 4706 790 4748 anno
805 4705 884 4746 xv
905 4688 1095 4748 Severi
1116 4690 1479 4763 imperatoris,
1515 4708 1546 4746 a
1575 4691 1775 4747 Christi
1792 4692 1971 4749 Natali
1997 4695 2124 4752 207.
2148 4692 2397 4750 Lunensi.

1592 4836 1825 4895 TOTIUS
1879 4837 2121 4895 OPERIS
2160 4834 2622 4899 YCONSPECTUS.

522 4949 704 5005 Primo
754 4948 934 5023 itaque
982 4950 1103 5007 loco
1132 4950 1233 5008 Dei
1278 4951 1541 5007 unitatem
1598 4965 1652 5010 et
1681 4952 2104 5026 singularitatem
2124 4951 2382 5021 ostendit,
2411 4965 2535 5008 cum
2573 4948 2909 5022 impossibile
2943 4950 3151 5009 evincat
3177 4952 3288 5010 duo
3327 4953 3445 5010 dari
3491 4969 3776 5026 suprema

448 5038 612 5093 entia:
654 5040 761 5107 Qui
781 5042 937 5095 enim
966 5040 1074 5098 duo
1104 5042 1291 5114 potuit
1322 5041 1650 5109 admittere,
1670 5043 1820 5100 idem
1844 5048 1899 5100 et
1914 5045 2088 5115 plura
2105 5039 2314 5110 ;240
2331 5045 2455 5117 post
2476 5040 2587 5097 duo
2602 5041 2759 5096 enim
2777 5041 3111 5109 multitudo,
3126 5044 3343 5101 unione
3346 5046 3475 5116 jam
3487 5059 3773 5111 excussa,

448 5142 724 5185 numerus
753 5132 949 5186 autem
977 5129 1305 5185 divinitatis
1330 5146 1555 5186 summa
1574 5132 1797 5191 ratione
1810 5136 2073 5189 constare
2109 5131 2281 5189 debet.
2307 5131 2473 5188 Porro
2501 5129 2760 5199 Marcion,
2780 5130 2980 5186 utbina
3007 5147 3102 5186 sua
3128 5131 3434 5190 adstrueret
3460 5132 3774 5205 principia,

448 5218 659 5273 dicebat
702 5217 1013 5275 Creatorem
1045 5234 1167 5275 esse
1204 5218 1558 5288 culpandum,
1596 5220 1797 5292 quippe
1854 5220 1945 5291 qui
1983 5220 2245 5277 malorum
2303 5226 2492 5277 auctor
2528 5218 2788 5275 dicendus
2815 5219 2974 5287 foret,
3002 5219 3278 5293 inquiente
3308 5222 3585 5295 Scriptura
3613 5223 3774 5293 (Isa.

449 5323 571 5376 ην,
599 5308 657 5380 ’7)
688 5324 700 5360 :
734 5310 843 5379 Ego
879 5309 1143 5379 formans
1175 5324 1393 5380 pacem,
1425 5312 1482 5363 et
1502 5324 1703 5367 creans
1727 5311 1971 5368 malum.
1995 5309 2068 5366 At
2085 5309 2455 5367 Tertulliauus
2482 5308 2720 5365 ostendit
2764 5308 2989 5381 impium
3043 5325 3196 5378 esse,
3256 5310 3644 5384 blasphemum
3703 5321 3778 5370 et

451 5395 796 5454 temerarium
823 5396 893 5453 de
938 5397 1051 5454 Deo
1097 5396 1276 5455 dicere
1308 5399 1443 5467 (cap.
1476 5399 1530 5463 3,
1564 5413 1619 5453 n.
1652 5399 1709 5468 4)
1743 5413 1759 5451 :
1786 5400 1879 5455 Sic
1909 5416 2026 5457 non
2047 5398 2237 5458 debuit
2265 5402 2432 5464 Deus,
2465 5403 2521 5456 et
2550 5400 2631 5456 sic
2662 5400 2840 5470 magis
2870 5400 3077 5457 debuit.
3110 5399 3320 5456 Deinde
3350 5400 3621 5458 Creatoris
3652 5401 3775 5457 bo-

450 5486 674 5545 nitatem
713 5484 967 5559 patefacit
994 5485 1048 5543 in
1069 5486 1321 5543 omnibus
1353 5485 1480 5558 ejus
1509 5486 1771 5558 operibus
1789 5488 2207 5558 elucescentem,
2241 5504 2302 5545 ac
2331 5488 2630 5560 pmsertim
2677 5486 2733 5541 in
2759 5486 2918 5558 primi
2975 5487 3212 5545 hominis
3259 5488 3641 5547 efformatione
3692 5505 3777 5549 ac

450 5578 739 5635 creatione.
776 5576 981 5635 Deinde
1010 5576 1205 5635 divinae
1233 5574 1456 5648 justitiae
1487 5575 1545 5631 in
1576 5578 1843 5635 malorum
1883 5577 2165 5651 punitione
2189 5579 2587 5636 necesssitatem
2641 5575 2895 5647 ostendit,
2925 5576 2994 5632 ad
3023 5579 3191 5635 malos
3234 5580 3563 5636 coercendos
3597 5586 3655 5636 et
3685 5579 3776 5636 ad
