4032 6152
241 277 348 340 255
1497 277 1838 340 ADVERSUS
1884 275 1976 338 MA
1984 275 2293 341 BCIONBM.
3436 296 3543 356 266

243 401 536 463 avertenda
562 411 805 474 peccata,
839 419 960 477 qum
987 412 1174 462 contra
1199 404 1300 462 Dei
1330 405 1637 462 mandatum
1669 415 1725 463 et
1749 405 2072 462 voluntatem
2096 407 2454 465 admittuntur
2481 409 2600 479 (lib.
2635 427 2701 484 ιι,
2729 427 2848 483 cap.
2880 415 2968 484 13)
3002 433 3015 470 :
3050 417 3169 474 Non
3199 434 3352 477 enim
3368 424 3539 494 sufﬁ-

243 494 421 551 ciebat
443 494 652 551 bonum
679 509 784 566 per
809 496 1174 567 semetipsum
1201 496 1609 565 commendari,
1630 498 1742 553 nisi
1761 497 1841 552 vis
1871 497 2068 570 aliqua
2083 502 2346 572 praeesset
2368 501 2628 567 timendi,
2663 517 2786 574 quae
2809 502 3018 560 bonum
3050 510 3225 564 etiam
3280 513 3541 569 nolentes

241 587 559 658 appeteret,
591 589 648 639 et
675 583 968 642 custodire
996 585 1330 658 impelleret.
1357 585 1590 642 Elfrenis
1625 586 1786 659 igitur
1814 586 2070 658 peccandi
2103 585 2326 644 libertas
2359 589 2611 660 panditur
2642 592 3032 663 peccatoribus,
3067 596 3196 652 dum
3235 597 3339 653 illis
3394 601 3542 657 Deus

240 672 584 744 preponitnr,
615 672 710 745 qui
767 673 891 744 igne
929 681 982 728 et
1007 681 1206 730 tartaro
1265 675 1455 746 punire
1501 674 1708 746 nequit,
1739 683 1792 731 et
1843 675 1936 747 qui
1984 675 2158 731 timeri
2186 693 2295 732 non
2325 686 2525 750 potest,
2553 686 2608 736 et
2638 679 2770 736 nolit
2796 682 2942 753 (cap.
2986 684 3095 755 16).
3162 686 3380 754 Quanto
3411 707 3540 746 ma-

244 764 362 818 lum
393 763 736 834 injustitia;
762 765 926 819 tanto
955 764 1160 819 bonum
1167 765 1406 836 justitia
1428 764 1610 831 ;bona
1635 767 1818 836 igitur
1843 769 2280 840 severitas,quia
2285 769 2536 839 justa,si
2555 769 2733 827 bonus
2733 771 2943 842 judex,
2971 774 3030 828 id
3049 779 3132 831 est
3151 779 3375 845 justus.
3402 779 3542 835 Item

244 856 448 906 cetera
469 851 630 917 bona,
647 868 752 923 per
771 869 894 924 quia
913 868 1050 924 opus
1067 854 1274 909 bonum
1303 855 1490 910 currit
1519 853 1678 910 bona:
1713 855 2051 919 severitatis,
2086 859 2200 913 sive
2218 859 2330 921 ira,
2355 858 2469 916 sive
2489 861 2801 928 (emutatio,
2829 861 2944 918 sive
2971 864 3210 928 saevitia,
3235 864 3334 920 Dei
3352 864 3547 923 videli-

245 948 319 995 cet
372 940 689 1008 volitiones,
725 956 862 1013 quas
900 957 1002 997 nos
1058 941 1202 997 hisce
1246 942 1470 1000 vocibus
1533 942 1928 1015 significamus,
1969 958 2156 1000 omnes
2203 956 2386 1002 tamen
2442 948 2706 1004 humanas
2761 965 2791 1004 a
2847 949 2959 1006 Deo
3017 953 3299 1024 passiones
3355 954 3554 1026 procul

247 1030 580 1104 ablegantes.
646 1030 779 1084 Cum
812 1041 988 1087 tamen
1043 1030 1374 1103 philosophi,
1431 1047 1726 1104 eorumque
1770 1039 2065 1089 sectatores
2095 1035 2349 1105 hieretici,
2408 1052 2478 1092 ne
2507 1037 2680 1094 Deum
2719 1039 3033 1096 inducerent
3061 1041 3174 1098 sive
3204 1042 3546 1114 passionibus

246 1120 561 1186 obnoxium,
595 1119 714 1175 sive
743 1119 1082 1188 mutabilem,
1135 1128 1190 1176 et
1243 1136 1308 1176 ex
1345 1131 1712 1194 consequente
1759 1121 2164 1193 corruptibilem
2224 1132 2280 1179 et
2320 1127 2622 1198 mortalem,
2666 1127 2887 1183 omnino
2940 1129 3306 1188 insensibilem
3362 1132 3542 1206 ﬁnge-

247 1209 366 1263 bant
392 1208 541 1278 (cap.
585 1211 694 1278 16).
738 1211 904 1281 Bene,
936 1210 1231 1279 reponebat
1260 1210 1642 1277 Tertullianus,
1670 1211 1812 1284 quod
1857 1213 2315 1269 Christianorum
2355 1219 2460 1285 est,
2511 1218 2690 1272 etiam
2728 1223 3030 1275 mortuum
3078 1223 3255 1276 Deum
3300 1223 3542 1291 credere,

248 1302 298 1355 et
328 1303 530 1354 tamen
543 1298 728 1353 vivere
754 1300 819 1354 in
839 1314 951 1356 (evo
969 1315 1244 1356 avorum.
1265 1301 1628 1366 Stultissimi,
1652 1301 1750 1374 qui
1766 1301 1831 1356 de
1848 1301 2118 1357 humanis
2140 1303 2334 1359 divina
2346 1304 2688 1375 pradicant,
2713 1310 2798 1377 ut,
2816 1310 3079 1378 quoniam
3093 1312 3156 1365 in
3177 1309 3403 1370 homine
3433 1329 3549 1369 cor-

251 1389 527 1460 ruptoria:
541 1388 880 1444 conditionis
902 1386 1180 1446 habentur
1201 1387 1526 1458 huiusmodi
1543 1391 1852 1461 passiones,
1874 1391 2084 1449 idcirco
2105 1395 2161 1447 et
2174 1392 2238 1446 in
2254 1396 2362 1449 Deo
2383 1392 2636 1463 eiusdem
2665 1398 2858 1452 status
2877 1399 3309 1456 existimentur.
3339 1402 3397 1456 In
3421 1401 3544 1472 qui-

251 1477 343 1532 bus
370 1477 560 1532 verbis
596 1484 823 1548 apparet
852 1476 1161 1533 Tertulliani
1192 1493 1308 1534 aevo
1337 1487 1670 1535 constantem
1708 1478 1873 1535 fuisse
1909 1486 1962 1536 et
2017 1489 2181 1535 ratam
2224 1481 2294 1536 de
2339 1480 2536 1537 Christi
2574 1482 2868 1554 divinitate,
2899 1501 2962 1541 ac
3003 1487 3157 1542 trium
3189 1503 3544 1560 personarum

251 1566 468 1630 unitate,
505 1563 832 1620 doctrinam.
873 1563 1027 1629 Dein,
1069 1580 1225 1620 suum
1258 1579 1591 1638 prosequens
1620 1580 1943 1634 sermonem,
1973 1567 2154 1623 subdit
2187 1584 2200 1624 :
2235 1569 2495 1625 Discerne
2512 1570 2914 1640 substantiam,
2943 1579 2999 1630 et
3025 1591 3150 1631 suos
3183 1579 3236 1632 ei
3270 1575 3547 1634 distribue

253 1668 446 1708 sensus
482 1655 608 1706 tam
630 1641 890 1716 diversos,
909 1667 1084 1724 quam
1122 1653 1458 1710 substantiae
1496 1654 1756 1725 exigunt,
1792 1654 1923 1710 licet
1952 1653 2232 1711 vocabulis
2262 1655 2686 1714 communicare
2715 1657 3038 1716 videantur.
3072 1662 3214 1717 Nam
3253 1667 3308 1716 et
3349 1663 3545 1721 dexte-

256 1757 392 1806 ram,
414 1747 474 1796 et
501 1741 712 1805 oculos,
743 1744 799 1797 et
824 1740 990 1812 pedes
1021 1741 1119 1796 Dei
1142 1742 1416 1812 legimus;
1445 1758 1558 1798 non
1596 1742 1716 1800 ideo
1749 1747 1942 1799 tamen
1973 1743 2239 1799 humanis
2257 1747 2763 1816 comparabuntur,
2795 1748 2932 1818 quia
2959 1746 3025 1803 de
3053 1750 3436 1820 appellatione
3461 1767 3550 1808 so‘

257 1834 548 1887 cientur...
577 1831 745 1885 Prior
771 1829 990 1886 bonitas
1016 1832 1116 1886 Dei
1144 1832 1456 1887 secundum
1476 1835 1773 1897 naturam,
1797 1833 2066 1889 severitas
2092 1833 2372 1903 posterior
2387 1834 2699 1891 secundum
2727 1851 2961 1892 causam
2991 1836 3135 1908 (cap.
3168 1841 3254 1904 13,
3293 1840 3399 1910 IL).
3431 1839 3547 1894 Pri-

257 1936 391 1976 mum
415 1918 588 1989 igitur
611 1917 814 1973 malum
859 1926 1161 1989 peccatum,
1200 1919 1344 1991 quod
1384 1934 1541 1990 pinna
1569 1920 1862 1976 subsecuta
1888 1927 1989 1990 est,
2038 1936 2160 1991 quas
2190 1919 2351 1976 21!
2402 1922 2601 1977 malum
2631 1932 2740 1991 est;
2774 1931 2826 1977 at
2857 1925 3077 1980 alterius
3107 1926 3324 1999 generis
3350 1927 3506 1983 mala
3532 1968 3546 1994 ,

258 2008 458 2064 scilicet
486 2009 686 2080 quibus
707 2005 1119 2078 rependuntur,
1155 2013 1425 2064 caeterum
1453 2024 1554 2065 suo
1588 2009 1819 2067 nomine
1841 2011 2003 2076 bona,
2033 2011 2162 2082 quia
2184 2011 2453 2082 justa,_’et
2469 2010 2743 2068 bonorum
2768 2013 3107 2084 defensoria,
3140 2018 3194 2072 et
3215 2014 3551 2073 delictorum

261 2100 516 2163 inimica,
550 2101 720 2168 atque
747 2097 812 2151 in
841 2095 940 2152 hoc
978 2097 1174 2153 ordine
1205 2099 1311 2154 Deo
1341 2098 1530 2168 digna.
2239 2115 2244 2120 ·

325 2188 392 2244 Ut
433 2201 569 2242 vero
607 2185 732 2240 mali
789 2185 1057 2258 originem
1102 2185 1332 2259 detegat,
1392 2187 1607 2242 humani
1660 2186 1962 2243 libertatem
2019 2187 2222 2244 arbitrii
2270 2188 2546 2245 constituit
2598 2189 2981 2260 Tertullianus,
3036 2192 3264 2250 dicens:
3339 2195 3400 2248 In
3445 2210 3554 2268 quo

263 2279 352 2336 hoc
388 2280 582 2349 ipsum
613 2278 796 2347 imago
827 2280 881 2330 et
907 2275 1220 2332 similitudo
1241 2277 1337 2333 Dei
1362 2275 1752 2348 deputaretur,
1780 2277 2011 2333 arbitrii
2038 2277 2256 2333 scilicet
2287 2277 2514 2335 libertas
2547 2283 2606 2334 et
2625 2283 2897 2351 potestas.
2929 2283 2998 2336 At
3026 2282 3203 2354 imago
3232 2297 3444 2352 semper
3472 2290 3558 2337 est

261 2366 503 2438 originali
538 2364 779 2434 inferior,
830 2369 886 2420 et
931 2381 1071 2436 opus
1100 2367 1349 2435 inferius
1388 2366 1631 2435 artifice,
1683 2373 1966 2437 pr0pterea
1996 2373 2186 2422 natura
2213 2381 2310 2421 sua
2334 2366 2644 2423 defectibile
2671 2369 2814 2440 (cap.
2850 2371 2970 2441 10);
3004 2373 3061 2427 et
3090 2372 3241 2428 sicut
3262 2374 3412 2429 Deus
3450 2370 3553 2426 h0-

261 2458 397 2512 mini
417 2458 557 2512 vitae
574 2458 800 2511 statum
811 2453 1071 2520 induxit,
1094 2457 1180 2510 ita
1207 2455 1368 2512 homo
1387 2457 1587 2512 mortis
1602 2459 1819 2512 statum
1838 2455 2118 2522 adtraxit,
2143 2463 2194 2512 et
2213 2455 2356 2511 idem
2385 2457 2453 2511 de
2482 2455 2673 2530 angelo
2693 2457 2975 2514 dicendum
2998 2479 3013 2528 ;
3048 2460 3194 2515 Deus
3219 2460 3358 2516 enim
3381 2477 3553 2534 augeo

263 2546 361 2600 lam
417 2545 571 2609 fecit,
628 2544 722 2615 qui
757 2543 995 2614 seipsum
1035 2545 1090 2598 in
1125 2544 1428 2600 daemonem
1456 2545 1822 2603 commutavit.
1853 2545 1924 2600 Et
1950 2545 2055 2602 hoc
2084 2553 2236 2617 pacto
2265 2544 2623 2615 objectionem
2655 2547 2845 2618 solvit,
2885 2547 2952 2603 ad
2990 2550 3350 2605 accusandum
3391 2552 3556 2607 Crea-

262 2644 418 2691 torem
475 2650 549 2691 ex
602 2632 840 2689 hominis
893 2642 946 2690 et
980 2635 1295 2707 angelorum
1326 2635 1482 2707 lapsu
1535 2635 1904 2708 desumptam;
1974 2633 2227 2690 nimirum
2287 2631 2376 2692 vel
2445 2635 2668 2692 inscitiae
2725 2645 2782 2692 et
2830 2636 3170 2707 ignorantiae,
3203 2638 3248 2693 si
3279 2648 3558 2709 peccatum

263 2724 541 2795 utriusque
579 2736 687 2779 non
715 2723 1012 2794 pranovit;
1042 2723 1126 2780 vel
1154 2724 1392 2792 malitiae,
1416 2723 1528 2797 qui,
1561 2739 1683 2780 cum
1713 2723 2034 2795 praeviderit,
2057 2738 2166 2779 non
2206 2722 2504 2796 impedivit.
2537 2724 2671 2780 Nam
2702 2725 2842 2782 Deus
2871 2725 3113 2794 etﬁdem
3146 2737 3198 2782 et
3216 2729 3558 2799 gravitatem

265 2829 404 2869 suam
461 2812 520 2867 in
579 2811 730 2869 omni
767 2827 936 2883 opere
993 2827 1207 2869 servare
1261 2813 1526 2882 debebat;
1586 2812 1922 2871 conservavit
1973 2812 2140 2883 igitur
2193 2828 2354 2885 opus,
2410 2813 2569 2885 quale
2623 2813 2953 2885 condiderat,
2985 2815 3037 2870 id
3090 2823 3172 2870 est
3217 2816 3386 2873 libero
3418 2832 3559 2888 prae-

269 2902 429 2957 ditum
457 2901 685 2958 arbitrio
706 2903 850 2973 (cap.
868 2904 947 2970 7).
975 2903 1034 2958 Si
1053 2903 1208 2959 enim
1228 2903 1402 2960 semel
1425 2900 1650 2961 homini
1670 2903 2010 2976 permiserat
2031 2901 2257 2958 arbitrii
2274 2902 2594 2958 libertatem
2611 2908 2666 2959 et
2681 2909 3052 2976 potestatem,
3075 2907 3276 2978 utique
3292 2905 3561 2976 fruendos

284 3008 370 3047 eas
407 3007 475 3046 ex
519 2991 636 3062 ipsa
662 2989 1001 3049 institutione
1030 2991 1394 3063 permiserat:
1429 3006 1588 3062 posse
1639 3000 1814 3048 autem
1865 3005 2086 3062 peccare
2124 2997 2208 3044 est.
2256 2990 2417 3060 hujus
2454 2990 2720 3046 libertatis
2757 2993 3173 3064 consectarium,
3215 2996 3360 3066 quod
3422 2995 3567 3051 Deus

299 3079 529 3146 permisit
573 3095 688 3136 cum
733 3080 1003 3154 adiunctis
1057 3080 1188 3149 suis,
1220 3081 1454 3153 peccatis
1483 3080 1688 3138 scilicet
1741 3087 1793 3136 et
1824 3077 2122 3152 suppliciis,
2155 3094 2276 3152 quae
2306 3077 2489 3135 omnia
2520 3086 2708 3150 postea
2737 3079 2790 3134 in
2830 3096 2944 3136 suae
2981 3082 3163 3152 glorise
3201 3084 3566 3140 ostensionem

291 3168 562 3224 convertit.

353 3256 534 3313 Postea
561 3258 625 3314 ad
677 3260 886 3316 Messias
916 3258 1228 3316 missionem
1259 3267 1312 3315 et
1341 3258 1762 3317 incarnationem
1789 3256 2163 3330 progrediens,
2197 3256 2324 3313 dicit
2353 3256 2466 3325 (lib.
2500 3271 2581 3329 ιιι,
2621 3271 2738 3328 cap.
2781 3259 2836 3328 3)
2871 3256 3162 3316 Christum
3189 3275 3305 3315 non
3333 3276 3407 3317 ex
3432 3261 3566 3318 solis

272 3348 578 3406 virtutibus
610 3349 951 3406 credendum
976 3351 1174 3420 fuisse,
1208 3349 1306 3405 sed
1336 3365 1399 3406 ex
1431 3347 1644 3421 praeviis
1672 3347 2052 3420 prophetarum
2093 3346 2159 3402 de
2187 3345 2280 3402 illo
2307 3345 2618 3413 vaticiniis;
2663 3346 2929 3417 siquidem
2959 3347 3163 3404 dictum
3191 3357 3324 3417 erat,
3355 3349 3570 3409 multos

271 3442 549 3501 venturos,
584 3441 643 3493 et
671 3439 836 3510 signa
855 3441 1113 3509 facturos
1132 3443 1188 3496 et
1217 3441 1455 3497 virtutes
1469 3454 1704 3510 magnas
1733 3437 2002 3505 edituros,
2033 3451 2136 3492 nec
2165 3436 2286 3492 ideo
2312 3440 2506 3491 tamen
2528 3433 2927 3494 admittendos.
2962 3437 3061 3492 Ubi
3095 3446 3148 3494 et
3174 3437 3309 3494 illud
3327 3437 3571 3494 animad-

268 3526 418 3580 vertit
443 3542 476 3580 a
506 3527 795 3598 prephetis
827 3529 966 3599 (cap.
1000 3529 1056 3600 5)
1087 3527 1210 3586 ideo
1249 3531 1457 3599 futura
1484 3528 1774 3586 interdum
1801 3542 1903 3599 pro
1926 3528 2054 3598 jam
2098 3527 2412 3582 transactis
2440 3526 2758 3592 enuntiari,
2793 3525 2919 3598 quia
2963 3527 3105 3599 apud
3137 3528 3315 3584 Deum
3350 3544 3464 3585 non
3495 3530 3572 3585 sit

267 3615 592 3686 differentia
624 3620 915 3689 temporis,
938 3617 1090 3689 apud
1111 3633 1274 3692 quem
1286 3619 1634 3688 uniformem
1652 3621 1874 3674 statum
1895 3620 2214 3688 temporum
2235 3615 2436 3687 dirigit
2454 3617 2771 3684 ceternitas,
2793 3621 2851 3672 et
2871 3615 3214 3674 divinationi
3231 3617 3576 3690 prophetiae

267 3705 560 3774 familiare
594 3711 684 3762 est
703 3707 848 3778 quod
865 3707 1168 3779 prospicit,
1191 3707 1330 3763 dum
1346 3708 1620 3780 prospicit
1635 3709 1763 3778 jam
1790 3707 1994 3772 visum,
2026 3709 2196 3778 atque
2214 3707 2297 3762 ita
2307 3706 2823 3778 jamexpunctum,
2851 3705 2908 3761 id
2935 3710 3020 3762 est
3047 3709 3206 3762 omni
3224 3707 3384 3763 modo
3408 3709 3574 3777 futu-

267 3811 392 3850 rum
426 3795 846 3854 demonstrare.
909 3795 974 3851 Ut
1003 3811 1132 3854 vero
1160 3797 1473 3854 ostenderet
1508 3796 1683 3851 Deum
1727 3811 1913 3853 verum
1975 3794 2253 3850 hominem
2309 3793 2498 3861 fuisse,
2553 3808 2660 3850 non
2692 3793 3028 3850 umbratilem
3057 3804 3114 3850 et
3155 3795 3570 3866 phantasticum,

268 3882 412 3949 dicit,
457 3884 508 3938 si
540 3885 596 3939 in
655 3884 870 3940 Christo
926 3900 1034 3941 non
1065 3885 1253 3942 fuisset
1288 3900 1417 3943 vera
1443 3884 1763 3952 humanitas,
1794 3898 1894 3940 nec
1920 3881 2246 3940 credendam
2277 3881 2332 3938 in
2381 3897 2448 3938 eo
2493 3898 2676 3940 veram
2709 3882 3044 3938 divinitatem
3089 3884 3230 3954 (cap.
3263 3885 3320 3956 8)
3355 3903 3370 3940 :
3431 3874 3574 3941 Nam

268 3975 316 4028 si
341 3973 402 4028 in
439 3973 670 4030 Christo
702 3990 818 4030 non
846 3979 971 4031 erat
995 3975 1141 4046 quod
1169 3974 1480 4039 videbatur,
1510 3979 1565 4030 et
1588 3975 1731 4046 quod
1747 3977 1869 4031 erat
1887 3972 2296 4037 mentiebatur,
2324 3988 2454 4028 caro
2485 3987 2587 4030 nec
2617 3989 2775 4040 caro,
2803 3973 2963 4030 homo
2997 3990 3102 4030 nec
3133 3974 3316 4039 homo,
3341 3974 3578 4047 promde

263 4063 407 4118 Deus
440 4061 734 4132 Christus,
763 4079 866 4120 nec
897 4066 1061 4120 Deus.
1097 4066 1211 4121 Cur
1239 4066 1392 4120 enim
1417 4080 1530 4120 non
1569 4067 1744 4121 etiam
1769 4064 1870 4120 Dei
1886 4063 2239 4134 phantasma
2261 4059 2568 4132 portavit?
2592 4063 2679 4118 An
2699 4062 2925 4119 credam
2953 4063 3006 4119 ei
3034 4062 3100 4119 de
3120 4064 3395 4120 interiore
3422 4063 3574 4120 subs-

267 4154 486 4220 tantia,
517 4155 618 4226 qui
647 4154 728 4207 sit
746 4152 812 4210 de
832 4154 1114 4211 exteriore
1142 4157 1464 4224 frustratus
1482 4154 1511 4207 ‘l
1531 4152 1730 4209 Verum
1744 4160 1924 4207 autem
1945 4149 2219 4206 hominem
2246 4147 2430 4219 fuisse,
2459 4150 2642 4205 omnia
2669 4151 2966 4206 ostendunt
2993 4167 3116 4222 quae
3143 4154 3213 4206 de
3241 4151 3374 4207 eoin
3393 4151 3574 4208 Evan-

269 4242 436 4313 geliis
463 4243 672 4312 scripta
700 4240 976 4314 leguntur,
1015 4242 1263 4299 videlicet
1290 4252 1343 4299 et
1374 4241 1632 4316 tetigisse,
1673 4248 1726 4298 et
1754 4249 1950 4297 tactum
1980 4240 2048 4294 ab
2078 4237 2202 4294 aliis
2222 4237 2425 4308 fuisse;
2467 4239 2726 4308 scriptum
2785 4247 2868 4295 est
2914 4239 3059 4295 enim
3108 4241 3376 4314 tangendo
3421 4238 3574 4296 inﬁr-
3659 4257 3666 4266 δ

271 4346 390 4387 mos
410 4344 514 4387 eos
545 4330 825 4397 liberasse,
847 4347 876 4386 a
905 4331 1205 4402 peccatrice
1267 4339 1435 4388 tactos
1476 4333 1596 4402 ejus
1653 4330 1819 4402 pedes
1849 4345 1914 4386 ac
1967 4327 2190 4398 perfuso
2227 4334 2508 4400 unguento
2536 4325 2830 4394 delibutos,
2865 4343 2965 4384 nec
2993 4343 3101 4384 non
3134 4345 3372 4399 passum,
3425 4346 3574 4386 mor-

265 4427 447 4484 tuum,
477 4427 538 4474 et
591 4416 840 4488 spiritum
888 4420 956 4473 ab
989 4433 1055 4476 eo
1110 4419 1388 4486 emissum,
1445 4425 1498 4473 et
1551 4424 1676 4489 post
1729 4417 2182 4474 resurrectionem
2240 4431 2299 4471 se
2355 4428 2578 4471 carnem
2633 4421 2687 4469 et
2741 4428 2864 4469 ossa
2916 4415 3114 4470 habere
3151 4416 3574 4485 demonstrasse,

264 4507 523 4577 iubendo
551 4514 614 4561 ut
639 4521 766 4563 eum
795 4513 1077 4582 tangerent
1103 4514 1158 4563 et
1196 4507 1507 4580 palparent;
1539 4505 1793 4577 alioquin,
1853 4505 1899 4561 si
1928 4520 2120 4561 veram
2147 4519 2256 4560 non
2295 4501 2568 4559 habuisset
2596 4516 2832 4571 carnem,
2871 4517 2971 4557 nec
3022 4517 3240 4574 passus,
3270 4520 3370 4560 nec
3424 4521 3576 4562 mor-

264 4607 387 4654 tuus
428 4596 656 4660 fuisset,
718 4605 1005 4668 prapterea
1031 4611 1130 4654 nec
1183 4597 1563 4654 resurrexisset
1593 4614 1608 4666 ;
1658 4594 1882 4668 proinde
1919 4593 2094 4650 inanis
2150 4601 2230 4651 est
2259 4591 2396 4649 ﬁdes
2438 4599 2641 4662 nostra,
2674 4589 2849 4647 inanis
2877 4599 2934 4648 et
2959 4590 3282 4662 {praedicatio
3309 4592 3578 4665 apostolo-

264 4704 404 4755 rum,
450 4687 556 4760 qui
585 4685 707 4741 falsi
734 4686 830 4743 Dei
864 4693 1034 4743 testes
1062 4686 1451 4746 invenirentur.

327 4775 524 4833 24.2
552 4774 882 4832 Marcionita:
910 4774 1240 4844 objiciebant
1265 4791 1481 4832 carnem
1493 4788 1772 4830 assumere
1808 4772 2086 4846 indignum
2107 4770 2274 4828 fuisse
2300 4771 2537 4837 Christo,
2553 4785 2671 4826 eam
2688 4769 2833 4826 enim
2863 4776 3150 4828 terrenam
3178 4769 3575 4838 substantiam,

261 4864 626 4925 stercoribus
657 4866 958 4935 infertam,
991 4865 1239 4922 cloacam
1266 4869 1500 4922 uterum
1527 4863 1763 4936 virginis
1791 4861 2176 4935 appellabant,
2210 4866 2266 4918 et
2297 4865 2504 4933 partus
2545 4860 2849 4918 immunda
2879 4863 2935 4917 et
2963 4859 3229 4932 pudenda
3272 4865 3586 4940 tor-menta.-

258 4962 310 5012 et
335 4956 656 5030 puerperii
683 4970 936 5027 spurcos,
973 4955 1195 5021 noxios,
1222 4954 1470 5011 ludicros
1498 4955 1688 5009 exitus
1721 4953 1837 5009 late
1864 4951 2344 5025 persequebantur
2371 4950 2516 5020 (cap.
2544 4951 2654 5020 11).
2684 4951 2754 5005 At
2785 4952 2898 5005 haec
2920 4949 3101 5005 omnia
3131 4951 3260 5006 dicit
3287 4949 3578 5007 Tertullia-

260 5060 362 5101 ans
402 5044 790 5102 sanctissima
817 5059 885 5098 ac
936 5043 1243 5100 reverenda
1282 5059 1398 5100 esse
1432 5059 1602 5114 opera
1642 5046 1896 5107 natura,
1925 5055 2044 5112 quae
2071 5049 2252 5096 tamen
2281 5055 2401 5095 cum
2431 5039 2635 5095 Marcio
2676 5038 2902 5111 indigna
2930 5039 3045 5096 Deo
3076 5040 3402 5109 ostenderet,
3443 5038 3580 5096 nihil

263 5136 441 5189 tamen
477 5131 763 5202 proﬁciet;
790 5149 932 5187 nam
953 5147 1068 5188 non
1101 5133 1214 5188 erit
1245 5131 1532 5204 indignior
1559 5134 1742 5189 morte
1770 5131 2043 5186 nativitas
2063 5134 2121 5186 et
2136 5143 2300 5185 cruce
2327 5129 2590 5198 infantia
2617 5130 2674 5184 et
2695 5133 2909 5186 natura
2932 5145 3100 5200 paena
3129 5134 3185 5187 et
3213 5145 3390 5186 carne
3419 5129 3583 5186 dam-

269 5226 466 5280 natio.
507 5221 575 5277 Si
599 5235 724 5279 vere
746 5223 859 5278 ista
883 5237 1088 5294 passus
1119 5225 1205 5278 est
1229 5221 1504 5290 Christus,
1536 5221 1728 5276 minus
1754 5221 1958 5290 fuisset
1986 5219 2147 5274 nasci
2174 5217 2315 5290 (cap.
2350 5217 2460 5287 10).
2491 5216 2779 5283 Caeterum,
2823 5220 2872 5275 si
2899 5217 2972 5273 ad
2998 5223 3219 5276 certum
3247 5204 3583 5292 spectem'us,

267 5313 430 5368 nulla
460 5309 800 5367 substantia
829 5311 1004 5382 digna
1031 5317 1112 5368 est
1142 5326 1314 5384 quam
1331 5313 1472 5367 Deus
1492 5310 1720 5366 induat.
1751 5308 2125 5380 Quodcunque
2160 5307 2421 5364 induerit
2452 5309 2590 5380 ipse,
2621 5307 2859 5378 dignum
2879 5309 3042 5378 facit,
3063 5308 3269 5380 absque
3296 5308 3586 5364 mendacio

271 5402 509 5468 tamen;
524 5404 583 5457 et
615 5401 738 5458 ideo
768 5401 934 5473 quale
962 5405 1047 5458 est
1075 5404 1142 5457 ut
1167 5400 1404 5458 dedecus
1421 5400 1841 5455 existimaverit
1861 5399 2166 5455 veritatem
2178 5399 2368 5470 potius
2385 5413 2558 5469 quam
2579 5397 2943 5454 mendacium
2963 5397 3196 5453 carnis?
3217 5397 3432 5460 Verum,
3463 5409 3584 5450 cum
3605 5445 3610 5450 ,

269 5488 705 5558 praenuntiatum
744 5489 888 5548 foret
942 5489 1012 5546 de
1062 5488 1299 5558 Christo,
1330 5503 1457 5544 eum
1505 5486 1814 5558 opprobriis
1849 5487 2196 5543 saturandum
2251 5494 2304 5541 et
2357 5485 2680 5541 confusione
2730 5484 3105 5556 operiendum,
3137 5483 3272 5538 adeo
3302 5491 3359 5536 ut
3397 5483 3591 5538 vermis

271 5585 570 5648 apparent
593 5588 648 5634 et
669 5595 780 5637 non
806 5580 999 5645 homo,
1031 5581 1354 5636 erubescere
1373 5576 1675 5648 Oportebat
1707 5575 1826 5647 (lib.
1857 5590 1933 5645 iv,
1963 5591 2082 5646 cap.
2114 5575 2204 5643 2|)
2233 5577 2302 5628 ut
2343 5573 2606 5631 dedecore
2659 5575 2785 5643 ejus
2831 5573 2992 5627 salus
3039 5577 3237 5628 nostra
3275 5576 3592 5641 constaret;

462 5675 712 5734 ΡΑτιοι..
753 5678 819 5735 ll.
876 5741 885 5750 ,

3381 5673 3412 5724 9
