4002 6118
466 324 573 385 267
1180 315 1615 379 TERTULLIANI
1651 312 1919 376 ΟΡΕῆοΜ
1956 313 2121 373 PARS
2160 314 2230 376 ll.
2270 344 2339 360 --
2376 314 2599 376 SERIES
2636 316 2678 389 1,
2719 316 3060 380 POLEMICA.
3641 322 3729 383 268

466 457 523 508 et
542 450 807 523 quoniam
831 444 991 504 homo
1016 460 1133 503 non
1144 445 1445 504 erubuerat
1465 442 1782 514 lapidem-et
1806 442 2029 513 lignum
2043 439 2309 511 adorans,
2330 442 2525 500 eadem
2555 447 2878 501 constantia
2905 463 3021 511 non
3043 448 3313 519 confusus
3337 446 3403 504 de
3426 445 3636 505 Christo
3642 467 3729 522 pro

465 539 820 613 impudentia
849 535 1191 595 idololatria:
1203 534 1340 591 satis
1360 536 1465 591 Deo
1478 535 1670 603 fuerat
1690 548 1790 603 per
1816 529 2232 604 impudentiam
2252 530 2401 601 ﬁdei.
2431 531 2594 588 Addit
2617 542 2798 588 uotum
2817 535 3068 592 omnibus
3091 545 3540 608 compertumque
3568 536 3726 606 fuisse,

465 630 738 686 Christum
792 636 976 681 natum
1033 640 1097 680 ex
1139 622 1335 678 familia
1370 621 1562 691 David,
1620 636 1745 677 cum
1782 620 1959 675 adhuc
1988 620 2132 689 apud
2160 621 2385 676 Judaeos
2416 621 2651 677 tribuum
2680 632 2734 678 et
2763 622 3094 681 familiarum
3150 625 3423 681 distinctio
3451 627 3727 684 custodire-

467 727 553 776 tur
583 718 705 788 (lib.
732 734 804 784 tv,
836 730 955 786 cap.
984 716 1057 785 ‘7),
1091 717 1147 771 et
1177 714 1241 767 in
1278 726 1451 768 censu
1482 710 1807 781 reperiretur
1823 710 2085 779 Augusti,
2118 726 2283 781 quem
2307 714 2503 768 testem
2531 711 2931 781 ﬁdelissimum
2962 716 3273 771 οογηίηίείε
3299 716 3621 773 nativitatis
3648 719 3729 774 κο,

465 825 640 865 mana
661 808 891 864 archiva
928 802 1272 861 custodiunt.
1305 801 1377 857 Se
1423 799 1619 854 Filium
1677 798 1916 854 hominis
1942 798 2249 869 appellavit,
2278 799 2405 854 dum
2433 799 2541 856 sibi
2591 808 2917 871 potestatem
2949 804 3134 861 tribuit
3176 811 3390 874 peccata
3427 803 3725 875 dimittendi,

464 907 522 955 ut
561 903 862 969 putesceret
901 910 1083 951 verum
1121 893 1295 949 Deum
1339 891 1497 946 simul
1525 904 1667 954 esse,
1697 895 1750 943 et
1776 887 2048 945 hominem
2081 903 2269 946 verum
2311 908 2323 943 :
2356 904 2540 961 neque
2575 893 2731 946 enim
2782 894 3020 949 mentiri
3059 898 3239 966 posset
3276 894 3554 967 Christus,
3591 901 3652 951 ut
3681 915 3730 954 se

462 988 672 1047 Filium
702 986 946 1045 hominis
974 982 1399 1057 pronuntiaret,
1430 980 1480 1037 si
1500 994 1615 1037 non
1642 994 1768 1035 vere
1794 982 1951 1045 erat;
1976 993 2073 1032 nec
2092 990 2311 1047 peccata
2335 978 2627 1046 dimittere,
2661 979 2707 1033 si
2737 996 2899 1037 verus
2928 983 3073 1038 Deus
3101 999 3212 1038 non
3241 982 3453 1049 fuisset,
3485 986 3729 1041 hominem

462 1078 688 1147 proinde
716 1075 880 1130 fuisse
918 1075 1087 1129 illum
1114 1087 1272 1145 quem
1303 1068 1545 1125 Dauielis
1566 1066 1848 1138 prophetia
1876 1069 2241 1123 consecutum
2270 1068 2699 1139 prwnuntiabat
2720 1071 3024 1142 judicandi
3058 1076 3418 1144 potestatem.
3460 1075 3645 1130 Verum
3673 1075 3731 1132 de

463 1165 658 1222 Christi
688 1178 857 1236 regno
886 1163 1115 1233 loquens
1144 1157 1521 1227 Tertullianus,
1543 1154 1879 1226 apertissime
1907 1154 2141 1210 ostendit
2168 1170 2227 1209 se
2248 1155 2626 1213 Chiliastarum
2647 1158 2893 1229 Opinioni
2915 1160 3231 1231 adhaesisse,
3254 1161 3399 1234 quod
3430 1163 3619 1218 mirum
3639 1180 3732 1220 non

463 1269 586 1310 esse
612 1254 771 1310 debet
800 1248 1151 1323 perpendenti
1180 1255 1234 1303 et
1260 1245 1671 1302 Moutanitarum
1699 1241 2190 1299 visionibus’ﬁdem
2216 1243 2538 1300 adhibuisse.
2604 1243 2613 1249 ’

532 1344 601 1399 Ut
654 1357 833 1399 rerum
896 1341 1206 1396 Creatorem
1264 1340 1581 1393 accusarent
1631 1332 1980 1399 Marcionita,
2016 1347 2079 1389 eo
2128 1335 2429 1403 praesertim
2495 1337 2782 1392 utebantur
2822 1336 3048 1394 artiﬁcio
3105 1346 3159 1395 ct
3210 1337 3354 1411 dolo,
3387 1354 3497 1412 quo
3543 1341 3736 1399 Novum

460 1433 868 1489 Testamentum
914 1428 1100 1484 Veteri
1154 1424 1529 1497 apponebant;
1575 1431 1629 1478 et
1683 1422 1731 1477 si
1769 1438 1890 1493 qum
1930 1421 2042 1477 sive
2100 1422 2153 1477 in
2192 1421 2332 1494 lege,
2391 1424 2505 1480 sive
2558 1424 2613 1479 in
2643 1426 2924 1496 pr0phetis
2978 1428 3062 1486 vel
3121 1428 3261 1484 dura
3317 1430 3399 1484 vel
3464 1430 3737 1501 abjectiora

459 1521 830 1586 occurrebant,
877 1516 1026 1589 parvi
1081 1515 1377 1586 penderent
1413 1521 1467 1568 et
1521 1526 1624 1567 ceu
1666 1508 2093 1579 contemptibilia
2138 1520 2549 1583 exaggerarent.
2590 1512 2664 1569 At
2701 1514 3059 1571 Tertullianus
3106 1515 3197 1572 illa
3249 1518 3360 1573 duo
3410 1520 3739 1575 Testamenta

459 1626 569 1665 non
599 1625 632 1663 a
657 1610 872 1665 diverso
926 1604 1196 1679 prodiisse
1259 1608 1479 1656 auctore
1537 1597 1907 1669 patefaciebat,
1941 1598 2036 1652 sed
2094 1598 2162 1652 ab
2191 1614 2297 1654 uno
2353 1600 2672 1673 eodemque,
2704 1603 2799 1674 qui
2826 1611 3002 1659 tamen
3026 1604 3242 1661 diverso
3280 1622 3339 1662 se
3367 1607 3538 1679 gessit
3590 1608 3736 1665 modo

454 1702 612 1769 juxta
650 1696 876 1755 humani
912 1692 1132 1768 generis
1187 1698 1383 1745 statum
1413 1696 1467 1743 et
1515 1686 1899 1744 conditionem.
1931 1685 2111 1742 Primo
2143 1686 2286 1743 enim
2317 1688 2467 1746 Deus
2504 1690 2720 1747 nonnisi
2769 1692 3013 1749 tenuiora
3056 1694 3331 1764 pollicitus
3369 1704 3452 1751 est
3507 1696 3734 1767 praemia,

457 1787 624 1844 veluti
672 1787 1001 1843 arrhaboncs
1054 1778 1362 1837 sublimium
1391 1775 1723 1842 divitiarum,
1765 1791 1901 1847 quas
1948 1774 2054 1831 illis
2107 1776 2425 1835 reservavit.
2455 1781 2695 1837 Divitias
2740 1786 3015 1853 praestare
3045 1786 3152 1840 Deo
3208 1801 3323 1841 non
3373 1786 3740 1858 incongruens

456 1875 602 1940 dicit,
633 1892 733 1948 per
760 1888 895 1945 quas
924 1870 1116 1926 multa
1143 1867 1274 1924 inde
1303 1882 1471 1939 opera
1490 1865 1744 1937 justitia:
1771 1868 1829 1921 et
1866 1864 2189 1922 dilectionis
2216 1866 2728 1935 administrantur,
2762 1871 2899 1926 sicut
2920 1880 2974 1926 et
3003 1871 3105 1926 alia
3136 1878 3346 1928 terrena
3374 1874 3522 1929 bona
3549 1873 3668 1931 data
3692 1885 3740 1932 et

458 1964 722 2035 promissa
760 1962 815 2016 in
844 1959 1024 2017 Veteri
1052 1958 1423 2023 Testamento;
1469 1970 1592 2027 quae
1638 1968 1747 2010 non
1777 1953 1955 2009 minus
2001 1970 2160 2026 quam
2215 1957 2458 2012 caelestia
2503 1957 2566 2011 ad
2608 1958 2911 2014 Creatorem
2950 1960 3071 2016 coeli
3120 1969 3173 2017 et
3218 1968 3377 2016 terrae
3429 1962 3740 2020 distribuere

457 2060 513 2107 et
549 2050 767 2123 elargiri
822 2049 1052 2121 pertinet
1104 2048 1210 2118 (l).
1253 2045 1473 2115 Objecta
1534 2058 1749 2116 quoque
1805 2042 1960 2099 diluit
2012 2043 2297 2115 desumpta
2351 2061 2415 2101 ex
2461 2046 2829 2103 Israelitarum
2862 2048 3025 2117 furto,
3058 2049 3201 2118 quod
3233 2050 3287 2105 in
3317 2051 3593 2123 Egyptios
3630 2053 3739 2110 Deo

449 2143 672 2211 jubente
724 2137 1061 2197 commisisse
1115 2136 1360 2192 videntur
1413 2132 1653 2198 Hebrmi,
1697 2140 1750 2189 et
1803 2131 1913 2187 alia
1967 2148 2033 2187 ex
2089 2140 2491 2204 praeceptorum.
2528 2135 2952 2193 contradictione
2995 2140 3335 2209 deprompta,
3399 2140 3481 2196 uti
3535 2142 3742 2213 quando

457 2237 565 2293 illis
598 2234 676 2306 (2)
706 2233 885 2291 vetuit
923 2224 1097 2284 243
1124 2227 1315 2298 facere
1340 2222 1785 2280 similitudinem
1814 2222 2070 2278 omnium
2094 2238 2220 2294 quae
2261 2227 2399 2279 sunt
2436 2225 2502 2279 in
2531 2226 2687 2294 caelo,
2720 2230 2777 2282 et
2816 2227 2880 2281 in
2910 2230 3086 2293 terra,
3119 2234 3173 2284 et
3200 2230 3265 2284 in
3292 2231 3473 2301 aquis,
3507 2238 3559 2285 et
3590 2219 3746 2287 simul

449 2323 897 2398 jussitserpentis
909 2319 1055 2376 aenei
1074 2324 1132 2372 ut
1152 2315 1400 2386 efﬁgiem
1414 2314 1816 2383 efformarent,
1842 2316 1897 2369 et
1923 2311 2220 2367 Cherubim
2242 2316 2299 2367 et
2318 2312 2613 2387 Seraphim
2633 2330 2809 2371 aurea
2828 2318 2890 2371 in
2914 2333 3065 2372 arcte
3084 2318 3395 2389 ﬁguratum
3430 2320 3755 2392 exemiilum

454 2415 555 2493 (3),
576 2414 670 2469 ubi
689 2412 819 2469 dicit
844 2409 1108 2481 imagines
1129 2404 1297 2459 solius
1325 2401 1638 2458 idololatriae
1663 2400 2137 2493 causaprohibcri.
2171 2400 2262 2493 Sic
2280 2407 2332 2457 et
2352 2402 2588 2493 talionis
2613 2406 2787 2475 legem
2824 2404 2946 2459 ideo
2968 2406 3147 2459 datam
3174 2405 3322 2473 dicit,
3346 2411 3414 2465 ut
3441 2410 3754 2469 commissa,

458 2490 697 2577 injuria:
717 2504 876 2557 metu
890 2500 1024 2554 vicis
1044 2495 1247 2551 statim
1266 2506 1606 2555 occursurae,
1620 2492 2074 2562 repastinaretur
2092 2493 2149 2546 et
2171 2490 2407 2547 licentia
2426 2491 2820 2550 retributionis
2835 2494 3138 2566 prohibitio
3160 2500 3297 2553 esset
3322 2500 3752 2568 provocationis.

530 2586 1040 2649 Ridebanthmrctici
1065 2592 1119 2639 et
1146 2582 1705 2653 aspernabanturquaa
1737 2577 1793 2632 in
1808 2576 1994 2633 Veteri
2021 2578 2358 2634 Testamento
2377 2579 2676 2651 abjectiora
2694 2582 3029 2648 videbantur,
3064 2585 3372 2654 cujusmodi
3396 2595 3757 2643 suntcrucnm

455 2681 718 2738 sacriﬁcia
748 2680 851 2749 (4),
881 2674 1243 2733 ablutionum
1270 2670 1568 2743 negotiosa:
1596 2668 2067 2739 scrupulositates
2091 2674 2147 2723 et
2168 2667 2413 2724 ciborum
2450 2669 2714 2726 delectus.
2739 2671 2864 2727 Haec
2895 2680 3075 2728 autem
3114 2674 3296 2729 omnia
3322 2689 3351 2728 a
3380 2674 3495 2731 Deo
3540 2674 3761 2732 fuerunt

454 2771 774 2843 praestituta,
802 2771 870 2823 ut
897 2765 1027 2821 istis
1051 2762 1317 2834 legalibus
1336 2758 1653 2829 disciplinis
1672 2756 2092 2814 occurrentibus
2113 2757 2337 2829 ubique,
2366 2773 2440 2815 ne
2468 2759 2577 2816 ulli
2595 2764 2877 2818 momento
2898 2766 3170 2818 uacarent
3187 2780 3222 2818 a
3243 2765 3342 2820 Dei
3358 2769 3660 2837 respectu..
3674 2802 3712 2823 ..
3736 2786 3761 2824 ,-

454 2867 520 2917 ut
534 2861 682 2917 nihil
700 2858 765 2915 de
785 2856 1012 2912 arcanis
1042 2851 1327 2922 attingam
1346 2847 1766 2920 signiﬁcantiis,
1793 2847 1925 2917 legis
1942 2847 2264 2917 spiritualis
2277 2849 2491 2905 scilicet
2519 2853 2574 2906 et
2597 2850 2940 2923 prophetica:
2977 2855 3031 2908 et
3069 2854 3132 2907 in
3156 2852 3417 2908 omnibus
3434 2870 3577 2927 pene
3589 2871 3765 2927 argu-

452 2951 662 3007 mentis
679 2947 940 3019 ﬁguratae
968 2942 1072 3011 (5).
1103 2941 1157 2996 Si
1185 2940 1291 3005 lex,
1332 2936 1545 3006 scribit,
1576 2934 1780 3006 aliquid
1811 2934 1945 2991 cibis
1973 2935 2232 3005 detrahit,
2257 2943 2310 2992 et
2337 2937 2614 2993 immunda
2643 2938 2953 3010 pronuntiat
2984 2940 3237 2996 animalia
3258 2983 3272 3009 ,
3303 2958 3427 3013 quae
3455 2943 3761 3014 aliquando

452 3038 733 3093 benedicta
761 3043 905 3102 sunt,
927 3029 1205 3087 consilium
1237 3025 1550 3083 exercendas
1580 3024 1921 3081 continentiae
1950 3023 2207 3097 intellige,
2231 3032 2285 3081 et
2305 3024 2487 3083 frenos
2510 3026 2794 3098 impositos
2813 3028 2889 3084 illi
2910 3029 3053 3101 gulae
3070 3044 3326 3104 agnosce,
3353 3046 3472 3100 quae
3512 3046 3635 3088 cum
3659 3051 3765 3105 ρει-

451 3144 574 3183 nem
604 3126 789 3181 ederet
816 3121 1154 3194 angelorum,
1184 3131 1493 3173 cucumeres
1530 3122 1585 3170 et
1622 3128 1862 3185 pepones
1888 3113 2267 3188 [Egyptiorum
2296 3114 2660 3174 desiderabat.
2692 3117 2945 3191 Agnosce
2974 3119 3133 3174 simul
3162 3127 3215 3176 et
3267 3120 3553 3176 comitibus
3582 3125 3763 3197 gulae,

450 3216 661 3271 libidini
689 3212 894 3269 scilicet
922 3216 1082 3281 atque
1119 3206 1345 3261 luxuriae
1372 3210 1808 3276 prospectum...
1844 3203 2110 3272 :proinde
2139 3212 2196 3259 ut
2235 3210 2288 3260 et
2316 3205 2558 3276 pecuniae
2577 3206 2740 3262 ardor
2768 3207 3190 3279 restingueretur
3237 3224 3301 3264 ex
3334 3218 3508 3281 parte,
3549 3212 3617 3267 de
3648 3228 3768 3284 qua

449 3307 622 3364 victus
649 3299 968 3359 necessitate
993 3305 1264 3360 causatur,
1295 3292 1655 3365 pretiosorum
1683 3291 1925 3348 ciborum
1964 3290 2184 3347 ambitio
2213 3292 2453 3350 detracta
2480 3295 2600 3364 est;
2639 3305 2943 3367 postremo,
2976 3295 3147 3352 244
3177 3306 3236 3353 ut
3262 3296 3472 3355 facilius
3492 3300 3658 3357 homo
3690 3302 3767 3357 ad

444 3392 802 3465 jejunandum
822 3390 934 3445 Deo
961 3386 1306 3442 formaretur.
1323 3420 1418 3447 ...,
1440 3378 1805 3436 sacriﬁcorum
1834 3394 2047 3450 quoque
2074 3394 2258 3447 onera,
2285 3388 2339 3438 et
2367 3383 2771 3452 operationum,
2805 3395 2859 3441 et
2887 3385 3224 3442 ablutiouum
3254 3389 3571 3460 negotiosas
3599 3406 3771 3447 scru-

452 3481 772 3556 pulositates
797 3490 960 3534 nemo
987 3471 1433 3547 reprehendat....
1453 3485 1468 3536 ;
1490 3468 1586 3524 sed
1614 3467 1763 3556 illam
1808 3468 1907 3524 Dei
1944 3468 2258 3525 industriam
2287 3471 2483 3526 sentiat
2514 3488 2620 3543 qua
2666 3475 2924 3544 populum
2953 3491 3187 3547 pronum
3219 3478 3273 3530 in
3311 3477 3674 3534 idololatriam
3705 3489 3773 3536 et

450 3555 962 3644 transgressionem,
992 3560 1262 3633 ejusmodi
1290 3557 1485 3616 ofﬁciis
1502 3555 1757 3628 religioni
1786 3572 1897 3613 suae
1926 3557 2094 3614 voluit
2122 3558 2485 3630 adstringere,
2517 3561 2712 3632 quibus
2732 3562 3041 3635 superstitio
3070 3565 3255 3620 saeculi
3283 3569 3569 3638 agebatur,
3600 3576 3663 3624 ut
3687 3570 3769 3627 ab

449 3677 514 3717 ea
578 3669 831 3718 avocaret
856 3655 982 3715 illos
1009 3652 1109 3723 (6).
1142 3650 1251 3705 Sed
1271 3649 1327 3704 in
1356 3648 1485 3719 ipsis
1501 3646 1841 3704 commerciis
1873 3645 1996 3703 vitae
2033 3655 2087 3704 et
2112 3648 2541 3706 conversationis
2568 3651 2816 3709 humanae
2835 3652 2985 3709 domi
3013 3669 3077 3710 ac
3104 3654 3257 3724 foris,
3282 3655 3347 3709 ad
3370 3672 3540 3729 usque
3560 3671 3770 3715 curam

447 3748 785 3805 vasculorum
815 3740 1156 3800 omnifariam
1184 3736 1443 3804 distinxit,
1474 3746 1533 3792 ut
1560 3735 1678 3791 istis
1695 3735 1957 3807 legalibus
1984 3736 2282 3810 disciplinis
2301 3740 2709 3799 occurrentibus
2724 3742 2948 3814 ubique,
2974 3759 3043 3799 ne
3064 3743 3159 3800 ulli
3179 3754 3455 3803 momento
3492 3760 3773 3806 vacarem

450 3855 481 3895 a
508 3837 611 3894 Dei
638 3844 983 3907 respectu....
1015 3832 1099 3885 Ad
1132 3829 1231 3883 hoc
1260 3824 1602 3893 beneﬁcium,
1635 3840 1743 3880 non
1771 3840 1912 3881 onus
1934 3825 2070 3899 legis
2096 3827 2459 3896 adjuvandum
2480 3832 2773 3900 prophetas
2800 3832 3089 3899 ordinavit,
3124 3832 3380 3891 docentes
3409 3835 3523 3892 Deo
3551 3837 3768 3909 digna,

447 3926 658 3984 auferre
685 3921 954 3995 nequitias
980 3922 1050 3977 de
1078 3916 1279 3988 anima,
1309 3913 1595 3986 exquirere
1622 3913 1899 3985 judicium,
1927 3924 1981 3970 et
2006 3922 2219 3982 caetera,
2248 3932 2352 3988 qua
2380 3918 2658 3991 religionis
2676 3920 2965 3977 essentiam
2984 3930 3037 3978 et
3046 3921 3434 3993 perfectionem
3465 3925 3517 3980 in
3545 3925 3770 3984 virtute

451 4027 506 4074 et
538 4015 699 4072 bonis
724 4011 983 4085 operibus
1011 4011 1233 4066 locatam
1264 4005 1537 4062 evincunt.
1570 4002 1809 4075 Longius
1842 4004 2184 4077 progreditur
2211 4005 2270 4060 in
2306 4007 2407 4062 hac
2439 4009 2753 4079 exponenda
2782 4011 3045 4077 doctrina,
3076 4020 3130 4068 ct
3159 4011 3215 4068 in
3267 4013 3391 4086 lege
3419 4024 3771 4085 praeceptam

449 4107 644 4180 probat
670 4102 966 4164 caritatem,
994 4106 1049 4154 et
1076 4094 1394 4166 iujuriarum
1414 4092 1651 4162 veniam,
1681 4100 1949 4150 reservata
1968 4094 2084 4151 Deo
2113 4094 2373 4164 vindicta,
2405 4112 2525 4167 quae
2555 4098 2854 4154 necessaria
2870 4108 2971 4167 est,
3006 4107 3065 4156 ut
3080 4101 3296 4158 scelesti
3315 4102 3563 4159 homines
3583 4106 3643 4160 in
3666 4120 3775 4162 or-

450 4198 576 4254 dine
602 4194 976 4252 contineantur
996 4187 1094 4258 (³⁷).
1127 4184 1293 4240 Addit
1311 4184 1578 4240 Christum
1597 4183 2061 4241 conditionaliter
2078 4200 2231 4241 nunc
2246 4186 2444 4256 fecisse
2454 4186 2683 4246 divortii
2696 4188 3157 4261 prohibitionem,
3177 4193 3228 4248 si
3254 4192 3376 4249 ideo
3397 4194 3522 4265 quis
3541 4193 3773 4251 dimit-

453 4292 538 4344 tat
567 4298 827 4349 uxorem,
851 4278 1113 4337 utaliam
1132 4275 1322 4332 ducat.
1339 4271 1591 4344 Denique
1619 4272 1764 4328 hanc
1790 4272 1930 4330 circa
1959 4271 2121 4328 ﬁdem
2148 4275 2393 4348 regulam
2423 4277 2583 4335 tradit
2612 4278 2709 4351 (8),
2730 4279 2881 4337 nihil
2908 4282 3120 4338 temere
3146 4281 3507 4350 credendum,
3533 4288 3771 4343 temere

446 4390 617 4449 porro
638 4372 792 4429 credi
805 4412 819 4436 ,
842 4367 1221 4441 quodcumque
1248 4364 1371 4419 sine
1391 4362 1624 4433 originis
1634 4363 1924 4434 agnitione
1945 4362 2219 4421 creditur.
2254 4364 2504 4423 Lustrum

1660 4523 1988 4615 LIBER
2055 4526 2509 4672 ERIMUS.

996 4703 1512 4765 ARGUMENTUM.
2147 4704 2360 4774 roserit,
2390 4712 2445 4762 et
2472 4706 2648 4763 Deum
2683 4722 2843 4779 quem
2880 4707 3191 4780 invenerat,
3231 4712 3495 4772 exstincto
3539 4714 3769 4772 lumine

519 4802 654 4858 Cum
682 4798 830 4873 prius
849 4796 1169 4870 cpusculum
1206 4810 1365 4851 suum
1384 4807 1669 4851 ADVERSUS
1696 4794 2036 4851 MARCIONBI
2143 4792 2268 4850 ﬁdei
2312 4794 2581 4863 amiserit;
2629 4797 2739 4866 jam
2788 4796 3504 4860 destinandum'htereticum
3544 4804 3765 4873 docet;

440 4889 692 4980 pleniore
738 4897 930 4980 postea
967 4882 1378 4980 compositione.
1403 4881 2033 4980 remidissethertull‘ia-
2140 4882 2288 4980 quia,
2316 4883 2527 4980 deserto
2558 4886 2704 4957 quod
2735 4886 2882 4958 prius
2912 4887 3103 4957 fuerat,
3154 4889 3211 4947 id
3259 4900 3445 4963 postea
3473 4892 3579 4948 sibi
3630 4894 3771 4949 ele.

443 4971 570 5049 nus,
600 4984 657 5034 et
692 4991 811 5033 eam
842 4975 1009 5031 frater
1038 4972 1257 5046 quidam
1297 4971 1487 5029 deinde
1528 4978 1771 5043 apostata
1799 4971 2031 5028 mendo-
2140 4972 2283 5043 gerit
2327 4973 2472 5044 quod
2529 4980 2673 5031 retro
2718 4991 2825 5033 non
2871 4986 3017 5045 erat;
3070 4979 3233 5037 sicuti
3271 4980 3430 5037 latius
3472 4980 3618 5037 libro
3674 4997 3771 5038 nn

441 5068 708 5122 sissimum
741 5064 1093 5129 exhibuisset,
1134 5060 1426 5119 necessitas
1461 5059 1539 5115 illi
1568 5060 1705 5117 facta
1737 5067 1821 5116 est
1849 5076 2030 5117 emen-
2140 5059 2699 5122 Pwscmpnomnus
2745 5080 3027 5125 Αυνκηευε
3074 5069 3413 5127 hunc”
3463 5070 3777 5128 εαειίηυθ-

437 5154 689 5222 dationis,
753 5161 807 5211 et
850 5150 1217 5210 innovationis
1264 5148 1474 5207 occasio
1534 5148 1740 5222 aliquid
1795 5149 2030 5220 adjicere
2139 5149 2229 5207 rit.

433 5243 748 5318 persuasit;
822 5243 966 5299 unde
1036 5240 1092 5297 in
1157 5238 1391 5312 quinque
1457 5236 1624 5293 libros
1676 5252 1816 5308 Opus
1883 5237 2026 5293 istud
2208 5238 2277 5294 Il.
2307 5238 2535 5313 Deinde,
2566 5241 2705 5299 duos
2732 5242 2866 5301 deos
2892 5243 3047 5301 illum
3087 5246 3364 5320 attulisse;
3398 5248 3773 5322 Creatorem,

431 5334 690 5401 excrevit,
738 5347 971 5405 quorum
1015 5329 1170 5402 primi
1202 5326 1322 5384 libri
1370 5332 1748 5399 argumentum
1793 5324 1882 5383 hic
1922 5327 2007 5382 da-
2131 5327 2189 5384 id
2218 5333 2302 5385 est
2337 5338 2616 5402 nostrum;
2662 5340 2716 5390 et
2744 5350 2904 5390 suum
2942 5348 3006 5391 ac
3052 5335 3315 5393 Cerdonis
3360 5337 3775 5414 iuformatoris

426 5441 567 5483 mus.
2131 5416 2244 5489 sui;
2276 5419 2434 5477 illum
2462 5421 2685 5491 malum,
2714 5423 2875 5493 hujus
2894 5438 3026 5480 vero
3059 5426 3281 5481 bonum.

496 5516 539 5575 Ι.
570 5515 631 5569 In
675 5510 862 5583 primis
890 5510 1071 5583 itaque
1100 5512 1221 5580 post
1248 5503 1573 5564 invectivam
1604 5503 1659 5560 in
1695 5502 2019 5562 Marcionem
2200 5509 2291 5565 IIl.
2324 5511 2543 5582 Verum,
2587 5511 2944 5569 Christianam
2978 5513 3259 5571 veritatem
3300 5514 3546 5573 districta
3591 5531 3765 5587 pro-

422 5601 721 5672 Ροηιὶοιιιηι
769 5599 917 5673 (tum
947 5594 1165 5671 ηιιΡῐίδε
1211 5593 1523 5665 abstulerit:
1552 5590 1842 5667 Ενδυεθιίε
1886 5609 2016 5653 cor-
2128 5598 2403 5659 nuntiasse
2426 5600 2658 5672 :Deutn,
2689 5600 2736 5658 si
2766 5616 2907 5659 unus
2933 5616 3043 5661 non
3071 5602 3161 5672 sit,
3182 5618 3291 5662 non
3318 5619 3459 5672 esse,
3479 5620 3549 5663 eo
3577 5606 3779 5679 quod
