4032 6152
340 362 451 424 269

1578 361 1704 422 LIB.
1746 361 1768 422 Ι
1804 360 1959 421 ADV.
1998 361 2403 426 MARCIONBM.

3530 384 3636 449 270

336 505 589 548 summus
659 505 888 566 magnus
948 490 1055 558 sit,
1112 490 1203 547 cui
1259 488 1392 545 nih'el
1430 488 1705 562 adaequari
1750 488 1939 584 possit.
1972 502 2020 583 Α
2055 490 2216 546 deum
2281 492 2586 560 Marcionis,
2652 497 2745 568 qui
2800 499 2900 555 sub
2956 503 3257 572 Antonino;
3294 516 3428 579 tum,
3488 514 3635 584 quod

409 578 503 636 IV.
542 578 665 635 Non
710 594 874 651 posse
920 578 1079 635 etiam
1132 579 1241 635 duo
1270 594 1481 635 summa
1518 592 1739 651 magna;
1780 576 1939 632 etiam

333 666 590 723 distincta
616 666 728 723 suis
758 666 954 724 finibus
981 667 1295 725 consistere.

405 757 478 815 V.
512 755 572 812 Si
600 756 743 811 enim
763 758 871 814 duo
892 772 1097 813 summa
1117 771 1333 829 magna,
1359 754 1517 813 etiam
1549 755 1704 828 plura
1732 755 1938 812 admitti

333 843 559 911 debere,
588 860 714 901 cum
735 844 1038 911 Valentino,
1071 846 1163 916 qui
1194 860 1367 916 usque
1392 844 1459 900 ad
1488 843 1705 916 triginta
1725 859 1937 900 aeonum

344 932 513 1002 fetus,
547 950 779 991 examen
810 934 1101 992 divinitatis
1119 934 1332 991 effudit.

406 1023 504 1079 VI.
533 1022 715 1095 Atque
734 1024 893 1093 adeo,
923 1038 1035 1079 non
1056 1023 1218 1080 modo
1247 1023 1354 1080 duo
1374 1038 1550 1095 pares,
1581 1021 1679 1078 sed
1700 1038 1800 1079 nec
1818 1021 1937 1079 dis-

332 1125 496 1181 pares
526 1112 658 1169 deos
688 1127 847 1185 posse
874 1112 1144 1169 constitui.

405 1200 524 1257 VII.
547 1202 741 1275 Neque
763 1216 892 1259 vero
920 1202 993 1257 illi
1022 1200 1347 1274 patrocinari
1395 1217 1592 1259 nomen
1621 1203 1744 1271 Dei,
1776 1201 1936 1259 etiam

330 1289 456 1345 aliis
506 1291 827 1363 permissum
856 1293 909 1346 in
941 1291 1277 1363 Scripturis;
1308 1289 1433 1364 quia
1467 1290 1670 1347 idcirco
1699 1290 1778 1348 eis
1827 1304 1935 1346 non

330 1379 595 1450 competit
616 1381 893 1453 possessio
923 1381 1121 1437 summi
1148 1382 1350 1455 magni.

404 1468 552 1524 VIII.
585 1470 751 1526 Porro
784 1470 1034 1527 haeresim
1072 1469 1510 1528 Marcionitarum
1536 1468 1620 1525 vel
1650 1467 1774 1524 inde
1802 1482 1935 1540 pro-

330 1557 474 1625 bari,
522 1560 668 1630 quod
732 1575 936 1618 novum
990 1561 1162 1618 Deum
1207 1560 1424 1633 faciant,
1449 1577 1574 1617 cum
1602 1573 1765 1618 verus
1792 1558 1939 1617 Deus

332 1654 577 1703 etet-nus
608 1649 695 1704 sit.

404 1735 506 1790 IX.
540 1735 732 1808 quue,
763 1736 973 1793 etiamsi
1002 1737 1177 1795 solum
1208 1736 1485 1811 agnitione
1516 1753 1718 1796 novum
1738 1739 1936 1810 dicant,

405 1787 505 1790 _-_-
541 1787 588 1789 _-
613 1787 732 1808 Ἰη,
769 1787 973 1793 ητῇ-
1002 1787 1177 1795 _--__-
1209 1787 1238 1793 _
1281 1787 1483 1795 ---φη
1516 1787 1718 1796 _-...---
1739 1787 1936 1810 _--__-,

333 1824 483 1895 quod
540 1824 691 1880 Deus
736 1824 957 1897 ignotus
1009 1842 1129 1885 esse
1175 1787 1285 1884 ne;
1329 1828 1584 1900 potuerit,
1634 1844 1810 1902 neque
1846 1831 1940 1883 in-
1972 1787 2018 1865 Β

334 1921 539 1968 certus.

402 2002 481 2057 X.
519 2001 626 2057 Sed
653 2019 684 2058 a
711 2003 1010 2075 primordio
1040 2019 1258 2077 semper
1276 2005 1527 2077 agnitus;
1558 2004 1759 2078 quippe
1779 2021 1941 2078 quem

334 2090 516 2145 anima
535 2099 587 2147 et
614 2092 966 2160 conscientia,
996 2093 1153 2148 etiam
1171 2093 1402 2160 ethnica,
1424 2093 1655 2150 noverit.

407 2180 507 2235 XI.
545 2180 794 2253 Proinde,
826 2198 947 2239 cum
974 2183 1075 2238 Dei
1103 2183 1212 2238 sint
1251 2183 1451 2252 omnia,
1484 2183 1530 2238 si
1556 2183 1690 2239 nihil
1720 2184 1938 2251 creavit,

335 2267 503 2323 deum
532 2285 643 2325 non
672 2286 793 2327 esse
822 2288 982 2343 quem
1012 2271 1245 2328 Marcion
1273 2272 1475 2331 statuit.

405 2357 537 2413 XII.
586 2359 658 2414 Ut
684 2365 863 2415 autem
893 2360 1041 2416 illum
1074 2362 1248 2417 deum
1294 2376 1411 2417 esse
1458 2359 1700 2419 conﬁteri
1743 2378 1939 2433 posse-

333 2462 480 2515 mus,
542 2446 664 2502 sine
710 2463 873 2504 causa
916 2457 1094 2506 tamen
1124 2464 1243 2506 esse
1270 2465 1395 2507 eum
1422 2449 1748 2508 deberemus
1777 2467 1944 2523 argu-

331 2535 588 2601 mentari,
628 2537 722 2608 qui
755 2553 869 2593 rem
892 2554 1002 2594 non
1031 2539 1273 2608 haberet,
1316 2555 1440 2598 cum
1479 2555 1567 2596 res
1594 2555 1759 2598 causa
1787 2540 1857 2595 sit
1884 2548 1942 2596 ut

326 2624 407 2680 sit
445 2624 682 2697 aliquid.

403 2715 558 2771 XIII.
589 2715 776 2788 Neque
800 2731 931 2774 vero
959 2731 1099 2789 Opus
1152 2734 1272 2775 esse
1318 2733 1511 2789 parum
1556 2717 1782 2792 dignum
1830 2720 1942 2775 Deo

333 2805 634 2875 mundum;
667 2805 803 2876 ipsis
827 2805 1144 2863 testimoniis
1184 2807 1629 2879 philosOphorum
1658 2808 1868 2880 probat.

402 2892 554 2949 XIV.
588 2894 705 2950 [mo
736 2894 898 2949 etiam
929 2895 1217 2953 minutiora
1244 2895 1497 2952 animalia
1524 2904 1615 2952 aut
1636 2897 1828 2965 juvare
1851 2903 1945 2952 aut

339 2981 539 3039 laedere
562 3001 575 3049 ;
600 2989 657 3039 et
684 2998 783 3039 nec
814 2997 1008 3055 aquam
1029 2984 1129 3040 Dei
1156 2984 1417 3041 creatoris
1471 2985 1752 3057 reprobari
1780 3003 1812 3040 a
1840 2985 1944 3041 deo

2053 583 2394 675 praecesserit
2436 585 2827 675 separationern
2876 588 3018 646 illam
3057 592 3217 665 Legis
3244 608 3300 653 et
3334 583 3632 675 Evangelii,

2050 684 2211 739 quam
2240 669 2294 724 in
2342 670 2703 729 antithesibus
2759 677 2994 734 Marcion
3043 682 3248 751 primus
3299 669 3636 748 commentus

2040 765 2152 813 est.

2118 846 2506 940 _Frustra
2543 861 2722 907 autem
2776 855 3015 928 obstrepi
3060 859 3128 914 ab
3179 861 3392 919 diversa
3463 878 3632 940 parte,

2045 937 2193 1006 quod
2249 937 2488 994 Marcion
2551 944 2791 1012 regulam
2854 960 2961 1001 non
3018 947 3302 1019 innovarit,
3355 937 3635 1017 sediretro

2044 1024 2395 1083 adulteratam
2443 1031 2724 1099 recurarit,
2784 1035 3031 1106 exemplo
3077 1038 3242 1106 Pauli,
3282 1042 3371 1112 qui
3419 1044 3632 1103 Petrum

2044 1115 2471 1184 reprehenderit,
2527 1119 2649 1190 quia
2711 1120 2765 1176 in
2810 1121 2903 1179 illo
2955 1125 3127 1183 solum
3172 1133 3628 1192 conversationem

2043 1203 2461 1271 reprehenderit,
2493 1222 2599 1262 non
2633 1207 2791 1265 fidem
2822 1211 3106 1269 Creatoris.

2115 1289 2266 1348 XXI.
2304 1292 2525 1349 Stetisse
2554 1295 2737 1367 itaque
2778 1315 2989 1372 semper
3027 1302 3182 1359 fidem
3218 1304 3275 1360 in
3322 1309 3631 1371 Creatorem

2045 1391 2099 1437 et
2126 1380 2181 1436 in
2209 1382 2481 1438 Christum
2515 1385 2655 1454 ejus,
2705 1402 2816 1443 non
2862 1390 3024 1446 modo
3054 1392 3153 1447 sub
3200 1399 3477 1467 apostolis,
3535 1404 3632 1459 sed

2043 1480 2096 1526 et
2126 1470 2182 1525 in
2215 1471 2521 1541 apostolicis
2548 1474 2803 1531 Ecclesiis
2834 1495 2847 1531 :
2880 1480 3021 1548 apud
3069 1497 3202 1552 quas
3229 1484 3489 1554 Christus,
3524 1508 3632 1549 non

2043 1557 2262 1615 alterius
2290 1559 2377 1614 dei
2407 1577 2571 1631 quam
2589 1562 2860 1620 Creatoris
2880 1568 3204 1625 ostenditur.

2118 1648 2297 1703 XXII.
2330 1647 2446 1738 Jam
2476 1665 2605 1707 vero
2636 1653 2947 1709 naturaliter
2971 1655 3169 1712 bonum
3199 1660 3304 1717 dici
3334 1679 3439 1721 non
3473 1683 3631 1738 posse

2049 1738 2208 1792 deum
2258 1737 2565 1806 Marcionis,
2622 1741 2714 1812 qui
2768 1742 2835 1809 ab
2882 1743 3033 1800 initio
3097 1748 3299 1807 homini
3325 1737 3484 1825 lapso,
3522 1774 3631 1815 non

2048 1826 2391 1882 succurrerit.

2120 1914 2325 1970 XXIII.
2382 1915 2567 1989 Neque
2620 1915 3013 1978 rationabiliter
3076 1923 3301 1995 bonum,
3359 1946 3424 1987 eo
3488 1936 3632 2002 quod

2050 2003 2256 2059 homini
2286 2005 2457 2075 (juxta
2483 2006 2808 2063 Marcionem
2838 2026 2867 2063 a
2900 2025 2960 2066 se
2975 2012 3171 2085 alieno)
3199 2031 3514 2076 succurrere
3546 2039 3634 2080 vo-

2049 2092 2227 2151 luerit.

2123 2180 2319 2236 XXIV.
2348 2181 2535 2253 Neque
2563 2184 2795 2255 perfecte
2848 2187 3069 2257 bonum,
3103 2193 3269 2261 quod,
3307 2195 3460 2264 juxta
3493 2199 3636 2257 Mar-

2048 2266 2278 2335 cionem,
2335 2270 2569 2359 animam
2624 2273 2792 2327 solam
2839 2275 3029 2346 salvct,
3085 2293 3194 2333 non
3248 2296 3485 2355 carnem,
3517 2303 3638 2359 quae

2051 2364 2225 2412 tamen
2256 2357 2397 2428 apud
2426 2357 2578 2413 illum
2601 2359 2882 2431 tinguitur,
2914 2364 2979 2418 de
3002 2367 3205 2435 nuptiis
3230 2369 3453 2441 tollitur,
3484 2357 3548 2430 etv
3582 2376 3637 2432 in

2050 2443 2391 2501 confessione
2412 2445 2644 2502 nominis
2662 2447 2919 2504 saevitiam
2940 2453 3167 2523 patitur.

2123 2529 2287 2590 246
2305 2534 2481 2593 XXV.
2513 2536 2763 2606 Proinde,
2787 2540 2960 2596 Deum
2979 2556 3085 2598 non
3114 2544 3229 2601 sola
3251 2546 3487 2607 bonitate
3516 2568 3637 2611 cen-

2051 2622 2299 2678 sendum.

2123 2711 2329 2768 XXVI.
2392 2712 2585 2768 Verum
2616 2714 2685 2770 de
2717 2715 2925 2785 judicio
2972 2734 3208 2790 quoque,
3265 2725 3359 2795 qui
3407 2728 3643 2787 vindicet

2052 2810 2297 2870 peccata,
2328 2810 2382 2856 et
2410 2801 2645 2860 damnet.

2056 2974 2082 3028 f
2125 2887 2353 2945 XXVII.
2430 2891 2645 2962 Alioqui
2694 2894 3065 2964 peccatoribus
3122 2899 3326 2957 nullum
3398 2903 3640 2964 timorem

2080 2991 2195 3028 ore.

2080 2991 2195 3031 OI'C.

348 3070 649 3138 Marcionis,
675 3088 781 3146 qua
796 3087 929 3130 suos
959 3073 1125 3129 abluit
1159 3091 1169 3131 :
1196 3090 1291 3130 nec
1312 3073 1514 3141 oleum,
1541 3090 1648 3145 quo
1678 3089 1807 3129 suos
1836 3089 1944 3128 un-
1977 3069 2021 3149 ο
2119 3064 2371 3120 ΧΧνΙΙῙς
2426 3065 2494 3122 Εἰ
2539 3066 2618 3123 Sic
2646 3070 2807 3125 etiam
2832 3079 2975 3129 stare
3015 3089 3121 3130 non
3177 3094 3337 3148 posse
3394 3081 3518 3139 ﬁdei
3546 3102 3638 3139 sa-

362 3158 525 3229 gnit:
584 3176 677 3218 nec
732 3177 955 3233 panem,
1010 3177 1119 3233 quo
1174 3162 1350 3233 ipsum
1399 3177 1597 3231 corpus
1662 3177 1819 3219 suum
1853 3177 1942 3217 re-

360 3257 638 3316 praesentat
681 3252 825 3321 (hoc
882 3260 966 3307 est
1036 3266 1274 3321 praesens
1338 3248 1607 3319 ostendit)
1657 3249 1714 3305 in
1761 3264 1944 3305 sacra-

352 3337 560 3393 mentis.

409 3425 533 3481 XV.
566 3426 779 3483 Deinde
816 3426 993 3497 addit,
1015 3426 1117 3485 deo
1163 3426 1450 3485 Marcionis
1491 3442 1597 3482 non
1625 3442 1744 3483 esse
1786 3442 1944 3484 suum

340 3511 501 3573 245
543 3517 739 3573 calum
761 3524 815 3572 et
840 3516 1098 3572 mundum
1125 3516 1215 3587 (de
1241 3532 1349 3589 quo
1386 3516 1546 3573 latius
1574 3515 1712 3571 infra
1736 3515 1828 3573 lib.
1862 3516 1942 3585 v),

338 3614 449 3660 tum
479 3607 633 3676 quod
664 3606 738 3661 ad
766 3606 1173 3677 quindecimum
1201 3622 1373 3678 usque
1404 3605 1589 3661 Severi
1610 3604 1947 3676 imperatoris

339 3710 546 3749 annum
603 3696 737 3767 (quo
787 3694 904 3751 haec
933 3694 1218 3765 scripsisse
1241 3710 1299 3750 se
1329 3702 1514 3751 auctor
1540 3694 1764 3765 indicat)
1794 3693 1943 3750 nulla

337 3781 459 3838 talis
507 3783 816 3840 substantia
861 3790 1133 3854 comperta
1180 3784 1267 3851 sit,
1301 3794 1413 3840 tum
1439 3784 1583 3855 quod
1613 3782 1815 3857 alioqui
1843 3798 1944 3840 no-

338 3886 460 3927 vem
489 3870 631 3927 deos
650 3872 925 3944 assignare
953 3872 1263 3931 censebitur
1289 3872 1548 3930 Marcion.

400 3960 556 4018 XVI.
587 3960 774 4032 Neque
802 3961 953 4018 illum
991 3979 1110 4019 esse
1163 3961 1451 4019 invisibilia
1500 3960 1616 4018 sola
1660 3967 1942 4030 operatum

329 4049 522 4119 (sicuti
566 4048 732 4107 latius
775 4051 933 4106 etiam
980 4051 1127 4107 dicto
1157 4050 1248 4105 lib.
1278 4067 1332 4117 v,
1366 4049 1546 4124 infra),
1575 4050 1671 4106 sed
1700 4050 1941 4120 ejusdem

326 4154 456 4196 esse
485 4138 731 4196 auctoris
755 4139 991 4195 visibilia
1011 4146 1067 4195 et
1094 4140 1405 4198 invisibilia.

394 4227 577 4283 XVII.
610 4228 681 4283 Et
709 4244 837 4285 vero
865 4244 975 4284 non
1022 4228 1270 4286 sufficere
1300 4228 1376 4283 illi
1421 4228 1522 4284 deo
1580 4244 1749 4285 unum
1802 4242 1940 4299 Opus

318 4303 674 4373 liber'ationis
701 4316 957 4386 hominis,
989 4333 1114 4374 cum
1141 4317 1305 4373 etiam
1326 4334 1421 4388 per
1451 4316 1551 4371 alia
1578 4331 1741 4386 opera
1770 4331 1933 4373 seve-

319 4420 423 4463 rus
458 4404 611 4460 Deus
638 4405 924 4475 protulerit
943 4408 996 4462 in
1026 4405 1290 4463 notitiam.

2052 3163 2384 3210 cramentum
2416 3156 2702 3226 baptisma,
2733 3162 2879 3230 quod
2911 3163 3157 3220 remissio
3190 3175 3271 3220 est
3299 3168 3636 3238 delictorum,

2053 3243 2323 3299 absolutio
2368 3244 2581 3315 mortis,
2612 3247 2971 3316 regeneratio,
3030 3254 3338 3311 consecutio
3406 3258 3639 3329 Spiritus

2052 3332 2239 3399 sancti,
2270 3333 2446 3407 signat
2482 3332 2714 3405 denique
2761 3345 2815 3391 et
2844 3337 2998 3405 lavat
3046 3356 3059 3394 :
3101 3356 3223 3411 qum
3260 3344 3503 3401 conferre
3534 3360 3642 3407 non

2054 3429 2253 3492 potest,
2286 3422 2391 3477 nisi
2416 3422 2511 3494 qui
2549 3439 2579 3477 a
2634 3423 2932 3493 primordio
2979 3430 3179 3487 creavit
3244 3431 3535 3501 hominem,
3590 3442 3644 3490 et

2053 3509 2289 3565 animam
2317 3510 2368 3566 ei
2396 3510 2645 3583 contulit,
2668 3519 2722 3567 et
2758 3528 2856 3583 pro
2886 3525 3105 3585 peccato
3134 3517 3203 3573 ad
3230 3527 3461 3575 mortem
3488 3521 3641 3577 dam-

2049 3599 2215 3655 navit.

2124 3688 2334 3745 XXIX.
2394 3690 2673 3747 Postremo
2713 3691 3001 3749 Marcionis
3042 3694 3290 3750 haeresim
3336 3698 3639 3773 impugnat,

2048 3796 2153 3852 qua
2185 3779 2361 3852 tingui
2416 3780 2635 3837 nolebat
2690 3781 2799 3835 nisi
2829 3782 3073 3857 virgines
3131 3794 3187 3841 et
3230 3786 3464 3853 caelibes,
3524 3796 3640 3847 tum

2051 3869 2195 3940 quod
2223 3870 2545 3943 conjugium
2571 3870 2907 3928 benedixerit
2940 3873 3108 3940 Deus,
3133 3882 3243 3930 tum
3266 3877 3430 3947 quod,
3446 3879 3491 3933 si
3511 3897 3644 3952 nup-

2050 3957 2138 4012 tiae
2165 3972 2273 4013 non
2294 3958 2419 4028 sint,
2442 3957 2696 4013 sanctitas
2718 3961 2820 4013 erit
2849 3958 2994 4013 nulla
3023 3978 3036 4015 :
3061 3962 3169 4016 imo
3193 3963 3292 4018 hoc
3312 3966 3413 4020 erit
3432 3981 3641 4023 semen-

2053 4055 2158 4103 tem
2191 4053 2359 4101 totum
2392 4047 2606 4119 generis
2639 4048 2861 4103 humani
2890 4064 3263 4120 compescere.

2124 4133 2316 4189 XXX.
2342 4135 2609 4208 Denique,
2626 4137 2841 4209 epilogo
2862 4139 3022 4194 brevi
3043 4139 3300 4196 lectorem
3327 4142 3393 4199 ad
3415 4160 3642 4216 sequen-

2052 4228 2133 4279 tes
2150 4223 2317 4280 libros
2347 4231 2633 4295 praeparat.
2658 4226 2798 4282 Pan.

2568 4366 2794 4422 CAPUT
2834 4369 3118 4428 PRIMUM.

393 4492 603 4550 XVIII.
638 4456 959 4553 IIIevelatum
1003 4497 1132 4552 item
1170 4494 1319 4551 illum
1350 4509 1459 4550 non
1486 4500 1629 4551 recte
1672 4492 1799 4559 dici,
1840 4495 1936 4567 qui
1966 4456 2011 4531 ο
2119 4488 2175 4545 Si
2200 4487 2333 4561 quid
2364 4496 2508 4544 retro
2536 4497 2750 4559 gestum
2799 4499 2882 4546 est
2920 4491 3078 4547 nobis
3108 4492 3370 4550 adversus
3401 4497 3634 4555 Marcio-

314 4598 515 4654 neque
546 4591 737 4638 natura
765 4600 832 4640 ex
868 4584 1143 4656 Operibus,
1165 4599 1264 4641 nec
1291 4581 1537 4641 doctrina
1566 4599 1632 4640 ex
1673 4583 1935 4654 praedica-

312 4670 575 4729 tionibus
601 4673 872 4730 revelatus
898 4674 989 4730 sit.

395 4760 564 4817 XIX.
623 4760 818 4834 Neque
861 4762 1023 4819 etiam
1061 4762 1115 4817 in
1155 4761 1374 4818 Christo
1402 4761 1525 4815 Jesu
1556 4767 1669 4816 tum
1699 4762 1844 4832 quod
1892 4761 1939 4817 is

304 4852 611 4909 revelatus
665 4851 739 4908 sit
795 4852 914 4923 plus
977 4858 1190 4909 centum
1247 4850 1554 4924 quindecim
1601 4849 1762 4906 annis
1815 4857 1941 4906 ante

2044 4595 2192 4651 nem,
2215 4580 2331 4649 jam
2361 4577 2488 4633 hinc
2530 4576 2728 4633 viderit
2758 4577 2862 4649 (1).
2902 4580 3104 4634 Novam
3138 4596 3251 4635 rem
3294 4583 3636 4654 adgredimur

2046 4684 2113 4724 ex
2187 4674 2391 4724 vetere.
2461 4665 2703 4722 Primum
2793 4666 3116 4736 Opusculum
3164 4670 3315 4738 quasi
3374 4684 3632 4739 prOpera-

2050 4768 2161 4813 tum
2213 4758 2292 4828 (2)
2335 4755 2575 4827 pleniore
2618 4763 2806 4827 postea
2836 4756 3226 4828 compositione
3283 4757 3627 4815 rescideram.

2049 4846 2198 4901 Hanc
2215 4861 2435 4918 quoque
2464 4844 2705 4902 nondum
2734 4845 3070 4919 exemplariis
3099 4845 3403 4913 suffectam,
3444 4845 3630 4906 fraude

1740 4940 2240 5004 Commentarius.

385 5022 481 5089 (1)
514 5021 574 5076 Si
604 5021 737 5091 quid
765 5025 916 5078 retro
943 5025 1164 5092 gestum
1194 5027 1280 5079 est
1308 5020 1463 5081 nobis
1494 5020 1756 5092 adversus
1788 5021 1939 5092 Mar-

298 5096 569 5158 sicum,
584 5090 715 5161 jam
734 5092 864 5147 hinc
884 5090 1109 5149 viderit.
1133 5093 1499 5149 Disertissime
1542 5090 1751 5146 abdicat
1771 5091 1933 5161 quid-

292 5163 454 5234 quid
488 5164 753 5234 adversus
800 5163 1126 5234 Marcionem
1173 5174 1293 5221 ante
1322 5166 1482 5234 hosce
1504 5162 1692 5234 libros~
1717 5178 1937 5233 compo-

295 5232 533 5307 suerat.
564 5232 631 5286 Id
658 5248 787 5288 vero
816 5233 983 5307 fuisse
1024 5250 1285 5307 versuum
1312 5232 1537 5307 aliquid,
1567 5232 1784 5287 minime
1816 5232 1936 5292 esse

298 5302 645 5388 putandum
680 5305 1040 5388 ostendimus,
1085 5302 1515 5388 praefatione—ad.
1534 5313 1782 5385 poemata
1809 5322 1932 5388 quae

298 5374 495 5448 vulgo
524 5374 846 5448 Tertulliani
887 5374 1116 5448 nomine
1161 5378 1422 5433 adversus
1463 5374 1787 5431 Marcionem
1818 5374 1931 5435 ins-

292 5446 498 5514 ,cripta
538 5461 637 5514 pro
667 5446 1019 5517 Septimianis
1036 5448 1255 5505 obtrudi
1275 5449 1467 5505 solent.
1501 5448 1625 5502 Rm.

375 5513 468 5587 (γε)
484 5513 752 5598 Ρ
762 5519 1102 5598 opusculum
1113 5521 1279 5598 quasi
1310 5534 1445 5598 prop
1452 5521 1696 5598 erutum.
1708 5513 1929 5598 Inchoa-

298 5596 431 5662 turn
494 5597 572 5662 et_
597 5591 749 5662 rude,
777 5588 967 5660 qualia
1012 5588 1233 5662 Origeni
1278 5588 1331 5646 et
1371 5588 1928 5662 Quintilianotatque

2047 5017 2231 5083 nium,
2274 5016 2435 5072 refert
2452 5016 2837 5086 Hieronymus,
2870 5032 3064 5073 comm.
3105 5017 3159 5072 in
3179 5019 3446 5074 Abdiam:
3492 5038 3518 5071 α
3567 5020 3624 5074 Si

2047 5088 2151 5162 hoc
2172 5088 2281 5162 ille,
2317 5098 2421 5143 tam
2451 5089 2520 5143 de
2550 5087 2702 5142 libris
2730 5090 2796 5162 ad
2826 5088 3175 5162 Herennium,
3201 5105 3358 5162 quam
3389 5092 3455 5145 de
3492 5092 3624 5146 rhe-

2049 5158 2250 5225 toricis,
2301 5175 2459 5243 "quos
2523 5159 2766 5243 egomvel
2831 5158 3285 5243 perfectissimus
3328 5170 3482 5243 puto,
3555 5162 3621 5215 ad

2044 5230 2495 5304 comparationem
2526 5229 2708 5285 senilis
2726 5229 2935 5304 peritiae
2973 5231 3152 5287 dicere
3200 5229 3393 5304 potuit,
3424 5243 3622 5303 quanto

2043 5301 2372 5373 magisgego
2400 5302 2568 5357 libere
2616 5301 2909 5372 proﬁtebor
2934 5312 2989 5358 et
3017 5304 3151 5358 illud
3177 5301 3349 5359 fuisse
3404 5301 3622 5373 puerilis

2042 5370 2270 5443 ingenii,
2303 5370 2355 5428 et
2383 5375 2484 5428 hoc
2510 5370 2736 5429 maturas
2765 5375 3077 5430 senectutis.
3124 5376 3183 5428 In
3216 5374 3362 5429 libris
3404 5370 3621 5443 quoque

2039 5442 2236 5501 contra
2254 5443 2594 5503 Marcioncm
2625 5443 2922 5514 Septimius
2949 5446 3310 5501 Tertullianus
3340 5445 3441 5497 hoc
3478 5442 3619 5493 idem

2038 5529 2228 5582 passus
2274 5525 2358 5569 est
2401 5532 2413 5571 :
2453 5525 2506 5570 et
2534 5515 2803 5582 Origenes
2823 5517 2885 5569 in
2916 5517 3130 5572 Cantia.
3159 5514 3536 5574 canticorum,
3570 5520 3624 5566 et

2035 5581 2395 5652 Quintilianus
2425 5586 2477 5640 in
2510 5581 2792 5642 duodecim
2821 5586 2969 5640 libris
2997 5582 3386 5642 Institutiom's
3418 5581 3623 5638 Orato-

298 5659 494 5716 etiam
530 5659 708 5718 Tullio
754 5656 1004 5733 quedam
1046 5656 1320 5719 excidisse
1382 5656 1436 5717 in
1494 5658 1589 5714 lib.
1620 5659 1692 5715 ad
1720 5661 1925 5717 Heren-
2033 5658 2159 5713 rz'ae.
2198 5676 2226 5709 ι
2269 5656 2349 5711 lo.
