4002 6118
384 331 487 395 271

1092 325 1535 388 TERTULLIANI
1574 320 1841 385 OPERUM
1880 322 2045 382 PARS
2083 323 2149 383 II.
2191 356 2261 372 —
2299 327 2526 389 SERIES
2550 330 2591 397 l,
2627 328 2970 389 POLEMICA.

3564 326 3696 387 3272

382 463 510 510 tunc
537 452 733 519 fratris,
761 452 958 508 dehinc
1000 462 1259 525 apostatae
1307 454 1404 525 (3),
1430 452 1583 510 amisi
1616 472 1632 521 ;
1692 451 1781 522 qui
1806 540 1813 541 ί
1839 449 1979 541 forte
2007 464 2053 541 Α
2084 452 2225 521 apud
2256 454 2484 510 Pontum
2513 470 2673 526 quam
2703 454 2848 526 quod
2880 451 2987 507 illic
3004 450 3238 541 Marcion
3269 460 3426 508 natus
3453 460 3536 509 est
3559 416 3694 524 (11),

380 543 741 614 descripserat
795 542 1046 613 quaedam
1114 542 1547 610 mendosissime,
1616 550 1670 595 et
1736 536 1976 595 exhibuit

379 630 692 701 frequentiae
721 631 819 702 (4).
862 631 1280 686 Emendationis
1333 630 1629 686 necessitas
1683 628 1820 683 facta
1868 633 1971 682 est.

379 719 743 776 Innovationis
798 721 917 789 ejus
974 720 1185 775 occasio
1216 719 1415 791 aliquid
1476 718 1711 788 adjicere
1746 730 1975 788 persua-

378 809 467 871 sit.
498 809 576 865 Ita
618 798 791 881 stylus
823 810 924 866 iste
956 826 1098 865 nunc
1156 809 1223 864 de
1251 808 1491 865 secundo
1552 808 1758 873 tertius,
1810 815 1862 860 et
1906 806 1974 859 de

380 898 540 953 tertio
564 899 675 968 jam
711 899 834 956 hinc
862 899 1088 969 primus,
1146 900 1290 953 hunc
1328 896 1579 969 opusculi
1627 896 1713 952 sui
1771 894 1973 951 exitum

379 989 687 1043 necessario
717 989 995 1059 praefatur,
1025 1003 1093 1042 ne
1126 1004 1287 1058 quem
1329 988 1346 1025 ι
1374 987 1601 1042 varietas
1647 986 1768 1054 ejus
1786 984 1839 1038 in
1870 983 1976 1037 dis-

382 1091 537 1145 perso
587 1084 801 1148 reperta
862 1076 1157 1133 confundat
1212 1076 1311 1147 (5).
1362 1076 1564 1131 Pontus
1631 1073 1723 1144 qui
1776 1072 1973 1126 dicitur

378 1164 622 1219 Euxinus
650 1165 692 1228 2,
727 1173 914 1219 natura
958 1165 983 1203 3
1037 1171 1264 1235 negatur
1302 1164 1397 1232 (6),
1451 1161 1668 1217 nomine
1710 1160 1971 1215 illuditur.

380 1251 667 1323 Caeterum,
699 1252 1021 1324 hospitalem
1059 1255 1288 1308 Pontum
1318 1269 1419 1306 nec
1446 1252 1514 1306 de
1556 1249 1661 1306 situ
1691 1248 1923 1303 aestimes
1954 1265 1969 1302 :

379 1340 457 1394 ita
482 1340 548 1394 ab
576 1341 984 1397 humanioribus
1040 1341 1190 1396 fretis
1264 1341 1488 1409 nostris,
1546 1339 1698 1410 quasi
1742 1337 1970 1409 quodam

378 1428 643 1491 barbariae
688 1445 801 1485 suae
848 1431 1055 1499 pudore
1096 1430 1339 1485 secessit.
1379 1428 1579 1484 Gentes
1622 1425 1971 1481 ferocissimae

379 1516 679 1572 inhabitant
715 1520 815 1589 (7),
848 1520 892 1573 si
922 1526 1097 1574 tamen
1130 1518 1401 1573 habitatur
1433 1518 1486 1570 in
1515 1516 1777 1586 plaustro.
1805 1514 1972 1569 Sedes

378 1605 598 1670 incerta,
623 1607 733 1662 vita
763 1607 949 1671 cruda,
984 1607 1152 1661 libido
1200 1605 1507 1676 promiscua
1544 1601 1717 1658 247.
1761 1608 1815 1656 et
1844 1599 1965 1669 plu-

379 1694 573 1747 rimum
629 1696 794 1762 nuda,
853 1694 1015 1748 etiam
1078 1709 1204 1761 cum
1274 1692 1628 1754 abscondunt,
1688 1687 1969 1757 suspensis

377 1782 443 1836 de
471 1782 607 1854 jugo
635 1781 906 1852 pharetris
960 1780 1247 1845 indicibus,
1282 1797 1351 1837 ne
1384 1787 1586 1834 temere
1629 1777 1749 1847 quis
1792 1777 1816 1814 ἰ
1872 1775 1956 1829 in-

379 1870 631 1925 tercedat.
663 1870 741 1925 Ita
761 1886 861 1926 nec
885 1870 1049 1925 armis
1091 1870 1203 1924 suis
1242 1869 1569 1924 erubescunt
1596 1868 1699 1939 (8).
1760 1866 1966 1920 Paren-

378 1962 496 2011 tum
513 1960 787 2025 cadavera,
832 1974 957 2014 cum
986 1958 1284 2030 pecudibus
1311 1973 1469 2025 caesa,
1528 1956 1774 2013 convivio
1830 1969 1965 2009 con-

380 2056 588 2102 vorant.
621 2045 725 2115 Qui
764 2062 871 2102 non
912 2048 986 2102 ita
1014 2046 1359 2113 decesserint,
1390 2055 1450 2100 ut
1472 2045 1717 2101 escatiles
1740 2043 1963 2100 fuerint.

377 2135 661 2192 maledicta
714 2152 864 2192 mors
918 2144 1017 2193 est.
1070 2137 1183 2193 Nec
1226 2135 1443 2192 feminae
1480 2119 1612 2190 sexu
1656 2133 1968 2205 mitigantur

377 2225 671 2281 secundum
722 2228 985 2297 pudorem
1061 2243 1075 2280 :
1125 2226 1295 2281 ubera
1368 2223 1679 2292 excludunt,
1740 2236 1967 2293 pensum

382 2314 664 2371 securibus
713 2314 945 2382 faciunt;
974 2315 1179 2369 malunt
1229 2313 1478 2382 militare,
1527 2327 1684 2384 quam
1744 2311 1963 2365 nubere.

379 2404 589 2460 Duritia
638 2403 708 2459 de
734 2404 873 2461 caelo
911 2419 1145 2476 quoque.
1203 2402 1333 2458 Dies
1397 2416 1675 2473 nunquam
1717 2407 1906 2470 patens
1947 2415 1960 2453 :

381 2493 465 2549 sol
513 2508 790 2564 nunquam
818 2492 1029 2548 liben55
1054 2493 1158 2561 (9);
1190 2505 1332 2546 unus
1373 2505 1484 2554 aer,
1534 2487 1775 2558 nebula;
1824 2494 1967 2542 totus

372 2597 563 2651 annus,
591 2582 913 2652 hibernum;
944 2595 1103 2636 omne
1155 2579 1298 2650 quod
1328 2578 1551 2645 ﬂaverit,
1597 2576 1792 2648 Aquilo
1850 2585 1961 2647 est;

370 2662 612 2743 liquores
658 2670 881 2744 ignibus
933 2670 1160 2725 redeunt
1200 2670 1350 2743 (10),
1409 2682 1598 2721 amnes
1644 2664 1814 2736 glacie
1871 2681 1963 2720 ne-

370 2766 583 2831 gantur,
618 2767 830 2815 montes
894 2757 1086 2827 pruina
1140 2763 1550 2828 exaggerantur.
1606 2754 1800 2810 Omnia
1848 2762 1961 2809 tor-

298 2852 305 2861 '
369 2857 518 2917 pent,
560 2848 740 2902 omnia
796 2847 1006 2917 rigent:
1066 2843 1200 2900 nihil
1237 2844 1347 2899 illic
1402 2842 1506 2897 nisi
1554 2841 1743 2897 feritas
1797 2842 1957 2909 calet,

366 2934 462 2989 illa
480 2935 691 2990 scilicet
742 2949 864 3006 quae
902 2932 1112 2989 fabulas
1150 2933 1324 2989 scenis
1368 2932 1533 3000 dedit,
1587 2931 1657 2987 de
1687 2930 1958 2987 sacriﬁciis

2088 541 2284 610 Scytha
2333 546 2537 611 tetrior,
2587 542 2921 599 Hamaxobio
2997 540 3327 606 instabilior,
3394 543 3695 615 Massageta

2085 630 2450 703 inhumanior,
2508 634 2783 687 Amazone
2838 629 3102 686 audacior
3149 628 3298 697 (12);
3348 629 3539 686 nubilo
3594 631 3691 686 ob-

2083 719 2311 789 scurior,
2348 720 2530 777 hieme
2571 720 2838 794 frigidior,
2890 718 3017 790 gelu
3068 716 3348 789 fragilior;
3398 718 3535 773 Istro
3592 718 3691 775 fal-

2083 802 2273 875 lacior,
2323 809 2561 866 Caucaso
2620 807 2921 881 abruptior.
2971 804 3229 873 Quidni?
3287 821 3455 875 penes
3517 823 3680 876 quem

2081 911 2240 951 verus
2294 898 2665 953 Promethaeus
2721 898 2871 953 Deus
2939 895 3280 964 omnipotens
3333 893 3684 962 blasphemiis

2078 983 2376 1042 lancinatur
2422 987 2465 1041 δ.
2517 988 2634 1041 Jam
2664 994 2717 1041 et
2765 986 2954 1040 bestiis
3003 983 3149 1037 illius
3178 982 3445 1037 barbariae
3478 983 3683 1054 impor-

2081 1074 2263 1129 tunior
2316 1075 2575 1130 Marcion.
2634 1073 2769 1143 Quis
2825 1072 2967 1128 enim
3028 1078 3132 1125 tam
3189 1079 3452 1127 castrator
3505 1071 3683 1127 carnis

2079 1164 2295 1230 castor,
2328 1180 2486 1235 quam
2535 1164 2625 1237 qui
2684 1163 2902 1234 nuptias
2939 1161 3214 1216 abstulit?
3253 1160 3374 1231 quis
3429 1168 3537 1215 tam
3583 1175 3681 1215 co-

2079 1266 2261 1307 mesor
2291 1269 2411 1308 mus
2444 1254 2709 1325 ponticus,
2743 1267 2901 1323 quam
2932 1252 3023 1322 qui
3072 1251 3372 1323 Evangelia
3400 1249 3627 1305 corrosit
3650 1248 3679 1303 ?

2078 1340 2172 1393 Nae
2226 1350 2307 1406 tu,
2354 1342 2587 1405 Euxine,
2656 1340 3069 1410 probabiliorem
3124 1338 3289 1393 feram
3346 1337 3684 1408 philosophis

2078 1427 2314 1494 edidisti,
2347 1446 2505 1502 quam
2545 1429 2881 1485 Christianis.
2910 1429 3048 1484 Nam
3086 1427 3178 1481 illa
3224 1428 3244 1464 7
3283 1426 3526 1481 canicula
3554 1427 3689 1483 Dio.

2073 1532 2247 1587 genes
2303 1520 2418 1589 (13)
2472 1519 2741 1574 hominem
2788 1518 3026 1574 invenire
3082 1516 3361 1588 cupiebat;
3408 1517 3682 1573 lucernam

2076 1605 2299 1661 meridie
2354 1607 2739 1663 circumferens
2772 1624 2783 1663 :
2818 1606 3057 1662 Marcion
3105 1606 3277 1660 Deum
3324 1620 3504 1676 quem-
3533 1604 3685 1660 inve-

2076 1703 2245 1758 nerat,
2275 1695 2537 1751 exstincto
2582 1696 2782 1750 lumine
2811 1693 2932 1749 fidei
2973 1709 3085 1749 suae
3123 1693 3324 1748 amisit.
3355 1693 3477 1748 Non
3509 1708 3677 1763 nega-

2077 1781 2210 1835 bunt
2235 1781 2485 1852 discipuli
2531 1784 2651 1853 ejus
2681 1782 2908 1854 primam
2954 1781 3094 1837 illius
3123 1782 3148 1818 θ
3178 1783 3335 1837 fidem
3382 1781 3668 1837 nobiscum

2075 1868 2263 1936 fuisse,
2305 1869 2476 1942 ipsius
2521 1870 2711 1926 litteris
2759 1868 2927 1926 248
2971 1870 3194 1924 testibus
3241 1888 3254 1923 ε
3290 1879 3347 1925 ut
3393 1870 3525 1925 hinc
3563 1871 3681 1939 jam

2072 1957 2328 2013 destinari
2358 1959 2529 2028 possit
2576 1960 2878 2023 haereticus,
2931 1960 3041 2030 qui,
3073 1959 3286 2014 deserto
3327 1958 3475 2028 quod
3530 1959 3679 2030 prius

2074 2045 2266 2118 fuerat,
2298 2047 2351 2101 id
2388 2054 2570 2116 postea
2627 2046 2730 2101 sibi
2768 2047 2989 2120 elegerit
3031 2046 3179 2118 quod
3209 2053 3351 2101 retro
3378 2061 3487 2101 non
3533 2054 3673 2103 erat.

2071 2136 2133 2191 In
2166 2143 2364 2191 tantum
2417 2137 2563 2191 enim
2617 2136 2839 2193 haeresis
2894 2137 3246 2207 deputabitur
3283 2136 3429 2208 quod
3488 2135 3676 2205 postea

2073 2223 2367 2290 inducitur,
2398 2224 2453 2279 in
2483 2233 2741 2295 quantum
2789 2223 2986 2279 veritas
3030 2223 3324 2280 habebitur
3352 2224 3495 2295 quod
3524 2233 3673 2280 retro

2070 2320 2125 2367 et
2151 2329 2183 2367 a
2220 2312 2519 2383 primordio
2554 2313 2807 2368 traditum
2836 2319 2935 2370 est.
2971 2313 3075 2368 Sed
3113 2313 3248 2368 alius
3283 2312 3498 2369 libellus
3523 2313 3670 2368 hunc

2071 2400 2295 2471 gradum
2348 2400 2633 2457 sustinebit
2690 2402 2806 2472 (14)
2852 2401 3113 2457 adversus
3152 2400 3459 2472 haereticos,
3508 2402 3672 2458 etiam

2071 2488 2189 2544 sine
2240 2496 2525 2545 retractatu
2563 2488 2933 2546 doctrinarum
2980 2489 3360 2557 revincendos,
3390 2490 3536 2561 quod
3567 2490 3674 2546 hoc

2072 2577 2178 2632 sint
2201 2578 2269 2633 de
2319 2577 2724 2649 prwscriptione
2766 2577 3037 2635 novitatis.
3080 2578 3237 2634 Nunc
3271 2585 3535 2649 quatenus
3572 2577 3678 2634 ad-

2070 2666 2323 2722 mittenda
2348 2666 2666 2739 congressio
2694 2676 2794 2738 est,
2826 2667 3114 2737 interdum,
3166 2683 3236 2724 ne
3288 2667 3669 2737 compendium

2071 2755 2511 2828 praescriptionis,
2558 2756 2756 2829 ubique
2818 2757 3153 2822 advocatum,
3200 2755 3514 2813 diffidentiae
3568 2758 3672 2813 de-

2068 2851 2301 2915 putetur.
2360 2845 2620 2916 Regulam
2674 2844 2965 2902 adversarii
3021 2846 3173 2918 prius
3228 2854 3541 2916 praetexam,
3596 2862 3671 2903 ne

2065 2932 2151 2989 cui
2217 2933 2377 2990 lateat
2432 2934 2484 2989 in
2540 2949 2648 3006 qua
2702 2934 3012 3007 principalis
3064 2933 3292 3008 quaestio
3347 2934 3668 2992 dimicatura

367 3023 688 3089 Taurorum,
746 3028 799 3076 et
873 3020 1157 3076 amoribus
1201 3020 1552 3088 Colchorum,
1606 3026 1661 3075 et
1711 3020 1959 3077 crucibus
1992 3021 2034 3100 ε
2066 3031 2174 3077 est.

370 3112 757 3169 Caucasorum.
817 3109 925 3166 Sed
985 3109 1121 3165 nihil
1183 3116 1294 3164 tam
1349 3109 1641 3168 barbarum
1694 3124 1757 3166 ac
1810 3111 1959 3167 triste

1738 3206 1929 3271 Variae
1972 3213 2285 3274 lectiones.

438 3310 458 3347 ι
487 3307 823 3378 Quemquam
861 3305 1038 3362 Rhen.
1071 3305 1095 3343 ²
1143 3304 1580 3378 Pontusigitur,
1606 3304 1706 3378 qui
1738 3305 1988 3362 Euxinus
2042 3307 2220 3365 Rhen.
2253 3307 2495 3362 3Natura
2520 3310 2710 3363 omitt.
2738 3308 2915 3365 Rhen.
2953 3309 3078 3364 "Ne
3113 3310 3237 3378 quis
3269 3319 3469 3367 temere
3520 3312 3664 3367 Jun.

363 3387 423 3435 ut
462 3375 727 3434 indicibus
755 3384 1027 3444 notentur,
1061 3392 1127 3433 ne
1153 3376 1282 3447 quis
1308 3375 1482 3433 Rhen.
1510 3376 1534 3414 ⁵
1556 3375 1796 3446 Liquens
1830 3378 2087 3435 Wouwer.
2119 3380 2254 3435 liber
2281 3380 2453 3434 Fran.
2494 3379 2520 3417 δ
2556 3380 2858 3435 Laciniatur
2895 3380 3021 3440 alii.
3053 3381 3075 3419 7
3098 3375 3190 3436 ille
3221 3382 3455 3439 Semter.
3486 3382 3511 3418 ⁸
3548 3382 3668 3437 [Uis

368 3450 459 3508 vel
489 3449 567 3506 illi
594 3449 723 3505 atii.

1760 3518 2253 3587 Commentarius.

434 3628 513 3698 (3)
562 3630 708 3699 Tunc
764 3629 970 3699 fratris
1010 3628 1141 3699 dein
1179 3629 1474 3699 apostatae.
1508 3624 1831 3699 Marcionis,
1863 3626 1954 3697 qui

361 3696 525 3752 frater
552 3698 653 3755 fuit
681 3696 915 3768 quandiu
956 3714 1082 3753 vere
1110 3696 1466 3754 Christianus.
1506 3696 1696 3768 Liquet
1731 3712 1796 3753 ex
1827 3696 1952 3755 ver-

364 3768 447 3823 bis
466 3769 909 3826 antecedentibus
930 3768 1312 3825 Tertullianum
1343 3770 1407 3823 ad
1417 3783 1602 3825 versus
1626 3768 1952 3827 Marcionem

365 3838 788 3911 scripsisse.7Ln
830 3840 928 3894 Pa.

434 3908 511 3980 (Ε)
532 3910 1167 3982 Exhibuitfrequentiw.
1189 3911 1304 3964 Hoc
1331 3916 1432 3974 est,
1465 3908 1652 3982 emisit
1664 3908 1728 3982 _in_
1758 3908 1954 3982 vulgus

366 3979 455 4035 Sic
483 3982 535 4054 in
566 3979 924 4054 Apologeticq'
953 3982 1302 4053 frequentius
1331 3979 1594 4036 montium
1623 3979 1754 4035 dixit
1809 3979 1951 4037 feras

368 4052 631 4107 montium
649 4052 879 4108 incblas.
896 4052 977 4108 Io.

432 4122 510 4192 (5)
541 4123 619 4194 Ne
674 4140 838 4194 quem
890 4122 1140 4194 varietas
1171 4122 1293 4193 ejus
1322 4123 1383 4177 in
1412 4121 1653 4194 disperso
1722 4126 1951 4194 reperta

364 4192 703 4263 confundat.
766 4194 881 4248 Hoc
943 4192 1139 4263 frustra
1175 4192 1439 4248 metueret
1493 4192 1559 4248 de
1615 4192 1875 4254 versibus,
1905 4194 1951 4249 si

361 4262 499 4334 quos
535 4265 791 4319 adversus
818 4262 1141 4334 Marcionem
1177 4264 1509 4334 scripsisset.
1537 4264 1674 4319 Nam
1704 4263 1785 4319 illi
1815 4264 1946 4321 satis

363 4333 580 4405 seseab
613 4335 717 4388 hoc
737 4333 862 4404 styli
890 4349 1089 4405 genere
1108 4333 1404 4391 secernunt
1431 4334 1639 4405 procul.
1668 4335 1793 4389 Rm.

2076 3628 2204 3685 Βία.

2132 3698 2340 3771 (θλδοι
2387 3697 2921 3771 ηαηᾳῑιαηιγὶἱὸεηδ.
2973 3698 3060 3755 Sic
3088 3699 3250 3756 habet
3291 3711 3443 3759 vetus
3469 3719 3661 3760 exem—

2060 3770 2195 3843 plar.
2232 3770 2393 3825 Dicas
2434 3770 2876 3843 hancuregionem
2908 3786 2937 3824 a
2966 3771 3080 3828 sole
3119 3772 3260 3827 haud
3312 3774 3539 3831 libenter
3567 3793 3663 3832 as-

2060 3840 2185 3909 pici,
2216 3848 2325 3896 tam
2355 3842 2493 3895 male
2525 3840 2637 3896 illic
2661 3840 2820 3896 lucet.
2852 3842 2973 3897 Βία.

2128 3912 2244 3982 (10)
2268 3913 2528 3984 Liquores
2556 3913 2775 3983 ignibus
2813 3912 3074 3970 redeunt.
3106 3914 3165 3968 In
3186 3915 3402 3973 Pontica
3431 3917 3522 3972 illa
3561 3917 3651 3973 fe-

2060 3980 2231 4060 ritate,
2278 3980 2467 4060 inquit,
2514 4002 2539 4034 α
2580 3980 2753 4040 Omne
2800 3984 2945 4060 quod
2985 3984 3195 4041 ﬂaverit
3236 3987 3437 4060 Aquilo
3483 3996 3584 4043 est.
3622 4010 3653 4041 ιι

2059 4052 2244 4125 Itaque
2273 4052 2536 4125 liquores
2585 4070 2771 4111 omnes
2815 4052 2939 4125 gelu
2988 4052 3359 4124 concrescunt,
3410 4074 3512 4114 nec
3548 4060 3657 4115 nisi

2056 4124 2599 4249 i‘z‘uppositislignibus
2644 4124 2889 4191 redeunt,
2939 4126 3045 4183 hoc
3074 4140 3175 4195 est,
3215 4133 3559 4186 resolvuntur
3596 4131 3657 4187 in

2081 4209 2319 4249 tauores.
2381 4212 2435 4249 υ.

2081 4209 2319 4265 lquores.
2354 4209 2435 4251 to.

2078 4336 2089 4345 _
2124 4266 2258 4348 (11)Δ
2292 4267 2657 4348 ραατζιηίιαοᾴ
2701 4268 2825 4324 illic
2867 4268 3109 4348 Marcign
3136 4276 3310 4348 natus
3349 4276 3454 4348 est.
3495 4271 3657 4348 Tetra

2055 4336 2266 4412 licet__et
2294 4336 2571 4394 horribilia
2601 4338 2708 4412 sint
2735 4355 2854 4412 quae
2902 4340 2969 4395 de
3024 4342 3196 4397 Ponto
3242 4342 3452 4398 Euxino
3499 4343 3656 4412 adja-

434 4404 509 4474 (6)
544 4405 767 4485 Pontus
788 4406 884 4477 qui
899 4405 1107 4485 dicitur
1135 4404 1649 4485 Euxinus,natura
1677 4411 1938 4485 negatur.
1976 4407 2021 4482 Π
2050 4407 2412 4485 centibusque
2471 4410 2683 4485 p0pulis
2739 4404 3013 4485 feruntur,
3059 4412 3191 4465 nihil
3246 4424 3419 4469 tamen
3462 4404 3656 4470 tetrius

364 4474 453 4532 Sic
491 4474 911 4543 emendavimus,
963 4476 1224 4532 suadente
1278 4474 1519 4535 veterum
1556 4474 1941 4546 exemplarium

366 4547 632 4633 icuiptura
663 4546 1001 4633 huiusmodi,
1051 4550 1264 4633 Pontus
1308 4548 1406 4633 qui
1430 4549 1613 4633 igitur
1655 4550 1937 4633 Euxinus.

366 4616 619 4691 Yoluerat
662 4618 925 4687 Pithoeus,
956 4621 1174 4691 Pontus
1217 4616 1332 4691 qui
1357 4637 1392 4675 α
1434 4616 1639 4691 Graecis
1659 4620 1943 4676 Euxinus.

360 4689 718 4745 Nihilominus
784 4698 957 4746 tamen
1010 4689 1239 4760 probari
1289 4700 1468 4761 potest
1520 4690 1733 4761 vulgata
1763 4691 1943 4757 lectio,

359 4762 573 4835 Pontus
593 4761 775 4835 igitur
801 4767 899 4834 qui
928 4763 1187 4818 Euxinus
1217 4766 1435 4818 natura
1462 4761 1704 4835 negatur
1721 4764 1951 4835 nomine

357 4831 650 4914 iltuditur.
666 4831 900 4914 ‘thf—
920 4835 1204 4913 Euxinus,
1217 4838 1430 4889 natura
1443 4831 1711 4914 negatur.
1737 4833 1947 4914 Etenim

360 4902 498 4976 fallit
527 4902 803 4976 mendacio
851 4903 1476 4976 cognominis,cum_ob
1514 4902 1793 4976 ingenium
1846 4903 1951 4961 loci

358 4987 423 5027 ac
452 4970 713 5027 feritatem
736 4970 960 5039 naturai,
984 4973 1149 5036 ἄξινος
1176 4973 1283 5030 dici
1309 4974 1524 5030 debeat.
1558 4970 1685 5032 me.
1715 5004 1783 5019 -
1813 4976 1949 5031 Cum

358 5040 465 5098 dici
503 5041 750 5098 debuerit
785 5043 1150 5116 inhospitalis,
1181 5046 1327 5102 unde
1355 5043 1512 5103 Ovid.
1548 5063 1563 5100 :

421 5165 577 5228 Quem
609 5174 740 5216 tenet
764 5166 945 5218 Euxini
978 5167 1507 5231 mendaxcognomine
1523 5168 1731 5220 Pontus.
1767 5169 1839 5221 LE
1857 5170 1947 5221 Pa.

430 5256 509 5329 (7)
553 5257 752 5329 Gentes
788 5259 1152 5329 ferocissimae
1197 5258 1547 5315 inhabitant.
1588 5260 1792 5318 Gentes
1845 5262 1951 5317 illae

359 5327 510 5383 fuere
551 5328 829 5402 Sarmatae,
851 5327 1083 5402 (Geloni,
1106 5330 1423 5402 Massagetae
1462 5337 1706 5402 etgenus
1736 5332 1950 5388 univer-

355 5414 474 5475 sum
503 5400 825 5475 populorum
848 5399 1312 5475 hamaxobiorutp,
1340 5401 1408 5456 de
1434 5399 1633 5472 quibus
1660 5417 1951 5475 eorumque

358 5470 923 5528 feritate'horrescunt
946 5471 1208 5527 historiae.
1248 5472 1330 5526 In.

428 5542 509 5614 (8)
538 5545 628 5601 Ita
655 5559 760 5602 nec
777 5544 956 5601 armis
982 5544 1102 5599 suis
1128 5542 1489 5601 erubescunt.
1523 5544 1652 5602 Haec
1678 5544 1819 5601 enim
1844 5554 1952 5602 tur-

356 5612 443 5683 pis
490 5612 551 5670 et
603 5614 901 5688 propatulte
945 5614 1173 5673 Veneris
1229 5630 1342 5672 sua:
1394 5616 1549 5689 signa
1603 5615 1947 5692 prostitnunt.

2048 4488 2142 4555 aut
2170 4478 2485 4555 horribilius
2525 4478 2751 4555 cogitari
2782 4488 2959 4552 potest
3002 4478 3163 4553 quam
3193 4485 3342 4555 quod
3377 4484 3451 4540 ibi
3489 4492 3653 4541 natus

2049 4550 2209 4607 fuerit
2236 4552 2492 4609 Marcion.
2524 4550 2723 4608 LE'Pa.

2128 4621 2242 4698 (t2)
2274 4624 2555 4698 Amazone
2600 4621 2912 4698 audacior._
2935 4622 3111 4698 vulgo
3136 4627 3463 4684 Amazonia.
3506 4627 3655 4684 Scri-

2053 4692 2288 4749 bendum
2312 4702 2373 4749 ut
2404 4701 2495 4764 est
2539 4693 2594 4749 in
2623 4694 2936 4764 exemplari,
2970 4692 3276 4754 Arriazona.
3321 4700 3651 4755 Ahazonam

2048 4764 2195 4841 dicit,
2252 4772 2307 4820 ut
2355 4762 2671 4841 _S_i_r_enarum
2706 4762 2805 4841 pro
2865 4765 3131 4841 Sirenum,
3165 4777 3218 4824 ct
3270 4768 3502 4841 SynOpae
3549 4785 3653 4841 pro

2052 4835 2323 4907 CynOpes,
2355 4833 2489 4890 Vide
2517 4836 2951 4907 Apoloyeticum.
2986 4837 3111 4893 Rie.

2122 4853 2201 4890 'no
2244 4853 2323 4901 es,
2364 4853 2489 4918 Viae
2517 4853 2951 4921 Apowgetzcurn.
2986 4853 3111 4893 me.

2122 4853 2239 4977 (133
2266 4908 2409 4982 Nam
2438 4907 2541 4963 illa
2559 4907 2821 4982 canicula
2850 4909 3132 4980 Diogenes,
3165 4916 3271 4965 etc.
3304 4910 3536 4982 Cynicus
3556 4911 3651 4969 ille

2052 4975 2324 5054 DiOgenes
2345 4977 2530 5054 dictus
2574 4977 2644 5033 ob
2698 4975 2999 5054 libertatein
3044 4975 3205 5051 quam
3257 4982 3310 5054 in
3349 4975 3654 5054 'carpendis

2054 5046 2184 5102 tum'
2213 5046 2543 5116 hominibus,
2575 5056 2687 5103 tum
2733 5048 2892 5104 etiam
2921 5050 3025 5106 diis
3052 5046 3387 5110 absumebat.
3449 5046 3657 5109 Pariter

2052 5120 2306 5194 Apologi,
2343 5135 2463 5191 cap.
2525 5122 2611 5175 14.
2670 5140 2693 5171 ι
2734 5119 3007 5194 Romanus
3049 5123 3295 5194 Cynicus
3338 5126 3506 5181 Varro
3552 5131 3655 5180 tre-

2051 5191 2442 5259 centos'Joves,
2488 5211 2510 5239 »
2547 5199 2670 5269 ειεε,
2701 5200 2763 5269 u_t
2790 5192 2993 5251 scilicet
3028 5191 3221 5250 Graeco
3266 5195 3495 5269 Diogeni
3542 5196 3655 5254 Ro-

2053 5277 2266 5318 manum
2296 5269 2609 5333 opponeret.
2631 5264 2706 5317 Le
2730 5264 2826 5319 Pa.

2124 5333 2245 5408 (149Δ
2269 5332 2551 5408 Sedulius
2585 5334 2825 5408 iibeltus
2867 5334 3026 5408 hunc,
3052 5338 3291 5408 gradum
3318 5338 3646 5404 sustinebit,

2051 5403 2153 5459 etc.
2188 5404 2324 5460 Citat
2344 5403 2433 5460 hic
2460 5406 2599 5460 haud
2627 5405 2789 5461 dubie
2812 5407 2968 5461 modo
2979 5403 3175 5464 dictum
3195 5408 3391 5463 librum
3409 5410 3474 5466 de
3492 5403 3655 5466 Prw?-

2051 5474 2449 5552 scriptionibus
2477 5477 2741 5552 adversus
2762 5477 3053 5552 hereticos
3067 5498 3087 5546 ;
3111 5480 3309 5552 quippe
3324 5496 3431 5552 quo
3460 5480 3653 5552 docuit

2052 5546 2401 5624 [evincendos
2427 5550 2731 5624 haereticos,
2760 5547 2875 5624 sine
2907 5546 3543 5624 tractatu'doctrinarum,
3572 5550 3649 5609 de

2052 5616 2459 5690 Praescriptione
2496 5616 2764 5679 novitatis.
2793 5619 2932 5678 Pan.
