4032 6152
369 249 471 312 273

431 466 582 522 Duos
633 464 888 520 Ponticus
939 462 1074 520 deos
1126 461 1282 519 affert
1320 462 1469 534 (15),
1519 472 1768 536 tanquam
1825 463 1963 518 duas

361 553 745 627 symplegadas
781 552 1050 623 naufragii
1091 551 1176 608 sui
1213 551 1374 622 (16):
1416 567 1578 624 quem
1625 567 1824 624 negare
1851 566 1961 606 non

359 643 549 714 potuit,
582 641 638 698 id
667 649 750 698 est
776 640 801 679 9
830 641 1159 708 Creatorem,
1190 640 1244 694 id
1293 647 1379 695 est
1418 647 1683 707 nostrum,
1715 648 1768 694 et
1797 655 1961 710 quem

357 731 594 804 probare
639 745 748 785 non
814 729 1029 801 poterit,
1065 729 1120 784 id
1167 738 1248 786 est
1286 743 1479 784 suum:
1531 743 1726 798 passus
1779 728 1961 786 infelix

356 821 521 889 hujus
571 816 1012 890 presumptionis
1050 816 1362 873 instinctum
1420 819 1551 886 (t7),
1617 816 1683 871 de
1730 815 1961 887 simplici

359 907 601 979 capitulo
635 905 932 962 Dominicae
975 905 1437 978 pronuntiationis
1495 905 1561 969 ιο,
1603 906 1657 960 in
1717 905 1961 962 homines

353 1011 462 1052 non
492 995 551 1050 in
582 993 719 1050 deos
753 993 1086 1063 disponentis
1113 994 1360 1064 exempla
1401 991 1494 1047 illa
1525 994 1679 1048 bonae
1707 1000 1764 1048 et
1799 995 1957 1049 malae

351 1085 585 1148 arboris,
615 1082 756 1156 quod
788 1097 965 1154 neque
993 1082 1137 1137 bona
1167 1083 1359 1147 malos,
1400 1097 1576 1154 neque
1607 1081 1746 1138 mala
1785 1083 1956 1139 bonos

351 1171 595 1246 proferat
642 1171 848 1227 fructus
907 1171 1128 1238 (Matth.
1188 1185 1311 1235 VIII,
1346 1172 1465 1242 18):
1516 1169 1572 1225 id
1629 1179 1730 1236 est,
1783 1187 1957 1243 neque

351 1276 507 1317 mens
534 1260 620 1316 vel
648 1259 786 1314 ﬁdes
823 1258 986 1324 bona,
1026 1257 1192 1313 malas
1219 1261 1342 1314 edat
1369 1273 1581 1329 operas,
1614 1273 1788 1330 neque
1819 1261 1958 1315 mala

350 1351 546 1405 bonas.
598 1348 886 1420 Languens
945 1347 1087 1403 enim
1135 1346 1302 1418 (quod
1362 1354 1414 1401 et
1469 1362 1612 1402 nunc
1667 1347 1844 1412 multi,
1902 1357 1957 1404 et

349 1436 587 1492 maxime
636 1433 896 1505 haeretici)
937 1434 1080 1489 circa
1136 1434 1260 1489 mali
1317 1433 1692 1505 quaestionem,
1755 1457 1776 1484 ι
1817 1434 1958 1490 unde

349 1523 554 1580 malum
587 1522 753 1592 (18)?
788 1542 810 1570 ι
841 1530 896 1577 et
938 1521 1146 1578 obtusis
1182 1522 1434 1579 sensibus
1477 1522 1595 1594 ipsa
1640 1523 1956 1580 enormitate

347 1611 701 1678 curiositatis,
751 1609 1030 1665 inveniens
1078 1609 1387 1666 Creatorem
1436 1611 1874 1680 pronuntiantem
1910 1611 1951 1648 ιι

1606 243 1732 306 LIB.
1770 245 1793 308 l
1831 243 1985 306 ΜΝ.
2027 244 2436 309 MARCIONEM.

1993 387 2040 466 Α

3559 247 3662 308 274

2142 461 2456 534 Principalis
2501 461 2699 534 itaque,
2739 470 2796 519 et
2851 463 2898 500 1³
2927 463 3118 518 exinde
3166 471 3277 519 tota
3325 461 3659 534 congressio,

2068 549 2137 607 de
2175 565 2436 608 numero:
2488 567 2555 606 an
2599 551 2736 608 duos
2781 551 2915 608 deos
2961 550 3122 608 liceat
3161 551 3365 622 induci,
3417 553 3463 607 si
3522 549 3662 608 forte

2068 639 2276 712 poetica
2301 649 2354 695 et
2391 638 2617 710 pictoris
2668 637 2882 694 licentia
2927 640 3042 707 (22)
3090 645 3144 693 et
3179 638 3332 694 tertia
3371 640 3485 707 jam
3539 642 3660 696 hm-

2068 729 2251 785 retica.
2304 728 2410 784 Sed
2457 727 2653 786 veritas
2703 727 3002 783 Christiana
3045 727 3286 782 districte
3339 729 3659 797 pronuntia-

2065 815 2180 870 vit:
2211 815 2378 880 Deus,
2408 815 2454 870 si
2485 831 2589 872 non
2617 829 2758 870 unus
2789 822 2891 880 est,
2943 830 3051 870 non
3104 821 3188 870 est
3219 831 3231 868 :
3268 813 3399 886 quia
3438 814 3661 885 dignius

2064 902 2338 958 credimus
2386 918 2495 958 non
2533 917 2679 968 esse,
2709 902 3070 974 quodcunque
3117 916 3227 957 non
3275 902 3348 956 ita
3395 901 3554 958 fuerit
3601 911 3662 958 ut

2065 1005 2187 1046 esse
2216 991 2452 1046 debebit.
2485 991 2658 1048 Deum
2707 998 2886 1047 autem
2915 998 2975 1046 ut
3012 990 3150 1047 scias
3197 1005 3364 1044 unum
3405 1005 3526 1047 esse
3554 989 3658 1048 de-

2064 1082 2211 1149 bere,
2245 1097 2429 1153 quaerc
2456 1081 2586 1153 quid
2629 1080 2699 1138 sit
2735 1083 2906 1149 Deus,
2957 1089 3011 1136 et
3057 1094 3166 1134 non
3197 1079 3352 1135 aliter
3391 1079 3655 1137 invenies.

2063 1168 2332 1239 Quantum
2376 1171 2612 1226 humana
2639 1169 2876 1226 conditio
2927 1168 2994 1224 de
3041 1169 3154 1225 Deo
3184 1167 3409 1226 deﬁnire
3461 1175 3657 1238 potest,

2061 1259 2115 1314 id
2155 1258 2354 1314 deﬁnio
2391 1259 2536 1330 quod
2581 1266 2634 1314 et
2681 1257 2926 1314 omnium
2973 1257 3302 1315 conscientia
3351 1265 3654 1330 agnoscet:

2063 1349 2251 1416 Deum,
2283 1327 2554 1402 summurn
2604 1362 2724 1403 esse
2766 1361 3025 1418 magnum
3071 1346 3206 1418 (23),
3257 1346 3314 1402 in
3362 1327 3707 1408 mternitatei

2063 1437 2434 1502 constitutum,
2475 1435 2739 1505 innatum,
2791 1434 3069 1502 infectum,
3115 1435 3232 1489 sine
3295 1433 3467 1498 initio,
3536 1434 3657 1490 sine

2065 1523 2194 1580 ﬁne.
2236 1524 2388 1580 Hunc
2422 1524 2564 1579 enim
2587 1531 2784 1580 statum
2831 1523 3114 1579 aeternitati
3155 1523 3508 1594 censendum,
3534 1539 3657 1595 qum

2063 1628 2332 1669 summum
2375 1629 2633 1685 magnum
2684 1613 2855 1667 Deum
2898 1596 3118 1676 efficiat,
3147 1611 3275 1666 dum
3321 1611 3424 1668 hoc
3466 1618 3549 1667 est
3603 1611 3658 1666 in

346 1702 480 1770 (15a.
525 1714 661 1762 va,
684 1673 748 1767 '7)
773 1715 786 1751 :
809 1699 919 1769 Ego
937 1713 1063 1757 sum
1079 1700 1176 1768 qui
1202 1699 1374 1755 condo
1404 1673 1721 1770 hamus);
1751 1706 1956 1771 quanto
1990 1673 2035 1750 Β
2062 1703 2174 1758 Deo
2215 1701 2350 1772 ipsa,
2390 1673 2550 1774 atque
2581 1701 2656 1756 ita
2701 1708 2756 1756 et
2797 1707 2991 1756 caetera
3023 1716 3038 1767 ;
3077 1673 3137 1754 ut
3179 1700 3249 1755 sit
3301 1699 3451 1756 Deus
3500 1713 3656 1754 sum-

349 1789 529 1857 ipsum
584 1794 1014 1858 praesumpserat
1067 1786 1195 1840 mali
1251 1794 1550 1852 auctorem,
1600 1795 1654 1841 et
1709 1801 1776 1840 ex
1835 1785 1958 1840 aliis

347 1875 713 1946 argumentis,
762 1889 886 1946 quae
941 1873 1018 1929 ita
1054 1875 1384 1944 persuadent
1439 1888 1702 1945 perverso
1741 1873 1951 1947 cuique,

352 1971 498 2018 tanto
551 1962 610 2017 in
666 1963 975 2018 Creatorem
1022 1962 1407 2034 interpretatus
1460 1962 1659 2018 malam
1705 1964 1954 2020 arborem

347 2051 519 2108 malos
587 2049 794 2106 fructus
868 2051 1212 2116 condentem,
1297 2051 1500 2108 scilicet
1567 2051 1725 2117 mala;
1789 2051 1952 2107 alium

349 2136 518 2196 249
535 2139 702 2196 deum
734 2140 1076 2212 praesumpsit
1101 2155 1224 2196 esse
1253 2139 1452 2196 debere
1484 2139 1539 2194 in
1568 2149 1777 2211 partem
1799 2142 1954 2196 bonae

346 2230 556 2285 arboris
586 2229 764 2284 bonos
794 2227 1016 2283 fructus.
1048 2227 1114 2282 Et
1143 2228 1217 2283 ita
1252 2226 1310 2282 in
1347 2227 1563 2284 Christo
1591 2229 1742 2300 quasi
1789 2228 1952 2283 aliam

346 2316 637 2373 inveniens
664 2316 1106 2387 disposttionem,
1135 2317 1308 2372 solius
1338 2326 1392 2372 et
1440 2333 1592 2389 purae
1640 2317 1952 2390 benignita-

347 2404 434 2471 tis,
475 2414 538 2460 ut
566 2404 802 2459 diversae
831 2419 862 2459 a
901 2405 1174 2473 Creatore,
1208 2404 1362 2461 facile
1409 2421 1602 2463 novam
1661 2415 1713 2461 et
1766 2406 1952 2478 hospi-

345 2503 452 2560 tam
509 2496 934 2566 argumentatus
987 2505 1068 2549 est
1108 2493 1441 2550 divinitatem
1485 2496 1537 2550 in
1584 2495 1797 2552 Christo
1853 2511 1952 2551 suo

347 2584 669 2649 revelatam,
701 2582 1022 2654 modicoque
1066 2583 1262 2638 exinde
1288 2583 1555 2640 termento
1615 2592 1778 2642 totam
1827 2584 1953 2640 ﬁdei

347 2687 576 2727 massam
611 2672 868 2726 haeretica
910 2686 1067 2726 acore
1122 2672 1168 2708 ¹²
1223 2672 1435 2742 decepit
1461 2673 1598 2743 (20).
1657 2672 1853 2728 Habuit
1899 2680 1955 2728 et

349 2759 652 2816 Cerdonem
701 2758 994 2830 quemdam
1053 2760 1169 2829 (21)
1236 2758 1650 2817 informatorem
1717 2760 1954 2816 scandali

351 2850 537 2918 hujus;
580 2862 693 2919 quo
744 2847 956 2903 facilius
987 2848 1124 2904 duos
1178 2849 1310 2904 deos
1356 2849 1485 2905 caeci
1524 2851 1866 2922 perspexisse
1892 2865 1950 2904 se

359 2938 806 2992 enstimaverunt.
859 2935 1033 2992 Unum
1074 2936 1220 2992 enim
1267 2952 1374 2994 non
1419 2939 1630 3010 integre
1678 2939 1947 2995 viderant.
1977 2954 2020 3031 ε
2049 2959 2239 3015 gnum.
2269 2943 2412 3016 Ergo
2465 2957 2574 2996 non
2629 2939 2784 2995 aliter
2812 2937 2915 2993 erit
2950 2953 3112 3010 quam
3162 2952 3256 3005 per
3301 2935 3447 3006 quod
3494 2935 3658 2990 habet
3687 2989 3693 3010 ,
3723 3009 3739 3024 .

2059 3046 2199 3098 esse,
2239 3029 2293 3086 id
2324 3038 2407 3087 est
2435 3031 2482 3068 ι’·
2511 3027 2727 3085 unicum
2764 3025 3008 3083 omnino.
3061 3025 3293 3082 Proinde
3338 3025 3486 3080 Deus
3529 3039 3684 3081 cum.

2059 3135 2328 3174 summum
2360 3132 2608 3190 magnum
2641 3116 2727 3181 sit,
2759 3121 2904 3171 recte
2929 3112 3130 3169 veritas
3167 3121 3356 3166 nostra
3402 3128 3649 3184 pronun-
3675 3109 3683 3134 ί

361 3024 724 3094 Lippientibus
779 3025 943 3082 etiam
996 3025 1290 3098 singularis
1370 3028 1590 3082 lucerna
1653 3043 1950 3084 numerosa

377 3120 474 3166 est.
510 3112 744 3169 Alterum
792 3113 962 3184 igitur
1009 3113 1192 3183 deum,
1229 3130 1393 3188 quem
1438 3115 1685 3172 conﬁteri
1721 3117 1950 3189 cogeba.

368 3209 467 3263 tur,
495 3199 556 3255 de
601 3201 748 3256 malo
798 3202 1118 3261 infamando.
1148 3203 1414 3261 destruxit
1447 3222 1460 3259 :
1504 3203 1756 3269 alterum,
1788 3219 1948 3276 quem

356 3291 698 3346 commentari
730 3290 1126 3358 connitebatur,
1158 3294 1225 3348 de
1255 3294 1400 3350 bono
1430 3293 1759 3366 proferendo
1785 3308 1952 3350 cons-

352 3381 527 3436 truxit.
562 3381 678 3436 Has
707 3389 934 3435 naturas
960 3381 1158 3452 quibus
1195 3381 1526 3452 disposuerit
1567 3381 1826 3449 articulis,
1851 3397 1948 3454 per

342 3466 480 3537 ipsas
515 3469 916 3539 responsiones
944 3477 1156 3526 nostras
1184 3470 1538 3526 ostendimus.

2063 1806 2207 1844 mum
2247 1804 2526 1862 magnum,
2567 1797 2620 1844 et
2666 1787 2860 1853 forma,
2913 1794 2966 1841 et
2995 1787 3220 1851 ratione,
3252 1793 3306 1842 et
3346 1787 3425 1857 vi,
3456 1797 3510 1842 et
3547 1801 3656 1859 po-

2062 1886 2272 1934 testate.
2306 1879 2440 1935 Cum
2487 1877 2554 1932 de
2583 1877 2693 1932 isto
2737 1875 3023 1933 conveniat
3048 1873 3213 1945 Lapud
3251 1875 3655 1946 omnes~(nemo

2061 1965 2206 2022 enim
2244 1965 2462 2037 negabit
2491 1966 2662 2020 Deum
2702 1979 2973 2020 summum
3021 1977 3283 2033 magnum
3328 1961 3459 2034 quid
3505 1977 3651 2031 esse,

2062 2054 2165 2110 nisi
2193 2056 2287 2127 qui
2315 2054 2508 2126 poterit
2539 2055 2709 2110 Deum
2757 2053 2946 2120 imum,
2980 2050 3254 2107 modicum
3281 2050 3433 2120 quid,
3465 2067 3496 2108 e
3523 2065 3658 2107 con-

2063 2145 2229 2200 trario
2259 2143 2622 2215 pronuntiare,
2656 2150 2715 2197 ut
2744 2143 2918 2197 Deum
2964 2148 3128 2213 neget
3174 2139 3470 2196 auferendo
3511 2140 3656 2212 quod

2062 2234 2158 2289 Dei
2186 2236 2310 2303 est),
2341 2250 2460 2305 quae
2491 2232 2593 2289 erit
2616 2234 2725 2300 jam
2756 2230 2994 2287 conditio
3017 2230 3190 2302 ipsius
3209 2229 3409 2286 summi
3427 2231 3608 2302 magni
3628 2232 3656 2285 τ

2060 2339 2256 2394 nempe
2294 2330 2352 2377 ut
2405 2321 2536 2376 nihil
2585 2321 2661 2375 illi
2717 2320 3049 2391 adaequetur,
3082 2318 3139 2373 id
3193 2326 3295 2383 est,
3349 2326 3410 2374 ut
3449 2332 3557 2373 non
3588 2318 3660 2374 sit

2064 2413 2210 2468 aliud
2239 2427 2508 2467 summum
2538 2426 2813 2485 magnum,
2837 2409 2961 2481 quia
2980 2408 3025 2464 si
3056 2408 3235 2475 fuerit,
3259 2407 3656 2480 adaequabitur.

2059 2510 2114 2558 et
2151 2502 2195 2555 si
2227 2499 2608 2570 adaequahitur,
2643 2514 2750 2554 non
2781 2497 2882 2554 erit
2903 2496 3019 2566 jam
3047 2510 3316 2550 summum
3335 2492 3506 2550 250
3550 2510 3662 2549 ma-

2061 2605 2249 2663 gnum,
2286 2603 2476 2646 eversa
2505 2587 2835 2651 conditione,
2883 2594 2956 2648 et,
2986 2590 3046 2639 ut
3103 2582 3177 2637 ita
3230 2581 3478 2652 dixerim,
3535 2581 3658 2654 lege

2060 2694 2180 2750 quae
2236 2691 2447 2733 summo
2503 2690 2702 2748 magno
2759 2671 2892 2730 nihil
2964 2669 3094 2726 sinit
3162 2669 3455 2740 adtequari.
3513 2669 3658 2741 Ergo

2060 2767 2277 2823 unicum
2303 2765 2372 2821 sit
2399 2780 2624 2822 necesse
2673 2770 2775 2829 est,
2827 2758 2974 2832 quod
3017 2757 3180 2815 fuerit
3224 2773 3495 2814 summum
3534 2771 3656 2811 ma-

2058 2871 2242 2928 gnum,
2285 2869 2383 2924 par
2434 2869 2544 2910 non
2573 2851 2840 2919 habendo,
2872 2863 2942 2903 ne
2969 2862 3076 2903 non
3134 2847 3204 2902 sit
3231 2861 3502 2903 summum
3539 2861 3656 2901 ma-

2059 3208 2240 3265 tiavit:
2272 3208 2431 3275 Deus,
2463 3207 2507 3261 si
2540 3219 2650 3262 non
2677 3218 2820 3260 unus
2847 3209 2953 3271 est,
3003 3215 3112 3255 non
3161 3206 3260 3256 est.
3319 3200 3440 3255 Non
3497 3201 3653 3274 quasi

2063 3299 2380 3354 dubitemus
2409 3311 2528 3352 esse
2559 3297 2754 3359 Deum,
2786 3289 3053 3348 dicendo:
3093 3287 3151 3345 Si
3180 3301 3289 3343 non
3335 3304 3496 3353 unus,
3544 3305 3654 3345 non

2054 3392 2170 3451 est;
2210 3382 2306 3437 sed
2333 3382 2462 3454 quia
2490 3396 2653 3452 quem
2700 3377 3026 3436 conﬁdimus
3053 3390 3198 3444 esse,
3224 3373 3284 3428 id
3320 3389 3442 3430 eum
3479 3375 3526 3412 15
3552 3375 3652 3430 de-

2058 3469 2308 3526 ﬁniamus
2334 3485 2454 3527 esse
2483 3468 2628 3542 quod
2660 3466 2704 3522 si
2736 3481 2845 3523 non
2868 3472 2974 3532 est,
2995 3464 3140 3519 Deus
3168 3476 3276 3518 non
3305 3470 3413 3527 est,
3436 3463 3481 3501 ιδ
3498 3478 3652 3518 sum-

1721 3591 1914 3656 Variaa
1960 3597 2273 3659 lectiones.

400 3715 423 3751 9
455 3715 519 3770 Id
553 3721 636 3770 est
667 3719 859 3772 omitt.
913 3718 1100 3772 Latin.
1134 3717 1180 3754 ιο
1206 3717 1672 3774 Przenuntiationis
1717 3717 1840 3773 alii.
1879 3718 1920 3754 ιι

2064 3717 2403 3774 :nuntiantem
2435 3717 2559 3773 alii.
2606 3715 2651 3754 12
2707 3717 2910 3771 Acrore
2988 3713 3206 3770 Semler
3254 3713 3374 3768 cod.
3422 3712 3648 3769 Pithcei.

340 3785 384 3825 ³³
412 3787 513 3843 Est
546 3788 683 3844 Jun.
704 3788 749 3825 ιιι
778 3787 837 3841 Id
860 3794 913 3843 et
941 3790 1073 3844 Jun.
1107 3790 1288 3846 Venet.
1315 3792 1438 3860 Reg.
1468 3790 1514 3827 15
1542 3789 1710 3845 Iidem
1731 3790 1966 3846 Semler.
2000 3789 2148 3845 idem
2180 3793 2346 3847 Fran.
2384 3789 2429 3828 ιθ
2458 3789 2525 3844 Et
2557 3790 2737 3848 inscr.
2772 3786 3010 3846 Semlcr.

1737 3913 2238 3978 Commentarius.

400 4037 526 4107 (15)
558 4039 710 4110 Duos
733 4038 996 4110 Ponticus
1019 4037 1152 4110 deos
1179 4039 1379 4109 affert.
1420 4037 1821 4110 Argumentum
1842 4038 1949 4092 hu-

331 4109 419 4176 jus
449 4109 659 4178 capitis
699 4107 785 4161 his
803 4109 985 4163 verbis
1015 4107 1221 4163 indicat
1244 4107 1431 4164 auctor
1463 4127 1476 4163 :
1505 4107 1578 4166 De
1600 4109 1812 4168 duobus
1841 4110 1950 4166 diis

338 4179 855 4250 Marcionis,rquod
886 4181 1154 4250 praecipue
1184 4187 1437 4235 tractatur
1461 4180 1545 4234 his
1573 4181 1748 4250 primo
1779 4189 1832 4235 et
1865 4195 1950 4234 se-

2058 4053 2221 4179 neE12111l
2225 4046 2472 4177 ξιῗίαὺαὶι
2501 4113 2557 4165 et
2582 4107 2887 4179 Cerdonem
2916 4108 3231 4177 quemdam.
3247 4104 3519 4179 Cerdonis
3547 4105 3656 4179 dis-

2057 4175 2272 4250 cipulus
2301 4178 2540 4250 Marcion
2570 4178 2816 4250 magistri
2845 4175 3151 4250 doctrinam
3195 4177 3370 4250 adhuc
3393 4175 3651 4250 adauxit,

333 4251 512 4345 eundo
572 4245 1022 4345 libris'Aadverst‘t‘s
1050 4245 1406 4310 Marcionem.
1456 4253 1534 4307 De
1559 4245 1667 4322 quo
1697 4250 1858 4305 etiam
1888 4252 1948 4306 B.
1987 4267 2032 4345 η
2069 4245 2252 4345 sicque
2302 4249 2524 4345 pessimi-
2546 4249 2789 4320 magistri
2837 4248 3075 4319 optimus
3129 4248 3231 4304 fuit
3274 4245 3574 4317 discipulus
3600 4256 3655 4304 et

329 4320 581 4376 Justinus
605 4321 848 4392 apoIOg.,
874 4323 941 4376 ΙΙ.
970 4323 1108 4378 Pan.

400 4395 525 4475 (16)
569 4395 857 4475 Tanquam
881 4393 1037 4475 ditas
1065 4394 1450 4475 symplegadas
1494 4393 1794 4475 nau[ragii
1831 4395 1946 4475 sui.

333 4463 746 4535 Symplegadas
773 4472 896 4518 sunt
937 4465 1044 4519 duo
1091 4463 1320 4533 scopuli,
1362 4481 1456 4520 seu
1502 4463 1674 4522 mavis
1703 4463 1862 4532 rupes
1889 4466 1943 4518 in

333 4533 481 4588 mari
503 4533 591 4587 ad’
610 4533 957 4606 Bosphorum
993 4535 1300 4592 Thracium.
1336 4536 1598 4592 Dicuntur
1642 4546 1805 4606 petrae
1835 4535 1946 4606 Cy-

332 4621 449 4660 neze
479 4606 560 4678 ab
589 4606 919 4678 Appollonio
949 4605 1163 4678 Rhod”,
1200 4607 1293 4660 lib.
1328 4623 1344 4661 ι
1375 4608 1580 4678 Argon.
1622 4605 1675 4662 et
1720 4605 1950 4676 Cyaneae

335 4677 740 4748 symplegades
770 4678 836 4732 ab
867 4677 1122 4748 Euripide
1152 4677 1206 4730 in
1241 4677 1556 4734 MedeaJLs
1586 4679 1682 4732 Pa.

403 4747 525 4828 (1⁵7)
560 4747 1447 4828 Pugs.huju§_prmsymptionis
1468 4751 1826 4828 instinctum.
1844 4747 1952 4828 .Sic

337 4817 621 4889 principio
666 4818 794 4891 libri
830 4817 897 4873 de
939 4817 1250 4891 Virginibus
1295 4821 1571 4875 velandis:
1608 4842 1632 4872 α
1671 4818 1950 4891 Proprium

337 4899 447 4945 tam
477 4889 776 4961 negotium
799 4905 992 4960 passus
1022 4889 1157 4946 meae
1188 4891 1480 4960 Opinionis.
1517 4911 1541 4945 ι
1568 4893 1694 4948 RIG.

411 4962 536 5031 (18)
578 4962 736 5018 Circa
766 4963 909 5018 mali
945 4963 1338 5033 qurestione-m,
1372 4963 1520 5021 unde
1562 4963 1804 5020 malum.
1839 4962 1955 5017 Hoc

338 5041 440 5099 est,
476 5034 806 5103 languentes
858 5033 998 5089 circa
1026 5033 1147 5087 mali
1177 5035 1554 5144 quaestionem.
1587 5034 1824 5104 Quaestio
1854 5049 1954 5089 au-

345 5113 453 5144 tpm
488 5103 587 5144 illa
619 5111 698 5144 ρςῒ
733 5121 745 5132 ο
781 5103 942 5144 Unda
973 5105 1168 5144 malum
1243 5106 1302 5144 In

345 5113 454 5157 tem
488 5103 591 5157 illa
619 5111 702 5157 est
733 5121 746 5156 :
781 5103 942 5159 Unde
973 5103 1216 5159 malum?
1243 5106 1324 5160 In.

413 5176 540 5244 (19)
575 5175 684 5244 Ego
713 5191 844 5247 sum
873 5181 967 5247 qui
990 5176 1163 5232 condo
1194 5177 1369 5232 mala.
1403 5177 1572 5233 Vatic.
1606 5178 1652 5231 II
1697 5193 1798 5230 ms.
1831 5175 1954 5232 cod.

345 5261 497 5319 creo,
531 5253 592 5319 et
620 5246 781 5319 paulo
807 5246 955 5319 post
981 5250 1270 5304 creantem
1320 5264 1416 5319 pro
1454 5247 1806 5306 condentem.
1850 5247 1959 5302 Sed

351 5315 494 5369 illud
541 5316 744 5389 legitur
772 5315 904 5371 alibi
934 5319 1001 5389 ab
1031 5332 1271 5383 auctore,
1303 5315 1409 5375 non
1439 5321 1615 5375 solum
1646 5319 1740 5374 lib.
1764 5319 1830 5376 de
1854 5322 1960 5375 Fu-

353 5405 418 5455 ga
459 5389 526 5442 in
547 5388 860 5458 persecu.t,.
893 5388 990 5442 sed
1021 5390 1183 5445 etiam
1223 5390 1322 5444 lib.
1355 5405 1394 5445 ιι
1421 5391 1544 5446 adv.
1581 5392 1746 5447 Marc.
1772 5393 1912 5446 Pan.

424 5459 552 5534 (20)
582 5461 769 5534 Totam
789 5459 1191 5534 ﬁdetmassom
1221 5461 1482 5534 lueretico
1509 5479 1671 5534 acore
1719 5462 1957 5534 decepit.

359 5527 610 5598 PrOprie,
643 5530 892 5602 decepit.
925 5531 1022 5589 Est
1041 5533 1190 5588 enim
1209 5533 1438 5604 perﬁdia
1465 5533 1712 5604 quaedam
1740 5535 1797 5589 in
1823 5527 1961 5590 aceti

2068 4322 2322 4378 imitator.
2347 4321 2422 4374 Le
2451 4321 2550 4375 Pa.

2129 4396 2236 4465 (22)
2269 4393 2328 4450 Si
2352 4395 2499 4465 forte
2525 4391 2747 4465 poetica
2762 4395 2816 4445 et
2840 4390 3088 4465 p‘ictoria
3119 4389 3654 4465 licentia.Qu_oniam

2055 4459 2315 4520 concessa
2345 4459 2538 4518 omnia
2555 4461 2808 4532 videntur
2837 4459 3131 4532 pictoribus
3149 4471 3309 4532 atque
3339 4459 3532 4532 poetis,
3567 4475 3658 4516 ea-

2053 4538 2174 4592 dem
2207 4534 2419 4591 licentia
2445 4532 2680 4588 Marcion
2716 4531 2796 4586 uti
2825 4532 2970 4586 velle
2991 4547 3050 4586 se
3081 4528 3366 4599 signiﬁcat,
3391 4539 3450 4584 ut
3471 4528 3657 4599 impie-

2054 4617 2215 4664 tatem
2236 4607 2290 4662 in
2321 4608 2488 4662 Deum
2519 4611 2732 4659 astruat.
2762 4603 2948 4672 Neque
2973 4602 3042 4656 de
3089 4599 3257 4656 nihilo
3302 4601 3390 4654 hic
3419 4599 3640 4672 pictum

2056 4678 2181 4735 facit
2237 4677 2602 4742 mentionem;
2658 4691 2803 4742 nam,
2864 4669 2926 4728 ut
2983 4671 3089 4726 alio
3148 4672 3264 4726 loco
3321 4669 3650 4742 monuimus,

2056 4749 2312 4822 Appelles
2331 4757 2384 4805 et
2412 4741 2785 4822 HermOgenus
2808 4743 3148 4822 professione
3163 4742 3395 4822 pictores
3415 4741 3655 4822 fuerunt,

2060 4813 2347 4893 antequam
2376 4821 2443 4876 ad
2465 4813 3114 4876 turbandam-Ecclesiam
3143 4814 3377 4870 animum
3417 4813 3657 4886 appelle-

2061 4902 2199 4950 rent.
2232 4895 2313 4950 In.

2158 4967 2450 5035 23),Deum
2480 4979 2765 5019 summum
2813 4977 2927 5035 esse
2973 4975 3270 5035 magnum.
3302 4957 3657 5035 PulchraDei

2062 5029 2324 5098 definitio,
2357 5039 2658 5107 quantum,
2690 5041 2748 5107 ut
2771 5030 2955 5107 verbis
2965 5029 3662 5107 auc—toris‘praecedentibus

2063 5114 2202 5172 utar,
2244 5128 2266 5156 ι
2300 5101 2535 5162 humana
2579 5104 2820 5160 conditio
2865 5103 2934 5158 de
2965 5105 3079 5173 Deo
3124 5101 3348 5158 deﬁnire
3395 5108 3591 5173 potest.
3628 5121 3654 5152 ι

2065 5178 2318 5234 Similiter
2344 5187 2522 5233 autem
2549 5175 2684 5232 dixit
2712 5175 2851 5230 infra
2878 5189 2998 5245 cap.
3033 5172 3095 5228 7:
3129 5173 3312 5245 «Hanc
3341 5172 3537 5244 nempe
3554 5173 3660 5245 _Dei

2064 5251 2418 5307 substantiam
2446 5248 2690 5303 invenies
2709 5248 2875 5304 solam
2899 5243 3156 5309 innatam,
3189 5243 3659 5308 infectam,’solam

2066 5332 2339 5386 aeternam,
2370 5330 2425 5375 et
2475 5319 2839 5375 universitatis
2895 5316 3266 5374 conditricem.
3313 5336 3336 5364 ι
3391 5315 3459 5370 Ει
3495 5330 3661 5383 supra

2069 5393 2164 5467 lib.
2196 5393 2268 5449 ad
2300 5395 2694 5467 Hermogenem
2713 5407 2834 5467 cap.
2866 5392 2932 5444 7:
2968 5409 2997 5440 α
3029 5389 3198 5467 Deum
3220 5394 3506 5466 aeternum,
3547 5389 3661 5440 sive

2067 5465 2329 5534 innatum,
2351 5460 2609 5534 omnibus
2635 5460 2894 5534 majorem
2925 5468 2978 5534 et
3018 5460 3405 5534 sublimiorem,
3437 5469 3536 5511 nec
3565 5471 3658 5510 na-

2070 5543 2183 5594 tum
2214 5526 2561 5603 nec'factum,
2585 5534 2701 5590 sine
2720 5526 2900 5598 initio,
2934 5531 3050 5585 sine
3069 5529 3196 5584 ﬁne.
3230 5546 3258 5578 an
3301 5526 3443 5581 Pu.
