4032 6152
285 243 384 305 277

1512 243 1640 303 LIB.
1680 244 1701 305 l
1737 242 1893 304 ΜΝ.
1932 243 2339 305 MARClONEM.

3467 242 3576 304 278

284 385 393 428 cum
422 376 610 426 autem
634 367 724 440 sit,
756 367 846 425 cui
873 366 1005 426 nihil
1053 368 1385 442 adaequetur.
1416 368 1532 425 lam
1561 385 1720 441 nunc,
1770 372 1880 429 duo
1910 388 1955 467 Α
1985 372 2109 445 quia
2135 387 2243 430 non
2274 379 2328 430 et
2370 372 2617 431 homines
2662 368 2789 428 licet
2835 369 2935 467 sub
2981 368 3171 426 eadem
3215 368 3573 467 appellatione

280 474 483 516 summa
513 472 730 529 magna,
761 458 871 514 duo
916 458 1087 531 paria,
1121 459 1207 515 cui
1250 459 1611 517 emolumento
1655 461 1881 533 deputa-
1910 458 1955 467 ”
1985 463 2382 521 diversissimos
2408 478 2555 532 esse,
2576 462 2671 519 sed
2699 462 2826 533 quia
2854 461 2995 517 Deus
3022 474 3132 517 non
3151 460 3254 518 erit
3280 460 3566 525 dicendus,

280 547 497 605 rentur?
525 547 658 618 quid
689 547 933 603 interfuit
982 548 1211 617 numeri,
1246 563 1369 605 cum
1415 548 1523 606 duo
1570 551 1721 623 paria
1768 566 1878 608 non

277 633 527 691 differant
554 633 708 690 uno?
734 635 850 692 Una
880 635 1023 692 enim
1054 652 1141 691 res
1169 647 1249 694 est
1275 652 1397 708 quae
1426 637 1614 695 eadem
1642 638 1698 694 in
1737 638 1877 697 duo-

276 726 370 780 bus
424 732 536 779 est.
595 723 823 779 Etiamsi
883 724 1035 795 plura
1089 734 1274 782 essent
1334 726 1502 799 paria,
1544 728 1875 786 tantumdem

276 813 448 867 omnia
478 827 649 868 unum
672 810 921 880 fuissent,
954 813 1104 869 nullo
1135 814 1183 852 39
1213 815 1351 873 inter
1378 832 1443 873 se
1468 817 1519 856 ³ο
1547 816 1872 885 differendo,

276 916 368 972 qua
413 900 591 971 paria.
653 900 847 967 Porro,
902 901 948 955 si
1013 910 1267 959 neutrum
1326 920 1392 959 ex
1438 904 1652 961 duobus
1701 906 1875 963 altero

272 989 441 1058 distat,
466 988 586 1057 jam
614 996 674 1043 ut
694 988 856 1045 ambo
884 1004 1093 1045 summa
1113 1007 1327 1065 magna,
1360 1009 1465 1065 qua
1494 994 1551 1033 ³⁸
1571 994 1661 1049 dei
1690 996 1873 1065 ambo,

267 1085 521 1133 neutrum
548 1077 671 1147 plus
717 1076 890 1133 altero
945 1088 1187 1151 praestat,
1232 1081 1437 1138 nullam
1482 1080 1742 1138 rationem
1773 1100 1873 1140 nu-

266 1165 393 1222 meri
422 1165 516 1222 sui
546 1165 863 1231 ostendunt,
905 1169 1266 1237 praestantiam
1292 1184 1399 1227 non
1446 1171 1725 1227 habentes.
1758 1173 1874 1228 Nu-

264 1269 444 1309 merus
461 1262 647 1309 autem
667 1253 964 1312 divinitatis
985 1257 1416 1314 summaratione
1441 1268 1691 1316 constare
1712 1261 1873 1318 debe-

265 1350 359 1407 ret,
406 1343 493 1399 vel
514 1341 772 1413 quoniam
804 1350 858 1400 et
887 1344 1099 1401 cultura
1130 1348 1248 1416 ejus
1277 1348 1331 1403 in
1352 1363 1551 1421 anceps
1569 1350 1872 1408 deducere-

263 1440 361 1488 tur.
393 1432 540 1487 Ecce
568 1431 739 1496 enim,
768 1433 909 1489 duos
935 1434 1153 1491 intuens
1180 1436 1316 1493 deos
1346 1446 1454 1492 tam
1504 1454 1662 1509 pares
1707 1456 1869 1513 quam

262 1520 366 1576 duo
395 1536 618 1577 summa
646 1536 859 1593 magna,
891 1523 1019 1595 quid
1050 1522 1283 1580 facerem
1303 1526 1331 1581 ‘I
1354 1526 1399 1581 si
1419 1527 1607 1585 ambos
1631 1528 1868 1587 colorem

260 1626 474 1665 vererer
504 1626 595 1674 ne,
623 1610 951 1668 abundantia
971 1611 1483 1686 ofﬁcii,superstitio
1507 1617 1684 1686 potius
1708 1635 1867 1689 quam

1984 554 2111 625 quia
2154 568 2253 610 nec
2299 552 2624 616 credendus,
2658 550 2756 605 nisi
2804 564 3069 604 summum
3114 564 3387 620 magnum.
3437 550 3570 606 Cum

1985 658 2115 716 ergo
2155 658 2423 699 summum
2478 656 2729 715 magnum
2776 648 3001 711 cogatur
3050 651 3349 710 agnoscere
3409 655 3567 711 quem

1984 736 2153 791 Deum
2210 747 2317 788 non
2373 738 2554 803 negat,
2596 744 2702 785 non
2759 735 2936 799 potest
2990 724 3199 782 admitti
3234 733 3293 783 ut
3358 742 3571 783 summo

1984 836 2182 896 magno
2234 820 2471 892 aliquam
2527 818 2761 874 ascribat
2816 815 3247 883 diminutionem,
3301 829 3406 886 qua
3442 816 3573 870 sub-

1979 911 2197 982 jiciatur
2213 910 2300 966 alii
2323 922 2537 965 summo
2562 922 2761 979 magno
2787 922 2798 962 :
2832 904 3029 962 desinit
3046 904 3213 972 enim,
3239 903 3281 959 si
3313 904 3571 975 subjicia-

1984 1010 2085 1056 tur.
2122 1001 2241 1057 Non
2289 1006 2371 1053 est
2400 1005 2580 1053 autem
2628 995 2725 1051 Dei
2766 994 3023 1051 desinere
3070 993 3140 1049 de
3178 998 3320 1047 statu
3363 1006 3485 1062 suo,
3516 993 3569 1047 id

1982 1098 2063 1147 est
2098 1109 2112 1144 :
2143 1090 2213 1145 de
2270 1102 2483 1145 summo
2509 1100 2720 1159 magno.
2753 1085 2889 1140 Nam
2936 1090 2990 1141 et
3017 1084 3073 1139 in
3100 1082 3192 1140 illo
3230 1082 3335 1139 deo
3362 1082 3570 1153 potiore

1980 1178 2266 1252 periclitari
2323 1176 2523 1246 poterit
2560 1190 2825 1231 summum
2882 1188 3152 1246 magnum,
3185 1172 3230 1227 si
3287 1171 3569 1243 depretiari

1980 1270 2122 1340 capit
2151 1271 2204 1324 in
2232 1267 2483 1323 Creatore
2509 1266 2641 1336 (27).
2676 1265 2775 1333 Ita,
2806 1278 2926 1319 cum
2967 1262 3076 1317 duo
3104 1261 3183 1317 dii
3213 1261 3568 1333 pronuntian-

1978 1368 2065 1415 tur
2102 1358 2209 1413 rluo
2237 1371 2448 1413 summa
2512 1366 2727 1423 magna,
2759 1366 2982 1407 necesse
3011 1357 3093 1405 est
3123 1358 3377 1407 neutrum
3406 1350 3570 1405 altero

1976 1453 2067 1501 aut
2097 1444 2276 1512 majus
2313 1442 2382 1499 sit
2409 1450 2501 1498 aut
2557 1439 2752 1505 minus,
2788 1446 3038 1493 neutrum
3067 1437 3234 1492 altero
3266 1444 3356 1491 aut
3393 1437 3567 1492 subli-

1979 1534 2119 1589 mius
2160 1539 2251 1587 aut
2303 1530 2587 1600 dejectius.
2642 1530 2793 1597 Nega
2840 1527 3022 1591 deum,
3090 1540 3251 1596 quem
3290 1524 3426 1580 dicis
3477 1526 3568 1579 de-

1983 1622 2230 1679 teriorem
2280 1634 2461 1691 :nega
2516 1632 2786 1671 summum
2841 1629 3117 1686 magnum,
3176 1627 3335 1685 quem
3393 1612 3569 1668 credis

262 1699 456 1773 religio
484 1698 927 1768 existimaretur;
956 1700 1080 1772 quia
1109 1704 1246 1761 duos
1289 1712 1391 1759 tam
1424 1720 1604 1776 pares,
1634 1714 1685 1762 et
1713 1707 1767 1762 in
1798 1709 1873 1763 al-
1908 1672 1953 1749 B
1982 1712 2269 1769 minorem.
2336 1708 2503 1762 Deum
2568 1719 2697 1762 vero
2765 1702 3063 1769 confessus,
3102 1709 3393 1773 utrumque
3456 1702 3567 1757 duo

262 1797 369 1844 tero
401 1789 620 1853 ambos,
652 1804 869 1859 possem
895 1788 953 1845 in
976 1805 1086 1847 uno
1106 1790 1406 1849 demereri:
1440 1793 1544 1853 hoc
1566 1795 1744 1864 ipsum
1765 1804 1871 1853 tes-

262 1878 492 1934 timonio
524 1877 575 1916 ³³
594 1887 857 1948 praestans
886 1878 1144 1951 parilitati
1169 1889 1221 1936 et
1248 1881 1437 1938 unitati
1486 1898 1695 1949 eorum,
1740 1885 1868 1941 dum

260 1968 491 2022 alterum
522 1966 579 2021 in
609 1967 779 2022 altero
807 1982 1120 2038 venerarer,
1171 1968 1300 2024 dum
1345 1970 1402 2025 in
1449 1986 1558 2027 uno
1587 1970 1717 2027 mihi
1765 1973 1874 2030 duo

264 2065 406 2113 sunt.
450 2055 510 2111 Si
541 2055 774 2110 alterum
801 2056 1063 2122 colerem,
1084 2073 1241 2128 aeque
1272 2059 1650 2133 recogitarem,
1676 2076 1743 2115 ne
1761 2062 1875 2118 suf-

263 2143 489 2199 fundere
543 2142 758 2199 viderer
799 2144 1009 2200 numeri
1036 2146 1342 2212 vanitatem,
1390 2148 1514 2203 sine
1568 2148 1873 2205 differentia

264 2232 623 2301 supervacui;
659 2233 763 2287 hoc
790 2240 892 2298 est,
929 2232 1095 2288 tutius
1122 2248 1402 2291 censerem
1425 2243 1677 2291 neutrum
1693 2238 1872 2292 colen-

264 2321 407 2389 dum,
448 2337 617 2391 quam
677 2321 903 2377 alterum
949 2338 1075 2379 cum
1123 2325 1387 2395 scrupulo
1428 2326 1732 2394 colendum,
1779 2338 1873 2385 aut

264 2412 444 2467 ambos
463 2426 629 2467 vane.

873 2553 1097 2610 CAPUT
1130 2555 1215 2611 VI.

330 2679 415 2734 Sic
438 2678 623 2733 adhuc
655 2676 901 2734 videmur
946 2678 1247 2748 disputare,
1276 2680 1430 2751 quasi
1468 2682 1703 2738 Marcion
1734 2684 1873 2740 duos

272 2783 414 2835 pares
439 2768 759 2824 constituat.
791 2768 923 2821 Nam
974 2766 1105 2823 dum
1142 2768 1481 2826 defendimus
1510 2772 1681 2827 Deum
1709 2789 1868 2829 sum-

274 2874 407 2913 mum
453 2874 714 2930 magnum
765 2858 986 2914 unicum
1033 2858 1180 2914 credi
1219 2869 1489 2931 Oportere,
1522 2862 1867 2920 excludentes

1982 1816 2193 1858 summa
2246 1812 2445 1871 magna
2496 1794 2777 1852 confessus
2829 1808 2908 1848 es.
2946 1791 3091 1846 Nihil
3128 1790 3284 1845 alteri
3336 1789 3561 1854 adimes,

1981 1897 2073 1945 aut
2102 1887 2250 1943 alteri
2296 1885 2587 1943 adscribes.
2617 1882 2933 1955 Agnoscens
2961 1879 3318 1949 divinitatem,
3359 1879 3569 1953 negasti

1981 1973 2366 2042 diversitatem.

2585 2111 2809 2168 CAPUT
2849 2110 2964 2167 VII.

2051 2239 2308 2296 Tentabis
2360 2239 2427 2294 ad
2481 2239 2597 2293 haec
2636 2238 2705 2293 de
2762 2236 2976 2293 nomine
3032 2232 3129 2291 Dei
3196 2240 3482 2290 concutere
3521 2234 3571 2272 33

1981 2337 2345 2396 retractatum,
2390 2335 2449 2383 ut
2503 2328 2739 2399 passivo,
2771 2336 2823 2383 et
2872 2327 2925 2381 in
2982 2324 3115 2381 alios
3168 2338 3384 2396 quoque
3440 2338 3570 2394 per-

1980 2419 2148 2475 misso
2198 2420 2332 2488 (28),
2392 2417 2519 2489 quia
2576 2417 2838 2489 scriptum
2890 2415 2959 2471 sit
3022 2416 3191 2487 (Psal.
3247 2427 3420 2478 Lxxu,
3466 2412 3566 2481 1):

1981 2512 2122 2565 Deus
2169 2509 2400 2563 deorum
2431 2508 2591 2564 stetit
2624 2508 2688 2563 in
2717 2506 2953 2563 ecclesia
3004 2505 3271 2571 deorum;
3301 2506 3363 2560 in
3390 2503 3571 2560 medio

1979 2604 2167 2656 autem
2197 2599 2324 2656 deos
2352 2598 2686 2667 dijudicabit
2715 2597 2783 2649 ³⁵.
2819 2596 2885 2649 Et
2916 2593 3073 2665 (Ibid.
3113 2596 3167 2663 6)
3201 2611 3215 2651 :
3252 2596 3356 2664 Ego
3395 2593 3521 2649 dixi
3551 2612 3569 2648 :

1992 2691 2083 2747 Vos
2139 2688 2221 2744 dii
2253 2690 2419 2757 estis;
2449 2702 2548 2742 nec
2593 2694 2771 2741 tamen
2799 2682 3002 2739 idcirco
3032 2682 3112 2737 eis
3139 2688 3406 2751 competat
3439 2698 3573 2754 pos-

1982 2778 2152 2833 sessio
2182 2778 2379 2832 summi
2435 2774 2636 2847 magni,
2668 2772 2794 2846 quia
2852 2772 2942 2829 dei
2990 2773 3461 2845 cognomincntur,
3495 2772 3568 2827 ita

1977 2883 2080 2923 nec
2106 2867 2371 2923 Creatori.
2427 2864 2790 2937 Respondebo
2837 2873 2890 2920 et
2943 2864 3125 2933 stulto,
3158 2864 3247 2934 qui
3309 2877 3412 2918 nec
3467 2862 3570 2917 hoc

280 2946 343 2998 ab
384 2961 445 3001 eo
492 2947 841 3017 parilitatem,
884 2955 1131 3017 tanquam
1179 2946 1247 3004 de
1292 2948 1507 3004 duobus
1546 2951 1764 3020 paribus
1807 2951 1874 3008 de
1904 2956 1947 3034 ε
1976 2955 2376 3028 recogitaverit,
2409 2970 2479 3009 ne
2537 2952 2866 3008 tantumdem
2894 2960 2947 3008 et
2974 2952 3029 3006 in
3086 2951 3247 3008 deum
3276 2949 3567 3006 Marcionis

289 3034 373 3089 bis
430 3036 820 3092 retractavimus
867 3057 879 3094 :
943 3035 1294 3092 nihilominus
1344 3044 1559 3106 tamen,
1615 3039 1863 3095 docendo

293 3137 441 3191 pares
464 3140 580 3179 esse
616 3140 709 3180 non
737 3140 901 3195 posse
932 3124 1233 3181 secundum
1262 3126 1463 3184 summi
1513 3127 1694 3199 magni
1743 3127 1864 3183 for-

284 3227 442 3277 mam,
502 3213 633 3269 satis
677 3212 1115 3270 conﬁrmavimus
1168 3215 1305 3272 duos
1351 3230 1476 3272 esse
1523 3232 1631 3273 non
1682 3233 1865 3289 posse.

274 3300 514 3373 Alioquin
551 3302 689 3358 certi
735 3302 1057 3359 Marcionem
1103 3304 1345 3374 dispares
1388 3304 1522 3361 deos
1568 3306 1865 3363 constitue-

272 3405 343 3453 re,
371 3393 597 3446 alterum
624 3390 885 3460 judicem,
939 3389 1109 3448 258
1143 3392 1341 3462 ferum,
1392 3394 1519 3449 belli
1560 3403 1860 3467 potentem;

266 3479 479 3547 alterum
526 3480 741 3548 mitem,
791 3479 1083 3551 placidum,
1137 3490 1192 3537 et
1242 3484 1612 3540 tantummodo
1660 3486 1862 3541 bonum

267 3577 415 3637 atque
436 3570 752 3642 Optimum;
791 3569 1144 3640 dispiciamus
1172 3588 1327 3642 aeque
1354 3581 1407 3627 et
1454 3574 1589 3627 hanc
1637 3581 1866 3646 partem,

264 3672 321 3709 an
349 3658 647 3714 diversitas
684 3656 869 3714 saltem
901 3658 951 3697 ³³
978 3658 1117 3714 duos
1165 3660 1362 3731 capiat,
1392 3662 1437 3716 si
1487 3660 1728 3731 parilitas
1771 3680 1865 3719 ca-

264 3762 379 3814 pere
407 3763 520 3803 non
556 3746 757 3818 potuit.
805 3748 999 3802 Porrro
1034 3755 1083 3803 et
1114 3748 1199 3803 hic
1238 3749 1425 3806 eadem
1455 3752 1643 3822 regula
1670 3754 1868 3808 summi

266 3838 433 3907 magni
464 3835 905 3907 patrocinabitur
936 3837 1089 3893 nobis
1142 3842 1327 3907 utpote
1363 3855 1484 3910 quae
1529 3847 1702 3895 totum
1752 3852 1863 3898 sta-

262 3933 362 3978 tum
386 3923 967 3980 vindicetdivinitatis.
997 3924 1337 3983 Conveniens
1359 3926 1501 3981 enim
1523 3938 1576 3984 et
1598 3931 1866 4002 quodam-

263 4016 411 4069 modo
438 4015 656 4084 injecta
685 4028 847 4067 manu
884 4014 1129 4070 detinens
1162 4016 1453 4072 adversarii
1484 4033 1704 4075 sensum
1753 4036 1863 4074 non

261 4104 500 4174 negantis
532 4101 849 4157 Creatorem
877 4103 1067 4173 Deum,
1097 4104 1401 4173 justissime
1450 4108 1741 4178 praescribo
1786 4109 1863 4163 illi

257 4190 560 4247 diversitati
616 4190 795 4245 locum
851 4205 959 4245 non
1004 4206 1124 4248 esse
1160 4193 1299 4249 inter
1334 4209 1428 4250 eos
1473 4195 1567 4265 qui
1605 4210 1670 4251 ex
1708 4212 1861 4269 sequo

256 4276 380 4333 deos
434 4277 757 4347 confessus,
818 4293 929 4335 non
983 4289 1154 4352 potest
1184 4281 1359 4339 facere
1402 4282 1648 4341 diversos
1697 4304 1710 4338 :
1754 4300 1863 4340 non

1976 3044 2149 3114 possit
2198 3042 2495 3115 retorqueri
2550 3050 2609 3096 ut
2638 3050 2690 3096 et
2718 3040 2863 3094 illum
2894 3042 3075 3108 deum,
3109 3056 3205 3097 nec
3234 3039 3357 3095 ideo
3388 3048 3567 3095 tamen

1972 3148 2245 3188 summum
2303 3144 2559 3202 magnum
2613 3128 2920 3198 probatum,
2948 3127 3085 3182 sicut
3124 3144 3225 3183 nec
3264 3127 3446 3200 angeli
3475 3136 3565 3181 aut

1974 3220 2220 3277 homines
2274 3216 2560 3274 Creatoris.
2594 3217 2653 3273 Si
2700 3215 3012 3271 communio
3068 3216 3344 3271 hominum
3375 3214 3566 3271 condi-

1975 3309 2215 3365 tionibus
2261 3304 2594 3378 praejudicat,
2654 3304 2839 3377 quanti
2897 3319 3126 3376 nequam
3189 3303 3330 3359 servi
3370 3319 3561 3375 regum

1975 3398 2284 3454 nominibus
2335 3396 2613 3465 insultant,
2656 3394 2967 3464 Alexandri,
3000 3402 3054 3449 et
3109 3393 3279 3459 Darii,
3310 3402 3365 3450 et
3391 3394 3563 3449 Holo-

1976 3487 2147 3542 fernis
2171 3484 2322 3557 (29)?
2353 3500 2453 3542 nec
2481 3491 2659 3539 tamen
2689 3482 2814 3538 ideo
2853 3482 3091 3555 regibus,
3124 3482 3179 3537 id
3210 3481 3379 3539 954
3418 3483 3563 3554 quod

1973 3584 2100 3631 sunt
2153 3576 2475 3631 detrahetur.
2533 3574 2667 3628 Nam
2725 3582 2777 3628 et
2832 3573 2947 3644 ipsa
3002 3571 3143 3628 idola
3180 3571 3420 3645 gentium
3475 3571 3567 3628 dei

1973 3663 2171 3736 vulgo;
2206 3662 2303 3718 sed
2356 3662 2491 3717 deus
2520 3676 2677 3717 nemo
2732 3676 2795 3717 ea
2826 3677 2883 3716 re
2910 3676 3016 3733 qua
3044 3660 3182 3716 deus
3238 3661 3451 3716 dicitur.
3482 3662 3565 3715 Ita

1972 3768 2076 3826 ego
2105 3768 2213 3809 non
2262 3750 2466 3809 nomini
2510 3750 2630 3819 Dei,
2662 3766 2763 3807 nec
2807 3765 2964 3816 sono,
2996 3765 3093 3805 nec
3144 3758 3287 3806 notae
3333 3749 3565 3806 nominis

1972 3844 2157 3911 hujus,
2217 3857 2487 3897 summum
2547 3855 2802 3911 magnum
2868 3841 2922 3894 in
2989 3838 3241 3897 Creatore
3306 3839 3559 3904 defendo,

1974 3931 2073 3987 sed
2103 3930 2205 4002 ipsi
2237 3928 2571 3995 substantiae,
2604 3928 2691 3983 cui
2732 3943 2929 3983 nomen
2958 3928 3062 3983 hoc
3092 3928 3376 4000 contingit.
3416 3929 3565 3984 Hauc

1974 4018 2253 4075 inveniens
2282 4018 2453 4072 solam
2510 4016 2771 4085 innatam,
2802 4015 3073 4088 infectam,
3104 4019 3274 4074 solam
3306 4028 3563 4073 aeternam

1974 4116 2029 4162 et
2103 4105 2467 4161 universitatis
2538 4106 2922 4172 conditricem;
2993 4120 3101 4161 non
3172 4106 3398 4173 nomini,
3466 4108 3562 4161 sed

1971 4195 2151 4261 statui,
2185 4209 2285 4248 nec
2339 4194 2701 4265 appellationi,
2743 4195 2839 4249 sed
2896 4193 3190 4249 conditioni
3247 4194 3365 4262 ejus
3404 4209 3562 4248 sum-

1972 4239 2151 4261 ...-....,
2187 4239 2285 4248 ..--
2340 4239 2701 4265 Ἵππη-.-πη
2743 4239 2839 4249 ην..
2898 4239 3190 4249 --..-.-.-..-
3249 4239 3364 4262 ηπ
3404 4239 3522 4248 --.η

1896 4239 1944 4316 D
1971 4300 2121 4342 mum
2169 4298 2425 4357 maguum
2453 4291 2506 4337 et
2556 4282 2803 4337 adscribo
2836 4292 2891 4339 et
2920 4282 3156 4342 vindico.
3189 4284 3256 4339 Et
3286 4282 3409 4340 ideo
3437 4285 3566 4355 quia

1641 4408 1834 4471 Variae
1878 4413 2187 4472 lectiones.

317 4526 585 4605 aﬂulla
616 4527 827 4605 conjic.
856 4528 1041 4605 Seml.‘
1068 4529 1127 4605 ³οῨ
1147 4529 1195 4605 ᾼ
1225 4547 1284 4585 se
1312 4534 1496 4590 Paris.
1526 4532 1573 4572 31
1602 4531 1735 4602 Quae
1764 4534 1891 4589 alii.
1923 4533 1971 4571 ³³
1999 4537 2163 4592 Forte
2194 4530 2554 4589 testimonium
2584 4532 2720 4589 Edd.
2752 4531 2801 4571 33
2830 4536 2952 4605 Leg.
2986 4533 3197 4590 saltem.
3228 4535 3279 4574 ³4
3322 4536 3564 4591 Conver-

254 4609 360 4655 tere
376 4603 635 4670 Franeq.
667 4599 717 4637 ³⁵
745 4599 1068 4669 Dijudicavit
1103 4602 1277 4660 Rhea.

1664 4727 2157 4815 Commentaries.

323 4829 441 4903 (27)
491 4831 561 4887 Si
605 4829 917 4903 depretiari
962 4834 1120 4903 capit
1164 4838 1437 4903 creatore,
1494 4835 1583 4889 Sic
1626 4836 1879 4902 verbum,

258 4902 430 4986 capit,
470 4913 717 4986 usurpat
773 4902 993 4986 saepius,
1034 4902 1190 4986 sicut
1243 4902 1431 4986 Graeci
1459 4906 1729 4986 éVSéXcrei.
1780 4907 1881 4986 Hic

260 4977 462 5043 tantum
494 4972 667 5043 valet,
695 4987 757 5026 ac
798 4973 841 5024 si
871 4973 1057 5031 dicas:
1092 4974 1147 5028 Si
1178 4975 1517 5040 conceditur,
1542 4972 1798 5043 si'datur,
1821 4984 1879 5030 ut

259 5039 481 5120 Creator
524 5042 885 5120 depretietur.
939 5043 1030 5099 Sic
1068 5046 1165 5099 lib.
1206 5046 1295 5102 ll:
1334 5068 1359 5095 α
1394 5039 1531 5115 Quia
1576 5047 1618 5101 si
1660 5039 1880 5120 caperet

261 5109 355 5165 hoc
376 5115 531 5179 jure.
574 5134 599 5161 ι
631 5113 815 5168 ΒΗΕΝ.

324 5186 446 5250 (28)
484 5186 560 5261 υς
584 5186 806 5261 passage
849 5190 904 5241 et
937 5187 999 5241 in
1029 5186 1172 5243 alio:
1220 5204 1439 5260 quoque
1458 5190 1754 5261 permisso.
1779 5189 1876 5244 Hic

267 5263 444 5319 aperte
467 5256 718 5329 seipsurm
751 5256 1155 5329 interpretatur,
1187 5256 1482 5315 ostendens
1509 5260 1638 5329 quid
1676 5261 1876 5314 intelli-

268 5333 353 5392 gat
382 5342 482 5394 per
506 5328 826 5401 passivum,
853 5342 977 5401 cum
1005 5328 1152 5395 dicit,
1184 5334 1241 5401 ei
1270 5332 1388 5401 (pro
1419 5330 1477 5385 id
1506 5328 1612 5401 est)
1652 5333 1713 5387 in
1733 5332 1873 5389 alios

268 5410 480 5473 quoque
559 5400 853 5468 permisso.
882 5400 1041 5473 _Nem
1102 5400 1375 5473 passivum
1443 5400 1521 5473 illi
1584 5400 1873 5458 commune

267 5464 658 5546 signiﬁcatio}
722 5464 1119 5546 promiscuum;
1175 5474 1243 5546 ab
1281 5472 1563 5546 adverbio
1632 5476 1869 5546 passim.

270 5534 441 5605 supra
471 5538 614 5593 dixit
631 5539 685 5594 in
716 5534 823 5597 ﬁne
861 5540 925 5598 de
950 5534 1124 5601 carne
1156 5542 1367 5601 Christi
1397 5561 1412 5597 :
1444 5534 1871 5602 Alium'caeteris

2028 4833 2281 4899 assivum,
2316 4832 2635 4907 ignobilem,
2664 4836 2762 4891 hoc
2798 4843 2886 4907 est
2914 4835 3213 4907 vulgarem,
3246 4836 3561 4892 obscurum.

2028 4850 2281 4899 assrvum,
2316 4850 2626 4905 ignoniiem,
2664 4850 2762 4891 noc
2805 4850 2886 4889 est
2914 4850 3213 4907 vulgarem,
3246 4850 3561 4892 Obscurum.

1986 4850 2171 4960 anan.
2214 4934 2284 4943 --
2325 4907 2387 4979 lu
2441 4906 3001 4979 conciliishafricanis
3058 4908 3278 4979 passiva
3335 4922 3568 4979 corpora

1988 4985 2282 5049 martyrum
2339 4977 2671 5042 dicebantur,
2704 4976 2756 5030 id
2804 4988 2904 5044 est,
2964 4976 3295 5049 promiscua,
3327 4976 3563 5047 τυχόντα.

1985 5048 2158 5103 SsuL.

2054 5121 2171 5193 (29)
2202 5119 2516 5193 Alexandri
2544 5125 2600 5175 et
2643 5122 2798 5178 Darii
2850 5126 2907 5177 et
2956 5121 3296 5193 Helo/emis.
3357 5123 3415 5177 In
3444 5124 3565 5179 cod.

1982 5190 2173 5246 Pithoei
2206 5191 2425 5271 legitur,
2458 5195 2513 5246 et
2542 5193 2836 5271 Olofernae,
2872 5200 2927 5271 ut
2953 5192 3068 5271 haec
3092 5190 3207 5271 'sint
3244 5196 3307 5271 in
3329 5195 3569 5271 secundo

1981 5277 2106 5318 casu
2136 5265 2352 5334 nomina
2372 5279 2643 5318 servorum
2673 5265 3001 5332 Alexandri,
3027 5267 3212 5329 Darii,
3245 5265 3519 5334 Olofernae
3550 5284 3567 5318 :

1982 5349 2105 5397 quae
2135 5333 2401 5403 scriptura
2456 5334 2770 5390 Tertulliani
2801 5351 2921 5391 esse
2971 5336 3201 5403 videtur,
3252 5333 3395 5388 Dixit
3438 5337 3566 5391 Olo-

1980 5408 2179 5473 fernae,
2238 5406 2690 5477 quemadmodum
2754 5408 2985 5478 Cynopw
3041 5414 3095 5460 et
3123 5409 3480 5477 Syrenarum,
3516 5405 3568 5458 in

1988 5478 2215 5549 Apolog.
2251 5479 2373 5532 RIG.
