4002 6118
365 243 471 302 279

1077 238 1518 302 TERTULLIANI
1556 240 1821 303 OPERUM
1852 240 2024 303 PARS
2054 243 2119 305 Π.
2162 271 2231 288 —-
2268 242 2500 304 SERIES
2527 243 2571 313 Ι,
2604 245 2949 307 POLEMICA.

3540 244 3653 306 280

365 369 516 424 deus’
534 370 643 437 jam
708 364 890 421 vocari
927 364 1160 422 obtinuit
1214 368 1511 424 substantia
1559 367 1645 424 cui
1687 368 1955 435 adscribo,
1985 384 2032 463 Α
2060 369 2287 445 gloriam
2333 370 2446 442 (31)
2505 372 2854 443 vapulabunt.
2923 362 3137 431 Novum
3193 373 3357 446 igitur
3423 373 3653 431 audiens

368 456 569 514 nomini
600 472 686 512 me
734 455 1046 512 adscribere
1098 463 1289 527 putas;
1337 458 1463 530 quia
1490 473 1711 514 necesse
1740 466 1823 514 est
1859 474 1955 529 per
1985 455 2032 463 "
2058 460 2217 515 deum
2247 458 2302 514 in
2355 458 2525 517 255
2574 468 2757 518 vetere
2788 461 2988 517 mundo
3032 470 3086 518 et
3122 462 3177 517 in
3205 471 3388 519 vetere
3433 476 3573 529 aevo,
3601 471 3656 519 et

365 561 565 601 nomen
623 545 897 600 ostendam
963 545 1048 602 cui
1077 547 1378 603 adscribam
1406 548 1759 616 substantiae;
1803 548 1955 604 scili-

367 646 453 694 cet
506 652 613 707 qua
665 641 875 691 constat
926 637 1018 706 qui
1082 636 1229 691 Deus
1284 636 1500 704 dicitur,
1559 645 1615 692 et
1682 654 1954 693 summum

368 740 626 797 magnum
681 740 746 780 ex
772 723 1097 790 substantia,
1130 740 1237 781 non
1276 741 1341 780 ex
1372 724 1588 781 nomine
1643 726 1954 797 deputatur.

368 812 609 884 Denique
636 813 739 868 hoc
794 821 849 867 et
878 811 1116 868 Marcion
1145 829 1244 869 suo
1301 814 1403 871 deo
1448 813 1727 870 vindicans
1766 830 1958 870 secun-

368 903 497 958 dum
542 909 765 970 statum,
812 914 923 959 nOn
968 903 1269 959 secundum
1325 904 1646 960 vocabulum
1702 904 1956 962 vindicat.

365 994 429 1050 Id
459 1006 592 1067 ergo
620 1007 886 1047 summum
915 1008 1173 1065 magnum
1193 994 1336 1065 quod
1364 994 1479 1051 Deo
1511 994 1867 1051 adscribimus
1894 1009 1960 1049 ex

372 1081 683 1138 substantia
728 1082 867 1154 lege,
901 1096 1009 1137 non
1075 1098 1140 1138 ex
1188 1082 1425 1139 nominis
1472 1091 1638 1149 sorte,
1671 1083 1958 1141 contendi-

372 1188 490 1229 mus
513 1188 581 1228 ex
610 1171 727 1241 pari
779 1188 897 1226 esse
929 1172 1123 1228 debere
1175 1172 1228 1226 in
1275 1173 1508 1237 duobus,
1550 1173 1645 1243 qui
1683 1188 1745 1227 ea
1805 1172 1961 1228 subs-

370 1262 533 1317 tantia
578 1268 823 1317 constant
850 1278 953 1332 qua
1008 1264 1152 1317 Deus
1181 1261 1413 1318 dicitur:
1446 1261 1571 1332 quia
1609 1261 1662 1315 in
1701 1271 1960 1334 quantum

372 1352 446 1407 dii
509 1358 787 1418 vocantur,
847 1351 900 1406 id
966 1358 1049 1406 est
1099 1367 1310 1406 summa
1359 1367 1579 1423 magna,
1650 1351 1961 1407 substantiae

373 1438 580 1495 scilicet
645 1440 837 1494 merito
914 1439 1110 1494 innatae
1165 1448 1219 1494 et
1292 1446 1528 1505 mternte,
1588 1456 1651 1496 ac
1705 1455 1803 1510 per
1857 1441 1963 1496 hoc

371 1544 584 1602 magnae
612 1528 661 1568 3‘5
690 1537 1009 1599 etsummm,
1042 1530 1096 1584 in
1128 1538 1334 1587 tantum
1366 1546 1473 1587 non
1507 1532 1673 1601 possit
1693 1547 1963 1588 summum

369 1634 623 1693 magnum
680 1617 861 1675 minus
917 1626 971 1675 et
1023 1618 1261 1675 deterius
1315 1620 1420 1673 alio
1478 1634 1689 1675 summo
1761 1634 1957 1693 magno

2059 548 2160 625 sub
2213 556 2393 605 vetere
2442 551 2553 606 Deo
2609 550 2877 622 ignotum,
2927 552 3245 617 inauditum,
3279 567 3438 623 quem
3488 554 3653 611 tantis

2066 643 2206 693 retro
2251 637 2465 694 saeculis
2500 639 2793 708 neminem,
2837 651 2890 697 et
2932 642 3048 713 ipsa
3078 643 3123 680 37
3155 641 3460 713 ignorantia
3506 643 3654 699 anti-

2067 743 2258 798 quum,
2300 728 2518 799 quidam
2545 730 2702 786 Jesus
2731 730 2972 787 Christus
2992 731 3060 799 33,
3095 740 3147 785 et
3176 731 3267 786 ille
3296 730 3352 786 in
3381 732 3654 789 veteribus

2067 815 2375 872 nominibus
2428 833 2597 873 novus
2653 819 2989 887 revelaverit,
3048 834 3148 875 nec
3197 818 3333 873 alius
3389 821 3651 885 antehac;

2067 905 2267 977 gratias
2297 921 2398 979 ago
2427 907 2551 962 huic
2598 908 2784 980 gloriae
2836 923 3042 973 eorum,
3098 908 3330 963 maximo
3383 908 3654 977 adjutorio

2069 995 2187 1063 ejus
2233 993 2357 1050 hinc
2398 995 2511 1065 jam
2562 996 2809 1052 haeresim
2857 997 3198 1067 probaturus,
3245 1010 3400 1052 novae
3447 996 3659 1052 scilicet

2070 1082 2364 1140 divinitatis
2418 1084 2833 1155 professionem.
2894 1087 3016 1141 Haec
3068 1086 3168 1142 erit
3240 1085 3478 1150 novitas,
3533 1101 3687 1157 quae

2070 1174 2228 1229 etiam
2266 1172 2494 1230 ethnicis
2535 1175 2668 1230 deos
2703 1176 2926 1246 peperit,
2970 1190 3109 1233 novo
3156 1190 3371 1247 semper
3415 1191 3478 1230 ac
3516 1191 3662 1233 novo

2073 1263 2223 1319 titulo
2279 1264 2699 1319 consecrationis
2763 1264 3045 1337 cujusque.
3102 1263 3233 1334 Quis
3288 1265 3421 1320 deus
3464 1280 3660 1333 novus,

2071 1352 2173 1406 nisi
2210 1349 2424 1407 falsus?
2451 1352 2532 1408 Ne
2558 1353 2844 1408 Saturnum
2892 1354 3110 1425 quidem
3147 1355 3257 1423 (32)
3308 1359 3451 1409 tanta
3497 1352 3663 1410 hodie

2070 1440 2355 1512 antiquitas
2409 1442 2569 1497 deum
2627 1442 2893 1511 probabit,
2950 1442 3077 1513 quia
3131 1450 3185 1497 et
3236 1440 3387 1497 illum
3442 1442 3658 1497 novitas

2071 1529 2360 1600 aliquando
2429 1529 2763 1603 produxerit,
2820 1547 2945 1587 cum
3020 1532 3252 1602 primum
3309 1531 3660 1589 consecravit.

2072 1620 2143 1675 At
2170 1621 2312 1675 enim
2341 1618 2463 1677 viva
2499 1628 2552 1674 et
2580 1634 2833 1693 germana
2879 1618 3147 1685 divinitas,
3191 1634 3290 1674 nec
3311 1619 3379 1674 de
3404 1619 3662 1687 novitate,

372 1707 581 1763 haberi.
629 1706 684 1761 Si
748 1708 942 1763 summi
988 1710 1173 1778 magni
1220 1708 1448 1764 felicitas
1477 1717 1531 1764 et
1577 1707 1879 1764 sublimitas
1909 1718 1962 1765 et
1999 1701 2041 1777 Β
2072 1722 2169 1762 nec
2223 1706 2289 1761 de
2343 1715 2628 1776 vetustate,
2676 1707 2773 1762 sed
2826 1708 2896 1762 de
2953 1724 3052 1762 sua
3104 1708 3323 1764 veritate
3387 1715 3659 1763 censetur.

373 1796 657 1867 integritas
702 1797 865 1852 stabit
920 1795 975 1851 in
1005 1796 1105 1851 deo
1168 1798 1476 1863 Marcionis,
1510 1798 1672 1855 stabit
1728 1815 1881 1871 teque
1913 1807 1967 1853 et

372 1885 428 1941 in
452 1892 638 1940 nostro
671 1904 684 1940 :
717 1886 762 1940 si
812 1898 918 1941 non
946 1892 1000 1941 et
1046 1884 1100 1940 in
1148 1894 1353 1951 nostro,
1395 1904 1550 1959 mque
1597 1904 1698 1945 nec
1724 1888 1777 1943 in
1817 1890 1965 1945 Mar-

372 1972 564 2031 cionis.
621 1975 769 2045 Ergo
814 1990 912 2030 nec
961 1974 1109 2045 paria
1139 1983 1297 2030 erunt
1346 1976 1452 2032 duo
1482 1993 1692 2033 summa
1743 1994 1962 2051 magna,

372 2063 495 2132 quia
550 2063 797 2133 prohibet
870 2063 1130 2135 disposita
1181 2066 1293 2134 jam
1364 2066 1547 2140 regula
1592 2070 1707 2138 (30)
1770 2068 1965 2123 summi

374 2151 575 2223 magni,
640 2152 1097 2224 comparationem
1156 2170 1261 2209 non
1311 2154 1665 2228 sustinentis;
1726 2173 1828 2214 nec
1855 2157 1967 2214 dis-

374 2241 547 2311 paria,
598 2241 724 2312 quia
766 2250 819 2297 et
847 2242 949 2296 alia
1002 2244 1197 2298 summi
1243 2243 1429 2317 magni
1486 2247 1670 2320 regula
1709 2248 1962 2316 occurrit,

375 2328 789 2386 diminutionem
847 2346 955 2386 non
987 2332 1295 2388 admittens.
1329 2333 1562 2401 Haesisti,
1599 2334 1854 2404 Marcion,
1910 2336 1965 2391 in

374 2417 551 2472 medio
606 2419 761 2475 Ponti
791 2419 862 2474 tui
907 2427 1043 2475 aestu
1076 2438 1091 2475 :
1128 2422 1378 2495 utrinque
1410 2430 1460 2479 te
1490 2423 1689 2480 ﬂuctus
1728 2424 1967 2482 veritatis

374 2507 669 2564 involvunt.
727 2509 840 2565 Nec
886 2526 1059 2580 pares,
1129 2527 1229 2568 nec
1282 2512 1523 2585 dispares
1577 2515 1710 2569 deos
1773 2515 1965 2571 sistere

375 2607 545 2670 potes.
604 2598 724 2655 Duo
779 2599 921 2655 enim
953 2616 1059 2655 non
1105 2609 1247 2667 sunt,
1279 2601 1422 2673 quod
1454 2601 1719 2672 pertineat
1749 2599 1965 2671 prOprie

374 2688 444 2744 ad
504 2689 716 2744 numeri
770 2697 1136 2745 retractatum.
1194 2689 1516 2761 Quanquam
1575 2696 1689 2746 tota
1744 2688 1965 2744 materia

374 2775 445 2832 de
495 2775 707 2833 duobus
735 2777 838 2833 diis
886 2776 1192 2847 dimicetur,
1224 2778 1307 2833 his
1366 2778 1582 2834 interim
1637 2777 1799 2834 lineis
1847 2795 1963 2834 eam

377 2864 658 2931 clusimus,
691 2865 827 2920 intra
883 2882 1016 2937 quas
1047 2866 1113 2922 de
1149 2866 1516 2941 singularibus
1558 2870 1670 2937 jam
1719 2866 1965 2939 proprie-

380 2952 575 3009 tatibus
603 2953 1043 3028 congrediemur.

972 3100 1197 3156 CAPUT
1236 3099 1373 3157 VIII.

449 3223 648 3293 Primo,
679 3224 966 3295 supercilio
1021 3234 1298 3294 stuporem
1329 3241 1489 3281 suum
1520 3224 1788 3281 aedificant
1825 3225 1966 3279 Mar-

376 3313 611 3383 cionitaa,
663 3314 811 3384 quod
839 3330 1035 3370 novum
1095 3314 1259 3368 deum
1307 3313 1601 3384 proferant,
1659 3313 1816 3386 quasi
1871 3328 1973 3369 nos

376 3402 573 3459 veteris
628 3402 723 3458 Dei
792 3402 1005 3474 pudeat.
1066 3403 1327 3457 Inflantur
1379 3412 1434 3457 et
1477 3403 1624 3472 pueri
1664 3401 1820 3458 novis
1857 3401 1974 3457 cal-

378 3492 522 3557 ceis;
554 3491 651 3547 sed
687 3508 719 3547 a
763 3500 945 3548 vetere
975 3490 1281 3564 paedagOgo
1337 3491 1556 3547 calceati
1606 3507 1729 3548 mox
1782 3506 1973 3547 vanam

2074 1798 2196 1853 Non
2257 1797 2417 1852 habet
2465 1806 2673 1867 tempus
2718 1796 3015 1863 aeternitas;
3058 1812 3216 1851 omne
3260 1796 3404 1852 enim
3453 1804 3666 1866 tempus

2076 1886 2193 1956 ipsa
2222 1894 2323 1943 est.
2356 1885 2514 1954 Quod
2543 1885 2687 1953 facit,
2722 1885 2830 1957 pati
2869 1900 2977 1941 non
3025 1892 3230 1956 potest.
3279 1884 3438 1940 Caret
3485 1892 3663 1949 aetate,

2076 1974 2221 2046 quod
2249 1990 2359 2031 non
2404 1975 2529 2031 licet
2558 1975 2723 2032 nasci.
2754 1975 2917 2046 Deus,
2960 1975 3005 2029 si
3050 1981 3131 2031 est
3164 1980 3334 2039 vetus,
3374 1988 3486 2029 non
3513 1972 3617 2029 erit
3647 1989 3661 2026 :

2075 2063 2120 2121 si
2158 2072 2242 2121 est
2283 2080 2475 2133 novus,
2508 2079 2617 2121 non
2663 2063 2779 2119 fuit.
2811 2065 3033 2119 Novitas
3070 2062 3284 2119 initium
3330 2060 3663 2131 testiﬁcatur,

2074 2160 2314 2209 vetustas
2340 2152 2502 2208 ﬁnem
2531 2152 2902 2209 comminatur.
2936 2152 3078 2207 Deus
3106 2160 3283 2207 autem
3314 2161 3419 2206 tam
3457 2149 3670 2206 alienus

2075 2244 2142 2297 ab
2169 2242 2319 2297 initio
2347 2250 2399 2297 et
2425 2240 2532 2296 fine
2562 2248 2663 2305 est,
2694 2256 2856 2313 quam
2882 2255 2913 2294 a
2943 2248 3209 2311 tempore,
3240 2240 3443 2295 arbitro
3473 2246 3527 2296 et
3546 2254 3666 2296 me-

2076 2338 2244 2387 tatore
2270 2330 2409 2385 initii
2438 2340 2491 2385 et
2517 2329 2663 2387 ﬁnis.

2704 2468 2931 2527 CAPUT
2960 2470 3054 2527 IX.

2146 2597 2268 2654 Scio
2315 2595 2531 2668 quidem
2575 2611 2682 2669 quo
2740 2612 2903 2652 sensu
2945 2610 3146 2652 novum
3199 2596 3361 2652 deum
3405 2596 3667 2667 jactitent,

2075 2687 2351 2760 agnitione
2381 2685 2603 2758 utique;
2635 2685 2728 2741 sed
2781 2694 2834 2741 et
2886 2685 3059 2755 ipsam
3105 2684 3357 2740 novitatis
3393 2686 3669 2759 cognitio-

2075 2792 2197 2832 nem
2272 2775 2340 2840 39,
2400 2774 2781 2845 percutientem
2855 2772 3020 2828 rudes
3093 2772 3319 2839 animas,
3386 2772 3669 2846 ipsamque

2074 2865 2376 2921 naturalem
2418 2862 2671 2918 novitatis
2700 2862 3081 2936 gratiositatem
3126 2863 3273 2917 volui
3303 2871 3669 2933 repercutere,

2076 2961 2131 3009 et
2159 2953 2417 3021 hincjam
2445 2950 2509 3006 de
2557 2952 2745 3022 ignoto
2771 2950 2874 3007 deo
2924 2965 3233 3021 provocare.
3282 2951 3480 3023 Utique
3524 2953 3670 3007 enim

2078 3059 2240 3115 quem
2305 3040 2580 3116 agnitione
2628 3055 2829 3096 novum
2875 3048 3177 3112 opponunt,
3230 3039 3479 3113 ignotum
3547 3052 3673 3097 ante

2004 3146 2047 3224 η
2074 3132 2416 3224 agnitionem.
2477 3131 2863 3224 demonstrant.
2945 3130 3061 3224 Age
3088 3129 3324 3224 .igitur,
3380 3131 3447 3185 ad
3502 3130 3675 3186 lineas

2078 3236 2292 3275 rursum
2322 3227 2375 3275 et
2405 3217 2457 3272 in
2487 3218 2709 3291 gradum
2735 3235 2749 3286 ;
2781 3218 3043 3287 persuade
3070 3217 3229 3272 deum
3256 3217 3503 3290 ignotum
3552 3235 3678 3277 esse

2082 3309 2343 3380 potuisse.
2372 3307 2590 3364 Invenio
2638 3308 2797 3377 plane
2830 3308 2942 3376 (33)
2976 3306 3179 3379 ignotis
3226 3307 3330 3363 diis
3374 3323 3493 3362 aras
3542 3325 3680 3380 pro-

2081 3398 2319 3464 stitutas;
2369 3395 2464 3451 sed
2512 3395 2671 3450 attica
2726 3394 3029 3452 idololatria
3070 3403 3151 3451 est
3197 3411 3210 3451 :
3248 3394 3396 3461 item,
3456 3395 3683 3453 incertis

2083 3486 2227 3553 diis;
2279 3485 2377 3543 sed
2432 3483 2742 3556 superstitio
2812 3484 3051 3541 Romana
3124 3492 3210 3539 est
3262 3483 3401 3556 (34).
3463 3483 3635 3542 Porro
3661 3526 3682 3555 ,

450 3670 501 3708 ³6
528 3668 586 3725 Id
617 3669 805 3727 omitt.
832 3668 1009 3726 Rhen.
1040 3669 1087 3708 37
1121 3648 1298 3739 Ipsum
1332 3670 1565 3726 Semler.
1608 3668 1657 3707 33
1684 3590 2312 3726 ιεῇδῶιὲὴέῑξῗέξιῗῗιῗῗέ.
2345 3662 2393 3704 39
2432 3668 2593 3722 Forte
2622 3661 2909 3719 novitatem
2938 3661 3278 3735 cognitionis.

1781 3759 2274 3822 Commentarius.

454 3837 566 3912 (30)
592 3840 875 3912 Disposita
894 3838 1021 3908 jam
1050 3840 1266 3912 regula,
1298 3845 1401 3912 etc.
1432 3839 1612 3894 Posita
1662 3840 1753 3895 illa
1781 3839 1973 3910 regula

380 3927 479 3965 seu
512 3911 662 3978 jacto
691 3909 1042 3966 fundamento
1098 3909 1165 3962 de
1195 3925 1302 3981 quo
1332 3910 1506 3965 tribus
1528 3926 1649 3982 sup.
1684 3927 1832 3982 cap.,
1855 3909 1971 3965 duo

382 3929 479 3965 seu
512 3929 662 3978 λειοιο
691 3929 1042 3966 Iunoamenio
1098 3929 1165 3962 ae
1195 3929 1302 3981 quo
1332 3929 1506 3965 mnus
1528 3929 1649 3982 sup.
1684 3929 1748 3967 ea
1794 3951 1832 3974 .,
1864 3929 1968 3965 auo

382 3982 455 4035 dii
523 3996 644 4036 esse
701 3997 809 4035 non
873 3988 1167 4052 poterunt,
1209 3982 1354 4052 quod
1413 3983 1663 4039 Ponticus
1733 3929 1968 4038 θαι-οἰοη

379 4054 667 4109 statuebat.
709 4053 784 4107 LE
815 4053 912 4106 Pa.

452 4124 563 4195 (31)
602 4124 845 4180 Calceati
872 4140 1079 4179 vanam
1105 4124 1366 4195 gloriam.
1390 4123 1478 4180 Sic
1496 4124 1590 4179 lib.
1622 4140 1687 4180 III
1708 4125 1965 4180 adversus

381 4195 707 4269 Marcionem
738 4213 827 4269 ει
860 4195 1135 4269 Calceatos
1185 4196 1630 4269 praeparationem
1667 4196 1966 4269 Evangelii

381 4266 548 4336 pacis.
588 4286 608 4315 »
646 4268 710 4321 Et
736 4266 831 4321 lib.
864 4267 928 4321 de
964 4266 1229 4325 Corona’:
1256 4290 1277 4316 «
1333 4267 1612 4324 Calceatus
1649 4268 1718 4324 de
1790 4266 1972 4323 Evan-

381 4338 509 4408 gelii
549 4344 807 4405 paratura.
839 4357 861 4385 »
922 4337 1049 4396 RIG.

454 4409 568 4477 (32)
634 4409 711 4480 Ne
746 4410 1072 4480 Saturnum
1131 4410 1375 4480 quidem,
1441 4418 1543 4465 etc.
1600 4410 1677 4464 Ex
1738 4410 1973 4466 novitate

382 4480 609 4561 deorum
638 4479 920 4561 falsitatem
939 4479 1315 4561 _dei.no‘nstrat,
1364 4480 1419 4535 id
1456 4497 1581 4561 vero
1630 4482 1851 4561 Apoloy.
1906 4484 1971 4535 to

381 4567 500 4621 cap.
534 4550 780 4606 tractavit
811 4571 842 4622 :7
879 4570 903 4599 α
939 4551 1171 4606 Proinde
1200 4551 1514 4619 Saturnum,
1546 4550 1741 4622 inquit,
1772 4550 1969 4620 repen-

382 4622 495 4677 tino
523 4624 750 4694 adventu
772 4621 955 4694 utique
999 4623 1233 4679 caelitem
1277 4622 1503 4694 contigit
1554 4621 1680 4678 dici.
1738 4625 1874 4677 Nam
1916 4632 1972 4679 et

385 4704 539 4747 terrae
571 4692 708 4749 ﬁlios
749 4692 939 4766 vulgus
976 4702 1152 4759 vocat,
1196 4692 1451 4766 quorum'
1480 4709 1653 4766 genus
1707 4694 1972 4751 incertum

382 4773 485 4821 est.
517 4766 698 4841 Taceo
740 4764 882 4834 quod
917 4764 991 4841 ita
1038 4767 1198 4841 rudes
1227 4765 1399 4841 adhuc
1437 4764 1967 4841 hominesagnbant,

381 4843 442 4889 ut
486 4834 776 4918 cujuslibet
829 4835 1108 4918 noviuvi‘ri
1183 4835 1469 4918 adspectu,
1499 4910 1507 4918 .
1536 4837 1706 4918 quasi
1742 4834 1970 4894 'divino

380 4914 868 4961 commoverentur.
906 4926 927 4956 ι
963 4906 1175 4962 Nullius
1226 4906 1305 4961 rei
1360 4907 1657 4977 parabilior
1705 4918 1819 4963 erat
1876 4925 1967 4963 an-

382 4991 528 5031 nona
575 4992 737 5048 quam
783 4979 1009 5048 deorum
1057 4978 1198 5047 apud
1249 4978 1517 5048 ethnicos.
1546 4978 1737 5033 Nullus
1793 4989 1970 5035 autem

382 5047 617 5103 Saturno
648 5047 890 5118 superior
919 5048 986 5105 iis
1018 5048 1302 5105 ferebatur.
1326 5047 1473 5121 Virg.
1508 5066 1581 5106 vu
1612 5052 1826 5109 Eneid.

445 5172 651 5236 Primus;
666 5172 736 5236 ab
765 5173 976 5223 zethereo
1005 5173 1142 5223 venit
1165 5172 1408 5224 Saturnus
1438 5173 1660 5236 olympo,

446 5188 643 5222 l’l‘lmlls
666 5188 731 5221 an
765 5188 976 5223 aemereo
1005 5188 1142 5223 venit
1165 5188 1408 5224 saturnus
1438 5188 1484 5222 οι
1527 5188 1660 5236 mp0,

444 5236 599 5288 Arma
629 5234 768 5285 Jovis
802 5236 996 5299 fugiens
1027 5242 1075 5285 et
1103 5236 1269 5300 regnis
1300 5237 1417 5286 exul
1442 5188 1709 5300 adyemptis.
1741 5234 1811 5285 Ls:
1853 5234 1939 5285 Pa.

453 5338 569 5407 (33)
602 5337 827 5394 Invenio
856 5338 1044 5407 plane,
1078 5342 1179 5393 etc.
1214 5336 1425 5392 Alludit
1454 5336 1519 5391 ad
1564 5336 1695 5390 illud
1728 5335 1973 5406 Apostoli

380 5413 499 5465 Act.
532 5424 681 5464 xvu:
708 5409 1013 5481 Invenioret
1034 5425 1219 5475 aram,
1250 5410 1314 5464 in
1342 5426 1456 5481 qua
1492 5408 1773 5481 scriptum
1801 5411 1928 5462 erat
1957 5426 1975 5461 :

381 5483 566 5550 ignoto
624 5483 751 5537 Deo.
801 5478 957 5547 Quod
1011 5495 1132 5536 cum
1181 5477 1411 5535 Athenis
1464 5477 1787 5550 contigerit,
1838 5486 1979 5550 recte

380 5547 589 5608 atticam
624 5551 985 5609 idololatriam
1025 5558 1223 5621 vocat;
1257 5558 1419 5623 atque
1446 5547 1695 5607 Graecam
1734 5547 1973 5619 inscrip-

2080 3837 2281 3906 tipnem
2330 3833 2497 3906 fuisse
2543 3833 2746 3906 scribit,
2782 3834 2838 3888 in
2893 3849 3017 3890 eum
3086 3832 3266 3906 locum
3318 3831 3686 3889 (Ecumenius

2081 3902 2316 3980 dfvaﬂQJ
2360 3905 2494 3980 Θεῷ,
2525 3906 2665 3980 _eju_s
2717 3904 2851 3980 duas
2905 3920 3097 3980 causas
3140 3902 3424 3980 efferens;
3455 3906 3684 3980 alteram

2078 3975 2253 4049 quod,
2283 3975 2403 4032 cum
2441 3975 2877 4049 Atheniensibus
2924 3975 3106 4032 missis
3149 3975 3217 4049 ad
3246 3975 3689 4032 Lacedaemonios

2078 4047 2263 4104 auxilii
2314 4047 2488 4118 gratia
2541 4047 2661 4103 adv.
2732 4049 2942 4119 Persas,
2999 4047 3339 4119 apparuisset
3408 4057 3687 4118 spectrum

2079 4120 2243 4175 Panis
2293 4120 2442 4187 juxta
2518 4118 2854 4174 Partheniam
2924 4118 3045 4173 eos
3074 4133 3333 4173 accusans
3388 4120 3551 4189 quod,
3619 4134 3685 4174 se

2084 4192 2350 4262 neglecto,
2410 4189 2561 4262 alios
2602 4190 2736 4262 deos
2791 4190 3045 4262 colerent,
3105 4189 3327 4244 victoria
3382 4189 3578 4262 potiti,‘
3608 4205 3688 4262 ne

2007 4253 2053 4330 ο
2082 4253 2247 4341 quid
2274 4253 2466 4333 postea
2521 4260 2692 4341 simile
2743 4253 3099 4341 contingeret,
3151 4274 3258 4315 non
3312 4253 3485 4341 solum
3538 4253 3686 4341 Pani

2086 4331 2343 4402 templum
2393 4333 2683 4396 erexerint,
2734 4331 2827 4387 sed
2875 4331 3030 4387 etiam
3077 4348 3243 4386 aram
3303 4333 3488 4402 ignoto
3528 4334 3683 4394 Deo,-

2084 4406 2323 4470 alteram,
2366 4405 2516 4476 quod
2556 4420 2676 4476 cum
2726 4412 2887 4476 peste
2925 4402 3326 4476 labo_rantibus_
3353 4403 3543 4476 reliqui
3597 4403 3687 4457 dii

2081 4477 2310 4533 invocati
2384 4472 2522 4529 nihil
2592 4474 2892 4541 adjumenti
2979 4473 3256 4539 afferrent,
3314 4472 3687 4545 intelligentes

2080 4554 2362 4620 quemdam
2440 4561 2558 4601 esse
2631 4545 2801 4620 Deum
2845 4544 2966 4620 _qui
2996 4614 3007 4620 _
3041 4552 3249 4616 pestem
3322 4544 3683 4620 ‘immitteret,

2080 4613 2269 4692 Ignoto
2324 4619 2421 4692 deo
2450 4633 2659 4692 _amm_
2698 4613 3107 4692 inscripserint;
3154 4630 3262 4692 quo
3316 4613 3457 4672 facto
3511 4615 3690 4687 pestis

2079 4686 2389 4748 cessaverit.
2450 4689 2590 4742 PAM.
2638 4686 3045 4757 Inscriptionem
3084 4686 3190 4741 arte
3238 4688 3312 4741 ita
3364 4686 3686 4750 conceptam

2080 4762 2248 4817 fuisse
2278 4760 2480 4815 notavit
2509 4756 2888 4830 Hieronymus,
2921 4760 2983 4813 in
3014 4773 3135 4827 cap.
3171 4758 3236 4812 Il.
3264 4760 3444 4830 Epist.
3482 4756 3553 4812 ad
3588 4758 3686 4830 Ti-

2082 4839 2203 4889 tum
2236 4849 2248 4887 :
2282 4832 2399 4886 Diis
2438 4831 2606 4897 Asiae,
2644 4833 2699 4884 et
2729 4829 2967 4901 Europa:
2995 4833 3051 4887 et
3072 4828 3440 4899 Africw,'diis
3469 4829 3688 4900 ignotis

2080 4910 2139 4963 et
2156 4902 2492 4976 peregrinis.
2525 4902 2606 4955 In.

2154 4970 2442 5044 (34)'Item
2480 4972 2697 5027 incertis
2741 4971 2885 5044 diis;
2939 4971 3033 5025 sed
3082 4970 3393 5040 superstitio
3438 4970 3687 5044 Romana

2082 5040 2181 5102 est.
2238 5040 2342 5101 Ubi
2402 5052 2595 5100 terram
2656 5042 2891 5099 movisse
2938 5050 3239 5107 senserant,
3296 5040 3687 5097 nuntiatumve

2082 5124 2219 5180 erat,
2250 5115 2409 5170 ferias
2440 5115 2559 5185 ejus
2609 5114 2689 5168 rei
2742 5130 2904 5170 causa
2955 5112 3131 5169 edicto
3174 5113 3548 5185 imperabant;
3582 5113 3685 5185 sed

2082 5190 2183 5244 Dei
2220 5202 2420 5242 nomen
2461 5182 2669 5257 edicere
2708 5186 3074 5257 quiescebant,
3106 5201 3173 5257 ne
3216 5184 3407 5257 alium,
3436 5199 3535 5255 pro
3572 5182 3690 5241 alio

2082 5257 2427 5323 nominando,
2482 5256 2613 5329 falsa
2687 5255 2948 5329 religione
2997 5255 3269 5329 papulum
3325 5256 3605 5329 alligarent
3667 5273 3682 5313 :

2084 5347 2177 5385 eas
2205 5329 2370 5384 ferias
2398 5330 2444 5384 si
2473 5327 2593 5399 quis
2626 5326 2925 5397 polluisset,
2957 5326 3277 5399 piaculoque
3306 5326 3376 5382 ad
3408 5328 3544 5382 hanc
3564 5340 3685 5380 rem

2084 5409 2426 5474 Opusesset,
2460 5398 2690 5474 hostiam
2730 5398 2793 5474 _si
2831 5400 2970 5474 De_o,
3028 5398 3237 5474 siuDeae
3290 5399 3614 5474 immolabat.
3656 5418 3683 5447 ι

2084 5471 2346 5543 Ᾱεθιιὶιη,
2368 5486 2430 5526 ιι.
2458 5473 2698 5543 ωρεὲὃ.
2730 5471 2849 5541 Ipse
2887 5471 3248 5527 Tertullianus
3291 5486 3355 5526 ex
3408 5471 3677 5531 Varrone,

2084 5542 2179 5599 lib.
2215 5559 2276 5600 ιι.
2308 5543 2380 5600 ad
2410 5544 2538 5601 Nat.
2577 5542 2699 5595 Bm.
