  <div class='ocr_page' id='page_1' title='image "/cluster/home/n/w/nwhite01/storage/ocr_20150623/2/hvd.32044096580329/146.png"; bbox 0 0 4032 6152; ppageno 0'>
   <div class='ocr_carea' id='block_1_1' title="bbox 276 249 2325 320">
    <p class='ocr_par' dir='ltr' id='par_1_1' title="bbox 276 249 2325 320">
     <span class='ocr_line' id='line_1_1' title="bbox 276 249 2325 320; baseline 0 -3"><span class='ocrx_word' id='word_1_1' title='bbox 276 249 367 309; x_wconf 72' lang='grc'><strong>281</strong></span> <span class='ocrx_word' id='word_1_2' title='bbox 1500 256 1626 317; x_wconf 84' lang='lat' dir='ltr'><strong>LIB.</strong></span> <span class='ocrx_word' id='word_1_3' title='bbox 1666 257 1688 318; x_wconf 90' lang='lat' dir='ltr'><strong>l</strong></span> <span class='ocrx_word' id='word_1_4' title='bbox 1725 256 1899 318; x_wconf 75' lang='lat' dir='ltr'><strong>ADV.</strong></span> <span class='ocrx_word' id='word_1_5' title='bbox 1924 256 2325 320; x_wconf 72' lang='lat' dir='ltr'><strong>MARCIONEM.</strong></span> 
     </span>
    </p>
   </div>
   <div class='ocr_carea' id='block_1_2' title="bbox 3455 265 3560 326">
    <p class='ocr_par' dir='ltr' id='par_1_2' title="bbox 3455 265 3560 326">
     <span class='ocr_line' id='line_1_2' title="bbox 3455 265 3560 326; baseline 0.01 -1"><span class='ocrx_word' id='word_1_6' title='bbox 3455 265 3560 326; x_wconf 76' lang='lat'><strong>282</strong></span> 
     </span>
    </p>
   </div>
   <div class='ocr_carea' id='block_1_3' title="bbox 270 373 3554 477">
    <p class='ocr_par' dir='ltr' id='par_1_3' title="bbox 270 373 3554 477">
     <span class='ocr_line' id='line_1_3' title="bbox 270 373 3554 477; baseline 0.005 -48"><span class='ocrx_word' id='word_1_7' title='bbox 270 373 452 429; x_wconf 86' lang='lat' dir='ltr'><strong>incerti</strong></span> <span class='ocrx_word' id='word_1_8' title='bbox 483 373 561 430; x_wconf 91' lang='lat' dir='ltr'><strong>dii</strong></span> <span class='ocrx_word' id='word_1_9' title='bbox 590 374 769 473; x_wconf 79' lang='lat' dir='ltr'><strong>minus</strong></span> <span class='ocrx_word' id='word_1_10' title='bbox 804 378 935 445; x_wconf 90' lang='lat' dir='ltr'><strong>noti,</strong></span> <span class='ocrx_word' id='word_1_11' title='bbox 964 386 1023 434; x_wconf 92' lang='lat' dir='ltr'><strong>ut</strong></span> <span class='ocrx_word' id='word_1_12' title='bbox 1068 380 1249 436; x_wconf 89' lang='lat' dir='ltr'><strong>minus</strong></span> <span class='ocrx_word' id='word_1_13' title='bbox 1302 383 1464 448; x_wconf 84' lang='lat' dir='ltr'><strong>certi;</strong></span> <span class='ocrx_word' id='word_1_14' title='bbox 1522 392 1579 439; x_wconf 91' lang='lat' dir='ltr'><strong>et</strong></span> <span class='ocrx_word' id='word_1_15' title='bbox 1629 384 1855 454; x_wconf 81' lang='lat' dir='ltr'><strong>proinde</strong></span> <span class='ocrx_word' id='word_1_16' title='bbox 1890 397 1937 477; x_wconf 61' lang='grc' dir='ltr'><strong><em>η</em></strong></span> <span class='ocrx_word' id='word_1_17' title='bbox 1971 392 2122 450; x_wconf 86' lang='lat' dir='ltr'><strong>sunt;</strong></span> <span class='ocrx_word' id='word_1_18' title='bbox 2155 385 2339 453; x_wconf 89' lang='lat' dir='ltr'><strong>innati,</strong></span> <span class='ocrx_word' id='word_1_19' title='bbox 2373 386 2573 451; x_wconf 86' lang='lat' dir='ltr'><strong>infecti,</strong></span> <span class='ocrx_word' id='word_1_20' title='bbox 2606 387 2806 444; x_wconf 66' lang='lat' dir='ltr'><strong>aeterni.</strong></span> <span class='ocrx_word' id='word_1_21' title='bbox 2853 388 2952 445; x_wconf 87' lang='lat' dir='ltr'><strong>Hic</strong></span> <span class='ocrx_word' id='word_1_22' title='bbox 2990 392 3090 446; x_wconf 91' lang='lat' dir='ltr'><strong>erit</strong></span> <span class='ocrx_word' id='word_1_23' title='bbox 3144 398 3315 448; x_wconf 91' lang='lat' dir='ltr'><strong>status</strong></span> <span class='ocrx_word' id='word_1_24' title='bbox 3352 389 3554 463; x_wconf 78' lang='lat' dir='ltr'><strong>princi-</strong></span> 
     </span>
    </p>
   </div>
   <div class='ocr_carea' id='block_1_4' title="bbox 270 462 1855 536">
    <p class='ocr_par' dir='ltr' id='par_1_4' title="bbox 270 462 1855 536">
     <span class='ocr_line' id='line_1_4' title="bbox 270 462 1855 536; baseline 0.007 -20"><span class='ocrx_word' id='word_1_25' title='bbox 270 462 452 534; x_wconf 88' lang='lat' dir='ltr'><strong>ignoti,</strong></span> <span class='ocrx_word' id='word_1_26' title='bbox 484 478 593 533; x_wconf 86' lang='lat' dir='ltr'><strong>qua</strong></span> <span class='ocrx_word' id='word_1_27' title='bbox 630 462 808 519; x_wconf 89' lang='lat' dir='ltr'><strong>minus</strong></span> <span class='ocrx_word' id='word_1_28' title='bbox 862 465 1013 522; x_wconf 89' lang='lat' dir='ltr'><strong>certi.</strong></span> <span class='ocrx_word' id='word_1_29' title='bbox 1070 466 1241 536; x_wconf 85' lang='lat' dir='ltr'><strong>Quem</strong></span> <span class='ocrx_word' id='word_1_30' title='bbox 1281 469 1498 526; x_wconf 76' lang='lat' dir='ltr'><strong>titulum</strong></span> <span class='ocrx_word' id='word_1_31' title='bbox 1549 470 1855 529; x_wconf 83' lang='lat' dir='ltr'><strong>incidemus</strong></span> 
     </span>
    </p>
   </div>
   <div class='ocr_carea' id='block_1_5' title="bbox 268 551 1857 633">
    <p class='ocr_par' dir='ltr' id='par_1_5' title="bbox 268 551 1857 633">
     <span class='ocr_line' id='line_1_5' title="bbox 268 551 1857 633; baseline 0.009 -27"><span class='ocrx_word' id='word_1_32' title='bbox 268 567 324 607; x_wconf 83' lang='lat' dir='ltr'><strong>ex</strong></span> <span class='ocrx_word' id='word_1_33' title='bbox 349 551 571 607; x_wconf 88' lang='lat' dir='ltr'><strong>duobus</strong></span> <span class='ocrx_word' id='word_1_34' title='bbox 627 553 728 608; x_wconf 92' lang='lat' dir='ltr'><strong>deo</strong></span> <span class='ocrx_word' id='word_1_35' title='bbox 781 554 1104 612; x_wconf 75' lang='lat' dir='ltr'><strong>Marcionis?</strong></span> <span class='ocrx_word' id='word_1_36' title='bbox 1161 559 1487 633; x_wconf 91' lang='lat' dir='ltr'><strong>Utrumque,</strong></span> <span class='ocrx_word' id='word_1_37' title='bbox 1548 561 1761 633; x_wconf 86' lang='lat' dir='ltr'><strong>opinor,</strong></span> <span class='ocrx_word' id='word_1_38' title='bbox 1803 572 1857 620; x_wconf 89' lang='lat' dir='ltr'><strong>et</strong></span> 
     </span>
    </p>
   </div>
   <div class='ocr_carea' id='block_1_6' title="bbox 267 640 1856 725">
    <p class='ocr_par' dir='ltr' id='par_1_6' title="bbox 267 640 1856 725">
     <span class='ocr_line' id='line_1_6' title="bbox 267 640 1856 725; baseline 0.009 -30"><span class='ocrx_word' id='word_1_39' title='bbox 267 654 402 697; x_wconf 88' lang='lat' dir='ltr'><strong>nunc</strong></span> <span class='ocrx_word' id='word_1_40' title='bbox 444 640 673 707; x_wconf 88' lang='lat' dir='ltr'><strong>incerto,</strong></span> <span class='ocrx_word' id='word_1_41' title='bbox 704 649 760 698; x_wconf 89' lang='lat' dir='ltr'><strong>et</strong></span> <span class='ocrx_word' id='word_1_42' title='bbox 805 651 953 701; x_wconf 87' lang='lat' dir='ltr'><strong>retro</strong></span> <span class='ocrx_word' id='word_1_43' title='bbox 990 644 1199 719; x_wconf 88' lang='lat' dir='ltr'><strong>ignoto.</strong></span> <span class='ocrx_word' id='word_1_44' title='bbox 1242 648 1395 704; x_wconf 90' lang='lat' dir='ltr'><strong>Sicut</strong></span> <span class='ocrx_word' id='word_1_45' title='bbox 1436 652 1579 708; x_wconf 89' lang='lat' dir='ltr'><strong>enim</strong></span> <span class='ocrx_word' id='word_1_46' title='bbox 1610 653 1856 725; x_wconf 86' lang='lat' dir='ltr'><strong>ignotum</strong></span> 
     </span>
    </p>
   </div>
   <div class='ocr_carea' id='block_1_7' title="bbox 268 729 1857 803">
    <p class='ocr_par' dir='ltr' id='par_1_7' title="bbox 268 729 1857 803">
     <span class='ocr_line' id='line_1_7' title="bbox 268 729 1857 803; baseline 0.009 -19"><span class='ocrx_word' id='word_1_47' title='bbox 268 744 376 785; x_wconf 78' lang='lat' dir='ltr'><strong>eum</strong></span> <span class='ocrx_word' id='word_1_48' title='bbox 408 729 542 784; x_wconf 86' lang='lat' dir='ltr'><strong>fecit</strong></span> <span class='ocrx_word' id='word_1_49' title='bbox 578 731 724 787; x_wconf 89' lang='lat' dir='ltr'><strong>Deus</strong></span> <span class='ocrx_word' id='word_1_50' title='bbox 754 738 916 788; x_wconf 81' lang='lat' dir='ltr'><strong>notus</strong></span> <span class='ocrx_word' id='word_1_51' title='bbox 952 732 1195 803; x_wconf 89' lang='lat' dir='ltr'><strong>Creator,</strong></span> <span class='ocrx_word' id='word_1_52' title='bbox 1255 736 1431 796; x_wconf 67' lang='lat'><strong>256</strong></span> <span class='ocrx_word' id='word_1_53' title='bbox 1459 742 1533 796; x_wconf 90' lang='lat' dir='ltr'><strong>ita</strong></span> <span class='ocrx_word' id='word_1_54' title='bbox 1584 750 1640 797; x_wconf 90' lang='lat' dir='ltr'><strong>et</strong></span> <span class='ocrx_word' id='word_1_55' title='bbox 1676 744 1857 798; x_wconf 91' lang='lat' dir='ltr'><strong>incer-</strong></span> 
     </span>
    </p>
   </div>
   <div class='ocr_carea' id='block_1_8' title="bbox 269 819 1855 897">
    <p class='ocr_par' dir='ltr' id='par_1_8' title="bbox 269 819 1855 897">
     <span class='ocr_line' id='line_1_8' title="bbox 269 819 1855 897; baseline 0.011 -25"><span class='ocrx_word' id='word_1_56' title='bbox 269 825 367 872; x_wconf 90' lang='lat' dir='ltr'><strong>tum</strong></span> <span class='ocrx_word' id='word_1_57' title='bbox 419 819 575 873; x_wconf 87' lang='lat' dir='ltr'><strong>Deus</strong></span> <span class='ocrx_word' id='word_1_58' title='bbox 628 827 828 876; x_wconf 90' lang='lat' dir='ltr'><strong>certus.</strong></span> <span class='ocrx_word' id='word_1_59' title='bbox 879 821 984 877; x_wconf 85' lang='lat' dir='ltr'><strong>Sed</strong></span> <span class='ocrx_word' id='word_1_60' title='bbox 1043 838 1150 879; x_wconf 90' lang='lat' dir='ltr'><strong>non</strong></span> <span class='ocrx_word' id='word_1_61' title='bbox 1204 828 1474 897; x_wconf 88' lang='lat' dir='ltr'><strong>evagabor</strong></span> <span class='ocrx_word' id='word_1_62' title='bbox 1529 830 1606 884; x_wconf 88' lang='lat' dir='ltr'><strong>uti</strong></span> <span class='ocrx_word' id='word_1_63' title='bbox 1661 831 1855 891; x_wconf 89' lang='lat' dir='ltr'><strong>dicam.</strong></span> 
     </span>
    </p>
   </div>
   <div class='ocr_carea' id='block_1_9' title="bbox 265 906 1856 994">
    <p class='ocr_par' dir='ltr' id='par_1_9' title="bbox 265 906 1856 994">
     <span class='ocr_line' id='line_1_9' title="bbox 265 906 1856 994; baseline 0.01 -33"><span class='ocrx_word' id='word_1_64' title='bbox 265 907 403 962; x_wconf 89' lang='lat' dir='ltr'><strong>Deus</strong></span> <span class='ocrx_word' id='word_1_65' title='bbox 434 906 485 961; x_wconf 88' lang='lat' dir='ltr'><strong>si</strong></span> <span class='ocrx_word' id='word_1_66' title='bbox 533 909 584 944; x_wconf 73' lang='grc' dir='ltr'><strong>ἰο</strong></span> <span class='ocrx_word' id='word_1_67' title='bbox 627 907 851 981; x_wconf 85' lang='lat' dir='ltr'><strong>ignotus</strong></span> <span class='ocrx_word' id='word_1_68' title='bbox 901 909 1005 967; x_wconf 83' lang='lat' dir='ltr'><strong>fuit</strong></span> <span class='ocrx_word' id='word_1_69' title='bbox 1050 911 1333 985; x_wconf 87' lang='lat' dir='ltr'><strong>latuitque,</strong></span> <span class='ocrx_word' id='word_1_70' title='bbox 1356 916 1506 973; x_wconf 86' lang='lat' dir='ltr'><strong>illum</strong></span> <span class='ocrx_word' id='word_1_71' title='bbox 1541 920 1690 994; x_wconf 81' lang='lat' dir='ltr'><strong>regio</strong></span> <span class='ocrx_word' id='word_1_72' title='bbox 1721 922 1856 977; x_wconf 80' lang='lat' dir='ltr'><strong>late-</strong></span> 
     </span>
    </p>
   </div>
   <div class='ocr_carea' id='block_1_10' title="bbox 263 997 1849 1077">
    <p class='ocr_par' dir='ltr' id='par_1_10' title="bbox 263 997 1849 1077">
     <span class='ocr_line' id='line_1_10' title="bbox 263 997 1849 1077; baseline 0.013 -29"><span class='ocrx_word' id='word_1_73' title='bbox 263 997 469 1049; x_wconf 86' lang='lat' dir='ltr'><strong>brarum</strong></span> <span class='ocrx_word' id='word_1_74' title='bbox 528 997 888 1069; x_wconf 82' lang='lat' dir='ltr'><strong>obumbravit,</strong></span> <span class='ocrx_word' id='word_1_75' title='bbox 946 1015 1086 1058; x_wconf 88' lang='lat' dir='ltr'><strong>nova</strong></span> <span class='ocrx_word' id='word_1_76' title='bbox 1158 1004 1345 1076; x_wconf 88' lang='lat' dir='ltr'><strong>utique</strong></span> <span class='ocrx_word' id='word_1_77' title='bbox 1394 1017 1446 1061; x_wconf 92' lang='lat' dir='ltr'><strong>et</strong></span> <span class='ocrx_word' id='word_1_78' title='bbox 1500 1007 1637 1077; x_wconf 90' lang='lat' dir='ltr'><strong>ipsa,</strong></span> <span class='ocrx_word' id='word_1_79' title='bbox 1694 1020 1751 1066; x_wconf 89' lang='lat' dir='ltr'><strong>et</strong></span> <span class='ocrx_word' id='word_1_80' title='bbox 1805 1014 1849 1050; x_wconf 75' lang='grc' dir='ltr'><strong>ἰι</strong></span> 
     </span>
    </p>
   </div>
   <div class='ocr_carea' id='block_1_11' title="bbox 258 1083 1855 1165">
    <p class='ocr_par' dir='ltr' id='par_1_11' title="bbox 258 1083 1855 1165">
     <span class='ocr_line' id='line_1_11' title="bbox 258 1083 1855 1165; baseline 0.013 -28"><span class='ocrx_word' id='word_1_81' title='bbox 258 1083 451 1155; x_wconf 81' lang='lat' dir='ltr'><strong>ignota,</strong></span> <span class='ocrx_word' id='word_1_82' title='bbox 508 1093 564 1140; x_wconf 90' lang='lat' dir='ltr'><strong>et</strong></span> <span class='ocrx_word' id='word_1_83' title='bbox 620 1087 864 1144; x_wconf 86' lang='lat' dir='ltr'><strong>similiter</strong></span> <span class='ocrx_word' id='word_1_84' title='bbox 915 1105 1058 1145; x_wconf 89' lang='lat' dir='ltr'><strong>nunc</strong></span> <span class='ocrx_word' id='word_1_85' title='bbox 1119 1107 1335 1165; x_wconf 86' lang='lat' dir='ltr'><strong>quoque</strong></span> <span class='ocrx_word' id='word_1_86' title='bbox 1398 1094 1638 1163; x_wconf 85' lang='lat' dir='ltr'><strong>incerta;</strong></span> <span class='ocrx_word' id='word_1_87' title='bbox 1709 1109 1855 1157; x_wconf 89' lang='lat' dir='ltr'><strong>certe</strong></span> 
     </span>
    </p>
   </div>
   <div class='ocr_carea' id='block_1_12' title="bbox 256 1172 1851 1261">
    <p class='ocr_par' dir='ltr' id='par_1_12' title="bbox 256 1172 1851 1261">
     <span class='ocr_line' id='line_1_12' title="bbox 256 1172 1851 1261; baseline 0.013 -35"><span class='ocrx_word' id='word_1_88' title='bbox 256 1172 517 1229; x_wconf 85' lang='lat' dir='ltr'><strong>immensa</strong></span> <span class='ocrx_word' id='word_1_89' title='bbox 570 1174 768 1245; x_wconf 86' lang='lat' dir='ltr'><strong>aliqua,</strong></span> <span class='ocrx_word' id='word_1_90' title='bbox 836 1185 891 1231; x_wconf 91' lang='lat' dir='ltr'><strong>et</strong></span> <span class='ocrx_word' id='word_1_91' title='bbox 952 1179 1123 1248; x_wconf 86' lang='lat' dir='ltr'><strong>major</strong></span> <span class='ocrx_word' id='word_1_92' title='bbox 1175 1181 1474 1240; x_wconf 79' lang='lat' dir='ltr'><strong>indubitate</strong></span> <span class='ocrx_word' id='word_1_93' title='bbox 1537 1201 1603 1242; x_wconf 91' lang='lat' dir='ltr'><strong>eo</strong></span> <span class='ocrx_word' id='word_1_94' title='bbox 1688 1205 1851 1261; x_wconf 87' lang='lat' dir='ltr'><strong>quem</strong></span> 
     </span>
    </p>
   </div>
   <div class='ocr_carea' id='block_1_13' title="bbox 255 1261 1847 1345">
    <p class='ocr_par' dir='ltr' id='par_1_13' title="bbox 255 1261 1847 1345">
     <span class='ocr_line' id='line_1_13' title="bbox 255 1261 1847 1345; baseline 0.013 -30"><span class='ocrx_word' id='word_1_95' title='bbox 255 1261 553 1317; x_wconf 81' lang='lat' dir='ltr'><strong>abscondit.</strong></span> <span class='ocrx_word' id='word_1_96' title='bbox 586 1262 695 1317; x_wconf 85' lang='lat' dir='ltr'><strong>Sed</strong></span> <span class='ocrx_word' id='word_1_97' title='bbox 743 1265 974 1321; x_wconf 84' lang='lat' dir='ltr'><strong>breviter</strong></span> <span class='ocrx_word' id='word_1_98' title='bbox 1028 1283 1349 1341; x_wconf 87' lang='lat' dir='ltr'><strong>proponam,</strong></span> <span class='ocrx_word' id='word_1_99' title='bbox 1408 1283 1461 1329; x_wconf 92' lang='lat' dir='ltr'><strong>et</strong></span> <span class='ocrx_word' id='word_1_100' title='bbox 1529 1275 1847 1345; x_wconf 85' lang='lat' dir='ltr'><strong>plenissime</strong></span> 
     </span>
    </p>
   </div>
   <div class='ocr_carea' id='block_1_14' title="bbox 254 1353 1848 1434">
    <p class='ocr_par' dir='ltr' id='par_1_14' title="bbox 254 1353 1848 1434">
     <span class='ocr_line' id='line_1_14' title="bbox 254 1353 1848 1434; baseline 0.013 -33"><span class='ocrx_word' id='word_1_101' title='bbox 254 1363 518 1419; x_wconf 78' lang='lat' dir='ltr'><strong>exsequar</strong></span> <span class='ocrx_word' id='word_1_102' title='bbox 586 1353 946 1423; x_wconf 60' lang='lat' dir='ltr'><strong>pragscribens</strong></span> <span class='ocrx_word' id='word_1_103' title='bbox 1017 1356 1132 1427; x_wconf 84' lang='lat'><strong>(35)</strong></span> <span class='ocrx_word' id='word_1_104' title='bbox 1186 1358 1358 1415; x_wconf 89' lang='lat' dir='ltr'><strong>Deum</strong></span> <span class='ocrx_word' id='word_1_105' title='bbox 1438 1362 1675 1434; x_wconf 85' lang='lat' dir='ltr'><strong>ignorari</strong></span> <span class='ocrx_word' id='word_1_106' title='bbox 1749 1382 1848 1423; x_wconf 90' lang='lat' dir='ltr'><strong>nec</strong></span> 
     </span>
    </p>
   </div>
   <div class='ocr_carea' id='block_1_15' title="bbox 253 1440 1845 1522">
    <p class='ocr_par' dir='ltr' id='par_1_15' title="bbox 253 1440 1845 1522">
     <span class='ocr_line' id='line_1_15' title="bbox 253 1440 1845 1522; baseline 0.013 -30"><span class='ocrx_word' id='word_1_107' title='bbox 253 1440 513 1509; x_wconf 87' lang='lat' dir='ltr'><strong>potuisse,</strong></span> <span class='ocrx_word' id='word_1_108' title='bbox 600 1440 818 1499; x_wconf 87' lang='lat' dir='ltr'><strong>nomine</strong></span> <span class='ocrx_word' id='word_1_109' title='bbox 902 1446 1307 1515; x_wconf 75' lang='lat' dir='ltr'><strong>magnitudinis,</strong></span> <span class='ocrx_word' id='word_1_110' title='bbox 1391 1466 1492 1506; x_wconf 91' lang='lat' dir='ltr'><strong>nec</strong></span> <span class='ocrx_word' id='word_1_111' title='bbox 1570 1453 1845 1522; x_wconf 87' lang='lat' dir='ltr'><strong>debuisse,</strong></span> 
     </span>
    </p>
   </div>
   <div class='ocr_carea' id='block_1_16' title="bbox 252 1526 1845 1614">
    <p class='ocr_par' dir='ltr' id='par_1_16' title="bbox 252 1526 1845 1614">
     <span class='ocr_line' id='line_1_16' title="bbox 252 1526 1845 1614; baseline 0.01 -31"><span class='ocrx_word' id='word_1_112' title='bbox 252 1526 468 1583; x_wconf 77' lang='lat' dir='ltr'><strong>nomine</strong></span> <span class='ocrx_word' id='word_1_113' title='bbox 515 1528 880 1602; x_wconf 82' lang='lat' dir='ltr'><strong>benignitatis,</strong></span> <span class='ocrx_word' id='word_1_114' title='bbox 920 1534 1214 1602; x_wconf 75' lang='lat' dir='ltr'><strong>praesertim</strong></span> <span class='ocrx_word' id='word_1_115' title='bbox 1260 1536 1316 1591; x_wconf 88' lang='lat' dir='ltr'><strong>in</strong></span> <span class='ocrx_word' id='word_1_116' title='bbox 1377 1546 1604 1612; x_wconf 91' lang='lat' dir='ltr'><strong>utroque</strong></span> <span class='ocrx_word' id='word_1_117' title='bbox 1648 1545 1845 1614; x_wconf 82' lang='lat' dir='ltr'><strong>praela-</strong></span> 
     </span>
    </p>
   </div>
   <div class='ocr_carea' id='block_1_17' title="bbox 252 1615 1846 1695">
    <p class='ocr_par' dir='ltr' id='par_1_17' title="bbox 252 1615 1846 1695">
     <span class='ocr_line' id='line_1_17' title="bbox 252 1615 1846 1695; baseline 0.011 -24"><span class='ocrx_word' id='word_1_118' title='bbox 252 1615 440 1672; x_wconf 80' lang='lat' dir='ltr'><strong>tioreru</strong></span> <span class='ocrx_word' id='word_1_119' title='bbox 480 1625 668 1673; x_wconf 88' lang='lat' dir='ltr'><strong>nostro</strong></span> <span class='ocrx_word' id='word_1_120' title='bbox 696 1617 970 1677; x_wconf 87' lang='lat' dir='ltr'><strong>Creatore.</strong></span> <span class='ocrx_word' id='word_1_121' title='bbox 1012 1623 1117 1679; x_wconf 86' lang='lat' dir='ltr'><strong>Sed</strong></span> <span class='ocrx_word' id='word_1_122' title='bbox 1174 1626 1426 1695; x_wconf 89' lang='lat' dir='ltr'><strong>quoniam</strong></span> <span class='ocrx_word' id='word_1_123' title='bbox 1480 1629 1846 1690; x_wconf 81' lang='lat' dir='ltr'><strong>animadverto</strong></span> 
     </span>
    </p>
   </div>
   <div class='ocr_carea' id='block_1_18' title="bbox 251 1704 1840 1789">
    <p class='ocr_par' dir='ltr' id='par_1_18' title="bbox 251 1704 1840 1789">
     <span class='ocr_line' id='line_1_18' title="bbox 251 1704 1840 1789; baseline 0.011 -30"><span class='ocrx_word' id='word_1_124' title='bbox 251 1704 297 1759; x_wconf 91' lang='lat' dir='ltr'><strong>in</strong></span> <span class='ocrx_word' id='word_1_125' title='bbox 380 1704 710 1777; x_wconf 84' lang='lat' dir='ltr'><strong>quibusdam</strong></span> <span class='ocrx_word' id='word_1_126' title='bbox 768 1710 835 1763; x_wconf 90' lang='lat' dir='ltr'><strong>ad</strong></span> <span class='ocrx_word' id='word_1_127' title='bbox 902 1708 1131 1767; x_wconf 82' lang='lat' dir='ltr'><strong>formam</strong></span> <span class='ocrx_word' id='word_1_128' title='bbox 1209 1714 1480 1772; x_wconf 88' lang='lat' dir='ltr'><strong>Creatoris</strong></span> <span class='ocrx_word' id='word_1_129' title='bbox 1553 1723 1840 1789; x_wconf 88' lang='lat' dir='ltr'><strong>provocari</strong></span> 
     </span>
    </p>
   </div>
   <div class='ocr_carea' id='block_1_19' title="bbox 251 1796 1842 1876">
    <p class='ocr_par' dir='ltr' id='par_1_19' title="bbox 251 1796 1842 1876">
     <span class='ocr_line' id='line_1_19' title="bbox 251 1796 1842 1876; baseline 0.013 -30"><span class='ocrx_word' id='word_1_130' title='bbox 251 1802 503 1863; x_wconf 83' lang='lat' dir='ltr'><strong>Oportere</strong></span> <span class='ocrx_word' id='word_1_131' title='bbox 524 1797 706 1849; x_wconf 90' lang='lat' dir='ltr'><strong>omnis</strong></span> <span class='ocrx_word' id='word_1_132' title='bbox 736 1796 834 1852; x_wconf 92' lang='lat' dir='ltr'><strong>Dei</strong></span> <span class='ocrx_word' id='word_1_133' title='bbox 863 1798 1051 1855; x_wconf 89' lang='lat' dir='ltr'><strong>noviet</strong></span> <span class='ocrx_word' id='word_1_134' title='bbox 1072 1807 1221 1858; x_wconf 87' lang='lat' dir='ltr'><strong>retro</strong></span> <span class='ocrx_word' id='word_1_135' title='bbox 1239 1803 1411 1875; x_wconf 80' lang='lat' dir='ltr'><strong>ignoti</strong></span> <span class='ocrx_word' id='word_1_136' title='bbox 1450 1809 1842 1876; x_wconf 88' lang='lat' dir='ltr'><strong>probationem,</strong></span> 
     </span>
    </p>
   </div>
   <div class='ocr_carea' id='block_1_20' title="bbox 251 1881 1846 1962">
    <p class='ocr_par' dir='ltr' id='par_1_20' title="bbox 251 1881 1846 1962">
     <span class='ocr_line' id='line_1_20' title="bbox 251 1881 1846 1962; baseline 0.013 -26"><span class='ocrx_word' id='word_1_137' title='bbox 251 1881 342 1937; x_wconf 88' lang='lat' dir='ltr'><strong>hoc</strong></span> <span class='ocrx_word' id='word_1_138' title='bbox 368 1882 553 1951; x_wconf 86' lang='lat' dir='ltr'><strong>ipsum</strong></span> <span class='ocrx_word' id='word_1_139' title='bbox 584 1885 790 1940; x_wconf 87' lang='lat' dir='ltr'><strong>ratione</strong></span> <span class='ocrx_word' id='word_1_140' title='bbox 819 1884 937 1942; x_wconf 85' lang='lat' dir='ltr'><strong>ﬁeri</strong></span> <span class='ocrx_word' id='word_1_141' title='bbox 994 1904 1024 1943; x_wconf 89' lang='lat' dir='ltr'><strong>a</strong></span> <span class='ocrx_word' id='word_1_142' title='bbox 1055 1890 1213 1947; x_wconf 92' lang='lat' dir='ltr'><strong>nobis</strong></span> <span class='ocrx_word' id='word_1_143' title='bbox 1269 1894 1422 1962; x_wconf 87' lang='lat' dir='ltr'><strong>prius</strong></span> <span class='ocrx_word' id='word_1_144' title='bbox 1464 1900 1846 1957; x_wconf 88' lang='lat' dir='ltr'><strong>commendare</strong></span> 
     </span>
    </p>
   </div>
   <div class='ocr_carea' id='block_1_21' title="bbox 252 1970 1844 2059">
    <p class='ocr_par' dir='ltr' id='par_1_21' title="bbox 252 1970 1844 2059">
     <span class='ocr_line' id='line_1_21' title="bbox 252 1970 1844 2059; baseline 0.013 -33"><span class='ocrx_word' id='word_1_145' title='bbox 252 1970 487 2041; x_wconf 80' lang='lat' dir='ltr'><strong>debebo,</strong></span> <span class='ocrx_word' id='word_1_146' title='bbox 517 1988 631 2043; x_wconf 88' lang='lat' dir='ltr'><strong>quo</strong></span> <span class='ocrx_word' id='word_1_147' title='bbox 666 1976 1001 2032; x_wconf 83' lang='lat' dir='ltr'><strong>constantius</strong></span> <span class='ocrx_word' id='word_1_148' title='bbox 1039 1986 1156 2033; x_wconf 90' lang='lat' dir='ltr'><strong>utar</strong></span> <span class='ocrx_word' id='word_1_149' title='bbox 1192 1981 1418 2038; x_wconf 88' lang='lat' dir='ltr'><strong>rationis</strong></span> <span class='ocrx_word' id='word_1_150' title='bbox 1449 1986 1609 2041; x_wconf 72' lang='lat' dir='ltr'><strong>editae</strong></span> <span class='ocrx_word' id='word_1_151' title='bbox 1656 2000 1844 2059; x_wconf 87' lang='lat' dir='ltr'><strong>patro-</strong></span> 
     </span>
    </p>
   </div>
   <div class='ocr_carea' id='block_1_22' title="bbox 250 2059 1843 2146">
    <p class='ocr_par' dir='ltr' id='par_1_22' title="bbox 250 2059 1843 2146">
     <span class='ocr_line' id='line_1_22' title="bbox 250 2059 1843 2146; baseline 0.012 -30"><span class='ocrx_word' id='word_1_152' title='bbox 250 2059 406 2116; x_wconf 88' lang='lat' dir='ltr'><strong>cinio.</strong></span> <span class='ocrx_word' id='word_1_153' title='bbox 454 2060 599 2117; x_wconf 83' lang='lat' dir='ltr'><strong>Ante</strong></span> <span class='ocrx_word' id='word_1_154' title='bbox 626 2063 808 2118; x_wconf 85' lang='lat' dir='ltr'><strong>omnia</strong></span> <span class='ocrx_word' id='word_1_155' title='bbox 836 2064 1072 2136; x_wconf 88' lang='lat' dir='ltr'><strong>quidem,</strong></span> <span class='ocrx_word' id='word_1_156' title='bbox 1106 2069 1265 2139; x_wconf 90' lang='lat' dir='ltr'><strong>quale</strong></span> <span class='ocrx_word' id='word_1_157' title='bbox 1310 2082 1409 2140; x_wconf 91' lang='lat' dir='ltr'><strong>est,</strong></span> <span class='ocrx_word' id='word_1_158' title='bbox 1443 2083 1498 2128; x_wconf 87' lang='lat' dir='ltr'><strong>ut</strong></span> <span class='ocrx_word' id='word_1_159' title='bbox 1546 2075 1640 2146; x_wconf 91' lang='lat' dir='ltr'><strong>qui</strong></span> <span class='ocrx_word' id='word_1_160' title='bbox 1670 2079 1843 2134; x_wconf 92' lang='lat' dir='ltr'><strong>Deum</strong></span> 
     </span>
    </p>
   </div>
   <div class='ocr_carea' id='block_1_23' title="bbox 249 2150 1841 2236">
    <p class='ocr_par' dir='ltr' id='par_1_23' title="bbox 249 2150 1841 2236">
     <span class='ocr_line' id='line_1_23' title="bbox 249 2150 1841 2236; baseline 0.013 -33"><span class='ocrx_word' id='word_1_161' title='bbox 249 2151 459 2220; x_wconf 82' lang='lat' dir='ltr'><strong>agnosci</strong></span> <span class='ocrx_word' id='word_1_162' title='bbox 490 2150 822 2218; x_wconf 87' lang='lat' dir='ltr'><strong>Creatorem,</strong></span> <span class='ocrx_word' id='word_1_163' title='bbox 877 2163 931 2210; x_wconf 90' lang='lat' dir='ltr'><strong>et</strong></span> <span class='ocrx_word' id='word_1_164' title='bbox 956 2156 1195 2228; x_wconf 88' lang='lat' dir='ltr'><strong>priorem</strong></span> <span class='ocrx_word' id='word_1_165' title='bbox 1225 2159 1294 2216; x_wconf 90' lang='lat' dir='ltr'><strong>de</strong></span> <span class='ocrx_word' id='word_1_166' title='bbox 1321 2162 1510 2217; x_wconf 88' lang='lat' dir='ltr'><strong>notitia</strong></span> <span class='ocrx_word' id='word_1_167' title='bbox 1546 2166 1841 2236; x_wconf 89' lang='lat' dir='ltr'><strong>confiteris,</strong></span> 
     </span>
    </p>
   </div>
   <div class='ocr_carea' id='block_1_24' title="bbox 249 2239 1841 2313">
    <p class='ocr_par' dir='ltr' id='par_1_24' title="bbox 249 2239 1841 2313">
     <span class='ocr_line' id='line_1_24' title="bbox 249 2239 1841 2313; baseline 0.013 -20"><span class='ocrx_word' id='word_1_168' title='bbox 249 2254 340 2293; x_wconf 90' lang='lat' dir='ltr'><strong>non</strong></span> <span class='ocrx_word' id='word_1_169' title='bbox 371 2239 581 2294; x_wconf 78' lang='lat' dir='ltr'><strong>eisdem</strong></span> <span class='ocrx_word' id='word_1_170' title='bbox 611 2242 791 2297; x_wconf 89' lang='lat' dir='ltr'><strong>modis</strong></span> <span class='ocrx_word' id='word_1_171' title='bbox 818 2252 872 2299; x_wconf 91' lang='lat' dir='ltr'><strong>et</strong></span> <span class='ocrx_word' id='word_1_172' title='bbox 900 2244 1062 2300; x_wconf 89' lang='lat' dir='ltr'><strong>alium</strong></span> <span class='ocrx_word' id='word_1_173' title='bbox 1092 2247 1232 2303; x_wconf 85' lang='lat' dir='ltr'><strong>scias</strong></span> <span class='ocrx_word' id='word_1_174' title='bbox 1278 2250 1375 2305; x_wconf 92' lang='lat' dir='ltr'><strong>tibi</strong></span> <span class='ocrx_word' id='word_1_175' title='bbox 1426 2254 1841 2313; x_wconf 85' lang='lat' dir='ltr'><strong>examinandum</strong></span> 
     </span>
    </p>
   </div>
   <div class='ocr_carea' id='block_1_25' title="bbox 251 2328 1844 2404">
    <p class='ocr_par' dir='ltr' id='par_1_25' title="bbox 251 2328 1844 2404">
     <span class='ocr_line' id='line_1_25' title="bbox 251 2328 1844 2404; baseline 0.016 -26"><span class='ocrx_word' id='word_1_176' title='bbox 251 2328 437 2397; x_wconf 85' lang='lat' dir='ltr'><strong>quibus</strong></span> <span class='ocrx_word' id='word_1_177' title='bbox 462 2330 579 2397; x_wconf 90' lang='lat' dir='ltr'><strong>jam</strong></span> <span class='ocrx_word' id='word_1_178' title='bbox 610 2330 668 2385; x_wconf 91' lang='lat' dir='ltr'><strong>in</strong></span> <span class='ocrx_word' id='word_1_179' title='bbox 696 2331 801 2387; x_wconf 90' lang='lat' dir='ltr'><strong>alio</strong></span> <span class='ocrx_word' id='word_1_180' title='bbox 837 2332 1068 2391; x_wconf 85' lang='lat' dir='ltr'><strong>didicisti</strong></span> <span class='ocrx_word' id='word_1_181' title='bbox 1107 2337 1158 2374; x_wconf 79' lang='grc'><strong>⁴²</strong></span> <span class='ocrx_word' id='word_1_182' title='bbox 1196 2339 1370 2394; x_wconf 90' lang='lat' dir='ltr'><strong>Deum</strong></span> <span class='ocrx_word' id='word_1_183' title='bbox 1400 2355 1558 2397; x_wconf 90' lang='lat' dir='ltr'><strong>nosse</strong></span> <span class='ocrx_word' id='word_1_184' title='bbox 1580 2342 1609 2397; x_wconf 74' lang='grc' dir='ltr'><strong>Ῥ</strong></span> <span class='ocrx_word' id='word_1_185' title='bbox 1655 2343 1844 2404; x_wconf 89' lang='lat' dir='ltr'><strong>Omnis</strong></span> 
     </span>
    </p>
   </div>
   <div class='ocr_carea' id='block_1_26' title="bbox 255 2418 1841 2500">
    <p class='ocr_par' dir='ltr' id='par_1_26' title="bbox 255 2418 1841 2500">
     <span class='ocr_line' id='line_1_26' title="bbox 255 2418 1841 2500; baseline 0.014 -31"><span class='ocrx_word' id='word_1_186' title='bbox 255 2431 320 2470; x_wconf 87' lang='lat' dir='ltr'><strong>res</strong></span> <span class='ocrx_word' id='word_1_187' title='bbox 371 2418 624 2473; x_wconf 89' lang='lat' dir='ltr'><strong>anterior</strong></span> <span class='ocrx_word' id='word_1_188' title='bbox 699 2420 982 2489; x_wconf 86' lang='lat' dir='ltr'><strong>posteriori</strong></span> <span class='ocrx_word' id='word_1_189' title='bbox 1067 2440 1312 2482; x_wconf 90' lang='lat' dir='ltr'><strong>normam</strong></span> <span class='ocrx_word' id='word_1_190' title='bbox 1390 2432 1841 2500; x_wconf 87' lang='lat' dir='ltr'><strong>praeministravit.</strong></span> 
     </span>
    </p>
   </div>
   <div class='ocr_carea' id='block_1_27' title="bbox 257 2505 1841 2587">
    <p class='ocr_par' dir='ltr' id='par_1_27' title="bbox 257 2505 1841 2587">
     <span class='ocr_line' id='line_1_27' title="bbox 257 2505 1841 2587; baseline 0.013 -28"><span class='ocrx_word' id='word_1_191' title='bbox 257 2505 350 2560; x_wconf 83' lang='lat' dir='ltr'><strong>Duo</strong></span> <span class='ocrx_word' id='word_1_192' title='bbox 401 2520 553 2560; x_wconf 90' lang='lat' dir='ltr'><strong>nunc</strong></span> <span class='ocrx_word' id='word_1_193' title='bbox 606 2506 681 2560; x_wconf 89' lang='lat' dir='ltr'><strong>dii</strong></span> <span class='ocrx_word' id='word_1_194' title='bbox 741 2519 1134 2581; x_wconf 90' lang='lat' dir='ltr'><strong>proponuntur,</strong></span> <span class='ocrx_word' id='word_1_195' title='bbox 1168 2514 1389 2587; x_wconf 84' lang='lat' dir='ltr'><strong>ignotus</strong></span> <span class='ocrx_word' id='word_1_196' title='bbox 1420 2527 1475 2573; x_wconf 92' lang='lat' dir='ltr'><strong>et</strong></span> <span class='ocrx_word' id='word_1_197' title='bbox 1531 2529 1709 2577; x_wconf 91' lang='lat' dir='ltr'><strong>notus.</strong></span> <span class='ocrx_word' id='word_1_198' title='bbox 1760 2525 1841 2579; x_wconf 89' lang='lat' dir='ltr'><strong>De</strong></span> 
     </span>
    </p>
   </div>
   <div class='ocr_carea' id='block_1_28' title="bbox 254 2596 1842 2679">
    <p class='ocr_par' dir='ltr' id='par_1_28' title="bbox 254 2596 1842 2679">
     <span class='ocr_line' id='line_1_28' title="bbox 254 2596 1842 2679; baseline 0.014 -33"><span class='ocrx_word' id='word_1_199' title='bbox 254 2601 358 2649; x_wconf 87' lang='lat' dir='ltr'><strong>noto</strong></span> <span class='ocrx_word' id='word_1_200' title='bbox 382 2596 831 2668; x_wconf 68' lang='lat' dir='ltr'><strong>vacatquaestio:</strong></span> <span class='ocrx_word' id='word_1_201' title='bbox 860 2614 976 2655; x_wconf 89' lang='lat' dir='ltr'><strong>esse</strong></span> <span class='ocrx_word' id='word_1_202' title='bbox 1033 2618 1159 2659; x_wconf 90' lang='lat' dir='ltr'><strong>eum</strong></span> <span class='ocrx_word' id='word_1_203' title='bbox 1212 2614 1442 2672; x_wconf 83' lang='lat' dir='ltr'><strong>constat,</strong></span> <span class='ocrx_word' id='word_1_204' title='bbox 1503 2610 1629 2679; x_wconf 89' lang='lat' dir='ltr'><strong>quia</strong></span> <span class='ocrx_word' id='word_1_205' title='bbox 1683 2620 1842 2668; x_wconf 88' lang='lat' dir='ltr'><strong>notus</strong></span> 
     </span>
    </p>
   </div>
   <div class='ocr_carea' id='block_1_29' title="bbox 254 2683 1836 2764">
    <p class='ocr_par' dir='ltr' id='par_1_29' title="bbox 254 2683 1836 2764">
     <span class='ocr_line' id='line_1_29' title="bbox 254 2683 1836 2764; baseline 0.015 -29"><span class='ocrx_word' id='word_1_206' title='bbox 254 2696 344 2737; x_wconf 90' lang='lat' dir='ltr'><strong>non</strong></span> <span class='ocrx_word' id='word_1_207' title='bbox 369 2683 585 2753; x_wconf 83' lang='lat' dir='ltr'><strong>fuisset,</strong></span> <span class='ocrx_word' id='word_1_208' title='bbox 628 2686 734 2741; x_wconf 88' lang='lat' dir='ltr'><strong>nisi</strong></span> <span class='ocrx_word' id='word_1_209' title='bbox 756 2696 917 2746; x_wconf 90' lang='lat' dir='ltr'><strong>esset.</strong></span> <span class='ocrx_word' id='word_1_210' title='bbox 946 2689 1027 2745; x_wconf 92' lang='lat' dir='ltr'><strong>De</strong></span> <span class='ocrx_word' id='word_1_211' title='bbox 1083 2691 1268 2764; x_wconf 88' lang='lat' dir='ltr'><strong>ignoto</strong></span> <span class='ocrx_word' id='word_1_212' title='bbox 1298 2695 1462 2751; x_wconf 86' lang='lat' dir='ltr'><strong>instat</strong></span> <span class='ocrx_word' id='word_1_213' title='bbox 1516 2699 1790 2758; x_wconf 89' lang='lat' dir='ltr'><strong>altercatio</strong></span> <span class='ocrx_word' id='word_1_214' title='bbox 1825 2722 1836 2757; x_wconf 92' lang='lat'>:</span> 
     </span>
    </p>
   </div>
   <div class='ocr_carea' id='block_1_30' title="bbox 254 2773 1841 2853">
    <p class='ocr_par' dir='ltr' id='par_1_30' title="bbox 254 2773 1841 2853">
     <span class='ocr_line' id='line_1_30' title="bbox 254 2773 1841 2853; baseline 0.013 -28"><span class='ocrx_word' id='word_1_215' title='bbox 254 2780 414 2841; x_wconf 83' lang='lat' dir='ltr'><strong>potest</strong></span> <span class='ocrx_word' id='word_1_216' title='bbox 459 2773 607 2827; x_wconf 91' lang='lat' dir='ltr'><strong>enim</strong></span> <span class='ocrx_word' id='word_1_217' title='bbox 657 2783 711 2829; x_wconf 91' lang='lat' dir='ltr'><strong>et</strong></span> <span class='ocrx_word' id='word_1_218' title='bbox 764 2791 871 2831; x_wconf 93' lang='lat' dir='ltr'><strong>non</strong></span> <span class='ocrx_word' id='word_1_219' title='bbox 929 2792 1083 2843; x_wconf 88' lang='lat' dir='ltr'><strong>csse;</strong></span> <span class='ocrx_word' id='word_1_220' title='bbox 1135 2781 1262 2853; x_wconf 89' lang='lat' dir='ltr'><strong>quia</strong></span> <span class='ocrx_word' id='word_1_221' title='bbox 1327 2783 1373 2837; x_wconf 90' lang='lat' dir='ltr'><strong>si</strong></span> <span class='ocrx_word' id='word_1_222' title='bbox 1443 2796 1616 2853; x_wconf 90' lang='lat' dir='ltr'><strong>esset,</strong></span> <span class='ocrx_word' id='word_1_223' title='bbox 1683 2799 1841 2846; x_wconf 89' lang='lat' dir='ltr'><strong>notus</strong></span> 
     </span>
    </p>
   </div>
   <div class='ocr_carea' id='block_1_31' title="bbox 254 2859 1839 2950">
    <p class='ocr_par' dir='ltr' id='par_1_31' title="bbox 254 2859 1839 2950">
     <span class='ocr_line' id='line_1_31' title="bbox 254 2859 1839 2950; baseline 0.014 -37"><span class='ocrx_word' id='word_1_224' title='bbox 254 2859 451 2950; x_wconf 68' lang='lat' dir='ltr'><strong>inisset.</strong></span> <span class='ocrx_word' id='word_1_225' title='bbox 498 2859 662 2929; x_wconf 88' lang='lat' dir='ltr'><strong>Quod</strong></span> <span class='ocrx_word' id='word_1_226' title='bbox 709 2879 845 2933; x_wconf 81' lang='lat' dir='ltr'><strong>ergo</strong></span> <span class='ocrx_word' id='word_1_227' title='bbox 887 2866 1144 2936; x_wconf 82' lang='lat' dir='ltr'><strong>quaeritur</strong></span> <span class='ocrx_word' id='word_1_228' title='bbox 1221 2872 1479 2941; x_wconf 89' lang='lat' dir='ltr'><strong>quamdiu</strong></span> <span class='ocrx_word' id='word_1_229' title='bbox 1536 2876 1839 2950; x_wconf 83' lang='lat' dir='ltr'><strong>ignoratur,</strong></span> 
     </span>
    </p>
   </div>
   <div class='ocr_carea' id='block_1_32' title="bbox 257 2948 1389 3027">
    <p class='ocr_par' dir='ltr' id='par_1_32' title="bbox 257 2948 1389 3027">
     <span class='ocr_line' id='line_1_32' title="bbox 257 2948 1389 3027; baseline 0.01 -24"><span class='ocrx_word' id='word_1_230' title='bbox 257 2948 506 3005; x_wconf 86' lang='lat' dir='ltr'><strong>incertum</strong></span> <span class='ocrx_word' id='word_1_231' title='bbox 539 2952 589 2989; x_wconf 63' lang='grc'><strong>’³³</strong></span> <span class='ocrx_word' id='word_1_232' title='bbox 644 2959 727 3008; x_wconf 90' lang='lat' dir='ltr'><strong>est</strong></span> <span class='ocrx_word' id='word_1_233' title='bbox 770 2952 1029 3023; x_wconf 89' lang='lat' dir='ltr'><strong>quamdiu</strong></span> <span class='ocrx_word' id='word_1_234' title='bbox 1071 2958 1332 3027; x_wconf 60' lang='lat' dir='ltr'><strong>quaeritur</strong></span> <span class='ocrx_word' id='word_1_235' title='bbox 1376 2979 1389 3014; x_wconf 92' lang='lat'>:</span> 
     </span>
    </p>
   </div>
   <div class='ocr_carea' id='block_1_33' title="bbox 271 3039 1840 3123">
    <p class='ocr_par' dir='ltr' id='par_1_33' title="bbox 271 3039 1840 3123">
     <span class='ocr_line' id='line_1_33' title="bbox 271 3039 1840 3123; baseline 0.015 -35"><span class='ocrx_word' id='word_1_236' title='bbox 271 3039 659 3108; x_wconf 81' lang='lat' dir='ltr'><strong>esse,quamdiu</strong></span> <span class='ocrx_word' id='word_1_237' title='bbox 684 3040 949 3099; x_wconf 87' lang='lat' dir='ltr'><strong>incertum</strong></span> <span class='ocrx_word' id='word_1_238' title='bbox 978 3044 1029 3082; x_wconf 64' lang='grc'>44</span> <span class='ocrx_word' id='word_1_239' title='bbox 1056 3052 1156 3102; x_wconf 90' lang='lat' dir='ltr'><strong>est.</strong></span> <span class='ocrx_word' id='word_1_240' title='bbox 1217 3047 1395 3105; x_wconf 88' lang='lat' dir='ltr'><strong>Habes</strong></span> <span class='ocrx_word' id='word_1_241' title='bbox 1426 3051 1596 3108; x_wconf 89' lang='lat' dir='ltr'><strong>Deum</strong></span> <span class='ocrx_word' id='word_1_242' title='bbox 1615 3064 1840 3123; x_wconf 89' lang='lat' dir='ltr'><strong>certum,</strong></span> 
     </span>
    </p>
   </div>
   <div class='ocr_carea' id='block_1_34' title="bbox 269 3131 1845 3212">
    <p class='ocr_par' dir='ltr' id='par_1_34' title="bbox 269 3131 1845 3212">
     <span class='ocr_line' id='line_1_34' title="bbox 269 3131 1845 3212; baseline 0.016 -37"><span class='ocrx_word' id='word_1_243' title='bbox 269 3138 376 3193; x_wconf 89' lang='lat' dir='ltr'><strong>qua</strong></span> <span class='ocrx_word' id='word_1_244' title='bbox 436 3135 643 3192; x_wconf 90' lang='lat' dir='ltr'><strong>notum;</strong></span> <span class='ocrx_word' id='word_1_245' title='bbox 696 3140 748 3186; x_wconf 90' lang='lat' dir='ltr'><strong>et</strong></span> <span class='ocrx_word' id='word_1_246' title='bbox 795 3131 1080 3204; x_wconf 89' lang='lat' dir='ltr'><strong>incertum,</strong></span> <span class='ocrx_word' id='word_1_247' title='bbox 1132 3151 1239 3207; x_wconf 90' lang='lat' dir='ltr'><strong>qua</strong></span> <span class='ocrx_word' id='word_1_248' title='bbox 1302 3137 1567 3212; x_wconf 86' lang='lat' dir='ltr'><strong>ignotum.</strong></span> <span class='ocrx_word' id='word_1_249' title='bbox 1640 3144 1699 3199; x_wconf 90' lang='lat' dir='ltr'><strong>Si</strong></span> <span class='ocrx_word' id='word_1_250' title='bbox 1771 3146 1845 3201; x_wconf 90' lang='lat' dir='ltr'><strong>ita</strong></span> 
     </span>
    </p>
   </div>
   <div class='ocr_carea' id='block_1_35' title="bbox 259 3215 1844 3301">
    <p class='ocr_par' dir='ltr' id='par_1_35' title="bbox 259 3215 1844 3301">
     <span class='ocr_line' id='line_1_35' title="bbox 259 3215 1844 3301; baseline 0.015 -34"><span class='ocrx_word' id='word_1_251' title='bbox 259 3220 357 3279; x_wconf 83' lang='lat' dir='ltr'><strong>est,</strong></span> <span class='ocrx_word' id='word_1_252' title='bbox 385 3215 573 3287; x_wconf 82' lang='lat' dir='ltr'><strong>ecquid</strong></span> <span class='ocrx_word' id='word_1_253' title='bbox 609 3216 700 3272; x_wconf 91' lang='lat' dir='ltr'><strong>tibi</strong></span> <span class='ocrx_word' id='word_1_254' title='bbox 728 3219 940 3276; x_wconf 87' lang='lat' dir='ltr'><strong>videtur</strong></span> <span class='ocrx_word' id='word_1_255' title='bbox 961 3222 1108 3292; x_wconf 86' lang='lat' dir='ltr'><strong>justa</strong></span> <span class='ocrx_word' id='word_1_256' title='bbox 1146 3224 1355 3281; x_wconf 86' lang='lat' dir='ltr'><strong>ratione</strong></span> <span class='ocrx_word' id='word_1_257' title='bbox 1394 3227 1634 3301; x_wconf 89' lang='lat' dir='ltr'><strong>defendi,</strong></span> <span class='ocrx_word' id='word_1_258' title='bbox 1686 3241 1745 3289; x_wconf 92' lang='lat' dir='ltr'><strong>ut</strong></span> <span class='ocrx_word' id='word_1_259' title='bbox 1773 3235 1844 3290; x_wconf 91' lang='lat' dir='ltr'><strong>ad</strong></span> 
     </span>
    </p>
   </div>
   <div class='ocr_carea' id='block_1_36' title="bbox 248 3307 1843 3390">
    <p class='ocr_par' dir='ltr' id='par_1_36' title="bbox 248 3307 1843 3390">
     <span class='ocr_line' id='line_1_36' title="bbox 248 3307 1843 3390; baseline 0.016 -35"><span class='ocrx_word' id='word_1_260' title='bbox 248 3316 481 3360; x_wconf 86' lang='lat' dir='ltr'><strong>normam</strong></span> <span class='ocrx_word' id='word_1_261' title='bbox 522 3315 578 3360; x_wconf 89' lang='lat' dir='ltr'><strong>et</strong></span> <span class='ocrx_word' id='word_1_262' title='bbox 606 3307 836 3363; x_wconf 75' lang='lat' dir='ltr'><strong>formam</strong></span> <span class='ocrx_word' id='word_1_263' title='bbox 882 3318 934 3365; x_wconf 91' lang='lat' dir='ltr'><strong>et</strong></span> <span class='ocrx_word' id='word_1_264' title='bbox 980 3313 1220 3384; x_wconf 84' lang='lat' dir='ltr'><strong>regulam</strong></span> <span class='ocrx_word' id='word_1_265' title='bbox 1278 3326 1548 3372; x_wconf 89' lang='lat' dir='ltr'><strong>certorum</strong></span> <span class='ocrx_word' id='word_1_266' title='bbox 1606 3323 1843 3390; x_wconf 90' lang='lat' dir='ltr'><strong>proben-</strong></span> 
     </span>
    </p>
   </div>
   <div class='ocr_carea' id='block_1_37' title="bbox 244 3392 1843 3475">
    <p class='ocr_par' dir='ltr' id='par_1_37' title="bbox 244 3392 1843 3475">
     <span class='ocr_line' id='line_1_37' title="bbox 244 3392 1843 3475; baseline 0.014 -31"><span class='ocrx_word' id='word_1_267' title='bbox 244 3398 325 3447; x_wconf 86' lang='lat' dir='ltr'><strong>tur</strong></span> <span class='ocrx_word' id='word_1_268' title='bbox 356 3392 607 3449; x_wconf 76' lang='lat' dir='ltr'><strong>iucerta?</strong></span> <span class='ocrx_word' id='word_1_269' title='bbox 674 3395 941 3454; x_wconf 57' lang='lat' dir='ltr'><strong>Caeterum</strong></span> <span class='ocrx_word' id='word_1_270' title='bbox 966 3440 979 3464; x_wconf 90' lang='lat'><strong>,</strong></span> <span class='ocrx_word' id='word_1_271' title='bbox 1039 3400 1085 3454; x_wconf 88' lang='lat' dir='ltr'><strong>si</strong></span> <span class='ocrx_word' id='word_1_272' title='bbox 1148 3401 1216 3456; x_wconf 90' lang='lat' dir='ltr'><strong>ad</strong></span> <span class='ocrx_word' id='word_1_273' title='bbox 1270 3402 1411 3461; x_wconf 88' lang='lat' dir='ltr'><strong>hanc</strong></span> <span class='ocrx_word' id='word_1_274' title='bbox 1465 3421 1717 3475; x_wconf 90' lang='lat' dir='ltr'><strong>causam,</strong></span> <span class='ocrx_word' id='word_1_275' title='bbox 1788 3421 1843 3467; x_wconf 92' lang='lat' dir='ltr'><strong>et</strong></span> 
     </span>
    </p>
   </div>
   <div class='ocr_carea' id='block_1_38' title="bbox 240 3482 1841 3561">
    <p class='ocr_par' dir='ltr' id='par_1_38' title="bbox 240 3482 1841 3561">
     <span class='ocr_line' id='line_1_38' title="bbox 240 3482 1841 3561; baseline 0.014 -28"><span class='ocrx_word' id='word_1_276' title='bbox 240 3488 403 3551; x_wconf 82' lang='lat' dir='ltr'><strong>ipsam</strong></span> <span class='ocrx_word' id='word_1_277' title='bbox 442 3482 631 3539; x_wconf 83' lang='lat' dir='ltr'><strong>adhuc</strong></span> <span class='ocrx_word' id='word_1_278' title='bbox 659 3484 940 3557; x_wconf 85' lang='lat' dir='ltr'><strong>incertam,</strong></span> <span class='ocrx_word' id='word_1_279' title='bbox 973 3488 1135 3545; x_wconf 86' lang='lat' dir='ltr'><strong>etiam</strong></span> <span class='ocrx_word' id='word_1_280' title='bbox 1164 3500 1479 3561; x_wconf 86' lang='lat' dir='ltr'><strong>argumenta</strong></span> <span class='ocrx_word' id='word_1_281' title='bbox 1509 3495 1576 3551; x_wconf 93' lang='lat' dir='ltr'><strong>de</strong></span> <span class='ocrx_word' id='word_1_282' title='bbox 1622 3497 1841 3555; x_wconf 86' lang='lat' dir='ltr'><strong>incertis</strong></span> 
     </span>
    </p>
   </div>
   <div class='ocr_carea' id='block_1_39' title="bbox 238 3570 1837 3655">
    <p class='ocr_par' dir='ltr' id='par_1_39' title="bbox 238 3570 1837 3655">
     <span class='ocr_line' id='line_1_39' title="bbox 238 3570 1837 3655; baseline 0.015 -34"><span class='ocrx_word' id='word_1_283' title='bbox 238 3570 611 3655; x_wconf 84' lang='lat' dir='ltr'><strong>adhibeantur,</strong></span> <span class='ocrx_word' id='word_1_284' title='bbox 665 3576 839 3630; x_wconf 88' lang='lat' dir='ltr'><strong>series</strong></span> <span class='ocrx_word' id='word_1_285' title='bbox 892 3576 1254 3649; x_wconf 89' lang='lat' dir='ltr'><strong>implicabitur</strong></span> <span class='ocrx_word' id='word_1_286' title='bbox 1326 3585 1708 3655; x_wconf 63' lang='lat' dir='ltr'><strong>quaestionum,</strong></span> <span class='ocrx_word' id='word_1_287' title='bbox 1774 3607 1837 3646; x_wconf 87' lang='lat' dir='ltr'><strong>ex</strong></span> 
     </span>
    </p>
   </div>
   <div class='ocr_carea' id='block_1_40' title="bbox 236 3654 1830 3743">
    <p class='ocr_par' dir='ltr' id='par_1_40' title="bbox 236 3654 1830 3743">
     <span class='ocr_line' id='line_1_40' title="bbox 236 3654 1830 3743; baseline 0.016 -34"><span class='ocrx_word' id='word_1_288' title='bbox 236 3654 461 3724; x_wconf 89' lang='lat' dir='ltr'><strong>ipsorum</strong></span> <span class='ocrx_word' id='word_1_289' title='bbox 517 3676 747 3733; x_wconf 86' lang='lat' dir='ltr'><strong>quoque</strong></span> <span class='ocrx_word' id='word_1_290' title='bbox 806 3676 1246 3736; x_wconf 89' lang='lat' dir='ltr'><strong>argumentorum</strong></span> <span class='ocrx_word' id='word_1_291' title='bbox 1293 3686 1445 3743; x_wconf 84' lang='lat' dir='ltr'><strong>aeque</strong></span> <span class='ocrx_word' id='word_1_292' title='bbox 1498 3673 1830 3733; x_wconf 88' lang='lat' dir='ltr'><strong>incertorum</strong></span> 
     </span>
    </p>
   </div>
   <div class='ocr_carea' id='block_1_41' title="bbox 228 4012 1832 4102">
    <p class='ocr_par' dir='ltr' id='par_1_41' title="bbox 228 4012 1832 4102">
     <span class='ocr_line' id='line_1_41' title="bbox 228 4012 1832 4102; baseline 0.016 -39"><span class='ocrx_word' id='word_1_293' title='bbox 228 4012 393 4102; x_wconf 73' lang='lat' dir='ltr'><strong>certis,</strong></span> <span class='ocrx_word' id='word_1_294' title='bbox 424 4024 483 4071; x_wconf 86' lang='lat' dir='ltr'><strong>et</strong></span> <span class='ocrx_word' id='word_1_295' title='bbox 536 4014 874 4089; x_wconf 83' lang='lat' dir='ltr'><strong>indubitatis,</strong></span> <span class='ocrx_word' id='word_1_296' title='bbox 905 4032 957 4076; x_wconf 89' lang='lat' dir='ltr'><strong>et</strong></span> <span class='ocrx_word' id='word_1_297' title='bbox 1012 4022 1272 4081; x_wconf 88' lang='lat' dir='ltr'><strong>absolutis</strong></span> <span class='ocrx_word' id='word_1_298' title='bbox 1314 4029 1543 4096; x_wconf 70' lang='lat' dir='ltr'><strong>regulae,</strong></span> <span class='ocrx_word' id='word_1_299' title='bbox 1591 4033 1832 4102; x_wconf 88' lang='lat' dir='ltr'><strong>partibus</strong></span> 
     </span>
    </p>
   </div>
   <div class='ocr_carea' id='block_1_42' title="bbox 229 4097 1826 4187">
    <p class='ocr_par' dir='ltr' id='par_1_42' title="bbox 229 4097 1826 4187">
     <span class='ocr_line' id='line_1_42' title="bbox 229 4097 1826 4187; baseline 0.016 -38"><span class='ocrx_word' id='word_1_300' title='bbox 229 4097 456 4171; x_wconf 80' lang='lat' dir='ltr'><strong>incertis,</strong></span> <span class='ocrx_word' id='word_1_301' title='bbox 540 4111 597 4158; x_wconf 86' lang='lat' dir='ltr'><strong>et</strong></span> <span class='ocrx_word' id='word_1_302' title='bbox 666 4106 844 4162; x_wconf 90' lang='lat' dir='ltr'><strong>dubiis</strong></span> <span class='ocrx_word' id='word_1_303' title='bbox 890 4118 945 4164; x_wconf 87' lang='lat' dir='ltr'><strong>et</strong></span> <span class='ocrx_word' id='word_1_304' title='bbox 1008 4110 1329 4182; x_wconf 83' lang='lat' dir='ltr'><strong>inexpeditis</strong></span> <span class='ocrx_word' id='word_1_305' title='bbox 1393 4097 1826 4187; x_wconf 65' lang='lat' dir='ltr'><strong>prtejudicabunt</strong></span> 
     </span>
    </p>
   </div>
   <div class='ocr_carea' id='block_1_43' title="bbox 223 4187 1819 4273">
    <p class='ocr_par' dir='ltr' id='par_1_43' title="bbox 223 4187 1819 4273">
     <span class='ocr_line' id='line_1_43' title="bbox 223 4187 1819 4273; baseline 0.014 -31"><span class='ocrx_word' id='word_1_306' title='bbox 223 4187 389 4256; x_wconf 85' lang='lat' dir='ltr'><strong>plane,</strong></span> <span class='ocrx_word' id='word_1_307' title='bbox 412 4192 473 4246; x_wconf 90' lang='lat' dir='ltr'><strong>in</strong></span> <span class='ocrx_word' id='word_1_308' title='bbox 506 4190 715 4263; x_wconf 85' lang='lat' dir='ltr'><strong>quibus</strong></span> <span class='ocrx_word' id='word_1_309' title='bbox 758 4194 1041 4254; x_wconf 81' lang='lat' dir='ltr'><strong>diversitas</strong></span> <span class='ocrx_word' id='word_1_310' title='bbox 1087 4207 1254 4256; x_wconf 89' lang='lat' dir='ltr'><strong>status</strong></span> <span class='ocrx_word' id='word_1_311' title='bbox 1300 4200 1465 4259; x_wconf 54' lang='grc' dir='ltr'><strong>εὖτ</strong></span> <span class='ocrx_word' id='word_1_312' title='bbox 1524 4206 1819 4273; x_wconf 83' lang='lat' dir='ltr'><strong>invenitur,</strong></span> 
     </span>
    </p>
   </div>
   <div class='ocr_carea' id='block_1_44' title="bbox 220 4276 1822 4356">
    <p class='ocr_par' dir='ltr' id='par_1_44' title="bbox 220 4276 1822 4356">
     <span class='ocr_line' id='line_1_44' title="bbox 220 4276 1822 4356; baseline 0.014 -25"><span class='ocrx_word' id='word_1_313' title='bbox 220 4276 443 4338; x_wconf 78' lang='lat' dir='ltr'><strong>fortasse</strong></span> <span class='ocrx_word' id='word_1_314' title='bbox 471 4297 557 4337; x_wconf 86' lang='lat' dir='ltr'><strong>an</strong></span> <span class='ocrx_word' id='word_1_315' title='bbox 606 4296 716 4337; x_wconf 90' lang='lat' dir='ltr'><strong>non</strong></span> <span class='ocrx_word' id='word_1_316' title='bbox 784 4294 1144 4356; x_wconf 87' lang='lat' dir='ltr'><strong>provocentur</strong></span> <span class='ocrx_word' id='word_1_317' title='bbox 1206 4290 1407 4348; x_wconf 86' lang='lat' dir='ltr'><strong>incerta</strong></span> <span class='ocrx_word' id='word_1_318' title='bbox 1461 4293 1527 4348; x_wconf 85' lang='lat' dir='ltr'><strong>ad</strong></span> <span class='ocrx_word' id='word_1_319' title='bbox 1592 4295 1822 4352; x_wconf 79' lang='lat' dir='ltr'><strong>formam</strong></span> 
     </span>
    </p>
   </div>
   <div class='ocr_carea' id='block_1_45' title="bbox 216 4370 1823 4453">
    <p class='ocr_par' dir='ltr' id='par_1_45' title="bbox 216 4370 1823 4453">
     <span class='ocr_line' id='line_1_45' title="bbox 216 4370 1823 4453; baseline 0.011 -31"><span class='ocrx_word' id='word_1_320' title='bbox 216 4378 507 4437; x_wconf 86' lang='lat' dir='ltr'><strong>certorum,</strong></span> <span class='ocrx_word' id='word_1_321' title='bbox 577 4377 634 4424; x_wconf 91' lang='lat' dir='ltr'><strong>ut</strong></span> <span class='ocrx_word' id='word_1_322' title='bbox 726 4370 948 4428; x_wconf 90' lang='lat' dir='ltr'><strong>liberata</strong></span> <span class='ocrx_word' id='word_1_323' title='bbox 1011 4392 1045 4431; x_wconf 87' lang='lat' dir='ltr'><strong>a</strong></span> <span class='ocrx_word' id='word_1_324' title='bbox 1122 4376 1328 4450; x_wconf 90' lang='lat' dir='ltr'><strong>reliqua</strong></span> <span class='ocrx_word' id='word_1_325' title='bbox 1401 4384 1823 4453; x_wconf 89' lang='lat' dir='ltr'><strong>comparationis</strong></span> 
     </span>
    </p>
   </div>
   <div class='ocr_carea' id='block_1_46' title="bbox 217 4459 1823 4541">
    <p class='ocr_par' dir='ltr' id='par_1_46' title="bbox 217 4459 1823 4541">
     <span class='ocr_line' id='line_1_46' title="bbox 217 4459 1823 4541; baseline 0.012 -32"><span class='ocrx_word' id='word_1_326' title='bbox 217 4459 608 4525; x_wconf 79' lang='lat' dir='ltr'><strong>provocatione</strong></span> <span class='ocrx_word' id='word_1_327' title='bbox 659 4473 758 4528; x_wconf 90' lang='lat' dir='ltr'><strong>per</strong></span> <span class='ocrx_word' id='word_1_328' title='bbox 825 4461 1184 4520; x_wconf 88' lang='lat' dir='ltr'><strong>diversitatem</strong></span> <span class='ocrx_word' id='word_1_329' title='bbox 1245 4475 1414 4524; x_wconf 89' lang='lat' dir='ltr'><strong>status</strong></span> <span class='ocrx_word' id='word_1_330' title='bbox 1488 4470 1823 4541; x_wconf 86' lang='lat' dir='ltr'><strong>principalis.</strong></span> 
     </span>
    </p>
   </div>
   <div class='ocr_carea' id='block_1_47' title="bbox 215 4541 1823 4620">
    <p class='ocr_par' dir='ltr' id='par_1_47' title="bbox 215 4541 1823 4620">
     <span class='ocr_line' id='line_1_47' title="bbox 215 4541 1823 4620; baseline 0.011 -23"><span class='ocrx_word' id='word_1_331' title='bbox 215 4541 336 4600; x_wconf 87' lang='lat' dir='ltr'><strong>Cum</strong></span> <span class='ocrx_word' id='word_1_332' title='bbox 365 4562 505 4603; x_wconf 86' lang='lat' dir='ltr'><strong>vero</strong></span> <span class='ocrx_word' id='word_1_333' title='bbox 541 4544 654 4601; x_wconf 90' lang='lat' dir='ltr'><strong>duo</strong></span> <span class='ocrx_word' id='word_1_334' title='bbox 697 4546 771 4602; x_wconf 90' lang='lat' dir='ltr'><strong>dii</strong></span> <span class='ocrx_word' id='word_1_335' title='bbox 803 4559 1195 4620; x_wconf 86' lang='lat' dir='ltr'><strong>proponuntur,</strong></span> <span class='ocrx_word' id='word_1_336' title='bbox 1253 4556 1553 4611; x_wconf 90' lang='lat' dir='ltr'><strong>communis</strong></span> <span class='ocrx_word' id='word_1_337' title='bbox 1602 4565 1684 4613; x_wconf 89' lang='lat' dir='ltr'><strong>est</strong></span> <span class='ocrx_word' id='word_1_338' title='bbox 1722 4559 1823 4614; x_wconf 89' lang='lat' dir='ltr'><strong>illis</strong></span> 
     </span>
    </p>
   </div>
   <div class='ocr_carea' id='block_1_48' title="bbox 214 4634 1823 4708">
    <p class='ocr_par' dir='ltr' id='par_1_48' title="bbox 214 4634 1823 4708">
     <span class='ocr_line' id='line_1_48' title="bbox 214 4634 1823 4708; baseline 0.012 -24"><span class='ocrx_word' id='word_1_339' title='bbox 214 4642 377 4691; x_wconf 84' lang='lat' dir='ltr'><strong>status</strong></span> <span class='ocrx_word' id='word_1_340' title='bbox 430 4634 783 4708; x_wconf 86' lang='lat' dir='ltr'><strong>principalis.</strong></span> <span class='ocrx_word' id='word_1_341' title='bbox 841 4636 998 4706; x_wconf 90' lang='lat' dir='ltr'><strong>Quod</strong></span> <span class='ocrx_word' id='word_1_342' title='bbox 1055 4641 1196 4697; x_wconf 91' lang='lat' dir='ltr'><strong>enim</strong></span> <span class='ocrx_word' id='word_1_343' title='bbox 1251 4644 1401 4700; x_wconf 89' lang='lat' dir='ltr'><strong>Deus</strong></span> <span class='ocrx_word' id='word_1_344' title='bbox 1452 4654 1534 4701; x_wconf 89' lang='lat' dir='ltr'><strong>est</strong></span> <span class='ocrx_word' id='word_1_345' title='bbox 1586 4646 1637 4684; x_wconf 67' lang='grc'><strong>4⁵</strong></span> <span class='ocrx_word' id='word_1_346' title='bbox 1664 4647 1823 4702; x_wconf 89' lang='lat' dir='ltr'><strong>ambo</strong></span> 
     </span>
    </p>
   </div>
   <div class='ocr_carea' id='block_1_49' title="bbox 1970 474 3553 544">
    <p class='ocr_par' dir='ltr' id='par_1_49' title="bbox 1970 474 3553 544">
     <span class='ocr_line' id='line_1_49' title="bbox 1970 474 3553 544; baseline 0.005 -16"><span class='ocrx_word' id='word_1_347' title='bbox 1970 474 2120 544; x_wconf 91' lang='lat' dir='ltr'><strong>palis.</strong></span> <span class='ocrx_word' id='word_1_348' title='bbox 2180 475 2382 531; x_wconf 69' lang='lat' dir='ltr'><strong>Caetera</strong></span> <span class='ocrx_word' id='word_1_349' title='bbox 2447 476 2639 532; x_wconf 88' lang='lat' dir='ltr'><strong>viderit</strong></span> <span class='ocrx_word' id='word_1_350' title='bbox 2702 476 2955 543; x_wconf 75' lang='lat' dir='ltr'><strong>Marcion,</strong></span> <span class='ocrx_word' id='word_1_351' title='bbox 3016 479 3060 533; x_wconf 90' lang='lat' dir='ltr'><strong>si</strong></span> <span class='ocrx_word' id='word_1_352' title='bbox 3130 480 3186 534; x_wconf 89' lang='lat' dir='ltr'><strong>in</strong></span> <span class='ocrx_word' id='word_1_353' title='bbox 3244 481 3553 536; x_wconf 89' lang='lat' dir='ltr'><strong>diversitate</strong></span> 
     </span>
    </p>
   </div>
   <div class='ocr_carea' id='block_1_50' title="bbox 1968 560 3554 633">
    <p class='ocr_par' dir='ltr' id='par_1_50' title="bbox 1968 560 3554 633">
     <span class='ocr_line' id='line_1_50' title="bbox 1968 560 3554 633; baseline 0.006 -18"><span class='ocrx_word' id='word_1_354' title='bbox 1968 560 2261 633; x_wconf 89' lang='lat' dir='ltr'><strong>disposuit;</strong></span> <span class='ocrx_word' id='word_1_355' title='bbox 2293 566 2593 632; x_wconf 87' lang='lat' dir='ltr'><strong>posteriora</strong></span> <span class='ocrx_word' id='word_1_356' title='bbox 2621 565 2763 621; x_wconf 92' lang='lat' dir='ltr'><strong>enim</strong></span> <span class='ocrx_word' id='word_1_357' title='bbox 2822 573 2948 621; x_wconf 90' lang='lat' dir='ltr'><strong>sunt</strong></span> <span class='ocrx_word' id='word_1_358' title='bbox 2979 566 3031 620; x_wconf 92' lang='lat' dir='ltr'><strong>in</strong></span> <span class='ocrx_word' id='word_1_359' title='bbox 3080 575 3393 632; x_wconf 83' lang='lat' dir='ltr'><strong>retractatu;</strong></span> <span class='ocrx_word' id='word_1_360' title='bbox 3446 569 3554 625; x_wconf 90' lang='lat' dir='ltr'><strong>imo</strong></span> 
     </span>
    </p>
   </div>
   <div class='ocr_carea' id='block_1_51' title="bbox 1968 653 3549 727">
    <p class='ocr_par' dir='ltr' id='par_1_51' title="bbox 1968 653 3549 727">
     <span class='ocr_line' id='line_1_51' title="bbox 1968 653 3549 727; baseline 0.006 -21"><span class='ocrx_word' id='word_1_361' title='bbox 1968 667 2070 707; x_wconf 90' lang='lat' dir='ltr'><strong>nec</strong></span> <span class='ocrx_word' id='word_1_362' title='bbox 2119 653 2481 724; x_wconf 87' lang='lat' dir='ltr'><strong>admitteutur,</strong></span> <span class='ocrx_word' id='word_1_363' title='bbox 2533 656 2579 710; x_wconf 90' lang='lat' dir='ltr'><strong>si</strong></span> <span class='ocrx_word' id='word_1_364' title='bbox 2642 654 2712 711; x_wconf 91' lang='lat' dir='ltr'><strong>de</strong></span> <span class='ocrx_word' id='word_1_365' title='bbox 2787 654 3068 727; x_wconf 87' lang='lat' dir='ltr'><strong>principali</strong></span> <span class='ocrx_word' id='word_1_366' title='bbox 3141 660 3282 713; x_wconf 84' lang='lat' dir='ltr'><strong>statu</strong></span> <span class='ocrx_word' id='word_1_367' title='bbox 3321 666 3549 715; x_wconf 87' lang='lat' dir='ltr'><strong>constet.</strong></span> 
     </span>
    </p>
   </div>
   <div class='ocr_carea' id='block_1_52' title="bbox 1967 740 3549 817">
    <p class='ocr_par' dir='ltr' id='par_1_52' title="bbox 1967 740 3549 817">
     <span class='ocr_line' id='line_1_52' title="bbox 1967 740 3549 817; baseline 0.004 -24"><span class='ocrx_word' id='word_1_368' title='bbox 1967 740 2131 796; x_wconf 89' lang='lat' dir='ltr'><strong>Porro</strong></span> <span class='ocrx_word' id='word_1_369' title='bbox 2193 750 2401 797; x_wconf 85' lang='lat' dir='ltr'><strong>constat</strong></span> <span class='ocrx_word' id='word_1_370' title='bbox 2443 743 2571 815; x_wconf 83' lang='lat' dir='ltr'><strong>quia</strong></span> <span class='ocrx_word' id='word_1_371' title='bbox 2617 743 2689 797; x_wconf 87' lang='lat' dir='ltr'><strong>dii</strong></span> <span class='ocrx_word' id='word_1_372' title='bbox 2745 745 2925 809; x_wconf 87' lang='lat' dir='ltr'><strong>ambo,</strong></span> <span class='ocrx_word' id='word_1_373' title='bbox 2974 752 3027 799; x_wconf 91' lang='lat' dir='ltr'><strong>et</strong></span> <span class='ocrx_word' id='word_1_374' title='bbox 3078 743 3153 798; x_wconf 90' lang='lat' dir='ltr'><strong>ita</strong></span> <span class='ocrx_word' id='word_1_375' title='bbox 3202 744 3272 799; x_wconf 92' lang='lat' dir='ltr'><strong>de</strong></span> <span class='ocrx_word' id='word_1_376' title='bbox 3318 760 3549 817; x_wconf 90' lang='lat' dir='ltr'><strong>quorum</strong></span> 
     </span>
    </p>
   </div>
   <div class='ocr_carea' id='block_1_53' title="bbox 1965 834 3548 904">
    <p class='ocr_par' dir='ltr' id='par_1_53' title="bbox 1965 834 3548 904">
     <span class='ocr_line' id='line_1_53' title="bbox 1965 834 3548 904; baseline 0.006 -22"><span class='ocrx_word' id='word_1_377' title='bbox 1965 836 2101 883; x_wconf 89' lang='lat' dir='ltr'><strong>statu</strong></span> <span class='ocrx_word' id='word_1_378' title='bbox 2130 838 2334 887; x_wconf 87' lang='lat' dir='ltr'><strong>constat</strong></span> <span class='ocrx_word' id='word_1_379' title='bbox 2356 845 2699 888; x_wconf 87' lang='lat' dir='ltr'><strong>communem</strong></span> <span class='ocrx_word' id='word_1_380' title='bbox 2757 848 2898 899; x_wconf 87' lang='lat' dir='ltr'><strong>esse,</strong></span> <span class='ocrx_word' id='word_1_381' title='bbox 2930 849 3054 889; x_wconf 90' lang='lat' dir='ltr'><strong>cum</strong></span> <span class='ocrx_word' id='word_1_382' title='bbox 3109 834 3209 889; x_wconf 88' lang='lat' dir='ltr'><strong>sub</strong></span> <span class='ocrx_word' id='word_1_383' title='bbox 3237 847 3303 889; x_wconf 91' lang='lat' dir='ltr'><strong>eo</strong></span> <span class='ocrx_word' id='word_1_384' title='bbox 3325 834 3391 887; x_wconf 86' lang='lat' dir='ltr'><strong>ad</strong></span> <span class='ocrx_word' id='word_1_385' title='bbox 3419 851 3548 904; x_wconf 92' lang='lat' dir='ltr'><strong>pro-</strong></span> 
     </span>
    </p>
   </div>
   <div class='ocr_carea' id='block_1_54' title="bbox 1964 917 3551 988">
    <p class='ocr_par' dir='ltr' id='par_1_54' title="bbox 1964 917 3551 988">
     <span class='ocr_line' id='line_1_54' title="bbox 1964 917 3551 988; baseline 0.004 -17"><span class='ocrx_word' id='word_1_386' title='bbox 1964 917 2234 975; x_wconf 87' lang='lat' dir='ltr'><strong>bationem</strong></span> <span class='ocrx_word' id='word_1_387' title='bbox 2279 920 2608 978; x_wconf 86' lang='lat' dir='ltr'><strong>devocantur</strong></span> <span class='ocrx_word' id='word_1_388' title='bbox 2658 940 2671 976; x_wconf 90' lang='lat'><strong>:</strong></span> <span class='ocrx_word' id='word_1_389' title='bbox 2726 922 2769 977; x_wconf 92' lang='lat' dir='ltr'><strong>si</strong></span> <span class='ocrx_word' id='word_1_390' title='bbox 2818 923 3017 979; x_wconf 88' lang='lat' dir='ltr'><strong>incerta</strong></span> <span class='ocrx_word' id='word_1_391' title='bbox 3073 930 3214 988; x_wconf 89' lang='lat' dir='ltr'><strong>sunt,</strong></span> <span class='ocrx_word' id='word_1_392' title='bbox 3262 922 3329 977; x_wconf 88' lang='lat' dir='ltr'><strong>ad</strong></span> <span class='ocrx_word' id='word_1_393' title='bbox 3365 936 3551 979; x_wconf 90' lang='lat' dir='ltr'><strong>eorum</strong></span> 
     </span>
    </p>
   </div>
   <div class='ocr_carea' id='block_1_55' title="bbox 1962 1010 3550 1084">
    <p class='ocr_par' dir='ltr' id='par_1_55' title="bbox 1962 1010 3550 1084">
     <span class='ocr_line' id='line_1_55' title="bbox 1962 1010 3550 1084; baseline 0.003 -21"><span class='ocrx_word' id='word_1_394' title='bbox 1962 1016 2227 1064; x_wconf 88' lang='lat' dir='ltr'><strong>certorum</strong></span> <span class='ocrx_word' id='word_1_395' title='bbox 2257 1010 2485 1067; x_wconf 76' lang='lat' dir='ltr'><strong>formam</strong></span> <span class='ocrx_word' id='word_1_396' title='bbox 2540 1014 2880 1082; x_wconf 84' lang='lat' dir='ltr'><strong>provocanda</strong></span> <span class='ocrx_word' id='word_1_397' title='bbox 2931 1021 3106 1078; x_wconf 91' lang='lat' dir='ltr'><strong>erunt,</strong></span> <span class='ocrx_word' id='word_1_398' title='bbox 3166 1028 3288 1068; x_wconf 91' lang='lat' dir='ltr'><strong>cum</strong></span> <span class='ocrx_word' id='word_1_399' title='bbox 3353 1012 3550 1084; x_wconf 90' lang='lat' dir='ltr'><strong>quibus</strong></span> 
     </span>
    </p>
   </div>
   <div class='ocr_carea' id='block_1_56' title="bbox 1960 1095 3550 1169">
    <p class='ocr_par' dir='ltr' id='par_1_56' title="bbox 1960 1095 3550 1169">
     <span class='ocr_line' id='line_1_56' title="bbox 1960 1095 3550 1169; baseline 0.004 -19"><span class='ocrx_word' id='word_1_400' title='bbox 1960 1095 2029 1151; x_wconf 91' lang='lat' dir='ltr'><strong>de</strong></span> <span class='ocrx_word' id='word_1_401' title='bbox 2082 1100 2458 1154; x_wconf 90' lang='lat' dir='ltr'><strong>communione</strong></span> <span class='ocrx_word' id='word_1_402' title='bbox 2503 1108 2671 1155; x_wconf 89' lang='lat' dir='ltr'><strong>status</strong></span> <span class='ocrx_word' id='word_1_403' title='bbox 2751 1100 3064 1169; x_wconf 87' lang='lat' dir='ltr'><strong>principalis</strong></span> <span class='ocrx_word' id='word_1_404' title='bbox 3112 1110 3418 1166; x_wconf 78' lang='lat' dir='ltr'><strong>censentur,</strong></span> <span class='ocrx_word' id='word_1_405' title='bbox 3487 1110 3550 1156; x_wconf 91' lang='lat' dir='ltr'><strong>ut</strong></span> 
     </span>
    </p>
   </div>
   <div class='ocr_carea' id='block_1_57' title="bbox 1960 1187 3550 1262">
    <p class='ocr_par' dir='ltr' id='par_1_57' title="bbox 1960 1187 3550 1262">
     <span class='ocr_line' id='line_1_57' title="bbox 1960 1187 3550 1262; baseline 0.001 -19"><span class='ocrx_word' id='word_1_406' title='bbox 1960 1187 2188 1259; x_wconf 89' lang='lat' dir='ltr'><strong>proinde</strong></span> <span class='ocrx_word' id='word_1_407' title='bbox 2218 1196 2271 1243; x_wconf 89' lang='lat' dir='ltr'><strong>et</strong></span> <span class='ocrx_word' id='word_1_408' title='bbox 2296 1188 2363 1242; x_wconf 88' lang='lat' dir='ltr'><strong>de</strong></span> <span class='ocrx_word' id='word_1_409' title='bbox 2402 1189 2720 1259; x_wconf 89' lang='lat' dir='ltr'><strong>probatione</strong></span> <span class='ocrx_word' id='word_1_410' title='bbox 2752 1188 3169 1246; x_wconf 89' lang='lat' dir='ltr'><strong>communicent.</strong></span> <span class='ocrx_word' id='word_1_411' title='bbox 3203 1188 3342 1243; x_wconf 87' lang='lat' dir='ltr'><strong>Hinc</strong></span> <span class='ocrx_word' id='word_1_412' title='bbox 3369 1189 3550 1262; x_wconf 79' lang='lat' dir='ltr'><strong>itaque</strong></span> 
     </span>
    </p>
   </div>
   <div class='ocr_carea' id='block_1_58' title="bbox 1959 1275 3548 1351">
    <p class='ocr_par' dir='ltr' id='par_1_58' title="bbox 1959 1275 3548 1351">
     <span class='ocr_line' id='line_1_58' title="bbox 1959 1275 3548 1351; baseline 0.001 -21"><span class='ocrx_word' id='word_1_413' title='bbox 1959 1275 2396 1332; x_wconf 89' lang='lat' dir='ltr'><strong>constantissime</strong></span> <span class='ocrx_word' id='word_1_414' title='bbox 2431 1277 2659 1351; x_wconf 82' lang='lat' dir='ltr'><strong>dirigam</strong></span> <span class='ocrx_word' id='word_1_415' title='bbox 2691 1280 2805 1348; x_wconf 84' lang='lat'><strong>(36)</strong></span> <span class='ocrx_word' id='word_1_416' title='bbox 2835 1279 3011 1333; x_wconf 89' lang='lat' dir='ltr'><strong>Deum</strong></span> <span class='ocrx_word' id='word_1_417' title='bbox 3043 1292 3152 1333; x_wconf 90' lang='lat' dir='ltr'><strong>non</strong></span> <span class='ocrx_word' id='word_1_418' title='bbox 3181 1293 3299 1333; x_wconf 91' lang='lat' dir='ltr'><strong>esse</strong></span> <span class='ocrx_word' id='word_1_419' title='bbox 3339 1278 3431 1348; x_wconf 89' lang='lat' dir='ltr'><strong>qui</strong></span> <span class='ocrx_word' id='word_1_420' title='bbox 3488 1276 3548 1332; x_wconf 86' lang='lat' dir='ltr'><strong>ﬁt</strong></span> 
     </span>
    </p>
   </div>
   <div class='ocr_carea' id='block_1_59' title="bbox 1957 1364 3544 1439">
    <p class='ocr_par' dir='ltr' id='par_1_59' title="bbox 1957 1364 3544 1439">
     <span class='ocr_line' id='line_1_59' title="bbox 1957 1364 3544 1439; baseline 0.001 -21"><span class='ocrx_word' id='word_1_421' title='bbox 1957 1364 2113 1419; x_wconf 86' lang='lat' dir='ltr'><strong>hodie</strong></span> <span class='ocrx_word' id='word_1_422' title='bbox 2165 1366 2413 1433; x_wconf 89' lang='lat' dir='ltr'><strong>incertus,</strong></span> <span class='ocrx_word' id='word_1_423' title='bbox 2445 1366 2573 1438; x_wconf 90' lang='lat' dir='ltr'><strong>quia</strong></span> <span class='ocrx_word' id='word_1_424' title='bbox 2620 1374 2765 1423; x_wconf 89' lang='lat' dir='ltr'><strong>retro</strong></span> <span class='ocrx_word' id='word_1_425' title='bbox 2807 1367 3060 1439; x_wconf 82' lang='lat' dir='ltr'><strong>ignotus:</strong></span> <span class='ocrx_word' id='word_1_426' title='bbox 3118 1366 3336 1436; x_wconf 86' lang='lat' dir='ltr'><strong>quando</strong></span> <span class='ocrx_word' id='word_1_427' title='bbox 3385 1382 3544 1439; x_wconf 88' lang='lat' dir='ltr'><strong>quem</strong></span> 
     </span>
    </p>
   </div>
   <div class='ocr_carea' id='block_1_60' title="bbox 1956 1455 3545 1527">
    <p class='ocr_par' dir='ltr' id='par_1_60' title="bbox 1956 1455 3545 1527">
     <span class='ocr_line' id='line_1_60' title="bbox 1956 1455 3545 1527; baseline 0.001 -20"><span class='ocrx_word' id='word_1_428' title='bbox 1956 1460 2164 1508; x_wconf 87' lang='lat' dir='ltr'><strong>constat</strong></span> <span class='ocrx_word' id='word_1_429' title='bbox 2220 1470 2353 1518; x_wconf 90' lang='lat' dir='ltr'><strong>esse,</strong></span> <span class='ocrx_word' id='word_1_430' title='bbox 2414 1470 2482 1509; x_wconf 85' lang='lat' dir='ltr'><strong>ex</strong></span> <span class='ocrx_word' id='word_1_431' title='bbox 2519 1456 2621 1511; x_wconf 90' lang='lat' dir='ltr'><strong>hoc</strong></span> <span class='ocrx_word' id='word_1_432' title='bbox 2665 1456 2783 1525; x_wconf 90' lang='lat' dir='ltr'><strong>ipso</strong></span> <span class='ocrx_word' id='word_1_433' title='bbox 2814 1462 3024 1510; x_wconf 88' lang='lat' dir='ltr'><strong>constat</strong></span> <span class='ocrx_word' id='word_1_434' title='bbox 3076 1455 3222 1527; x_wconf 89' lang='lat' dir='ltr'><strong>quod</strong></span> <span class='ocrx_word' id='word_1_435' title='bbox 3269 1468 3545 1525; x_wconf 87' lang='lat' dir='ltr'><strong>nunquam</strong></span> 
     </span>
    </p>
   </div>
   <div class='ocr_carea' id='block_1_61' title="bbox 1955 1539 2947 1615">
    <p class='ocr_par' dir='ltr' id='par_1_61' title="bbox 1955 1539 2947 1615">
     <span class='ocr_line' id='line_1_61' title="bbox 1955 1539 2947 1615; baseline 0.001 -20"><span class='ocrx_word' id='word_1_436' title='bbox 1955 1539 2113 1597; x_wconf 91' lang='lat' dir='ltr'><strong>fuerit</strong></span> <span class='ocrx_word' id='word_1_437' title='bbox 2152 1543 2387 1615; x_wconf 87' lang='lat' dir='ltr'><strong>ignotus,</strong></span> <span class='ocrx_word' id='word_1_438' title='bbox 2418 1542 2539 1597; x_wconf 88' lang='lat' dir='ltr'><strong>idco</strong></span> <span class='ocrx_word' id='word_1_439' title='bbox 2568 1558 2666 1599; x_wconf 90' lang='lat' dir='ltr'><strong>nec</strong></span> <span class='ocrx_word' id='word_1_440' title='bbox 2693 1544 2947 1599; x_wconf 88' lang='lat' dir='ltr'><strong>incertus.</strong></span> 
     </span>
    </p>
   </div>
   <div class='ocr_carea' id='block_1_62' title="bbox 2572 1685 2920 1742">
    <p class='ocr_par' dir='ltr' id='par_1_62' title="bbox 2572 1685 2920 1742">
     <span class='ocr_line' id='line_1_62' title="bbox 2572 1685 2920 1742; baseline -0.009 0"><span class='ocrx_word' id='word_1_441' title='bbox 2572 1685 2802 1742; x_wconf 82' lang='lat' dir='ltr'><strong>CAPUT</strong></span> <span class='ocrx_word' id='word_1_442' title='bbox 2848 1687 2920 1742; x_wconf 84' lang='lat' dir='ltr'><strong>X.</strong></span> 
     </span>
    </p>
   </div>
   <div class='ocr_carea' id='block_1_63' title="bbox 2022 1809 3540 1883">
    <p class='ocr_par' dir='ltr' id='par_1_63' title="bbox 2022 1809 3540 1883">
     <span class='ocr_line' id='line_1_63' title="bbox 2022 1809 3540 1883; baseline 0 -18"><span class='ocrx_word' id='word_1_443' title='bbox 2022 1809 2294 1880; x_wconf 90' lang='lat' dir='ltr'><strong>Siquidem</strong></span> <span class='ocrx_word' id='word_1_444' title='bbox 2345 1827 2376 1866; x_wconf 89' lang='lat' dir='ltr'><strong>a</strong></span> <span class='ocrx_word' id='word_1_445' title='bbox 2426 1810 2723 1883; x_wconf 90' lang='lat' dir='ltr'><strong>primordio</strong></span> <span class='ocrx_word' id='word_1_446' title='bbox 2790 1826 2992 1879; x_wconf 89' lang='lat' dir='ltr'><strong>rerum,</strong></span> <span class='ocrx_word' id='word_1_447' title='bbox 3049 1811 3296 1867; x_wconf 89' lang='lat' dir='ltr'><strong>conditor</strong></span> <span class='ocrx_word' id='word_1_448' title='bbox 3357 1825 3540 1865; x_wconf 87' lang='lat' dir='ltr'><strong>earum</strong></span> 
     </span>
    </p>
   </div>
   <div class='ocr_carea' id='block_1_64' title="bbox 1951 1898 3533 1972">
    <p class='ocr_par' dir='ltr' id='par_1_64' title="bbox 1951 1898 3533 1972">
     <span class='ocr_line' id='line_1_64' title="bbox 1951 1898 3533 1972; baseline -0.001 -18"><span class='ocrx_word' id='word_1_449' title='bbox 1951 1913 2071 1954; x_wconf 92' lang='lat' dir='ltr'><strong>cum</strong></span> <span class='ocrx_word' id='word_1_450' title='bbox 2103 1898 2232 1969; x_wconf 88' lang='lat' dir='ltr'><strong>ipsis</strong></span> <span class='ocrx_word' id='word_1_451' title='bbox 2260 1901 2463 1970; x_wconf 87' lang='lat' dir='ltr'><strong>pariter</strong></span> <span class='ocrx_word' id='word_1_452' title='bbox 2488 1906 2793 1972; x_wconf 89' lang='lat' dir='ltr'><strong>compertus</strong></span> <span class='ocrx_word' id='word_1_453' title='bbox 2822 1909 2923 1964; x_wconf 88' lang='lat' dir='ltr'><strong>est,</strong></span> <span class='ocrx_word' id='word_1_454' title='bbox 2955 1899 3089 1970; x_wconf 85' lang='lat' dir='ltr'><strong>ipsis</strong></span> <span class='ocrx_word' id='word_1_455' title='bbox 3131 1899 3199 1953; x_wconf 89' lang='lat' dir='ltr'><strong>ad</strong></span> <span class='ocrx_word' id='word_1_456' title='bbox 3253 1899 3357 1953; x_wconf 89' lang='lat' dir='ltr'><strong>hoc</strong></span> <span class='ocrx_word' id='word_1_457' title='bbox 3399 1913 3533 1968; x_wconf 90' lang='lat' dir='ltr'><strong>pro-</strong></span> 
     </span>
    </p>
   </div>
   <div class='ocr_carea' id='block_1_65' title="bbox 1951 1987 3545 2065">
    <p class='ocr_par' dir='ltr' id='par_1_65' title="bbox 1951 1987 3545 2065">
     <span class='ocr_line' id='line_1_65' title="bbox 1951 1987 3545 2065; baseline -0.001 -20"><span class='ocrx_word' id='word_1_458' title='bbox 1951 1989 2103 2055; x_wconf 88' lang='lat' dir='ltr'><strong>latis,</strong></span> <span class='ocrx_word' id='word_1_459' title='bbox 2137 1998 2198 2045; x_wconf 91' lang='lat' dir='ltr'><strong>ut</strong></span> <span class='ocrx_word' id='word_1_460' title='bbox 2226 1990 2373 2046; x_wconf 91' lang='lat' dir='ltr'><strong>Deus</strong></span> <span class='ocrx_word' id='word_1_461' title='bbox 2400 1998 2836 2065; x_wconf 70' lang='lat' dir='ltr'><strong>cognosceretur.</strong></span> <span class='ocrx_word' id='word_1_462' title='bbox 2868 1990 2982 2046; x_wconf 87' lang='lat' dir='ltr'><strong>Nec</strong></span> <span class='ocrx_word' id='word_1_463' title='bbox 3010 1989 3153 2045; x_wconf 92' lang='lat' dir='ltr'><strong>enim</strong></span> <span class='ocrx_word' id='word_1_464' title='bbox 3184 1990 3229 2044; x_wconf 92' lang='lat' dir='ltr'><strong>si</strong></span> <span class='ocrx_word' id='word_1_465' title='bbox 3257 1987 3545 2061; x_wconf 87' lang='lat' dir='ltr'><strong>aliquando</strong></span> 
     </span>
    </p>
   </div>
   <div class='ocr_carea' id='block_1_66' title="bbox 1953 2076 3541 2150">
    <p class='ocr_par' dir='ltr' id='par_1_66' title="bbox 1953 2076 3541 2150">
     <span class='ocr_line' id='line_1_66' title="bbox 1953 2076 3541 2150; baseline -0.002 -14"><span class='ocrx_word' id='word_1_466' title='bbox 1953 2078 2220 2150; x_wconf 87' lang='lat' dir='ltr'><strong>posterior</strong></span> <span class='ocrx_word' id='word_1_467' title='bbox 2246 2081 2419 2134; x_wconf 86' lang='lat' dir='ltr'><strong>Moses</strong></span> <span class='ocrx_word' id='word_1_468' title='bbox 2462 2080 2665 2147; x_wconf 88' lang='lat' dir='ltr'><strong>primus</strong></span> <span class='ocrx_word' id='word_1_469' title='bbox 2719 2080 2936 2136; x_wconf 85' lang='lat' dir='ltr'><strong>videtur</strong></span> <span class='ocrx_word' id='word_1_470' title='bbox 2981 2081 3033 2134; x_wconf 90' lang='lat' dir='ltr'><strong>in</strong></span> <span class='ocrx_word' id='word_1_471' title='bbox 3093 2078 3293 2148; x_wconf 91' lang='lat' dir='ltr'><strong>templo</strong></span> <span class='ocrx_word' id='word_1_472' title='bbox 3336 2076 3541 2134; x_wconf 89' lang='lat' dir='ltr'><strong>littera-</strong></span> 
     </span>
    </p>
   </div>
   <div class='ocr_carea' id='block_1_67' title="bbox 1952 2166 3544 2237">
    <p class='ocr_par' dir='ltr' id='par_1_67' title="bbox 1952 2166 3544 2237">
     <span class='ocr_line' id='line_1_67' title="bbox 1952 2166 3544 2237; baseline -0.003 -12"><span class='ocrx_word' id='word_1_473' title='bbox 1952 2186 2068 2225; x_wconf 83' lang='lat' dir='ltr'><strong>rum</strong></span> <span class='ocrx_word' id='word_1_474' title='bbox 2093 2185 2309 2225; x_wconf 90' lang='lat' dir='ltr'><strong>suarum</strong></span> <span class='ocrx_word' id='word_1_475' title='bbox 2338 2170 2506 2224; x_wconf 90' lang='lat' dir='ltr'><strong>Deum</strong></span> <span class='ocrx_word' id='word_1_476' title='bbox 2534 2168 2720 2224; x_wconf 90' lang='lat' dir='ltr'><strong>mundi</strong></span> <span class='ocrx_word' id='word_1_477' title='bbox 2748 2168 3042 2237; x_wconf 84' lang='lat' dir='ltr'><strong>dedicasse,</strong></span> <span class='ocrx_word' id='word_1_478' title='bbox 3102 2167 3307 2224; x_wconf 91' lang='lat' dir='ltr'><strong>idcirco</strong></span> <span class='ocrx_word' id='word_1_479' title='bbox 3343 2184 3374 2222; x_wconf 90' lang='lat' dir='ltr'><strong>a</strong></span> <span class='ocrx_word' id='word_1_480' title='bbox 3399 2166 3544 2223; x_wconf 89' lang='lat' dir='ltr'><strong>Pen-</strong></span> 
     </span>
    </p>
   </div>
   <div class='ocr_carea' id='block_1_68' title="bbox 1954 2257 3544 2329">
    <p class='ocr_par' dir='ltr' id='par_1_68' title="bbox 1954 2257 3544 2329">
     <span class='ocr_line' id='line_1_68' title="bbox 1954 2257 3544 2329; baseline -0.002 -16"><span class='ocrx_word' id='word_1_481' title='bbox 1954 2259 2201 2314; x_wconf 89' lang='lat' dir='ltr'><strong>tateucho</strong></span> <span class='ocrx_word' id='word_1_482' title='bbox 2260 2259 2466 2315; x_wconf 89' lang='lat' dir='ltr'><strong>natales</strong></span> <span class='ocrx_word' id='word_1_483' title='bbox 2532 2258 2823 2329; x_wconf 85' lang='lat' dir='ltr'><strong>agnitionis</strong></span> <span class='ocrx_word' id='word_1_484' title='bbox 2889 2257 3356 2329; x_wconf 81' lang='lat' dir='ltr'><strong>supputabuntur;</strong></span> <span class='ocrx_word' id='word_1_485' title='bbox 3418 2270 3544 2311; x_wconf 88' lang='lat' dir='ltr'><strong>cum</strong></span> 
     </span>
    </p>
   </div>
   <div class='ocr_carea' id='block_1_69' title="bbox 1952 2344 3534 2418">
    <p class='ocr_par' dir='ltr' id='par_1_69' title="bbox 1952 2344 3534 2418">
     <span class='ocr_line' id='line_1_69' title="bbox 1952 2344 3534 2418; baseline -0.003 -14"><span class='ocrx_word' id='word_1_486' title='bbox 1952 2357 2095 2404; x_wconf 89' lang='lat' dir='ltr'><strong>totus</strong></span> <span class='ocrx_word' id='word_1_487' title='bbox 2120 2346 2285 2402; x_wconf 87' lang='lat' dir='ltr'><strong>Mosis</strong></span> <span class='ocrx_word' id='word_1_488' title='bbox 2312 2348 2480 2418; x_wconf 78' lang='lat' dir='ltr'><strong>stylus</strong></span> <span class='ocrx_word' id='word_1_489' title='bbox 2500 2347 2742 2404; x_wconf 90' lang='lat' dir='ltr'><strong>notitiam</strong></span> <span class='ocrx_word' id='word_1_490' title='bbox 2781 2347 3049 2404; x_wconf 87' lang='lat' dir='ltr'><strong>Creatoris</strong></span> <span class='ocrx_word' id='word_1_491' title='bbox 3106 2361 3217 2401; x_wconf 91' lang='lat' dir='ltr'><strong>non</strong></span> <span class='ocrx_word' id='word_1_492' title='bbox 3272 2344 3534 2414; x_wconf 85' lang='lat' dir='ltr'><strong>instituat,</strong></span> 
     </span>
    </p>
   </div>
   <div class='ocr_carea' id='block_1_70' title="bbox 1951 2435 3542 2507">
    <p class='ocr_par' dir='ltr' id='par_1_70' title="bbox 1951 2435 3542 2507">
     <span class='ocr_line' id='line_1_70' title="bbox 1951 2435 3542 2507; baseline -0.001 -16"><span class='ocrx_word' id='word_1_493' title='bbox 1951 2438 2096 2492; x_wconf 87' lang='lat' dir='ltr'><strong>seda</strong></span> <span class='ocrx_word' id='word_1_494' title='bbox 2125 2437 2420 2504; x_wconf 69' lang='lat' dir='ltr'><strong>primordio</strong></span> <span class='ocrx_word' id='word_1_495' title='bbox 2459 2443 2673 2493; x_wconf 88' lang='lat' dir='ltr'><strong>enarret</strong></span> <span class='ocrx_word' id='word_1_496' title='bbox 2701 2452 2731 2491; x_wconf 89' lang='lat' dir='ltr'><strong>a</strong></span> <span class='ocrx_word' id='word_1_497' title='bbox 2787 2435 3036 2507; x_wconf 88' lang='lat' dir='ltr'><strong>paradiso</strong></span> <span class='ocrx_word' id='word_1_498' title='bbox 3085 2444 3141 2492; x_wconf 90' lang='lat' dir='ltr'><strong>et</strong></span> <span class='ocrx_word' id='word_1_499' title='bbox 3194 2435 3385 2500; x_wconf 88' lang='lat' dir='ltr'><strong>Adam,</strong></span> <span class='ocrx_word' id='word_1_500' title='bbox 3436 2451 3542 2491; x_wconf 90' lang='lat' dir='ltr'><strong>non</strong></span> 
     </span>
    </p>
   </div>
   <div class='ocr_carea' id='block_1_71' title="bbox 1952 2523 3546 2596">
    <p class='ocr_par' dir='ltr' id='par_1_71' title="bbox 1952 2523 3546 2596">
     <span class='ocr_line' id='line_1_71' title="bbox 1952 2523 3546 2596; baseline -0.001 -16"><span class='ocrx_word' id='word_1_501' title='bbox 1952 2527 2019 2582; x_wconf 91' lang='lat' dir='ltr'><strong>ab</strong></span> <span class='ocrx_word' id='word_1_502' title='bbox 2054 2525 2286 2596; x_wconf 77' lang='lat' dir='ltr'><strong>Egypto</strong></span> <span class='ocrx_word' id='word_1_503' title='bbox 2326 2535 2381 2581; x_wconf 93' lang='lat' dir='ltr'><strong>et</strong></span> <span class='ocrx_word' id='word_1_504' title='bbox 2417 2524 2561 2581; x_wconf 90' lang='lat' dir='ltr'><strong>Mose</strong></span> <span class='ocrx_word' id='word_1_505' title='bbox 2589 2525 2993 2581; x_wconf 86' lang='lat' dir='ltr'><strong>recensendam.</strong></span> <span class='ocrx_word' id='word_1_506' title='bbox 3042 2523 3312 2594; x_wconf 89' lang='lat' dir='ltr'><strong>Denique,</strong></span> <span class='ocrx_word' id='word_1_507' title='bbox 3370 2525 3546 2592; x_wconf 88' lang='lat' dir='ltr'><strong>major</strong></span> 
     </span>
    </p>
   </div>
   <div class='ocr_carea' id='block_1_72' title="bbox 1953 2611 3543 2684">
    <p class='ocr_par' dir='ltr' id='par_1_72' title="bbox 1953 2611 3543 2684">
     <span class='ocr_line' id='line_1_72' title="bbox 1953 2611 3543 2684; baseline -0.001 -16"><span class='ocrx_word' id='word_1_508' title='bbox 1953 2612 2281 2684; x_wconf 85' lang='lat' dir='ltr'><strong>popularitas</strong></span> <span class='ocrx_word' id='word_1_509' title='bbox 2329 2611 2546 2684; x_wconf 85' lang='lat' dir='ltr'><strong>generis</strong></span> <span class='ocrx_word' id='word_1_510' title='bbox 2582 2613 2801 2668; x_wconf 88' lang='lat' dir='ltr'><strong>humani</strong></span> <span class='ocrx_word' id='word_1_511' title='bbox 2842 2615 2980 2683; x_wconf 79' lang='lat'><strong>(37),</strong></span> <span class='ocrx_word' id='word_1_512' title='bbox 3043 2628 3110 2667; x_wconf 90' lang='lat' dir='ltr'><strong>ne</strong></span> <span class='ocrx_word' id='word_1_513' title='bbox 3145 2611 3375 2667; x_wconf 88' lang='lat' dir='ltr'><strong>nominis</strong></span> <span class='ocrx_word' id='word_1_514' title='bbox 3423 2611 3543 2683; x_wconf 86' lang='lat' dir='ltr'><strong>qui-</strong></span> 
     </span>
    </p>
   </div>
   <div class='ocr_carea' id='block_1_73' title="bbox 1952 2699 3540 2775">
    <p class='ocr_par' dir='ltr' id='par_1_73' title="bbox 1952 2699 3540 2775">
     <span class='ocr_line' id='line_1_73' title="bbox 1952 2699 3540 2775; baseline -0.001 -19"><span class='ocrx_word' id='word_1_515' title='bbox 1952 2704 2073 2757; x_wconf 93' lang='lat' dir='ltr'><strong>dem</strong></span> <span class='ocrx_word' id='word_1_516' title='bbox 2120 2704 2285 2759; x_wconf 84' lang='lat' dir='ltr'><strong>Mosis</strong></span> <span class='ocrx_word' id='word_1_517' title='bbox 2344 2713 2640 2775; x_wconf 90' lang='lat' dir='ltr'><strong>compotes,</strong></span> <span class='ocrx_word' id='word_1_518' title='bbox 2694 2703 2890 2758; x_wconf 90' lang='lat' dir='ltr'><strong>nedum</strong></span> <span class='ocrx_word' id='word_1_519' title='bbox 2943 2701 3305 2765; x_wconf 89' lang='lat' dir='ltr'><strong>instrumenti,</strong></span> <span class='ocrx_word' id='word_1_520' title='bbox 3364 2699 3540 2755; x_wconf 91' lang='lat' dir='ltr'><strong>Deum</strong></span> 
     </span>
    </p>
   </div>
   <div class='ocr_carea' id='block_1_74' title="bbox 1950 2788 3540 2861">
    <p class='ocr_par' dir='ltr' id='par_1_74' title="bbox 1950 2788 3540 2861">
     <span class='ocr_line' id='line_1_74' title="bbox 1950 2788 3540 2861; baseline -0.002 -18"><span class='ocrx_word' id='word_1_521' title='bbox 1950 2791 2112 2847; x_wconf 88' lang='lat' dir='ltr'><strong>Mosis</strong></span> <span class='ocrx_word' id='word_1_522' title='bbox 2144 2800 2320 2848; x_wconf 89' lang='lat' dir='ltr'><strong>tamen</strong></span> <span class='ocrx_word' id='word_1_523' title='bbox 2365 2800 2583 2861; x_wconf 88' lang='lat' dir='ltr'><strong>norunt,</strong></span> <span class='ocrx_word' id='word_1_524' title='bbox 2640 2793 2803 2847; x_wconf 89' lang='lat' dir='ltr'><strong>ctiam</strong></span> <span class='ocrx_word' id='word_1_525' title='bbox 2844 2799 3043 2847; x_wconf 87' lang='lat' dir='ltr'><strong>tantam</strong></span> <span class='ocrx_word' id='word_1_526' title='bbox 3092 2790 3142 2828; x_wconf 72' lang='grc'>46</span> <span class='ocrx_word' id='word_1_527' title='bbox 3170 2788 3472 2844; x_wconf 80' lang='lat' dir='ltr'><strong>idololatria</strong></span> <span class='ocrx_word' id='word_1_528' title='bbox 3491 2789 3540 2826; x_wconf 70' lang='grc' dir='ltr'><strong>ἰτ</strong></span> 
     </span>
    </p>
   </div>
   <div class='ocr_carea' id='block_1_75' title="bbox 1948 2875 3539 2945">
    <p class='ocr_par' dir='ltr' id='par_1_75' title="bbox 1948 2875 3539 2945">
     <span class='ocr_line' id='line_1_75' title="bbox 1948 2875 3539 2945; baseline -0.001 -13"><span class='ocrx_word' id='word_1_529' title='bbox 1948 2878 2365 2936; x_wconf 89' lang='lat' dir='ltr'><strong>dominationem</strong></span> <span class='ocrx_word' id='word_1_530' title='bbox 2412 2882 2797 2945; x_wconf 87' lang='lat' dir='ltr'><strong>obumbrante;</strong></span> <span class='ocrx_word' id='word_1_531' title='bbox 2861 2895 3111 2936; x_wconf 90' lang='lat' dir='ltr'><strong>seorsum</strong></span> <span class='ocrx_word' id='word_1_532' title='bbox 3172 2888 3351 2933; x_wconf 88' lang='lat' dir='ltr'><strong>tamen</strong></span> <span class='ocrx_word' id='word_1_533' title='bbox 3388 2875 3539 2931; x_wconf 91' lang='lat' dir='ltr'><strong>illum</strong></span> 
     </span>
    </p>
   </div>
   <div class='ocr_carea' id='block_1_76' title="bbox 1439 2954 3541 3039">
    <p class='ocr_par' dir='ltr' id='par_1_76' title="bbox 1439 2954 3541 3039">
     <span class='ocr_line' id='line_1_76' title="bbox 1439 2954 3541 3039; baseline 0 -22"><span class='ocrx_word' id='word_1_534' title='bbox 1439 2972 1490 3017; x_wconf 91' lang='lat' dir='ltr'><strong>et</strong></span> <span class='ocrx_word' id='word_1_535' title='bbox 1517 2973 1695 3034; x_wconf 89' lang='lat' dir='ltr'><strong>potest</strong></span> <span class='ocrx_word' id='word_1_536' title='bbox 1739 2985 1847 3025; x_wconf 91' lang='lat' dir='ltr'><strong>non</strong></span> <span class='ocrx_word' id='word_1_537' title='bbox 1879 2954 1921 3033; x_wconf 70' lang='grc' dir='ltr'><strong><em>Β</em></strong></span> <span class='ocrx_word' id='word_1_538' title='bbox 1948 2966 2105 3039; x_wconf 86' lang='lat' dir='ltr'><strong>quasi</strong></span> <span class='ocrx_word' id='word_1_539' title='bbox 2137 2968 2353 3037; x_wconf 92' lang='lat' dir='ltr'><strong>proprio</strong></span> <span class='ocrx_word' id='word_1_540' title='bbox 2408 2969 2625 3024; x_wconf 89' lang='lat' dir='ltr'><strong>nomine</strong></span> <span class='ocrx_word' id='word_1_541' title='bbox 2682 2970 2853 3023; x_wconf 91' lang='lat' dir='ltr'><strong>Deum</strong></span> <span class='ocrx_word' id='word_1_542' title='bbox 2916 2968 3220 3038; x_wconf 88' lang='lat' dir='ltr'><strong>perhibent,</strong></span> <span class='ocrx_word' id='word_1_543' title='bbox 3275 2975 3327 3020; x_wconf 91' lang='lat' dir='ltr'><strong>et</strong></span> <span class='ocrx_word' id='word_1_544' title='bbox 3364 2964 3541 3021; x_wconf 90' lang='lat' dir='ltr'><strong>Deum</strong></span> 
     </span>
    </p>
   </div>
   <div class='ocr_carea' id='block_1_77' title="bbox 1950 3052 3536 3125">
    <p class='ocr_par' dir='ltr' id='par_1_77' title="bbox 1950 3052 3536 3125">
     <span class='ocr_line' id='line_1_77' title="bbox 1950 3052 3536 3125; baseline -0.001 -16"><span class='ocrx_word' id='word_1_545' title='bbox 1950 3055 2194 3122; x_wconf 90' lang='lat' dir='ltr'><strong>deorum,</strong></span> <span class='ocrx_word' id='word_1_546' title='bbox 2229 3063 2313 3109; x_wconf 91' lang='lat' dir='ltr'><strong>et:</strong></span> <span class='ocrx_word' id='word_1_547' title='bbox 2350 3057 2409 3111; x_wconf 86' lang='lat' dir='ltr'><strong>Si</strong></span> <span class='ocrx_word' id='word_1_548' title='bbox 2436 3058 2583 3112; x_wconf 84' lang='lat' dir='ltr'><strong>Deus</strong></span> <span class='ocrx_word' id='word_1_549' title='bbox 2612 3056 2848 3120; x_wconf 81' lang='lat' dir='ltr'><strong>dederit,</strong></span> <span class='ocrx_word' id='word_1_550' title='bbox 2881 3061 2974 3113; x_wconf 89' lang='lat' dir='ltr'><strong>et:</strong></span> <span class='ocrx_word' id='word_1_551' title='bbox 3019 3055 3171 3123; x_wconf 84' lang='lat' dir='ltr'><strong>Quod</strong></span> <span class='ocrx_word' id='word_1_552' title='bbox 3200 3057 3303 3110; x_wconf 86' lang='lat' dir='ltr'><strong>Deo</strong></span> <span class='ocrx_word' id='word_1_553' title='bbox 3327 3052 3536 3125; x_wconf 78' lang='lat' dir='ltr'><strong>placet,</strong></span> 
     </span>
    </p>
   </div>
   <div class='ocr_carea' id='block_1_78' title="bbox 1952 3142 3535 3213">
    <p class='ocr_par' dir='ltr' id='par_1_78' title="bbox 1952 3142 3535 3213">
     <span class='ocr_line' id='line_1_78' title="bbox 1952 3142 3535 3213; baseline -0.001 -14"><span class='ocrx_word' id='word_1_554' title='bbox 1952 3153 2007 3200; x_wconf 90' lang='lat' dir='ltr'><strong>et</strong></span> <span class='ocrx_word' id='word_1_555' title='bbox 2028 3164 2047 3201; x_wconf 93' lang='lat'><strong><em>:</em></strong></span> <span class='ocrx_word' id='word_1_556' title='bbox 2076 3147 2183 3201; x_wconf 90' lang='lat' dir='ltr'><strong>Deo</strong></span> <span class='ocrx_word' id='word_1_557' title='bbox 2221 3144 2570 3203; x_wconf 81' lang='lat' dir='ltr'><strong>commendo.</strong></span> <span class='ocrx_word' id='word_1_558' title='bbox 2606 3142 2737 3199; x_wconf 87' lang='lat' dir='ltr'><strong>Vide</strong></span> <span class='ocrx_word' id='word_1_559' title='bbox 2766 3160 2832 3198; x_wconf 89' lang='lat' dir='ltr'><strong>an</strong></span> <span class='ocrx_word' id='word_1_560' title='bbox 2863 3144 3130 3213; x_wconf 86' lang='lat' dir='ltr'><strong>noverint,</strong></span> <span class='ocrx_word' id='word_1_561' title='bbox 3161 3157 3325 3212; x_wconf 88' lang='lat' dir='ltr'><strong>quem</strong></span> <span class='ocrx_word' id='word_1_562' title='bbox 3354 3143 3535 3197; x_wconf 88' lang='lat' dir='ltr'><strong>omnia</strong></span> 
     </span>
    </p>
   </div>
   <div class='ocr_carea' id='block_1_79' title="bbox 1952 3229 3535 3305">
    <p class='ocr_par' dir='ltr' id='par_1_79' title="bbox 1952 3229 3535 3305">
     <span class='ocr_line' id='line_1_79' title="bbox 1952 3229 3535 3305; baseline -0.004 -17"><span class='ocrx_word' id='word_1_563' title='bbox 1952 3249 2113 3305; x_wconf 89' lang='lat' dir='ltr'><strong>posse</strong></span> <span class='ocrx_word' id='word_1_564' title='bbox 2143 3238 2428 3289; x_wconf 87' lang='lat' dir='ltr'><strong>testantur.</strong></span> <span class='ocrx_word' id='word_1_565' title='bbox 2451 3233 2565 3289; x_wconf 88' lang='lat' dir='ltr'><strong>Nec</strong></span> <span class='ocrx_word' id='word_1_566' title='bbox 2601 3234 2703 3288; x_wconf 90' lang='lat' dir='ltr'><strong>hoc</strong></span> <span class='ocrx_word' id='word_1_567' title='bbox 2734 3231 2865 3288; x_wconf 90' lang='lat' dir='ltr'><strong>ullis</strong></span> <span class='ocrx_word' id='word_1_568' title='bbox 2893 3232 3061 3286; x_wconf 84' lang='lat' dir='ltr'><strong>Mosis</strong></span> <span class='ocrx_word' id='word_1_569' title='bbox 3109 3229 3262 3284; x_wconf 88' lang='lat' dir='ltr'><strong>libris</strong></span> <span class='ocrx_word' id='word_1_570' title='bbox 3318 3230 3535 3285; x_wconf 88' lang='lat' dir='ltr'><strong>debent.</strong></span> 
     </span>
    </p>
   </div>
   <div class='ocr_carea' id='block_1_80' title="bbox 1951 3317 3532 3393">
    <p class='ocr_par' dir='ltr' id='par_1_80' title="bbox 1951 3317 3532 3393">
     <span class='ocr_line' id='line_1_80' title="bbox 1951 3317 3532 3393; baseline -0.003 -17"><span class='ocrx_word' id='word_1_571' title='bbox 1951 3324 2091 3378; x_wconf 83' lang='lat' dir='ltr'><strong>Ante</strong></span> <span class='ocrx_word' id='word_1_572' title='bbox 2121 3322 2318 3387; x_wconf 88' lang='lat' dir='ltr'><strong>anima,</strong></span> <span class='ocrx_word' id='word_1_573' title='bbox 2350 3338 2508 3393; x_wconf 89' lang='lat' dir='ltr'><strong>quam</strong></span> <span class='ocrx_word' id='word_1_574' title='bbox 2554 3321 2857 3393; x_wconf 90' lang='lat' dir='ltr'><strong>prophetia.</strong></span> <span class='ocrx_word' id='word_1_575' title='bbox 2893 3318 3099 3375; x_wconf 85' lang='lat' dir='ltr'><strong>Animae</strong></span> <span class='ocrx_word' id='word_1_576' title='bbox 3130 3317 3273 3373; x_wconf 91' lang='lat' dir='ltr'><strong>enim</strong></span> <span class='ocrx_word' id='word_1_577' title='bbox 3328 3331 3360 3371; x_wconf 84' lang='lat' dir='ltr'><strong>a</strong></span> <span class='ocrx_word' id='word_1_578' title='bbox 3416 3317 3532 3385; x_wconf 86' lang='lat' dir='ltr'><strong>pri-</strong></span> 
     </span>
    </p>
   </div>
   <div class='ocr_carea' id='block_1_81' title="bbox 1950 3402 3539 3475">
    <p class='ocr_par' dir='ltr' id='par_1_81' title="bbox 1950 3402 3539 3475">
     <span class='ocr_line' id='line_1_81' title="bbox 1950 3402 3539 3475; baseline -0.004 -14"><span class='ocrx_word' id='word_1_579' title='bbox 1950 3406 2159 3462; x_wconf 93' lang='lat' dir='ltr'><strong>mordio</strong></span> <span class='ocrx_word' id='word_1_580' title='bbox 2190 3408 2519 3463; x_wconf 86' lang='lat' dir='ltr'><strong>conscientia</strong></span> <span class='ocrx_word' id='word_1_581' title='bbox 2549 3407 2648 3462; x_wconf 92' lang='lat' dir='ltr'><strong>Dei</strong></span> <span class='ocrx_word' id='word_1_582' title='bbox 2694 3408 2796 3462; x_wconf 89' lang='lat' dir='ltr'><strong>dos</strong></span> <span class='ocrx_word' id='word_1_583' title='bbox 2824 3415 2935 3475; x_wconf 91' lang='lat' dir='ltr'><strong>est;</strong></span> <span class='ocrx_word' id='word_1_584' title='bbox 2975 3405 3167 3460; x_wconf 89' lang='lat' dir='ltr'><strong>eadem</strong></span> <span class='ocrx_word' id='word_1_585' title='bbox 3219 3417 3320 3458; x_wconf 88' lang='lat' dir='ltr'><strong>nec</strong></span> <span class='ocrx_word' id='word_1_586' title='bbox 3349 3402 3456 3456; x_wconf 89' lang='lat' dir='ltr'><strong>alia</strong></span> <span class='ocrx_word' id='word_1_587' title='bbox 3483 3408 3539 3457; x_wconf 91' lang='lat' dir='ltr'><strong>et</strong></span> 
     </span>
    </p>
   </div>
   <div class='ocr_carea' id='block_1_82' title="bbox 1952 3492 3534 3569">
    <p class='ocr_par' dir='ltr' id='par_1_82' title="bbox 1952 3492 3534 3569">
     <span class='ocr_line' id='line_1_82' title="bbox 1952 3492 3534 3569; baseline -0.004 -19"><span class='ocrx_word' id='word_1_588' title='bbox 1952 3496 2008 3551; x_wconf 91' lang='lat' dir='ltr'><strong>in</strong></span> <span class='ocrx_word' id='word_1_589' title='bbox 2052 3496 2341 3569; x_wconf 74' lang='lat' dir='ltr'><strong>Egyptiis,</strong></span> <span class='ocrx_word' id='word_1_590' title='bbox 2400 3506 2454 3551; x_wconf 90' lang='lat' dir='ltr'><strong>et</strong></span> <span class='ocrx_word' id='word_1_591' title='bbox 2480 3496 2536 3551; x_wconf 90' lang='lat' dir='ltr'><strong>in</strong></span> <span class='ocrx_word' id='word_1_592' title='bbox 2564 3496 2712 3567; x_wconf 87' lang='lat' dir='ltr'><strong>Syris</strong></span> <span class='ocrx_word' id='word_1_593' title='bbox 2740 3504 2795 3550; x_wconf 92' lang='lat' dir='ltr'><strong>et</strong></span> <span class='ocrx_word' id='word_1_594' title='bbox 2842 3495 2895 3549; x_wconf 89' lang='lat' dir='ltr'><strong>in</strong></span> <span class='ocrx_word' id='word_1_595' title='bbox 2934 3493 3191 3549; x_wconf 89' lang='lat' dir='ltr'><strong>Ponticis.</strong></span> <span class='ocrx_word' id='word_1_596' title='bbox 3222 3492 3534 3547; x_wconf 68' lang='lat' dir='ltr'><strong>Iudaeorum</strong></span> 
     </span>
    </p>
   </div>
   <div class='ocr_carea' id='block_1_83' title="bbox 1948 3581 3537 3651">
    <p class='ocr_par' dir='ltr' id='par_1_83' title="bbox 1948 3581 3537 3651">
     <span class='ocr_line' id='line_1_83' title="bbox 1948 3581 3537 3651; baseline -0.003 -12"><span class='ocrx_word' id='word_1_597' title='bbox 1948 3585 2089 3641; x_wconf 90' lang='lat' dir='ltr'><strong>enim</strong></span> <span class='ocrx_word' id='word_1_598' title='bbox 2118 3587 2314 3651; x_wconf 90' lang='lat' dir='ltr'><strong>Deum,</strong></span> <span class='ocrx_word' id='word_1_599' title='bbox 2347 3585 2534 3642; x_wconf 89' lang='lat' dir='ltr'><strong>dicunt</strong></span> <span class='ocrx_word' id='word_1_600' title='bbox 2562 3585 2613 3623; x_wconf 60' lang='grc'><strong>4⁸</strong></span> <span class='ocrx_word' id='word_1_601' title='bbox 2638 3584 2827 3639; x_wconf 63' lang='lat' dir='ltr'><strong>animae</strong></span> <span class='ocrx_word' id='word_1_602' title='bbox 2856 3586 3049 3638; x_wconf 91' lang='lat' dir='ltr'><strong>Deum.</strong></span> <span class='ocrx_word' id='word_1_603' title='bbox 3108 3581 3250 3646; x_wconf 88' lang='lat' dir='ltr'><strong>Noli,</strong></span> <span class='ocrx_word' id='word_1_604' title='bbox 3313 3582 3537 3635; x_wconf 89' lang='lat' dir='ltr'><strong>barbare</strong></span> 
     </span>
    </p>
   </div>
   <div class='ocr_carea' id='block_1_84' title="bbox 1945 3672 3534 3745">
    <p class='ocr_par' dir='ltr' id='par_1_84' title="bbox 1945 3672 3534 3745">
     <span class='ocr_line' id='line_1_84' title="bbox 1945 3672 3534 3745; baseline -0.003 -17"><span class='ocrx_word' id='word_1_605' title='bbox 1945 3674 2215 3740; x_wconf 72' lang='lat' dir='ltr'><strong>haeretice,</strong></span> <span class='ocrx_word' id='word_1_606' title='bbox 2240 3674 2473 3745; x_wconf 90' lang='lat' dir='ltr'><strong>priorem</strong></span> <span class='ocrx_word' id='word_1_607' title='bbox 2504 3675 2775 3728; x_wconf 84' lang='lat' dir='ltr'><strong>Abraham</strong></span> <span class='ocrx_word' id='word_1_608' title='bbox 2795 3672 3117 3728; x_wconf 86' lang='lat' dir='ltr'><strong>constituere</strong></span> <span class='ocrx_word' id='word_1_609' title='bbox 3162 3685 3325 3740; x_wconf 88' lang='lat' dir='ltr'><strong>quam</strong></span> <span class='ocrx_word' id='word_1_610' title='bbox 3376 3682 3534 3723; x_wconf 89' lang='lat' dir='ltr'><strong>mun-</strong></span> 
     </span>
    </p>
   </div>
   <div class='ocr_carea' id='block_1_85' title="bbox 1943 3759 3534 3826">
    <p class='ocr_par' dir='ltr' id='par_1_85' title="bbox 1943 3759 3534 3826">
     <span class='ocr_line' id='line_1_85' title="bbox 1943 3759 3534 3826; baseline -0.004 -8"><span class='ocrx_word' id='word_1_611' title='bbox 1943 3764 2093 3819; x_wconf 89' lang='lat' dir='ltr'><strong>dum.</strong></span> <span class='ocrx_word' id='word_1_612' title='bbox 2126 3764 2234 3819; x_wconf 89' lang='lat' dir='ltr'><strong>Etsi</strong></span> <span class='ocrx_word' id='word_1_613' title='bbox 2260 3763 2419 3820; x_wconf 88' lang='lat' dir='ltr'><strong>unius</strong></span> <span class='ocrx_word' id='word_1_614' title='bbox 2458 3762 2676 3818; x_wconf 68' lang='lat' dir='ltr'><strong>familiae</strong></span> <span class='ocrx_word' id='word_1_615' title='bbox 2715 3763 2863 3817; x_wconf 90' lang='lat' dir='ltr'><strong>Deus</strong></span> <span class='ocrx_word' id='word_1_616' title='bbox 2926 3760 3116 3816; x_wconf 81' lang='lat' dir='ltr'><strong>fuisset</strong></span> <span class='ocrx_word' id='word_1_617' title='bbox 3177 3759 3417 3826; x_wconf 87' lang='lat' dir='ltr'><strong>Creator,</strong></span> <span class='ocrx_word' id='word_1_618' title='bbox 3450 3766 3534 3812; x_wconf 87' lang='lat' dir='ltr'><strong>ta-</strong></span> 
     </span>
    </p>
   </div>
   <div class='ocr_carea' id='block_1_86' title="bbox 1944 3847 3534 3921">
    <p class='ocr_par' dir='ltr' id='par_1_86' title="bbox 1944 3847 3534 3921">
     <span class='ocr_line' id='line_1_86' title="bbox 1944 3847 3534 3921; baseline -0.003 -16"><span class='ocrx_word' id='word_1_619' title='bbox 1944 3867 2068 3905; x_wconf 88' lang='lat' dir='ltr'><strong>men</strong></span> <span class='ocrx_word' id='word_1_620' title='bbox 2118 3852 2395 3921; x_wconf 85' lang='lat' dir='ltr'><strong>posterior</strong></span> <span class='ocrx_word' id='word_1_621' title='bbox 2448 3860 2537 3907; x_wconf 93' lang='lat' dir='ltr'><strong>tuo</strong></span> <span class='ocrx_word' id='word_1_622' title='bbox 2584 3866 2693 3906; x_wconf 92' lang='lat' dir='ltr'><strong>non</strong></span> <span class='ocrx_word' id='word_1_623' title='bbox 2748 3857 2881 3915; x_wconf 88' lang='lat' dir='ltr'><strong>erat,</strong></span> <span class='ocrx_word' id='word_1_624' title='bbox 2934 3849 3097 3904; x_wconf 86' lang='lat' dir='ltr'><strong>etiam</strong></span> <span class='ocrx_word' id='word_1_625' title='bbox 3144 3847 3379 3903; x_wconf 89' lang='lat' dir='ltr'><strong>Ponticis</strong></span> <span class='ocrx_word' id='word_1_626' title='bbox 3411 3855 3534 3901; x_wconf 91' lang='lat' dir='ltr'><strong>ante</strong></span> 
     </span>
    </p>
   </div>
   <div class='ocr_carea' id='block_1_87' title="bbox 1941 3936 3527 4012">
    <p class='ocr_par' dir='ltr' id='par_1_87' title="bbox 1941 3936 3527 4012">
     <span class='ocr_line' id='line_1_87' title="bbox 1941 3936 3527 4012; baseline -0.004 -16"><span class='ocrx_word' id='word_1_627' title='bbox 1941 3957 2067 3997; x_wconf 92' lang='lat' dir='ltr'><strong>eum</strong></span> <span class='ocrx_word' id='word_1_628' title='bbox 2096 3950 2275 3998; x_wconf 90' lang='lat' dir='ltr'><strong>notus.</strong></span> <span class='ocrx_word' id='word_1_629' title='bbox 2318 3940 2516 4012; x_wconf 82' lang='lat' dir='ltr'><strong>Accipe</strong></span> <span class='ocrx_word' id='word_1_630' title='bbox 2572 3940 2739 4012; x_wconf 87' lang='lat' dir='ltr'><strong>igitur</strong></span> <span class='ocrx_word' id='word_1_631' title='bbox 2785 3939 2853 3993; x_wconf 88' lang='lat' dir='ltr'><strong>ab</strong></span> <span class='ocrx_word' id='word_1_632' title='bbox 2886 3945 3229 3994; x_wconf 89' lang='lat' dir='ltr'><strong>antecessore</strong></span> <span class='ocrx_word' id='word_1_633' title='bbox 3277 3936 3527 4001; x_wconf 88' lang='lat' dir='ltr'><strong>formam,</strong></span> 
     </span>
    </p>
   </div>
   <div class='ocr_carea' id='block_1_88' title="bbox 1942 4026 3527 4099">
    <p class='ocr_par' dir='ltr' id='par_1_88' title="bbox 1942 4026 3527 4099">
     <span class='ocr_line' id='line_1_88' title="bbox 1942 4026 3527 4099; baseline -0.002 -16"><span class='ocrx_word' id='word_1_634' title='bbox 1942 4045 1974 4083; x_wconf 93' lang='lat' dir='ltr'><strong>a</strong></span> <span class='ocrx_word' id='word_1_635' title='bbox 2010 4035 2158 4083; x_wconf 89' lang='lat' dir='ltr'><strong>certo</strong></span> <span class='ocrx_word' id='word_1_636' title='bbox 2196 4027 2449 4093; x_wconf 90' lang='lat' dir='ltr'><strong>incertus,</strong></span> <span class='ocrx_word' id='word_1_637' title='bbox 2483 4044 2514 4081; x_wconf 92' lang='lat' dir='ltr'><strong>a</strong></span> <span class='ocrx_word' id='word_1_638' title='bbox 2542 4030 2764 4099; x_wconf 82' lang='lat' dir='ltr'><strong>c0gnito</strong></span> <span class='ocrx_word' id='word_1_639' title='bbox 2830 4027 3158 4096; x_wconf 87' lang='lat' dir='ltr'><strong>incognitus.</strong></span> <span class='ocrx_word' id='word_1_640' title='bbox 3219 4026 3527 4098; x_wconf 88' lang='lat' dir='ltr'><strong>Numquam</strong></span> 
     </span>
    </p>
   </div>
   <div class='ocr_carea' id='block_1_89' title="bbox 1939 4114 3528 4187">
    <p class='ocr_par' dir='ltr' id='par_1_89' title="bbox 1939 4114 3528 4187">
     <span class='ocr_line' id='line_1_89' title="bbox 1939 4114 3528 4187; baseline 0 -18"><span class='ocrx_word' id='word_1_641' title='bbox 1939 4116 2083 4171; x_wconf 90' lang='lat' dir='ltr'><strong>Deus</strong></span> <span class='ocrx_word' id='word_1_642' title='bbox 2112 4114 2314 4179; x_wconf 88' lang='lat' dir='ltr'><strong>latebit,</strong></span> <span class='ocrx_word' id='word_1_643' title='bbox 2348 4132 2640 4187; x_wconf 90' lang='lat' dir='ltr'><strong>numquam</strong></span> <span class='ocrx_word' id='word_1_644' title='bbox 2670 4118 2819 4172; x_wconf 89' lang='lat' dir='ltr'><strong>Deus</strong></span> <span class='ocrx_word' id='word_1_645' title='bbox 2849 4117 3018 4172; x_wconf 89' lang='lat' dir='ltr'><strong>deerit</strong></span> <span class='ocrx_word' id='word_1_646' title='bbox 3043 4134 3055 4172; x_wconf 88' lang='lat'><strong>:</strong></span> <span class='ocrx_word' id='word_1_647' title='bbox 3081 4130 3297 4186; x_wconf 87' lang='lat' dir='ltr'><strong>semper</strong></span> <span class='ocrx_word' id='word_1_648' title='bbox 3327 4114 3528 4171; x_wconf 90' lang='lat' dir='ltr'><strong>intelli-</strong></span> 
     </span>
    </p>
   </div>
   <div class='ocr_carea' id='block_1_90' title="bbox 1932 4204 3529 4279">
    <p class='ocr_par' dir='ltr' id='par_1_90' title="bbox 1932 4204 3529 4279">
     <span class='ocr_line' id='line_1_90' title="bbox 1932 4204 3529 4279; baseline -0.001 -19"><span class='ocrx_word' id='word_1_649' title='bbox 1932 4213 2107 4279; x_wconf 81' lang='lat' dir='ltr'><strong>getur,</strong></span> <span class='ocrx_word' id='word_1_650' title='bbox 2158 4218 2376 4274; x_wconf 88' lang='lat' dir='ltr'><strong>semper</strong></span> <span class='ocrx_word' id='word_1_651' title='bbox 2407 4204 2681 4269; x_wconf 88' lang='lat' dir='ltr'><strong>audietur;</strong></span> <span class='ocrx_word' id='word_1_652' title='bbox 2729 4205 2888 4258; x_wconf 88' lang='lat' dir='ltr'><strong>etiam</strong></span> <span class='ocrx_word' id='word_1_653' title='bbox 2920 4205 3196 4260; x_wconf 86' lang='lat' dir='ltr'><strong>videbitur</strong></span> <span class='ocrx_word' id='word_1_654' title='bbox 3251 4204 3529 4275; x_wconf 90' lang='lat' dir='ltr'><strong>quomodo</strong></span> 
     </span>
    </p>
   </div>
   <div class='ocr_carea' id='block_1_91' title="bbox 1932 4289 3525 4363">
    <p class='ocr_par' dir='ltr' id='par_1_91' title="bbox 1932 4289 3525 4363">
     <span class='ocr_line' id='line_1_91' title="bbox 1932 4289 3525 4363; baseline -0.003 -12"><span class='ocrx_word' id='word_1_655' title='bbox 1932 4294 2095 4351; x_wconf 87' lang='lat' dir='ltr'><strong>volet.</strong></span> <span class='ocrx_word' id='word_1_656' title='bbox 2126 4289 2290 4349; x_wconf 59' lang='grc' dir='ltr'><strong>θῦε</strong></span> <span class='ocrx_word' id='word_1_657' title='bbox 2320 4291 2489 4347; x_wconf 83' lang='lat' dir='ltr'><strong>Habet</strong></span> <span class='ocrx_word' id='word_1_658' title='bbox 2515 4290 2660 4346; x_wconf 89' lang='lat' dir='ltr'><strong>Deus</strong></span> <span class='ocrx_word' id='word_1_659' title='bbox 2687 4293 3014 4357; x_wconf 89' lang='lat' dir='ltr'><strong>testimonia,</strong></span> <span class='ocrx_word' id='word_1_660' title='bbox 3047 4300 3218 4348; x_wconf 91' lang='lat' dir='ltr'><strong>totum</strong></span> <span class='ocrx_word' id='word_1_661' title='bbox 3248 4293 3351 4347; x_wconf 88' lang='lat' dir='ltr'><strong>hoc</strong></span> <span class='ocrx_word' id='word_1_662' title='bbox 3380 4294 3525 4363; x_wconf 92' lang='lat' dir='ltr'><strong>quod</strong></span> 
     </span>
    </p>
   </div>
   <div class='ocr_carea' id='block_1_92' title="bbox 1933 4382 3530 4452">
    <p class='ocr_par' dir='ltr' id='par_1_92' title="bbox 1933 4382 3530 4452">
     <span class='ocr_line' id='line_1_92' title="bbox 1933 4382 3530 4452; baseline -0.003 -13"><span class='ocrx_word' id='word_1_663' title='bbox 1933 4399 2123 4440; x_wconf 89' lang='lat' dir='ltr'><strong>sumus</strong></span> <span class='ocrx_word' id='word_1_664' title='bbox 2163 4391 2217 4439; x_wconf 89' lang='lat' dir='ltr'><strong>et</strong></span> <span class='ocrx_word' id='word_1_665' title='bbox 2262 4382 2316 4436; x_wconf 89' lang='lat' dir='ltr'><strong>in</strong></span> <span class='ocrx_word' id='word_1_666' title='bbox 2346 4395 2452 4452; x_wconf 92' lang='lat' dir='ltr'><strong>quo</strong></span> <span class='ocrx_word' id='word_1_667' title='bbox 2508 4396 2715 4436; x_wconf 89' lang='lat' dir='ltr'><strong>sumus.</strong></span> <span class='ocrx_word' id='word_1_668' title='bbox 2746 4382 2833 4437; x_wconf 90' lang='lat' dir='ltr'><strong>Sic</strong></span> <span class='ocrx_word' id='word_1_669' title='bbox 2879 4382 3136 4452; x_wconf 89' lang='lat' dir='ltr'><strong>probatur</strong></span> <span class='ocrx_word' id='word_1_670' title='bbox 3179 4392 3232 4437; x_wconf 90' lang='lat' dir='ltr'><strong>et</strong></span> <span class='ocrx_word' id='word_1_671' title='bbox 3281 4384 3428 4437; x_wconf 91' lang='lat' dir='ltr'><strong>Deus</strong></span> <span class='ocrx_word' id='word_1_672' title='bbox 3475 4389 3530 4435; x_wconf 90' lang='lat' dir='ltr'><strong>et</strong></span> 
     </span>
    </p>
   </div>
   <div class='ocr_carea' id='block_1_93' title="bbox 1932 4469 3527 4542">
    <p class='ocr_par' dir='ltr' id='par_1_93' title="bbox 1932 4469 3527 4542">
     <span class='ocr_line' id='line_1_93' title="bbox 1932 4469 3527 4542; baseline -0.003 -14"><span class='ocrx_word' id='word_1_673' title='bbox 1932 4488 2091 4541; x_wconf 90' lang='lat' dir='ltr'><strong>unus,</strong></span> <span class='ocrx_word' id='word_1_674' title='bbox 2120 4472 2250 4527; x_wconf 87' lang='lat' dir='ltr'><strong>dum</strong></span> <span class='ocrx_word' id='word_1_675' title='bbox 2280 4485 2385 4526; x_wconf 88' lang='lat' dir='ltr'><strong>non</strong></span> <span class='ocrx_word' id='word_1_676' title='bbox 2417 4470 2711 4542; x_wconf 83' lang='lat' dir='ltr'><strong>ignoratur,</strong></span> <span class='ocrx_word' id='word_1_677' title='bbox 2744 4469 2849 4524; x_wconf 91' lang='lat' dir='ltr'><strong>alio</strong></span> <span class='ocrx_word' id='word_1_678' title='bbox 2900 4469 3075 4524; x_wconf 87' lang='lat' dir='ltr'><strong>adhuc</strong></span> <span class='ocrx_word' id='word_1_679' title='bbox 3126 4469 3339 4538; x_wconf 88' lang='lat' dir='ltr'><strong>probari</strong></span> <span class='ocrx_word' id='word_1_680' title='bbox 3368 4470 3527 4524; x_wconf 91' lang='lat' dir='ltr'><strong>labo-</strong></span> 
     </span>
    </p>
   </div>
   <div class='ocr_carea' id='block_1_94' title="bbox 1936 4568 2108 4619">
    <p class='ocr_par' dir='ltr' id='par_1_94' title="bbox 1936 4568 2108 4619">
     <span class='ocr_line' id='line_1_94' title="bbox 1936 4568 2108 4619; baseline 0.017 -3"><span class='ocrx_word' id='word_1_681' title='bbox 1936 4568 2087 4616; x_wconf 89' lang='lat' dir='ltr'><strong>raute</strong></span> <span class='ocrx_word' id='word_1_682' title='bbox 2096 4606 2108 4619; x_wconf 92' lang='lat'><strong>.</strong></span> 
     </span>
    </p>
   </div>
   <div class='ocr_carea' id='block_1_95' title="bbox 1603 4770 2154 4836">
    <p class='ocr_par' dir='ltr' id='par_1_95' title="bbox 1603 4770 2154 4836">
     <span class='ocr_line' id='line_1_95' title="bbox 1603 4770 2154 4836; baseline -0.004 -3"><span class='ocrx_word' id='word_1_683' title='bbox 1603 4770 1795 4834; x_wconf 79' lang='lat' dir='ltr'><strong>Variae</strong></span> <span class='ocrx_word' id='word_1_684' title='bbox 1842 4776 2154 4836; x_wconf 88' lang='lat' dir='ltr'><strong>lectiones.</strong></span> 
     </span>
    </p>
   </div>
   <div class='ocr_carea' id='block_1_96' title="bbox 268 4890 3523 4971">
    <p class='ocr_par' dir='ltr' id='par_1_96' title="bbox 268 4890 3523 4971">
     <span class='ocr_line' id='line_1_96' title="bbox 268 4890 3523 4971; baseline 0.003 -25"><span class='ocrx_word' id='word_1_685' title='bbox 268 4890 318 4969; x_wconf 59' lang='lat' dir='ltr'><strong>f0</strong></span> <span class='ocrx_word' id='word_1_686' title='bbox 462 4893 631 4949; x_wconf 74' lang='lat' dir='ltr'><strong>abest</strong></span> <span class='ocrx_word' id='word_1_687' title='bbox 649 4896 820 4971; x_wconf 46' lang='lat' dir='ltr'><strong>lirari.</strong></span> <span class='ocrx_word' id='word_1_688' title='bbox 854 4897 1042 4971; x_wconf 45' lang='lat' dir='ltr'><strong>Paris;</strong></span> <span class='ocrx_word' id='word_1_689' title='bbox 1068 4897 1115 4935; x_wconf 60' lang='grc'><strong>41</strong></span> <span class='ocrx_word' id='word_1_690' title='bbox 1150 4899 1217 4953; x_wconf 90' lang='lat' dir='ltr'><strong>Et</strong></span> <span class='ocrx_word' id='word_1_691' title='bbox 1244 4898 1395 4957; x_wconf 81' lang='lat' dir='ltr'><strong>abest</strong></span> <span class='ocrx_word' id='word_1_692' title='bbox 1427 4905 1597 4957; x_wconf 83' lang='lat' dir='ltr'><strong>Fran.</strong></span> <span class='ocrx_word' id='word_1_693' title='bbox 1633 4905 1815 4959; x_wconf 84' lang='lat' dir='ltr'><strong>Paris.</strong></span> <span class='ocrx_word' id='word_1_694' title='bbox 1848 4904 1897 4941; x_wconf 62' lang='grc'><strong>42</strong></span> <span class='ocrx_word' id='word_1_695' title='bbox 1940 4903 2215 4959; x_wconf 77' lang='lat' dir='ltr'><strong>Didicistis</strong></span> <span class='ocrx_word' id='word_1_696' title='bbox 2255 4903 2431 4959; x_wconf 79' lang='lat' dir='ltr'><strong>Rhen.</strong></span> <span class='ocrx_word' id='word_1_697' title='bbox 2462 4902 2512 4940; x_wconf 65' lang='grc'><strong>4³</strong></span> <span class='ocrx_word' id='word_1_698' title='bbox 2541 4902 2599 4956; x_wconf 90' lang='lat' dir='ltr'><strong>In</strong></span> <span class='ocrx_word' id='word_1_699' title='bbox 2633 4902 2839 4958; x_wconf 86' lang='lat' dir='ltr'><strong>incerto</strong></span> <span class='ocrx_word' id='word_1_700' title='bbox 2890 4901 3066 4959; x_wconf 82' lang='lat' dir='ltr'><strong>Rhen.</strong></span> <span class='ocrx_word' id='word_1_701' title='bbox 3099 4900 3149 4939; x_wconf 63' lang='grc'>44</span> <span class='ocrx_word' id='word_1_702' title='bbox 3178 4900 3258 4956; x_wconf 86' lang='lat' dir='ltr'><strong>Id.</strong></span> <span class='ocrx_word' id='word_1_703' title='bbox 3302 4900 3353 4939; x_wconf 64' lang='grc'><strong>*⁵</strong></span> <span class='ocrx_word' id='word_1_704' title='bbox 3381 4900 3523 4971; x_wconf 87' lang='lat' dir='ltr'><strong>Quid</strong></span> 
     </span>
    </p>
   </div>
   <div class='ocr_carea' id='block_1_97' title="bbox 206 4964 2648 5031">
    <p class='ocr_par' dir='ltr' id='par_1_97' title="bbox 206 4964 2648 5031">
     <span class='ocr_line' id='line_1_97' title="bbox 206 4964 2648 5031; baseline 0.005 -16"><span class='ocrx_word' id='word_1_705' title='bbox 206 4964 339 5017; x_wconf 86' lang='lat' dir='ltr'><strong>enim</strong></span> <span class='ocrx_word' id='word_1_706' title='bbox 380 4964 706 5020; x_wconf 78' lang='lat' dir='ltr'><strong>Deus‘est?</strong></span> <span class='ocrx_word' id='word_1_707' title='bbox 727 4967 897 5023; x_wconf 78' lang='lat' dir='ltr'><strong>Seml.</strong></span> <span class='ocrx_word' id='word_1_708' title='bbox 926 4968 976 5006; x_wconf 62' lang='grc'><strong>46</strong></span> <span class='ocrx_word' id='word_1_709' title='bbox 1000 4969 1173 5024; x_wconf 82' lang='lat' dir='ltr'><strong>Tanta</strong></span> <span class='ocrx_word' id='word_1_710' title='bbox 1203 4972 1433 5029; x_wconf 80' lang='lat' dir='ltr'><strong>Semler.</strong></span> <span class='ocrx_word' id='word_1_711' title='bbox 1467 4974 1512 5011; x_wconf 68' lang='grc' dir='ltr'><strong>⁸η</strong></span> <span class='ocrx_word' id='word_1_712' title='bbox 1544 4974 1868 5030; x_wconf 65' lang='lat' dir='ltr'><strong>ldololatriaa</strong></span> <span class='ocrx_word' id='word_1_713' title='bbox 1900 4975 2071 5030; x_wconf 84' lang='lat' dir='ltr'><strong>Rhen.</strong></span> <span class='ocrx_word' id='word_1_714' title='bbox 2098 4974 2147 5012; x_wconf 66' lang='grc'><strong>’⁸⁸</strong></span> <span class='ocrx_word' id='word_1_715' title='bbox 2178 4975 2244 5031; x_wconf 87' lang='lat' dir='ltr'><strong>Et</strong></span> <span class='ocrx_word' id='word_1_716' title='bbox 2272 4977 2444 5030; x_wconf 83' lang='lat' dir='ltr'><strong>inser.</strong></span> <span class='ocrx_word' id='word_1_717' title='bbox 2477 4975 2648 5029; x_wconf 85' lang='lat' dir='ltr'><strong>Seml.</strong></span> 
     </span>
    </p>
   </div>
   <div class='ocr_carea' id='block_1_98' title="bbox 1624 5097 2135 5162">
    <p class='ocr_par' dir='ltr' id='par_1_98' title="bbox 1624 5097 2135 5162">
     <span class='ocr_line' id='line_1_98' title="bbox 1624 5097 2135 5162; baseline -0.006 -1"><span class='ocrx_word' id='word_1_718' title='bbox 1624 5097 2104 5162; x_wconf 89' lang='lat' dir='ltr'><strong>Commentarius</strong></span> <span class='ocrx_word' id='word_1_719' title='bbox 2122 5144 2135 5158; x_wconf 93' lang='lat'><strong>.</strong></span> 
     </span>
    </p>
   </div>
   <div class='ocr_carea' id='block_1_99' title="bbox 273 5197 1807 5276">
    <p class='ocr_par' dir='ltr' id='par_1_99' title="bbox 273 5197 1807 5276">
     <span class='ocr_line' id='line_1_99' title="bbox 273 5197 1807 5276; baseline 0.006 -25"><span class='ocrx_word' id='word_1_720' title='bbox 273 5197 756 5276; x_wconf 50' lang='lat' dir='ltr'><strong>(35)}.{lenisszme</strong></span> <span class='ocrx_word' id='word_1_721' title='bbox 793 5217 1095 5276; x_wconf 62' lang='lat' dir='ltr'><strong>exaequare</strong></span> <span class='ocrx_word' id='word_1_722' title='bbox 1140 5205 1530 5276; x_wconf 71' lang='lat' dir='ltr'><strong>prmscribens.</strong></span> <span class='ocrx_word' id='word_1_723' title='bbox 1580 5205 1807 5261; x_wconf 88' lang='lat' dir='ltr'><strong>Cuinam</strong></span> 
     </span>
    </p>
   </div>
   <div class='ocr_carea' id='block_1_100' title="bbox 212 5270 1809 5347">
    <p class='ocr_par' dir='ltr' id='par_1_100' title="bbox 212 5270 1809 5347">
     <span class='ocr_line' id='line_1_100' title="bbox 212 5270 1809 5347; baseline 0.009 -28"><span class='ocrx_word' id='word_1_724' title='bbox 212 5270 610 5347; x_wconf 43' lang='lat' dir='ltr'><strong>unum.Deum</strong></span> <span class='ocrx_word' id='word_1_725' title='bbox 662 5270 1203 5347; x_wconf 68' lang='lat' dir='ltr'><strong>esse_przescribens,</strong></span> <span class='ocrx_word' id='word_1_726' title='bbox 1256 5276 1305 5330; x_wconf 86' lang='lat' dir='ltr'><strong>id</strong></span> <span class='ocrx_word' id='word_1_727' title='bbox 1364 5285 1464 5341; x_wconf 88' lang='lat' dir='ltr'><strong>est,</strong></span> <span class='ocrx_word' id='word_1_728' title='bbox 1554 5291 1620 5331; x_wconf 85' lang='lat' dir='ltr'><strong>ex</strong></span> <span class='ocrx_word' id='word_1_729' title='bbox 1707 5294 1809 5333; x_wconf 91' lang='lat' dir='ltr'><strong>usu</strong></span> 
     </span>
    </p>
   </div>
   <div class='ocr_carea' id='block_1_101' title="bbox 214 5334 1806 5417">
    <p class='ocr_par' dir='ltr' id='par_1_101' title="bbox 214 5334 1806 5417">
     <span class='ocr_line' id='line_1_101' title="bbox 214 5334 1806 5417; baseline 0.009 -28"><span class='ocrx_word' id='word_1_730' title='bbox 214 5334 403 5417; x_wconf 75' lang='lat' dir='ltr'><strong>forensi</strong></span> <span class='ocrx_word' id='word_1_731' title='bbox 455 5334 845 5417; x_wconf 75' lang='lat' dir='ltr'><strong>respondendo</strong></span> <span class='ocrx_word' id='word_1_732' title='bbox 880 5345 986 5417; x_wconf 85' lang='lat' dir='ltr'><strong>_ad</strong></span> <span class='ocrx_word' id='word_1_733' title='bbox 1064 5334 1276 5417; x_wconf 79' lang='lat' dir='ltr'><strong>objecta</strong></span> <span class='ocrx_word' id='word_1_734' title='bbox 1355 5334 1806 5413; x_wconf 80' lang='lat' dir='ltr'><strong>adversariorum,</strong></span> 
     </span>
    </p>
   </div>
   <div class='ocr_carea' id='block_1_102' title="bbox 212 5409 1077 5481">
    <p class='ocr_par' dir='ltr' id='par_1_102' title="bbox 212 5409 1077 5481">
     <span class='ocr_line' id='line_1_102' title="bbox 212 5409 1077 5481; baseline 0.01 -20"><span class='ocrx_word' id='word_1_735' title='bbox 212 5409 514 5481; x_wconf 83' lang='lat' dir='ltr'><strong>eademque</strong></span> <span class='ocrx_word' id='word_1_736' title='bbox 558 5412 836 5468; x_wconf 90' lang='lat' dir='ltr'><strong>diluendo.</strong></span> <span class='ocrx_word' id='word_1_737' title='bbox 879 5414 960 5471; x_wconf 76' lang='lat' dir='ltr'><strong>Ls</strong></span> <span class='ocrx_word' id='word_1_738' title='bbox 981 5417 1077 5470; x_wconf 78' lang='lat' dir='ltr'><strong>Pa.</strong></span> 
     </span>
    </p>
   </div>
   <div class='ocr_carea' id='block_1_103' title="bbox 274 5480 1817 5560">
    <p class='ocr_par' dir='ltr' id='par_1_103' title="bbox 274 5480 1817 5560">
     <span class='ocr_line' id='line_1_103' title="bbox 274 5480 1817 5560; baseline 0.008 -26"><span class='ocrx_word' id='word_1_739' title='bbox 274 5480 390 5560; x_wconf 83' lang='lat'><strong>(_36)</strong></span> <span class='ocrx_word' id='word_1_740' title='bbox 414 5480 628 5553; x_wconf 78' lang='lat' dir='ltr'><strong>Itaque</strong></span> <span class='ocrx_word' id='word_1_741' title='bbox 667 5490 1130 5545; x_wconf 72' lang='lat' dir='ltr'><strong>constantissime</strong></span> <span class='ocrx_word' id='word_1_742' title='bbox 1159 5489 1422 5560; x_wconf 76' lang='lat' dir='ltr'><strong>dirigam.</strong></span> <span class='ocrx_word' id='word_1_743' title='bbox 1464 5490 1609 5558; x_wconf 83' lang='lat' dir='ltr'><strong>Quas</strong></span> <span class='ocrx_word' id='word_1_744' title='bbox 1632 5490 1687 5545; x_wconf 91' lang='lat' dir='ltr'><strong>in</strong></span> <span class='ocrx_word' id='word_1_745' title='bbox 1718 5508 1817 5549; x_wconf 91' lang='lat' dir='ltr'><strong>nos</strong></span> 
     </span>
    </p>
   </div>
   <div class='ocr_carea' id='block_1_104' title="bbox 213 5559 1819 5634">
    <p class='ocr_par' dir='ltr' id='par_1_104' title="bbox 213 5559 1819 5634">
     <span class='ocr_line' id='line_1_104' title="bbox 213 5559 1819 5634; baseline 0.007 -27"><span class='ocrx_word' id='word_1_746' title='bbox 213 5559 447 5610; x_wconf 73' lang='lat' dir='ltr'><strong>rationes</strong></span> <span class='ocrx_word' id='word_1_747' title='bbox 516 5563 916 5622; x_wconf 87' lang='lat' dir='ltr'><strong>contorserunt,</strong></span> <span class='ocrx_word' id='word_1_748' title='bbox 989 5559 1338 5632; x_wconf 88' lang='lat' dir='ltr'><strong>retorquebo.</strong></span> <span class='ocrx_word' id='word_1_749' title='bbox 1414 5562 1686 5634; x_wconf 83' lang='lat' dir='ltr'><strong>Dirigere,</strong></span> <span class='ocrx_word' id='word_1_750' title='bbox 1736 5570 1819 5620; x_wconf 91' lang='lat' dir='ltr'><strong>est</strong></span> 
     </span>
    </p>
   </div>
   <div class='ocr_carea' id='block_1_105' title="bbox 1917 5204 3523 5282">
    <p class='ocr_par' dir='ltr' id='par_1_105' title="bbox 1917 5204 3523 5282">
     <span class='ocr_line' id='line_1_105' title="bbox 1917 5204 3523 5282; baseline 0.001 -21"><span class='ocrx_word' id='word_1_751' title='bbox 1917 5207 2044 5282; x_wconf 75' lang='lat' dir='ltr'><strong>lege</strong></span> <span class='ocrx_word' id='word_1_752' title='bbox 2069 5222 2254 5282; x_wconf 73' lang='lat' dir='ltr'><strong>agere,</strong></span> <span class='ocrx_word' id='word_1_753' title='bbox 2283 5206 2419 5282; x_wconf 61' lang='lat' dir='ltr'><strong>sive</strong></span> <span class='ocrx_word' id='word_1_754' title='bbox 2448 5204 2763 5282; x_wconf 71' lang='lat' dir='ltr'><strong>convenire,</strong></span> <span class='ocrx_word' id='word_1_755' title='bbox 2799 5214 2864 5282; x_wconf 93' lang='lat' dir='ltr'><strong>et_</strong></span> <span class='ocrx_word' id='word_1_756' title='bbox 2891 5206 3156 5282; x_wconf 84' lang='lat' dir='ltr'><strong>actionem</strong></span> <span class='ocrx_word' id='word_1_757' title='bbox 3202 5207 3498 5282; x_wconf 57' lang='lat' dir='ltr'><strong>intendere</strong></span> <span class='ocrx_word' id='word_1_758' title='bbox 3512 5228 3523 5262; x_wconf 90' lang='lat'>:</span> 
     </span>
    </p>
   </div>
   <div class='ocr_carea' id='block_1_106' title="bbox 1918 5278 3526 5352">
    <p class='ocr_par' dir='ltr' id='par_1_106' title="bbox 1918 5278 3526 5352">
     <span class='ocr_line' id='line_1_106' title="bbox 1918 5278 3526 5352; baseline -0.002 -18"><span class='ocrx_word' id='word_1_759' title='bbox 1918 5278 1999 5352; x_wconf 74' lang='lat' dir='ltr'><strong>sic</strong></span> <span class='ocrx_word' id='word_1_760' title='bbox 2026 5279 2068 5334; x_wconf 83' lang='grc' dir='ltr'><strong>Ι.</strong></span> <span class='ocrx_word' id='word_1_761' title='bbox 2102 5278 2142 5345; x_wconf 82' lang='grc' dir='ltr'><strong>ῐ,</strong></span> <span class='ocrx_word' id='word_1_762' title='bbox 2181 5278 2213 5352; x_wconf 67' lang='grc' dir='ltr'>ἕ</span> <span class='ocrx_word' id='word_1_763' title='bbox 2271 5280 2331 5352; x_wconf 65' lang='lat' dir='ltr'><strong>Si</strong></span> <span class='ocrx_word' id='word_1_764' title='bbox 2358 5294 2451 5352; x_wconf 71' lang='lat' dir='ltr'><strong>ego</strong></span> <span class='ocrx_word' id='word_1_765' title='bbox 2510 5280 2571 5333; x_wconf 89' lang='lat' dir='ltr'><strong>D.</strong></span> <span class='ocrx_word' id='word_1_766' title='bbox 2595 5278 2661 5352; x_wconf 90' lang='lat' dir='ltr'><strong>_si</strong></span> <span class='ocrx_word' id='word_1_767' title='bbox 2692 5294 2820 5349; x_wconf 90' lang='lat' dir='ltr'><strong>pars</strong></span> <span class='ocrx_word' id='word_1_768' title='bbox 2849 5278 3055 5352; x_wconf 67' lang='lat' dir='ltr'><strong>haered.</strong></span> <span class='ocrx_word' id='word_1_769' title='bbox 3083 5288 3287 5350; x_wconf 89' lang='lat' dir='ltr'><strong>petatur</strong></span> <span class='ocrx_word' id='word_1_770' title='bbox 3328 5297 3342 5333; x_wconf 89' lang='lat'>:</span> <span class='ocrx_word' id='word_1_771' title='bbox 3384 5300 3405 5329; x_wconf 78' lang='grc' dir='ltr'><strong>α</strong></span> <span class='ocrx_word' id='word_1_772' title='bbox 3460 5279 3526 5332; x_wconf 83' lang='lat' dir='ltr'><strong>Et</strong></span> 
     </span>
    </p>
   </div>
   <div class='ocr_carea' id='block_1_107' title="bbox 1922 5349 3520 5421">
    <p class='ocr_par' dir='ltr' id='par_1_107' title="bbox 1922 5349 3520 5421">
     <span class='ocr_line' id='line_1_107' title="bbox 1922 5349 3520 5421; baseline -0.001 -16"><span class='ocrx_word' id='word_1_773' title='bbox 1922 5349 2011 5405; x_wconf 92' lang='lat' dir='ltr'><strong>ille</strong></span> <span class='ocrx_word' id='word_1_774' title='bbox 2038 5349 2251 5421; x_wconf 80' lang='lat' dir='ltr'><strong>quoque</strong></span> <span class='ocrx_word' id='word_1_775' title='bbox 2280 5350 2477 5421; x_wconf 84' lang='lat' dir='ltr'><strong>dirigat</strong></span> <span class='ocrx_word' id='word_1_776' title='bbox 2507 5350 2768 5406; x_wconf 88' lang='lat' dir='ltr'><strong>actionem</strong></span> <span class='ocrx_word' id='word_1_777' title='bbox 2797 5351 3056 5409; x_wconf 88' lang='lat' dir='ltr'><strong>adversus</strong></span> <span class='ocrx_word' id='word_1_778' title='bbox 3101 5360 3342 5404; x_wconf 88' lang='lat' dir='ltr'><strong>cxterum</strong></span> <span class='ocrx_word' id='word_1_779' title='bbox 3394 5364 3520 5418; x_wconf 86' lang='lat' dir='ltr'><strong>pos-</strong></span> 
     </span>
    </p>
   </div>
   <div class='ocr_carea' id='block_1_108' title="bbox 1923 5422 2384 5478">
    <p class='ocr_par' dir='ltr' id='par_1_108' title="bbox 1923 5422 2384 5478">
     <span class='ocr_line' id='line_1_108' title="bbox 1923 5422 2384 5478; baseline -0.002 0"><span class='ocrx_word' id='word_1_780' title='bbox 1923 5436 2212 5478; x_wconf 88' lang='lat' dir='ltr'><strong>sessorem.</strong></span> <span class='ocrx_word' id='word_1_781' title='bbox 2249 5440 2273 5474; x_wconf 73' lang='grc' dir='ltr'><strong><em>ι</em></strong></span> <span class='ocrx_word' id='word_1_782' title='bbox 2307 5422 2384 5477; x_wconf 82' lang='lat' dir='ltr'><strong>lu.</strong></span> 
     </span>
    </p>
   </div>
   <div class='ocr_carea' id='block_1_109' title="bbox 1995 5490 3520 5577">
    <p class='ocr_par' dir='ltr' id='par_1_109' title="bbox 1995 5490 3520 5577">
     <span class='ocr_line' id='line_1_109' title="bbox 1995 5490 3520 5577; baseline -0.005 -28"><span class='ocrx_word' id='word_1_783' title='bbox 1995 5494 2105 5577; x_wconf 62' lang='lat' dir='ltr'><strong>(Et?)</strong></span> <span class='ocrx_word' id='word_1_784' title='bbox 2131 5494 2301 5564; x_wconf 78' lang='lat' dir='ltr'><strong>Major</strong></span> <span class='ocrx_word' id='word_1_785' title='bbox 2326 5494 2683 5565; x_wconf 80' lang='lat' dir='ltr'><strong>popularitas</strong></span> <span class='ocrx_word' id='word_1_786' title='bbox 2711 5494 2930 5577; x_wconf 63' lang='lat' dir='ltr'><strong>generis</strong></span> <span class='ocrx_word' id='word_1_787' title='bbox 2973 5490 3384 5577; x_wconf 35' lang='lat' dir='ltr'><strong>burnanrﬁlloc</strong></span> <span class='ocrx_word' id='word_1_788' title='bbox 3416 5496 3520 5553; x_wconf 87' lang='lat' dir='ltr'><strong>cst,</strong></span> 
     </span>
    </p>
   </div>
   <div class='ocr_carea' id='block_1_110' title="bbox 1924 5561 3302 5636">
    <p class='ocr_par' dir='ltr' id='par_1_110' title="bbox 1924 5561 3302 5636">
     <span class='ocr_line' id='line_1_110' title="bbox 1924 5561 3302 5636; baseline -0.005 -15"><span class='ocrx_word' id='word_1_789' title='bbox 1924 5561 2163 5636; x_wconf 81' lang='lat' dir='ltr'><strong>gentium</strong></span> <span class='ocrx_word' id='word_1_790' title='bbox 2185 5561 2507 5631; x_wconf 77' lang='lat' dir='ltr'><strong>consensus,</strong></span> <span class='ocrx_word' id='word_1_791' title='bbox 2556 5561 2881 5620; x_wconf 84' lang='lat' dir='ltr'><strong>conscientia</strong></span> <span class='ocrx_word' id='word_1_792' title='bbox 2911 5561 3142 5633; x_wconf 89' lang='lat' dir='ltr'><strong>publica.</strong></span> <span class='ocrx_word' id='word_1_793' title='bbox 3176 5561 3302 5616; x_wconf 71' lang='grc' dir='ltr'><strong>Κίρ.</strong></span> 
     </span>
    </p>
   </div>
  </div>
