4032 6152
391 274 499 334 283

999 399 1227 458 CAPUT
1255 400 1353 458 XI.

467 488 534 544 Et
582 489 804 557 merito,
861 487 1140 561 inquiunt;
1198 487 1318 560 quis
1363 486 1507 544 enim
1540 502 1650 545 non
1708 496 1817 545 tam
1864 491 1980 547 suis

398 586 555 635 notus
585 589 685 645 est,
716 593 879 651 quam
924 576 1235 632 extraneis?
1272 576 1465 633 Nemo.
1513 578 1696 633 Teneo
1742 587 1795 635 et
1841 580 1978 636 hanc

397 682 602 723 vocem.
633 666 800 734 Quale
850 673 931 720 est
956 664 1120 732 enim,
1169 673 1226 719 ut
1273 665 1471 737 aliquid
1519 672 1829 723 extraneum
1864 667 1979 726 Deo

396 756 483 826 sit,
523 755 609 810 cui
656 754 786 809 nihil
844 761 1156 810 extraneum
1178 762 1337 821 esset,
1373 755 1417 809 si
1473 756 1595 827 quis
1632 757 1813 813 esset?
1853 759 1980 830 quia

395 843 485 900 Dei
512 844 619 899 hoc
649 852 748 909 est,
783 843 959 899 omnia
993 843 1136 898 illius
1194 859 1314 899 esse
1360 851 1416 901 et
1469 845 1649 901 omnia
1703 846 1767 901 ad
1826 847 1980 903 illum

396 934 693 1002 pertinere:
755 933 835 988 vel
894 948 961 988 ne
1010 932 1187 987 statim
1235 932 1445 990 audiret
1499 949 1535 988 a
1588 935 1777 991 nobis:
1839 935 1982 1004 Quid

396 1036 527 1094 ergo
556 1021 628 1078 illi
675 1037 797 1077 cum
826 1021 1132 1079 extraneis?
1161 1023 1304 1093 quod
1344 1022 1554 1095 plenius
1581 1039 1680 1080 suo
1727 1024 1846 1082 loco
1876 1041 1981 1079 au-

393 1110 521 1167 diet.
555 1112 623 1166 At
650 1127 795 1166 nunc
831 1110 961 1166 satis
1007 1119 1089 1166 est
1127 1112 1331 1167 nullum
1374 1112 1592 1181 probari
1647 1115 1802 1185 cujus
1848 1114 1981 1169 nihil

397 1200 670 1271 probatur.
718 1199 869 1255 Sicut
895 1198 1036 1255 enim
1082 1199 1320 1269 Creator,
1380 1216 1447 1257 ex
1502 1201 1605 1257 hoc
1648 1210 1703 1257 et
1731 1202 1898 1269 Deus,
1932 1211 1991 1258 et

396 1286 729 1344 indubitatus
757 1288 925 1350 Deus,
957 1286 1086 1357 quia
1138 1287 1321 1342 omnia
1359 1287 1527 1359 ipsius
1566 1298 1625 1344 et
1650 1288 1780 1345 nihil
1810 1300 1986 1347 extra-

396 1392 561 1431 neum
610 1376 718 1445 illi;
750 1376 818 1431 ita
866 1382 920 1431 et
954 1375 1094 1431 alius
1127 1376 1323 1431 idcirco
1362 1392 1472 1432 non
1526 1377 1676 1450 deus,
1707 1381 1834 1451 quia
1864 1397 1985 1437 om-

396 1466 487 1520 nia
515 1482 625 1522 non
646 1468 783 1536 ejus,
816 1464 1041 1537 ideoque
1072 1473 1126 1519 et
1156 1476 1428 1523 extranea.
1462 1468 1727 1541 Denique,
1760 1470 1805 1526 si
1862 1473 1983 1525 uni-

396 1556 624 1612 versitas
669 1554 935 1611 Creatoris
992 1563 1093 1623 est,
1145 1556 1262 1625 jam
1323 1572 1419 1613 nec
1484 1558 1663 1613 locum
1716 1559 1867 1616 video
1921 1562 1992 1616 de

398 1645 634 1701 alterius.
667 1644 833 1701 Plena
869 1653 925 1700 et
954 1654 1213 1714 occupata
1244 1652 1367 1700 sunt
1396 1646 1575 1700 omnia
1614 1663 1713 1703 suo
1744 1656 1987 1706 auctore.

397 1733 453 1789 Si
482 1740 634 1788 vacat
659 1732 863 1804 aliquid
892 1733 1054 1801 spatii
1102 1733 1332 1803 alicujus
1366 1733 1626 1789 divinitati
1673 1734 1727 1791 id
1774 1745 1985 1793 creatu-

398 1823 492 1889 ris,
527 1823 683 1893 plane
723 1821 871 1877 falsae
900 1820 948 1859 ‘9
978 1822 1202 1876 vacabit.
1247 1824 1399 1877 Patet
1439 1824 1720 1882 mendacio
1768 1827 1983 1883 veritas.

398 1912 567 1966 Tanta
604 1910 682 1964 vis
719 1910 1007 1979 idolorum,
1038 1925 1132 1966 cur
1171 1927 1277 1969 non
1317 1913 1543 1985 recipiat
1588 1914 1788 1971 alicubi
1825 1916 1986 1973 deum

397 1998 677 2056 Marcionis
704 2001 732 2053 ?
761 1998 929 2070 igitur
958 2006 1012 2055 et
1040 2000 1139 2055 hoc
1187 2017 1253 2057 ex
1303 2001 1476 2058 forma
1504 2003 1773 2062 Creatoris
1818 2022 1988 2079 expo-

398 2088 555 2157 stulo,
576 2089 747 2145 Deum
779 2106 842 2145 ex
890 2088 1147 2159 operibus
1201 2090 1453 2163 cognosci
1500 2093 1776 2164 debuisse,
1821 2096 1987 2151 alicu-

396 2176 507 2246 jus,
558 2177 761 2249 prOprii
812 2178 893 2232 sui
954 2179 1158 2245 mundi,
1222 2187 1276 2235 et
1330 2180 1583 2249 hominis,
1642 2191 1693 2238 et
1737 2184 1923 2241 saeculi
1971 2203 1982 2241 :

397 2267 612 2339 quando
656 2266 817 2323 etiam
848 2283 998 2323 error
1036 2268 1185 2324 orbis
1215 2270 1327 2339 (38)
1373 2279 1654 2341 propterea
1682 2272 1816 2328 deos
1843 2290 1988 2347 prae-

400 2356 711 2427 sumpserit,
749 2372 886 2429 quos
922 2356 1167 2413 homines
1204 2358 1477 2415 interdum
1505 2360 1812 2427 conﬁtetur,
1846 2379 1986 2436 quo-

402 2444 543 2499 niam
597 2445 801 2517 aliquid
837 2446 903 2501 ab
968 2461 1298 2520 unoquoque
1382 2458 1725 2522 prospectum
1783 2452 1990 2509 videtur

402 2536 730 2593 utilitatibus
757 2548 810 2592 et
847 2537 1146 2593 commodis
1167 2538 1327 2593 vitae:
1376 2539 1449 2594 ita
1480 2548 1534 2595 et
1568 2541 1669 2596 hoc
1724 2557 1790 2597 ex
1818 2542 1988 2598 forma

403 2625 503 2680 Dei
550 2625 813 2681 creditum
872 2636 973 2693 est,
1005 2625 1244 2682 divinum
1303 2643 1420 2683 esse
1457 2626 1739 2685 instituere
1772 2632 1856 2687 vel
1888 2632 1986 2686 de-

401 2724 705 2771 monstrare
758 2716 887 2787 quid
946 2725 1131 2786 aptum
1189 2725 1243 2772 et
1298 2720 1658 2775 necessarium
1706 2721 1777 2776 sit
1831 2724 1990 2778 rebus

401 2805 669 2861 humanis.
727 2804 877 2861 Adeo
953 2804 1076 2860 inde
1139 2806 1427 2862 auctoritas
1484 2811 1885 2867 accommodata
1941 2814 1991 2851 ⁵⁰

403 2894 551 2949 falsae
578 2894 862 2959 divinitati,
899 2894 1044 2949 unde
1073 2905 1420 2965 praecesserat
1465 2913 1628 2954 verae.
1665 2899 1835 2956 Unam
1883 2901 1991 2956 sal-

1098 272 1537 335 TERTULLIANI
1568 273 1837 337 OPBRUM
1879 277 2046 341 PARS
2066 280 2132 347 Il.
2162 312 2234 327 —
2269 281 2499 343 SEBIBS
2539 284 2580 353 Ι,
2612 282 2966 344 POLEMICA.

3568 282 3676 345 284

2010 421 2058 501 Α
2090 424 2227 467 anne
2247 411 2295 451 ⁵1
2332 410 2439 467 alio
2482 411 2763 485 prOposito
2794 419 2848 467 et
2905 408 3201 501 descendit,
3233 416 3288 466 et
3341 408 3678 481 praedicavit,

2090 508 2143 556 et
2188 516 2384 574 passus
2426 501 2736 569 resurrexit,
2785 516 2943 573 quam
2994 499 3072 556 uti
3118 501 3586 574 cognosceretur?
3612 501 3684 556 Et

2084 589 2197 646 sine
2226 591 2409 659 dubio,
2441 591 2487 646 si
2515 592 2763 667 cognitus
2793 599 2895 659 est,
2935 589 3104 645 voluit
3136 606 3148 646 :
3183 589 3317 644 nihil
3363 589 3505 645 enim
3538 589 3683 646 circa

2084 695 2206 735 eum
2226 678 2396 752 ﬁeret,
2433 680 2535 735 nisi
2567 680 2843 737 voluisset.
2874 678 3015 749 Quid
3045 693 3177 751 ergo
3213 684 3491 750 tantOpere
3533 679 3678 734 noti-

2086 770 2213 828 tiam
2240 771 2324 827 sui
2372 770 2698 844 procuravit,
2728 780 2789 827 ut
2841 770 2894 825 in
2925 769 3186 825 dedecore
3231 768 3409 826 carnis
3457 769 3683 827 exhibe-

2088 869 2253 930 retur,
2283 860 2565 932 etquidem
2594 859 2818 928 majore,
2852 857 2898 913 si
2944 858 3093 914 falsae
3136 856 3222 912 δη
3253 858 3389 914 Nam
3418 857 3523 915 hoc
3553 866 3673 913 tur-

2089 950 2232 1023 pius,
2292 952 2337 1004 si
2384 957 2437 1006 et
2483 947 2736 1005 mentitus
2783 954 2866 1003 est
2905 946 3258 1002 substantiam
3289 945 3558 1017 corpOris,
3587 946 3680 1017 qui

2091 1046 2145 1094 et
2172 1036 2510 1092 maledictum
2550 1036 2607 1090 in
2634 1051 2695 1091 se
2750 1035 3018 1093 Creatoris
3052 1034 3287 1101 admisit,
3339 1035 3488 1106 ligno
3556 1052 3684 1092 sus-

2092 1142 2312 1198 pensus.
2342 1125 2555 1196 Quanto
2592 1124 2873 1182 honestius
2902 1141 2997 1196 per
3042 1125 3221 1198 aliqua
3250 1125 3483 1198 prepriaa
3526 1126 3691 1182 moli-

2094 1215 2467 1273 tionisindieia
2494 1214 2865 1287 cognitionem
2889 1214 2973 1272 sui
2997 1214 3398 1287 priestruxisset
3414 1216 3443 1270 ?
3462 1216 3697 1271 Maxime

2094 1306 2351 1362 adversus
2376 1321 2500 1361 eum
2529 1304 2787 1376 cognosci
2820 1304 3039 1368 habens,
3073 1304 3217 1374 apud
3256 1318 3419 1376 quem
3446 1320 3513 1361 ex
3555 1319 3698 1375 ope-

2094 1396 2241 1452 ribus
2268 1397 2336 1451 ab
2367 1394 2517 1450 initio
2538 1392 2786 1467 cognitus
2813 1409 2918 1450 non
2956 1401 3090 1448 erat.
3123 1394 3258 1449 Nam
3290 1400 3343 1449 et
3386 1392 3545 1466 quale
3582 1404 3686 1460 est,

2095 1495 2157 1541 ut
2200 1485 2419 1540 Creator
2473 1482 2689 1554 quidem
2740 1483 2999 1554 ignorans
3053 1497 3175 1539 esse
3202 1482 3371 1537 alium
3415 1498 3582 1554 super
3628 1499 3689 1539 se

2095 1573 2280 1637 deum,
2331 1581 2390 1627 ut
2442 1571 2628 1629 volunt
2678 1569 3023 1637 Marcionitae,
3056 1570 3148 1643 qui
3196 1570 3378 1626 solum
3434 1586 3493 1627 se
3522 1571 3688 1627 etiam

2092 1661 2278 1730 jurans
2327 1662 2459 1731 (Isa.
2520 1677 2608 1730 xu,
2653 1662 2707 1730 8)
2766 1659 3139 1724 adseverabat,
3205 1659 3366 1715 tantis
3429 1660 3688 1731 operibus

2093 1751 2331 1808 notitiam
2372 1751 2457 1807 sui
2502 1749 2807 1815 armaverit,
2859 1765 3019 1821 quam
3051 1756 3301 1822 potuerat
3329 1764 3433 1806 non
3482 1750 3552 1807 ita
3583 1765 3687 1805 cu-

2094 1858 2179 1896 ras
2212 1857 2241 1895 e
2267 1841 2566 1896 secundum
2600 1838 2994 1911 singularitatis
3022 1853 3132 1893 suae
3160 1839 3681 1909 praesumptionem:

2094 1928 2184 1988 ille
2215 1938 2390 1985 autem
2435 1928 2737 1998 sublimior,
2798 1927 2974 1984 sciens
3028 1927 3329 1984 inferiorem
3378 1928 3537 1984 deum
3575 1930 3687 1982 tam

2092 2018 2430 2083 instructum,
2488 2017 2689 2071 nullam
2766 2017 2890 2079 sibi,
2941 2016 3284 2088 prospexerit
3335 2017 3687 2089 agnoscendo

2093 2114 2394 2177 paraturam
2430 2102 2580 2175 (£0)?
2612 2102 2841 2177 Quando
2863 2103 3024 2159 etiam
3058 2101 3358 2175 insigniora
3386 2111 3440 2157 et
3484 2118 3689 2173 super-

2094 2196 2241 2251 biora
2270 2196 2319 2234 ⁵³
2378 2209 2544 2265 opera
2596 2192 2870 2248 debuisset
2913 2191 3246 2259 condidisse,
3304 2200 3361 2247 ut
3415 2193 3565 2249 Deus
3622 2208 3691 2249 ex

2093 2284 2346 2357 Operibus
2375 2288 2795 2357 cognosceretur
2820 2279 3117 2335 secundum
3157 2280 3498 2347 Creatorem;
3532 2288 3586 2338 et
3615 2296 3685 2336 ex

2092 2372 2512 2441 honestiorihus,
2541 2370 2716 2443 potior
2736 2378 2791 2425 et
2820 2369 3142 2440 generosior
3174 2368 3455 2427 Creatore.

2701 2519 2928 2575 CAPUT
2969 2518 3094 2574 XII.

2168 2636 2458 2702 Craterum,
2501 2635 2601 2691 etsi
2632 2650 2755 2691 esse
2784 2650 2905 2688 eum
2957 2647 3235 2706 possemus
3262 2629 3529 2700 conﬁteri,
3569 2632 3693 2687 sine

2097 2741 2258 2782 causa
2286 2741 2406 2780 esse
2434 2740 2556 2779 eum
2588 2724 2907 2778 deberemus
2937 2721 3326 2792 argumentari.
3362 2718 3490 2776 Sine
3528 2734 3694 2775 causa

2096 2815 2237 2870 enim
2265 2820 2426 2883 esset,
2460 2812 2551 2884 qui
2604 2828 2722 2868 rem
2774 2827 2882 2867 non
2929 2809 3179 2881 haberet;
3209 2808 3335 2881 quia
3370 2823 3459 2863 res
3513 2808 3693 2863 omnis

2099 2905 2392 2970 causaest;
2424 2911 2481 2959 ut
2525 2902 2595 2957 sit
2640 2900 2839 2973 aliquis
2893 2900 3047 2966 cujus
3102 2914 3192 2955 res
3246 2897 3333 2954 sit.
3393 2896 3579 2963 Porro,
3636 2896 3693 2951 in

404 2991 509 3039 tem
540 2982 857 3038 cicerculam
896 2982 1009 3053 (39)
1065 2981 1195 3038 deus
1226 2984 1515 3042 Marcionis
1544 2987 1815 3059 propriam
1855 3006 1991 3062 pro-
2025 2989 2069 3067 ο
2094 3000 2350 3066 quantum
2381 2991 2513 3047 nihil
2548 2997 2755 3061 oportet
2801 3003 2924 3046 esse
2953 2987 3071 3044 sine
3099 3002 3280 3055 causa,
3332 2986 3387 3042 id
3432 2995 3516 3042 est
3571 2986 3696 3042 sine

405 3071 590 3127 tulisse
609 3070 886 3137 debuerat,
908 3080 964 3126 ut
996 3086 1164 3128 novus
1204 3071 1400 3143 aliquis
1443 3075 1809 3144 Triptolemus
1839 3095 1983 3149 prte-

403 3161 692 3217 dicaretur.
724 3162 833 3215 Aut
877 3160 1073 3217 exhibe
1130 3162 1393 3218 rationem
1449 3164 1562 3221 Deo
1608 3164 1854 3239 dignam,
1891 3184 1990 3223 cur

403 3249 534 3305 nihil
563 3248 879 3314 condiderit,
915 3249 961 3304 si
980 3258 1097 3317 est;
1131 3251 1257 3322 quia
1302 3250 1650 3318 condidisset,
1685 3254 1729 3309 si
1759 3255 1987 3312 fuisset:

402 3337 495 3393 illo
524 3337 725 3394 scilicet
765 3338 1099 3409 praejudicio,
1136 3354 1241 3411 quo
1271 3345 1329 3395 et
1377 3352 1623 3395 nostrum
1678 3344 1851 3398 Deum
1881 3358 1991 3399 non

404 3427 533 3483 alias
565 3426 904 3482 manifestum
930 3435 1013 3483 est
1042 3443 1179 3496 esse,
1219 3444 1381 3498 quam
1408 3428 1537 3499 quia
1568 3437 1731 3485 totum
1753 3432 1992 3487 condidit

403 3516 523 3573 hoc.
555 3515 733 3573 Semel
771 3516 913 3570 enim
943 3516 1278 3587 praescriptio
1308 3517 1486 3583 stabit,
1519 3532 1629 3574 non
1661 3534 1823 3590 posse
1870 3522 1990 3578 illos

404 3612 460 3660 et
486 3604 657 3660 Deum
694 3603 940 3658 conﬁteri
968 3612 1286 3673 creatorem,
1316 3612 1369 3659 et
1417 3621 1540 3662 eum
1597 3623 1763 3678 quem
1801 3609 1992 3668 volunt

404 3708 559 3764 teque
597 3692 758 3748 deum
808 3691 974 3757 credi,
1008 3708 1115 3747 non
1146 3694 1211 3748 ad
1267 3695 1384 3764 ejus
1444 3695 1671 3751 formam
1733 3701 1984 3773 probare,

404 3795 565 3851 quem
593 3788 647 3835 et
688 3779 794 3851 ipsi
824 3787 879 3834 et
906 3794 1093 3835 omnes
1121 3781 1289 3836 Deum
1317 3800 1330 3836 :
1390 3793 1448 3837 ut
1493 3784 1709 3853 quando
1738 3785 1840 3842 hoc
1871 3789 1989 3859 ipso

404 3883 559 3923 nemo
605 3875 903 3923 creatorem
962 3868 1133 3923 Deum
1190 3868 1421 3937 dubitet,
1474 3873 1601 3942 quia
1650 3882 1820 3930 totum
1890 3878 1991 3933 hoc

402 3956 664 4026 condidit,
695 3958 801 4012 hoc
846 3957 964 4029 ipso
1010 3973 1169 4014 nemo
1221 3960 1415 4016 debeat
1462 3961 1681 4018 credere
1716 3964 1889 4019 Deum
1937 3976 1993 4021 et

404 4045 551 4101 illum
589 4046 681 4115 qui
734 4046 864 4101 nihil
897 4048 1153 4114 condidit,
1202 4048 1303 4103 nisi
1332 4050 1469 4107 ratio
1494 4049 1632 4107 forte
1668 4053 1987 4122 proferatur.

405 4136 617 4207 Duplex
674 4136 774 4192 ista
818 4136 1066 4193 videatur
1131 4154 1348 4195 necesse
1385 4147 1489 4205 est,
1545 4150 1719 4198 utaut
1767 4143 2000 4199 noluerit

404 4225 638 4283 condere
666 4226 818 4298 quid,
850 4234 945 4281 aut
974 4241 1080 4281 non
1102 4228 1335 4298 potuerit
1362 4246 1375 4285 :
1410 4229 1623 4285 tertium
1662 4242 1857 4288 cessat.
1890 4233 1993 4289 Sed

405 4328 515 4370 non
553 4315 813 4384 potuisse,
872 4315 1151 4385 indignum
1192 4316 1306 4370 Deo
1346 4324 1464 4381 est;
1494 4317 1755 4389 noluisse,
1799 4336 1866 4376 an
1912 4322 1993 4376 di-

405 4418 573 4477 gnum
601 4402 723 4460 volo
753 4400 1045 4475 inquirere.
1091 4401 1193 4458 Dic
1228 4404 1382 4475 mihi,
1412 4403 1585 4463 259
1611 4408 1870 4476 Marcion,
1897 4426 1993 4467 vo-

2097 3098 2192 3140 re:
2227 3080 2353 3152 quia
2382 3079 2429 3136 si
2456 3080 2573 3135 sine
2598 3094 2759 3135 causa
2788 3076 2877 3145 sit,
2910 3076 3133 3145 perinde
3162 3086 3243 3132 est
3284 3082 3444 3146 atque
3492 3075 3538 3129 si
3572 3089 3687 3130 non

2096 3170 2182 3234 sit,
2218 3186 2323 3225 non
2350 3170 2557 3225 habens
2586 3168 2663 3223 rei
2692 3182 2929 3235 causam,
2977 3180 3091 3221 rem
3138 3164 3314 3236 ipsam
3342 3164 3427 3230 5’4;
3461 3162 3518 3217 in
3566 3171 3691 3217 tan-

2098 3268 2211 3315 tum
2240 3260 2414 3314 Deum
2459 3257 2676 3327 dignius
2722 3255 2941 3311 credam
2988 3269 3095 3310 non
3160 3268 3299 3317 esse,
3358 3266 3523 3324 quam
3570 3266 3695 3308 esse

2098 3350 2216 3403 sine
2242 3363 2422 3403 causa.
2451 3346 2581 3401 Sine
2609 3360 2770 3400 causa
2802 3342 2946 3397 enim
2977 3353 3078 3410 est,
3129 3342 3222 3414 qui
3278 3357 3389 3396 rem
3438 3357 3543 3398 non
3584 3341 3690 3395 ha-

2098 3437 2291 3502 bendo,
2321 3451 2428 3491 non
2453 3434 2613 3489 habet
2655 3447 2890 3488 causam.
2924 3433 3071 3487 Deus
3108 3439 3288 3487 autem
3335 3429 3450 3486 sine
3505 3446 3689 3501 causa,

2098 3525 2155 3581 id
2185 3534 2267 3580 est
2293 3525 2411 3581 sine
2431 3538 2511 3594 re,
2543 3538 2665 3580 esse
2690 3538 2800 3579 non
2828 3521 3010 3577 debet.
3054 3522 3151 3587 Ita,
3203 3520 3416 3594 quoties
3463 3520 3693 3578 ostendo

2098 3629 2223 3672 eum
2258 3614 2374 3669 sine
2418 3626 2581 3669 causa
2621 3626 2759 3676 esse,
2807 3617 3076 3682 tamquam
3126 3611 3217 3678 sit,
3264 3611 3370 3665 hoc
3423 3608 3693 3666 constituo

2097 3717 2203 3757 non
2237 3717 2354 3758 esse
2401 3699 2576 3769 illum,
2606 3699 2754 3768 quia,
2784 3700 2827 3754 si
2858 3697 3068 3761 fuisset,
3117 3698 3336 3753 omnino
3383 3697 3499 3753 sine
3534 3711 3695 3753 causa

2099 3804 2206 3845 non
2265 3787 2475 3845 fuisset.
2518 3786 2609 3843 Sic
2662 3795 2715 3841 et
2759 3786 2931 3857 ipsam
2980 3783 3146 3839 ﬁdem
3192 3787 3313 3841 dico
3365 3785 3521 3842 illum
3572 3785 3695 3839 sine

2098 3894 2262 3934 causa
2299 3878 2365 3931 ab
2406 3877 2629 3931 homine
2675 3883 2915 3945 captare,
2974 3873 3128 3929 aliter
3177 3875 3339 3930 solito
3367 3875 3538 3929 Deum
3567 3889 3697 3930 cre-

2098 3966 2229 4022 dere
2260 3983 2324 4021 ex
2362 3980 2582 4036 operum
2618 3963 2938 4019 auctoritate
2968 3962 3260 4019 formatum
3293 3964 3361 4032 ⁵⁵,
3392 3963 3518 4034 quia
3560 3962 3697 4017 nihil

2100 4056 2206 4109 tale
2235 4053 2531 4125 prospexit,
2576 4067 2671 4122 per
2720 4052 2867 4123 quod
2899 4052 3062 4107 homo
3091 4053 3265 4107 Deum
3296 4051 3504 4107 didicit.
3534 4052 3694 4115 Nam,

2105 4143 2207 4201 etsi
2250 4143 2473 4199 credunt
2529 4142 2768 4211 plerique
2835 4140 2889 4195 in
2942 4140 3117 4211 illum,
3163 4138 3343 4198 900
3382 4154 3489 4194 non
3519 4140 3698 4196 statim

2104 4235 2310 4290 ratione
2351 4232 2600 4299 credunt,
2638 4246 2748 4286 non
2805 4230 3069 4287 habentes
3124 4230 3225 4286 Dei
3270 4231 3489 4302 pignus,
3530 4244 3699 4299 Opera

2103 4323 2246 4391 ejus,
2278 4322 2395 4377 Deo
2426 4320 2612 4392 digna.
2662 4319 2874 4391 Itaque,
2905 4318 3012 4375 hoc
3056 4318 3271 4375 nomine
3299 4316 3614 4374 cessationis
3645 4325 3701 4371 et

2100 4410 2416 4469 defectionis
2460 4424 2708 4480 operum,
2743 4416 2797 4463 et
2826 4407 3241 4479 impudentiae58
3285 4417 3337 4463 et
3389 4405 3704 4478 malignita-

404 4492 507 4549 luit
534 4494 684 4550 Deus
711 4500 835 4549 tuus
882 4491 1138 4564 cognosci
1164 4508 1223 4549 se
1253 4509 1592 4568 quocumque
1621 4496 1674 4550 in
1706 4502 1987 4568 tempore?
2101 4502 2173 4557 tis
2197 4499 2388 4555 adﬁnis
2448 4507 2531 4554 est
2561 4496 2715 4567 (At):
2763 4496 3115 4569 impudentiae
3151 4498 3221 4563 5",
3253 4512 3357 4568 qua
3403 4494 3560 4551 ﬁnem
3591 4510 3704 4551 non

472 4669 520 4752 is
548 4671 703 4752 Falsa
730 4674 1164 4752 Rhen.__Ju_nius.
1195 4673 1245 4711 ⁵ο
1275 4674 1332 4752 Si
1362 4594 1989 4752 insarit_Seml.:iagl€:e

2101 4612 2536 4752 ὲῐίιίῗῐέῗεᾷιιηοηςῖ
2561 4673 2748 4752 Se_ml._
2764 4689 2831 4752 an
2854 4677 3021 4752 Eran.
3055 4674 3106 4713 ⁵⁵
3133 4674 3293 4731 False
3321 4672 3497 4730 Rhen.
3519 4672 3570 4712 53
3599 4673 3707 4729 sn-

407 4746 624 4812 periora
643 4746 865 4802 Ciacon.
899 4748 947 4785 ⁵4
989 4749 1093 4803 Res
1121 4747 1241 4816 ipsa
1272 4746 1442 4803 Seml.
1475 4747 1524 4783 ⁵⁵
1554 4747 1853 4802 Formatam
1876 4751 2005 4805 Jun.
2041 4751 2089 4789 ⁵⁵
2118 4752 2279 4806 Forte
2309 4746 2686 4817 imprudentiae
2707 4746 2842 4801 Edd.
2876 4746 2921 4783 ⁵⁷
2948 4746 3029 4801 Id.

1810 4837 2310 4903 Commentarius.

479 4915 591 4982 (38)
617 4915 850 4982 Quando
867 4931 1028 4974 error
1056 4918 1232 4974 etiam
1261 4918 1430 4984 orbis,
1461 4923 1567 4972 etc.
1598 4916 1711 4971 Hoc
1738 4916 1994 4973 latissime

410 4985 655 5059 tractavit
706 4996 894 5043 auctor
949 5004 1130 5057 supra,
1183 4988 1401 5059 Apolog.
1457 5005 1507 5045 c.
1548 4991 1601 5052 2,
1636 4988 1795 5042 etiam
1834 5004 1997 5045 vanas

408 5055 523 5139 illas
582 5070 703 5139 esse
761 5072 952 5111 causas
1012 5055 1395 5139 comprobans,
1469 5059 1539 5139 ob
1595 5074 1731 5139 quas
1790 5080 1812 5109 cr
1863 5059 1997 5114 deos

409 5127 557 5201 orbis
587 5127 1203 5201 terraepraasumpserit,
1256 5134 1396 5197 quod
1455 5127 1657 5201 aliquid
1706 5143 2004 5201 prospexe-

410 5198 515 5251 rint
545 5197 795 5253 humanis
833 5198 1168 5254 utilitatibus.
1210 5201 1348 5257 PAM.

481 5270 596 5342 (39)
644 5270 823 5342 Unam
846 5271 1046 5326 saltem
1078 5273 1440 5335 cicerculam,
1473 5278 1584 5342 etc._
1630 5270 1841 5342 Legunt
1896 5286 1999 5324 ms.

410 5340 586 5394 Vatic.
620 5344 651 5395 2
687 5339 905 5405 saltim,
938 5356 1088 5395 more
1122 5342 1308 5405 veteri,
1344 5341 1437 5394 svd
1496 5340 1649 5395 nolui
1689 5339 2000 5396 immutare.

411 5413 550 5479 Apte
597 5420 777 5467 autem
833 5413 1146 5483 metaphora
1199 5412 1474 5468 cicerculae
1522 5411 1704 5483 utitur,
1737 5426 1800 5467 eo
1860 5413 2005 5482 quod

410 5484 771 5556 Triptolemus
793 5482 1007 5556 primus
1044 5484 1253 5539 serendi
1284 5483 1501 5538 modum
1537 5482 1832 5556 tradiderit.
1866 5483 2007 5556 Hinc

414 5553 545 5608 illud
596 5553 836 5612 auctoris
874 5554 969 5612 lib.
1003 5556 1075 5611 ad
1134 5556 1514 5623 Herennium;
1552 5573 1575 5607 σ
1634 5555 1690 5611 Si
1734 5554 2008 5631 Triptole-

2102 4934 2242 4981 mus,
2272 4931 2398 4972 cum
2428 4912 2683 4970 omnibus
2713 4927 2896 4968 semen
2930 4913 3240 4983 largiretur.
3278 4936 3300 4962 »
3326 4915 3401 4970 In.

2175 4989 2286 5058 (40)
2314 4987 2675 5057 Prospexerit
2712 4986 3054 5067 agnoscendo
3070 4990 3434 5067 paraturam,
3475 4987 3590 5042 Hoc
3617 4994 3706 5041 est

2108 5066 2484 5114 ornamentum
2530 5072 2630 5111 seu
2675 5059 2961 5111 creationis
3010 5059 3443 5129 praerogativam,
3478 5074 3582 5129 qua
3608 5072 3707 5113 ve-

2112 5130 2190 5185 lut
2235 5129 2780 5254 propriopapparatu,
2828 5129 3147 5198 prOpriaque
3184 5129 3358 5199 gloria
3399 5143 3706 5199 cognosce-

2112 5210 2284 5254 retur.
2380 5216 2413 5254 ε
2488 5215 2542 5253 n.

2112 5210 2284 5257 retur.
2340 5210 2413 5255 LE
2445 5210 2542 5253 ΡΒ.

2187 5271 2300 5342 (il)
2322 5274 2389 5328 Et
2419 5270 2797 5342 malignitatis
2840 5269 3038 5342 afﬁnis
3068 5274 3168 5342 est.
3217 5269 3492 5340 Particeps
3548 5269 3707 5342 mali-

2155 5340 2353 5399 nitatis.
2421 5342 2501 5397 Eo
2558 5340 2697 5394 enim
2771 5341 3026 5395 vocabulo
3098 5340 3153 5395 in
3214 5356 3279 5398 eo
3328 5357 3489 5398 sensu
3537 5341 3708 5396 utitur

2161 5416 2321 5469 ullius
2368 5429 2461 5484 pro
2517 5411 2694 5483 Sylla:
2732 5432 2756 5460 «
2809 5411 2978 5480 Hujus
3033 5411 3238 5468 adﬁnes
3296 5412 3641 5484 suspicionis.
3676 5432 3698 5463 ι

2116 5487 2196 5542 In.
