4032 6152
175 240 263 301 285
1403 239 1526 300 LIB.
1564 240 1587 300 Ι
1622 238 1777 302 ADV.
1816 239 2224 307 MARCIONEM.

3349 241 3457 303 286

582 373 801 464 captat,
845 364 935 425 cui
990 365 1381 464 prmstruendse
1417 366 1563 464 nihil
1618 383 1752 440 pro-
1784 384 1832 464 ⁸
1859 370 2117 464 Indorum
2145 367 2623 464 GymnOSOphistm
2839 370 2964 464 Ipsa
2998 384 3213 464 quoque
3256 370 3453 464 vulga-

167 459 354 533 spexit;
390 456 767 531 malignitatis,
812 473 919 530 qua
962 457 1145 528 plures
1190 456 1581 515 incredulitatis
1625 474 1751 517 reos

170 549 293 615 fecit,
337 546 478 602 nihil
517 544 644 601 ﬁdei
683 546 1041 616 procurando.

755 632 983 689 CAPUT
1004 632 1145 689 XIII.

221 725 342 780 Cum
377 722 543 778 deum
582 721 687 779 hoc
724 719 898 795 gradu
934 722 1272 792 expellimus,
1316 723 1402 779 cui
1441 722 1591 779 nulla
1617 739 1749 781 con-

167 817 268 872 ditio
320 822 437 868 tam
492 810 717 884 prOpria
759 822 816 866 et
856 812 969 867 Deo
1008 810 1192 886 digna,
1242 828 1410 889 quam
1460 812 1747 879 Creatoris,

164 903 513 960 testimonium
566 900 925 973 praesignarit,
973 917 1160 957 narem
1223 902 1599 959 contrahentes
1642 903 1750 959 im-

164 991 526 1066 pudentissimi
599 988 956 1046 Marcionistze
1027 991 1181 1063 (42),
1213 1000 1600 1049 convertuntur
1679 993 1748 1047 ad

166 1082 570 1137 destructionem
649 1094 870 1150 operum
955 1080 1245 1138 Creatoris.
1308 1080 1595 1148 Nimirum,
1665 1079 1748 1137 in-

160 1172 341 1241 quiunt,
378 1169 593 1240 grande
623 1173 840 1238 opus‘et
868 1168 1090 1240 dignum
1121 1170 1261 1235 Deo,
1290 1169 1543 1225 mundus.
1575 1169 1747 1225 Num-

151 1261 261 1332 quid
291 1273 430 1329 ergo
472 1258 695 1315 Creator
730 1257 953 1313 minime
981 1260 1170 1315 Dens?
1200 1259 1364 1314 Plane
1394 1259 1563 1315 Deus.
1596 1258 1741 1333 Ergo

149 1365 234 1404 nec
261 1348 514 1403 mundus
546 1348 661 1402 Deo
692 1347 951 1419 indignus
989 1364 1003 1401 :
1056 1347 1193 1403 nihil
1238 1348 1437 1403 etenim
1486 1348 1631 1403 Deus
1661 1348 1746 1402 in-

150 1438 364 1510 dignum
415 1452 476 1492 se
527 1436 685 1504 fecit;
738 1437 839 1492 etsi
883 1436 1143 1491 mundum
1193 1435 1417 1502 homini,
1478 1452 1587 1492 non
1643 1435 1745 1491 sibi

148 1527 276 1591 fecit,
306 1526 417 1583 etsi
461 1540 628 1580 omne
664 1539 805 1595 opus
860 1524 1087 1581 inferius
1133 1533 1219 1580 est
1261 1540 1359 1582 suo
1409 1524 1636 1582 artiﬁce.
1678 1525 1744 1580 Et

146 1626 330 1685 tamen,
384 1616 433 1671 si
470 1615 636 1685 quale
689 1613 821 1685 quid
875 1613 1068 1671 fecisse
1127 1614 1411 1687 indignum
1464 1620 1547 1669 est
1602 1615 1739 1681 Deo,

146 1715 331 1778 quanto
373 1704 656 1778 indignius
683 1704 802 1760 Deo
835 1711 937 1772 est,
970 1703 1104 1759 nihil
1133 1720 1254 1759 eum
1285 1703 1508 1760 omnino
1547 1703 1742 1761 fecisse

146 1793 223 1848 vel
270 1793 587 1865 indignum,
618 1806 729 1862 quo
773 1799 955 1861 posset
995 1791 1157 1847 etiam
1201 1791 1508 1862 digniorum
1554 1802 1743 1849 auctor

149 1882 368 1951 sperari!
419 1881 489 1936 Ut
541 1894 669 1950 ergo
714 1879 923 1950 aliquid
970 1886 1024 1935 et
1077 1879 1147 1935 de
1195 1880 1298 1935 isto
1348 1878 1510 1952 hujus
1556 1881 1743 1938 mundi

152 1970 359 2044 indigno
390 1970 603 2042 loquar,
642 1969 729 2023 cui
765 1976 824 2024 et
851 1967 998 2037 apud
1026 1967 1249 2025 Graecos
1286 1967 1400 2040 (43)
1438 1971 1740 2027 ornamenti

149 2070 194 2114 et
223 2058 425 2126 cultus,
465 2072 578 2113 non
613 2055 863 2114 sordium
890 2071 1085 2113 nomen
1126 2067 1231 2123 est,
1264 2056 1517 2129 indignas
1545 2057 1741 2113 videli-

144 2158 218 2202 cet
253 2146 583 2204 substantias
638 2146 741 2217 ipsi
794 2145 870 2201 illi
928 2146 1212 2217 sapientiae
1266 2146 1623 2218 professores,
1672 2148 1739 2203 de

142 2252 359 2306 quorum
394 2236 635 2308 ingeniis
663 2235 838 2291 omnis
875 2236 1097 2290 haeresis
1121 2235 1409 2304 animatur,
1442 2236 1573 2292 deos
1603 2251 1738 2306 pro-

143 2325 545 2391 nuntiaverunt,
570 2333 629 2380 ut
657 2323 854 2380 Thales
879 2339 1095 2396 aquam,
1122 2332 1183 2380 ut
1211 2323 1510 2381 Heraclitus
1538 2324 1738 2395 ignem,

148 2424 198 2468 nt
240 2415 622 2470 Anaximenes
676 2429 878 2478 aerem,
920 2422 981 2469 ut
1034 2413 1435 2470 Anaximander
1483 2413 1739 2471 universa

152 2503 391 2567 scelestis,
464 2510 530 2557 ut
597 2502 777 2558 Strato
830 2502 1025 2558 coelum
1091 2510 1145 2557 et
1209 2509 1429 2567 terram,
1483 2509 1543 2558 ut
1594 2502 1740 2557 Zeno

140 2607 303 2648 aerem
323 2602 381 2647 et
407 2593 697 2656 etherem,
731 2599 790 2645 ut
817 2590 966 2646 Plato
1003 2590 1207 2661 sidera;
1250 2606 1372 2660 qua:
1399 2606 1575 2661 genus
1605 2590 1739 2645 deo-

134 2698 241 2735 rum
268 2682 503 2752 igneum
537 2680 793 2751 appellat,
823 2696 944 2735 cum
981 2679 1049 2735 de
1076 2680 1301 2737 mundo.
1336 2679 1740 2736 Considerando

130 2769 325 2824 scilicet
375 2782 429 2824 et
493 2766 940 2841 magnitudinem,
995 2777 1050 2823 et
1101 2767 1234 2833 vim,
1294 2775 1346 2823 et
1396 2775 1739 2838 potestatem,

130 2867 179 2912 et
211 2859 505 2924 honorem,
539 2866 593 2913 et
632 2858 907 2925 decorem,
946 2871 1128 2928 opem,
1160 2855 1345 2923 ﬁdem,
1395 2856 1570 2928 legem
1618 2856 1736 2911 sin-

126 2950 392 3019 gulon
448 2949 885 3013 elementorum,
942 2963 1062 3019 quae
1116 2947 1365 3002 omnibus
1421 2946 1731 3019 gignendis,

128 3037 377 3099 alendis,
426 3036 765 3091 conﬁciendis
823 3034 1234 3107 reﬁciendisque
1295 3036 1629 3106 conSpirant,
1681 3042 1740 3088 ut

140 3122 404 3195 plerique
472 3124 800 3195 physicorum
834 3165 848 3193 ,
909 3124 1331 3181 formidaverunt
1401 3123 1608 3178 initium
1681 3138 1742 3178 ac

127 3210 308 3267 ﬁnem
368 3211 571 3267 mundo
612 3216 739 3268 dare
793 3214 863 3277 ⁵⁸,
918 3228 986 3268 ne
1040 3212 1353 3268 substantias
1406 3212 1543 3282 ejus,
1578 3219 1741 3268 tantae

127 3300 363 3365 scilicet,
398 3300 577 3355 minus
634 3301 709 3356 dii
764 3300 1119 3366 haberentur;
1170 3316 1306 3373 quas
1357 3299 1406 3338 ⁵9
1461 3300 1643 3356 colunt
1686 3311 1740 3355 et

132 3390 419 3447 Persarum
457 3390 625 3464 Magi,
658 3398 713 3446 et
769 3390 1139 3463 Egyptiorum
1199 3388 1580 3461 Hierophantae
1621 3389 1736 3461 (44)

1864 458 1939 516 ris
1967 458 2277 531 superstitio
2316 459 2625 515 communis
2650 458 3119 527 idololatrias,cum
3150 460 3207 515 in
3235 460 3457 518 simula-

1858 548 1966 605 cris
2003 548 2071 603 de
2114 547 2424 604 nominibus
2468 555 2521 603 et
2569 547 2770 604 fabulis
2812 556 3058 603 veterum
3110 557 3451 607 mortuorum

1859 638 2056 709 pudet,
2107 640 2173 695 ad
2230 636 2731 709 interpretationem
2777 636 3110 693 naturalium
3140 638 3361 711 refugit,
3400 648 3454 696 et

1858 727 2102 784 dedecus
2155 743 2314 782 suum
2361 727 2575 798 ingenio
2632 727 2937 792 obumbrat,
2997 724 3156 783 261
3208 725 3454 801 ﬁgurans

1854 817 2041 873 Jovem
2075 817 2131 871 in
2183 816 2536 872 substantiam
2586 815 2868 884 fervidam,
2914 824 2969 870 et
3009 815 3276 871 Junonem
3332 816 3491 885 ejus,

1857 906 1913 961 in
1952 905 2177 973 aeriam,
2211 904 2515 960 secundum
2561 920 2755 960 sonum
2802 904 3119 960 Graecorum
3148 903 3452 960 vocabulo-

1856 1011 1976 1050 rum
2008 1011 2021 1063 ;
2053 993 2183 1051 item
2212 994 2429 1049 Vestam
2458 994 2514 1047 in
2552 994 2735 1068 ignem
2763 1002 2815 1048 et
2858 994 3121 1049 Camenas
3149 992 3203 1048 in
3232 1006 3453 1064 aquam,

1854 1091 1907 1139 et
1938 1086 2185 1155 Magnam
2214 1083 2442 1138 Matrem
2481 1083 2535 1137 in
2565 1090 2769 1138 terram
2807 1081 3088 1138 seminalia
3125 1081 3450 1153 demessum,

1856 1171 2077 1228 lacertis
2122 1179 2328 1228 aratam
2363 1213 2377 1236 ,
2408 1170 2640 1227 lavacris
2679 1170 2913 1243 rigatam
2950 1212 2964 1225 .
2997 1170 3088 1227 Sic
3115 1180 3169 1226 et
3197 1170 3372 1227 Osiris
3402 1169 3453 1209 δε

1854 1260 2001 1331 quod
2039 1276 2255 1330 semper
2296 1259 2553 1331 sepelitur
2585 1302 2600 1327 ,
2652 1268 2707 1315 et
2748 1259 2803 1313 in
2852 1260 3029 1315 vivido
3059 1259 3341 1329 quaeritur,
3392 1268 3449 1314 et

1853 1362 1977 1403 cum
2004 1348 2201 1421 gaudio
2229 1347 2520 1413 invenitur,
2563 1346 2965 1419 reciprocarum
3007 1348 3227 1425 frugum
3265 1356 3321 1403 et
3365 1348 3445 1405 vi-

1852 1438 2106 1493 vidorum
2141 1438 2553 1501 elementorum,
2581 1443 2636 1492 et
2663 1436 2887 1492 recidivi
2915 1437 3053 1491 anni.
3078 1435 3243 1491 ﬁdem
3288 1452 3451 1508 argu-

1854 1535 2119 1583 mentatur
2158 1546 2174 1594 ;
2233 1525 2375 1583 sicut
2426 1526 2593 1582 aridae
2637 1532 2693 1579 et
2727 1525 2965 1581 ardentis
3028 1533 3233 1580 naturae
3263 1540 3449 1581 sacra-

1852 1624 2033 1670 menta
2092 1615 2278 1670 leones
2326 1613 2529 1669 Mithrae
2576 1613 3026 1684 philosophantur
3055 1613 3184 1683 (46).
3234 1614 3304 1668 Et
3351 1629 3448 1669 su-

1851 1703 2094 1775 periores
2122 1703 2341 1775 quidem
2398 1702 2505 1758 situ
2561 1709 2656 1757 aut
2707 1710 2845 1757 statu
2886 1703 3212 1757 substantias
3252 1702 3451 1759 sufﬁcit

1850 1792 2061 1850 facilius
2097 1795 2229 1849 deos
2258 1792 2490 1859 habitas,
2516 1806 2681 1864 quam
2701 1792 2814 1847 Deo
2845 1790 3120 1863 indignas.
3152 1790 3235 1845 Ad
3268 1792 3449 1846 humi-

1849 1883 1921 1939 lia
1984 1881 2253 1938 deﬁciam.
2291 1882 2442 1938 Unus
2473 1922 2487 1947 ,
2533 1880 2728 1950 Opinor
2765 1881 2832 1935 de
2887 1880 3106 1950 sepibus
3166 1880 3446 1947 flosculus,

1851 1987 1967 2028 non
1997 1972 2121 2028 dico
2152 1971 2221 2028 de
2246 1972 2417 2043 pratis
2449 1987 2463 2040 ;
2506 1986 2614 2026 una
2640 1968 2932 2038 cujuslibet
2968 1969 3133 2024 maris
3159 1968 3448 2037 conchula,

1850 2075 1959 2117 non
1987 2061 2112 2116 dico
2140 2060 2207 2115 de
2235 2059 2421 2117 Rubro
2450 2079 2469 2127 ;
2527 2075 2639 2115 una
2680 2058 2943 2114 tetraonis
2997 2058 3239 2128 pinnula,
3297 2065 3450 2114 taceo

1850 2152 1917 2207 de
1955 2164 2110 2222 pavo,
2142 2149 2419 2206 sordidum
2450 2147 2714 2204 artiﬁcem
2742 2146 3114 2219 pronuntiabit
3156 2145 3252 2201 tibi
3281 2146 3447 2203 Crea-

1851 2247 2024 2298 torem
2052 2239 2082 2294 ‘I

2439 2327 2664 2385 CAPUT
2696 2326 2845 2381 XIV.

1921 2420 1991 2473 At
2027 2431 2152 2473 cum
2177 2425 2230 2472 et
2273 2416 2527 2473 animalia
2564 2415 2760 2472 irrides
2808 2413 3135 2479 minutiora,
3166 2429 3288 2486 qua:
3324 2427 3448 2468 ma-

1850 2506 2029 2561 ximus
2056 2504 2251 2561 artifex
2278 2506 2345 2561 de
2386 2505 2647 2561 industria
2688 2504 2928 2577 ingeniis
2956 2510 3053 2558 aut
3080 2502 3291 2558 viribus
3328 2518 3449 2557 am-

1851 2593 2061 2663 pliavit,
2112 2593 2194 2650 sic
2240 2593 2665 2667 magnitudinem
2707 2593 2765 2646 in
2810 2591 3184 2647 mediocritate
3229 2588 3450 2663 probari

1848 2682 2050 2738 docens
2099 2683 2558 2754 quemadmodum
2597 2682 2846 2736 virtutem
2892 2681 2948 2734 in
2988 2680 3316 2745 inﬁrmitate,
3359 2695 3449 2734 se-

1849 2771 2085 2826 cundum
2117 2772 2430 2841 Apostolum
2462 2772 2540 2841 (Il
2570 2771 2688 2827 Cor.
2718 2784 2819 2835 xu,
2870 2770 2926 2839 9)
2956 2786 2971 2834 ;
3016 2767 3229 2823 imitare
3266 2768 3312 2822 si
3346 2782 3447 2838 po-

1845 2865 1959 2924 tes,
2018 2858 2137 2930 apis
2191 2858 2441 2920 aediﬁcia:
2480 2858 2727 2914 formicae
2754 2858 2966 2914 stabula
2991 2898 3008 2926 ,
3055 2856 3239 2913 aranei
3293 2857 3447 2920 retia,

1769 2982 1814 3061 ο
1848 2946 2128 3016 bombycis
2163 2948 2395 3001 stamina
2429 2963 2441 2999 :
2485 2947 2693 3001 sustine
2725 2986 2739 3009 .
2800 2945 2846 3001 si
2876 2955 3067 3016 potes,
3129 2946 3251 3001 illas
3296 2945 3450 3016 ipsas
3496 2936 3499 2941 ⁴

1848 3034 2027 3061 1,-..-1ζ
2064 3043 2110 3061 ιιι
2172 3036 2365 3061 ιρι-ηιξ...
2415 3044 2520 3061 sum
2559 3034 2759 3061 ιιηηος..-
2837 3035 3165 3061 ...ικαὶ-..-ἔριζε
3212 3050 3417 3061 ..Α-.-.μη

1848 3034 2029 3090 lectuli
2062 3043 2115 3091 et
2172 3036 2368 3105 tegetis
2415 3044 2521 3089 tuae
2559 3034 2762 3090 bestias
2788 3077 2800 3099 ,
2834 3035 3169 3089 cantharidis
3212 3050 3445 3103 venena,

1848 3137 2049 3177 muscae
2075 3121 2303 3194 spicula,
2334 3108 2527 3177 culicis
2557 3131 2609 3177 et
2654 3121 2837 3176 tubam
2892 3130 2945 3175 et
2994 3123 3253 3177 lanceam.
3286 3120 3439 3191 Qua-

1848 3212 1923 3266 lia
1960 3222 2119 3268 erunt
2156 3213 2387 3280 majora,
2430 3224 2553 3265 cum
2596 3218 2703 3264 tam
2735 3208 2965 3264 modicis
3006 3216 3098 3263 aut
3122 3209 3330 3278 juvaris
3359 3218 3450 3264 aut

1850 3299 2064 3356 laedaris
2098 3341 2114 3368 ,
2171 3310 2233 3356 ut
2290 3316 2391 3357 nec
2467 3298 2699 3354 modicis
2733 3298 3013 3368 deepicias
3080 3300 3447 3354 Creatorem?

1846 3388 2150 3461 Postremo,
2183 3395 2236 3444 te
2284 3388 2359 3444 ibi
2411 3386 2698 3445 circumfer
2723 3430 2737 3455 ,
2786 3387 2933 3445 intus
2979 3403 3041 3443 ac
3078 3386 3212 3444 foris
3257 3386 3445 3443 consi-

1515 3489 1708 3550 Variae
1755 3490 2068 3550 lectiones.

200 3584 249 3623 ⁵⁸
279 3584 544 3641 Constare
576 3586 745 3643 Seml.
781 3584 829 3624 59
858 3585 1006 3654 Quos
1036 3588 1211 3645 Seml.
1231 3584 1283 3625 δο
1304 3584 1483 3642 Osirin
1512 3587 1695 3643 Paris.
1737 3588 1911 3642 Fran.

1547 3682 2047 3747 Commentarius.

202 3763 314 3832 (42)
342 3763 558 3837 Narem
575 3764 977 3837 contrahentes
998 3763 1481 3837 impudentissimi
1500 3764 1733 3837 Marcio-

142 3833 323 3889 πέδαι.
398 3834 567 3905 Yafre
628 3836 936 3891 deridentes
1006 3833 1093 3890 et'
1123 3851 1261 3892 naso
1326 3834 1731 3905 suspendentes

143 3904 374 3977 manca.
405 3904 486 3961 La
515 3906 617 3962 Ps.

204 3976 318 4049 (43)
348 3977 553 4049 Nomm
594 3977 909 4049 Pythagorae
956 3976 1181 4033 dictum.
1208 3976 1347 4049 Hinc
1384 3976 1561 4049 etiam,
1590 3976 1730 4031 istud

148 4042 446 4103 Adstotelrs
490 4048 546 4102 in
593 4042 686 4103 lib.
718 4042 792 4106 de'
835 4047 1033 4106 Mundo
1068 4069 1086 4105 :
1128 4066 1152 4101 ε
1198 4048 1513 4104 Universum
1552 4048 1728 4119 ipsum

144 4119 415 4173 commode
476 4121 665 4200 κόσμρν
709 4119 1090 4200 nominaveris,
1148 4119 1204 4174 id
1253 4127 1355 4187 est,
1408 4134 1729 4200 compagem

148 4201 316 4241 rerum
369 4191 767 4260 compositam,
833 4191 1260 4262 concinnateque
1324 4190 1515 4246 ordine
1569 4190 1730 4261 dige-

152 4264 297 4315 stam.
332 4278 361 4313 ι
402 4261 549 4317 Enn.
585 4266 707 4317 post
738 4264 877 4317 Pan.

176 4277 297 4315 tam.
332 4278 361 4313 ι
404 4277 549 4317 ιςου.
622 4277 707 4318 οδι
738 4277 877 4318 ΒΑΜ.

176 4332 321 4410 figi)
525 4280 912 4410 igyptiorum
997 4331 1393 4405 Hieraphante.
1451 4332 1732 4401 ἱεροφάνται

143 4396 464 4475 ὤειί,’ςιιοᾷ
510 4396 673 4459 sacra.
712 4406 1058 4460 ostenderent
1102 4396 1194 4459 aut
1242 4396 1580 4474 peragerent,
1622 4418 1725 4475 ge-

138 4485 231 4526 nus
269 4474 613 4529 sacerdotum
651 4475 795 4545 apud
822 4476 1120 4545 Egyptios.
1163 4477 1303 4530 Pu.

197 4546 321 4623 (45!
351 4545 625 4623 fuderunt
656 4542 1539 4623 Gymnosbphistw._Apolog._§2.
1570 4542 1735 4613 Gym-

136 4616 480 4693 e-gsophistas
532 4616 791 4693 ludorum
872 4616 1067 4693 pariter
1138 4616 1391 4693 dixerat."
1425 4616 1538 4671 Hos
1599 4628 1732 4672 vero

132 4683 446 4761 £th10pum
503 4683 884 4761 philosophos
918 4688 1089 4761 fuisse
1108 4729 1121 4753 ,
1174 4689 1539 4761 Brachmanas
1602 4700 1731 4761 vero

132 4752 394 4829 ludorum
452 4752 685 4829 statuere
720 4752 948 4817 'videtur
1002 4758 1258 4815 Sidonius
1310 4758 1490 4828 Apoll.
1535 4773 1625 4829 ep.
1656 4760 1728 4829 73,

132 4825 159 4901 l_.
200 4843 309 4883 ml
346 4849 358 4884 :
405 4846 433 4881 α
476 4828 629 4885 Nunc
656 4830 724 4885 ad
753 4830 1062 4901 Ethiopum
1101 4825 1609 4901 Gymnosophistas,
1639 4828 1730 4883 ln-

130 4896 441 4973 dorumque
490 4902 868 4970 Brachmanas,
937 4896 1081 4959 totus
1136 4896 1356 4958 lectioni
1385 4896 1627 4973 'vaeans,
1668 4916 1733 4955 ea

130 4971 235 5035 ipse
280 4971 692 5046 quodammodo
741 4974 1110 5046 peregrinare.
1155 4992 1182 5024 υ
1232 4973 1347 5028 Nec
1393 4972 1503 5046 αῠίι
1538 4972 1606 5046 Ψ
1666 4988 1733 5046 3.3

130 5042 407 5097 sententia
475 5042 759 5099 Clemens
789 5042 944 5100 Ale'x.
996 5046 1253 5101 Strom.r
1306 5061 1319 5097 :
1378 5045 1491 5113 παρ’
1559 5043 1731 5104 Ἰνδοῖς

126 5114 376 5238 ab"?
429 5115 758 5186 Βραχμάνων,
816 5133 854 5171 α
906 5117 1272 5174 Brachmanis
1336 5114 1490 5188 apud
1544 5113 1728 5172 Indos.

186 5255 315 5321 ($63
348 5258 511 5313 Sicut
544 5260 725 5315 arida
755 5264 812 5315 et
839 5258 1095 5317 ardentis
1115 5262 1348 5314 natura
1372 5261 1733 5314 sacramenta

130 5328 319 5405 “gone:
354 5328 578 5405 ἔψη-ιε
592 5329 1091 5405 ρὴίιορορὴαπιιιτ.
1119 5330 1178 5405 In
1198 5328 1601 5405 sacris_Mithrae
1620 5329 1733 5385 sive

129 5395 269 5451 Solis
304 5395 699 5457 adhibebantur
751 5395 971 5458 leonum
1020 5400 1327 5456 simulacra.
1364 5395 1526 5454 Erant
1552 5410 1732 5457 autem

130 5478 495 5554 sacramenta,
525 5474 629 5554 hoc
674 5480 762 5554 est
807 5473 1098 5554 signa_seu
1128 5470 1383 5553 mysteria
1411 5470 1604 5554 solaris
1620 5486 1729 5554 Ana-

134 5546 293 5611 tare,
344 5542 513 5597 arida:
559 5553 617 5598 et
660 5542 917 5603 ardentis.
960 5545 1114 5600 Tunc
1157 5544 1300 5599 enim
1348 5550 1513 5597 aastus
1558 5542 1731 5598 inten-

1842 3762 1990 3817 ditur
2006 3760 2219 3834 fontes
2246 3768 2302 3817 et
2339 3761 2485 3818 ﬂuvii
2538 3760 2809 3834 siccantur
2841 3804 2856 3830 ,
2886 3761 3257 3834 cumingredi
3290 3761 3437 3818 Leo-

1842 3849 1965 3905 nem
1995 3833 2089 3889 Sol
2119 3831 2334 3890 dicitur.
2386 3834 2536 3889 Tunc
2580 3832 2810 3905 denique
2848 3832 3059 3889 Cereris
3098 3831 3286 3904 raptus
3348 3848 3443 3889 ce-

1840 3903 2100 3971 lebratur,
2150 3905 2257 3977 hoc
2310 3913 2392 3977 es}
2419 3944 2435 3971 ,
2484 3904 2673 3977 messis
2726 3903 2929 3977 agitur.
2974 3905 3126 3961 Arati
3164 3903 3439 3962 ’Scholia-

1840 3979 1985 4049 stes,
2014 3968 2171 4046 Κόρην
2208 3975 2300 4046 γὰρ
2339 3968 2461 4029 εἶνὰι
2494 3976 2601 4036 τοὺς
2627 3995 2691 4028 δια
2719 3968 2839 4036 πιῗυς
2874 3976 3093 4047 λέγουσι,
3138 3978 3219 4029 καὶ
3258 3977 3445 4048 μητέρα

1840 4046 1922 4097 τὴν
1943 4046 2030 4097 γῆν
2063 4064 2076 4077 ·
2112 4044 2190 4097 καὶ
2225 4045 2316 4097 γὰρ
2344 4049 2457 4097 παρ’
2503 3998 2782 4097 Alvum-{mc
2811 4046 2938 4097 κατὰ
2963 4048 3048 4097 τὸν
3098 4046 3249 4097 Ἐιιωὶ
3290 4049 3439 4097 μῆνα-

1838 4046 1922 4135 ἷὴν
1943 4046 2030 4169 ξίν
2063 4045 2190 4131 simi
2224 4045 2316 4117 γὰρ
2344 4049 2457 4117 παρ’
2503 4045 2782 4119 Αἰγυπτίοις
2811 4045 3048 4101 κατὰ-τὸν
3098 4045 3270 4136 Ἐιε-φῖ
3290 4045 3440 4137 urive,

1839 4137 1915 4170 οτε
1977 4136 2001 4169 ν
2030 4117 2189 4170 λεοντι
2212 4117 2398 4189 πίνεται
2416 4118 2445 4172 ὁ
2469 4120 2621 4185 ἥλιος,
2650 4117 2785 4185 ἧτῆς
2814 4120 2969 4188 Κόρης
2999 4117 3193 4189 ἀρπαγη
3224 4120 3442 4172 τελειου-

1837 4208 1937 4269 ιάι.
1971 4187 2354 4269 Proserpinam
2382 4190 2683 4269 enimnesse
2700 4190 2904 4269 fructus
2930 4187 3119 4269 dicunt
3140 4187 3440 4269 etillatrem

1840 4265 2057 4332 terram.
2097 4260 2309 4314 Etenim
2340 4261 2481 4332 apud
2510 4260 2795 4332 Egyptios
2830 4276 3018 4317 mense
3070 4261 3288 4331 Emphi,
3315 4277 3439 4316 cum

1762 4316 1807 4392 Β
1839 4329 1889 4404 i_n
1921 4330 2099 4404 Leone
2127 4316 2511 4404 versatur‘sol,
2550 4316 3107 4402 P'rbserpinieraptus
3137 4316 3438 4404 peragitur.

1838 4399 2191 4459 Germanicus
2236 4400 2293 4457 in
2342 4400 2518 4457 Leone
2554 4419 2567 4456 :

1964 4577 2105 4629 Hunc
2136 4577 2226 4629 ubi
2261 4577 2524 4641 contigerit
2551 4576 2727 4628 thhi
2762 4576 3033 4641 violentior
3059 4576 3192 4635 axis,

1964 4642 2185 4705 accensa
2216 4642 2277 4705 in
2304 4637 2495 4691 Can'cro
2525 4642 2633 4705 jam
2654 4648 2757 4689 tum
2788 4637 3125 4705 geminabitur
3158 4645 3313 4705 mtas;

1964 4703 2103 4754 Tunc
2128 4704 2349 4766 lymphas
2380 4700 2574 4762 tenues,
2606 4711 2721 4752 tunc
2750 4700 2828 4753 est
2854 4700 3145 4766 tristissima
3173 4700 3345 4766 tellus,

1840 4765 1903 4817 Et
1934 4765 2117 4816 densas
2144 4763 2292 4817 laetus
2320 4772 2511 4830 segetes
2542 4766 2852 4817 benecondit
2879 4773 3067 4815 arator.
3095 4764 3293 4815 Enna:
3322 4763 3437 4815 Rus.

1838 4928 1909 4943 —
1935 4899 2151 4973 Mithrae
2170 4899 2668 4973 philosophantur.
2694 4899 2869 4955 Nemo
2888 4897 3002 4973 fere
3017 4900 3209 4973 estqui
3226 4900 3435 4973 nesciat

1838 4972 2082 5044 Mithram
2113 4969 2277 5044 deum
2308 4969 2427 5044 esse
2476 4972 2759 5044 Persarum
2796 4978 2865 5044 et
2901 4969 3143 5044 quidem
3171 4970 3433 5044 primum.

1838 5042 2154 5115 Hesychius,
2186 5043 2372 5113 Μίθρης
2402 5043 2430 5095 ὁ
2484 5047 2671 5113 πρῶτος
2710 5042 2759 5096 ἐν
2798 5042 3008 5111 Πέρσαις
3052 5042 3189 5115 θεὸς(
3230 5043 3324 5099 ubi
3381 5052 3437 5101 et

1839 5114 2052 5196 Solem"
2079 5130 2198 5171 esse
2220 5116 2336 5196 .ait.
2396 5115 2722 5196 Pingebatur
2758 5122 2943 5196 autem
2972 5114 3172 5196 Leonis
3227 5117 3379 5196 vultu
3416 5159 3429 5179 ,

1838 5184 2153 5243 animalium
2216 5184 2617 5258 ferventissimi,
2661 5186 2936 5258 quoniam,
2994 5196 3053 5240 ut
3102 5186 3431 5258 docetglib”

1841 5260 1869 5314 Ι
1911 5258 2042 5314 adv.
2097 5258 2279 5315 Jovin.
2320 5259 2379 5313 B.
2442 5256 2827 5329 Hieronymus,
2875 5273 2943 5313 ex
2998 5267 3131 5314 aestu
3163 5256 3424 5321 libidinis,

1841 5329 1910 5403 ad
1940 5345 2067 5403 eum
2114 5329 2337 5403 modum
2358 5369 2383 5403 Α,
2444 5346 2551 5400 quo
2602 5329 2989 5386 Erichthonius
3015 5370 3030 5395 ,
3069 5330 3289 5403 genitus
3332 5337 3433 5382 est.

1842 5400 1995 5527 and;
2023 5409 2078 5456 et
2131 5402 2220 5458 hic
2266 5400 2522 5459 ardentis
2576 5406 2808 5459 natura
2863 5416 3025 5460 voces
3075 5400 3430 5471 usurpentur.

1995 5487 2049 5526 ιι.

1995 5487 2049 5526 ll.
