4032 6152
547 284 655 346 587

1258 282 1700 344 TERTULLIANI
1735 282 2002 345 OPERUM
2035 283 2199 345 PARS
2227 283 2299 344 ll.
2340 314 2408 326 -—
2437 282 2659 345 SERIES
2698 285 2741 357 l,
2782 283 3128 345 POLEMICA.

3732 286 3841 347 288

547 396 679 465 dera
707 409 1005 467 hominem.
1060 408 1300 464 Placebit
1353 406 1525 467 που
1573 408 1669 466 tibi
1714 410 1795 467 vel
1842 411 1946 467 hoc
2000 424 2140 481 Opus
2169 424 2215 504 Α
2244 410 2608 468 conditionem
2669 425 2849 481 suam,
2908 416 2964 465 et
3018 424 3177 466 suum
3234 408 3515 474 mundum,
3573 419 3625 467 et
3680 429 3842 469 suum

549 496 647 551 Dei
679 499 869 567 nostri,
916 498 1056 570 quod
1118 508 1241 554 tuus
1306 498 1559 554 dominus
1606 497 1696 554 ille
1750 497 1884 554 deus
1947 497 2143 554 melior

549 583 864 657 adamavit;
908 594 1130 658 propter
1161 602 1326 659 quem
1382 588 1436 641 in
1491 588 1606 644 haec
1658 587 1984 660 paupertina
2030 588 2141 642 ele-

550 680 730 730 menta
765 675 835 729 de
865 675 1022 731 tertio
1071 674 1209 731 coelo
1256 676 1585 732 descendere
1631 675 1923 741 laboravit;
1982 676 2141 743 cujus

548 774 715 820 causa
771 763 826 817 in
880 764 982 819 hac
1038 763 1239 821 cellula
1299 764 1571 820 Creatoris
1635 764 1796 821 etiam
1852 763 2141 820 cruciﬁxus

550 859 649 907 est.
692 852 798 907 Sed
839 853 928 908 ille
970 854 1185 926 quidem
1233 871 1403 927 usque
1451 872 1592 912 nunc
1646 873 1746 913 nec
1803 872 2002 929 aquam
2050 871 2141 911 re-

547 941 792 1010 probavit
841 943 1132 1010 Creatoris,
1165 960 1273 1015 qua
1310 960 1437 1000 suos
1498 944 1669 1001 abluit
1711 964 1724 1012 ;
1781 960 1888 1001 nec
1943 945 2142 1011 oleum,

544 1045 653 1101 quo
681 1045 809 1086 suos
835 1033 1067 1103 unguit;
1115 1049 1211 1090 nec
1251 1033 1429 1089 mellis
1479 1042 1530 1089 et
1580 1034 1733 1089 lactis
1789 1036 2094 1091 societatem
2124 1080 2137 1107 ,

545 1135 653 1189 quo
690 1136 818 1175 suos
854 1121 1076 1176 infantat
1111 1142 1122 1188 ;
1165 1138 1266 1178 nec
1306 1137 1497 1192 panem
1521 1163 1536 1188 ,
1568 1138 1675 1195 quo
1722 1124 1899 1195 ipsum
1946 1142 2141 1197 corpus

545 1223 702 1262 suum
734 1200 1093 1281 repraesentat
1127 1213 1280 1281 (47);
1314 1212 1478 1267 etiam
1519 1211 1574 1265 in
1620 1215 1977 1269 sacramentis
2006 1233 2139 1287 pro-

544 1296 676 1367 priis
704 1312 870 1370 egens
925 1299 1357 1355 mendicitatibus
1414 1300 1700 1356 Creatoris.
1747 1304 1815 1357 At
1874 1310 1930 1357 tu
1983 1321 2142 1377 super

543 1386 859 1459 magistrum
898 1389 1239 1457 discipulus,
1273 1398 1326 1444 et
1380 1404 1567 1445 servus
1606 1406 1772 1460 super
1828 1392 2134 1459 dominum,

542 1474 828 1530 sublimius
867 1475 959 1531 illo
997 1477 1143 1547 sapis
1167 1520 1179 1542 ,
1213 1478 1494 1532 destruens
1531 1494 1651 1549 quae
1697 1478 1785 1533 ille
1847 1481 2139 1539 desiderat.

543 1561 675 1616 Volo
704 1562 977 1634 inspicere
1009 1566 1135 1621 siex
1166 1565 1269 1621 fide
1299 1566 1512 1633 saltem,
1557 1575 1616 1621 ut
1646 1582 1749 1622 non
1790 1576 1845 1623 et
1872 1568 1989 1639 ipse
2018 1587 2140 1640 quae

541 1649 794 1724 destrais,
827 1661 1073 1723 appetas.
1119 1653 1431 1709 Adversaris
1474 1655 1695 1723 cmlum,
1735 1664 1788 1710 et
1835 1656 2139 1713 libertatem

2247 501 2475 568 ctelum;
2497 496 2669 556 268
2696 498 2764 554 de
2792 499 2929 554 coelo
2960 497 3176 569 quidem
3205 497 3297 553 illo
3328 498 3485 555 tertio
3513 499 3839 571 videbimus,

2249 590 2292 644 si
2326 597 2381 645 et
2422 590 2491 645 ad
2529 587 2829 660 apostolum
2860 594 3098 643 vestrum
3140 585 3534 643 discutiendum
3573 604 3842 659 pervene-

2250 678 2443 747 rimus;
2496 676 2730 747 interim,
2784 691 3124 748 quaecunque
3187 676 3483 732 substantia
3539 685 3650 743 est,
3717 694 3840 734 cum

2248 782 2348 822 suo
2377 767 2564 839 utique
2606 768 2709 822 deo
2755 765 3069 837 apparuisse
3108 765 3393 821 debuerat.
3426 767 3497 820 At
3525 781 3667 822 nunc
3698 783 3840 838 qua-

2246 855 2296 911 le
2335 862 2415 910 est
2470 855 2585 926 (49)
2640 862 2700 911 ut
2737 854 2999 910 Dominus
3051 868 3190 909 anno
3243 869 3329 909 xu
3362 853 3563 908 Tiberii
3613 856 3841 912 Caesaris

2248 944 2515 1000 revelatus
2545 944 2632 1010 sit,
2673 943 2966 998 substantia
2993 957 3123 998 vero
3166 942 3231 996 ad
3277 941 3541 997 decimum
3591 944 3839 1014 quintum

2243 1032 2355 1103 jam
2420 1032 2602 1087 Severi
2655 1031 2993 1101 imperatoris
3062 1030 3206 1085 nulla
3275 1031 3496 1086 omnino
3566 1043 3847 1104 comperta

2246 1122 2335 1190 sit,
2363 1137 2483 1192 quae
2538 1119 2740 1176 frivolis
2788 1118 3064 1175 Creatoris
3114 1118 3430 1191 praecellens
3477 1117 3664 1190 utique
3702 1118 3845 1175 late-

2247 1227 2306 1267 re
2337 1210 2582 1279 desisset,
2622 1224 2731 1265 non
2786 1209 2985 1265 latente
3035 1209 3145 1277 jam
3202 1207 3437 1263 Domino
3475 1223 3572 1265 suo
3628 1217 3683 1263 et
3740 1224 3843 1264 au-

2246 1301 2432 1356 ctore?
2462 1300 2525 1354 Et
2579 1299 2725 1365 ideo,
2756 1298 2801 1354 si
2850 1297 2965 1369 ipsa
3020 1313 3127 1353 non
3186 1297 3363 1368 potuit
3415 1296 3751 1354 manifestari
3790 1299 3846 1353 in

2248 1390 2352 1444 hoc
2392 1388 2612 1453 mundo,
2641 1388 2912 1459 quomodo
2950 1386 3216 1442 Dominus
3251 1386 3431 1456 paruit
3471 1386 3592 1456 ejus
3638 1385 3691 1441 in
3743 1387 3845 1442 hoc

2247 1476 2487 1532 mundo?
2535 1476 2591 1532 Si
2640 1476 2929 1531 Dominum
2970 1474 3112 1545 cepit
3148 1474 3235 1529 hic
3271 1475 3527 1541 mundus,
3566 1488 3667 1530 cur
3713 1476 3843 1530 sub-

2248 1566 2493 1620 stantiam
2532 1581 2722 1635 capere
2773 1579 2883 1619 non
2938 1564 3135 1635 potuit,
3166 1562 3269 1618 nisi
3327 1562 3558 1618 Domino
3606 1562 3841 1620 fortasse

2248 1654 2551 1723 majorem?
2592 1655 2713 1708 Jam
2762 1669 2904 1708 nunc
2949 1655 3018 1707 de
3073 1652 3193 1709 loco
3245 1651 3474 1723 quaestio
3511 1660 3611 1716 est,
3666 1652 3844 1723 perti-

541 1739 666 1795 caeli
731 1740 784 1794 in
844 1741 1271 1797 habitationibus
1319 1750 1524 1812 captas.
1590 1744 1840 1814 Despicis
1914 1754 2133 1815 terram,
2174 1736 2216 1813 Β
2248 1759 2382 1799 nens
2422 1752 2476 1800 et
2514 1744 2581 1797 ad
2612 1743 2869 1797 mundum
2899 1741 3050 1797 illum
3079 1740 3440 1810 superiorem,
3470 1748 3525 1795 et
3553 1740 3617 1794 ad
3658 1741 3846 1810 ipsum

540 1828 700 1897 plane
749 1827 965 1882 inimica
1020 1828 1066 1865 δι
1114 1829 1225 1896 jam
1286 1836 1391 1885 tuae
1466 1831 1648 1886 carnis
1724 1833 2037 1904 matricem;
2087 1845 2140 1890 et

540 1930 733 1971 omnes
783 1915 1047 1971 medullas
1093 1918 1212 1986 ejus
1278 1919 1439 1975 victui
1486 1930 1795 1992 extorques.
1855 1923 2137 1996 Reprobas

538 2011 595 2059 et
630 2019 780 2059 mare
811 2025 830 2072 ;
872 2006 969 2061 sed
1001 2022 1176 2079 usque
1225 2008 1291 2062 ad
1336 2010 1520 2080 copias
1557 2012 1695 2079 ejus,
1728 2027 1862 2084 quas
1900 2013 2136 2069 sanctio-

538 2107 647 2148 rem
677 2093 854 2147 cibum
902 2094 1152 2165 deputas.
1201 2097 1401 2153 Rosam
1460 2099 1554 2153 tibi
1603 2098 1649 2154 si
1709 2100 1987 2167 obtulero,
2028 2118 2134 2157 non

538 2180 784 2237 fastidies
827 2182 1137 2239 Creatorem
1188 2187 1481 2257 Hypocrita
1518 2228 1531 2252 ,
1590 2197 1648 2242 ut
1692 2189 1743 2227 62
1770 2191 2134 2259 apocarteresi

539 2270 735 2341 probes
784 2282 835 2328 te
881 2273 1250 2330 Marcionitam
1295 2277 1429 2347 (48),
1481 2276 1534 2330 id
1592 2286 1673 2333 est
1738 2278 2130 2348 repudiatorem

537 2360 807 2415 Creatoris
838 2363 973 2430 (nam
1014 2362 1129 2419 hac
1157 2364 1301 2434 apud
1339 2380 1437 2419 vos
1475 2380 1572 2434 pro
1604 2366 1860 2437 martyrio
1890 2366 2129 2423 affectari

538 2447 834 2515 debuisset,
869 2450 912 2503 si
955 2452 1108 2507 vobis
1162 2453 1394 2508 mundus
1443 2453 1792 2523 displiceret),
1851 2455 1902 2508 in
1932 2472 2127 2527 quam-

534 2553 753 2610 cunque
782 2539 1059 2594 materiam
1109 2542 1394 2597 resolveris
1433 2584 1446 2610 ,
1506 2545 1857 2599 substantiam
1887 2545 1936 2584 6³
1967 2546 2126 2601 Crea-

537 2627 670 2681 toris
713 2627 899 2682 uteris.
951 2630 1165 2696 Quanta
1203 2630 1491 2687 obstinatio
1542 2619 1757 2687 duritiae
1803 2642 1909 2689 tute
1952 2634 1962 2687 !
2024 2636 2126 2690 de-

537 2715 735 2794 pretias
764 2716 820 2770 in
848 2716 1045 2788 quibus
1072 2727 1126 2775 et
1150 2719 1284 2774 vivis
1314 2728 1365 2775 et
1393 2721 1642 2776 moreris.

1139 2807 1363 2863 CAPUT
1396 2810 1519 2864 XV.

612 2894 741 2949 Post
769 2894 905 2961 haec,
936 2895 1018 2952 vel
1053 2903 1175 2953 ante
1212 2898 1346 2967 haec,
1400 2914 1521 2953 cum
1570 2899 1771 2956 dixeris
1810 2916 1929 2956 esse
1967 2908 2020 2956 et
2049 2901 2125 2955 illi

2248 1833 2420 1886 Deum
2457 1835 2592 1899 ejus.
2627 1831 2763 1887 Ecce
2820 1829 2979 1895 enim,
3013 1829 3057 1883 si
3113 1836 3167 1885 et
3223 1827 3313 1884 ille
3373 1828 3533 1883 habet
3580 1828 3845 1883 mundum

2246 1936 2403 1975 suum
2462 1919 2599 1974 infra
2675 1935 2734 1975 se
2789 1935 2952 1988 supra
3004 1917 3331 1982 Creatorem,
3381 1917 3439 1971 in
3492 1916 3608 1972 loco
3651 1916 3844 1987 utique

2245 2009 2373 2063 fecit
2410 2025 2551 2073 eum,
2592 2013 2748 2077 cujus
2778 2007 3009 2076 spatium
3054 2006 3275 2060 vacabat
3306 2005 3441 2060 inter
3482 2005 3649 2075 pedes
3686 2021 3840 2070 suos,

2242 2107 2296 2153 et
2331 2105 2493 2169 caput
2528 2096 2820 2154 Creatoris.
2851 2099 2999 2169 Ergo
3028 2102 3082 2150 et
3110 2096 3262 2150 Deus
3289 2094 3407 2165 ipse
3445 2095 3498 2148 in
3548 2095 3670 2150 loco
3699 2106 3841 2162 erat,

2243 2196 2295 2242 et
2323 2187 2582 2241 mundum
2621 2187 2675 2240 in
2720 2186 2838 2241 loco
2877 2184 3134 2254 faciebat;
3176 2192 3230 2238 et
3270 2182 3374 2239 erit
3404 2183 3516 2251 jam
3560 2183 3709 2239 locus
3749 2182 3841 2239 ille

2241 2277 2414 2343 major
2477 2284 2529 2329 et
2582 2277 2696 2331 Deo
2748 2285 2804 2329 et
2858 2273 3078 2330 mundo.
3112 2273 3258 2329 Nihil
3315 2272 3459 2328 enim
3514 2286 3618 2327 non
3661 2274 3844 2342 majus

2238 2372 2319 2419 est
2346 2364 2399 2418 id
2436 2364 2582 2435 quod
2612 2364 2774 2435 capit,
2807 2380 2870 2421 eo
2908 2362 3053 2434 quod
3079 2364 3327 2434 capitur;
3357 2371 3411 2416 et
3451 2360 3741 2416 videndum
3768 2377 3845 2417 ne

2237 2469 2343 2523 qua
2388 2451 2563 2506 adhuc
2610 2451 2719 2508 illic
2766 2461 2955 2508 vacent
2986 2451 3256 2506 subsiciva
3293 2450 3409 2522 (50)
3439 2450 3510 2520 64,
3542 2449 3593 2504 in
3635 2450 3841 2521 quibus

2236 2550 2288 2596 et
2325 2543 2513 2600 tertius
2551 2540 2717 2611 aliqui
2781 2540 2830 2579 6⁵
2890 2540 3089 2610 stipare
3145 2540 3294 2594 Deus
3350 2553 3408 2594 se
3457 2553 3578 2592 cum
3627 2538 3833 2592 mundo

2236 2649 2335 2687 suo
2363 2632 2557 2702 possit.
2588 2631 2731 2702 Ergo
2781 2631 2893 2698 jam
2949 2628 3124 2699 incipe
3171 2627 3301 2681 deos
3343 2633 3671 2696 computare.
3722 2626 3832 2680 Erit

2233 2722 2375 2778 enim
2431 2731 2485 2776 et
2537 2721 2687 2776 locus
2737 2719 2889 2784 deus,
2928 2733 3036 2773 non
3077 2725 3285 2772 tantum
3333 2732 3442 2788 qua
3488 2717 3599 2771 Deo
3630 2717 3830 2784 major,

2234 2812 2328 2867 sed
2363 2820 2415 2867 et
2442 2827 2547 2883 qua
2580 2808 2801 2864 innatus
2838 2816 2891 2862 et
2922 2806 3183 2873 infectus;
3212 2821 3274 2860 ac
3303 2822 3401 2877 per
3429 2807 3550 2874 hoc,
3575 2813 3832 2869 aeternus,

2234 2907 2290 2955 et
2319 2900 2434 2952 Deo
2464 2912 2593 2966 par;
2622 2896 2676 2950 in
2704 2910 2812 2966 quo
2843 2909 3056 2964 semper
3083 2895 3230 2949 Deus
3254 2891 3436 2947 fuerit.
3462 2891 3691 2955 Dehinc,
3716 2890 3762 2945 si
3783 2900 3835 2945 et

1903 3016 2097 3080 Variae
2139 3020 2454 3080 lectiones.

607 3118 653 3197 ξι
684 3116 899 3197 Inimice
928 3120 1112 3197 S_em_l..
1132 3121 1552 3197 627llypocrita‘m
1587 3122 1691 3197 liut
1722 3125 1894 3182 SemL.
1918 3125 2219 3197 hypocrita,
2252 3129 2398 3178 muta
2439 3119 2612 3175 Rhen.
2645 3118 2694 3157 53
2719 3116 3031 3174 Substantia
3062 3117 3233 3174 Seml.
3266 3115 3313 3155 64
3334 3113 3621 3172 Subcisiva
3650 3117 3831 3170 Fran-

536 3187 860 3257 subscidiva,
894 3191 1137 3250 subsciva
1173 3187 1342 3249 mea.
1367 3195 1416 3232 6⁵
1444 3193 1651 3265 Aliquis
1680 3197 1864 3251 Paris.

1916 3264 2411 3329 Commentarius.

606 3368 719 3437 (47)
738 3369 973 3444 Panem,
984 3386 1090 3444 quo
1112 3372 1299 3444 ipsum
1323 3386 1520 3444 corpus
1538 3386 1710 3444 suum
1732 3376 2121 3444 repraesentet.

536 3439 643 3494 Has
678 3453 851 3513 voces,
885 3439 1091 3513 quibus
1120 3439 1426 3513 abutuntur
1456 3439 1804 3513 Calvinistze,’
1828 3444 1907 3498 sic
1957 3443 2125 3513 expli-

535 3518 621 3564 cat
657 3509 915 3584 adversus
943 3526 1039 3566 eos
1068 3512 1468 3584 Bellarmiuus;
1500 3532 1521 3560 α
1558 3511 1791 3584 Verbum
1811 3509 2123 3584 repraesen-

540 3580 1056 3655 tandz'__ambiguum
1105 3592 1229 3637 est:
1295 3580 1562 3655 signiﬁcat
1607 3583 1765 3655 enim,
1811 3580 2124 3652 praesentem

537 3666 652 3703 rem
679 3651 911 3726 aliquam
951 3652 1147 3726 facere,
1197 3655 1309 3707 sive
1350 3651 1563 3726 ~reipsa,
1612 3653 1726 3710 sive
1756 3651 1994 3726 iu’siguo
2023 3655 2124 3708 ali-

537 3736 664 3789 quo,
695 3722 776 3799 vel
824 3722 1080 3799 imagine.
1127 3726 1204 3779 Ac
1238 3735 1348 3787 ,.ut
1397 3724 1644 3799 omittam
1696 3722 2000 3799 testimonia
2031 3726 2124 3780 Ci-

537 3795 769 3855 ceronis,
795 3799 846 3867 et
877 3795 1039 3847 etiam
1070 3802 1375 3867 sanctorum
1395 3796 1642 3867 Patrum,
1675 3797 1767 3867 qui
1813 3798 2126 3866 frequenter

539 3867 767 3915 utuntur
808 3863 908 3915 hac
952 3876 1086 3937 voce
1142 3865 1207 3916 ad
1267 3863 1706 3937 significandum~
1756 3883 1864 3923 rem
1892 3863 2125 3937 aliquam

536 3946 663 4005 _vere
718 3939 781 4005 et
820 3932 1038 4005 proprie
1086 3932 1405 4004 praesentem
1431 3936 1673 3992 exhiberi
1708 3955 1721 4005 ;
1772 3932 2128 3994 Tertullianus

537 4001 653 4081 ipse
684 4001 963 4081 utriusque
993 4001 1400 4081 significationis
1428 4010 1670 4081 exempla
1711 4001 1965 4079 praebere
2020 4025 2124 4079 po-

538 4079 662 4140 test,
694 4072 785 4126 lib.
819 4072 897 4140 ιγ’,
937 4079 999 4134 in
1035 4072 1369 4133 Marcionem
1396 4120 1408 4143 ,
1450 4072 1597 4134 circa
1634 4072 1862 4135 medium
1899 4099 1911 4135 :
1959 4101 1983 4129 «
2016 4072 2125 4135 ita-

537 4159 660 4213 que,
696 4146 885 4217 inquit,
924 4149 1032 4215 jam
1085 4157 1479 4218 repraesentans
1538 4166 1682 4205 eum.
1717 4153 1811 4206 Hic
1842 4160 1923 4208 est
1962 4152 2127 4205 Filius

537 4230 710 4294 meus,
748 4236 771 4265 ι
799 4227 931 4294 _etc.,
966 4219 1219 4294 u_bi__dicit
1259 4220 1427 4274 Deum
1462 4229 1704 4293 patrem,
1748 4224 1837 4292 qui
1875 4224 2123 4294 aliquan-

536 4285 608 4365 ἀρ
641 4288 955 4365 promiserat
983 4290 1199 4365 Ijilium,
1237 4285 1486 4347 eumdem
1532 4285 1979 4361 repraesentasse;
2003 4310 2123 4349 cum

535 4363 611 4411 ait
661 4363 713 4431 in
771 4368 952 4431 monte
989 4363 1242 4431 Thabor;
1303 4364 1401 4418 Hic
1453 4370 1538 4420 est
1576 4366 1755 4421 Filius
1793 4381 1952 4422 meus
1987 4381 2001 4431 ;
2033 4366 2127 4420 ubi

2235 3370 2369 3426 locis
2421 3366 2890 3443 venarimentem
2936 3363 3248 3443 Tertulliani
3286 3364 3384 3435 (De
3438 3380 3587 3443 ἶςᾳνενςἶ
3625 3363 3818 3443 Each,

2233 3456 2303 3507 ιι,
2360 3456 2409 3496 c.
2469 3440 2547 3507 7).
2602 3437 2674 3491 At
2729 3437 2871 3491 enim
2929 3436 3275 3507 doctissimus
3332 3434 3825 3507 cardinalis‘plura

2232 3505 2512 3567 Auctoris.
2553 3509 2722 3564 nostri
2782 3508 2943 3563 refert
3008 3506 3333 3570 testimonia,
3374 3506 3571 3577 quibus
3625 3505 3829 3574 dogma

2230 3583 2298 3636 de
2337 3581 2466 3636 reali
2492 3579 2780 3650 praesentia
2810 3580 3005 3634 mirum
3052 3579 3105 3632 in
3153 3578 3372 3632 modum
3420 3577 3830 3650 compgobatur.

2232 3653 2353 3709 Vid.
2386 3647 2682 3721 praesertim
2722 3651 2813 3704 lib.
2847 3650 2911 3707 de
2938 3653 3162 3706 Resurr.
3195 3665 3378 3713 carn.,
3410 3666 3459 3703 ε.
3494 3651 3546 3702 8.
3577 3647 3716 3721 Enn.

2302 3717 2419 3794 (48)
2448 3725 2512 3780 Ut
2532 3723 2909 3793 apocarteresi
2933 3722 3128 3792 probes
3154 3725 3205 3794 te
3232 3721 3684 3794 murcionistam.
3708 3717 3833 3794 _Etsi

2233 3789 2359 3849 odio
2403 3789 2679 3847 Creatoris
2726 3789 2983 3847 omnibus
3030 3791 3223 3846 creatis
3260 3790 3548 3854 abstineas,
3576 3797 3630 3844 et
3672 3789 3832 3844 abdi-

2234 3866 2367 3921 catis
2439 3864 2690 3919 omnibus
2748 3865 2869 3918 vitae
2923 3863 3181 3917 subsidiis
3234 3861 3578 3926 intabescas,
3644 3867 3831 3915 tamen

2232 3937 2286 3990 in
2317 3950 2691 4007 quamcunque
2720 3934 2991 4007 materiam
3022 3934 3265 4007 membra
3295 3940 3383 4007 tua
3428 3932 3832 4007 dissolvantur,

2232 4008 2287 4061 in
2315 4002 2547 4078 aliquam
2592 4002 2656 4061 ex
2700 4004 3013 4078 substan_tiis
3069 4021 3098 4058 a
3156 4005 3271 4060 Deo
3287 4003 3550 4078 _Creatore
3576 4002 3832 4078 conditis

2234 4073 2591 4134 resolv'cntur.
2622 4078 2744 4132 RIG.
2778 4105 2849 4117 --
2902 4076 2997 4130 Est
3047 4083 3223 4130 autem
3281 4074 3639 4146 dnoxaprspeiv
3670 4073 3839 4128 Grie-

2232 4151 2329 4217 cis,
2372 4157 2593 4204 auctore
2624 4148 2808 4213 Suida,
2845 4162 2966 4200 cum
2997 4148 3118 4217 quis
3148 4145 3233 4201 vel
3275 4144 3472 4217 inedia,
3505 4145 3588 4201 vel
3628 4144 3838 4217 laqueo

2233 4214 2390 4277 vitam
2439 4220 2576 4287 ﬁnit,
2634 4220 2775 4273 unde
2841 4214 3241 4289 ὰποκαρτέρησις.
3296 4216 3455 4289 Quod
3506 4214 3837 4273 vocabulum

2233 4292 2288 4347 in
2322 4294 2539 4363 Apolog.
2580 4305 2793 4360 quoque
2824 4287 3067 4363 usurpat,
3106 4289 3182 4363 sic
3203 4287 3502 4363 scribens:
3546 4290 3840 4363 Lycurgus

2235 4359 2622 4433 ὰποκῇιρτέρησιύ
2677 4359 2880 4431 optavit
2909 4402 2926 4426 ,
2964 4359 3136 4433 quod
3203 4359 3357 4433 leges
3412 4360 3528 4433 ejus
3583 4359 3848 4433 Lacones

536 4429 873 4507 apertissime
904 4444 1062 4488 vocat
1108 4429 1555 4506 repraesentare,
1604 4436 1856 4491 exhibere
1896 4429 2071 4505 reipsa
2109 4454 2121 4490 :
2235 4429 2622 4488 emendassent.
2679 4429 2948 4486 Caeterum
3013 4429 3348 4556 hygocritam
3434 4430 3521 4484 hic
3569 4430 3851 4509 .appellat

536 4506 589 4553 et
618 4515 671 4552 in
700 4500 838 4556 libro
868 4510 1070 4556 contra
1105 4507 1387 4556 Prameam
1420 4516 1570 4556 vocat
1614 4507 1799 4556 Filium
1834 4507 2003 4556 Patris
2047 4524 2125 4556 re-
2236 4505 2586 4556 Marcionem.
2628 4512 2688 4556 ut
2742 4518 2849 4556 non
2896 4504 3037 4556 bona
3122 4503 3211 4556 dc.
3245 4516 3346 4555 nec
3383 4517 3450 4554 ex
3497 4514 3704 4556 animo.
3743 4504 3851 4556 sed

536 4506 589 4553 et
618 4498 671 4552 in
700 4500 838 4556 libro
868 4510 1070 4561 contra
1105 4498 1387 4561 Praxeam
1420 4498 1570 4561 vocat
1614 4507 1799 4561 Filium
1834 4498 2003 4561 Patris
2047 4524 2125 4561 re-
2236 4505 2586 4568 Marcionem,
2628 4512 2688 4557 ut
2742 4518 2849 4557 non
2896 4498 3211 4568 bona'ﬁdc,
3245 4516 3346 4555 nec
3383 4517 3450 4554 ex
3497 4498 3704 4568 animo,
3743 4504 3851 4556 sed

537 4576 1163 4671 praeseptatoreml,.lunia
1199 4593 1385 4671 revera
1427 4579 1713 4671 Pet-terrest
1740 4578 1794 4632 in
1819 4578 1978 4671 .Filiol.
2015 4580 2118 4671 ‘Sed
2156 4594 2201 4671 Β
2233 4576 2481 4632 simulate
2536 4583 2757 4671 tantum“
2805 4588 2889 4627 res
2937 4572 3210 4629 Creatoris
3247 4572 3616 4627 destruentem
3692 4586 3847 4629 con-

536 4643 654 4721 ipse
683 4643 823 4723 idem
873 4645 929 4700 in
978 4643 1159 4723 libIde
1188 4650 1535 4723 Paenitentia
1577 4650 1853 4723 distinguit
1907 4649 2117 4704 adulte-
2157 4643 2200 4671 "'
2234 4657 2698 4723 ιρτηῃειιςςπιειιιθκ
2722 4645 2905 4698 RHEN-

537 4713 678 4792 rium
722 4715 909 4792 reipsa
939 4721 1308 4790 commissum,
1354 4722 1422 4774 ab
1464 4721 1730 4777 adulterio
1743 4713 1865 4792 “per
1911 4737 2116 4777 concu-
2298 4720 2412 4789 (49)
2444 4720 2511 4792 (_It
2539 4713 2809 4792 Dominus
2835 4733 2894 4792 _a_.
2926 4728 3029 4792 xu.
3062 4713 3263 4770 Tiberii
3295 4715 3551 4772 Ccesaris.
3581 4713 3855 4792 [uterer-

536 4782 949 4873 pisoentiamin
981 4799 1161 4846 mente
1200 4782 1620 4873 reprzesentato;
1668 4782 1786 4873 ubi'
1816 4808 2128 4873 reprwsen-
2238 4782 2751 4873 rores"_Tertulliani
2794 4786 2942 4873 “hic,
2992 4786 3141 4873 locus
3168 4795 3525 4865 .recensetur.
3552 4784 3855 4873 HDeﬂl‘ioc

543 4859 666 4909 tare
693 4866 772 4909 est
798 4859 1056 4935 exhibere
1088 4876 1197 4935 non
1247 4854 1443 4933 reipsa,
1475 4863 1568 4918 sed
1607 4854 1659 4917 in
1702 4854 1955 4935 imagine.
1990 4864 2126 4935 Cum
2236 4857 3020 4935 ante_disseruimus._l’utal_)_a_t
3050 4855 3301 4935 nimirum
3343 4871 3493 4935 anno
3535 4858 3613 4935 42
3660 4854 3853 4935 Tibe-

539 4939 671 5013 erglo
701 4930 1087 5013 voaambigua
1113 4927 1363 5013 sit,_noh_
1410 4939 1580 5013 potest
1627 4944 1771 4989 recte
1802 4927 1914 5013 ullo
1961 4933 2125 5013 modo
2235 4930 2314 5013 ι·ἰί¹
2332 4930 2599 5013 Christum
2648 4928 2972 5013 praedicarim
2999 4928 3212 4982 initium
3256 4927 3466 4991 fecisse,
3496 4934 3550 4980 et
3600 4934 3857 4984 mortem

538 4996 721 5072 colligi
778 4996 1168 5058 Tertullianum
1219 5003 1367 5072 loqui
1410 4996 1488 5057 'de
1544 5004 2017 5071 repraesentatione
2070 5003 2128 5057 in
2236 5000 2467 5056 subiisse
2497 4996 2740 5056 triennio.
2767 5001 2847 5072 LE
2880 5000 2973 5072 Pu.

540 5066 721 5147 εἱίζῐὶό,⁵
756 5076 946 5147 etnon
975 5073 1026 5129 in
1078 5089 1169 5139 re;
1206 5066 1312 5128 imd
1342 5080 1533 5147 contra
1562 5066 1759 5147 potius,
1792 5075 1920 5147 quia
1960 5074 2129 5147 magis
2288 5073 2420 5147 _(50)
2462 5073 2537 5127 Ne
2574 5087 2680 5141 qua
2709 5070 2889 5126 adhuc
2926 5070 3045 5147 illic
3086 5074 3287 5125 vacent
3314 5069 3608 5147 subsiciva.
3641 5066 3858 5147 Subsi-

538 5137 757 5210 proprie
792 5142 1013 5220 dicitur_
1046 5137 1421 5220 repraesentari
1469 5137 1613 5215 quod
1671 5137 1863 5220 reipsa
1914 5137 2128 5220 exhibe-
2254 5137 2371 5197 civa
2400 5137 2544 5220 saepe
2574 5137 2859 5220 occur-runt
2885 5141 3025 5211 apud
3068 5149 3321 5220 auctores
3348 5137 3532 5194 finium
3562 5142 3860 5220 rogando-

2237 5229 2373 5285 rum.
2404 5212 2662 5285 Aggenus
2689 5213 2921 5285 Urbicus
2980 5229 2991 5265 :
3057 5232 3080 5260 α
3123 5211 3256 5266 Cum
3307 5220 3482 5285 autem
3540 5211 3859 5285 assignatio

2237 5284 2291 5357 in
2327 5280 2480 5357 agro'
2497 5280 2774 5357 assignato
2803 5283 2978 5357 fieret,
3011 5297 3121 5337 non
3180 5281 3359 5357 potuit
3403 5280 3582 5357 pmnis
3647 5280 3865 5357 modus

2241 5351 2381 5411 intra
2437 5351 2925 5437 quatuorulimites
2975 5351 3246 5437 veteranis
3310 5351 3619 5437 assignari:
3669 5352 3731 5406 in
3794 5370 3862 5407 ea

3462 5437 3580 5478 mea
3640 5438 3857 5479 nomen

541 5220 643 5275 tur,
675 5228 832 5286 quam
873 5216 1016 5286 quod
1053 5216 1227 5286 solum
1277 5216 1331 5268 in
1368 5215 1524 5286 signo
1552 5256 1564 5279 ,
1601 5216 1934 5285 probabilius
1975 5216 2128 5269 colli-

538 5290 700 5362 getur
747 5283 1131 5364 Tertullian_um
1164 5285 1305 5364 loqui
1360 5283 1989 5364 d_e—._repraesentatione_,
2023 5302 2129 5355 qua

540 5352 720 5423 reipsa
774 5369 969 5427 corpus
1033 5352 1248 5410 Domini
1280 5426 1287 5427 ί
1321 5352 1629 5412 exhibetur.
1702 5357 1879 5427 Quare
1942 5352 2129 5413 Petrus

542 5425 889 5499 martyr,_lib.
912 5430 1111 5499 contra
1145 5426 1399 5493 Gardin.,
1433 5429 1546 5499 obj.
1578 5428 1700 5494 160,
1731 5425 1966 5484 tractans
1990 5434 2130 5485 hunc

544 5496 723 5550 locum
773 5496 1105 5563 Tertulliani,
1148 5498 1340 5553 fatetur
1393 5496 1515 5555 non
1544 5514 1707 5563 posse
1756 5515 1821 5555 ex
1861 5501 1966 5556 hoc
2015 5502 2130 5556 solo

540 5565 662 5620 loco
701 5564 897 5637 aliquid
945 5568 1075 5624 certi
1128 5569 1426 5640 concludi;
1475 5564 1568 5627 sed
1597 5580 1847 5644 Oportcrc
1899 5589 1965 5628 ex
2013 5572 2131 5628 aliis

2239 5425 2501 5482 remansit
2533 5425 2758 5498 aliquid,
2786 5429 2928 5496 quod
2959 5440 3012 5498 ia
3068 5426 3387 5483 subsecante

2244 5498 2468 5570 accepit,
2499 5498 2859 5553 subsecivum.
2900 5517 2921 5544 ιι
2957 5497 3086 5551 Rm.
3124 5548 3128 5551 _
