4032 6152
214 255 325 315 289

1456 248 1584 308 LIB.
1627 249 1649 306 l
1688 247 1848 307 ΜΝ.
1885 246 2283 309 MARCIONBM.

3395 254 3505 316 290

207 381 296 436 ille
321 376 590 434 mundum
620 391 688 432 ex
729 374 911 446 aliqua
964 375 1186 432 materia
1213 374 1526 445 subjacente
1579 374 1801 430 molitus
1831 389 1880 467 Α
1914 383 1971 429 et
1997 372 2445 445 incorporalibus,
2478 388 2544 430 ex
2564 371 2882 430 animalibus
2910 381 2964 430 et
3001 373 3402 444 inanimalibus,
3434 396 3502 436 ex

205 477 303 532 est,
341 467 555 534 innata,
599 473 653 520 et
690 465 910 529 infecta,
942 474 995 520 et
1021 465 1408 536 contemporali
1447 465 1584 530 Deo,
1614 479 1801 536 quem-

202 559 499 615 admodum
543 567 598 614 et
636 557 687 594 δδ
716 557 784 611 de
831 556 1083 612 Creatore
1115 556 1350 611 Marcion
1382 555 1564 618 sentit,
1596 554 1801 626 redigis

203 659 249 704 et
271 650 383 702 hoc
411 646 484 701 ad
522 647 860 715 majestatem
889 645 1016 708 loci,
1037 645 1130 714 qui
1150 653 1204 699 et
1222 645 1382 700 deum
1413 653 1466 699 et
1495 643 1796 710 materiam,

207 739 340 794 duos
400 736 562 799 deos,
600 734 780 791 clusit.
839 735 908 789 Et
938 734 1160 791 materia
1207 733 1350 789 enim
1396 734 1564 801 Deus,
1601 747 1796 787 secun-

202 827 324 882 dum
377 824 611 880 formam
676 823 994 885 divinitatis,
1018 822 1199 877 innata
1276 822 1504 884 scilicet,
1555 830 1606 876 et
1655 819 1794 875 infe-

205 925 299 982 cta,
332 923 389 968 et
419 920 650 968 aeterna.
681 915 790 966 Aut
837 912 882 966 si
922 911 989 966 de
1027 911 1196 967 nihilo
1243 911 1468 967 molitus
1515 921 1600 966 est
1641 925 1796 965 mun-

199 1006 348 1070 dum,
401 1005 514 1058 hoc
569 1010 624 1056 et
687 1001 759 1056 'de
815 1002 1065 1056 Creatore
1121 1000 1322 1055 sentire
1390 1007 1634 1072 cogetur,
1706 997 1794 1054 cui

200 1091 479 1147 materiam
534 1089 750 1158 subjicit
820 1088 875 1142 in
937 1087 1233 1144 substantia
1283 1087 1494 1142 mundi.
1573 1087 1680 1142 Sed
1728 1103 1795 1143 ex

197 1180 419 1236 materia
437 1187 497 1234 et
526 1177 612 1233 ille
641 1176 839 1231 fecisse
867 1176 1112 1244 debebit;
1147 1177 1338 1232 eadem
1367 1177 1573 1231 ratione
1601 1189 1795 1231 occur-

198 1277 342 1324 rente
373 1268 454 1322 illi
495 1281 712 1340 quoque
741 1266 876 1334 Deo,
925 1281 1050 1335 quae
1105 1274 1470 1335 opponeretur
1526 1263 1792 1329 Creatori,

195 1367 242 1410 ut
285 1372 447 1428 mque
505 1356 646 1410 Deo.
715 1355 895 1426 Atque
947 1355 1020 1407 ita
1070 1360 1176 1408 tres
1211 1353 1425 1408 interim
1480 1351 1612 1407 mihi
1662 1352 1795 1407 deos

195 1461 419 1501 numera
495 1442 804 1511 Marcionis,
849 1442 1151 1509 Factorem,
1211 1449 1266 1494 et
1337 1442 1562 1507 Locum,
1611 1451 1662 1496 et
1690 1441 1795 1495 Ma-

191 1533 402 1591 teriam.
465 1531 700 1587 Proinde
757 1532 1060 1586 Creatorem
1108 1529 1165 1584 in
1221 1528 1339 1585 loco
1395 1529 1538 1594 facit,
1605 1528 1791 1601 utique

192 1621 384 1677 eadem
437 1619 753 1676 conditione
783 1618 1058 1676 censendo
1085 1636 1101 1682 ;
1132 1625 1186 1673 et
1212 1617 1490 1673 materiam
1519 1617 1570 1673 ei
1624 1615 1794 1688 subji-

193 1711 284 1776 cit,
333 1711 527 1780 utique
572 1708 811 1763 innatam
863 1717 915 1763 et
967 1707 1246 1775 infectam,
1296 1717 1348 1763 et
1414 1707 1518 1762 hoc
1573 1706 1790 1762 nomine

199 1806 486 1862 aeternam,
525 1805 580 1852 ut
624 1797 877 1853 Domino.
933 1795 1198 1866 Amplius,
1267 1803 1320 1851 et
1365 1794 1565 1850 malum
1622 1792 1794 1851 264

206 1885 460 1941 materia:
497 1887 770 1958 deputans,
831 1886 1074 1940 innatum
1109 1884 1326 1949 innatae,
1396 1883 1655 1938 infectum
1703 1883 1793 1936 in-

204 1975 385 2041 fectae,
454 1983 509 2030 et
578 1983 834 2030 mternum
905 1981 1144 2040 aeternae,
1202 1980 1462 2043 quantum
1509 1972 1626 2040 jam
1673 1971 1797 2026 hinc

196 2063 357 2120 deum
407 2062 550 2119 fecit.
611 2063 790 2119 Habes
845 2061 1012 2134 igitur
1044 2063 1096 2116 in
1121 2059 1493 2132 superioribus
1521 2065 1626 2116 tres
1669 2060 1796 2114 sub-

197 2153 420 2210 stantias
490 2153 808 2218 divinitatis,
872 2151 928 2206 in
983 2149 1334 2207 inferioribus
1397 2156 1646 2220 quatuor.
1704 2147 1798 2204 His

195 2258 311 2299 eum
367 2242 644 2298 accedunt
699 2252 751 2298 et
815 2240 897 2298 sui
951 2240 1170 2306 Christi,
1223 2239 1356 2296 alter
1407 2238 1499 2311 qui
1553 2236 1798 2308 apparuit

202 2329 296 2385 sub
353 2329 610 2396 Tiberio,
655 2328 793 2385 alter
845 2327 934 2400 qui
991 2343 1023 2382 a
1079 2327 1332 2384 Creatore
1387 2325 1792 2397 repromittitur,

207 2414 540 2471 manifestam
583 2414 700 2484 jam
752 2412 1002 2469 fraudem
1055 2411 1292 2468 Marcion
1346 2409 1551 2482 patitur
1604 2409 1671 2464 ab
1712 2411 1794 2466 eis

209 2502 448 2573 quidnos
509 2501 667 2558 illum
725 2501 860 2558 deos
885 2500 1086 2556 inferre
1142 2507 1498 2571 praesumunt,
1530 2514 1651 2557 cum
1698 2513 1794 2556 no-

213 2606 314 2648 vem
342 2589 612 2664 assignet,
647 2591 776 2647 licet
813 2589 1078 2647 nesciens.

795 2730 1017 2787 CAPUT
1055 2729 1204 2785 XVI.

270 2857 388 2914 Non
470 2862 820 2928 comparente
864 2854 1029 2928 igitur
1081 2853 1282 2910 mundo
1343 2853 1468 2921 alio,
1517 2855 1654 2913 sicut
1701 2873 1798 2914 nec

202 2948 321 3003 Deo
373 2949 524 3017 ejus,
573 2960 905 3018 consequens
932 2953 1013 3000 est
1041 2953 1100 3000 ut
1151 2945 1288 3001 duas
1332 2943 1542 3013 species
1598 2960 1797 3018 rerum,

207 3034 446 3090 visxbilia
474 3045 530 3090 et
567 3033 868 3099 invisibilia,
928 3033 1138 3089 duobus
1166 3031 1474 3088 auctoribus
1531 3033 1648 3088 deis
1699 3033 1791 3088 di-

199 3122 414 3186 vidant,
445 3129 501 3175 et
528 3121 627 3176 ista
675 3137 774 3179 suo
828 3122 942 3178 Deo
972 3119 1264 3178 invisibilia
1310 3119 1624 3177 defendant.
1658 3120 1794 3189 Quis

195 3220 379 3267 autem
435 3211 633 3282 paterit
657 3211 925 3267 inducere
979 3210 1033 3264 in
1088 3209 1349 3275 animum,
1408 3209 1513 3264 nisi
1571 3210 1794 3280 Spiritus

194 3302 507 3367 hareticus,
568 3302 692 3372 ejus
747 3316 864 3356 esse
909 3299 1194 3356 invisibilia
1250 3299 1341 3371 qui
1395 3299 1526 3354 nihil
1580 3289 1794 3358 visibile

195 3390 542 3464 praemiserit,
599 3404 762 3461 quam
819 3391 937 3460 ejus
966 3389 1057 3460 qui
1087 3387 1317 3444 visibilis
1372 3397 1645 3460 operatus,
1705 3391 1794 3445 in-

195 3480 487 3538 visibilium
524 3494 743 3552 quoque
770 3477 936 3534 fidem
963 3476 1177 3546 fecerit,
1227 3492 1350 3532 cum
1378 3478 1576 3548 justius
1619 3480 1794 3537 multo

197 3569 263 3626 sit
288 3570 566 3642 aliquibus
620 3569 966 3641 exemplariis
1023 3584 1284 3637 annuere,
1348 3585 1510 3640 quam
1574 3568 1737 3626 nullis
1765 3567 1794 3622 7
1858 3623 1863 3628 .

201 3656 508 3714 Videbimus
536 3667 594 3714 et
659 3657 951 3730 Apostolus
980 3657 1209 3729 (Coloss.
1241 3673 1284 3726 ι,
1317 3658 1408 3727 16)
1439 3658 1530 3714 cui
1583 3657 1791 3714 auctori

202 3746 487 3802 invisibilia
527 3747 777 3818 deputet,
838 3763 962 3804 cum
1000 3754 1054 3803 et
1106 3747 1260 3803 illum
1316 3746 1790 3818 exploraverimus.

203 3836 354 3891 Nunc
411 3836 562 3891 enim
635 3835 1010 3891 communibus
1086 3835 1382 3906 plurimum
1433 3835 1688 3892 sensibus
1740 3843 1795 3890 et

202 3923 758 3995 argumentationibus
824 3923 1012 3992 justis,
1061 3936 1324 3981 secuturae
1397 3924 1792 3996 Scripturarum

203 4027 412 4084 quoque
469 4012 811 4069 advocationi
867 4012 1168 4085 (51)ﬁdem
1227 4012 1538 4082 sternimus,
1587 4012 1790 4071 confir-

203 4111 403 4156 mantes
423 4101 793 4158 diversitatem
829 4102 968 4159 hanc
1009 4102 1301 4160 visibilium
1333 4110 1390 4160 et
1443 4103 1792 4160 invisibilium

203 4188 331 4246 adeo
387 4191 436 4229 σῖ
496 4191 744 4247 Creatori
796 4191 1176 4263 deputandam,
1217 4192 1377 4249 sicuti
1434 4203 1541 4248 tota
1592 4207 1790 4264 opera-

204 4277 272 4333 tio
312 4279 437 4348 ejus
465 4294 533 4335 ex
581 4279 975 4337 diversitatibus
1005 4289 1246 4352 constat;
1296 4295 1362 4337 ex
1420 4281 1790 4354 corporalibus

1913 463 2194 519 vocalibus
2248 472 2299 518 et
2353 463 2538 526 mutis,
2579 478 2645 518 ex
2700 463 2994 520 mobilibus
3049 474 3103 520 et
3159 466 3386 534 stativis,
3433 485 3500 524 ex

1908 551 2236 624 genitalibus
2255 593 2257 596 ι
2275 561 2328 606 et
2355 551 2646 618 sterilibus,
2678 569 2746 606 ex
2795 553 2958 608 aridis
2987 561 3039 608 et
3068 554 3300 609 succidis
3331 555 3402 623 ⁸⁸,
3431 573 3496 611 ex

1906 640 2094 696 calidis
2122 648 2176 695 et
2204 640 2432 713 frigidis.
2471 639 2560 695 Sic
2587 650 2641 695 et
2674 641 2950 696 hominem
2994 642 3174 712 ipsum
3209 643 3495 702 diversitas

1908 730 2242 799 temperavit,
2287 739 2397 784 tam
2437 729 2490 783 in
2532 745 2780 799 corpore,
2840 747 3003 802 quam
3032 730 3087 786 in
3135 748 3319 788 sensu.
3371 735 3495 790 Alia

1904 819 2147 874 membra
2190 817 2365 884 fortia,
2411 817 2514 872 alia
2554 816 2763 874 infirma
2797 837 2811 872 :
2853 818 2956 874 alia
2985 820 3228 888 honesta,
3274 821 3377 877 alia
3407 823 3495 878 in-

1904 907 2155 962 honesta:
2187 907 2294 961 alia
2323 906 2557 978 gemina,
2582 907 2686 961 alia
2714 907 2872 964 unica
2898 926 2910 962 :
2935 908 3040 964 alia
3067 911 3360 981 comparia,
3392 912 3496 968 alia

1903 994 2395 1064 disparia.Proinde
2415 1004 2467 1050 et
2486 996 2540 1050 in
2571 1011 2730 1052 sensu
2761 1012 2908 1053 nunc
2933 998 3138 1068 laetitia,
3163 1015 3306 1057 nunc
3324 1002 3501 1058 anxie-

1902 1091 1983 1140 tas
2009 1101 2024 1149 ;
2057 1099 2200 1138 nunc
2219 1098 2388 1151 amor,
2411 1099 2552 1139 nunc
2574 1085 2795 1151 odium;
2839 1102 2984 1142 nunc
3000 1086 3098 1150 ira,
3121 1103 3266 1144 nunc
3286 1090 3494 1149 lenitas.

1902 1171 2062 1239 Quod
2093 1173 2140 1226 si
2168 1172 2240 1227 ita
2277 1181 2378 1241 est,
2411 1179 2470 1228 ut
2511 1173 2704 1229 mmula
2735 1175 2873 1231 inter
2902 1192 2962 1230 se
2992 1177 3324 1233 conditionis
3375 1180 3498 1234 uni-

1900 1263 2124 1317 versitas
2154 1261 2257 1315 ista
2297 1261 2572 1316 modulata
2610 1262 2696 1330 sit,
2726 1265 2836 1335 jam
2881 1263 3052 1336 igitur
3097 1276 3152 1322 et
3192 1267 3498 1323 visibilibus

1902 1349 2191 1407 invisibilia
2242 1350 2525 1420 debentur,
2555 1366 2664 1408 non
2720 1351 2869 1408 alteri
2918 1355 3124 1412 auctori
3171 1355 3492 1426 deputanda,

1902 1455 2064 1510 quam
2129 1437 2216 1493 cui
2288 1446 2341 1493 et
2407 1438 2597 1494 aemula
2653 1454 2860 1505 eorum,
2927 1440 3107 1507 ipsum
3186 1441 3495 1499 Creatorem

1899 1525 2171 1581 diversum
2209 1525 2444 1581 notantia
2482 1525 2550 1591 59,
2584 1527 2866 1596 jubentem
2919 1544 3045 1597 quae
3099 1530 3397 1600 prohibuit,
3445 1539 3500 1588 et

1905 1615 2276 1686 prohibentem
2334 1632 2454 1686 quae
2527 1615 2693 1684 jussit
2765 1617 3150 1685 percutientem
3198 1629 3251 1676 et
3305 1636 3499 1676 sanan-

1906 1712 2032 1759 tem.
2064 1704 2170 1758 Cur
2197 1702 2252 1756 in
2279 1705 2380 1759 hac
2409 1703 2526 1760 sola
2555 1703 2737 1775 specie
2767 1703 3086 1759 uniformem
3114 1721 3236 1761 eum
3264 1709 3497 1778 capiunt,

1905 1790 2074 1848 265
2107 1790 2400 1848 visibilium
2439 1791 2780 1846 solummodo
2810 1801 2864 1847 et
2892 1791 3053 1848 vitam
3083 1800 3136 1848 et
3165 1804 3413 1860 mortem,
3446 1805 3500 1852 et

1904 1881 2043 1934 mala
2098 1889 2151 1936 et
2195 1896 2380 1952 pacem
2413 1882 2608 1950 (Ecclz'.
2669 1896 2746 1947 χι,
2801 1882 2915 1948 14ς
2960 1883 3064 1937 Isa.
3115 1897 3247 1950 xcv,
3291 1884 3389 1954 '7)?
3435 1886 3499 1941 Et

1904 1968 2110 2042 utique,
2141 1970 2202 2039 {si
2263 1971 2353 2025 illa
2408 1970 2699 2026 invisibilia
2739 1971 2947 2038 majora
3015 1980 3140 2026 sunt
3198 1971 3499 2029 visibilibus

1905 2058 2170 2115 creaturis
2199 2074 2298 2114 suo
2338 2058 2457 2114 loco
2486 2059 2720 2131 magnis,
2755 2059 2834 2115 sic
2861 2076 3074 2132 quoque
3109 2062 3360 2134 congruit
3385 2065 3500 2132 ejus

1906 2165 2029 2206 esse
2087 2151 2292 2220 majora
2347 2151 2506 2219 cujus
2561 2158 2615 2205 et
2653 2164 2890 2220 magna;
2947 2149 3074 2222 quia
3127 2167 3226 2207 nec
3281 2167 3498 2224 magna,

1904 2238 2104 2295 nedum
2163 2238 2384 2309 majora,
2445 2238 2497 2292 ei
2550 2246 2858 2308 competant
2913 2239 3068 2307 cujus
3129 2254 3226 2295 nec
3289 2241 3499 2297 modica

1910 2335 2248 2400 comparent.

2469 2467 2700 2526 CAPUT
2756 2468 2929 2526 XVII.

1976 2589 2088 2646 Hoc
2116 2589 2435 2663 compressi,
2477 2597 2771 2659 erumpunt
2809 2589 2991 2646 dicere
3040 2590 3179 2663 (52):
3216 2610 3242 2645 ι
3289 2591 3498 2651 Sufﬁcit

1903 2679 2121 2752 unicum
2149 2680 2254 2734 hoc
2281 2694 2418 2750 opus
2446 2678 2561 2734 Deo
2591 2688 2804 2746 nostro,
2846 2677 2991 2750 quod
3033 2679 3310 2736 hominem
3356 2682 3498 2738 libe-

1907 2767 2044 2824 ravit
2085 2783 2297 2823 summa
2352 2774 2407 2822 et
2457 2767 2730 2838 praecipua
2776 2767 3015 2824 bonitate
3073 2784 3192 2834 sua,
3232 2778 3287 2825 et
3322 2769 3497 2824 omni-

1907 2857 2006 2911 bus
2034 2855 2251 2912 locustis
2287 2855 2682 2926 anteponenda.
2721 2876 2743 2906 ι
2778 2855 2823 2912 Ο
2864 2857 3039 2912 Deum
3078 2858 3355 2926 majorem,
3399 2873 3495 2914 cu-

1833 2953 1876 3030 ρ
1899 2945 1986 3014 jus
2017 2954 2122 2999 tam
2162 2960 2412 3015 magnum
2441 2959 2578 3014 opus
2616 2960 2721 2999 non
2753 2945 2931 3015 potuit
2957 2945 3214 3013 inveniri,
3245 2962 3410 3021 quam
3442 2947 3499 3003 in

1906 3034 2124 3089 homine
2160 3031 2247 3087 dei
2286 3030 2537 3088 minoris!
2582 3031 2892 3102 Enimvero,
2934 3034 3087 3105 prius
3125 3043 3208 3090 est
3263 3046 3320 3093 ut
3373 3052 3496 3092 eum

1905 3122 2104 3194 probes
2133 3136 2272 3183 esse,
2307 3135 2404 3192 per
2433 3135 2553 3190 qua:
2600 3120 2778 3174 Deum
2825 3122 3047 3189 probari
3097 3131 3345 3192 oportet:
3406 3139 3500 3193 per

1903 3226 2086 3283 Opera,
2139 3215 2266 3266 tunc
2315 3207 2509 3264 deinde
2554 3206 2828 3263 beneficia.
2872 3207 3050 3263 Primo
3107 3207 3252 3262 enim
3308 3210 3502 3281 quaeri-

1907 3308 1988 3355 tur
2009 3315 2080 3354 an
2104 3298 2202 3365 sit;
2234 3305 2288 3352 et
2318 3296 2410 3364 ita,
2435 3295 2611 3367 qualis
2640 3296 2730 3351 sit.
2749 3296 2995 3353 Alterum
3017 3295 3086 3353 de
3115 3297 3390 3368 operibus,
3423 3298 3498 3352 al-

1903 3389 2080 3444 terum
2127 3389 2194 3443 de
2232 3383 2508 3442 beneficiis
2539 3384 2884 3456 dignoscetur
2942 3385 3010 3440 ⁷ο.
3068 3384 3354 3458 Caeterum,
3385 3401 3494 3442 non

1904 3475 2030 3547 quia
2057 3475 2312 3530 liberasse
2338 3472 2534 3530 dicitur
2560 3472 2856 3540 hominem,
2891 3473 3009 3529 ideo
3040 3489 3160 3530 esse
3187 3489 3312 3529 eum
3340 3490 3495 3531 cons-

1905 3573 2018 3637 tat;
2047 3564 2143 3620 sed
2163 3563 2349 3621 siesse
2378 3562 2696 3626 constiterit,
2721 3568 2849 3617 tunc
2875 3570 2928 3618 et
2960 3561 3217 3618 liberasse
3247 3563 3491 3632 dicetur;

1904 3664 1958 3710 et
1987 3663 2045 3709 ut
2082 3671 2148 3708 an
2176 3652 2478 3709 liberaverit
2505 3658 2752 3722 constet;
2784 3651 2910 3722 quia
2939 3651 3174 3723 potuerit
3196 3659 3249 3706 et
3269 3668 3408 3718 esse,
3442 3661 3497 3708 et

1903 3759 2012 3800 non
2055 3743 2332 3800 liberasse.
2383 3739 2669 3811 Quomodo
2705 3756 2857 3812 ergo,
2889 3740 3019 3813 quia
3047 3740 3307 3797 liberasse
3334 3740 3488 3799 dice-

1903 3840 2008 3900 tur,
2067 3832 2224 3887 etiam
2251 3847 2370 3888 esse
2414 3830 2684 3901 credetur,
2718 3846 2840 3886 cum
2871 3830 3110 3901 potuerit
3153 3839 3209 3886 et
3264 3846 3404 3897 esse,
3439 3840 3496 3888 et

1902 3937 2010 3978 non
2041 3921 2342 3978 liberasse?
2377 3919 2532 3976 Nunc
2568 3919 2623 3973 in
2671 3918 2774 3975 isto
2805 3918 3029 3976 articulo
3067 3920 3134 3974 ab
3181 3919 3350 3993 ignoti
3401 3921 3501 3977 Dei

1900 4014 2193 4085 quaestione
2219 4009 2448 4066 deducto
2492 4009 2563 4078 τι,
2594 4008 2722 4066 satis
2768 4007 3006 4066 constitit
3035 4017 3138 4064 tam
3170 4007 3300 4064 nihil
3353 4007 3502 4065 illum

1900 4100 2223 4167 condidisse,
2246 4115 2402 4170 quam
2422 4098 2672 4154 debuisse
2701 4098 3028 4164 condidisse,
3052 4097 3128 4154 uti
3145 4113 3500 4171 cognoscere-

1905 4199 1988 4246 tur
2013 4205 2076 4244 ex
2103 4187 2386 4258 operibus;
2418 4187 2564 4257 quia,
2587 4186 2632 4241 si
2665 4185 2872 4252 fuisset,
2907 4188 3164 4260 cognosci
3201 4188 3495 4256 debuisset,

1903 4287 1956 4334 et
1983 4278 2031 4316 ’¹²
2060 4276 2244 4347 utique
2275 4291 2306 4328 a
2339 4273 2630 4346 primordio
2661 4289 2869 4328 rerum:
2903 4275 3057 4330 Deun
3088 4274 3232 4330 enim
3261 4291 3371 4332 non
3403 4275 3502 4332 de-

1579 4403 1771 4467 Variae
1800 4407 2110 4467 lectiones.

271 4523 322 4566 εδ
378 4525 450 4584 Et
514 4531 705 4585 omitt.
741 4529 909 4587 Seml.
967 4527 1014 4568 57
1067 4528 1179 4586 Deo
1238 4529 1364 4587 cod.
1442 4530 1640 4586 Wouw.
1709 4527 1884 4584 aDeo
1943 4524 2173 4584 creatori
2231 4522 2406 4581 Rhen.
2465 4521 2515 4560 6⁸
2573 4520 2743 4578 Siccis
2808 4521 2984 4579 Rhen.
3035 4520 3084 4561 69
3131 4523 3338 4580 Notant
3394 4526 3496 4578 Pa-

210 4602 332 4658 mel.
360 4601 414 4638 ⁷ο
461 4599 566 4656 Dei
595 4600 929 4673 dignoscitur
960 4602 1169 4659 Pamel.
1248 4602 1293 4640 71
1353 4600 1597 4657 Deducta
1646 4599 1815 4657 Seml.
1867 4597 2110 4654 deductis
2168 4598 2347 4654 Venet.
2378 4593 2644 4651 deductus
2680 4594 3009 4651 Gorziensts.
3053 4593 3102 4631 ⁷2
3148 4593 3218 4649 Et
3265 4594 3496 4663 neglig..

210 4673 332 4727 Jun.

1607 4769 2104 4832 Commentarius.

271 4905 387 4973 (⁵1)
423 4903 864 4977 δρήριυνανωη
883 4919 1092 4977 quoque
1120 4903 1500 4977 advocationi.
1548 4902 1794 4977 Advocaf

207 4973 275 5046 tio
299 4974 531 5046 proprie
552 4973 645 5046 est
682 4975 836 5030 turba
891 4973 1238 5046 patronorum
1267 4983 1322 5029 et
1349 4975 1669 5046 amicorum,
1699 4974 1791 5044 qui

207 5044 360 5102 alieni
395 5046 452 5100 in
477 5045 685 5114 judicio
711 5046 925 5100 adsunt.
958 5045 1059 5100 Hic
1084 5045 1281 5116 accipit
1309 5060 1410 5116 pro
1456 5044 1789 5116 defensione.

207 5116 366 5189 Sicin
397 5117 496 5171 lib.
529 5117 596 5172 de
617 5118 901 5189 patientia
933 5134 946 5170 :
979 5135 1006 5167 η
1044 5115 1230 5188 Itaque
1271 5115 1467 5189 talibus
1487 5123 1542 5173 et
1567 5115 1798 5189 advoca-

208 5187 293 5251 tio,
327 5199 381 5243 et
412 5189 562 5242 risus
590 5187 917 5256 promittitur
971 5203 1071 5257 pro
1098 5187 1488 5244 censolatione.
1526 5206 1549 5234 »
1612 5187 1796 5241 RHEN.

221 5261 385 5332 -_t52)
419 5262 518 5314 His
541 5261 842 5332 compressi
874 5264 1199 5332 erumpunt
1227 5259 1429 5332 dicere.
1472 5257 1802 5312 Marcionita:

207 5327 486 5392 nimirum,
525 5327 618 5399 qui
664 5327 840 5384 Deum
861 5327 1168 5401 Creatorem
1197 5331 1541 5401 sugillabant,
1589 5338 1650 5384 ut
1679 5344 1804 5383 ver-

207 5403 396 5463 mium,
434 5401 786 5464 locustarum,
819 5400 1089 5466 nimicum,
1143 5409 1244 5457 etc.
1271 5400 1595 5456 creatorem.
1628 5402 1803 5454 Arno-

209 5470 324 5527 hius
344 5472 442 5527 lib.
459 5472 504 5525 ll
532 5476 736 5529 contra
768 5473 969 5529 Gentes
1011 5490 1024 5526 :
1071 5492 1093 5522 α
1135 5473 1257 5527 Non
1273 5471 1414 5526 enim
1455 5471 1498 5525 si
1513 5486 1806 5542 negemus,

209 5543 787 5609 muscas,scarabaaos,
801 5543 1040 5608 cimices,
1060 5543 1364 5612 mitedulas,
1381 5543 1724 5599 curculiones
1752 5551 1808 5597 et

1903 4899 2076 4979 tineas
2121 4897 2512 4979 Omnipotentis
2557 4913 2678 4979 esse
2692 4913 2844 4979 opus
2875 4899 3058 4971 Regis.
3092 4919 3124 4979 ιε
3161 4898 3268 4979 Sed
3299 4898 3494 4979 majori

1903 4971 2078 5026 adhuc
2144 4968 2527 5042 perspicuitate
2573 4968 3054 5042 _B.77Hieronymus
3111 4971 3170 5025 in
3234 4970 3497 5026 Prommio

1907 5042 2117 5098 Comm.
2147 5039 2246 5098 ad.
2275 5039 2450 5110 Epist.
2474 5041 2542 5094 ad
2573 5040 2780 5096 Philem
2807 5059 2819 5095 :
2858 5063 2880 5092 «
2900 5039 3072 5111 Quod
3099 5044 3148 5096 si
3179 5057 3288 5098 non
3317 5051 3503 5113 putant

1908 5128 2096 5169 eorum
2126 5128 2244 5168 esse
2282 5127 2449 5183 parva
2476 5125 2707 5182 quorum
2761 5116 2816 5168 et
2847 5128 3040 5184 magna
3088 5122 3231 5180 sunt,
3275 5115 3500 5170 alterum

1911 5184 2039 5238 mihi
2070 5183 2427 5249 conditorem,
2476 5185 2628 5252 juxta
2678 5183 3036 5244 Valentinum.
3071 5185 3391 5242 Marcionem
3448 5193 3502 5241 et

1911 5253 2183 5326 Apellem,
2208 5255 2468 5321 formicae,
2499 5255 2782 5323 vermium,
2831 5255 3086 5322 culicum,
3116 5257 3444 5314 locustarum
3481 5274 3498 5322 ;

1912 5327 2139 5382 alterum
2193 5327 2332 5390 cmli,
2393 5334 2567 5392 terrae,
2603 5327 2767 5382 maris
2823 5335 2878 5382 et
2928 5330 3245 5397 angelorum
3303 5327 3502 5382 debent

1912 5397 2271 5470 introducere.
2302 5400 2387 5452 An
2417 5399 2594 5470 potius
2622 5398 2866 5470 ejusdem
2904 5400 3159 5470 potentiae
3204 5408 3284 5470 est
3331 5398 3497 5470 inge-
3577 5461 3590 5470 Α

1913 5470 2060 5523 nium
2090 5469 2233 5540 quod
2265 5465 2552 5540 majoribus
2583 5465 3090 5538 exercueris,‘etiam
3119 5469 3176 5526 in
3202 5465 3501 5524 minoribus

1913 5555 2022 5596 non
2061 5554 2280 5612 negare.
2315 5557 2340 5590 ι
2377 5540 2456 5594 La
2479 5539 2576 5596 Ρη.
