4002 6118
566 274 666 334 291

1278 268 1715 331 TERTULLIANI
1752 267 2016 330 OPERUM
2053 267 2218 330 PARS
2246 268 2316 329 ll.
2363 300 2433 314 -
2460 271 2687 331 SERIES
2715 272 2758 337 l,
2779 271 3117 332 POLEMICA.

3760 274 3871 334 292

565 401 769 456 cuisset
796 396 1030 453 latuisse.
1080 395 1376 469 Regrediar
1419 410 1641 453 necesse
1685 400 1767 450 est
1795 394 1861 449 ad
1892 392 2157 469 originem
2187 409 2233 487 λ
2271 412 2365 469 per
2391 397 2677 453 humanam
2708 398 3098 467 conjecturam,
3132 412 3269 470 nega
3301 397 3475 454 Deum
3510 397 3559 438 τι
3606 396 3733 453 alias
3780 414 3871 456 co.

564 486 880 560 quaestionis
906 485 1005 543 Dei
1044 484 1233 558 ignoti,
1266 491 1326 540 ut
1374 494 1595 541 caeteros
1651 498 1868 554 quoque
1923 482 2159 538 ramulos

562 578 681 648 ejus
736 574 1021 633 excutiam.
1074 572 1248 629 Primo
1302 573 1445 627 enim
1504 572 1673 643 quaeri
1728 570 2010 642 Oportebit,
2065 570 2160 642 qui

563 677 748 739 postea
804 682 862 721 se
916 663 1199 735 protulerit
1251 662 1308 715 in
1368 661 1649 729 notitiam;
1708 677 1803 717 cur
1854 666 2057 733 postea,
2105 668 2159 717 et

561 772 669 813 non
720 772 752 811 a
794 752 1089 826 primordio
1138 749 1366 805 rerum?
1422 750 1617 819 quibus
1675 750 1861 819 utique
1916 764 2161 805 necessa-

563 844 698 907 rius,
740 858 846 911 qua
869 841 1036 907 Deus,
1067 844 1119 892 et
1158 834 1375 907 quidem
1420 834 1608 890 melior
1638 848 1747 905 quo
1792 832 1843 872 ’⁷³
1897 848 2155 890 necessa-

560 932 692 996 rior,
722 931 888 985 latere
927 942 1040 983 non
1088 924 1295 981 debuit.
1326 925 1447 979 Non
1496 923 1637 979 enim
1697 930 1870 992 potest
1908 923 2010 978 dici
2031 937 2155 993 (non

559 1019 728 1075 fuisse
759 1026 853 1074 aut
880 1015 1182 1082 materiam,
1215 1022 1307 1070 aut
1325 1030 1543 1071 causam
1571 1014 1930 1086 cognoscendi
1961 1014 2153 1082 Deum,

557 1125 681 1165 cum
720 1117 773 1167 et
802 1109 964 1163 homo
995 1122 1027 1161 a
1063 1104 1364 1177 primordio
1390 1110 1536 1160 esset
1556 1102 1610 1157 in
1646 1102 1867 1169 saeculo,
1899 1101 1984 1157 cui
2014 1116 2157 1156 nunc

557 1197 820 1264 subvenit,
850 1204 902 1253 et
933 1193 1129 1250 malitia
1157 1192 1452 1262 Creatoris,
1492 1192 1757 1248 adversus
1804 1207 1964 1263 quam
2013 1196 2072 1245 ut
2098 1189 2155 1228 ἠ

556 1289 734 1343 bonus
762 1283 1026 1341 subvenit.
1080 1282 1254 1355 Igitur
1292 1289 1384 1335 aut
1429 1279 1697 1351 ignoravit
1733 1287 1789 1335 et
1836 1294 2052 1337 causam
2101 1285 2155 1334 et

558 1376 830 1431 materiam
879 1370 1053 1429 266
1090 1386 1201 1427 suae
1256 1368 1607 1427 revelationis
1661 1367 2006 1436 necessariae,
2061 1374 2154 1422 aut

556 1478 662 1519 non
685 1461 875 1534 potuit,
916 1470 1008 1515 aut
1037 1459 1225 1515 noluit.
1259 1457 1454 1513 Omnia
1474 1459 1589 1512 haec
1617 1459 1731 1513 Deo
1762 1455 2002 1526 indigna,
2036 1470 2148 1510 ma-

555 1552 694 1607 xime
725 1550 949 1623 0ptimo.
989 1548 1098 1606 Sed
1140 1556 1193 1603 et
1229 1547 1372 1602 hunc
1416 1546 1591 1601 locum
1631 1543 1760 1598 alibi
1787 1542 2148 1614 implebimus,

555 1639 972 1712 exprobratione
1000 1652 1133 1693 serae
1154 1633 1517 1701 revelationis,
1557 1632 1696 1690 sicut
1732 1647 1875 1689 nunc
1918 1632 2031 1688 sola
2062 1630 2151 1688 de-

555 1728 967 1787 monstratione.

1120 1866 1349 1924 CAPUT
1394 1866 1599 1921 XVIII.

627 1992 970 2059 Processerit,
1021 2007 1143 2065 age,
1168 1992 1282 2061 jam
1321 1990 1377 2045 in
1417 1990 1661 2047 notitiam
1694 1990 1913 2061 quando
1953 1990 2144 2061 voluit,

556 2085 770 2157 quando
831 2082 1021 2155 potuit,
1051 2081 1268 2153 quando
1324 2081 1456 2135 hora
1502 2079 1677 2134 fatalis
1729 2078 1965 2135 advenit.
2016 2078 2149 2133 For-

557 2185 697 2231 tasse
722 2173 866 2229 enim
921 2170 1255 2227 anabibazon
1297 2171 1347 2225 ei
1376 2168 1625 2227 obstabat
1655 2168 1783 2240 (53),
1818 2176 1909 2222 aut
1954 2166 2150 2238 aliqua

557 2262 833 2330 maleficae,
878 2269 971 2317 aut
1017 2260 1280 2317 Saturnus
1315 2257 1626 2330 quadratus,
1663 2265 1757 2312 aut
1800 2256 1941 2311 Mars
1971 2255 2148 2327 trigo-

556 2369 678 2408 nus.
711 2352 845 2407 Nam
877 2360 928 2406 et
948 2347 1301 2405 mathematici
1330 2345 1624 2418 plurimum
1650 2343 1979 2399 Marcionita?
2010 2346 2146 2415 (64),

555 2458 655 2498 nec
684 2442 786 2497 hoc
813 2441 1220 2507 erubescentes,
1272 2435 1341 2491 de
1386 2435 1521 2507 ipsis
1560 2433 1719 2491 etiam
1764 2432 1932 2488 stellis
1969 2432 2151 2489 vivere

558 2530 845 2586 Creatoris.
879 2528 1237 2584 Tractandum
1281 2532 1336 2579 et
1375 2525 1459 2579 hic
1515 2523 1582 2579 de
1630 2522 1972 2580 revelationis
2018 2539 2150 2595 qua-

559 2620 726 2686 litate,
769 2630 837 2673 an
881 2615 1042 2689 digne
1080 2614 1324 2689 OOgnitus
1376 2611 1466 2682 sit,
1500 2620 1557 2667 ut
1613 2617 1823 2668 constet
1862 2626 1934 2665 an
1989 2626 2145 2679 vere;

558 2719 609 2764 et
638 2707 714 2765 ita
738 2706 989 2764 credatur
1024 2720 1165 2769 esse,
1205 2719 1369 2775 quem
1415 2702 1579 2775 digne
1608 2700 1906 2757 constiterit
1945 2701 2150 2757 revela-

561 2808 693 2854 tum.
712 2797 882 2870 Digna
901 2796 1040 2849 enim
1070 2794 1183 2848 Deo
1202 2791 1502 2865 probabunt
1522 2791 1838 2847 Deum.Nos
1866 2789 2154 2847 deﬁnimus

558 2890 728 2943 Deum
747 2885 920 2956 primo
943 2891 1130 2938 natura
1148 2880 1603 2952 cognoscendum,
1627 2878 1822 2936 dehinc
1839 2879 1889 2917 75
1908 2880 2151 2936 doctrina

556 2972 1089 3045 recognoscendum:
1132 2978 1324 3026 natura
1361 2986 1426 3026 ex
1456 2969 1732 3041 operibus,
1781 2968 2024 3025 doctrina
2078 2984 2143 3024 ex

2266 487 2453 560 gnosci
2486 502 2647 557 posse
2667 502 2830 558 quam
2862 502 2961 556 per
2987 486 3372 557 semetipsum:
3407 502 3511 544 nec
3541 494 3746 543 tantum
3796 489 3867 543 ad

2266 573 2488 629 formam
2511 588 2807 646 provocans
2835 574 3121 639 Creatoris.
3150 591 3335 631 verum
3378 582 3429 630 et
3477 575 3541 629 ad
3590 574 3862 632 conditio-

2266 678 2390 718 nem
2434 671 2542 718 tam
2570 661 2763 721 divinae
2793 662 3195 735 magnitudinis,
3232 678 3392 734 quam
3440 663 3686 719 humanae
3740 679 3861 719 me—

2263 750 2554 807 diocritatis
2587 769 2598 809 :
2633 767 2700 807 ne
2726 754 2898 821 major
2928 753 3037 807 Deo
3078 752 3241 807 homo
3264 751 3435 807 videri
3466 750 3653 822 possit,
3689 752 3777 824 qui
3807 751 3860 789 ’³8

2265 854 2385 895 eum
2418 855 2523 897 non
2552 840 2691 897 ultro
2724 841 2999 897 volentem
3026 840 3303 912 cognosci,
3339 840 3452 896 suis
3479 840 3683 895 viribus
3713 856 3853 913 quo-

2262 928 2547 985 dammodo
2603 929 2657 984 in
2698 930 2971 1001 publicum
3020 928 3310 1005 agnitionis
3339 930 3673 985 extraxerit:
3729 946 3851 986 cum

2263 1018 2496 1073 humana
2525 1019 2863 1076 mediocritas
2907 1018 3117 1074 facilius
3164 1018 3297 1074 deos
3347 1017 3557 1091 ﬁngere
3606 1018 3705 1073 sibi
3748 1035 3854 1076 no-

2263 1106 2331 1161 rit
2358 1108 2655 1163 secundum
2686 1108 2847 1162 totius
2906 1107 3005 1163 aevi
3037 1105 3423 1179 experimenta,
3464 1122 3623 1179 quam
3670 1122 3852 1163 verum

2262 1195 2452 1252 sectari
2481 1212 2638 1268 quem
2674 1204 2866 1252 natura
2916 1195 3028 1269 jam
3087 1196 3420 1271 intelligunt.
3479 1195 3747 1268 Alioquin,
3804 1198 3847 1255 si

2261 1286 2338 1341 sic
2364 1286 2527 1343 homo
2566 1288 2741 1343 Deum
2795 1286 3278 1353 commentabitur,
3320 1287 3599 1358 quomodo
3658 1287 3846 1343 Romu-

2258 1374 2342 1430 lus
2380 1375 2632 1441 Consum,
2667 1382 2720 1431 et
2752 1375 2936 1431 Tatius
2964 1374 3289 1441 Cloacinam,
3352 1382 3408 1431 et
3450 1374 3706 1432 Hostilius
3749 1376 3848 1431 Pa-

2260 1479 2463 1531 vorem,
2492 1472 2546 1521 et
2592 1464 2843 1521 Metellus
2872 1464 3198 1531 Alburnum,
3237 1471 3290 1518 et
3338 1463 3556 1536 quidam
3604 1470 3721 1519 ante
3746 1464 3849 1521 hoc

2259 1559 2467 1624 tempus
2494 1553 2821 1620 Antinoum;
2879 1553 2981 1611 hoc
3009 1552 3127 1608 aliis
3171 1552 3358 1610 licebit
3409 1570 3423 1619 ;
3474 1567 3575 1609 nos
3620 1552 3845 1609 Marcio-

2260 1656 2385 1696 nem
2412 1640 2728 1700 nauclerum
2783 1641 3054 1708 novimus,
3107 1656 3214 1704 non
3247 1656 3455 1714 regem,
3489 1655 3587 1697 nec
3615 1640 3843 1714 impera-

2181 1702 2227 1782 Β
2262 1739 2456 1787 torem.

2842 1873 3069 1930 CAPUT
3103 1872 3261 1930 XIX.

2330 1995 2501 2054 967
2548 2018 2571 2048 ι
2631 1996 2765 2063 Imo,
2799 1996 3049 2070 inquiunt
3092 1994 3426 2054 Marcionita}
3454 1995 3602 2052 Deus
3644 2002 3841 2069 noster,

2260 2085 2362 2140 etsi
2392 2100 2504 2141 non
2541 2085 2607 2141 ab
2664 2084 2836 2155 initio,
2888 2085 2987 2141 etsi
3018 2100 3127 2141 non
3157 2102 3252 2157 per
3309 2084 3697 2155 conditionem,
3753 2086 3847 2141 sed

2260 2190 2355 2247 per
2383 2174 2743 2245 semetipsum
2771 2173 3044 2230 revelatus
3073 2180 3156 2230 est
3186 2174 3241 2228 in
3264 2174 3477 2229 Christo
3504 2174 3653 2229 Iesu.
3682 2194 3706 2225 ι
3741 2173 3847 2229 Da-

2259 2262 2399 2318 bitur
2424 2272 2479 2319 et
2507 2263 2559 2318 in
2586 2262 2856 2318 Christum
2887 2262 3039 2329 liber,
3091 2261 3157 2319 de
3189 2263 3332 2319 omni
3364 2268 3505 2319 statu
3537 2261 3681 2335 ejus;
3732 2262 3851 2318 dis-

2258 2350 2432 2425 tingui
2463 2352 2609 2407 enim
2656 2352 2910 2408 materias
2940 2358 3171 2425 Oportet,
3228 2366 3338 2423 quo
3372 2350 3583 2423 plenius
3628 2358 3681 2407 et
3711 2351 3851 2407 ordi-

2260 2440 2438 2496 natius
2484 2446 2860 2497 retractentur.
2919 2439 3141 2497 Interim
3190 2440 3317 2496 satis
3376 2440 3479 2497 erit
3507 2440 3575 2495 ad
3606 2454 3846 2511 praesen-

2262 2536 2366 2584 tem
2400 2531 2629 2603 gradum
2686 2527 2757 2584 ita
2812 2543 3109 2596 occurrere,
3141 2536 3199 2584 ut
3257 2527 3536 2584 ostendam
3581 2527 3849 2585 Christum

2257 2620 2441 2678 Jesum
2472 2634 2579 2673 non
2616 2617 2839 2675 alterius
2868 2618 2967 2673 Dei
3005 2616 3453 2685 circumlatorem,
3485 2633 3648 2690 quam
3690 2618 3851 2674 Crea-

2259 2707 2421 2776 toris;
2456 2717 2509 2763 et
2545 2706 2765 2777 quidem
2812 2706 3014 2777 paucis.
3052 2707 3208 2763 Anno
3264 2706 3452 2778 quinto
3497 2706 3705 2763 decimo
3749 2707 3851 2762 Ti-

2258 2796 2415 2863 berii,
2449 2795 2692 2851 Christus
2718 2796 2875 2851 Jesus
2914 2795 2981 2851 de
3027 2794 3165 2853 coelo
3196 2811 3411 2852 manare
3457 2795 3705 2867 dignatus
3743 2803 3849 2859 est,

2257 2885 2479 2956 spiritus
2525 2884 2823 2941 salutaris:
2884 2883 3176 2940 Marcionis
3234 2884 3460 2940 salutem
3516 2884 3567 2923 79
3624 2884 3715 2956 qui
3776 2886 3850 2939 ita

2251 2974 2417 3030 voluit
2444 2973 2494 3011 ⁸ο
2522 2983 2689 3046 quoto
2716 2972 2933 3044 quidem
2976 2971 3407 3050 annoAntonini
3458 2972 3678 3043 majoris
3725 2973 3849 3044 (59)

554 3063 1049 3138 praedicationibus.
1073 3060 1174 3117 Sed
1205 3060 1289 3115 cui
1320 3058 1466 3115 nulla
1508 3066 1695 3114 natura
1741 3066 1846 3129 est,
1885 3057 2145 3114 naturalia
2170 3045 2213 3124 ε
2245 3062 2309 3117 de
2340 3064 2508 3119 Ponto
2559 3076 2659 3117 suo
2709 3060 3032 3118 exhalaverit
3085 3045 3213 3117 aura
3257 3060 3331 3132 81,
3359 3060 3681 3117 canicularis
3734 3076 3854 3117 non

554 3155 907 3210 instrumenta
928 3167 1035 3207 non
1064 3156 1379 3220 suppetunt.
1398 3148 1537 3220 Ergo
1566 3150 1648 3205 vel
1678 3147 2167 3227 praedicationibus

552 3242 936 3299 revelationem
952 3240 1037 3294 sui
1067 3238 1325 3293 debuerat
1352 3236 1599 3307 Operari;
1625 3236 1856 3291 maxime
1886 3236 2145 3291 adversus

552 3349 676 3389 eum
714 3329 1042 3388 revelandus
1067 3328 1161 3400 qui
1199 3333 1253 3381 et
1279 3324 1601 3382 conditionis
1640 3332 1694 3380 et
1747 3324 2146 3397 praedicationis

553 3422 808 3493 operibus
836 3428 915 3475 tot
956 3434 1018 3475 ac
1047 3418 1228 3483 tantis,
1260 3415 1350 3471 vix
1391 3423 1570 3471 tamen
1597 3412 1873 3471 hominum
1903 3412 2065 3469 ﬁdem
2094 3414 2145 3454 76

550 3511 867 3582 impleverat
895 3507 1027 3581 (55).
1057 3505 1344 3576 Quomodo
1383 3503 1565 3575 itaque
1602 3502 1869 3560 revelatus
1915 3510 1997 3559 est
2025 3504 2054 3559 ‘I
2081 3503 2137 3561 Si

2250 3152 2434 3206 curavi
2463 3150 2809 3223 investigare.
2845 3152 2923 3206 De
2969 3166 3078 3221 quo
3108 3159 3285 3205 tamen
3314 3156 3545 3215 constat,
3607 3149 3849 3206 Antoni-

2250 3240 2442 3294 nianus
2488 3239 2775 3294 haereticus
2820 3245 2921 3306 est,
2954 3239 3054 3293 sub
3112 3238 3206 3294 Pio
3254 3238 3471 3309 impius.
3529 3240 3575 3293 A
3623 3238 3841 3295 Tiberio

2251 3338 2429 3384 autem
2460 3344 2633 3398 usque
2662 3327 2730 3383 ad
2758 3326 3109 3393 Antoninum,
3150 3327 3277 3383 anni
3311 3328 3423 3398 (57)
3472 3326 3587 3383 fere
3625 3335 3841 3383 centum

2249 3424 2303 3473 et
2329 3416 2641 3489 quindecim
2663 3424 2713 3473 et
2735 3416 3012 3473 dimidium
3039 3414 3183 3482 anni,
3206 3430 3330 3472 cum
3355 3415 3577 3473 dimidio
3602 3417 3844 3476 mensis:

2250 3506 2476 3562 tandum
2536 3507 2660 3561 dem
2709 3505 2974 3579 temporis
3022 3515 3230 3579 ponunt
3288 3505 3429 3563 inter
3492 3504 3765 3564 Christum
3797 3514 3852 3563 et

620 3689 670 3726 ’Β
699 3687 819 3756 Qua
845 3688 987 3743 Jun.
1018 3684 1067 3721 ἠ
1096 3684 1164 3739 Et
1192 3680 1413 3757 Ρατηειἐ
1438 3680 1489 3719 ⁷⁵
1518 3679 1736 3757 Deinde
1751 3600 2490 3757 Pamexagﬁoigfiiegsgze
2509 3684 2724 3757 Pamel.
2756 3683 2805 3723 ’³⁷
2834 3684 3009 3749 Est,si
3034 3700 3133 3757 per
3149 3684 3455 3757 humanam
3474 3684 3850 3754 conjecturam

554 3752 919 3832 negat'Deum
951 3759 1116 3832 Pam.
1156 3769 1348 3832 negas,
1380 3753 1555 3832 Deum
1585 3752 1756 3832 Seni}.
1780 3756 1953 3832 [orte
1986 3769 2129 3832 nego
2155 3755 2287 3832 Edd.
2310 3755 2376 3832 ξ¹⁸
2404 3756 2823 3832 Μοᾱομὶηδοτίιρ
2848 3752 3053 3812 Latin:
3071 3755 3162 3829 qui
3192 3771 3300 3813 non
3332 3771 3455 3814 eum
3483 3752 3593 3812 non
3618 3758 3848 3815 Pamei.

558 3829 609 3868 79
630 3824 846 3887 'Salutis
876 3827 1095 3883 Pamel.
1127 3826 1316 3879 salutis
1345 3826 1549 3896 conjic.
1574 3824 1753 3883 Seml.

1860 3824 2035 3899 Valuit
2062 3824 2264 3899 conjic.
2297 3828 2532 3886 Semler.
2554 3828 2602 3867 31
2632 3827 2769 3884 Aula
2783 3828 2919 3885 Jun.

1938 3895 2433 3963 Commentarius.

629 3981 1017 4051 (53)Fortasse
1046 3978 1200 4051 enim
1229 3975 1573 4051 anabibazon
1593 3977 1646 4051 ei
1664 3972 1947 4051 pbstabat.
1984 3977 2147 4051 Chro-

553 4046 883 4109 nocratorem
913 4066 1009 4107 seu
1038 4050 1254 4118 signum
1274 4048 1569 4103 ascendens
1590 4046 1646 4100 in
1664 4047 1966 4118 horoscopo
1984 4047 2145 4104 hora-

550 4139 659 4195 que
689 4122 872 4189 natali,
902 4130 969 4195 ut
1006 4117 1224 4195 tradunt
1250 4117 2011 4195 genethliaci,__impiissimum
2042 4135 2141 4195 ge-

548 4189 673 4267 nus,
695 4195 788 4265 qui
810 4194 1012 4267 pOpu_lo
1034 4189 1279 4267 phaleras
1306 4199 1357 4267 et
1385 4189 1714 4267 simplicibus
1729 4190 2013 4263 imponunt
2031 4189 2143 4246 suis

548 4261 825 4340 ﬁgmentis
859 4261 914 4322 e't
940 4261 1279 4340 falsitatibus.
1309 4261 1389 4340 Li;
1409 4262 1501 4340 Ra.

620 4339 734 4409 (54)
771 4338 992 4409 Νᾳπιξει
1048 4334 1445 4409 mathematici
1473 4332 1807 4409 plurimam
1844 4334 2138 4409 Marcioni-

554 4403 647 4466 taz'.
682 4403 1052 4464 P’raedicabant
1082 4408 1115 4461 ii
1144 4421 1202 4461 se
1228 4407 1411 4463 vivere
1448 4403 1514 4462 de
1542 4405 1745 4473 stellis,
1778 4405 1882 4459 hoc
1911 4415 1992 4460 est
2018 4403 2140 4460 stel-

551 4480 727 4536 larum
756 4489 906 4535 motu
934 4478 1092 4534 vitam
1122 4493 1271 4532 suam
1306 4474 1559 4549 pendere,
1582 4491 1715 4549 cum
1745 4474 2137 4549 tamenstella-

551 4560 667 4607 rum
715 4551 928 4606 illarum
957 4549 1263 4606 Creatorem
1293 4546 1496 4603 nollent
1531 4546 1829 4602 admittere.
1872 4546 1970 4601 Hic
2017 4562 2135 4602 ma-

549 4623 969 4679 thematicorum
1000 4620 1224 4677 nomine
1250 4634 1360 4675 non
1400 4626 1511 4673 tota
1542 4617 1796 4673 mathesis
1829 4617 2132 4685 damnatur,

544 4695 757 4773 sedilla
786 4702 988 4773 tantum
1029 4691 1343 4773 superstitio
1369 4704 1530 4773 ‘quae,
1562 4704 1691 4773 cum
1747 4704 1871 4773 non‘
1887 4690 1957 4745 sit
2004 4706 2133 4773 pars

546 4768 853 4821 matheseos
929 4760 1289 4835 (iudiciariam
1352 4760 1492 4835 dico)
1522 4830 1533 4835 _
1558 4760 1720 4835 inter
1747 4760 2132 4835 mathema'tnm

548 4844 730 4907 partes
780 4830 1029 4907 adoptari
1074 4834 1208 4907 vult,
1240 4832 1384 4907 quod
1422 4830 1544 4907 fieri
1565 4832 1797 4907 nequit_;
1830 4847 1953 4907 cum
1990 4832 2130 4887 enim

545 4901 678 4963 nihil
710 4901 1395 4962 admittantmathematicaa
1413 4901 1712 4974 disciplina:
1730 4902 1847 4958 sine
1874 4903 2131 4959 demons-

547 4981 823 5054 tratione,_
853 4976 1177 5054 judiciaram
1218 4974 1486 5054 rejiciunt,
1516 4974 1585 5054 de
1621 4989 1729 5054 qua
1775 4975 2131 5054 (errorenim

546 5060 629 5106 est
681 5045 978 5121 pessimus)
1004 5047 1151 5103 nulla
1202 5045 1273 5101 sit
1308 5045 1723 5121 demonstratio.
1773 5046 1921 5121 Aliis
1954 5046 2012 5121 in
2058 5046 2134 5101 lo-

545 5122 626 5178 cis
656 5116 1001 5192 judiciariam
1037 5133 1327 5194 aggressus
1380 5126 1498 5186 est;
1534 5116 1659 5176 vide
1688 5118 1756 5174 de
1808 5117 2128 5177 ldololatre.

539 5196 727 5337 ΙΙ’ξεὶῑῆ
758 5266 1069 5337 Hominum;
1086 5261 1257 5333 ﬁdem
1274 5262 1630 5337 impleverat.
1662 5259 1752 5316 Sic
1778 5259 1939 5337 habet
1954 5273 2131 5314 exem-

542 5329 661 5411 plar
693 5329 891 5415 Orsini.
923 5329 1289 5415 Eerrija‘men
1321 5329 1740 5415 potest'vulgata
1785 5329 1965 5415 lectio,
2007 5345 2129 5415 quae

540 5400 627 5469 est
652 5410 815 5466 etiam
845 5406 1047 5464 codicis
1074 5400 1338 5463 Pithaeani
1366 5423 1381 5461 :
1417 5425 1440 5456 ι
1475 5400 1755 5460 Hominem
1787 5400 1894 5458 ﬁde
1939 5400 2130 5474 mple-

540 5481 930 5625 "£23,333;
958 5550 1181 5626 quidem
1211 5565 1362 5610 anno
1393 5547 1671 5607 Antonini
1688 5545 1946 5619 majoris.
1967 5544 2128 5615 Quod

2252 3994 2416 4061 supra
2437 3977 2608 4061 lib._de
2634 3979 2987 4061 .Prafscripit'.
3018 3977 3313 4061 adu-hair.
3335 3976 3650 4061 simpliciter
3687 3979 3846 4045 dixit,

2252 4067 2300 4133 _c.
2334 4053 2402 4133 3t)
2432 4050 2710 4133 Anton-ini
2726 4052 2846 4122 fere
2874 4050 3225 4133 principatu,
3258 4050 3683 4133 hicnexplicatur,
3717 4066 3847 4106 cum

2252 4121 2464 4193 legitur,
2498 4126 2658 4193 quoto
2687 4121 2838 4179 arma
2874 4121 2994 4190 ejus
3021 4121 3307 4178 Marcionis
3332 4121 3575 4177 Christus
3593 4122 3845 4189 incoepe-

2252 4192 2319 4248 rit
2348 4192 2577 4273 revelari
2598 4212 2615 4261 ;
2634 4193 2853 4273 dequo
2876 4192 3103 4273 aliquid.
3140 4192 3217 4250 ibi
3247 4192 3690 4273 di_x_imus_,_quasi
3721 4192 3845 4273 prir-

2174 4261 2220 4340 υ
2251 4280 2398 4340 mum
2419 4265 2519 4321 sub
2538 4261 2821 4340 Antonino
2840 4261 3161 4340 philosOpho
3190 4264 3451 4340 prodierit
3477 4261 3846 4319 Marcionhze-

2250 4335 2625 4407 reticus,quia
2663 4336 3040 4407 subAniceto.
3063 4334 3285 4407 Verum,
3314 4334 3443 4407 quia
3472 4340 3659 4405 postea
3686 4350 3845 4407 com-

2246 4408 2363 4477 peri
2390 4406 2672 4463 Anicetum
2694 4406 2900 4461 sedisse
2921 4406 3106 4477 Romaa
3134 4406 3287 4464 annis
3315 4406 3429 4462 fere
3450 4421 3542 4477 sex
3570 4412 3695 4461 ante
3721 4406 3844 4462 obi-

2246 4488 2360 4535 tum
2389 4478 2649 4549 Antonini
2677 4476 2777 4543 Pii,
2838 4476 3043 4549 auctori
3073 4477 3165 4549 hic
3216 4476 3476 4549 assentiri;
3494 4491 3664 4549 cogor
3717 4492 3842 4549 cre-

2248 4550 2393 4629 pisse
2420 4548 2743 4629 Marcionem
2774 4548 2874 4603 sub
2903 4548 3175 4605 Antonino
3202 4548 3439 4629 majore,
3463 4547 3519 4602 id
3568 4547 3661 4603 'est
3715 4547 3839 4614 Pio,

2243 4620 2318 4676 uti
2350 4636 2474 4677 mox
2503 4620 2765 4691 sequitur,
2785 4634 2964 4692 aquo
2991 4634 3182 4692 omnes
3210 4620 3298 4674 alii
3354 4627 3447 4676 aut
3492 4632 3689 4692 nomen
3738 4630 3841 4676 aut

2238 4706 2551 4763 praenomen
2584 4688 2855 4763 Antonini
2875 4688 2890 4692 ⁷
2922 4690 3147 4763 mutuati
3168 4699 3317 4763 sunt
3348 4708 3362 4746 :
3427 4689 3661 4763 maxime
3707 4706 3838 4763 cum

2239 4759 2404 4818 etiam
2434 4761 2583 4816 initio
2606 4759 2946 4817 Pontificatus
2973 4760 3182 4818 Aniceti
3207 4761 3429 4817 Romam
3449 4760 3666 4816 venisse
3695 4762 3837 4817 scri-

2238 4834 2331 4890 bat
2358 4832 3034 4905 PolycarpumEusebius,
3070 4834 3133 4888 in
3165 4834 3390 4905 Chron,
3423 4834 3832 4905 etﬂist.Eccl.,

2238 4905 2331 4963 lib.
2358 4921 2432 4970 IV,
2460 4902 2697 4975 cap.'t3,
2718 4902 2861 4959 idem
2890 4904 3088 4962 scribat
3106 4903 3408 4962 occurrisse
3426 4902 3501 4958 ibi
3522 4903 3835 4976 Polycarpo

2238 4975 2578 5032 Marcionem.
2612 4976 2752 5033 Plut.

2304 5047 2421 5118 (57)
2442 5049 2483 5103 A
2527 5045 2732 5104 Tiberio
2758 5052 2957 5105 autem
2990 5063 3167 5119 usque
3192 5048 3266 5103 ad
3292 5048 3643 5119 Antoninum
3664 5050 3837 5113 anni,

2236 5125 2347 5192 etc.
2378 5119 2433 5173 Si
2462 5119 2740 5192 legeretur
2763 5122 2904 5192 armi
2931 5118 3162 5192 centum
3176 5122 3447 5192 quinque,
3478 5118 3657 5192 magis
3681 5134 3839 5175 acoe-

2237 5191 2390 5245 deret
2418 5190 2485 5244 ad
2515 5189 2792 5246 veritatem
2829 5190 3070 5245 historia:
3098 5205 3164 5247 ea
3184 5189 3372 5255 lectio,
3404 5206 3525 5246 cum
3555 5189 3634 5246 tot
3665 5206 3839 5261 repe-

2235 5261 2443 5317 riantur
2479 5262 2550 5315 ab
2575 5276 2717 5317 anno
2752 5263 2818 5317 15
2847 5261 3069 5326 Tiberii,
3100 5262 3260 5331 cujus
3288 5262 3451 5331 paulo
3478 5269 3602 5318 ante
3630 5262 3836 5317 memi-

2236 5332 2335 5399 nit,
2370 5341 2424 5405 et
2451 5347 2483 5386 a
2509 5332 2653 5403 quod
2691 5333 2833 5388 haud
2865 5332 3039 5405 dubie,
3053 5344 3365 5405 computum
3396 5348 3553 5388 suum
3584 5332 3836 5401 incipere

2235 5404 2441 5469 statuit,
2472 5418 2798 5460 enumerans
2825 5417 3000 5459 annos
3027 5403 3380 5462 intermedios
3433 5406 3588 5462 inter
3628 5406 3833 5461 Chris-

2238 5481 2384 5543 tum,
2406 5475 2562 5533 sicuti
2589 5475 2866 5549 subjungit
2885 5480 2939 5535 et
2960 5476 3314 5535 Narcionem.
3348 5476 3428 5532 In.
