4032 6152
246 331 342 394 293

1481 327 1607 389 LIB.
1651 326 1852 388 IADV.
1889 323 2298 388 MARCIONEM.

3415 328 3520 392 294

243 457 738 548 Marcionem.Cum
773 455 942 530 igitur
995 455 1097 548 sub
1151 454 1401 548 Antonio
1423 453 1629 525 primus
1682 456 1826 512 Mar-
1855 469 1901 548 Α
1932 452 2345 548 primumcum
2388 450 2817 508 antecessoribus
2869 452 3136 524 apostolis
3189 452 3518 512 conferebat.

246 548 357 614 rion
383 548 532 604 hunc
557 547 725 603 deum
780 544 1070 612 induxerit,
1094 544 1232 599 sicut
1287 543 1654 615 probavimus,
1701 553 1820 599 sta-

243 640 349 707 tim,
377 638 473 710 qui
499 637 664 708 sapis,
695 634 860 706 plana
887 652 977 692 res
1007 641 1110 691 est.
1171 633 1530 703 Prtejudicant
1576 643 1821 705 tempora

239 729 378 802 quod
405 727 503 784 sub
532 726 806 783 Antonino
865 725 1098 798 primum
1147 723 1428 795 processit,
1459 724 1562 781 sub
1607 723 1820 778 Tiberio

241 833 343 874 non
375 814 730 888 processisse}
770 813 826 869 id
875 822 956 869 est
1011 813 1171 868 deum
1226 811 1578 867 Antoniniani
1631 812 1683 850 82
1720 811 1824 865 im-

241 906 387 979 perii,
429 903 700 961 Tiberiani
727 919 839 958 non
875 901 1044 958 fuisse
1075 922 1091 972 ;
1123 911 1282 974 atque
1311 901 1386 956 ita
1437 916 1545 957 non
1599 917 1632 956 a
1677 899 1827 956 Chri-

1932 541 2124 614 Igitur,
2142 541 2190 596 si
2218 541 2505 607 ferventer,
2531 547 2591 596 ut
2619 541 2795 597 adhuc
2820 542 2870 579 ⁸8
2898 543 3232 614 neopbytus,
3263 542 3524 599 adversus

1930 630 2272 686 Judaismum
2299 630 2500 702 aliquid
2519 630 2572 685 in
2588 633 2998 688 conversatione
3012 632 3524 703 reprehendendum

1929 719 2263 786 existimavit,
2307 719 2575 790 passivum
2622 719 2823 776 scilicet
2851 721 3162 777 convictum
3204 723 3340 790 (58),
3371 731 3524 793 post-

1932 809 2154 866 modum
2193 818 2245 865 et
2273 810 2389 882 ipse
2426 825 2527 865 usu
2555 810 2808 866 omnibus
2837 811 3017 867 omnia
3046 811 3287 876 futurus,
3321 819 3378 866 ut
3416 826 3529 865 om-

1929 915 2025 953 nes
2062 899 2377 968 lucraretur,
2411 899 2608 955 Judaeis
2645 899 2799 971 quasi
2827 901 3066 968 Judaeus,
3099 905 3151 956 et
3181 901 3261 957 eis
3292 899 3385 972 qui
3417 901 3521 955 sub

242 1005 316 1052 sto
352 995 672 1067 revelatum,
718 1009 880 1066 quem
907 998 1120 1049 constat
1147 1007 1179 1046 a
1216 991 1482 1048 Marcione
1510 991 1746 1063 primum
1775 990 1826 1030 ⁸3
1933 989 2070 1060 lege,
2103 996 2354 1060 tanquam
2382 989 2484 1044 sub
2509 987 2560 1027 ⁸9
2587 988 2712 1061 lege
2751 991 2803 1059 (Ι
2843 990 2964 1047 Cor.
2997 989 3119 1061 Ix);
3163 998 3222 1045 tu
3254 989 3403 1045 illam
3433 1007 3526 1046 so-

243 1084 598 1158 prasdicatum.
661 1082 775 1138 Hoc
828 1097 972 1137 nunc
1019 1087 1078 1135 ut
1115 1080 1335 1152 probem
1373 1087 1637 1148 constare,
1679 1081 1828 1151 quod
1935 1077 2040 1134 lius
2067 1078 2513 1145 conversationis,
2544 1078 2821 1150 placiturae
2849 1088 3035 1150 postea
3063 1078 3367 1136 accusatori
3406 1095 3527 1149 suo,

242 1182 502 1246 superest,
536 1172 603 1227 ab
630 1170 767 1242 ipsis
802 1169 1119 1226 adversariis
1150 1185 1379 1226 sumam.
1419 1168 1696 1241 Separatio
1727 1170 1829 1226 Le-

1938 1169 2417 1239 reprehensionem
2464 1177 2771 1240 suspectam
2817 1167 2870 1206 9°
2902 1171 2982 1227 vis
3017 1168 3206 1225 haberi
3259 1169 3420 1224 etiam
3462 1171 3532 1226 de

240 1264 314 1334 gis
367 1269 425 1318 et
469 1259 774 1332 Evangelii,
825 1258 1103 1331 proprium
1147 1266 1205 1313 et
1252 1257 1542 1329 principale
1589 1273 1724 1329 opus
1752 1265 1832 1314 est
1938 1256 2334 1329 praedicationis
2365 1272 2496 1328 erga
2522 1258 2694 1312 Deum
2726 1257 3186 1328 praevaricatione.
3217 1259 3423 1331 Atquin
3464 1259 3532 1315 de

243 1351 518 1408 larcionis
560 1369 573 1406 :
609 1365 708 1406 nec
737 1355 986 1419 poterunt
1015 1362 1212 1420 negare
1238 1347 1488 1418 discipuli
1515 1347 1655 1417 ejus,
1685 1349 1832 1421 quod

1942 1345 2336 1417 praedicationis
2366 1345 2587 1413 unitate,
2619 1347 2763 1418 quod
2807 1363 2972 1417 supra
3002 1348 3258 1420 legimus,
3287 1350 3536 1405 dexteras

243 1439 291 1495 in
379 1455 597 1496 summo
669 1437 1026 1494 instrumento
1103 1437 1325 1508 habent,
1410 1451 1519 1508 quo
1601 1435 1834 1508 denique
1937 1436 2245 1506 iunxerant,
2279 1444 2331 1492 et
2379 1438 2499 1511 ipsa
2527 1435 2691 1493 ofﬁcii
2733 1438 3129 1507 distributione,
3168 1440 3235 1494 de
3279 1441 3535 1513 Evange-

245 1528 536 1595 initiantur,
612 1534 666 1583 ct
737 1525 1056 1582 indurantur
1125 1525 1174 1564 ⁸4
1244 1525 1300 1580 in
1371 1525 1510 1582 hanc
1582 1525 1831 1582 haeresin.

240 1620 364 1675 Nam
417 1618 538 1673 haec
585 1622 711 1671 sunt
766 1613 1064 1671 antitheses
1109 1613 1416 1691 Marcionis,
1473 1613 1527 1669 id
1577 1620 1660 1670 est
1715 1628 1839 1670 con-

241 1708 409 1768 trariae
439 1706 814 1778 oppositiones
835 1719 986 1777 ;quae
1013 1711 1279 1761 conantur
1306 1704 1631 1760 discordiam
1659 1704 1841 1760 Evan-

242 1798 362 1870 gelii
391 1797 445 1834 ⁸⁵
472 1811 596 1853 cum
616 1795 764 1866 Lege
788 1794 1143 1865 committere,
1179 1801 1239 1850 ut
1268 1808 1336 1850 ex
1363 1792 1678 1851 diversitate
1722 1808 1843 1849 sen-

1943 1524 2000 1579 lit
2026 1523 2279 1581 societate
2325 1525 2673 1583 condixeraut
2717 1527 2872 1598 (59);
2909 1526 3048 1582 sicut
3080 1532 3134 1582 et
3174 1526 3300 1582 alibi
3329 1529 3383 1596 (I
3407 1528 3534 1584 Cor.

1944 1627 2044 1682 xv,
2077 1616 2174 1684 tt)
2206 1635 2218 1670 :
2264 1615 2390 1670 Sive
2435 1631 2553 1686 ego,
2588 1613 2779 1686 inquit,
2819 1617 2934 1672 sive
2975 1615 3085 1684 illi,
3121 1617 3201 1673 sic
3250 1615 3534 1688 praedica-

1949 1720 2077 1759 mus
2098 1705 2233 1775 (60).
2266 1701 2443 1760 269
2467 1703 2574 1759 Sed
2594 1713 2648 1759 et
2673 1703 2722 1757 si
2738 1705 3001 1774 quosdam
3030 1705 3206 1774 falsos
3233 1707 3446 1774 fratres
3466 1707 3540 1760 ir-

1951 1797 2187 1867 repsisse
2205 1793 2508 1864 descripsit,
2541 1794 2631 1866 qui
2654 1793 2848 1849 vellent
2867 1793 3084 1849 Galatas
3095 1793 3167 1848 ad
3184 1793 3344 1850 aliud
3357 1797 3540 1851 Evan-

247 1883 527 1939 tentiarum
574 1882 858 1954 utriusque
904 1881 1262 1949 instrumenti,
1304 1880 1672 1938 diversitatem
1706 1895 1837 1954 quo-
1942 1882 2156 1952 gelium
2181 1881 2724 1952 transferre<Galat.
2749 1897 2788 1952 1,
2807 1882 3017 1953 7),ipse
3038 1882 3370 1938 demonstrat
3387 1883 3542 1939 adul-

255 1987 358 2044 que
386 1978 830 2043 argumentantur
869 1971 1114 2026 deorum.
1163 1969 1352 2044 Igitur,
1389 1987 1513 2027 cum
1563 1985 1628 2026 ea
1681 1985 1840 2040 sepa-

254 2060 388 2119 ratio
418 2060 566 2133 Legis
593 2067 648 2114 et
675 2057 958 2134 Evangelii
995 2058 1113 2128 ipsa
1157 2058 1226 2113 sit
1285 2074 1406 2127 quae
1458 2057 1627 2114 alium
1673 2058 1844 2114 Deum

249 2148 531 2220 Evangelii
571 2148 922 2205 insinuaverit
950 2148 1209 2204 adversus
1254 2148 1429 2204 Deum
1476 2147 1652 2219 Legis,
1688 2163 1846 2218 appa-

247 2246 328 2294 ret
355 2248 484 2294 ante
523 2234 693 2294 968
728 2252 845 2293 eam
888 2237 1283 2307 separationem
1311 2235 1483 2292 Deum
1540 2238 1593 2291 in
1653 2235 1844 2292 notitia

239 2343 342 2383 non
372 2325 576 2391 fuisse,
607 2325 701 2398 qui
727 2325 795 2381 ab
825 2332 1144 2399 argumento
1182 2325 1537 2397 separationis
1569 2324 1842 2396 innotuit;

239 2425 398 2486 atque
434 2414 512 2470 ita
539 2429 654 2470 non
685 2429 718 2468 a
763 2412 974 2470 Christo
1018 2413 1329 2477 revelatum,
1358 2412 1450 2484 qui
1479 2411 1577 2467 fuit
1605 2420 1726 2467 ante
1754 2427 1845 2468 se-

247 2504 610 2572 parationem,
642 2502 736 2559 sed
768 2519 798 2558 a
824 2501 1097 2559 Marcione
1143 2509 1580 2568 commentatum,
1612 2501 1705 2572 qui
1733 2501 1846 2557 ins-

244 2593 378 2650 tituit
407 2592 813 2663 separationem
851 2593 1110 2649 adversus
1142 2591 1421 2663 Evangelii
1449 2591 1718 2664 Legisque
1746 2607 1847 2662 pa-

242 2700 374 2749 cem,
417 2698 590 2756 quam
615 2689 760 2738 retro
789 2681 1010 2738 illtesam
1061 2691 1116 2738 et
1146 2682 1539 2747 inconcussam,
1571 2681 1638 2736 ab
1677 2696 1846 2752 appa-

244 2772 412 2828 rentia
444 2771 649 2829 Christi
672 2787 842 2844 usque
870 2772 937 2826 ad
958 2769 1236 2826 audaciam
1267 2770 1572 2840 Marcionis,
1604 2770 1691 2825 illa
1739 2769 1847 2824 uti-

245 2876 346 2932 que
375 2859 518 2915 ratio
537 2859 795 2924 servavit,
827 2875 948 2929 qum
977 2873 1086 2914 non
1117 2858 1279 2913 alium
1315 2859 1481 2913 Deum
1512 2867 1566 2913 et
1592 2857 1644 2896 39
1686 2857 1850 2929 Legis

246 2957 298 3003 et
332 2945 619 3020 Evangelii
656 2949 926 3013 tuebatur,
972 2955 1174 3019 praeter
1219 2945 1547 3012 Creatorem,
1589 2945 1849 3002 adversus

1949 1971 2147 2026 torium
2176 1969 2309 2026 illud
2338 1971 2638 2043 Evangelii,
2681 1987 2790 2027 non
2819 1972 2886 2026 ad
2915 1971 3132 2029 alterius
3158 1972 3255 2028 Dei
3303 1979 3356 2028 et
3385 1971 3542 2028 Citri-

1950 2059 2021 2115 sti
2051 2057 2211 2115 ﬁdem
2252 2059 2698 2127 transferendam,
2733 2061 2832 2116 sed
2880 2061 2948 2116 ad
2996 2060 3339 2132 disciplinam
3387 2062 3548 2136 Legis

1952 2148 2370 2205 conservandam
2416 2147 2487 2215 91,
2538 2149 2791 2205 habuisse
2835 2150 3222 2221 intentionem;
3255 2152 3548 2222 reprehen-

1953 2236 2090 2292 dens
2140 2235 2191 2276 92
2242 2236 2444 2294 scilicet
2509 2237 2632 2294 illos
2668 2237 3135 2295 circumcisionem
3193 2237 3544 2310 vindicantes,

1955 2333 2012 2381 et
2059 2327 2410 2384 observantes
2438 2335 2700 2397 tempora,
2733 2336 2786 2382 et
2813 2326 2928 2383 dies
2956 2335 3006 2382 et
3034 2342 3252 2383 menses
3289 2336 3342 2384 et
3374 2343 3547 2384 annos

1953 2413 2299 2471 Iudaicarum
2328 2415 2771 2472 caeremoniarum
2794 2416 3008 2486 (Galat.
3039 2431 3114 2486 ιγ,
3148 2415 3261 2486 10),
3286 2432 3421 2489 quas
3436 2417 3551 2486 jam

1954 2503 2204 2560 exclusas
2248 2503 2534 2575 agnovisse
2584 2504 2905 2571 debuerant,
2963 2504 3260 2562 secundum
3318 2506 3545 2562 innova-

1956 2602 2064 2650 tam
2096 2593 2508 2666 dispositionem
2554 2594 2841 2662 Creatoris,
2898 2594 3030 2650 olim
3060 2594 3128 2651 de
3174 2597 3279 2652 hoc
3334 2595 3453 2666 ipso
3499 2593 3552 2634 93

1959 2683 2297 2756 praedicantis
2342 2698 2441 2754 per
2477 2684 2771 2756 prOphetas
2797 2699 2947 2750 suos,
2979 2692 3040 2739 ut
3068 2699 3163 2755 per
3191 2683 3384 2739 Isaiam
3416 2685 3549 2755 (Isa.

1956 2788 2114 2839 mn,
2137 2773 2163 2827 1
2176 2774 2231 2846 9)
2253 2791 2268 2829 :
2296 2775 2489 2831 Vetera
2505 2776 2882 2840 transierunt,
2905 2772 3108 2844 inquit;
3133 2788 3259 2830 ecce
3269 2790 3412 2830 nova
3428 2790 3554 2846 quae

1960 2880 2055 2935 ego
2077 2879 2236 2920 nunc
2263 2865 2442 2935 facto;
2473 2871 2527 2918 et
2554 2864 2676 2918 alibi
2710 2863 2933 2933 (Jerem.
2957 2877 3128 2934 xxxr,
3158 2862 3250 2932 32)
3283 2879 3296 2915 :
3329 2864 3401 2918 Et
3438 2862 3556 2919 dis-

1958 2966 2164 3020 ponam
2190 2955 2621 3015 testamentum,
2653 2968 2772 3010 non
2793 2951 2958 3023 quale
2983 2952 3231 3024 disposui
3258 2950 3330 3006 ad
3360 2955 3556 3023 patres

250 3051 418 3108 quem
449 3044 593 3092 tanto
624 3043 748 3109 post
800 3044 1043 3109 tempore
1099 3035 1368 3108 separatio
1395 3051 1426 3091 a
1483 3034 1704 3092 Pontico
1752 3033 1853 3089 im-
1883 3041 1928 3120 ε
1956 3043 2187 3104 vestros,
2229 3056 2358 3096 cum
2403 3041 2532 3096 illos
2561 3041 2882 3097 eduxissem
2914 3041 2979 3098 de
3011 3047 3164 3100 terra
3190 3043 3450 3114 Aigypti;
3479 3041 3558 3098 sic

261 3123 432 3180 missa
457 3132 559 3179 est.

859 3268 1088 3325 CAPUT
1127 3265 1256 3326 XX.

325 3385 464 3444 Huic
516 3388 934 3460 expeditissima:
986 3389 1290 3462 probationi
1346 3389 1589 3447 defensio
1633 3405 1856 3462 quoque

255 3488 292 3531 ι
320 3475 483 3532 nobis
521 3478 822 3534 necessaria
856 3487 940 3535 est
1003 3480 1264 3536 adversus
1325 3479 1741 3550 obstrepitacula
1776 3478 1859 3534 di-

253 3580 428 3620 versaa
457 3566 651 3636 partis.
679 3567 849 3624 Aiunt
902 3568 1045 3627 enim
1095 3569 1420 3628 Marcionem
1464 3585 1574 3626 non
1617 3579 1720 3625 tam
1769 3568 1858 3623 in-

257 3668 490 3712 novasse
546 3656 791 3731 regulam
834 3658 1172 3731 separatione
1228 3660 1394 3732 Legis
1447 3667 1502 3716 et
1555 3657 1858 3731 Evangelii,

257 3759 419 3815 quam
470 3753 622 3801 retro
675 3747 1028 3804 adulteratam
1065 3763 1368 3807 recurasse.
1411 3748 1460 3806 Ο
1506 3745 1718 3804 Christe
1767 3760 1860 3816 pa-

261 3830 582 3890 tientissime
628 3834 886 3895 Domine!
943 3838 1039 3910 qui
1092 3847 1171 3894 tot
1213 3838 1368 3893 annis
1411 3834 1862 3893 interversionem

259 3920 669 3990 pradicationis
725 3932 830 3980 tua:
877 3926 1198 3992 sustinuisti,
1238 3925 1412 3983 donec
1457 3924 1554 3981 tibi
1583 3923 1786 3982 scilicet
1811 3923 1859 3962 ⁸⁸⁸

265 4012 503 4072 hlarcion
558 4015 894 4075 subveniret.
949 4020 1068 4075 Non
1125 4027 1178 4074 et
1232 4021 1413 4092 ipsum
1444 4019 1675 4084 Petrum,
1705 4024 1866 4075 cate-

261 4117 477 4175 rosque,
531 4105 818 4163 columnas
873 4108 1243 4180 Apostolatus,
1283 4125 1317 4164 a
1372 4110 1538 4166 Paulo
1575 4109 1867 4182 reprehen-

261 4205 353 4246 sos
385 4194 602 4262 (Galat.
659 4198 723 4266 ιι)
752 4209 1052 4268 opponunt,
1079 4198 1226 4270 quod
1254 4213 1364 4256 non
1401 4206 1551 4257 recto
1584 4198 1725 4270 pede
1778 4197 1868 4253 in-

261 4284 610 4342 cederentad
643 4287 921 4360 Evangelii
959 4294 1234 4346 veritatem
1267 4309 1282 4360 ;
1314 4291 1380 4346 ab
1430 4290 1521 4346 illo
1549 4297 1694 4346 certe
1723 4290 1865 4344 Pau-

265 4372 342 4441 lo,
398 4377 495 4446 qui
541 4376 720 4432 adhuc
755 4377 811 4432 in
864 4378 1038 4449 gratia
1091 4379 1261 4446 rudis,
1309 4378 1582 4452 trepidans
1635 4376 1869 4448 denique

267 4475 337 4516 ne
373 4461 431 4517 in
459 4479 693 4524 vacuum
723 4467 1052 4526 cucurrisset
1077 4476 1169 4526 aut
1223 4475 1464 4527 curreret
1493 4465 1698 4539 (Ibid.),
1744 4471 1872 4523 tunc

1959 3137 2014 3185 et
2038 3144 2138 3199 per
2163 3128 2450 3183 Jeremiam
2480 3128 2587 3198 (iv,
2621 3132 2678 3200 4)
2713 3146 2725 3183 :
2761 3133 3041 3187 Renovate
3094 3130 3243 3186 vobis
3279 3145 3557 3187 novamen

1961 3233 2189 3285 novum,
2229 3222 2286 3275 et
2316 3218 2803 3274 circumcidi-mini
2845 3219 2952 3275 Deo
2980 3223 3188 3286 vestro,
3227 3220 3284 3272 et
3314 3219 3559 3273 circum-

1960 3306 2223 3363 cidimim'
2284 3307 2571 3376 praeputia
2606 3305 2787 3362 cordis
2833 3305 3028 3362 vestri.
3076 3305 3224 3360 Hanc
3269 3318 3402 3376 ergo
3459 3307 3564 3360 cir-

1963 3393 2350 3451 cumcisionem
2373 3395 2486 3462 jam
2507 3393 2702 3449 sistens
2729 3393 3028 3462 Apostolus
3057 3400 3113 3448 et
3144 3394 3247 3448 hoc
3276 3407 3560 3459 novamcn,

1965 3483 2085 3539 illas
2113 3498 2332 3554 quoque
2375 3488 2664 3538 vetustates
2707 3481 3152 3538 caeremoniarum
3192 3479 3564 3549 dissuadebat,

1964 3571 2032 3628 de
2058 3571 2258 3643 quibus
2285 3569 2430 3627 idem
2477 3569 2733 3626 Conditor
2778 3571 2981 3640 earum)
3007 3568 3336 3642 quandoque
3383 3583 3563 3624 cessa-

1968 3661 2114 3717 turis
2128 3658 2480 3731 proﬁtebatur
2524 3673 2618 3731 per
2645 3657 2787 3714 Osee
2816 3659 2973 3729 (Osee
3011 3672 3073 3726 ιι,
3109 3658 3198 3728 tl)
3231 3675 3245 3717 :
3283 3659 3354 3714 Et
3405 3673 3564 3713 aver-

1971 3755 2090 3807 tam
2101 3765 2292 3808 omues
2302 3751 2333 3822 j
2337 3747 2550 3806 ucundi
2555 3751 2703 3804 tates
2714 3749 2834 3820 ejus
2846 3752 2903 3807 et
2912 3747 3028 3804 dies
3043 3751 3216 3819 festos
3227 3749 3350 3820 ejus
3366 3749 3422 3802 et
3440 3759 3569 3802 neo-

1969 3841 2185 3898 mertias
2197 3844 2254 3897 et
2265 3838 2504 3896 Sabbata
2515 3841 2570 3895 et
2584 3852 2774 3895 omnes
2785 3839 3152 3895 caeremonias
3170 3835 3410 3908 ejus.Sic
3421 3835 3566 3891 enim

1971 3936 2025 3985 et
2051 3945 2149 3999 per
2175 3928 2364 3985 Isaiam
2388 3927 2451 3998 (ι,
2481 3926 2600 3997 14);
2620 3928 2951 3984 Neomenias
2969 3930 3208 3990 vestras,
3225 3928 3282 3981 et
3303 3924 3569 3995 Sabhata,

1974 4022 2032 4075 et
2060 4018 2210 4076 diem
2236 4033 2507 4090 magnum
2535 4032 2649 4074 non
2676 4019 2958 4084 sustineo;
2988 4017 3170 4087 ferias
3199 4019 3256 4071 et
3275 4016 3570 4087 jejunium

1975 4109 2033 4165 et
2062 4106 2179 4164 dies
2208 4109 2380 4177 festos
2419 4111 2632 4162 vestros
2663 4105 2782 4162 odit
2811 4107 3004 4162 anima
3044 4120 3192 4160 mea.
3249 4101 3408 4173 Quod
3441 4103 3488 4159 si
3517 4111 3573 4159 et

1975 4196 2200 4252 Creator
2235 4195 2416 4251 omnia
2444 4197 2559 4251 haec
2580 4195 2908 4266 jampridem
2950 4203 3306 4260 recusaverat,
3337 4201 3392 4248 et
3419 4193 3572 4263 Apo-

1977 4285 2152 4342 stolus
2205 4300 2270 4340 ea
2321 4285 2431 4353 jam
2486 4285 2782 4339 recusanda
2838 4283 3240 4356 pronuntiabat,
3291 4281 3410 4354 ipsa
3448 4295 3573 4337 sen-

1977 4329 2151 4342 -..,.....
2207 4329 2270 4340 ν..
2321 4329 2431 4353 μ..-
2488 4329 2782 4339 .-ηπ-η.
2840 4329 3240 4356 ,.-.._......_--,
3294 4329 3410 4354 τ--
3449 4329 3545 4337 π..

1901 4329 1946 4408 D
1981 4377 2148 4433 tentia
2214 4372 2487 4446 Apostoli,
2551 4383 2914 4429 consentanea
2992 4374 3220 4432 decretis
3275 4371 3571 4439 Creatoris,

1980 4465 2174 4539 probat
2226 4478 2333 4520 non
2378 4460 2542 4519 alium
2581 4461 2752 4518 Deum
2797 4461 2867 4516 ab
2915 4460 3182 4532 Apostolo
3225 4461 3575 4532 praedicatum

1656 4615 1847 4679 Variae
1873 4619 2185 4681 lectiones.

339 4753 391 4792 θ²
425 4753 688 4826 Antonini
720 4753 933 4826 imperii
961 4753 1250 4826 Pamel.78~3
1274 4751 1456 4826 Primo
1481 4749 1657 4826 .Sem].
1689 4747 1989 4826 Οὺεξνιιιεξδ4
2034 4748 2342 4826 Indicantur
2389 4749 2670 4826 senilem“
2695 4745 2928 4826 Oberth;
2961 4743 3012 4782 ⁸⁵
3071 4738 3352 4826 Evangelii
3384 4745 3577 4826 omitt.

269 4825 516 4884 Semler'.
539 4826 589 4863 εδ
620 4825 684 4881 Et
721 4814 890 4882 Deum
919 4827 1104 4882 Paris.
1135 4825 1185 4863 ⁸⁷
1207 4824 1429 4882 Scilicet
1457 4821 1554 4878 tibi
1592 4821 1808 4880 Pamel.
1839 4819 2046 4876 scilicet
2082 4820 2233 4878 abest
2291 4822 2461 4878 Seml.
2494 4819 2544 4858 ⁸⁸
2574 4819 2764 4876 Adhuc
2800 4828 2860 4874 ut
2887 4816 3106 4873 Pamel.
3163 4814 3340 4868 adhuc
3364 4814 3576 4884 iomitt.

268 4883 510 4955 Semler.
543 4896 593 4934 39
620 4897 678 4952 In
703 4895 935 4954 Semler.
977 4895 1198 4956 Oberth.
1225 4894 1276 4935 9°
1305 4897 1622 4968 Susceptam
1655 4893 1832 4952 Rhea.
1857 4893 1905 4933 91
1946 4891 2361 4950 Observandam
2388 4892 2516 4950 alii.
2547 4891 2598 4930 93
2653 4889 3080 4963 Deprehendens
3110 4884 3328 4943 Pamel.
3357 4883 3409 4925 93
3455 4884 3581 4957 Ipso

264 4970 461 5027 omitt.
494 4967 732 5028 Semicr.
761 4967 986 5028 Oberth.

1671 5056 2167 5120 Commentarius.

339 5193 464 5263 (58)
497 5193 793 5250 Passivum
820 5191 1037 5250 scilicet
1065 5192 1408 5251 convictum.
1442 5188 1498 5246 Id
1545 5195 1628 5246 est
1655 5187 1886 5260 promis-

267 5264 920 5341 mutati-£158!!!»
1033 5336 1098 5341 ,μ
1155 5339 1161 5341 Α
1373 5334 1409 5341 .,
1610 5336 1618 5341 .
1689 5331 1722 5341 ,.
1819 5328 1854 5341 ..

346 5328 467 5405 (59)
496 5337 574 5391 De
603 5337 894 5409 Evangelii
929 5336 1197 5409 societate
1230 5328 1885 5409 condixerant._Condi-

270 5402 491 5478 xei-ant,
524 5423 624 5478 pro
663 5402 1046 5467 convenerant
1095 5407 1393 5464 Condicere
1423 5405 1568 5460 enim
1597 5404 1756 5478 etiam
1785 5402 1884 5456 de-

267 5473 628 5551 nuntiare'est
653 5488 817 5551 atque
835 5479 1183 5551 constituere.
1211 5479 1378 5551 Paulo
1404 5483 1532 5547 post
1555 5473 1886 5531 restituimus

267 5546 430 5604 Olim
455 5551 526 5605 de
549 5551 654 5608 hoc
681 5546 804 5623 ipso
831 5550 1196 5623 praedicantis.
1232 5546 1472 5623 alterum
1629 5616 1666 5623 __
1801 5599 1808 5604 .

344 5623 472 5693 (60)
505 5623 628 5683 Sive
654 5616 803 5696 ,ego,
832 5616 1039 5696 inquit,
1086 5623 1201 5680 sive
1231 5620 1349 5688 ille,
1381 5621 1460 5678 sic
1487 5616 1882 5693 prwdicamus.

1990 5185 2078 5243 Ad
2117 5185 2340 5242 verbum
2399 5184 2667 5242 transtulit
2693 5192 2880 5240 auctor
2925 5183 3323 5255 praedicamus,
3355 5181 3410 5238 id
3442 5181 3587 5254 quod

1991 5258 2182 5314 Graece
2201 5266 2282 5312 est
2331 5259 2656 5330 κηρύσσομεν,
2686 5255 3138 5330 quemadmodum
3175 5263 3229 5310 et
3267 5255 3588 5330 Ambrosius

1992 5330 2049 5386 in
2081 5326 2406 5387 Comment.
2424 5339 2478 5385 et
2506 5326 2568 5384 B'.
2600 5326 2826 5399 August.
2857 5326 2952 5382 lib.
2987 5341 3048 5395 ll,
3081 5331 3287 5399 contra
3319 5328 3589 5399 Faustum

1997 5401 2237 5459 Manich.
2270 5417 2368 5472 cap
2398 5404 2430 5456 2
2457 5410 2510 5457 et
2537 5401 2656 5472 ipsa
2686 5395 2905 5472 quoque
2923 5400 3134 5470 syriaca
3149 5395 3325 5472 editio
3345 5396 3590 5472 emenda-

1994 5473 2158 5529 tiores
2184 5464 2359 5546 Latini
2390 5488 2490 5529 ms.
2523 5464 2762 5546 codices,
2793 5464 2988 5546 proco
3017 5470 3162 5543 quod
3194 5467 3296 5546 alii
3317 5464 3592 5546 prgdica-

1991 5545 2199 5601 vimus.
2232 5543 2443 5613 Quibus
2470 5542 2632 5599 etiam
2661 5535 2938 5598 consensit
2981 5535 3169 5597 auctor
3212 5535 3353 5592 infra
3382 5535 3472 5589 lib.
3511 5549 3590 5605 tv,

1993 5630 2115 5687 cap.
2145 5615 2179 5672 4
2208 5616 2473 5675 adversus
2502 5615 2672 5673 lare.
2703 5614 2844 5670 ΡΑιι.
