4032 6152
463 344 567 410 295

1176 331 1613 394 TERTULLIANI
1653 327 1917 390 OPERUM
1947 325 2112 387 PARS
2143 324 2210 385 II.
2250 355 2319 367 -—
2349 322 2581 384 SBRIES
2624 323 2660 390 Ι,
2702 322 3043 385 POLEMICA.

3640 328 3754 390 296

462 484 621 540 quam
650 480 806 535 cujus
833 463 1050 519 decreta
1076 462 1325 532 cupiebat
1350 463 1461 531 jam
1509 456 1769 530 agnosci;
1807 455 1973 545 falsos
2000 466 2054 509 et
2083 467 2129 545 Α
2159 451 2328 507 fuisse
2351 468 2383 507 a
2423 451 2640 545 Christo
2679 466 2849 523 usque
2898 451 2980 545 ad
3010 450 3353 545 Marcionem,
3392 467 3553 545 quam
3594 454 3760 510 Crea-

460 554 735 627 apostolos
762 561 813 607 et
846 551 1041 607 fratres
1071 559 1264 607 notans
1300 550 1355 606 in
1400 550 1503 605 hac
1533 563 1714 613 causa,
1748 544 1842 617 qui
1871 546 2050 599 Evan-

460 644 663 715 gelium
690 641 887 697 Christi
908 640 1178 695 Creatoris
1210 638 1561 695 transferrent
1586 652 1616 691 a
1645 636 1885 693 novitate
1906 648 2050 704 prae-

460 731 702 788 nuntiata
722 746 753 785 a
774 731 1049 795 Creatore,
1080 729 1145 783 ad
1174 736 1493 785 vetustatem
1522 731 1821 781 recusatam
1840 739 1869 777 a
1899 722 2053 777 Crea-

462 825 575 873 tore
604 816 815 887 (Galat.
845 830 886 884 ι,
925 819 957 870 6
984 818 1181 889 seqq.).

1049 906 1277 963 CAPUT
1314 905 1473 960 XXI.

536 996 821 1063 Caeterum,
856 997 903 1051 si
935 996 1087 1067 quasi
1110 996 1159 1033 94
1179 1010 1377 1051 novum
1400 996 1571 1049 Deum
1603 992 1917 1064 praedicans,
1950 1005 2050 1045 ve-

464 1084 593 1141 teris
621 1085 717 1139 Dei
765 1084 945 1156 legem
986 1085 1239 1155 cupiebat
1276 1082 1581 1148 excludere,
1631 1097 1797 1154 quare
1833 1082 1902 1134 de
1945 1079 2049 1134 deo

462 1172 681 1245 quidem
730 1187 871 1232 novo
917 1173 1048 1227 nihil
1098 1171 1416 1243 praescribit,
1465 1170 1559 1227 sed
1586 1172 1655 1227 de
1700 1177 1878 1223 vetere
1926 1166 2050 1238 lege

463 1261 825 1327 solummodo,
875 1261 979 1317 nisi
1017 1262 1289 1333 quoniam,
1332 1259 1435 1315 ﬁde
1481 1266 1733 1314 manente
1778 1256 1834 1310 in
1879 1256 2048 1311 Crea-

464 1359 651 1415 torem,
683 1351 796 1405 sola
824 1349 910 1404 lex
948 1350 1067 1419 ejus
1093 1364 1411 1405 concessure
1439 1345 1707 1402 debebat?
1734 1354 1793 1401 ut
1822 1351 1877 1400 et
1896 1343 2049 1398 Pssi-

462 1456 585 1495 mus
613 1438 703 1493 ille
744 1440 916 1507 (Psal.
941 1454 1002 1505 ll,
1034 1438 1091 1508 3)
1108 1438 1493 1508 praececinerat
1517 1436 1567 1475 95
1597 1438 2047 1506 :Disrumpamus

460 1548 496 1585 a
516 1528 671 1587 nobis
682 1528 963 1584 vincula66
975 1543 1191 1591 eorum,
1209 1532 1263 1582 et
1286 1527 1616 1598 abjiciamus
1638 1540 1833 1581 eorum
1840 1526 2047 1593 jugum

462 1634 495 1672 a
525 1618 681 1674 nobis
702 1638 721 1683 ,-
753 1634 815 1673 ex
844 1632 950 1688 quo
980 1617 1182 1670 scilicet
1206 1615 1576 1671 tumultuatus
1595 1617 1731 1669 sunt
1760 1615 1967 1683 gentes,
1991 1615 2050 1666 et

462 1708 660 1780 papuli
670 1703 2057 1773 meditati?70suntinania:astiteruntregester-

466 1813 568 1865 rce,
585 1801 640 1850 et
652 1796 1022 1865 magistratus
1046 1794 1426 1848 convenerunt
1447 1791 1493 1829 97
1508 1792 1571 1844 in
1588 1806 1773 1845 unum
1790 1789 2054 1845 adversus

464 1884 757 1941 Hominem
787 1887 841 1938 et
870 1882 1136 1937 adversus
1187 1881 1474 1936 Christum
1512 1881 1635 1949 ejus
1678 1879 1830 1948 (Ibid.
1876 1882 1926 1943 l,
1974 1877 2049 1947 2).

464 1971 531 2026 Et
568 1971 775 2040 utique,
805 1969 846 2023 si
876 1969 1015 2023 alius
1047 1970 1182 2022 deus
1220 1968 1602 2038 prazdicaretur
1629 1982 1660 2020 a
1688 1966 1871 2033 Paulo,
1909 1965 2053 2021 nulla

466 2059 781 2129 disceptatio
812 2065 956 2114 esset
1001 2056 1276 2113 servandae
1318 2055 1470 2128 legis,
1504 2071 1696 2121 necne,
1731 2070 1839 2109 non
1878 2053 2050 2125 perti-

466 2148 643 2203 nenlis
692 2147 896 2203 scilicet
931 2147 996 2201 ad
1027 2146 1306 2201 dominum
1344 2160 1542 2201 novum
1583 2153 1635 2199 et
1676 2142 1924 2198 aemulum
1966 2141 2051 2196 le-

464 2237 569 2308 gis.
600 2238 720 2309 Ipsa
757 2236 898 2291 enim
928 2234 1016 2290 dei
1046 2233 1257 2291 novitas
1298 2242 1458 2306 atque
1483 2231 1766 2289 diversitas
1793 2230 2050 2285 abstulis-

462 2334 547 2381 set
576 2341 683 2382 non
722 2324 884 2382 modo
932 2322 1283 2396 quaestionem
1328 2322 1528 2379 veteris
1575 2330 1628 2376 et
1672 2321 1858 2376 alienae
1890 2317 2048 2390 legis,

462 2432 648 2475 verum
687 2432 901 2473 omnem
931 2415 1053 2486 ejus
1083 2413 1430 2468 mentionem.
1489 2412 1596 2467 Sed
1647 2412 1733 2466 hic
1766 2418 1880 2465 erat
1908 2416 2051 2463 totus

462 2514 637 2563 status
684 2505 1020 2577 quaestionis,
1068 2508 1235 2578 quod,
1284 2521 1407 2563 cum
1448 2503 1589 2558 idem
1641 2502 1781 2556 Deus
1819 2498 1955 2571 legis
1993 2498 2049 2551 in

464 2595 676 2650 Christo
730 2596 1129 2664 praedicaretur,
1172 2595 1311 2667 legis
1366 2592 1485 2664 ejus
1522 2592 1891 2660 derogaretur.
1927 2586 2050 2640 Sta-

463 2685 553 2738 bat
582 2683 745 2753 igitur
781 2683 913 2738 ﬁdes
951 2698 1165 2755 semper
1192 2685 1247 2740 in
1294 2683 1547 2738 Creatore
1575 2686 1628 2735 et
1664 2676 1879 2735 Christo
1908 2677 2047 2747 ejus,

462 2772 555 2827 sed
601 2773 942 2829 conversatio
989 2781 1044 2828 et
1088 2772 1374 2843 disciplina
1404 2770 1643 2827 nutabat.
1688 2770 1821 2823 Nam
1858 2778 1910 2825 et
1958 2768 2049 2823 alii

461 2862 529 2917 de
577 2862 874 2932 idolothyto
918 2861 1127 2918 edendo
1172 2862 1308 2933 (6t),
1339 2860 1428 2915 alii
1475 2860 1543 2914 de
1586 2857 1869 2916 mulierum
1897 2859 2048 2915 vela-

462 2958 661 3014 mento,
712 2951 802 3004 alii
843 2949 909 3004 de
954 2950 1157 3021 nuptiis
1200 2949 1285 3006 vel
1336 2949 1593 3019 repudiis,
1629 2948 1869 3004 nonnulli
1899 2955 1954 3003 et
1982 2946 2051 3001 de

2163 551 2355 607 torem,
2414 540 2545 595 satis
2586 540 2704 609 jam
2758 547 2810 595 et
2863 539 3113 611 probatio
3164 546 3350 595 nostra
3390 542 3598 596 munita
3643 550 3751 615 est,

2163 645 2269 699 qua
2296 630 2633 685 ostendimus
2668 628 2915 684 notitiam
2944 627 3031 682 dei
3076 627 3311 683 bmretici
3360 645 3428 684 ex
3474 631 3752 704 Evangelii

2159 724 2213 771 et
2240 716 2401 790 Legis
2446 716 2783 787 separatione
2820 716 3078 786 ccepisse.
3126 723 3178 772 et
3215 717 3455 774 deﬁnitio
3503 719 3755 790 superior

2159 804 2417 861 instructa
2472 813 2556 861 est
2601 823 2615 859 :
2676 821 2783 863 non
2830 820 2951 860 esse
2997 806 3327 863 credendum
3372 808 3535 864 deum
3589 825 3751 881 quem

2158 894 2321 949 homo
2376 894 2443 949 de
2496 910 2608 950 suis
2663 893 2909 950 sensibus
2973 895 3354 966 composuerit,
3412 897 3515 953 nisi
3588 898 3751 969 plane

2159 984 2466 1054 pr0phetes,
2507 983 2563 1038 id
2604 990 2686 1041 est
2717 998 2825 1039 non
2880 983 2950 1038 de
3000 982 3117 1039 suis
3172 985 3440 1041 sensibus.
3500 985 3658 1055 Quod
3701 988 3751 1043 si

2158 1072 2392 1129 Marcion
2422 1073 2621 1143 poterit
2666 1072 2793 1141 dici,
2842 1072 3058 1127 debebit
3113 1072 3276 1128 etiam
3324 1075 3561 1145 probari.
3601 1077 3749 1132 Nihil

2160 1169 2443 1219 retractare
2516 1162 2821 1233 oportebat,
2904 1162 3011 1217 hoc
3080 1162 3224 1216 enim
3298 1179 3470 1220 cuneo
3544 1166 3751 1221 verita-

2161 1250 2229 1305 tis
2256 1250 2373 1321 (65)
2400 1252 2575 1307 omnis
2594 1250 2898 1306 extruditur
2926 1251 3166 1321 haeresis,
3198 1267 3322 1308 cum
3363 1252 3607 1309 Christus
3641 1270 3752 1312 non

2158 1339 2375 1395 alterius
2449 1339 2546 1396 Dei
2608 1356 2770 1411 quam
2836 1339 3105 1395 Creatoris
3168 1342 3513 1398 circumlator
3563 1351 3754 1401 osten-

2158 1429 2321 1484 ditur.

2726 1518 2951 1575 CAPUT
2990 1519 3169 1574 XXII.

2232 1606 2337 1662 Sed
2367 1607 2643 1678 quomodo
2670 1605 2910 1663 funditus
2962 1616 3233 1665 evertetur
3280 1608 3331 1647 99
3359 1610 3745 1678 Antichristns,

2161 1694 2264 1749 nisi
2319 1695 2530 1752 caeteris
2576 1710 2791 1767 quoque
2854 1695 3233 1766 injectionibus
3297 1700 3415 1768 ejus
3487 1700 3751 1758 elidendis

2160 1783 2309 1839 locus
2355 1783 2528 1851 detur,
2576 1784 2821 1839 relaxata
2868 1784 3332 1855 przescriptionum
3375 1786 3689 1844 defensione
3720 1791 3751 1845 ‘2

2160 1872 2495 1929 Accedamus
2522 1872 2690 1944 igitur
2717 1876 2825 1943 jam
2857 1873 2982 1930 hinc
3005 1874 3072 1929 ad
3103 1875 3274 1946 ipsam
3304 1875 3403 1931 Dei
3440 1892 3748 1947 personam,

2158 1962 2245 2017 vel
2274 1962 2452 2033 potius
2496 1962 2741 2017 umbram
2788 1971 2842 2019 et
2895 1964 3207 2034 phantasma
3262 1966 3399 2036 (64),
3450 1968 3751 2023 secundum

2160 2052 2434 2108 Christum
2455 2050 2563 2107 27
2578 2050 2615 2105 Ι
2636 2052 2832 2123 ipsius,
2853 2068 2950 2124 per
2970 2053 3131 2124 idque
3152 2056 3483 2111 examinctur
3494 2072 3587 2126 per
3605 2057 3753 2130 quod

2161 2142 2398 2198 Creatori
2446 2142 2747 2213 praefertur.
2798 2145 2867 2197 Et
2914 2142 3100 2213 utique
3149 2153 3307 2199 erunt
3363 2148 3561 2217 regulae
3590 2142 3754 2203 cerua

2158 2231 2225 2285 ad
2253 2230 2659 2286 examinandam
2707 2230 2805 2286 Dei
2855 2232 3171 2287 bonitatem.
3223 2232 3330 2287 Sed
3379 2233 3526 2307 prius
3573 2243 3655 2289 est
3691 2242 3754 2289 ut

2159 2318 2426 2372 inveniam
2474 2318 2637 2383 illam,
2671 2327 2727 2373 et
2768 2319 3190 2390 apprehendam,
3238 2329 3293 2375 et
3321 2320 3394 2375 ita
3429 2321 3496 2376 ad
3537 2323 3757 2396 regulas

2158 2406 2462 2475 perducam.
2512 2406 2646 2460 Cum
2690 2407 2835 2462 enim
2883 2407 3259 2479 circumspicio
3307 2418 3569 2481 tempora,
3618 2426 3754 2465 nus-

2155 2511 2319 2566 quam
2374 2502 2458 2551 est
2512 2509 2543 2548 a
2590 2495 2884 2566 primordio
2940 2496 3307 2561 materiarum,
3358 2507 3413 2554 et
3467 2498 3484 2534 ι
3534 2497 3756 2553 introitu

2156 2598 2461 2651 causarum,
2511 2598 2634 2639 cum
2698 2583 2899 2655 quibus
2962 2584 3220 2641 debuerat
3273 2585 3501 2642 inveniri
3555 2586 3758 2642 exinde

2156 2687 2328 2743 agens
2354 2673 2501 2743 quod
2542 2674 2565 2709 ²
2594 2674 2682 2747 agi
2711 2673 2918 2728 habuit.
2964 2673 3090 2728 Erat
3127 2675 3270 2729 enim
3313 2675 3425 2743 jam
3475 2683 3530 2729 et
3581 2690 3754 2745 mors,

2156 2769 2211 2816 et
2268 2762 2486 2817 aculeus
2531 2762 2720 2817 mortis
2766 2763 3042 2832 delictum,
3077 2771 3132 2818 et
3167 2763 3286 2835 ipsa
3336 2763 3538 2819 malitia
3583 2764 3759 2820 Crea-

2162 2851 2336 2917 toris;
2362 2850 2619 2907 adversus
2647 2867 2806 2923 quam
2855 2851 3141 2907 subvenire
3170 2853 3391 2908 deberet
3416 2851 3636 2907 alterius
3663 2852 3758 2909 dei

2160 2941 2391 3007 bonitas,
2477 2941 2664 3012 primas
2734 2940 2869 2996 .huic
2960 2943 3163 3012 regulae
3244 2941 3439 2999 divinae
3501 2942 3759 2998 bonitatis

463 3054 558 3109 spe
608 3038 1044 3107 resurrectionis,
1104 3039 1503 3110 disceptabant;
1544 3038 1612 3094 de
1675 3039 1815 3109 Deo,
1871 3051 2051 3094 nemo.
2085 3027 2128 3107 ε
2157 3045 2467 3093 occurrens,
2518 3029 2563 3084 si
2620 3045 2677 3085 se
2725 3032 3025 3085 naturalem
3073 3031 3345 3100 probaret,
3404 3032 3579 3086 statim
3629 3046 3760 3089 suc-

461 3126 618 3194 Nam,
650 3127 695 3182 si
743 3127 793 3166 98
823 3126 1011 3184 fuisset
1042 3128 1157 3183 haec
1203 3142 1424 3200 quoque
1466 3125 1694 3199 quaestio
1733 3125 2051 3197 disceptata,

460 3226 515 3271 et
561 3217 675 3287 ipsa
740 3215 887 3287 apud
939 3216 1260 3286 Apostolum
1311 3216 1664 3286 inveniretur,
1715 3216 1796 3272 vel
1853 3223 2053 3287 quanto

461 3304 792 3376 principalis.
862 3303 1015 3373 Quod
1077 3306 1121 3361 si
1177 3315 1299 3375 post
1364 3305 1728 3377 apostolorum
1786 3312 2050 3378 tempora,

459 3391 781 3449 adulterium
836 3392 1032 3448 veritas
1088 3409 1241 3464 passa
1294 3402 1375 3448 est
1429 3396 1571 3448 circa
1622 3392 1724 3447 Dei
1784 3391 2048 3464 regulam,

458 3494 589 3552 ergo
612 3481 722 3550 jam
767 3481 1058 3549 apostolica
1098 3481 1311 3537 traditio
1351 3481 1480 3535 nihil
1512 3496 1667 3552 passa
1709 3487 1794 3535 est
1820 3479 1874 3533 in
1912 3488 2050 3535 tem-

464 3584 596 3638 pore
623 3584 722 3625 suo
747 3568 889 3625 circa
914 3569 1009 3625 Dei
1051 3570 1311 3641 regulam,
1355 3580 1409 3625 et
1439 3584 1545 3625 non
1579 3570 1679 3625 alia
1710 3569 2049 3639 agnoscenda

459 3658 561 3712 erit
602 3658 816 3712 traditio
869 3658 1255 3728 apostolorum,
1311 3674 1470 3728 quam
1517 3673 1637 3729 quas
1686 3656 1846 3712 hodie
1904 3656 2047 3729 apud

458 3742 696 3812 ipsorum
743 3744 1010 3800 Ecclesias
1057 3746 1249 3802 editur.
1298 3745 1513 3801 Nullam
1541 3752 1719 3800 autem
1764 3744 2045 3815 apostolici

457 3846 653 3885 census
698 3832 987 3887 Ecclesiam
1034 3832 1296 3897 invenias,
1336 3849 1458 3903 quae
1503 3847 1612 3887 non
1684 3835 1738 3888 in
1792 3833 2046 3889 Creatore

460 3918 852 3975 Christianizet.
872 3920 978 3976 Aut
1005 3920 1048 3973 si
1071 3920 1154 3974 hae
1180 3929 1336 3975 erunt
1364 3936 1395 3975 a
1426 3920 1717 3992 primordio
1748 3929 2040 3995 corruptae,

460 4021 583 4078 quae
621 4017 778 4064 erunt
803 4007 1076 4080 integrae?
1104 4009 1356 4064 nimirum
1395 4010 1719 4066 adversariae
1748 4011 2040 4067 Creatoris.

458 4095 663 4152 Exhibe
689 4112 821 4171 ergo
867 4096 1100 4169 aliquam
1152 4114 1216 4154 ex
1264 4098 1369 4153 tuis
1413 4099 1692 4169 apostolici
1738 4115 1947 4167 sensus,
1988 4109 2043 4158 et

458 4184 749 4241 obduxeris
793 4186 932 4257 (62).
988 4187 1172 4258 Igitur,
1229 4202 1349 4244 cum
1413 4188 1663 4244 omnibus
1703 4189 1880 4245 modis
1918 4203 2048 4245 con-

459 4281 563 4331 stet
606 4274 772 4331 alium
829 4275 990 4332 deum
1038 4276 1090 4331 in
1139 4275 1327 4351 regula
1371 4276 1686 4333 sacramenti
1740 4277 1896 4333 istius
1934 4292 2045 4333 non

2162 3136 2407 3186 currens,
2442 3128 2500 3175 ut
2546 3134 2708 3175 causa
2737 3119 2920 3190 erepit.
2952 3118 3144 3176 Omnia
3193 3121 3335 3177 enim
3392 3121 3446 3175 in
3486 3122 3603 3177 Deo
3651 3136 3756 3176 na-

2163 3210 2355 3265 turalia
2404 3217 2455 3264 et
2510 3208 2747 3280 ingenita
2787 3224 2910 3264 esse
2949 3208 3238 3277 debebunt,
3286 3218 3345 3264 ut
3390 3209 3494 3265 sint
3529 3219 3748 3277 aeterna,

2160 3299 2455 3355 secundum
2485 3304 2687 3353 statum
2742 3297 2931 3369 ipsius,
2973 3313 3043 3353 ne
3094 3298 3434 3354 obvenientia
3473 3309 3528 3355 et
3565 3309 3747 3356 extra-

2159 3404 2259 3443 nea
2302 3394 2634 3458 reputentur,
2686 3401 2748 3442 ac
2801 3402 2901 3456 per
2955 3388 3059 3443 hoc
3114 3386 3423 3457 temporalia
3452 3395 3505 3442 et
3543 3388 3753 3443 aeterni-

2156 3476 2281 3530 tatis
2337 3477 2529 3531 aliena.
2584 3476 2666 3531 Ita
2691 3482 2745 3530 et
2795 3476 3007 3531 bonitas
3047 3476 3299 3546 perennis
3326 3484 3381 3531 et
3404 3476 3555 3551 jugis
3582 3478 3608 3514 3
3638 3478 3757 3533 exi-

2156 3573 2312 3637 getur
2342 3566 2394 3619 in
2437 3566 2575 3632 Deo,
2616 3580 2758 3637 qum,
2808 3565 2863 3621 in
2917 3567 3183 3623 thesauris
3247 3566 3569 3623 naturalium
3627 3582 3760 3637 pro-

2156 3654 2441 3727 prietatum
2495 3654 2731 3725 reposita
2784 3662 2839 3709 et
2896 3663 3105 3727 parata,
3160 3656 3501 3711 antecederet
3554 3671 3763 3712 causas

2151 3750 2205 3797 et
2227 3741 2477 3798 materias
2513 3757 2638 3797 suas
2673 3758 2688 3812 ;
2734 3750 2790 3797 et
2844 3742 3073 3813 primam
3124 3759 3391 3816 quamque
3428 3743 3759 3815 susciperet,

2152 3846 2262 3886 non
2340 3830 2641 3902 despiceret
2721 3840 2778 3887 et
2850 3832 3191 3899 destitueret,
3250 3833 3295 3887 si
3380 3833 3762 3892 antecedebat.

2156 3920 2418 3992 Denique,
2461 3937 2568 3977 non
2622 3920 2801 3977 minus
2855 3930 2908 3977 et
2962 3922 3051 3978 hic
3079 3923 3103 3960 ⁴
3131 3937 3371 3994 quaeram
3418 3938 3517 3977 cur
3561 3937 3672 3978 non
3728 3938 3765 3978 a

2153 4009 2453 4081 primordio
2482 4019 2702 4081 operata
2757 4009 2826 4065 sit
2871 4010 3084 4067 bonitas
3142 4012 3279 4080 ejus,
3318 4027 3479 4084 quam
3526 4010 3594 4066 de
3628 4010 3762 4081 ipso

2150 4098 2518 4171 quaesivimus,
2563 4115 2661 4155 cur
2704 4115 2813 4156 non
2862 4116 2893 4155 a
2938 4100 3236 4171 primordio
3283 4100 3353 4157 sit
3410 4099 3685 4156 revelatus
3726 4099 3764 4157 ?

2156 4187 2352 4255 Quidni
2382 4189 2410 4243 7
2466 4188 2558 4260 qui
2589 4204 2688 4259 per
2714 4187 3002 4244 bonitatem
3030 4188 3254 4245 revelari
3282 4188 3523 4252 haberet,
3554 4188 3600 4243 si
3655 4189 3760 4259 qui

2154 4276 2372 4335 fuisset.
2402 4277 2523 4333 Non
2550 4292 2710 4349 posse
2731 4275 2858 4349 quid
2910 4276 3024 4333 Deo
3078 4292 3185 4333 non
3217 4275 3343 4334 licet
3372 4276 3506 4347 (65),
3547 4276 3760 4331 nedum

1826 4374 2016 4439 Variae
2054 4381 2363 4441 lectiones.

528 4480 578 4519 θ’*
608 4479 729 4550 Qua
751 4481 966 4537 Pamel.
1024 4480 1075 4519 95
1096 4481 1461 4538 Praecinuerat
1488 4482 1703 4541 Pamel.
1725 4481 1776 4520 9°
1797 4482 2021 4537 Vincula
2049 4498 2079 4536 a
2109 4482 2263 4539 nobis
2292 4483 2503 4539 Pamel.
2530 4483 2578 4522 97
2608 4482 3082 4540 Circumvenorunt
3101 4483 3330 4549 Semler,
3368 4481 3585 4540 Oberth.
3607 4480 3661 4518 9⁸
3688 4480 3761 4538 Si

457 4555 645 4627 diuiti.
680 4553 919 4627 Semler.
946 4551 993 4589 ⁷9
1023 4553 1318 4609 Evenietur
1333 4555 1509 4612 Rhea.
1536 4556 1551 4591 ι
1576 4556 1631 4609 In
1653 4556 1855 4611 inserit
1888 4554 2119 4611 Semler.
2146 4553 2169 4591 ²
2188 4554 2308 4624 Quo
2331 4556 2500 4614 Seml.
2533 4556 2692 4613 Pam.
2719 4554 2939 4613 Oberth.
2972 4555 2994 4593 3
3022 4554 3085 4610 Et
3113 4555 3261 4627 jugis
3290 4554 3442 4610 abest
3468 4556 3530 4610 in
3559 4556 3752 4609 Paris.

456 4626 479 4661 δ
511 4622 573 4679 Et
593 4624 678 4679 hic
708 4639 819 4681 non
850 4624 1026 4680 minus
1052 4627 1263 4683 Pamel.

1847 4696 2342 4763 Commentarius.

528 4828 811 4910 (QtLNa-m
840 4834 893 4910 et
914 4830 1021 4910 alii
1048 4829 1115 4910 de
1145 4828 1454 4910 idolothth
1478 4829 1706 4910 edendo,
1723 4838 1825 4883 etc.
1846 4828 2050 4910 Alludit

456 4898 526 4953 ad
565 4898 587 4951 1
633 4898 808 4971 Epist.
850 4900 1115 4971 _Apostoli_
1143 4903 1208 4953 ad
1254 4898 1581 4971 Corinthios,
1622 4898 1818 4971 inqua
1859 4907 2047 4971 contra

455 4970 784 5036 ejuscemodi
834 4967 1251 5041 disceptationes
1298 4970 1402 5025 late
1448 4972 1703 5041 disputat,
1727 4967 1819 5025 ‘de
1864 4970 2042 5026 idolo-

459 5041 621 5111 thyto,
652 5053 770 5111 cap.
814 5054 874 5103 Χ,
926 5039 1312 5111 (Ιᾷᾼῐηιιιὶθτιιῐη
1352 5039 1673 5107 velamento,
1704 5056 1823 5110 cap.
1856 5057 1937 5111 χι,
1973 5042 2043 5097 de

456 5109 654 5183 nuptiis
682 5110 763 5163 vel
812 5109 1071 5183 repudiis,
1103 5128 1221 5182 cap.
1253 5126 1349 5179 vn,
1383 5123 1435 5169 et
1460 5114 1528 5168 de
1557 5129 1653 5183 spe
1695 5109 2043 5168 resurrectio-

453 5181 557 5244 nis,
588 5195 706 5250 cap.
755 5194 849 5235 xv.
880 5179 1012 5234 Pan.

546 5252 636 5319 62)
666 5252 736 5306 Et
760 5250 1072 5307 obduxeris.
1100 5252 1209 5308 Hoc
1231 5261 1333 5318 est,
1364 5254 1659 5309 evinceris.
1688 5253 1872 5309 Rnan.
1899 5253 2038 5308 ΡΑιι.

546 5324 641 5392 63)
666 5324 792 5394 Hoc
830 5323 984 5394 enirn
1030 5338 1203 5394 cuneo
1242 5325 1520 5380 veritatis.
1569 5323 1683 5377 Hoc
1725 5331 2041 5394 argumento

450 5391 804 5449 ad'veritatis
849 5391 1219 5449 defensionem
1266 5403 1493 5448 cuneata
1536 5394 1700 5448 veluti
1745 5391 1880 5448 acie.
1928 5393 2040 5449 De-

450 5473 663 5547 sumpta
686 5466 798 5547 hac
818 5480 849 5519 a
877 5462 1162 5547 disciplina
1209 5464 1761 5547 militarinmetaphora
1799 5480 1927 5519 usus
1957 5472 2041 5519 est

448 5534 635 5606 cap.’2
662 5535 729 5618 de
757 5539 1076 5617 Resarrect.
1109 5538 1301 5619 curitis
1320 5555 1339 5593 :
1368 5557 1390 5586 α
1415 5534 1536 5604 Quo
1554 5550 1733 5616 cuneo.
1752 5550 2041 5617 occurren-

448 5605 575 5661 dum
631 5617 700 5663 sit
752 5610 927 5664 nobis.
974 5604 1113 5663 Illud
1168 5623 1304 5665 aciei
1357 5622 1533 5683 genus
1579 5623 1609 5664 a
1641 5608 1886 5680 Philippo
1923 5608 2037 5669 Ma-

2156 4828 2365 4884 cedone
2422 4830 2693 4883 inventum
2756 4836 2859 4900 est,
2890 4828 2957 4884 ad
3012 4828 3445 4900 perrumpendos
3499 4828 3751 4885 hostium

2154 4900 2373 4955 ordines
2418 4902 2662 4969 quamvis
2706 4899 3152 4956 confertissimos.
3220 4899 3341 4955 Alio
3386 4900 3603 4955 nomine
3641 4915 3751 4955 cu-

2149 4986 2282 5025 neus
2317 4969 2512 5025 dicitur
2550 4971 2784 5042 phalanx
2841 4980 2892 5026 et
2946 4971 3153 5027 Graecis
3208 4971 3418 5043 ἔμϐολος
3465 4970 3639 5038 ἱππική
3681 4983 3748 5030 et

2149 5041 2333 5096 στίφος.
2361 5042 2439 5096 La
2470 5042 2567 5095 Pn.

2149 5056 2333 5103 στιφος.
2361 5056 2439 5096 LE
2470 5056 2567 5095 l’ll.

2245 5114 2336 5183 64)
2382 5113 2467 5169 Vel
2493 5113 2971 5185 potiasjumbram
3021 5119 3074 5171 et
3124 5113 3493 5185 phantasma.
3532 5112 3752 5168 Alludit

2149 5184 2217 5239 ad
2257 5183 2507 5257 errorem
2539 5183 2846 5257 Marcionis,
2892 5186 3037 5257 quod
3093 5183 3340 5240 Christus
3386 5184 3439 5238 in
3483 5185 3752 5257 phantas-

2150 5266 2291 5310 mate
2320 5256 2480 5310 homo
2504 5255 2589 5328 sit
2624 5255 2815 5327 factus,
2865 5255 3048 5312 contra
3077 5272 3235 5328 quem
3277 5271 3441 5327 supra
3461 5256 3573 5327 egit
3600 5255 3753 5312 libro

2149 5329 2220 5383 De
2248 5341 2419 5382 carne
2451 5327 2676 5395 Christi,
2704 5344 2820 5398 cap.
2851 5330 2905 5381 5.
2936 5329 3076 5383 PAM.

2218 5397 2333 5478 (66)
2359 5398 2479 5478 Nora
2515 5416 2671 5469 posse
2706 5397 2984 5478 guidﬂeo
3019 5414 3132 5455 non
3164 5398 3313 5478 licet.
3359 5397 3571 5478 Sensus
3610 5405 3699 5453 est
3730 5416 3748 5453 :

2144 5467 2262 5524 Non
2287 5467 2414 5540 licet
2438 5467 2553 5527 Deo
2582 5480 2641 5526 ut
2669 5467 2873 5540 aliquid
2906 5485 3014 5525 non
3048 5472 3237 5540 possit,
3266 5471 3465 5523 nedum
3519 5476 3579 5522 ut
3628 5484 3749 5526 non

2149 5538 2322 5609 possit
2361 5542 2693 5598 naturalibus
2721 5538 2832 5597 suis
2856 5539 3029 5615 fungi.
3050 5538 3244 5597 Ralm.
