4032 6152
260 258 367 318 297
1502 269 1630 333 LlB.
1672 272 1695 332 Ι
1730 272 1889 336 ADV.
1929 278 2337 345 MARCIONEM.

259 384 592 467 ηδίαηῖίδυε
632 386 751 443 θυῖε
790 387 947 508 ἷυοξί
992 406 1009 448 ε
1050 408 1173 464 illi8
1225 392 1270 449 εί
1324 394 1687 508 οοὲῐίηθῐιιαΐν
1745 415 1853 472 (Ιυο
1883 419 1930 497 Α
1961 404 2081 478 rio;
2114 407 2243 476 imo,
2274 412 2419 481 quod
2445 412 2648 488 verius,
2678 431 2709 472 a
2736 418 2984 479 Cerdone
3018 436 3071 483 et
3110 430 3378 489 Marciane
3415 436 3553 508 (69).

259 472 431 508 minnc
463 483 675 508 ηυντ-ωηο
727 485 911 508 malum
941 478 985 508 ς..
1015 495 1121 508 ...Λ-ι
1163 490 1319 508 --.αα
1422 491 1438 508 ι
1491 486 1650 508 ,ιε--...
1714 490 1839 508 Δμ-γη
1960 494 2039 508 η...
2128 495 2140 506 ι
2409 500 2423 508 .
2568 503 2619 508 ---

256 472 433 528 minus
462 483 695 541 currant,
727 478 989 535 naturalia
1015 495 1124 537 non
1161 490 1341 538 erunt.
1376 485 1442 540 Et
1486 486 1656 543 otium
1707 490 1852 546 enim
1883 472 1930 497 η
1959 494 2178 552 Tiberio
2223 514 2367 554 nunc
2394 500 2525 556 deus
2564 472 2655 559 ille
2702 508 3027 582 praestiterit,
3064 524 3121 571 ut
3160 518 3391 590 imperio
3415 472 3556 592 \ejuls

256 578 341 592 ann
414 570 603 592 nni-ann
671 580 778 592 nn...
828 568 973 592 ..Α-ει
1009 591 1017 592 ,
1065 570 1186 592 1-3..Δ
1235 582 1441 592 --__-_._A
1586 577 1597 587 ι
1762 587 1770 592 .
1808 580 1827 592 ε-
1978 582 2011 592 ι.
2055 583 2067 592 .
2170 586 2183 592 -
2285 587 2295 592 -
2414 590 2423 592 _

252 578 345 619 sua
414 570 607 618 natura
671 580 780 621 non
828 568 1019 626 novit:
1065 570 1189 627 hinc
1228 582 1495 644 censetur,
1554 577 1602 631 si
1655 587 1778 649 agat
1805 580 1850 642 ⁵,
1960 582 2141 640 divina
2170 586 2382 643 bonitas
2411 590 2464 645 in
2504 592 2661 648 terris
2696 568 3052 659 dedicaretur.

252 650 295 704 si
333 666 439 707 nec
490 652 730 709 noluisse
767 655 1037 713 videbitur
1076 674 1331 716 exercere
1369 662 1665 721 bonitatem
1709 666 1853 727 inte-
2517 713 2745 773 CAPUT
2780 720 2966 777 XXIII

252 740 344 777 vim
378 748 586 777 natm-an
631 744 850 777 nnmino
903 746 1103 777 uno“..-
1145 750 1285 777 ηηεη.
1341 767 1397 777 ..Α
1435 752 1461 777 Α
1515 769 1620 777 ..-Α
1671 763 1849 777 ..-ιμι

251 740 344 795 rim
378 748 587 796 naturae
631 744 869 798 nomine.
903 746 1108 803 Natura
1143 750 1289 804 enim
1340 767 1399 807 se
1435 752 1461 790 δ
1514 769 1626 810 non
1671 763 1853 827 potest

250 829 420 895 nolle,
480 845 603 901 quae
646 847 707 887 se
756 832 830 888 ita
877 832 1083 909 dirigit,
1112 844 1171 893 ut
1200 841 1244 893 si
1277 842 1590 913 cessaverit,
1621 859 1730 901 non
1760 848 1849 904 sit.
1978 919 1988 921 4
2027 832 2201 888 Aliam
2242 834 2321 891 ίῙῙί
2354 838 2595 910 regulam
2645 846 2922 913 Ρηθίθηάο
2973 850 3119 921 (7⁰);
3161 852 3297 909 Sicut
3330 865 3551 914 natura-

1956 919 2044 986 lia,
2094 922 2168 978 ita
2214 926 2495 982 rationalia
2554 945 2674 985 esse
2742 933 2943 992 debere
2976 938 3019 976 11
3066 919 3134 996 in
3191 942 3304 999 Deo
3351 947 3547 1003 omnia.

247 918 349 974 Sed
379 920 621 974 cessavit
669 921 958 994 aliquando
1003 924 1058 979 in
1087 927 1189 982 deo
1235 928 1526 985 Marcionis
1571 933 1639 988 de
1681 949 1848 1007 Opere

244 1006 456 1062 bonitas
479 1007 523 1062 ⁷.
561 1006 713 1079 Ergo
772 1025 881 1066 non
948 1011 1049 1068 fuit
1107 1016 1369 1072 naturalis
1427 1018 1655 1089 bonitas,
1724 1006 1847 1095 quae

241 1096 412 1165 potuit
470 1095 762 1168 aliquando
830 1114 1087 1169 cessasse,
1154 1105 1296 1176 quod
1354 1108 1691 1166 naturalibus
1736 1127 1846 1170 non

241 1183 377 1241 licet.
414 1185 486 1240 Et
541 1187 589 1240 si
630 1202 739 1242 non
788 1190 891 1245 erit
952 1192 1234 1261 naturalis,
1296 1195 1407 1266 jam
1469 1214 1571 1256 nec
1642 1207 1844 1257 aeterna

240 1274 529 1342 credenda,
558 1290 664 1332 nec
689 1277 805 1333 Deo
832 1295 946 1350 par,
985 1283 1116 1353 quia
1157 1298 1267 1338 non
1305 1292 1522 1355 aeterna,
1562 1287 1690 1343 dum
1728 1304 1840 1345 non

239 1363 550 1419 naturalis:
584 1380 709 1436 qua:
759 1365 995 1440 denique
1040 1371 1244 1426 nullam
1285 1373 1367 1429 sui
1406 1376 1838 1447 perpetuitatem,

238 1460 325 1508 aut
356 1453 431 1509 de
462 1455 739 1524 praeterito
796 1457 1107 1530 constituat,
1162 1468 1256 1517 aut
1305 1462 1374 1518 de
1420 1462 1602 1522 futuro
1649 1481 1838 1537 repro-

235 1542 433 1598 mittat.
465 1543 607 1598 Nam
655 1552 709 1602 et
755 1561 786 1600 a
827 1546 1127 1618 primordio
1170 1566 1282 1607 non
1317 1551 1438 1622 fuit,
1471 1562 1526 1609 et
1570 1554 1626 1609 in
1674 1554 1833 1611 ﬁnem

231 1629 348 1685 sine
374 1630 551 1688 dubio
578 1647 692 1689 non
718 1633 840 1689 erit.
875 1634 1056 1692 Potest
1083 1636 1225 1693 enim
1252 1646 1308 1696 et
1335 1655 1445 1698 non
1489 1657 1610 1699 esse
1654 1659 1832 1716 quan-

231 1716 439 1791 doque,
473 1720 616 1776 sicut
650 1736 760 1776 non
812 1721 915 1779 fuit
949 1724 1255 1797 aliquando.
1296 1728 1468 1803 Igitur
1491 1775 1505 1800 ,
1545 1701 1837 1790 cumlcon-
1867 1701 1911 1778 Β

233 1814 344 1863 stet
369 1808 428 1863 in
461 1808 761 1881 primordio
790 1826 1033 1870 cessasse
1068 1814 1363 1871 bonitatem
1390 1818 1491 1875 Dei
1536 1820 1677 1875 illius
1704 1822 1837 1894 (non

243 1895 395 1951 enirn
433 1911 466 1950 a
501 1899 789 1968 primordio
826 1899 1075 1958 liberavit
1111 1898 1427 1972 hominem),
1468 1915 1523 1963 et
1558 1910 1835 1967 voluntate

237 1983 427 2052 potius
477 1999 587 2041 eam
635 1984 803 2059 quam
849 1987 1155 2047 inﬁrmitate
1189 2008 1446 2064 cessasse,
1492 1996 1604 2064 jam
1646 1998 1837 2055 volun-

232 2080 318 2128 tas
343 2088 653 2146 suppressae
684 2076 941 2133 bonitatis
969 2078 1093 2136 ﬁnis
1121 2082 1426 2141 invenietur
1462 2086 1832 2159 malignitatis.

225 2155 370 2228 Quid
394 2161 539 2217 enim
568 2170 675 2218 tam
697 2164 1012 2238 malignum,
1031 2166 1203 2226 272
1229 2186 1392 2243 quam
1420 2173 1564 2229 nolle
1576 2155 1836 2245 prodesse

225 2266 347 2307 cum
396 2252 624 2323 possis?
672 2269 835 2324 quam
881 2255 1105 2314 utilitate
1161 2261 1386 2317 cruciari
1416 2262 1483 2318 3?
1539 2280 1704 2335 quam
1760 2264 1839 2319 in-

227 2339 423 2411 juriam
484 2341 707 2398 sinere?
743 2344 938 2401 Totum
988 2346 1220 2421 denique
1264 2350 1532 2408 Creatoris
1598 2352 1837 2428 elogium

230 2428 284 2484 in
309 2429 466 2484 illum
499 2431 829 2488 rescribetur
864 2434 993 2504 (66),
1026 2437 1119 2507 qui
1156 2437 1388 2494 saevitias
1418 2444 1539 2510 ejus
1584 2441 1836 2498 bonitatis

231 2532 334 2572 sum
362 2534 527 2574 mora
565 2519 728 2588 juvit.
756 2521 891 2577 Nam
943 2523 1001 2578 in
1055 2525 1212 2595 cujus
1263 2542 1423 2583 manu
1454 2536 1537 2584 est
1584 2531 1713 2601 quid
1766 2547 1835 2588 ne

228 2603 329 2672 ﬁat,
368 2609 500 2676 ejus
544 2609 657 2678 jam
699 2608 987 2681 deputatur
1030 2627 1153 2670 cum
1180 2615 1205 2652 9
1234 2615 1309 2671 ﬁt.
1343 2619 1518 2673 Homo
1549 2619 1835 2676 damnatur

226 2695 277 2748 io
312 2705 554 2752 mortem
604 2699 741 2767 (67),
771 2700 842 2754 ob
884 2701 1045 2758 unius
1081 2704 1384 2762 arbusculae
1426 2707 1831 2775 delibationem,

223 2791 275 2837 et
319 2784 527 2839 exinde
581 2785 875 2857 proﬁciunt
914 2789 1109 2847 delicta
1157 2809 1280 2849 cum
1318 2795 1521 2865 poenis,
1575 2803 1628 2852 et
1684 2812 1833 2867 pere-

224 2878 318 2926 unt
340 2872 458 2941 jam
490 2887 683 2929 omnes
707 2874 804 2947 qui
836 2878 1071 2946 paradisi
1092 2879 1300 2936 nullum
1322 2882 1581 2953 cespitem
1609 2892 1832 2942 norunt.

223 2957 294 3014 Et
316 2963 430 3016 hoc
454 2961 650 3019 melior
677 2963 849 3035 aliqui
890 2966 1038 3023 Deus
1072 2976 1167 3025 aut
1208 2970 1402 3039 nescit,
1437 2980 1529 3028 aut
1563 2974 1832 3030 sustinet?
1866 2986 1909 3064 ο

230 3047 294 3103 Si
320 3049 445 3119 (68)
463 3090 481 3114 ,
508 3058 569 3104 ut
596 3067 659 3107 ex
681 3053 787 3109 hoc
816 3054 1007 3112 melior
1032 3056 1362 3116 inveniretur
1382 3070 1581 3132 quanto
1611 3063 1834 3120 Creator

232 3135 479 3192 deterior
522 3140 816 3207 haberetur,
866 3143 997 3199 satis
1055 3153 1109 3202 et
1148 3146 1203 3202 in
1249 3148 1354 3204 isto
1409 3150 1635 3207 consilio
1680 3151 1837 3206 mali-

230 3223 428 3291 tiosus,
474 3226 565 3298 qui
610 3235 663 3284 et
707 3229 859 3287 illum
900 3231 1070 3290 voluit
1111 3243 1391 3292 oneratum
1433 3239 1834 3309 operationibus

227 3313 346 3383 ejus
386 3314 638 3372 admissis
668 3319 739 3389 ιο,
757 3327 810 3376 et
850 3322 1111 3377 saeculum
1158 3323 1212 3379 in
1256 3327 1539 3384 vexatione
1583 3328 1829 3386 detinuit.

227 3398 370 3470 Quid
409 3402 480 3460 de
531 3404 626 3459 tali
655 3407 867 3467 medico
898 3409 1180 3479 iudicabis,
1214 3413 1308 3487 qui
1347 3415 1544 3471 nutriat
1583 3418 1833 3473 morbum

225 3505 375 3547 mora
441 3494 705 3562 praesidii,
765 3505 818 3553 et
877 3500 1187 3571 periculum
1255 3504 1508 3561 extendat
1575 3505 1833 3565 dilatione

227 3583 475 3649 remedii,
522 3600 632 3656 quo
669 3586 965 3656 pretiosius
1011 3597 1103 3646 aut
1143 3590 1406 3648 famosius
1451 3595 1654 3650 curet?
1693 3595 1835 3653 Talis

231 3676 285 3722 et
328 3672 384 3727 in
426 3672 598 3729 deum
642 3675 928 3732 Marcionis
977 3678 1208 3736 dicenda
1253 3682 1518 3739 sententia
1563 3692 1666 3754 est,
1708 3686 1834 3741 mali

231 3759 628 3829 permissorem,
670 3762 883 3833 injuria
926 3764 1212 3835 fautorem,
1255 3770 1443 3841 gratiae
1509 3770 1835 3832 lenocinato-

234 3861 359 3919 rem,
404 3849 758 3921 benignitatis
813 3854 1301 3929 praevaricatorem,
1356 3873 1516 3931 quam
1572 3875 1681 3917 non
1735 3870 1836 3919 sta-

236 3936 323 3990 tim
357 3954 565 3995 caussae
604 3957 718 3997 sua:
756 3942 1016 4014 exhibuit,
1046 3945 1227 4017 plane,
1285 3946 1330 4002 si
1378 3957 1570 4004 natura
1632 3951 1832 4024 bonus,

235 4025 586 4094 exhibiturns,
619 4038 674 4084 et
708 4045 817 4087 non
854 4031 1179 4106 accessione,
1227 4035 1273 4091 si
1317 4034 1536 4110 ingenio
1571 4039 1834 4111 optimus,

235 4120 285 4167 et
316 4130 423 4172 non
461 4114 768 4188 disciplina,
816 4120 863 4176 si
898 4119 966 4175 ab
1009 4136 1124 4179 aevo
1171 4123 1338 4193 Deus,
1371 4135 1426 4182 et
1463 4141 1571 4183 non
1602 4143 1635 4183 a
1679 4128 1837 4185 Tibe-

1950 1185 2147 1240 nedum
2187 1195 2245 1243 ut
2297 1190 2414 1261 ipsa
2452 1193 2664 1249 bonitas
2720 1196 3043 1259 irrationalis
3090 1185 3545 1277 deprehendatur.

1950 1272 2180 1330 Facilius
2226 1277 2446 1350 malum,
2494 1281 2580 1335 cui
2629 1284 2852 1342 rationis
2900 1288 3106 1363 aliquid
3153 1272 3405 1365 adfuerit,
3449 1318 3548 1373 pro

1947 1360 2090 1418 bono
2120 1363 2424 1437 habebitur,
2478 1385 2636 1440 quam
2665 1380 2723 1426 ut
2776 1360 3227 1439 bonum'ratione
3269 1360 3544 1445 desertum

1945 1466 2054 1507 non
2106 1468 2204 1524 pro
2260 1455 2401 1510 malo
2444 1456 2737 1524 judicetur.
2776 1463 2931 1536 Nego
2978 1468 3290 1527 rationalem
3328 1474 3544 1533 bonita-

1945 1546 2052 1594 tem
2083 1540 2168 1595 dei
2197 1543 2500 1612 Marcionis,
2524 1548 2636 1615 jam
2687 1551 2788 1607 hoc
2813 1552 3009 1622 primo,
3041 1558 3187 1629 quod
3219 1560 3272 1616 in
3303 1563 3540 1621 salutem

1942 1631 2266 1698 processerit
2321 1633 2558 1689 hominis
2610 1637 2791 1693 alieni.
2842 1641 2965 1697 Scio
3016 1644 3257 1706 dicturos
3293 1668 3307 1705 :
3340 1654 3541 1725 Atquin

1943 1717 2079 1773 hanc
2147 1735 2265 1776 esse
2330 1722 2678 1795 principalem
2745 1736 2800 1783 et
2864 1734 3151 1801 perfectam
3229 1717 3537 1811 bonitatem,

1944 1820 2066 1861 cum
2123 1806 2237 1863 sine
2292 1808 2400 1866 ullo
2457 1811 2640 1868 debito
2694 1814 3086 1887 familiaritatis,
3146 1824 3202 1879 in
3256 1806 3541 1887 extraneos

1942 1893 2248 1950 voluntaria
2303 1904 2354 1951 et
2422 1897 2591 1955 libera
2652 1901 2965 1977 effunditur,
3025 1913 3323 1969 secundum
3378 1933 3539 1987 quam
3588 1949 3591 1952 ι

1942 1982 2190 2041 inimicos
2235 2001 2454 2058 quoque
2504 1996 2741 2062 nostros,
2786 2003 2839 2050 et
2884 1997 2987 2053 hoc
3034 2001 3254 2057 nomine
3282 1982 3538 2074 jam—ex-

1943 2081 2176 2144 traneos,
2215 2072 2438 2145 diligere
2476 2075 2787 2146 jubeamur.
2832 2084 2965 2140 Cum
3011 2103 3142 2163 ergo
3189 2072 3296 2146 non
3348 2108 3383 2147 a
3430 2095 3542 2166 pri-

1943 2162 2151 2218 mordio
2192 2164 2465 2219 hominem
2513 2170 2766 2239 respexit,
2809 2189 2842 2227 a
2869 2162 3168 2244 primordio
3197 2162 3535 2255 extraneum,

1941 2252 2200 2308 cessando
2242 2255 2610 2325 praejudicavit
2639 2275 2762 2315 cum
2811 2270 3072 2323 extraneo
3096 2268 3229 2324 nihil
3261 2270 3363 2327 sibi
3393 2252 3533 2331 esse.

1945 2343 2231 2409 Caeterum,
2289 2342 2620 2415 disciplinam
2678 2350 2940 2424 diligendi
2995 2364 3308 2416 extraneum
3365 2362 3539 2422 273

1941 2431 2025 2490 vel
2074 2430 2370 2498 inimicum,
2422 2435 2710 2490 antecessit
2738 2449 3068 2514 praeceptum
3117 2445 3375 2519 diligendi
3414 2467 3540 2522 pro-

1943 2521 2150 2576 ximum
2193 2519 2308 2592 (7t)
2348 2528 2617 2594 tamquam
2664 2526 2918 2597 teipsum.
2971 2531 3130 2602 Quod
3167 2537 3269 2590 etsi
3307 2553 3373 2595 ex
3410 2519 3537 2612 lege

1942 2609 2226 2675 Creatoris,
2282 2618 2336 2665 et
2378 2618 2434 2665 tu
2484 2627 2697 2684 quoque
2734 2614 2867 2670 illud
2904 2620 3155 2691 excipere
3188 2625 3434 2697 debebis,
3469 2609 3538 2684 ut

1944 2713 1976 2753 a
2014 2697 2222 2753 Christo
2268 2714 2380 2755 non
2432 2700 2788 2771 destructum,
2821 2708 2921 2762 sed
2967 2709 3145 2780 potius
3183 2710 3561 2776 exstructumﬁ

1940 2788 2095 2853 Nam,
2147 2801 2254 2858 quo
2285 2788 2457 2859 magis
2491 2790 2799 2861 proximum
2835 2794 3044 2871 diligas,
3087 2800 3311 2873 diligere
3331 2807 3538 2874 juberis

1942 2876 2217 2932 inimicum
2255 2884 2308 2932 et
2357 2888 2692 2936 extraneum.
2756 2883 3118 2959 Exaggeratio
3188 2900 3270 2947 est
3340 2894 3535 2953 debitae

1942 2964 2217 3031 bonitatis,
2263 2966 2469 3022 exactio
2512 2968 2783 3026 indebitae.
2824 2974 3107 3032 Antecedit
3135 2990 3312 3035 autem
3351 2983 3536 3041 debita

1941 3052 2255 3118 indebitam,
2327 3062 2386 3109 ut
2457 3056 2786 3128 principalis,
2837 3068 2893 3115 ut
2936 3063 3157 3136 dignior
3212 3070 3537 3131 ministraret

1941 3141 2136 3197 comite
2163 3157 2281 3211 sua,
2322 3140 2378 3196 id
2417 3145 2501 3197 est
2536 3143 2790 3200 indebita.
2832 3148 2986 3205 Prior
3016 3152 3179 3223 igitur
3207 3171 3328 3212 cum
3358 3162 3536 3229 prima

1942 3229 2200 3287 bonitatis
2236 3231 2371 3286 ratio
2401 3232 2471 3285 sit
2506 3231 2563 3286 iu
2592 3247 2709 3287 rem
2764 3250 2919 3289 suam
2975 3239 3216 3295 exhiberi
3269 3260 3332 3300 ex
3383 3248 3539 3317 justi-

1938 3321 2033 3387 tia,
2065 3320 2297 3376 secunda
2346 3328 2531 3376 autem
2558 3321 2615 3376 iu
2649 3322 2901 3394 alienam,
2950 3343 3016 3383 ex
3053 3330 3404 3391 redundantia
3443 3340 3537 3409 ju-

1943 3408 2103 3466 stitim
2145 3424 2310 3480 super
2357 3409 2669 3464 Scribarum
2711 3411 2825 3483 (72)
2863 3421 2917 3469 et
2954 3416 3353 3477 Pharisaeorum
3381 3408 3537 3497 quale

1942 3507 2024 3554 est
2052 3499 2344 3553 secundam
2379 3496 2431 3552 ei
2459 3496 2717 3554 rationem
2746 3503 2960 3571 referri,
2996 3506 3085 3561 cui
3113 3507 3295 3566 deﬁcit
3323 3496 3536 3584 pruna?

1942 3603 2051 3643 non
2081 3586 2297 3642 habenti
2328 3586 2375 3623 ι²
2406 3585 2687 3658 pr0prium
2714 3588 3013 3660 hominem,
3042 3610 3106 3651 ac
3136 3613 3235 3668 per
3270 3600 3378 3657 hoc
3409 3620 3539 3675 quo-

1941 3693 2049 3751 que
2076 3677 2286 3749 exiguae
2317 3676 2409 3731 13?
2439 3676 2626 3745 Porro,
2666 3678 2862 3751 exigua
2914 3698 3036 3753 quae
3081 3702 3238 3742 suum
3292 3705 3401 3747 non
3437 3694 3537 3749 ha-

1943 3768 2080 3835 buit,
2110 3766 2384 3839 quomodo
2423 3765 2479 3820 in
2533 3760 2769 3825 alienum
2818 3771 3174 3833 redundavit?
3229 3779 3436 3839 Exhihe
3493 3784 3538 3823 14

1943 3854 2295 3929 principalem
2325 3854 2609 3925 rationem,
2652 3866 2705 3913 et
2761 3866 2888 3916 tunc
2940 3862 3151 3921 vindica
3200 3878 3535 3941 sequentem,

1942 3943 2103 4001 Nulla
2158 3958 2246 3998 res
2300 3941 2418 3999 sine
2467 3945 2657 4001 ordine
2716 3946 2993 4006 rationalis
3040 3959 3217 4023 potest
3268 3958 3538 4030 vindicari

1946 4041 2092 4091 tanto
2123 4033 2276 4087 abest
2302 4038 2361 4086 ut
2389 4031 2524 4088 ratio
2560 4032 2684 4106 ipsa.
2724 4036 2780 4091 in
2808 4036 2988 4110 aliquo
3015 4041 3260 4099 ordinem
3307 4049 3536 4106 amittat.

1942 4123 2023 4179 Sit
2055 4135 2199 4177 nunc
2228 4126 2282 4176 et
2321 4135 2355 4175 a
2382 4121 2621 4177 secundo
2659 4125 2833 4196 gradu
2859 4124 3123 4200 incipiens
3161 4134 3296 4190 ratio
3324 4137 3539 4194 bonita-

299 4289 568 4379 5’Aga‘tur.
602 4294 691 4351 Sic
738 4298 954 4354 Pamel.
998 4299 1022 4337 δ
1064 4300 1305 4379 _Sic__alii.
1344 4224 2164 4379 7Bonitat¥égfrige§zlgtge§.
2182 4296 2489 4379 Utilitatem.
2505 4298 2751 4379 Francia”?
2790 4303 2909 4379 ΨΩ·
2959 4307 3149 4379 9’3"!-
3199 4316 3373 4374 ίηδθν-
3422 4321 3537 4377 Ρα-

388 4364 854 4449 λοῄΗριιοι-ειῑωῃ-
880 4372 1278 4449 Operationibus
1316 4375 1438 4449 ejus
1484 4376 1762 4449 admisisse
1794 4374 2055 4449 Rhen:11
2100 4372 2310 4449 Debere
2346 4369 2535 4425 omitt.
2582 4370 2752 4427 Se-ml.
2791 4363 3014 4435 Obcrth.
3048 4363 3094 4419 1⁷³
3116 4363 3380 4445 Habentis
3422 4363 3538 4449 ὶίᾶ-

230 4435 355 4492 mel.
388 4435 436 4474 13
464 4435 673 4508 Exigua
701 4435 1106 4512 conjicCSeml.
1141 4441 1186 4482 14
1214 4444 1292 4501 Re
1320 4435 1450 4502 ddd.
1477 4448 1648 4504 Seml.
1680 4448 1938 4505 exhibere
1965 4445 2177 4502 Pamel.

1631 4545 2126 4610 Commentarios.

294 4612 414 4698 (66)
441 4615 1232 4698 iratummdeniqueﬁmatoris
1260 4624 1500 4698 elogium
1544 4642 1609 4681 τη
1656 4628 1830 4684 illum

226 4686 579 4766 rescribetur.
627 4686 876 4766 Elogiuin
921 4690 1314 4766 dicithomen,
1344 4686 1580 4766 iitulum;
1613 4704 1667 4752 et
1702 4714 1826 4755 res-

224 4757 433 4839 erigere
454 4795 478 4839 ,_
530 4758 675 4839 quod
718 4757 1006 4839 ‘sequenti
1037 4763 1194 4839 libro~
1229 4757 1372 4839 dicet
1428 4757 1820 4826 transcribere.

224 4845 247 4875 ι
290 4826 571 4912 et_si
602 4830 671 4883 ab
718 4826 937 4912 homine
991 4833 1047 4890 in
1094 4836 1366 4894 diabolum
1424 4840 1825 4912 transcripseris

214 4897 625 4972 maliglogium.
665 4920 692 4953 ι
726 4903 856 4959 RIG.

284 4968 605 5052 (67)”Homo
662 4972 983 5052 damnatur
1026 4978 1091 5052 in
1143 4985 1406 5052 mortem,
1438 4988 1538 5039 etc.
1597 4982 1826 5039 Pulchra

212 5041 428 5132 peccati
486 5042 796 5132 orgiualism
814 5046 1125 5119 descriptio,
1181 5041 1529 5132 quamquam.
1588 5053 1709 5132 ipse
1745 5055 1823 5132 _in

214 5111 413 5196 plurali
442 5111 684 5196 numero.
717 5111 1071 5196 efferath'et
1110 5111 1314 5196 exinde
1350 5111 1636 5195 prosiliunt
1690 5126 1827 5196 (sive

209 5182 532 5265 proficiunt,
562 5184 640 5239 uti
670 5185 869 5265 habent
910 5182 1085 5265 Yatic.
1118 5210 1165 5248 z.
1198 5195 1302 5251 Ms.
1333 5182 1480 5265 cod.)
1517 5196 1655 5251 dicta
1696 5182 1825 5253 \cum

212 5255 394 5338 pennis
418 5296 433 5319 ,
470 5276 497 5305 ι
542 5270 607 5338 eo
636 5258 783 5328 quod
810 5276 876 5316 ex
906 5260 1025 5331 ipso
1081 5267 1240 5338 etiam
1271 5266 1375 5322 alia
1413 5255 1579 5323 multa
1611 5278 1827 5338 peccata

208 5326 483 5411 oriantur.
545 5326 834 5411 Eleganter
886 5326 1065 5389 autem
1117 5335 1295 5411 dixit,
1362 5358 1385 5389 ι
1441 5338 1548 5411 Qui
1594 5326 1827 5411 paradisi

207 5395 423 5485 nullum
479 5395 742 5471 cespitem
772 5412 1017 5485 .norunt,
1071 5426 1097 5454 ιι
1156 5395 1395 5485 hoc'est
1442 5395 1534 5485 q‘ui
1590 5395 1828 5484 paradisi

208 5472 419 5547 lernam
442 5473 1002 5547 numquamingressi
1030 5485 1175 5532 sunt.
1222 5478 1364 5538 Plut.

276 5537 406 5615 (68)
433 5539 516 5599 Si.
535 5537 804 5613 subaudi,
828 5537 1108 5609 sustinuit.
1138 5548 1283 5609 Eoo.

410 5643 663 5706 Panos.
702 5648 768 5719 Π,

1861 4642 1907 4721 η
2012 4623 2124 4693 (69)
2183 4622 2226 4678 A
2290 4619 2532 4678 Cerdone
2587 4624 2647 4701 et
2716 4620 3008 4705 Marciane.
3074 4628 3366 4750 conjunhfii
3408 4632 3536 4712 _hos

1937 4695 2096 4750 duos.
2127 4707 2192 4748 eo
2220 4694 2367 4750 ouod
2407 4692 2669 4749 Cerdonis
2714 4693 3008 4750 discmulus
3054 4697 3213 4750 fuerit
3312 4717 3531 4750 armon-

1976 4712 2009 4750 ll

2013 4691 2192 4761 08,60
2220 4694 2367 4764 quod
2407 4691 2669 4749 Cerdonis
2714 4693 3008 4765 discipulus
3054 4691 3213 4757 fuerit

1932 4769 2072 4823 PAM.

2005 4834 2121 4919 (70)
2139 4835 2328 4919 Aliam
2354 4836 2449 4919 illi
2468 4836 2718 4919 regulam
2738 4840 3060 4919 praetende,
3073 4841 3203 4919 Alio
3216 4854 3537 4919 argumento

1933 4908 1989 4964 in
2010 4909 2199 4985 _i_ps_arn
2212 4913 2355 4985 utor,
2390 4914 2455 4985 et_
2465 4907 2709 4985 regulam
2729 4907 2967 4967 veritatis
2986 4914 3064 4968 illi
3086 4907 3318 4985 explico.
3342 4919 3415 4977 Le
3435 4920 3532 4978 Pn.

2004 4980 2121 5064 ('ll)
2164 4978 2483 5064 Antecessit
2510 4978 3176 5064 praecep.t‘z_tm_.dilig_end:i
3221 5008 3387 5064 prox.
3430 5000 3534 5051 etc.

1933 5049 2083 5109 Istud
2104 5049 2307 5121 partim
2353 5049 2585 5104 desumit
2615 5049 2817 5108 ex_illo
2860 5054 2978 5111 loco
3010 5049 3234 5114 'Matth.'
3265 5080 3302 5119 v
3335 5083 3349 5119 :
3389 5049 3535 5121 «Αιῄ

1934 5123 2059 5178 disti
2089 5123 2214 5195 quia
2261 5120 2469 5204 dictum,
2512 5127 2593 5175 est
2639 5122 2927 5204 antiquis:_
2974 5128 3177 5204 Diliges
3228 5120 3538 5204 proximum

1934 5193 2394 5279 tunm_,'»‘p'ar‘tim
2423 5193 2739 5279 e_t‘pr0p'rie
2774 5193 2847 5251 ex
2905 5193 3242 5272 Levitfxrx,
3266 5207 3336 5261 ad
3390 5212 3538 5279 quod

1935 5268 2011 5322 ibi
2044 5265 2316 5323 alludebat
2337 5264 2602 5320 Christus.
2631 5264 2785 5323 'PAII.

2004 5339 2121 5409 (72)
2151 5340 2237 5393 Ea:
2284 5337 2679 5419 redundantia
2702 5340 2957 5410 justitiw
2980 5361 3155 5419 super
3190 5350 3536 5407 Scribarum.

1938 5412 2121 5490 δωρον
2147 5423 2248 5490 _pro
2272 5411 2407 5490 plus
2437 5425 2608 5490 quam
2630 5410 2715 5490 hic
2745 5416 2993 5490 usurpari
3038 5410 3219 5490 video,
3244 5421 3387 5490 quod
3418 5421 3539 5473 fecit

1940 5480 2241 5562 Suetonius.
2269 5480 2325 5535 in
2366 5480 2603 5562 August.
2644 5480 2901 5562 Quamvis
2928 5485 2981 5562 i_d
3009 5489 3145 5546 adeo
3174 5480 3393 5562 elegans
3431 5505 3537 5547 non

1937 5552 2026 5625 sit,
2047 5562 2130 5611 est
2157 5551 2299 5609 enim
2328 5551 2574 5609 novitatis
2598 5567 2790 5627 genus.
2822 5555 2899 5612 LE
2929 5557 3022 5617 Pn.

3312 4702 3494 4760 arcion
3520 4747 3535 4772 ,

3298 5669 3364 5728 10
