4032 6152
446 363 549 419 299

1158 344 1595 404 TERTULLIANI
1635 343 1902 405 OPERUM
1942 344 2109 405 PARS
2148 342 2211 402 ll.
2255 374 2324 386 —
2363 341 2589 403 SERIES
2631 343 2669 409 Ι,
2713 340 3059 401 POLEMICA.

3636 339 3747 397 30-1)

446 486 534 555 tis,
576 484 627 537 in
656 486 970 536 extraneum
1010 472 1232 534 scilicet,
1264 486 1360 525 nec
1406 471 1673 526 secundus
1725 472 1796 525 illi
1846 471 2045 543 gradus
2080 484 2124 563 Α
2157 484 2276 541 nor,
2307 477 2361 524 et
2391 466 2655 539 perfectus
2680 467 2731 519 in
2762 464 3038 521 omnibus:
3070 465 3244 520 Erilis
3284 466 3435 520 enim
3484 467 3747 535 perfecti,

450 574 652 629 ratione
698 566 983 633 constabit,
1015 562 1118 615 alio
1150 560 1309 614 modo
1355 562 1680 616 destructus.
1726 562 1875 615 Tunc
1904 560 2044 615 enim

451 659 723 717 rationalis
771 654 1054 709 habebitur
1096 649 1181 703 vel
1224 649 1454 704 secunda
1492 650 1544 702 in
1585 658 1889 706 extraneum
1945 649 2049 703 bo-

453 754 607 811 nitas,
653 746 698 800 si
731 745 843 796 sine
891 738 1083 808 injuria
1130 737 1249 805 ejus
1296 744 1569 805 Operetur,
1604 738 1755 803 cujus
1813 746 1895 791 est
1938 753 2047 799 res,

452 846 841 911 quamcumque
870 827 1182 893 bonitatem,
1211 824 1423 892 justitia
1464 824 1638 894 prima
1683 825 1844 879 efﬁcit
1886 826 2050 881 ratio-

455 928 650 987 nalem,
685 922 761 975 sic
816 929 868 973 et
934 917 986 970 in
1044 913 1323 985 principali
1368 914 1541 982 gradu
1593 914 1867 968 rationalis
1920 913 2045 978 erit,

456 1032 575 1070 cum
600 1015 650 1066 in
684 1024 797 1063 rem
826 1021 977 1061 suam
1010 1002 1314 1065 exhibetur,
1365 1004 1408 1055 si
1436 1004 1578 1070 justa
1626 1003 1714 1056 sit.
1765 1003 1855 1057 Sic
1901 1010 1954 1056 et
1995 1001 2051 1055 in

459 1112 767 1158 extraneum
816 1091 1084 1150 rationalis
1144 1090 1307 1147 videri
1348 1090 1560 1161 poterit,
1595 1091 1640 1144 si
1688 1105 1793 1144 non
1846 1090 1915 1145 sit
1967 1089 2056 1141 in-

457 1195 620 1261 justa.
656 1189 943 1247 Czeterum,
978 1179 1148 1251 qualis
1201 1179 1434 1245 bonitas,
1483 1195 1602 1247 quae
1650 1196 1745 1249 per
1797 1176 2058 1247 injuriam

463 1288 688 1341 constat,
737 1284 787 1328 et
841 1271 1055 1344 quidem
1102 1283 1200 1340 pro
1251 1269 1553 1322 extraneo?
1613 1268 1862 1322 Fortasse
1919 1268 2058 1321 enim

467 1387 562 1442 pro
617 1352 904 1422 dOmcstico
959 1360 1294 1429 aliquatenus
1345 1357 1620 1413 rationalis
1680 1358 1933 1413 habeatur
1960 1357 2061 1412 b0-

466 1460 607 1514 nitas
650 1452 945 1522 injuriosa;
995 1460 1093 1517 pro
1123 1454 1377 1500 extraneo
1424 1461 1571 1511 vero,
1623 1446 1708 1500 cui
1760 1463 1855 1502 nec
1900 1447 2066 1515 proba

465 1546 703 1619 legitime
733 1542 1035 1603 deberetur,
1087 1551 1196 1606 qua
1244 1534 1448 1589 ratione
1503 1542 1611 1587 tam
1660 1536 1854 1603 injusta
1904 1534 2064 1588 ratio-

468 1635 607 1693 nalis
667 1625 1030 1686 defendetur?
1090 1622 1232 1693 Quid
1288 1621 1431 1676 cnim
1491 1621 1765 1690 injustius,
1789 1621 1915 1691 quid
1956 1622 2061 1675 ini-

472 1725 635 1797 quius
691 1728 742 1775 ct
801 1714 1119 1786 improbius,
1177 1726 1335 1779 quam
1390 1709 1461 1763 ita
1512 1710 1690 1763 alieno
1749 1709 2064 1766 benefacere

473 1827 652 1878 servo,
705 1816 763 1863 ut
808 1803 1025 1859 domino
1068 1799 1346 1869 eripiatur,
1394 1809 1450 1852 ut
1504 1799 1592 1853 alii
1639 1798 1954 1864 vindicetur,
2007 1807 2067 1855 ut

478 1903 730 1957 adversus
772 1899 929 1962 caput
960 1886 1160 1943 domini
1205 1887 1539 1955 subornctur,
1575 1896 1625 1943 et
1671 1888 1907 1960 quidem,
1958 1904 2066 1961 quo

476 1985 773 2057 indignius,
805 1983 856 2035 in
910 1979 1028 2050 ipsa
1070 1973 1253 2031 adhuc
1301 1975 1464 2031 domo
1512 1977 1736 2044 domini,
1774 1978 1842 2033 de
1891 1976 2069 2048 ipsius

479 2078 652 2132 adhuc
688 2067 895 2126 horreis
936 2067 1142 2134 vivens,
1180 2066 1278 2119 sub
1309 2064 1481 2135 ipsius
1525 2066 1702 2121 adhuc
1746 2066 1923 2140 plagis
1963 2076 2072 2121 tre-

481 2164 671 2221 mens?
744 2157 889 2213 Talis
944 2163 1179 2209 assertor
1235 2154 1393 2210 etiam
1449 2155 1791 2211 damnaretur
1847 2157 1900 2210 in
1971 2172 2072 2211 sre-

482 2249 760 2321 culo('73),
794 2245 994 2300 nedum
1043 2241 1305 2315 plagiator
1359 2242 1493 2314 (74).
1553 2245 1674 2299 Non
1732 2245 1885 2300 aliter
1939 2245 2076 2301 deus

484 2338 772 2399 Marcionis
800 2335 1113 2401 inrumpens
1152 2331 1206 2386 in
1246 2330 1480 2386 alienum
1521 2334 1797 2401 mundum,
1841 2333 2077 2405 eripiens

485 2434 601 2488 Deo
631 2426 921 2489 hominem,
954 2420 1092 2491 patri
1122 2418 1309 2485 filium,
1343 2420 1617 2477 educatori
1648 2421 1942 2489 alumnum,
1976 2424 2077 2478 (ιο-

486 2521 635 2578 mino
665 2512 957 2580 famulum;
988 2517 1045 2563 ut
1081 2523 1203 2564 eum
1235 2508 1433 2563 efficiat
1478 2511 1592 2565 Deo
1624 2511 1869 2582 impium,
1908 2509 2077 2567 274

489 2611 627 2686 patri
699 2604 1084 2676 irreligiosum,
1161 2599 1433 2655 educatori
1490 2600 1777 2672 ingratum,
1860 2602 2078 2656 domino

490 2714 745 2773 nequam.
792 2693 902 2749 Oro
952 2701 1023 2762 te,
1072 2688 1119 2744 si
1164 2686 1433 2742 rationalis
1479 2688 1687 2743 bonitas
1735 2689 1896 2743 talem
1939 2690 2077 2759 facit,

493 2792 709 2862 qualem
752 2784 947 2839 faceret
998 2776 1365 2834 inrationalis?
1407 2777 1528 2832 Non
1583 2778 1628 2813 ts
1675 2786 1857 2847 putem
1902 2778 2080 2849 impu_

493 2880 812 2939 dentiorcm,
844 2886 1003 2943 quam
1049 2869 1137 2941 qui
1187 2868 1241 2922 in
1290 2867 1462 2921 aliena
1506 2882 1647 2938 aqua
1692 2867 1779 2921 alii
1822 2868 1922 2924 dco
1973 2870 2082 2922 tin-

495 2969 693 3041 guitur,
728 2963 793 3016 ad
824 2960 1052 3013 alienum
1103 2956 1292 3011 cmlum
1325 2954 1410 3009 alii
1456 2955 1557 3011 deo
1604 2956 1922 3027 expanditur
1956 2959 2084 3028 (75),

2160 555 2627 631 quemadmodum
2652 557 2821 609 Pater
2841 555 3129 623 vesterqui
3157 555 3219 607 in
3250 553 3404 607 curtis
3429 551 3749 623 estittatth.

2160 663 2214 714 ν,
2272 648 2384 719 48).
2432 644 2634 700 Exltibe
2676 642 2966 714 perfectam
3015 658 3234 713 quoque
3282 642 3577 697 bonitatem
3608 644 3750 710 ejus.

2162 735 2268 790 Etsi
2313 736 2379 789 de
2411 731 2723 803 imperfecta
2764 731 2898 785 satis
2943 739 3169 795 constat,
3218 748 3337 803 quae
3370 746 3545 801 neque
3586 737 3750 784 natu-

2163 826 2288 878 ralis
2327 822 2599 877 invenitur
2645 837 2815 891 neque
2848 820 3140 886 rationalis,
3200 836 3343 876 nunc
3384 826 3437 875 et
3495 820 3599 875 alio
3655 835 3756 874 or-

2162 915 2284 969 dine
2314 914 2638 976 traducetur,
2674 928 2768 967 nec
2813 913 2925 981 jam
2968 910 3303 981 imperfecta,
3346 910 3451 965 imo
3502 919 3554 965 et
3603 908 3756 964 defe-

2166 1012 2269 1069 cta,
2322 1004 2527 1074 exigua
2558 1009 2609 1057 et
2666 1001 2940 1065 exhausta,
3002 1000 3173 1055 minor
3228 1014 3454 1054 numero
3509 999 3758 1055 materia—

2170 1107 2284 1145 rum
2316 1105 2556 1153 suarum,
2592 1102 2714 1159 qua:
2752 1086 2806 1140 in
2837 1087 3088 1142 omnibus
3118 1088 3423 1143 exhibetur.
3463 1089 3584 1143 Non
3614 1086 3756 1141 enim

2169 1194 2355 1235 omnes
2387 1177 2520 1233 salvi
2566 1176 2717 1246 ﬁunt,
2765 1176 2856 1230 sed
2891 1174 3171 1246 pauciores
3202 1174 3452 1229 omnibus
3481 1184 3534 1229 et
3559 1174 3762 1229 Iudaeis

2172 1277 2226 1323 et
2257 1264 2574 1322 Christianis
2616 1265 2894 1320 creatoris.
2928 1264 3174 1319 Pluribus
3219 1280 3345 1319 vero
3379 1264 3725 1334 pereuntibus
3746 1307 3761 1332 ,

2174 1356 2445 1430 quomodo
2504 1354 2745 1422 perfecta
2796 1353 3100 1408 defenditur
3161 1354 3373 1408 bonitas
3436 1370 3500 1407 ex
3553 1355 3763 1421 majore

2177 1452 2325 1515 parte
2364 1444 2658 1501 cessatrix?
2705 1442 2892 1512 paucis
2944 1441 3142 1513 aliqua,
3194 1442 3430 1512 pluribus
3465 1442 3626 1511 nulla,
3677 1457 3766 1497 ce-

2177 1536 2315 1589 dens
2351 1531 2657 1604 perditioni,
2708 1530 2961 1602 partiaria
3017 1529 3210 1585 exitii?
3267 1530 3424 1599 Quod
3481 1531 3525 1585 si
3585 1532 3764 1601 plures

2178 1622 2313 1679 salvi
2352 1636 2459 1678 non
2497 1628 2672 1685 erunt,
2706 1619 2805 1674 erit
2842 1619 2949 1687 jam
2984 1635 3091 1674 non
3150 1617 3377 1685 bonitas,
3426 1620 3519 1675 sed
3567 1618 3766 1673 malitia

2175 1710 2482 1783 perfectior.
2533 1709 2684 1765 Sicut
2734 1707 2877 1763 enim
2922 1707 3171 1763 bonitatis
3212 1708 3453 1779 operatio
3508 1717 3606 1773 est,
3646 1722 3765 1778 quae

2176 1800 2301 1857 facit
2347 1801 2544 1869 salvos,
2576 1797 2649 1854 ita
2678 1798 3040 1870 malignitatis,
3073 1814 3193 1869 quae
3244 1814 3351 1854 non
3401 1797 3525 1852 facit
3570 1795 3769 1853 salvos.

2173 1890 2344 1963 Magis
2372 1896 2548 1945 autem
2598 1903 2705 1944 non
2744 1887 2947 1943 faciens
2977 1888 3155 1942 salvos
3200 1887 3326 1942 dum
3368 1901 3568 1959 paucos
3624 1885 3767 1953 facit,

2175 1976 2463 2051 perfectior
2508 1977 2626 2044 erit,
2674 1990 2781 2031 non
2814 1977 3098 2045 juvando,
3139 1992 3300 2049 quam
3334 1977 3587 2047 juvando.
3644 1974 3769 2030 Non

2179 2069 2379 2139 poteris
2424 2075 2479 2122 et
2523 2066 2578 2120 in
2618 2066 2924 2121 Creatorem
2966 2066 3164 2121 referre
3202 2067 3514 2132 bonitatem,
3555 2065 3607 2120 in
3646 2080 3768 2120 om-

2179 2173 2276 2213 nes
2306 2154 2678 2213 defectionem.
2712 2156 2883 2225 Quem
2913 2154 3054 2210 enim
3091 2155 3325 2225 judicem
3359 2166 3526 2221 tenes,
3561 2153 3773 2223 dispen-

2181 2256 2412 2302 satorem
2469 2243 2515 2300 si
2572 2243 2709 2300 forte
2752 2242 3006 2299 bonitatis
3050 2242 3290 2300 ostendis
3342 2242 3766 2317 intelligendum,

2185 2351 2293 2390 non
2334 2332 2678 2404 profusorem
2728 2332 2872 2406 quod
2915 2334 3016 2388 deo
3060 2334 3103 2371 17
3152 2342 3242 2389 tuo
3282 2332 3538 2390 vindicas.
3589 2333 3774 2403 Usque

2184 2424 2317 2478 adeo
2344 2423 2443 2477 hac
2471 2421 2588 2477 sola
2616 2437 2737 2477 eum
2770 2420 2991 2492 praefers
3020 2422 3257 2478 bonitate
3299 2421 3569 2493 Creatori;
3612 2436 3775 2492 quam

2188 2512 2231 2566 si
2262 2510 2429 2566 solam
2465 2510 2749 2580 profitetur
2780 2518 2831 2565 et
2860 2518 3045 2575 totam,
3081 2511 3210 2565 nulli
3253 2510 3445 2567 deesse
3490 2510 3767 2565 debuerat.

2187 2599 2292 2656 Sed
2323 2600 2448 2655 nolo
2474 2600 2586 2669 jam
2617 2599 2684 2653 de
2725 2609 2873 2670 parte
2926 2601 3131 2669 majore
3176 2602 3532 2671 pereuntium,
3583 2600 3776 2669 imper-

2191 2690 2389 2747 fectum
2449 2689 2705 2745 bonitatis
2759 2705 2983 2761 arguere
3012 2690 3168 2746 deum
3226 2689 3539 2744 Marcionis:
3575 2686 3777 2744 sufﬁcit

2190 2780 2356 2852 ipsos,
2387 2793 2524 2851 quos
2551 2777 2731 2835 salvos
2759 2775 2904 2842 facit,
2930 2777 3261 2849 imperfectae
3291 2778 3480 2833 salutis
3510 2779 3779 2847 inventos,

2195 2868 2557 2939 imperfectam
2645 2867 2932 2923 bonitatem
2984 2869 3104 2937 ejus
3177 2869 3524 2924 ostendere:
3586 2866 3787 2923 scilicet

2199 2958 2377 3014 anima
2406 2964 2561 3012 tenus
2580 2958 2774 3021 salvos,
2807 2973 2964 3012 carne
2992 2957 3298 3028 deperditos
3330 2960 3467 3028 ('78),
3495 2973 3612 3028 quae
3643 2955 3784 3026 apud

494 3058 548 3111 in
597 3054 771 3107 aliena
821 3059 960 3103 terra
1006 3046 1093 3100 alii
1144 3045 1246 3099 deo
1292 3045 1545 3099 sternitur
1574 3045 1711 3115 (76),
1744 3062 1906 3116 super
1964 3048 2088 3103 alie-
2122 3051 2163 3128 ε
2195 3049 2341 3103 illum
2382 3062 2491 3102 non
2533 3045 2782 3120 resurgit.
2813 3046 2965 3102 Unde
2997 3046 3112 3103 lucc
3151 3045 3447 3101 dimidiatio
3489 3044 3657 3101 275
3699 3060 3790 3098 sa-

497 3159 628 3198 num
676 3154 865 3212 panem
914 3135 997 3189 alii
1044 3134 1146 3188 deo
1193 3132 1483 3203 gratiarum
1542 3133 1842 3190 actionibus
1898 3135 2087 3207 fungi-

503 3242 585 3289 tur
614 3230 749 3301 (77),
808 3226 875 3279 de
922 3222 1106 3277 alienis
1159 3221 1313 3275 bonis
1361 3221 1430 3275 ob
1469 3220 1633 3275 alium
1683 3222 1843 3278 deum
1873 3225 2088 3279 nomine

498 3324 854 3390 eleemosyna:
896 3326 947 3369 et
987 3311 1285 3368 dilectionis
1329 3319 1606 3382 Operatur.
1650 3311 1780 3380 Quis
1823 3312 1918 3367 iste
1958 3314 2089 3367 deus

502 3422 611 3469 tam
640 3412 834 3472 bonus,
867 3405 1106 3459 uthomo
1137 3401 1204 3453 ab
1234 3400 1323 3454 illo
1367 3400 1540 3453 malus
1576 3397 1708 3453 fiat?
1752 3408 1857 3454 tam
1902 3402 2089 3473 propi-

502 3507 627 3565 tius,
707 3504 767 3551 ut
842 3493 1006 3547 a‘ium
1065 3487 1141 3542 illi
1198 3487 1377 3554 deum,
1437 3496 1490 3541 et
1545 3487 1821 3542 dominum
1877 3490 2092 3561 quidem

501 3591 672 3662 ipsius
710 3587 756 3625 15
788 3583 943 3639 faciat
975 3579 1208 3635 iratum?

1051 3665 1277 3721 CAPUT
1349 3662 1549 3723 XXIV.

577 3766 681 3820 Sed
714 3764 880 3823 Deus,
920 3758 1057 3813 sicut
1108 3764 1341 3810 aeternus
1389 3765 1443 3810 et
1494 3755 1783 3822 rationalis,
1847 3755 1919 3812 ita
1983 3759 2101 3830 Opi-

2196 3138 2345 3202 lutis,
2400 3135 2505 3190 nisi
2570 3152 2633 3191 ex
2703 3135 3002 3191 defectione
3071 3136 3372 3190 bonitatis?
3452 3133 3593 3202 Quid
3648 3134 3791 3188 enim

2199 3234 2304 3281 tam
2341 3227 2385 3263 ³8
2424 3226 2672 3296 perfecta}
2724 3224 2996 3290 bonitatis,
3054 3240 3211 3293 quam
3271 3230 3441 3279 totum
3518 3224 3793 3278 hominem

2200 3316 2445 3386 redigere
2476 3313 2530 3367 in
2574 3314 2821 3377 salutem,
2873 3320 3043 3367 totum
3090 3312 3399 3367 damnatum
3445 3328 3474 3366 a
3519 3311 3790 3376 Creatore,

2201 3412 2369 3459 totum
2417 3419 2444 3456 a
2489 3404 2603 3457 Deo
2650 3404 2855 3473 optimo
2912 3400 3204 3457 allectum?
3257 3400 3408 3469 Quod
3458 3401 3621 3456 sciam
3648 3401 3715 3465 19,
3745 3408 3797 3455 et

2202 3507 2326 3548 caro
2356 3492 2617 3565 tinguitur
2661 3492 2803 3563 apud
2840 3491 2987 3545 illum
3040 3492 3171 3561 (‘79),
3226 3499 3276 3545 ct
3325 3507 3447 3546 caro
3486 3492 3553 3546 de
3599 3488 3800 3559 nuptiis

2208 3582 2429 3648 tollitur,
2462 3588 2514 3637 et
2560 3596 2684 3636 caro
2730 3581 2785 3635 in
2833 3581 3175 3636 confessione
3215 3581 3447 3637 nominis
3494 3579 3799 3637 desaevitur.

2205 3671 2309 3726 Sed
2340 3679 2392 3724 et
2421 3669 2465 3723 si
2508 3669 2658 3724 carni
2695 3668 2896 3724 delicta
2934 3677 3269 3739 reputantur,
3316 3669 3571 3740 praecedit
3607 3668 3803 3724 animae

2208 3767 2406 3827 reatus,
2430 3768 2484 3815 et
2512 3758 2687 3831 culpae
2720 3758 3050 3831 principatus
3071 3758 3264 3815 anima
3294 3760 3471 3831 potius
3488 3756 3807 3813 adscriben-

580 3935 625 3973 15
652 3926 997 4001 Irrationalis.
1039 3926 1125 4001 An
1155 3925 1335 4001 Paris.
1368 3932 1422 4001 at
1462 3924 1635 4001 Rhen.
1672 3846 2624 4001 Οὺενιὴγῗξιὶῗρεὲἓξῗὲἓῗῖἓθηίι.
2671 3928 2887 3986 Oberth.
2950 3926 2993 4001 17"
3041 3931 3156 3986 Deo
3185 3932 3336 3987 abest
3365 3929 3535 3987 Seml.
3580 3927 3626 3966 ιθ
3650 3926 3812 4001 Quid

507 4018 620 4065 erat
658 4004 906 4075 perfectae
956 3999 1127 4055 Semt.
1192 3996 1411 4053 Oberth.
1443 3997 1573 4069 quid
1620 3997 1762 4054 enim
1810 4007 1919 4054 tam
1985 3996 2233 4072 perfecta
2281 4000 2554 4058 cbaritatis
2600 4002 2789 4058 Latin.
2843 4002 2890 4040 19
2943 4000 3101 4070 Quod
3156 4004 3201 4058 si
3261 4004 3370 4073 jam
3427 4004 3585 4058 Pam.
3631 3996 3810 4058 Séml.

514 4077 735 4138 Oberth.

1900 4140 2394 4209 Commentarius.

583 4229 695 4303 ('73)
731 4223 875 4280 Talis
897 4224 1146 4303 assertor
1168 4220 1759 4303 etiamnamnaret-ur
1775 4223 1849 4303 in
1881 4226 2108 4283 saeculo.

513 4292 769 4359 Asser'tor
798 4305 879 4350 est
909 4293 1104 4348 vindex
1135 4293 1321 4347 aliena:
1354 4292 1639 4347 libertatis.
1670 4294 1743 4347 LE
1772 4295 1868 4350 Pa.

589 4372 704 4444 (74)
754 4368 972 4444 gedum
995 4364 1296 4444 plagiator.
1328 4362 1565 4435 Opponit
1632 4365 1978 4444 plagiatorem
2024 4383 2114 4423 as-

519 4436 1364 4515 sertori.l4;_sta_u_tem.plagium,
1414 4452 1445 4490 a
1492 4450 1614 4515 quo
1646 4436 1925 4515 plagiator,
1977 4454 2111 4512 sup-

518 4513 726 4588 pressio
756 4508 1170 4588 liberihorninis
1227 4508 1534 4588 aut‘servi,
1572 4508 1874 4588 siveq’uod
1899 4508 2116 4588 auctore

521 4577 709 4655 Suida,
749 4581 839 4655 ﬁat
875 4577 1091 4655 πλαγίῳς
1136 4594 1234 4655 seu
1273 4579 1448 4640 δολίως
1493 4580 1608 4633 sive
1650 4586 1707 4633 ut
1731 4577 1824 4633 ‘ait
1854 4581 2114 4650 Isidorus,

523 4659 621 4712 ἀπὸ
658 4649 739 4709 τὸὖ
770 4651 999 4723 πλαγίου.
1032 4649 1105 4703 LE
1136 4650 1234 4723 PRV.

570 4731 709 4798 »(75)
742 4724 821 4781 Ad
848 4719 1103 4798 alienqu
1117 4722 1321 4798 emtum
1351 4720 1457 4798 atii
1484 4719 1581 4798 deo
1612 4725 1979 4798 expandz'tur,
2010 4735 2114 4781 etc.

524 4792 1000 4871 Ergo'precantes
1030 4792 1315 4846 Christiani
1347 4792 1413 4845 ad
1450 4793 1644 4847 cmlum
1682 4792 1909 4851 brachia
1936 4807 2122 4853 exten-

527 4868 744 4927 debaut.
778 4868 959 4920 RHEN.

602 4941 705 5009 (76)
748 4938 856 4992 Alii
904 4939 1008 4991 Deo
1056 4936 1361 4991 sternitur.
1416 4934 1529 4993 Hoc
1572 4938 1941 5008 pmnitentium
1987 4948 2123 4995 erat.

532 5014 718 5067 Busa.

606 5085 719 5151 (77)
755 5082 931 5154 Super
970 5078 1624 5154 (tlienuniprmeuialii
1670 5080 1768 5137 deo
1805 5084 2125 5151 gratiarum

535 5151 849 5211 actionibus
904 5151 1194 5223 fungitur.
1230 5152 1287 5205 lu
1342 5153 1590 5207 eumdem
1654 5168 1866 5205 sensum
1922 5156 2129 5209 dixerat

547 5230 784 5282 lrenteus
819 5242 831 5279 :
871 5222 1217 5291 «Quomodo
1274 5236 1452 5276 autent
1506 5223 1772 5277 constabit
1838 5224 1939 5287 eis,
2006 5241 2126 5279 cum

539 5313 727 5375 panem
758 5297 808 5350 in
837 5311 944 5369 quo
969 5293 1166 5375 gratiae
1203 5301 1511 5374 actaesunt,
1543 5308 1745 5375 corpus
1783 5310 1905 5349 esse
1942 5295 2129 5375 I_)omi-

538 5364 596 5428 ni
634 5368 739 5438 sui,
795 5364 871 5424 et'
901 5364 1123 5438 calicem
1173 5364 1466 5438 sanguinis
1506 5364 1643 5433 ejus,
1678 5365 1742 5438 si
1800 5367 2127 5438 nonﬂipsum

538 5433 875 5501 fabricatoris
931 5436 1114 5491 mundi
1172 5433 1359 5489 Filium
1417 5434 1614 5501 dicant,
1675 5434 1729 5491 id
1758 5444 1857 5500 est,
1894 5433 2127 5496 Verbum

538 5510 703 5585 ejus?
738 5532 763 5565 »
786 5512 995 5585 Bia.—
1017 5508 1194 5579 Super
1212 5506 1465 5585 alienum
1480 5522 1716 5585 partem,
1742 5508 1848 5567 alii
1875 5509 1994 5579 deo,
2019 5518 2124 5570 etc.

533 5577 690 5645 Istud
736 5582 803 5641 ad
849 5577 1666 5667 sacramentumEucharistiae,
1704 5581 1757 5667 in
1786 5597 1895 5667 quo
1937 5577 2128 5656 panem

542 5671 654 5719 non
697 5668 991 5727 remanere,
1022 5650 1117 5710 sed
1146 5650 1337 5709 mutari
1384 5650 1439 5711 in
1474 5650 1673 5728 corpus
1703 5650 1899 5714 Christi
1926 5650 2128 5715 certum

2225 4237 2329 4282 est.
2363 4227 2504 4281 Pw.

2295 4296 2408 4366 (’78)
2425 4298 2650 4354 Scilicet
2670 4298 2865 4355 animo
2890 4301 3056 4355 tenus
3076 4295 3274 4364 salvos,
3290 4312 3463 4355 carne
3474 4292 3821 4368 deperditus,

2223 4378 2323 4427 etc.
2362 4369 2473 4424 Hoc
2502 4370 2740 4441 estquod
2765 4385 2926 4440 supra
2956 4368 3088 4423 dixit
3116 4378 3319 4441 auctor,
3352 4368 3446 4425 lib.
3479 4368 3545 4441 de
3574 4370 3825 4424 Prcescr.

2225 4441 2349 4497 adv.
2390 4438 2689 4510 hwret.,'c.
2722 4438 2882 4495 51:}
2913 4439 3382 4496 Besurrectionem
3436 4438 3627 4494 animae
3694 4446 3830 4493 tan-

2226 4513 2500 4585 tummodo
2539 4515 2751 4585 probat,
2801 4512 3267 4585 corporis_negat.
3325 4532 3347 4563 «
3400 4512 3601 4567 Contra
3655 4526 3837 4585 quam

2225 4584 2454 4639 haeresin
2484 4582 2588 4639 late
2627 4584 2869 4654 diSputat
2901 4583 2995 4637 lib.
3039 4583 3105 4639 de
3142 4586 3373 4639 Resurr.
3420 4585 3631 4637 carnis.
3669 4582 3836 4654 Sicut

2224 4662 2401 4710 autem
2430 4656 2516 4711 hic
2544 4651 2758 4725 legitur,
2802 4654 3119 4710 dimidiatio
3148 4655 3374 4721 salutis,
3406 4655 3485 4709 sic
3532 4667 3707 4725 supra
3728 4651 3838 4725 lib.

2234 4727 2298 4782 de
2334 4742 2504 4781 carne
2538 4722 2765 4788 Christi,
2793 4740 2843 4780 c.
2877 4728 2901 4778 1
2939 4742 2954 4779 :
2994 4725 3137 4793 Quid
3165 4726 3451 4782 Christum
3510 4723 3784 4779 dimidias
3810 4722 3840 4775 ἴ)

2234 4796 2428 4921 ἓοάθηι
2472 4795 2704 4868 pertinet
2757 4796 2887 4851 illud
2939 4795 3101 4862 infra,
3163 4813 3234 4855 ea:
3284 4800 3453 4871 parte
3507 4811 3838 4866 resurgere.

2278 4882 2374 4921 AM.

2278 4882 2374 4922 AM.

2305 4940 2416 5008 (79)
2465 4942 2534 4995 Et
2572 4956 2701 5012 caro
2738 4940 3035 5012 tinguitur
3070 4941 3220 5012 apud
3248 4940 3556 5012 illum.Sic
3587 4937 3843 5008 legimus

2234 5026 2385 5066 more
2438 5010 2833 5084 Tertullianico,
2892 5028 2987 5081 pro
3037 5010 3297 5084 tiugitur,
3345 5011 3589 5084 similiter
3642 5018 3843 5063 autem

2235 5098 2395 5151 supra
2446 5083 2537 5137 lib.
2585 5082 2650 5137 de
2710 5085 2930 5139 Resurr.
2993 5082 3203 5147 carnis,
3237 5100 3284 5138 c.
3321 5086 3381 5138 8:
3421 5103 3443 5133 α
3478 5082 3581 5138 Sed
3618 5090 3674 5135 et
3701 5095 3845 5135 caro

2237 5153 2490 5227 abluitur,
2549 5165 2649 5210 etc.
2707 5155 2998 5227 Yirginitas
3043 5170 3256 5227 quoque
3302 5164 3356 5208 et
3411 5153 3659 5219 viduitas,
3722 5161 3844 5227 etc.

2232 5227 2308 5281 De
2364 5226 2522 5282 bonis
2577 5226 2753 5281 carnis
2808 5228 2921 5282 Deo
2964 5224 3275 5292 adolentur;
3312 5246 3335 5275 ι
3393 5227 3496 5281 hoc
3550 5230 3631 5281 est
3686 5224 3849 5279 enim

2235 5296 2379 5369 quod
2408 5298 2495 5355 hic
2520 5297 2684 5353 addit.
2727 5317 2749 5350 ι
2776 5298 2839 5355 Et
2879 5314 3002 5355 caro
3033 5298 3100 5354 de
3128 5297 3333 5369 nuptiis
3377 5297 3597 5355 tollitur.
3636 5316 3658 5345 ι
3689 5294 3851 5369 Qni-

2235 5367 2339 5427 bus
2367 5370 2527 5444 locis
2557 5378 2609 5426 et
2656 5369 2777 5425 aliis
2815 5370 3138 5444 quibusdam
3175 5367 3480 5426 centirmari
3534 5385 3579 5444 ‘a_
3625 5367 3851 5439 nuptiis

2235 5440 2640 5516 continentiam,
2673 5439 2848 5516 quam’
2890 5442 3050 5500 hodie
3088 5441 3411 5516 impugnare
3456 5439 3676 5516 quidam
3721 5452 3849 5516 non

2235 5520 2504 5584 verentur,
2561 5510 2705 5571 ibidI
2746 5510 3269 5585 adnotavimusfet'
3300 5514 3393 5571 lib.
3446 5512 3522 5573 De
3578 5510 3855 5574 vetandi:

2246 5585 2454 5662 Virgin.
2486 5588 2622 5647 etde
2646 5587 2818 5647 Cultu
2843 5587 3051 5663 famin.
3072 5602 3119 5648 c.
3144 5590 3197 5647 9.
3228 5586 3366 5645 Pan.
