4032 6152
235 342 321 402 3m
1458 339 1588 400 LlB.
1632 342 1653 401 l
1694 340 1860 400 ADV.
1904 335 2308 407 MARCIONEM.

3415 369 3518 428 302

232 471 344 534 dus,
375 469 467 523 cui
505 483 629 522 caro
668 465 901 520 ministri
921 467 1139 522 nomine
1169 467 1640 524 nccurrit.Carens
1671 469 1825 522 deei-
1860 485 1906 562 Α
1939 472 2118 541 modo,
2150 490 2335 530 verum
2365 482 2420 530 et
2448 477 2580 533 sola.
2605 479 2718 533 Jam
2740 481 2880 537 enim
2909 494 2960 541 et
3015 487 3116 542 hoc
3174 489 3365 547 discuti
3425 512 3520 565 par

233 575 326 630 que
355 557 540 612 anima
569 572 716 622 caro,
750 557 1009 613 hactenus
1030 565 1234 628 peccat.
1260 558 1339 610 Ita
1366 565 1419 613 et
1450 557 1506 613 in
1553 559 1655 612 hoc
1688 557 1828 628 inju-

233 657 301 703 sta
329 645 565 710 bonitas,
592 653 644 700 et
673 647 754 700 sic
778 660 995 717 quoque
1019 645 1365 716 imperfecta;
1399 646 1825 702 innocentiorem

231 735 576 792 substantiam
622 733 938 804 relinquens
995 734 1050 788 in
1091 733 1333 804 exilium,
1382 735 1666 806 obsequio,
1718 749 1827 790 non

231 826 449 882 arbitrio
485 825 892 895 delinquentem
927 842 939 876 :
975 825 1132 893 cujus
1161 823 1412 879 Christus
1460 826 1559 880 etsi
1603 840 1709 879 non
1739 825 1824 880 in-

231 917 332 971 duit
359 915 666 983 veritatem,
699 921 756 966 ut
810 920 915 968 tuae
946 913 1139 968 haeresi
1183 913 1353 969 visum
1393 921 1494 979 est,
1536 913 1824 986 imaginem

233 1015 396 1060 tamen
431 1006 558 1074 ejus
587 1002 771 1056 subire
800 1001 1054 1073 dignatus
1098 1009 1198 1058 est.
1234 1002 1412 1070 Ipsum
1444 1002 1586 1072 quod
1627 1003 1824 1057 menti-

229 1102 304 1150 tus
345 1103 430 1148 est
485 1093 656 1163 illam,
697 1090 896 1161 aliquid
939 1089 986 1145 ei
1035 1090 1219 1145 debuit
1265 1090 1315 1126 ²ο
1358 1090 1634 1145 debuisse.
1685 1089 1826 1160 Quid

230 1191 305 1238 est
331 1190 521 1237 autem
551 1181 717 1234 homo
758 1178 903 1233 aliud
944 1195 1106 1250 quam
1151 1179 1321 1235 caro?
1352 1179 1406 1233 Si
1453 1179 1671 1249 quidem
1719 1195 1824 1234 no-

231 1288 339 1327 men
399 1268 665 1335 hominis,
725 1266 946 1322 materia
1001 1265 1318 1338 corporalis,
1379 1282 1488 1320 non
1560 1266 1822 1335 animalis,

232 1365 289 1418 ab
323 1367 556 1416 auctore
585 1357 773 1414 sortita
798 1365 880 1412 est
911 1375 926 1409 :
961 1358 1030 1412 Et
1064 1357 1202 1427 fecit
1235 1358 1520 1416 hominem
1539 1359 1701 1422 Deus,
1736 1357 1824 1412 in-

225 1462 328 1534 quit
367 1462 530 1529 (Gen.
556 1458 639 1527 tt).
677 1457 877 1512 limum
901 1455 966 1510 de
988 1458 1164 1520 terra,
1206 1469 1316 1511 non
1345 1455 1612 1526 animam;
1646 1455 1826 1510 anima

225 1554 354 1608 enim
387 1550 462 1604 de
490 1546 676 1602 afﬂatu
705 1546 821 1618 (80)
845 1563 859 1601 :
897 1546 970 1601 Et
985 1547 1176 1617 factus
1195 1548 1277 1602 est
1299 1545 1459 1604 homo
1488 1547 1551 1602 in
1570 1547 1825 1601 animum

224 1644 423 1698 vivam.
478 1636 661 1707 Quis?
689 1635 878 1707 utique
913 1636 1003 1708 qui
1057 1636 1122 1689 de
1152 1633 1303 1691 limo.
1337 1636 1408 1690 Et
1450 1637 1641 1707 posuit
1677 1637 1821 1694 Deus

223 1731 507 1787 hominem
539 1728 605 1782 in
619 1725 907 1798 paradiso,
949 1724 1095 1797 quod
1125 1723 1298 1793 ﬁnxit,
1330 1738 1437 1779 non
1464 1724 1609 1798 quod
1637 1723 1819 1796 flavit;

223 1820 306 1892 qui
350 1833 482 1876 caro
519 1830 688 1886 nunc,
739 1828 849 1870 non
888 1813 980 1886 qui
1017 1814 1221 1870 anima.
1271 1814 1476 1886 Itaque,
1519 1814 1565 1870 si
1601 1813 1672 1868 ita
1716 1823 1820 1883 est,

224 1924 328 1982 quo
384 1922 482 1962 ore
541 1904 836 1962 contendes
904 1901 1202 1974 perfectum
1260 1902 1516 1958 bonitatis
1585 1903 1820 1975 titulum,

233 2013 350 2070 quae
398 2010 504 2050 non
551 1995 658 2065 jam
699 2009 731 2048 a
790 1991 1072 2066 partitione
1127 1992 1346 2064 speciali
1395 1989 1626 2047 hominis
1683 1993 1822 2051 libe-

230 2085 382 2144 randi
411 2083 624 2153 defecit,
673 2083 769 2138 sed
814 2098 845 2137 a
879 2081 1201 2154 preprietate
1247 2081 1539 2153 generali?
1571 2080 1629 2135 Si
1671 2082 1826 2152 plena

222 2184 304 2231 est
345 2173 523 2248 gratia
576 2181 630 2228 et
687 2172 862 2228 solida
908 2169 1275 2226 misericordia
1320 2184 1440 2240 quae
1489 2169 1588 2224 soli
1633 2170 1825 2225 animae

222 2263 463 2319 salutaris
500 2270 607 2330 est,
650 2262 774 2332 plus
802 2267 1017 2331 prastat
1065 2261 1179 2314 lucc
1219 2259 1343 2330 vita,
1371 2274 1479 2330 qua
1519 2257 1611 2314 toti
1640 2267 1694 2314 et
1735 2261 1827 2314 in-

222 2352 349 2425 tegri
379 2351 640 2408 fruimur.
692 2350 980 2419 Caeterum,
1024 2363 1091 2403 ex
1145 2355 1292 2419 parte
1334 2362 1642 2421 resurgere,
1681 2347 1826 2402 mul-

225 2438 342 2496 ctari
400 2437 532 2506 erit,
596 2452 709 2493 non
770 2435 1005 2491 liberari.
1078 2434 1202 2489 Erat
1276 2441 1331 2488 et
1393 2433 1522 2488 illud
1577 2435 1826 2505 perfectae

229 2528 491 2594 bonitatis,
532 2533 598 2582 ut
644 2526 808 2580 homo
848 2523 1104 2580 liberatus
1151 2521 1206 2576 in
1253 2521 1411 2578 fidem
1470 2522 1571 2578 Dei
1615 2524 1825 2596 optimi,

228 2618 387 2672 statim
416 2617 760 2672 eximeretur
788 2612 854 2669 de
885 2611 1158 2668 domicilio
1209 2619 1366 2682 atque
1413 2611 1692 2667 dominatu
1739 2613 1828 2673 dei

225 2707 355 2761 saevi.
402 2706 482 2760 At
511 2718 658 2758 nunc
696 2710 749 2759 et
784 2701 1080 2772 febricitas,
1114 2715 1146 2756 ο
1193 2699 1527 2768 Marcionita,
1574 2708 1628 2756 et
1665 2710 1827 2757 caete-

225 2811 306 2848 res
355 2793 594 2849 tribulos
635 2798 688 2846 et
746 2791 930 2860 spinas
972 2789 1130 2844 dolor
1176 2791 1353 2844 carnis
1403 2800 1507 2845 tuae
1539 2789 1632 2846 tibi
1678 2791 1824 2856 edit;

226 2903 314 2941 nec
342 2883 668 2941 fulminibus
700 2889 926 2948 tantum,
958 2888 1055 2936 aut
1091 2879 1262 2944 bellis,
1296 2890 1348 2935 et
1373 2879 1645 2951 pestibus,
1675 2879 1828 2934 aliis-

222 2993 324 3046 que
362 2974 544 3048 plagis
585 2970 874 3035 Creatoris,
908 2970 1003 3027 sed
1035 2977 1089 3025 et
1129 2969 1358 3041 scorpiis
1389 2970 1507 3039 ejus
1545 2971 1825 3040 objectus;

1937 571 2038 630 est,
2081 579 2147 655 an
2179 564 2323 620 Deus
2343 566 2412 621 de
2438 568 2550 622 sola
2577 568 2810 625 bonitate
2841 577 3144 632 censendus
3170 580 3260 646 sit,
3311 564 3521 655 negatis

1933 652 2138 707 caeteris
2185 655 2589 728 appendicibus,
2649 660 2896 716 sensibus
2943 665 3057 736 (81)
3113 676 3166 721 et
3216 652 3516 740 affectibus,

1932 756 2073 811 quos
2129 743 2454 802 Marcionitae
2511 747 2724 819 quidem
2784 766 2813 804 a
2859 751 2964 806 deo
3005 769 3106 810 suo
3137 758 3420 830 ambigunt
3467 764 3520 816 in

1934 830 2262 900 Creatorem,
2295 851 2394 890 nos
2431 852 2558 891 vero
2589 846 2640 892 et
2679 840 3017 911 agnoscimus
3064 844 3116 898 in
3151 845 3424 912 Creatore,
3466 862 3522 906 ut

1932 920 2043 973 Deo
2063 919 2276 993 dignos.
2311 923 2374 977 Et
2408 939 2473 979 ex
2504 926 2607 980 hoc
2635 943 2852 1000 quoque
2884 932 3204 1001 negabimus
3245 936 3292 973 ²¹ι
3322 938 3518 1004 Deum,

1936 1008 1986 1062 in
2017 1025 2122 1079 quo
2157 1027 2264 1065 non
2293 1012 2472 1068 omnia
2503 1031 2621 1086 quae
2675 1017 2786 1072 Deo
2822 1019 2985 1090 digna
3045 1031 3189 1089 sunt,
3249 1035 3519 1083 constent.

1934 1096 1990 1152 Si
2020 1097 2249 1170 aliquem
2278 1101 2346 1156 de
2377 1103 2591 1172 Epicuri
2633 1107 2817 1161 schola
2857 1109 3026 1164 Deum
3081 1113 3190 1182 (S2)
3249 1113 3524 1174 affectavit

1934 1185 2128 1242 Christi
2174 1189 2393 1245 nomine
2441 1192 2673 1260 titulare,
2711 1204 2767 1250 ut
2822 1197 2966 1267 quod
2999 1199 3215 1256 beatum
3263 1211 3318 1259 et
3350 1203 3528 1262 incor-

1933 1273 2186 1366 ruptibile
2236 1277 2324 1344 sit,
2359 1295 2535 1350 neque
2566 1280 2689 1348 sibi,
2735 1299 2914 1355 neque
2954 1286 3045 1340 alii
3078 1289 3356 1346 molestias
3385 1311 3527 1366 prae-

1934 1368 2040 1416 stet
2097 1363 2260 1432 (hanc
2327 1367 2472 1421 enim
2526 1370 2845 1426 sententiam
2912 1375 3189 1433 ruminans
3236 1363 3472 1438 Marcion
3508 1425 3523 1450 ,

1934 1451 2158 1509 removit
2179 1453 2246 1507 ab
2274 1453 2364 1510 illo
2397 1458 2716 1514 severitates
2745 1466 2799 1513 et
2838 1461 3152 1529 judiciarias
3210 1468 3377 1542 vires)
3433 1481 3529 1529 aut

1933 1541 1987 1595 in
2033 1547 2200 1595 totum
2252 1542 2579 1600 immobilem
2627 1556 2679 1602 et
2737 1556 3034 1621 stupentem
3093 1554 3266 1611 Deum
3324 1541 3528 1617 cence-

1933 1628 2082 1700 pisse
2113 1629 2372 1686 debuerat
2414 1650 2428 1702 ;
2471 1643 2521 1687 et
2549 1633 2678 1707 quid
2708 1635 2788 1691 illi
2836 1654 2956 1694 cum
3007 1641 3240 1712 Christo,
3293 1648 3526 1706 molesto

1932 1725 1986 1774 et
2011 1717 2212 1772 Judaeis
2242 1735 2339 1790 per
2365 1719 2742 1791 doctrinam,et
2771 1725 2872 1780 sibi
2902 1744 3000 1798 per
3030 1746 3253 1788 sensum
3293 1735 3341 1773 2⁵
3380 1739 3408 1793 ‘I
3436 1748 3529 1794 aut

1932 1811 1987 1859 et
2013 1805 2080 1859 de
2109 1805 2317 1860 caeteris
2364 1807 2600 1863 motibus
2638 1826 2760 1865 eum
2790 1815 3082 1884 agnovisse
3114 1819 3183 1886 26,
3208 1827 3261 1874 et
3292 1823 3420 1893 quid
3451 1825 3528 1880 illi

1931 1909 2056 1950 cum
2081 1893 2337 1964 Epicuro,
2398 1913 2498 1952 nec
2545 1897 2647 1954 sibi
2677 1915 2774 1956 nec
2817 1901 3134 1961 Christianis
3165 1912 3472 1970 necessario
3502 1916 3530 1970 ?

1933 1983 2078 2038 Ecce
2109 1983 2252 2037 enim
2292 1984 2394 2041 hoc
2439 1985 2556 2057 ipso
2613 1989 2759 2059 quod
2821 1998 2966 2048 retro
3021 1995 3259 2066 quietus,
3291 1999 3383 2070 qui
3429 2017 3533 2059 nec

1934 2071 2183 2128 notitiam
2229 2074 2313 2164 sui
2352 2075 2532 2147 aliquo
2579 2077 2790 2134 interim
2837 2097 3000 2151 opere
3056 2089 3344 2157 curaverit,
3403 2100 3530 2164 post

1936 2169 2142 2253 tantum
2186 2163 2290 2217 aevi
2345 2166 2574 2220 senserit
2631 2167 2684 2222 in
2737 2170 2970 2226 hominis
3015 2174 3280 2242 salutem,
3345 2163 3531 2253 utique

1935 2265 2031 2320 per
2060 2249 2408 2321 voluntatem,
2440 2269 2620 2310 nonne
2647 2259 3025 2314 concussibilis
3073 2271 3199 2319 tunc
3231 2265 3332 2321 fuit
3380 2249 3533 2327 novas

1933 2339 2216 2407 voluntati,
2249 2349 2306 2396 ut
2332 2350 2384 2398 et
2431 2345 2638 2400 caeteris
2670 2347 2906 2403 motibus
2937 2349 3184 2408 videatur
3213 2355 3480 2414 obnoxius
3505 2360 3535 2417 ?

1935 2427 2069 2498 Quae
2099 2440 2279 2485 autem
2301 2431 2550 2488 voluntas
2571 2435 2688 2492 sine
2708 2437 3160 2508 concupiscentiae
3179 2443 3394 2502 stimulo
3418 2451 3532 2504 est?

1937 2518 2046 2574 Sed
2066 2526 2120 2573 et
2149 2535 2277 2575 cura
2306 2522 2524 2578 accedet
2555 2524 2834 2580 voluntati.
2867 2526 3000 2596 Quis
3031 2530 3172 2587 volet
3193 2575 3211 2598 ,
3245 2536 3392 2605 quod
3427 2553 3536 2595 non

1937 2608 2334 2680 concupiscet?
2392 2611 2525 2682 Quis
2582 2613 2722 2669 enim
2784 2616 2930 2672 volet
2973 2619 3122 2691 quid,
3173 2630 3224 2678 et
3270 2628 3535 2698 concupi-

1938 2705 2056 2753 scet
2084 2697 2220 2769 (83),
2253 2705 2439 2756 etnon
2488 2701 2751 2758 curabit?
2781 2705 2953 2776 Igitur
2997 2724 3119 2763 cum
3169 2718 3220 2766 et
3258 2697 3459 2769 voluit,
3483 2723 3537 2771 et

1938 2787 2208 2858 concupiit
2238 2787 2292 2843 in
2330 2789 2562 2845 hominis
2613 2792 2863 2861 salutem,
2903 2795 3010 2862 jam
3060 2806 3112 2851 et
3151 2799 3254 2852 sibi
3310 2811 3361 2856 et
3419 2804 3535 2858 aliis

1937 2877 2214 2948 negotium
2244 2876 2392 2947 fecit,
2425 2877 2594 2934 277
2643 2880 2876 2951 Epicuro
2923 2884 3138 2941 nolente
3173 2929 3186 2952 ,
3220 2891 3534 2950 consiliario

1938 2965 2208 3020 Marcwne
2265 2966 2333 3022 Ἠ.
2384 2967 2520 3022 Nam
2578 2976 2631 3022 et
2677 2970 3042 3027 adversarium
3101 2976 3202 3031 sibi
3259 2982 3540 3039 constituit

225 3066 282 3119 in
320 3081 426 3134 quo
475 3074 528 3118 te
575 3072 730 3134 putas
772 3061 1058 3116 liberatum
1097 3059 1163 3116 de
1209 3073 1380 3131 regno
1411 3059 1553 3128 ejus,
1583 3059 1739 3127 cujus
1785 3067 1832 3114 te
1872 3060 1914 3138 ο
1945 3051 2115 3120 ipsum
2149 3052 2277 3143 illUd
2320 3052 2579 3143 adVersus
2624 3059 2772 3127 quod
2820 3068 2872 3114 et
2918 3064 3110 3129 voluit,
3153 3075 3208 3120 et
3261 3073 3539 3143 concupiit

235 3167 436 3206 muscae
475 3152 642 3205 adhuc
679 3150 926 3207 calcant?
956 3149 1000 3203 si
1032 3148 1100 3202 de
1127 3147 1314 3202 futuro
1363 3155 1554 3202 erutus
1603 3162 1682 3212 es,
1732 3163 1828 3203 cur

228 3255 339 3294 non
370 3247 425 3294 et
455 3239 523 3294 de
551 3239 815 3309 praesenti,
865 3244 924 3294 ut
953 3237 1186 3310 perfecte
1223 3237 1318 3292 21?
1349 3237 1470 3291 Alia
1520 3245 1600 3291 est
1647 3244 1828 3292 nostra

223 3327 398 3386 276
427 3330 683 3394 conditio,
717 3329 855 3399 apud
894 3335 1185 3390 auctorem,
1214 3326 1355 3396 apud
1389 3325 1651 3396 judicem,
1684 3324 1824 3397 apud

223 3418 490 3475 offensum
545 3419 843 3490 principem
886 3416 1124 3491 generis.
1175 3415 1254 3471 Tu
1308 3415 1676 3470 tantummodo
1720 3417 1823 3471 bo-

223 3525 346 3564 num
393 3510 562 3564 deum
592 3509 641 3545 ²²
689 3505 930 3580 praefers.
984 3491 1104 3560 Non
1151 3512 1307 3577 potes
1355 3514 1533 3560 autem
1587 3504 1823 3572 perfecte

224 3598 418 3654 bonum
460 3597 747 3655 ostendere
776 3595 845 3667 2³,
877 3610 912 3650 a
957 3610 1064 3666 quo
1111 3609 1220 3648 non
1267 3593 1499 3665 perfecte
1549 3592 1816 3649 liberaris.

788 3739 1019 3794 CAPUT
1057 3736 1238 3794 XXV.

291 3864 449 3936 Quod
512 3862 709 3920 attinet
738 3862 804 3918 ad
843 3862 1097 3922 bonitatis
1140 3859 1516 3935 quaestionem,
1549 3860 1634 3917 his
1663 3859 1824 3918 lineis

228 3956 542 4012 deduximus
596 3970 715 4010 eam
766 3953 988 4010 minime
1036 3954 1154 4009 Deo
1202 3952 1495 4023 adaequari,
1543 3961 1600 4006 ut
1648 3967 1823 4024 neque

229 4044 534 4119 ingenitam,
597 4060 768 4117 neque
841 4044 1183 4114 rationalem,
1250 4057 1429 4113 neque
1495 4041 1820 4114 perfectam;

227 4136 311 4191 sed
339 4145 391 4191 et
428 4135 759 4208 improbam,
791 4141 848 4189 et
877 4135 1152 4204 injustam,
1194 4139 1247 4190 et
1295 4133 1413 4202 ipso
1445 4130 1557 4201 jam
1606 4133 1820 4187 bonita-

227 4223 291 4278 tis
315 4227 537 4281 nomine
565 4224 880 4298 indignam:
911 4223 1056 4296 quod
1085 4222 1290 4278 scilicet
1318 4220 1373 4277 in
1420 4227 1677 4294 quantum
1707 4221 1821 4277 Deo

226 4323 504 4387 congruat,
555 4313 612 4369 in
675 4321 883 4369 tantum
940 4313 1112 4370 Deum
1167 4325 1279 4367 non
1335 4323 1460 4366 esse
1512 4309 1816 4376 conveniat,

221 4402 310 4474 qui
351 4405 420 4459 de
465 4403 559 4460 tali
603 4401 845 4459 bonitate
887 4401 1047 4458 etiam
1095 4399 1414 4473 perferatur,
1449 4413 1550 4454 nec
1609 4398 1677 4453 de
1726 4396 1820 4452 tali

1936 3153 1988 3203 et
2017 3140 2243 3211 curavit,
2303 3140 2419 3194 sive
2472 3141 2746 3209 delictum,
2780 3146 2894 3200 sive
2934 3161 3158 3205 mortem
3195 3172 3210 3219 ;
3262 3140 3529 3228 imprimis

1934 3237 2115 3308 ipsum
2144 3230 2404 3285 arbitrum
2435 3245 2647 3296 eorum,
2689 3240 2741 3286 et
2791 3232 3065 3290 dominum
3097 3239 3336 3297 hominis
3367 3245 3530 3299 Crea-

1934 3336 2124 3382 torem.
2152 3322 2338 3387 Porro,
2371 3319 2502 3372 nihil
2531 3319 2645 3374 sine
2701 3322 3042 3381 aemulatione
3074 3326 3348 3396 decurrat,
3385 3335 3531 3404 quod

1895 3416 2050 3470 ~sine
2082 3407 2394 3466 adversario
2433 3423 2543 3463 non
2587 3409 2706 3464 erit.
2759 3410 3004 3483 Denique
3035 3416 3250 3483 volens,
3300 3428 3352 3475 et
3397 3436 3528 3478 con.

1933 3503 2227 3574 cupiscens,
2262 3506 2316 3554 et
2340 3514 2534 3554 curans
2590 3498 2860 3554 hominem
2909 3500 3144 3558 liberare
3177 3547 3192 3576 ,
3248 3505 3354 3562 hoc
3411 3509 3529 3580 ipso

1928 3592 2043 3662 jam
2076 3589 2379 3652 aemulatur,
2412 3595 2465 3641 et
2494 3602 2622 3643 eum
2651 3603 2681 3641 a
2728 3588 2778 3624 28
2831 3604 2937 3660 quo
2984 3589 3179 3648 liberat
3208 3613 3223 3662 ;
3267 3597 3527 3655 adversus

1932 3698 2054 3736 eum
2096 3678 2297 3735 scilicet
2329 3676 2432 3730 sibi
2461 3675 2784 3732 liberaturus
2816 3694 2832 3745 ;
2873 3686 2927 3734 et
2972 3694 3039 3734 ea
3067 3680 3134 3736 de
3165 3682 3364 3755 quibus
3396 3685 3532 3742 libe-

1934 3779 2037 3842 rat,
2086 3770 2142 3824 in
2200 3767 2307 3824 alia
2356 3765 2696 3823 liberaturus.
2738 3767 2969 3824 Proinde
3005 3770 3146 3825 enim
3206 3775 3531 3834 aemulationi

1931 3866 2256 3916 concurrant
2301 3856 2350 3895 29
2407 3871 2630 3912 necesse
2676 3864 2759 3912 est
2789 3855 3042 3914 ofﬁciales
3073 3876 3184 3915 suae
3214 3861 3269 3918 in
3298 3877 3363 3920 ea
3407 3882 3528 3937 quae

1933 3950 2236 4014 tumulatur,
2269 3947 2371 4014 ira,
2395 3943 2666 4001 discordia
2690 3989 2704 4017 ,
2755 3947 2959 4015 odium,
3011 3947 3345 4023 dedignatio,
3388 3953 3533 4010 indi-

1931 4038 2140 4113 gnatio,
2178 4036 2301 4091 bilis
2329 4036 2398 4106 30,
2448 4034 2717 4106 uolentia,
2751 4034 2984 4091 offensa.
3017 4037 3154 4094 Hmc
3199 4040 3380 4097 omnia
3403 4084 3416 4110 ,
3479 4045 3524 4100 si

1931 4125 2262 4184 mmulationi
2315 4123 2630 4191 adsistunt,
2690 4125 2962 4181 aemulatio
3019 4135 3194 4184 autem
3249 4130 3529 4191 liberando

1928 4215 2134 4276 homini
2152 4225 2410 4286 procurat
2443 4233 2458 4282 ;
2509 4215 2751 4271 liberatio
2779 4225 2958 4272 autem
2996 4217 3233 4272 hominis
3279 4223 3526 4292 operatio

1928 4304 2180 4364 bonitatis
2209 4311 2310 4372 est,
2340 4319 2445 4358 non
2483 4305 2683 4374 poterit
2714 4319 2777 4360 ea
2822 4304 3036 4363 bonitas
3067 4306 3186 4364 sine
3234 4310 3348 4365 suis
3377 4311 3524 4368 doti-

1926 4396 2049 4464 bus,
2082 4395 2136 4452 id
2166 4399 2249 4449 est
2276 4392 2392 4450 sine
2413 4393 2664 4449 sensibus
2692 4401 2744 4449 et
2773 4393 3073 4468 affectibus,
3103 4413 3204 4470 per
3231 4417 3369 4473 quos
3418 4405 3523 4460 ad-

1591 4522 1783 4585 Varim
1827 4525 2139 4586 lectiones.

286 4633 335 4672 ³ο
363 4633 734 4710 Habuitulun.
782 4633 947 4710 debui
1002 4633 1127 4710 alii.
1161 4631 1223 4710 _3l
1271 4630 1358 4710 Sis
1404 4628 2270 4710 add.___Seml.n_23__Deum.abest
2305 4627 2477 4710 Itan;
2536 4626 2587 4666 2³
2623 4627 2797 4710 _Deu_m
2827 4627 3207 4710 addi{_Rhen.
3233 4635 3296 4710 3i
3328 4634 3518 4710 Nega-

220 4719 335 4760 mus
361 4708 502 4762 Jun,
551 4705 810 4760 251esum
859 4706 1032 4761 Rhe‘n.
1065 4705 1114 4742 26
1141 4703 1472 4774 Agnovisset
1525 4703 1723 4760 Wouw.
1759 4701 1803 4738 2⁷
1845 4699 2130 4756 Marcionis
2165 4700 2294 4757 alii.
2339 4700 2389 4736 28
2427 4699 2558 4754 Cum
2603 4702 2670 4756 de
2729 4701 2900 4759 Rhen.
2957 4703 3173 4762 Obert/t.
3229 4708 3278 4746 1’9
3316 4699 3518 4768 Occuur-

216 4787 331 4833 rant
359 4778 600 4845 Semler,
640 4777 857 4833 Oberth.
892 4777 942 4814 30
970 4775 1322 4848 lndignabilis
1352 4774 1528 4831 Rhen.

1614 4900 2111 4964 Commentarius.

279 5033 395 5101 (80)
427 5029 636 5087 Anima
665 5027 818 5101 enim
848 5027 914 5084 de
938 5027 1165 5101 afﬂatu.
1206 5023 1439 5101 Vulgare
1456 5031 1547 5101 est
1583 5033 1820 5101 etyn_:_um

279 5039 395 5101 (80)
427 5039 636 5087 Anima
665 5043 818 5084 enim
848 5039 914 5084 de
938 5039 1165 5096 amat-tt.
1214 5039 1306 5081 Vut
1349 5039 1439 5082 are
1464 5039 1547 5081 est
1583 5039 1819 5096 etymum

205 5103 451 5157 animam
503 5117 622 5156 esse
665 5100 860 5155 dictam
887 5099 1039 5170 quasi
1085 5099 1286 5170 ἄνεμον.
1312 5039 1474 5167 δηθὰ
1519 5098 1657 5152 forte
1693 5099 1819 5153 Ter-

204 5174 468 5229 tullianus
499 5173 555 5226 in
583 5180 758 5226 mente
788 5169 1034 5226 habebat.
1075 5169 1153 5224 LE
1178 5169 1278 5224 Pa.

277 5245 633 5315 (SiM'egatis
690 5243 909 5315 caeteris
955 5241 1353 5315 appendicibus
1381 5284 1396 5313 ,
1438 5255 1675 5315 sensus,
1709 5246 1814 5298 etc.

199 5311 408 5372 Prémit
474 5311 563 5370 hic
627 5311 1391 5383 Marcionemfadhibetque'
1426 5311 1815 5383 appellationes

199 5331 408 5372 rremtt
476 5331 563 5370 mc
627 5331 972 5378 atarctonem,
1030 5331 1360 5383 auntoetque
1426 5331 1458 5366 a
1500 5331 1815 5382 peuauones

197 5386 323 5444 illas
348 5402 496 5460 quas
525 5384 894 5460 adsciscebant
932 5385 1216 5460 Marcionis
1243 5331 1512 5455 diseipuii),
1545 5393 1604 5438 ut
1643 5383 1816 5439 Deum

195 5455 512 5517 creatorem
547 5471 749 5513 saevum
779 5455 1042 5514 dicerent.
1073 5457 1152 5514 La
1182 5456 1280 5511 Pa.

273 5529 400 5602 (82)
433 5530 494 5604 Si
511 5529 762 5604 aliquem
793 5527 1117 5604 deEpicurt’
1145 5527 1338 5586 schola
1363 5527 1561 5604 Deum.
1585 5527 1812 5604 Nempe,

194 5598 293 5659 uti'
329 5598 622 5673 sequitur;
650 5598 1115 5673 immobilimhet
1159 5601 1501 5673 stupentem.
1552 5598 1816 5673 acsicuti,

197 5689 327 5750 cap.
374 5669 474 5746 26,
507 5669 1137 5751 διαρίἀὶεείτηανηέριιο
1155 5669 1392 5749 pertinet
1418 5669 1719 5730 etiamillud
1747 5671 1818 5732 de

1931 5024 2064 5104 ρος),
2099 5022 2242 5093 quod
2265 5020 2563 5104 sequitur:
2600 5044 2626 5076 ε(
2655 5023 2944 5099 Negotium
2969 5036 3020 5086 et
3049 5027 3151 5086 sibi
3171 5039 3223 5089 et
3251 5033 3368 5093 aliis
3389 5036 3515 5096 fecit

1927 5095 2162 5166 Epicuro
2189 5094 2424 5151 nolente.
2463 5116 2486 5145 ι
2511 5095 2658 5153 Pan.

2007 5169 2116 5248 (83)
2156 5168 2628 5248 Qu§s_volet,quod
2671 5187 2785 5248 non
2814 5177 3190 5248 concupiscet,
3221 5187 3323 5235 etc.
3367 5181 3515 5240 Istud

1923 5239 2155 5318 deletum
2185 5239 2508 5318 a__Rl1e_nano
2530 5283 2543 5307 ,
2594 5241 2870 5318 quianon
2915 5239 3216 5304 habebatur
3283 5253 3335 5306 in
3379 5254 3516 5310 Gor-

1925 5309 2092 5392 ziensi
2123 5309 2333 5392 codice,
2360 5310 2553 5392 iterum
2589 5309 2874 5392 adjicimus
2904 5319 3179 5392 engatic.
3214 5339 3275 5378 ιι.
3310 5309 3412 5380 ms.
3442 5309 3514 5381 eo

1924 5382 2071 5465 quod
2099 5381 2166 5465 ad
2190 5383 2612 5465 explicationem
2642 5381 2927 5465 pertineat.
2973 5390 3100 5447 Sive
3157 5402 3332 5449 autem
3387 5411 3513 5451 cum

1923 5453 2118 5536 iisdem
2149 5453 2234 5508 bis
2265 5453 2434 5536 legas,
2457 5453 2918 5536 concypz'vitﬁive
2959 5477 3083 5536 cum
3113 5465 3346 5536 eacusis,
3381 5483 3516 5524 con-

1924 5528 2124 5609 cupiit,
2185 5527 2402 5596 perinde
2431 5535 2532 5609 est.
2583 5527 2719 5609 Sunt
2745 5527 2922 5587 autem
2978 5527 3344 5609 Tertullianea
3383 5537 3517 5609 ofﬁ-

1924 5599 2300 5686 ςὶαῑςθξῂδαςιξε⁸
2320 5600 2714 5686 squamatum.
2747 5617 2932 5686 quam,
2979 5603 3165 5686 inquit
3211 5599 3520 5684 Bhenanus,

1925 5620 2276 5679 mawsosuw,
2326 5620 2388 5653 ac
2422 5620 2714 5682 ῖιοιεηιιαη
2747 5620 2932 5686 quam,
2979 5620 3035 5658 ιη
3078 5620 3154 5662 υιῑ
3211 5620 3266 5661 ﬂ]

1925 5677 2152 5746 Opponit
2177 5668 2444 5728 voluntati
2473 5685 2534 5727 ac
2561 5671 2778 5730 homzm
2791 5620 3083 5750 procura:
3126 5676 3266 5740 Pu.
